2020-11-26,15:00:00.005000,13839,13840,13839,65
2020-11-26,15:00:00.008000,13839,13840,13839,11
2020-11-26,15:00:00.008000,13839,13840,13838,5
2020-11-26,15:00:00.008000,13839,13840,13837,3
2020-11-26,15:00:00.008000,13839,13840,13836,6
2020-11-26,15:00:00.008000,13839,13840,13835,8
2020-11-26,15:00:00.008000,13839,13840,13834,2
2020-11-26,15:00:00.008000,13839,13840,13833,16
2020-11-26,15:00:00.008000,13839,13840,13832,5
2020-11-26,15:00:00.008000,13839,13840,13831,29
2020-11-26,15:00:00.008000,13839,13840,13830,7
2020-11-26,15:00:00.008000,13839,13840,13829,1
2020-11-26,15:00:00.008000,13839,13840,13828,7
2020-11-26,15:00:00.008000,13839,13840,13828,7
2020-11-26,15:00:00.008000,13839,13840,13827,5
2020-11-26,15:00:00.008000,13839,13840,13826,14
2020-11-26,15:00:00.008000,13839,13840,13825,9
2020-11-26,15:00:00.008000,13839,13840,13824,6
2020-11-26,15:00:00.008000,13839,13840,13823,1
2020-11-26,15:00:00.008000,13839,13840,13822,1
2020-11-26,15:00:00.008000,13839,13840,13821,16
2020-11-26,15:00:00.008000,13839,13840,13840,2
2020-11-26,15:00:00.009000,13839,13840,13821,9
2020-11-26,15:00:00.009000,13839,13840,13820,11
2020-11-26,15:00:00.009000,13839,13840,13819,4
2020-11-26,15:00:00.009000,13839,13840,13818,1
2020-11-26,15:00:00.009000,13839,13840,13816,3
2020-11-26,15:00:00.009000,13839,13840,13815,1
2020-11-26,15:00:00.049000,13816,13840,13816,1
2020-11-26,15:00:00.053000,13816,13840,13839,1
2020-11-26,15:00:00.110000,13829,13840,13829,10
2020-11-26,15:00:00.110000,13829,13840,13816,2
2020-11-26,15:00:00.110000,13829,13840,13815,12
2020-11-26,15:00:00.110000,13829,13840,13814,4
2020-11-26,15:00:00.110000,13829,13840,13813,1
2020-11-26,15:00:00.110000,13829,13840,13812,4
2020-11-26,15:00:00.110000,13829,13840,13811,5
2020-11-26,15:00:00.110000,13829,13840,13810,7
2020-11-26,15:00:00.110000,13829,13840,13809,2
2020-11-26,15:00:00.163000,13829,13840,13827,3
2020-11-26,15:00:00.199000,13829,13840,13830,1
2020-11-26,15:00:00.199000,13829,13840,13831,1
2020-11-26,15:00:00.209000,13829,13840,13833,1
2020-11-26,15:00:00.213000,13829,13840,13840,1
2020-11-26,15:00:00.231000,13829,13840,13840,1
2020-11-26,15:00:00.233000,13829,13840,13829,1
2020-11-26,15:00:00.238000,13825,13836,13836,2
2020-11-26,15:00:00.273000,13825,13836,13830,1
2020-11-26,15:00:00.283000,13825,13836,13836,1
2020-11-26,15:00:00.315000,13825,13836,13836,1
2020-11-26,15:00:00.358000,13825,13836,13840,1
2020-11-26,15:00:00.375000,13828,13840,13839,1
2020-11-26,15:00:00.375000,13828,13840,13840,2
2020-11-26,15:00:00.377000,13828,13840,13841,1
2020-11-26,15:00:00.401000,13828,13840,13841,3
2020-11-26,15:00:00.432000,13828,13840,13841,1
2020-11-26,15:00:00.442000,13828,13840,13842,1
2020-11-26,15:00:00.444000,13828,13840,13842,3
2020-11-26,15:00:00.448000,13828,13840,13843,1
2020-11-26,15:00:00.466000,13828,13840,13843,1
2020-11-26,15:00:00.466000,13828,13840,13844,2
2020-11-26,15:00:00.492000,13828,13844,13844,1
2020-11-26,15:00:00.586000,13828,13844,13828,1
2020-11-26,15:00:00.626000,13827,13840,13840,1
2020-11-26,15:00:00.626000,13827,13840,13841,1
2020-11-26,15:00:00.629000,13827,13840,13841,1
2020-11-26,15:00:00.648000,13827,13840,13844,1
2020-11-26,15:00:00.659000,13827,13840,13844,1
2020-11-26,15:00:00.788000,13828,13840,13840,1
2020-11-26,15:00:01.029000,13833,13839,13834,1
2020-11-26,15:00:01.029000,13833,13839,13833,2
2020-11-26,15:00:01.094000,13833,13839,13835,1
2020-11-26,15:00:01.198000,13834,13838,13834,2
2020-11-26,15:00:01.245000,13834,13838,13834,2
2020-11-26,15:00:01.302000,13834,13838,13834,1
2020-11-26,15:00:01.302000,13834,13838,13833,1
2020-11-26,15:00:01.343000,13834,13838,13834,1
2020-11-26,15:00:01.415000,13829,13834,13833,1
2020-11-26,15:00:01.443000,13829,13834,13832,1
2020-11-26,15:00:01.546000,13832,13836,13832,2
2020-11-26,15:00:01.557000,13832,13836,13831,2
2020-11-26,15:00:01.649000,13832,13836,13832,1
2020-11-26,15:00:01.649000,13832,13836,13831,1
2020-11-26,15:00:01.759000,13831,13836,13831,2
2020-11-26,15:00:01.759000,13831,13836,13830,1
2020-11-26,15:00:01.891000,13830,13836,13830,1
2020-11-26,15:00:01.971000,13830,13836,13831,1
2020-11-26,15:00:02.061000,13830,13836,13836,1
2020-11-26,15:00:02.090000,13830,13836,13831,1
2020-11-26,15:00:02.090000,13830,13836,13830,2
2020-11-26,15:00:02.203000,13830,13836,13830,1
2020-11-26,15:00:02.216000,13830,13836,13836,1
2020-11-26,15:00:02.308000,13830,13837,13831,1
2020-11-26,15:00:02.308000,13830,13837,13830,1
2020-11-26,15:00:02.340000,13830,13837,13836,1
2020-11-26,15:00:02.375000,13830,13837,13837,4
2020-11-26,15:00:02.548000,13833,13837,13833,2
2020-11-26,15:00:02.548000,13833,13837,13832,1
2020-11-26,15:00:02.779000,13834,13836,13836,1
2020-11-26,15:00:02.779000,13834,13836,13837,2
2020-11-26,15:00:03.170000,13835,13838,13838,3
2020-11-26,15:00:03.558000,13836,13839,13839,2
2020-11-26,15:00:04.142000,13836,13839,13839,1
2020-11-26,15:00:04.197000,13836,13839,13839,1
2020-11-26,15:00:04.430000,13838,13840,13838,2
2020-11-26,15:00:04.430000,13838,13840,13837,1
2020-11-26,15:00:04.532000,13837,13840,13840,7
2020-11-26,15:00:04.999000,13838,13840,13838,1
2020-11-26,15:00:04.999000,13838,13840,13837,1
2020-11-26,15:00:05.533000,13836,13838,13838,1
2020-11-26,15:00:05.834000,13836,13839,13838,1
2020-11-26,15:00:06,13836,13839,13836,1
2020-11-26,15:00:06.657000,13836,13838,13838,1
2020-11-26,15:00:06.938000,13836,13839,13838,1
2020-11-26,15:00:08.034000,13836,13838,13836,2
2020-11-26,15:00:08.275000,13833,13837,13837,1
2020-11-26,15:00:08.337000,13833,13837,13834,2
2020-11-26,15:00:08.928000,13833,13835,13835,2
2020-11-26,15:00:09.011000,13834,13837,13837,1
2020-11-26,15:00:09.090000,13834,13837,13835,2
2020-11-26,15:00:09.383000,13834,13837,13837,3
2020-11-26,15:00:09.996000,13834,13836,13836,1
2020-11-26,15:00:11.161000,13834,13835,13834,2
2020-11-26,15:00:11.360000,13834,13835,13834,2
2020-11-26,15:00:12.610000,13833,13834,13833,1
2020-11-26,15:00:13.378000,13832,13834,13832,1
2020-11-26,15:00:13.378000,13832,13834,13832,8
2020-11-26,15:00:13.485000,13831,13834,13831,1
2020-11-26,15:00:13.532000,13831,13834,13830,1
2020-11-26,15:00:13.924000,13829,13834,13829,1
2020-11-26,15:00:13.926000,13829,13834,13829,3
2020-11-26,15:00:13.944000,13829,13834,13828,1
2020-11-26,15:00:13.955000,13829,13834,13827,2
2020-11-26,15:00:13.973000,13829,13834,13826,1
2020-11-26,15:00:14.225000,13825,13831,13829,1
2020-11-26,15:00:14.429000,13826,13830,13829,1
2020-11-26,15:00:14.563000,13828,13831,13829,2
2020-11-26,15:00:14.607000,13828,13831,13831,1
2020-11-26,15:00:14.901000,13828,13830,13830,1
2020-11-26,15:00:15.665000,13829,13831,13831,1
2020-11-26,15:00:16.413000,13830,13832,13833,2
2020-11-26,15:00:16.568000,13831,13833,13831,1
2020-11-26,15:00:19.192000,13831,13833,13831,1
2020-11-26,15:00:19.452000,13831,13833,13831,1
2020-11-26,15:00:19.630000,13831,13833,13831,1
2020-11-26,15:00:20.621000,13831,13832,13831,1
2020-11-26,15:00:21.079000,13831,13832,13831,1
2020-11-26,15:00:21.377000,13831,13832,13832,1
2020-11-26,15:00:22.494000,13832,13833,13832,1
2020-11-26,15:00:22.772000,13832,13833,13832,1
2020-11-26,15:00:22.772000,13832,13833,13831,1
2020-11-26,15:00:25.377000,13832,13833,13832,1
2020-11-26,15:00:27.209000,13831,13832,13832,1
2020-11-26,15:00:27.209000,13831,13832,13833,3
2020-11-26,15:00:27.676000,13831,13833,13831,2
2020-11-26,15:00:27.772000,13832,13833,13833,3
2020-11-26,15:00:28.505000,13833,13834,13833,1
2020-11-26,15:00:29.516000,13833,13834,13833,2
2020-11-26,15:00:30.905000,13832,13833,13832,2
2020-11-26,15:00:30.985000,13832,13833,13832,1
2020-11-26,15:00:31.013000,13832,13833,13831,1
2020-11-26,15:00:31.014000,13832,13833,13831,2
2020-11-26,15:00:31.174000,13831,13832,13831,2
2020-11-26,15:00:31.382000,13831,13832,13831,2
2020-11-26,15:00:31.533000,13831,13832,13831,2
2020-11-26,15:00:31.533000,13831,13832,13831,1
2020-11-26,15:00:31.630000,13830,13832,13830,1
2020-11-26,15:00:32.256000,13830,13831,13831,1
2020-11-26,15:00:32.326000,13830,13831,13830,2
2020-11-26,15:00:32.327000,13830,13831,13830,2
2020-11-26,15:00:32.610000,13829,13830,13829,2
2020-11-26,15:00:32.611000,13829,13830,13829,1
2020-11-26,15:00:32.611000,13829,13830,13829,4
2020-11-26,15:00:32.841000,13828,13829,13829,1
2020-11-26,15:00:32.851000,13828,13829,13830,5
2020-11-26,15:00:32.950000,13828,13830,13828,1
2020-11-26,15:00:32.962000,13828,13830,13830,1
2020-11-26,15:00:33.095000,13828,13830,13828,1
2020-11-26,15:00:33.797000,13828,13830,13829,1
2020-11-26,15:00:34.014000,13828,13829,13829,2
2020-11-26,15:00:34.539000,13828,13830,13828,1
2020-11-26,15:00:34.615000,13828,13829,13829,1
2020-11-26,15:00:34.839000,13828,13830,13828,1
2020-11-26,15:00:35.095000,13828,13830,13830,1
2020-11-26,15:00:36.016000,13828,13829,13829,1
2020-11-26,15:00:36.499000,13829,13830,13830,1
2020-11-26,15:00:36.977000,13830,13831,13831,1
2020-11-26,15:00:37.672000,13830,13831,13830,1
2020-11-26,15:00:39.794000,13830,13831,13830,2
2020-11-26,15:00:40.991000,13829,13830,13830,2
2020-11-26,15:00:41.973000,13830,13831,13831,1
2020-11-26,15:00:42.289000,13830,13832,13831,1
2020-11-26,15:00:43.121000,13830,13831,13831,1
2020-11-26,15:00:43.674000,13831,13832,13831,1
2020-11-26,15:00:44.154000,13830,13832,13830,1
2020-11-26,15:00:44.604000,13830,13832,13831,1
2020-11-26,15:00:45.024000,13830,13832,13831,1
2020-11-26,15:00:47.839000,13830,13831,13831,1
2020-11-26,15:00:48.923000,13830,13831,13830,2
2020-11-26,15:00:49.485000,13830,13831,13831,3
2020-11-26,15:00:51.578000,13831,13832,13831,2
2020-11-26,15:00:51.908000,13830,13832,13832,1
2020-11-26,15:00:52.718000,13830,13832,13830,1
2020-11-26,15:00:53.385000,13830,13832,13830,1
2020-11-26,15:00:54.096000,13830,13831,13831,1
2020-11-26,15:00:54.938000,13831,13832,13832,1
2020-11-26,15:00:58.960000,13831,13832,13832,1
2020-11-26,15:00:59.528000,13831,13832,13832,1
2020-11-26,15:00:59.610000,13831,13832,13832,5
2020-11-26,15:00:59.861000,13832,13833,13833,1
2020-11-26,15:01:00.013000,13832,13833,13833,1
2020-11-26,15:01:00.036000,13832,13833,13833,1
2020-11-26,15:01:00.037000,13832,13833,13833,5
2020-11-26,15:01:00.111000,13833,13834,13834,1
2020-11-26,15:01:00.162000,13833,13834,13834,1
2020-11-26,15:01:00.254000,13833,13834,13833,1
2020-11-26,15:01:02.368000,13833,13834,13833,2
2020-11-26,15:01:02.369000,13833,13834,13833,1
2020-11-26,15:01:03.101000,13832,13833,13833,1
2020-11-26,15:01:03.101000,13832,13833,13833,1
2020-11-26,15:01:03.113000,13832,13834,13832,2
2020-11-26,15:01:03.596000,13832,13834,13833,1
2020-11-26,15:01:04.581000,13832,13834,13834,1
2020-11-26,15:01:05.927000,13832,13834,13832,2
2020-11-26,15:01:06.172000,13832,13833,13832,2
2020-11-26,15:01:07.066000,13832,13833,13833,1
2020-11-26,15:01:07.338000,13832,13833,13832,1
2020-11-26,15:01:07.458000,13832,13833,13833,2
2020-11-26,15:01:08.013000,13832,13834,13832,2
2020-11-26,15:01:09.299000,13832,13833,13833,5
2020-11-26,15:01:09.300000,13832,13833,13833,1
2020-11-26,15:01:09.560000,13832,13834,13832,1
2020-11-26,15:01:10.264000,13832,13834,13832,1
2020-11-26,15:01:13.065000,13832,13833,13832,1
2020-11-26,15:01:13.643000,13832,13833,13832,1
2020-11-26,15:01:13.784000,13832,13833,13832,1
2020-11-26,15:01:13.784000,13832,13833,13832,1
2020-11-26,15:01:13.784000,13832,13833,13832,1
2020-11-26,15:01:13.915000,13831,13832,13831,1
2020-11-26,15:01:13.929000,13831,13832,13831,1
2020-11-26,15:01:13.945000,13831,13832,13831,2
2020-11-26,15:01:13.962000,13831,13832,13831,1
2020-11-26,15:01:14.837000,13831,13832,13831,1
2020-11-26,15:01:14.837000,13831,13832,13831,1
2020-11-26,15:01:14.838000,13831,13832,13831,1
2020-11-26,15:01:15.204000,13830,13831,13830,1
2020-11-26,15:01:17.985000,13830,13831,13830,7
2020-11-26,15:01:18.110000,13829,13830,13829,1
2020-11-26,15:01:18.905000,13829,13830,13830,1
2020-11-26,15:01:18.946000,13829,13830,13829,1
2020-11-26,15:01:20.978000,13829,13830,13830,1
2020-11-26,15:01:22.999000,13829,13830,13829,4
2020-11-26,15:01:22.999000,13829,13830,13828,11
2020-11-26,15:01:23.006000,13829,13830,13829,1
2020-11-26,15:01:23.138000,13827,13829,13829,2
2020-11-26,15:01:23.274000,13828,13830,13830,2
2020-11-26,15:01:23.298000,13828,13830,13828,1
2020-11-26,15:01:23.308000,13828,13830,13828,1
2020-11-26,15:01:25.268000,13828,13830,13830,4
2020-11-26,15:01:25.268000,13828,13830,13831,1
2020-11-26,15:01:25.279000,13828,13830,13829,1
2020-11-26,15:01:25.735000,13828,13830,13830,1
2020-11-26,15:01:29.779000,13829,13830,13829,1
2020-11-26,15:01:30.926000,13829,13830,13829,1
2020-11-26,15:01:30.987000,13829,13830,13829,1
2020-11-26,15:01:32.286000,13828,13830,13830,4
2020-11-26,15:01:33.037000,13829,13831,13829,1
2020-11-26,15:01:34.498000,13829,13830,13829,1
2020-11-26,15:01:34.725000,13829,13830,13829,1
2020-11-26,15:01:35.204000,13829,13830,13829,1
2020-11-26,15:01:36.478000,13829,13830,13829,1
2020-11-26,15:01:38.664000,13828,13829,13829,1
2020-11-26,15:01:38.899000,13828,13829,13828,2
2020-11-26,15:01:41.087000,13828,13829,13829,5
2020-11-26,15:01:41.087000,13828,13829,13829,1
2020-11-26,15:01:41.419000,13828,13830,13828,1
2020-11-26,15:01:41.611000,13828,13830,13828,1
2020-11-26,15:01:42.828000,13828,13829,13828,2
2020-11-26,15:01:42.828000,13828,13829,13828,5
2020-11-26,15:01:45.183000,13827,13828,13828,1
2020-11-26,15:01:46.792000,13828,13829,13828,1
2020-11-26,15:01:47.373000,13827,13829,13827,1
2020-11-26,15:01:48.400000,13827,13828,13828,1
2020-11-26,15:01:52.866000,13827,13828,13828,2
2020-11-26,15:01:56.636000,13827,13828,13827,1
2020-11-26,15:01:57.902000,13827,13828,13828,1
2020-11-26,15:01:57.902000,13827,13828,13828,1
2020-11-26,15:01:57.902000,13827,13828,13828,1
2020-11-26,15:01:57.903000,13827,13828,13828,1
2020-11-26,15:01:58.519000,13828,13829,13828,2
2020-11-26,15:01:59.215000,13828,13829,13828,1
2020-11-26,15:02:00.696000,13828,13829,13828,4
2020-11-26,15:02:01.701000,13828,13829,13828,1
2020-11-26,15:02:03.683000,13828,13829,13828,1
2020-11-26,15:02:05.992000,13828,13829,13828,4
2020-11-26,15:02:08.522000,13828,13829,13828,5
2020-11-26,15:02:10.841000,13827,13828,13828,1
2020-11-26,15:02:11.439000,13827,13829,13827,1
2020-11-26,15:02:11.569000,13827,13829,13829,5
2020-11-26,15:02:11.616000,13828,13830,13830,1
2020-11-26,15:02:11.620000,13828,13830,13828,1
2020-11-26,15:02:12.093000,13828,13830,13828,1
2020-11-26,15:02:12.546000,13828,13830,13828,1
2020-11-26,15:02:12.837000,13828,13829,13828,1
2020-11-26,15:02:12.837000,13828,13829,13827,1
2020-11-26,15:02:13.127000,13827,13829,13829,1
2020-11-26,15:02:14.124000,13827,13829,13827,1
2020-11-26,15:02:14.616000,13827,13828,13828,1
2020-11-26,15:02:20.264000,13828,13829,13828,2
2020-11-26,15:02:22.792000,13827,13829,13827,2
2020-11-26,15:02:24.444000,13828,13829,13828,1
2020-11-26,15:02:27.722000,13828,13829,13828,1
2020-11-26,15:02:29.660000,13827,13828,13827,4
2020-11-26,15:02:32.014000,13827,13828,13828,1
2020-11-26,15:02:32.821000,13827,13828,13828,1
2020-11-26,15:02:33.750000,13828,13829,13829,4
2020-11-26,15:02:33.966000,13829,13830,13830,1
2020-11-26,15:02:36.699000,13829,13830,13829,1
2020-11-26,15:02:38.222000,13829,13830,13829,1
2020-11-26,15:02:39.148000,13829,13830,13829,1
2020-11-26,15:02:39.148000,13829,13830,13828,1
2020-11-26,15:02:43.300000,13828,13830,13829,1
2020-11-26,15:02:43.622000,13828,13829,13829,1
2020-11-26,15:02:46.845000,13828,13830,13828,2
2020-11-26,15:02:47.985000,13829,13830,13830,18
2020-11-26,15:02:48.548000,13830,13831,13830,2
2020-11-26,15:02:51.628000,13829,13830,13830,1
2020-11-26,15:02:59.256000,13829,13830,13830,1
2020-11-26,15:03:01.921000,13829,13830,13830,1
2020-11-26,15:03:02.208000,13829,13830,13829,1
2020-11-26,15:03:02.208000,13829,13830,13829,1
2020-11-26,15:03:02.210000,13829,13830,13829,1
2020-11-26,15:03:02.210000,13829,13830,13829,1
2020-11-26,15:03:02.219000,13829,13830,13829,1
2020-11-26,15:03:02.225000,13829,13830,13828,1
2020-11-26,15:03:02.238000,13828,13830,13828,1
2020-11-26,15:03:02.241000,13828,13830,13828,1
2020-11-26,15:03:02.248000,13828,13830,13828,1
2020-11-26,15:03:02.520000,13828,13829,13828,1
2020-11-26,15:03:02.965000,13828,13829,13828,4
2020-11-26,15:03:02.965000,13828,13829,13828,1
2020-11-26,15:03:08.647000,13827,13829,13829,1
2020-11-26,15:03:09.173000,13827,13829,13827,1
2020-11-26,15:03:14.667000,13828,13829,13828,1
2020-11-26,15:03:15.199000,13828,13829,13828,1
2020-11-26,15:03:16.610000,13828,13829,13828,1
2020-11-26,15:03:19.944000,13828,13829,13828,1
2020-11-26,15:03:22.042000,13827,13829,13828,1
2020-11-26,15:03:22.857000,13827,13828,13827,1
2020-11-26,15:03:23.316000,13827,13828,13827,1
2020-11-26,15:03:28.371000,13827,13828,13828,5
2020-11-26,15:03:30.504000,13827,13828,13828,1
2020-11-26,15:03:31.669000,13827,13828,13828,1
2020-11-26,15:03:31.719000,13827,13828,13828,1
2020-11-26,15:03:31.770000,13827,13828,13828,1
2020-11-26,15:03:31.770000,13827,13828,13828,1
2020-11-26,15:03:31.820000,13827,13828,13828,1
2020-11-26,15:03:33.398000,13827,13828,13828,1
2020-11-26,15:03:35.787000,13827,13828,13827,3
2020-11-26,15:03:37.662000,13827,13828,13828,2
2020-11-26,15:03:39.621000,13828,13829,13828,2
2020-11-26,15:03:39.621000,13828,13829,13827,10
2020-11-26,15:03:42.106000,13828,13829,13828,1
2020-11-26,15:03:43.394000,13828,13829,13828,2
2020-11-26,15:03:44.916000,13828,13829,13828,2
2020-11-26,15:03:46.589000,13827,13828,13828,1
2020-11-26,15:03:46.970000,13828,13829,13828,1
2020-11-26,15:03:46.973000,13828,13829,13828,1
2020-11-26,15:03:47.321000,13827,13828,13828,1
2020-11-26,15:03:48.494000,13827,13828,13828,2
2020-11-26,15:03:49.857000,13827,13828,13828,2
2020-11-26,15:03:50.673000,13828,13829,13828,1
2020-11-26,15:03:50.673000,13828,13829,13827,29
2020-11-26,15:03:51.533000,13826,13828,13828,1
2020-11-26,15:03:52.612000,13826,13828,13827,1
2020-11-26,15:03:54.359000,13826,13828,13828,1
2020-11-26,15:04:06.102000,13827,13828,13827,2
2020-11-26,15:04:06.393000,13827,13828,13828,1
2020-11-26,15:04:06.931000,13827,13828,13827,2
2020-11-26,15:04:10.110000,13827,13828,13827,2
2020-11-26,15:04:10.377000,13826,13827,13827,1
2020-11-26,15:04:11.360000,13826,13827,13826,16
2020-11-26,15:04:12.050000,13826,13827,13826,1
2020-11-26,15:04:13.105000,13825,13827,13826,2
2020-11-26,15:04:13.477000,13826,13827,13826,1
2020-11-26,15:04:13.477000,13826,13827,13825,1
2020-11-26,15:04:15.205000,13825,13827,13825,14
2020-11-26,15:04:16.381000,13824,13826,13825,1
2020-11-26,15:04:16.632000,13824,13826,13824,1
2020-11-26,15:04:16.915000,13824,13826,13824,1
2020-11-26,15:04:17.075000,13824,13826,13825,1
2020-11-26,15:04:17.208000,13824,13825,13824,2
2020-11-26,15:04:17.340000,13824,13825,13824,2
2020-11-26,15:04:17.340000,13824,13825,13824,1
2020-11-26,15:04:21.269000,13823,13825,13824,1
2020-11-26,15:04:21.825000,13824,13825,13824,2
2020-11-26,15:04:22.057000,13824,13825,13824,1
2020-11-26,15:04:22.226000,13824,13825,13824,2
2020-11-26,15:04:23.336000,13824,13825,13824,2
2020-11-26,15:04:24.065000,13823,13825,13823,1
2020-11-26,15:04:24.187000,13823,13825,13824,1
2020-11-26,15:04:24.463000,13823,13825,13823,2
2020-11-26,15:04:24.637000,13823,13824,13823,1
2020-11-26,15:04:24.821000,13823,13824,13823,2
2020-11-26,15:04:28.143000,13823,13824,13824,1
2020-11-26,15:04:28.237000,13823,13824,13823,3
2020-11-26,15:04:29.062000,13822,13824,13822,1
2020-11-26,15:04:29.590000,13822,13823,13823,1
2020-11-26,15:04:29.596000,13822,13823,13823,3
2020-11-26,15:04:31.228000,13822,13824,13823,1
2020-11-26,15:04:33.713000,13822,13824,13822,2
2020-11-26,15:04:33.966000,13822,13823,13823,1
2020-11-26,15:04:37.556000,13823,13824,13824,4
2020-11-26,15:04:37.557000,13823,13824,13824,1
2020-11-26,15:04:40.355000,13824,13826,13824,1
2020-11-26,15:04:42.535000,13825,13826,13826,1
2020-11-26,15:04:46.313000,13825,13826,13826,1
2020-11-26,15:04:53.686000,13826,13827,13826,1
2020-11-26,15:04:57.683000,13825,13826,13826,1
2020-11-26,15:04:58.021000,13825,13826,13826,1
2020-11-26,15:05:03.036000,13825,13826,13826,2
2020-11-26,15:05:04.002000,13825,13826,13825,1
2020-11-26,15:05:04.422000,13825,13826,13826,1
2020-11-26,15:05:04.952000,13825,13826,13825,1
2020-11-26,15:05:04.959000,13825,13826,13826,1
2020-11-26,15:05:05.956000,13825,13826,13825,1
2020-11-26,15:05:07.691000,13825,13826,13826,1
2020-11-26,15:05:13.520000,13825,13826,13825,2
2020-11-26,15:05:16.348000,13824,13825,13824,1
2020-11-26,15:05:22.680000,13824,13825,13824,1
2020-11-26,15:05:22.770000,13824,13825,13824,1
2020-11-26,15:05:30.440000,13824,13825,13824,2
2020-11-26,15:05:33.158000,13824,13825,13825,1
2020-11-26,15:05:33.534000,13824,13825,13824,1
2020-11-26,15:05:34.450000,13824,13825,13824,1
2020-11-26,15:05:51.391000,13824,13825,13824,1
2020-11-26,15:05:54.834000,13824,13825,13824,6
2020-11-26,15:05:56.081000,13824,13825,13824,1
2020-11-26,15:05:57.769000,13824,13825,13825,1
2020-11-26,15:05:58.341000,13824,13825,13824,1
2020-11-26,15:06:00.589000,13824,13825,13824,1
2020-11-26,15:06:01.860000,13824,13825,13825,1
2020-11-26,15:06:02.537000,13824,13825,13824,1
2020-11-26,15:06:05.155000,13824,13825,13824,1
2020-11-26,15:06:11.421000,13824,13825,13824,1
2020-11-26,15:06:13.091000,13824,13825,13824,1
2020-11-26,15:06:14.539000,13824,13825,13824,1
2020-11-26,15:06:16.681000,13824,13825,13824,1
2020-11-26,15:06:19.599000,13824,13825,13824,1
2020-11-26,15:06:21.995000,13823,13824,13823,4
2020-11-26,15:06:22.723000,13823,13824,13824,1
2020-11-26,15:06:25.875000,13823,13824,13824,2
2020-11-26,15:06:27.418000,13824,13825,13824,1
2020-11-26,15:06:27.755000,13824,13825,13824,1
2020-11-26,15:06:27.940000,13824,13825,13824,1
2020-11-26,15:06:28.339000,13824,13825,13824,1
2020-11-26,15:06:34.490000,13823,13825,13824,1
2020-11-26,15:06:41.970000,13824,13825,13824,1
2020-11-26,15:06:44.382000,13824,13825,13825,1
2020-11-26,15:06:44.382000,13824,13825,13825,1
2020-11-26,15:06:44.382000,13824,13825,13825,4
2020-11-26,15:06:44.382000,13824,13825,13825,3
2020-11-26,15:06:44.382000,13824,13825,13825,5
2020-11-26,15:06:47.259000,13824,13826,13824,1
2020-11-26,15:06:50.056000,13824,13826,13825,1
2020-11-26,15:06:53.945000,13825,13826,13825,3
2020-11-26,15:06:54.871000,13825,13826,13825,1
2020-11-26,15:07:01.366000,13824,13825,13825,1
2020-11-26,15:07:01.696000,13824,13825,13825,1
2020-11-26,15:07:02.018000,13824,13825,13825,1
2020-11-26,15:07:07.672000,13824,13825,13825,2
2020-11-26,15:07:07.679000,13824,13825,13825,1
2020-11-26,15:07:09.954000,13824,13825,13825,1
2020-11-26,15:07:11.977000,13824,13826,13826,1
2020-11-26,15:07:15.941000,13824,13825,13825,1
2020-11-26,15:07:16.882000,13824,13825,13825,2
2020-11-26,15:07:19.171000,13824,13825,13825,1
2020-11-26,15:07:28.094000,13825,13826,13825,4
2020-11-26,15:07:28.094000,13825,13826,13824,1
2020-11-26,15:07:40.168000,13824,13825,13825,2
2020-11-26,15:07:40.903000,13824,13826,13824,5
2020-11-26,15:07:47.230000,13824,13825,13825,1
2020-11-26,15:07:47.914000,13825,13826,13825,1
2020-11-26,15:07:53.476000,13825,13826,13825,1
2020-11-26,15:07:58.161000,13825,13826,13826,14
2020-11-26,15:07:58.582000,13826,13827,13827,2
2020-11-26,15:07:58.624000,13826,13827,13826,5
2020-11-26,15:07:58.648000,13826,13827,13827,2
2020-11-26,15:08:00.116000,13827,13828,13828,5
2020-11-26,15:08:02.265000,13827,13828,13827,1
2020-11-26,15:08:02.956000,13827,13828,13828,1
2020-11-26,15:08:05.845000,13827,13828,13828,3
2020-11-26,15:08:05.848000,13827,13828,13828,1
2020-11-26,15:08:07.303000,13827,13829,13828,1
2020-11-26,15:08:08.277000,13827,13828,13828,1
2020-11-26,15:08:08.299000,13827,13828,13827,1
2020-11-26,15:08:13.400000,13828,13829,13829,1
2020-11-26,15:08:15.032000,13828,13829,13829,1
2020-11-26,15:08:24.016000,13828,13829,13829,1
2020-11-26,15:08:36.512000,13828,13829,13828,3
2020-11-26,15:08:36.512000,13828,13829,13828,4
2020-11-26,15:08:38.082000,13828,13829,13829,1
2020-11-26,15:08:39.486000,13828,13829,13828,1
2020-11-26,15:08:40.819000,13828,13829,13829,1
2020-11-26,15:08:42.712000,13828,13829,13829,1
2020-11-26,15:08:44.773000,13828,13829,13828,1
2020-11-26,15:08:44.773000,13828,13829,13828,6
2020-11-26,15:08:44.773000,13828,13829,13828,9
2020-11-26,15:08:47.099000,13827,13828,13828,5
2020-11-26,15:08:47.244000,13827,13828,13828,2
2020-11-26,15:08:49.975000,13828,13829,13829,1
2020-11-26,15:08:52.350000,13828,13829,13828,1
2020-11-26,15:09:04.779000,13827,13828,13828,1
2020-11-26,15:09:04.779000,13827,13828,13828,1
2020-11-26,15:09:09.010000,13828,13829,13829,2
2020-11-26,15:09:09.011000,13828,13829,13829,2
2020-11-26,15:09:09.011000,13828,13829,13829,10
2020-11-26,15:09:14.356000,13829,13830,13829,1
2020-11-26,15:09:17.863000,13828,13829,13829,1
2020-11-26,15:09:19.267000,13829,13830,13829,1
2020-11-26,15:09:20.024000,13828,13829,13829,1
2020-11-26,15:09:20.024000,13828,13829,13830,4
2020-11-26,15:09:25.893000,13829,13830,13829,2
2020-11-26,15:09:26.338000,13828,13829,13829,1
2020-11-26,15:09:28.103000,13828,13829,13829,1
2020-11-26,15:09:28.304000,13828,13829,13829,3
2020-11-26,15:09:30.813000,13828,13829,13829,3
2020-11-26,15:09:31.203000,13828,13829,13829,1
2020-11-26,15:09:31.216000,13828,13829,13829,1
2020-11-26,15:09:48.155000,13829,13830,13830,1
2020-11-26,15:09:49.011000,13829,13830,13829,1
2020-11-26,15:09:49.398000,13829,13830,13829,1
2020-11-26,15:09:52.324000,13829,13830,13830,1
2020-11-26,15:09:55.458000,13829,13830,13829,1
2020-11-26,15:09:57.190000,13829,13830,13830,1
2020-11-26,15:10:00.383000,13829,13830,13829,1
2020-11-26,15:10:02.341000,13829,13830,13829,1
2020-11-26,15:10:03.230000,13829,13830,13830,1
2020-11-26,15:10:07.393000,13829,13830,13829,1
2020-11-26,15:10:07.393000,13829,13830,13828,2
2020-11-26,15:10:07.504000,13828,13829,13829,7
2020-11-26,15:10:08.214000,13828,13829,13829,2
2020-11-26,15:10:14.626000,13828,13829,13829,4
2020-11-26,15:10:15.644000,13829,13830,13829,1
2020-11-26,15:10:16.516000,13828,13830,13830,1
2020-11-26,15:10:16.637000,13828,13830,13828,1
2020-11-26,15:10:23.739000,13828,13830,13828,1
2020-11-26,15:10:25.167000,13828,13829,13829,1
2020-11-26,15:10:34.580000,13829,13830,13830,1
2020-11-26,15:10:35.639000,13829,13830,13829,1
2020-11-26,15:10:48.403000,13829,13830,13829,1
2020-11-26,15:11:14.785000,13828,13829,13829,1
2020-11-26,15:11:17.615000,13828,13830,13830,1
2020-11-26,15:11:25.613000,13829,13830,13829,1
2020-11-26,15:11:28.281000,13829,13830,13829,1
2020-11-26,15:11:36.948000,13828,13829,13829,1
2020-11-26,15:11:37.822000,13828,13829,13829,2
2020-11-26,15:11:45.931000,13829,13830,13830,1
2020-11-26,15:11:51.933000,13829,13830,13829,1
2020-11-26,15:11:52.401000,13829,13830,13829,1
2020-11-26,15:11:53.945000,13829,13830,13829,1
2020-11-26,15:11:56.166000,13829,13830,13829,1
2020-11-26,15:11:59.134000,13829,13830,13829,1
2020-11-26,15:12:00.007000,13829,13830,13829,1
2020-11-26,15:12:00.272000,13829,13830,13830,1
2020-11-26,15:12:00.279000,13829,13830,13830,19
2020-11-26,15:12:00.279000,13829,13830,13831,11
2020-11-26,15:12:00.284000,13829,13830,13832,12
2020-11-26,15:12:00.285000,13829,13830,13832,1
2020-11-26,15:12:00.285000,13829,13830,13832,1
2020-11-26,15:12:00.285000,13829,13830,13832,1
2020-11-26,15:12:00.287000,13829,13830,13832,4
2020-11-26,15:12:00.312000,13829,13830,13833,3
2020-11-26,15:12:00.312000,13829,13830,13833,2
2020-11-26,15:12:00.385000,13832,13833,13833,4
2020-11-26,15:12:00.433000,13832,13833,13833,3
2020-11-26,15:12:00.434000,13832,13833,13833,10
2020-11-26,15:12:00.478000,13832,13833,13834,4
2020-11-26,15:12:00.544000,13833,13834,13834,1
2020-11-26,15:12:00.545000,13833,13834,13834,1
2020-11-26,15:12:01.044000,13833,13834,13833,1
2020-11-26,15:12:01.302000,13833,13834,13833,1
2020-11-26,15:12:01.605000,13832,13834,13832,1
2020-11-26,15:12:01.651000,13832,13834,13834,2
2020-11-26,15:12:01.778000,13832,13834,13832,1
2020-11-26,15:12:05.723000,13832,13833,13833,1
2020-11-26,15:12:08.316000,13833,13834,13833,1
2020-11-26,15:12:10.174000,13833,13834,13833,2
2020-11-26,15:12:23.042000,13832,13833,13832,1
2020-11-26,15:12:23.905000,13832,13833,13833,1
2020-11-26,15:12:29.218000,13832,13833,13832,2
2020-11-26,15:12:33.199000,13832,13833,13833,1
2020-11-26,15:12:33.326000,13832,13833,13832,1
2020-11-26,15:12:33.326000,13832,13833,13832,2
2020-11-26,15:12:33.326000,13832,13833,13832,1
2020-11-26,15:12:35.655000,13831,13832,13832,1
2020-11-26,15:12:39.155000,13832,13833,13832,1
2020-11-26,15:12:40.254000,13832,13833,13832,2
2020-11-26,15:12:40.254000,13832,13833,13831,1
2020-11-26,15:12:40.583000,13831,13833,13831,1
2020-11-26,15:12:44.688000,13831,13832,13832,1
2020-11-26,15:12:44.688000,13831,13832,13833,1
2020-11-26,15:12:49.013000,13831,13833,13833,1
2020-11-26,15:12:52.323000,13831,13833,13833,1
2020-11-26,15:13:05.337000,13831,13832,13832,1
2020-11-26,15:13:05.638000,13832,13833,13833,1
2020-11-26,15:13:13.798000,13832,13833,13833,1
2020-11-26,15:13:14.251000,13832,13833,13832,5
2020-11-26,15:13:28.409000,13832,13833,13833,7
2020-11-26,15:13:28.411000,13832,13833,13833,1
2020-11-26,15:13:28.411000,13832,13833,13833,1
2020-11-26,15:13:28.411000,13832,13833,13833,1
2020-11-26,15:13:28.411000,13832,13833,13833,3
2020-11-26,15:13:34.867000,13833,13834,13833,2
2020-11-26,15:13:40.161000,13832,13833,13833,1
2020-11-26,15:13:44.363000,13833,13834,13833,1
2020-11-26,15:13:44.703000,13832,13833,13833,1
2020-11-26,15:13:48.669000,13832,13833,13833,1
2020-11-26,15:13:58.370000,13832,13833,13833,2
2020-11-26,15:13:58.931000,13832,13833,13833,1
2020-11-26,15:14:02.244000,13832,13833,13832,1
2020-11-26,15:14:15.872000,13832,13833,13832,2
2020-11-26,15:14:21.057000,13832,13833,13832,2
2020-11-26,15:14:33.395000,13832,13833,13832,1
2020-11-26,15:14:40.751000,13832,13833,13833,3
2020-11-26,15:14:40.880000,13832,13834,13834,4
2020-11-26,15:14:46.220000,13833,13834,13834,1
2020-11-26,15:14:47.779000,13833,13834,13834,3
2020-11-26,15:14:47.779000,13833,13834,13834,1
2020-11-26,15:14:47.779000,13833,13834,13834,4
2020-11-26,15:14:48.106000,13834,13835,13834,1
2020-11-26,15:14:51.973000,13834,13835,13835,25
2020-11-26,15:14:53.117000,13835,13836,13836,1
2020-11-26,15:14:55.085000,13835,13836,13836,1
2020-11-26,15:14:56.937000,13835,13836,13836,1
2020-11-26,15:14:59.436000,13835,13836,13836,1
2020-11-26,15:14:59.438000,13835,13836,13836,4
2020-11-26,15:14:59.439000,13835,13836,13836,1
2020-11-26,15:15:01.165000,13835,13836,13836,1
2020-11-26,15:15:02.454000,13836,13837,13836,3
2020-11-26,15:15:02.567000,13836,13837,13837,1
2020-11-26,15:15:03.156000,13836,13837,13836,1
2020-11-26,15:15:10.561000,13836,13837,13836,1
2020-11-26,15:15:11.623000,13836,13837,13836,2
2020-11-26,15:15:11.705000,13836,13837,13836,1
2020-11-26,15:15:13.326000,13836,13837,13836,1
2020-11-26,15:15:13.702000,13835,13836,13836,1
2020-11-26,15:15:14.438000,13835,13836,13836,1
2020-11-26,15:15:16.799000,13835,13836,13836,1
2020-11-26,15:15:17.624000,13835,13836,13836,1
2020-11-26,15:15:20.037000,13835,13836,13835,1
2020-11-26,15:15:20.048000,13835,13836,13836,1
2020-11-26,15:15:21.401000,13835,13836,13835,2
2020-11-26,15:15:23.684000,13835,13836,13836,4
2020-11-26,15:15:25.008000,13836,13837,13836,1
2020-11-26,15:15:26.251000,13835,13837,13837,1
2020-11-26,15:15:31.705000,13836,13837,13837,1
2020-11-26,15:15:33.919000,13836,13837,13837,1
2020-11-26,15:15:40.798000,13836,13837,13837,1
2020-11-26,15:15:41.812000,13836,13837,13837,1
2020-11-26,15:15:43.145000,13836,13837,13837,1
2020-11-26,15:15:44.455000,13836,13837,13837,2
2020-11-26,15:15:50.562000,13836,13837,13837,2
2020-11-26,15:15:50.994000,13836,13837,13837,1
2020-11-26,15:15:51.497000,13836,13837,13837,1
2020-11-26,15:15:51.897000,13836,13837,13837,1
2020-11-26,15:15:52.662000,13836,13837,13837,1
2020-11-26,15:15:54.711000,13836,13837,13837,1
2020-11-26,15:15:57.897000,13836,13837,13837,1
2020-11-26,15:15:58.936000,13836,13837,13837,1
2020-11-26,15:16:01.434000,13836,13837,13837,1
2020-11-26,15:16:02.219000,13836,13837,13837,1
2020-11-26,15:16:02.507000,13836,13837,13836,6
2020-11-26,15:16:04.251000,13836,13837,13837,1
2020-11-26,15:16:07.477000,13836,13837,13837,1
2020-11-26,15:16:13.495000,13836,13837,13837,1
2020-11-26,15:16:15.252000,13836,13837,13837,1
2020-11-26,15:16:19.225000,13836,13837,13837,1
2020-11-26,15:16:19.516000,13836,13838,13836,1
2020-11-26,15:16:20.981000,13836,13837,13837,1
2020-11-26,15:16:22.396000,13836,13837,13837,1
2020-11-26,15:16:25.860000,13836,13837,13836,1
2020-11-26,15:16:26.334000,13836,13837,13837,6
2020-11-26,15:16:27.038000,13836,13837,13836,3
2020-11-26,15:16:28.186000,13836,13837,13837,1
2020-11-26,15:16:30.644000,13836,13837,13837,1
2020-11-26,15:16:33.125000,13836,13837,13837,1
2020-11-26,15:16:38.600000,13836,13837,13837,1
2020-11-26,15:16:41.696000,13836,13837,13836,7
2020-11-26,15:16:48.057000,13835,13836,13835,1
2020-11-26,15:16:48.057000,13835,13836,13835,5
2020-11-26,15:17:05.157000,13833,13834,13834,1
2020-11-26,15:17:10.817000,13832,13834,13832,2
2020-11-26,15:17:11.181000,13832,13834,13832,2
2020-11-26,15:17:16.647000,13832,13834,13832,6
2020-11-26,15:17:16.647000,13832,13834,13831,21
2020-11-26,15:17:16.649000,13832,13834,13831,3
2020-11-26,15:17:16.649000,13832,13834,13831,1
2020-11-26,15:17:16.649000,13832,13834,13831,1
2020-11-26,15:17:16.649000,13832,13834,13831,1
2020-11-26,15:17:16.649000,13832,13834,13831,2
2020-11-26,15:17:16.649000,13832,13834,13831,28
2020-11-26,15:17:16.750000,13830,13831,13831,1
2020-11-26,15:17:18.282000,13830,13831,13830,1
2020-11-26,15:17:19.033000,13830,13831,13830,2
2020-11-26,15:17:19.246000,13830,13831,13830,1
2020-11-26,15:17:22.660000,13830,13831,13831,1
2020-11-26,15:17:23.043000,13830,13831,13830,1
2020-11-26,15:17:29.782000,13830,13831,13830,1
2020-11-26,15:17:29.937000,13830,13831,13830,1
2020-11-26,15:17:31.547000,13830,13831,13830,1
2020-11-26,15:17:32.467000,13830,13831,13831,1
2020-11-26,15:17:41.904000,13830,13831,13830,1
2020-11-26,15:17:45.020000,13830,13831,13831,2
2020-11-26,15:17:46.857000,13830,13831,13831,2
2020-11-26,15:17:48.631000,13830,13831,13830,1
2020-11-26,15:17:51.257000,13830,13831,13830,1
2020-11-26,15:17:53.948000,13830,13831,13830,1
2020-11-26,15:17:54.161000,13830,13831,13830,1
2020-11-26,15:17:54.888000,13830,13831,13830,1
2020-11-26,15:17:56.324000,13830,13831,13830,1
2020-11-26,15:17:58.244000,13830,13831,13831,2
2020-11-26,15:17:58.245000,13830,13831,13831,4
2020-11-26,15:17:58.245000,13830,13831,13831,3
2020-11-26,15:17:58.245000,13830,13831,13831,2
2020-11-26,15:17:58.245000,13830,13831,13831,8
2020-11-26,15:17:58.245000,13830,13831,13831,1
2020-11-26,15:18:01.013000,13830,13832,13831,1
2020-11-26,15:18:04.296000,13831,13832,13831,1
2020-11-26,15:18:05.755000,13831,13832,13831,1
2020-11-26,15:18:30.096000,13831,13832,13832,1
2020-11-26,15:18:30.505000,13831,13832,13831,1
2020-11-26,15:18:31.883000,13831,13832,13832,9
2020-11-26,15:18:33.955000,13832,13833,13832,5
2020-11-26,15:18:35.369000,13832,13833,13832,1
2020-11-26,15:18:35.456000,13832,13833,13832,1
2020-11-26,15:18:36.782000,13831,13832,13832,1
2020-11-26,15:18:41.235000,13831,13832,13832,1
2020-11-26,15:18:44.174000,13831,13832,13831,1
2020-11-26,15:18:44.405000,13831,13832,13832,1
2020-11-26,15:18:45.949000,13831,13832,13832,1
2020-11-26,15:18:46.746000,13831,13832,13832,1
2020-11-26,15:18:51.684000,13831,13832,13832,1
2020-11-26,15:18:52.436000,13831,13832,13832,1
2020-11-26,15:18:54.568000,13831,13832,13831,14
2020-11-26,15:18:59.053000,13830,13832,13831,5
2020-11-26,15:19:03.774000,13830,13831,13831,1
2020-11-26,15:19:07.268000,13830,13831,13831,4
2020-11-26,15:19:10.915000,13831,13832,13831,5
2020-11-26,15:19:12.177000,13831,13832,13831,5
2020-11-26,15:19:15.146000,13831,13832,13831,5
2020-11-26,15:19:17.991000,13831,13832,13831,5
2020-11-26,15:19:18.889000,13831,13832,13832,1
2020-11-26,15:19:20.479000,13831,13832,13831,1
2020-11-26,15:19:23.617000,13831,13832,13831,1
2020-11-26,15:19:23.751000,13831,13832,13831,5
2020-11-26,15:19:23.753000,13831,13832,13831,4
2020-11-26,15:19:30.025000,13831,13832,13831,1
2020-11-26,15:19:31.483000,13831,13832,13831,4
2020-11-26,15:19:31.485000,13830,13831,13831,1
2020-11-26,15:19:36.483000,13831,13832,13832,4
2020-11-26,15:19:38.719000,13831,13832,13831,4
2020-11-26,15:19:50.621000,13831,13832,13832,1
2020-11-26,15:19:56.217000,13831,13832,13832,2
2020-11-26,15:19:56.507000,13831,13832,13831,3
2020-11-26,15:20:02.420000,13830,13831,13831,2
2020-11-26,15:20:02.887000,13830,13831,13830,10
2020-11-26,15:20:11.976000,13829,13830,13830,1
2020-11-26,15:20:16.257000,13829,13830,13830,1
2020-11-26,15:20:21.886000,13829,13830,13830,1
2020-11-26,15:20:25.773000,13830,13831,13831,1
2020-11-26,15:20:28.259000,13830,13831,13830,1
2020-11-26,15:20:30.517000,13829,13830,13830,1
2020-11-26,15:20:34.793000,13830,13831,13830,1
2020-11-26,15:20:43.879000,13829,13830,13830,1
2020-11-26,15:20:52.260000,13829,13830,13829,1
2020-11-26,15:21:00.681000,13829,13830,13829,4
2020-11-26,15:21:00.681000,13829,13830,13829,2
2020-11-26,15:21:04.169000,13828,13829,13829,1
2020-11-26,15:21:07.168000,13828,13829,13828,1
2020-11-26,15:21:07.229000,13828,13829,13828,2
2020-11-26,15:21:07.852000,13828,13829,13828,1
2020-11-26,15:21:08.555000,13828,13829,13828,1
2020-11-26,15:21:08.556000,13828,13829,13828,10
2020-11-26,15:21:12.867000,13827,13828,13827,1
2020-11-26,15:21:15.649000,13827,13828,13827,1
2020-11-26,15:21:16.007000,13827,13828,13828,1
2020-11-26,15:21:21.199000,13827,13828,13828,1
2020-11-26,15:21:22.583000,13827,13828,13828,2
2020-11-26,15:21:24.986000,13828,13829,13829,4
2020-11-26,15:21:29.252000,13828,13829,13829,1
2020-11-26,15:21:35.189000,13828,13829,13828,1
2020-11-26,15:21:35.272000,13828,13829,13829,1
2020-11-26,15:21:48.038000,13828,13829,13829,1
2020-11-26,15:21:53.057000,13828,13829,13828,1
2020-11-26,15:21:56.242000,13828,13829,13829,1
2020-11-26,15:21:59.321000,13829,13830,13830,4
2020-11-26,15:22:02.376000,13829,13830,13829,1
2020-11-26,15:22:03.684000,13829,13830,13829,1
2020-11-26,15:22:10.860000,13829,13830,13830,2
2020-11-26,15:22:12.610000,13829,13830,13830,1
2020-11-26,15:22:13.843000,13829,13831,13829,1
2020-11-26,15:22:27.833000,13830,13831,13831,1
2020-11-26,15:22:29.262000,13830,13831,13830,1
2020-11-26,15:23:02.404000,13830,13831,13830,2
2020-11-26,15:23:03.048000,13830,13831,13830,1
2020-11-26,15:23:22.567000,13829,13830,13830,4
2020-11-26,15:23:45.643000,13829,13830,13830,1
2020-11-26,15:24:01.590000,13830,13831,13831,1
2020-11-26,15:24:02.347000,13830,13831,13830,1
2020-11-26,15:24:25.462000,13830,13831,13831,1
2020-11-26,15:24:43.966000,13830,13831,13830,1
2020-11-26,15:24:45.438000,13830,13831,13830,1
2020-11-26,15:24:47.821000,13830,13831,13830,1
2020-11-26,15:24:54.796000,13830,13831,13830,1
2020-11-26,15:25:01.095000,13830,13831,13830,1
2020-11-26,15:25:01.406000,13829,13830,13830,4
2020-11-26,15:25:01.406000,13829,13830,13830,1
2020-11-26,15:25:02.260000,13829,13830,13830,2
2020-11-26,15:25:09.158000,13829,13830,13829,5
2020-11-26,15:25:17.730000,13829,13830,13830,1
2020-11-26,15:25:24.301000,13829,13830,13830,1
2020-11-26,15:25:42.169000,13830,13831,13831,1
2020-11-26,15:25:42.170000,13830,13831,13831,2
2020-11-26,15:25:42.170000,13830,13831,13831,4
2020-11-26,15:26:02.266000,13831,13832,13832,6
2020-11-26,15:26:49.315000,13832,13833,13833,4
2020-11-26,15:27:02.184000,13833,13834,13833,1
2020-11-26,15:27:04.247000,13832,13833,13833,1
2020-11-26,15:27:04.735000,13832,13833,13833,1
2020-11-26,15:27:30.283000,13833,13834,13833,1
2020-11-26,15:27:36.245000,13833,13834,13833,1
2020-11-26,15:28:30.549000,13832,13833,13833,1
2020-11-26,15:28:30.615000,13833,13834,13834,1
2020-11-26,15:28:30.615000,13833,13834,13834,1
2020-11-26,15:28:36.649000,13833,13834,13834,1
2020-11-26,15:28:36.737000,13832,13834,13834,2
2020-11-26,15:28:36.737000,13832,13834,13834,1
2020-11-26,15:28:55.870000,13833,13834,13833,1
2020-11-26,15:29:00.926000,13833,13834,13833,1
2020-11-26,15:29:00.987000,13832,13834,13834,1
2020-11-26,15:29:55.395000,13833,13834,13834,1
2020-11-26,15:29:57.770000,13833,13834,13834,1
2020-11-26,15:30:02.522000,13833,13834,13833,3
2020-11-26,15:30:02.828000,13833,13834,13833,1
2020-11-26,15:30:02.837000,13833,13834,13833,1
2020-11-26,15:30:02.843000,13833,13834,13833,1
2020-11-26,15:30:08.443000,13833,13834,13834,2
2020-11-26,15:30:08.891000,13833,13834,13834,1
2020-11-26,15:30:09.299000,13833,13834,13834,2
2020-11-26,15:30:09.489000,13833,13834,13833,1
2020-11-26,15:30:13.552000,13832,13834,13833,1
2020-11-26,15:30:24.086000,13832,13833,13832,3
2020-11-26,15:30:24.086000,13832,13833,13832,1
2020-11-26,15:30:24.086000,13832,13833,13832,4
2020-11-26,15:30:24.087000,13832,13833,13832,3
2020-11-26,15:30:29.203000,13831,13832,13831,2
2020-11-26,15:30:47.168000,13830,13832,13830,1
2020-11-26,15:30:56.615000,13830,13831,13830,3
2020-11-26,15:30:57.333000,13830,13831,13831,1
2020-11-26,15:31:15.031000,13830,13831,13830,1
2020-11-26,15:31:34.549000,13830,13831,13830,1
2020-11-26,15:31:35.241000,13830,13831,13830,1
2020-11-26,15:31:42.666000,13830,13831,13830,2
2020-11-26,15:31:46.355000,13830,13831,13830,1
2020-11-26,15:31:46.355000,13830,13831,13830,1
2020-11-26,15:31:46.358000,13830,13831,13830,1
2020-11-26,15:31:46.358000,13830,13831,13830,2
2020-11-26,15:31:46.748000,13829,13830,13830,1
2020-11-26,15:31:47.299000,13829,13831,13829,2
2020-11-26,15:31:47.384000,13829,13830,13829,1
2020-11-26,15:31:54.472000,13829,13830,13829,2
2020-11-26,15:31:54.472000,13829,13830,13828,3
2020-11-26,15:31:54.475000,13829,13830,13829,2
2020-11-26,15:32:00.399000,13828,13829,13828,1
2020-11-26,15:32:02.236000,13828,13829,13828,2
2020-11-26,15:32:02.746000,13828,13829,13828,1
2020-11-26,15:32:04.578000,13828,13829,13829,1
2020-11-26,15:32:05.867000,13828,13829,13828,1
2020-11-26,15:32:06.508000,13828,13829,13828,1
2020-11-26,15:32:11.392000,13828,13829,13828,1
2020-11-26,15:32:15.256000,13828,13829,13828,1
2020-11-26,15:32:19.661000,13828,13829,13828,3
2020-11-26,15:32:25.772000,13828,13829,13828,1
2020-11-26,15:32:27.392000,13828,13829,13829,2
2020-11-26,15:32:27.392000,13828,13829,13829,3
2020-11-26,15:32:32.609000,13829,13830,13829,2
2020-11-26,15:32:39.935000,13829,13830,13830,1
2020-11-26,15:32:42.203000,13829,13830,13830,1
2020-11-26,15:32:49.317000,13831,13832,13831,1
2020-11-26,15:33:00.661000,13831,13832,13831,2
2020-11-26,15:33:23.946000,13832,13833,13832,1
2020-11-26,15:33:41.653000,13831,13832,13832,1
2020-11-26,15:34:42.679000,13831,13832,13832,1
2020-11-26,15:34:50.094000,13831,13833,13831,1
2020-11-26,15:35:03.602000,13831,13833,13831,5
2020-11-26,15:35:03.752000,13831,13832,13831,1
2020-11-26,15:35:03.752000,13831,13832,13830,2
2020-11-26,15:35:10.362000,13830,13831,13830,1
2020-11-26,15:35:36.474000,13830,13831,13831,3
2020-11-26,15:35:36.486000,13830,13831,13831,4
2020-11-26,15:36:00.662000,13831,13832,13832,3
2020-11-26,15:36:02.334000,13832,13833,13832,1
2020-11-26,15:36:24.529000,13832,13833,13833,3
2020-11-26,15:36:24.529000,13832,13833,13834,2
2020-11-26,15:36:24.653000,13832,13834,13834,1
2020-11-26,15:36:29.711000,13833,13834,13833,1
2020-11-26,15:36:34.905000,13833,13834,13833,1
2020-11-26,15:36:36.256000,13833,13834,13833,1
2020-11-26,15:36:44.204000,13833,13834,13833,2
2020-11-26,15:36:58.492000,13833,13834,13833,5
2020-11-26,15:37:02.366000,13832,13833,13832,1
2020-11-26,15:37:02.367000,13832,13833,13832,1
2020-11-26,15:37:13.192000,13831,13832,13831,1
2020-11-26,15:37:20.461000,13831,13832,13831,2
2020-11-26,15:37:20.461000,13831,13832,13830,1
2020-11-26,15:37:23.502000,13830,13831,13831,2
2020-11-26,15:37:27.639000,13830,13832,13830,2
2020-11-26,15:37:48.121000,13830,13831,13831,1
2020-11-26,15:38:59.367000,13831,13832,13832,2
2020-11-26,15:39:18.219000,13832,13833,13832,2
2020-11-26,15:40:31.262000,13831,13832,13832,1
2020-11-26,15:40:31.960000,13831,13832,13831,1
2020-11-26,15:40:31.985000,13831,13832,13831,1
2020-11-26,15:40:33.161000,13831,13832,13831,1
2020-11-26,15:40:39.072000,13831,13832,13831,1
2020-11-26,15:40:49.235000,13831,13832,13832,1
2020-11-26,15:41:42.557000,13831,13832,13832,1
2020-11-26,15:42:08.493000,13831,13832,13831,5
2020-11-26,15:42:09.295000,13830,13832,13830,1
2020-11-26,15:42:24.122000,13830,13832,13831,1
2020-11-26,15:42:25.559000,13830,13831,13831,1
2020-11-26,15:42:39.913000,13831,13832,13831,2
2020-11-26,15:42:46.337000,13830,13831,13831,2
2020-11-26,15:42:49.062000,13830,13831,13831,1
2020-11-26,15:42:49.063000,13830,13831,13831,1
2020-11-26,15:42:49.402000,13831,13832,13832,1
2020-11-26,15:42:49.403000,13831,13832,13832,7
2020-11-26,15:42:50.498000,13832,13833,13832,2
2020-11-26,15:43:12.485000,13831,13832,13832,1
2020-11-26,15:43:16.935000,13831,13832,13832,1
2020-11-26,15:43:17.969000,13832,13833,13832,1
2020-11-26,15:43:20.744000,13832,13833,13833,7
2020-11-26,15:43:20.744000,13832,13833,13834,18
2020-11-26,15:43:22.297000,13833,13835,13833,1
2020-11-26,15:43:32.870000,13834,13835,13834,1
2020-11-26,15:43:35.403000,13833,13834,13834,1
2020-11-26,15:44:20.885000,13833,13834,13834,1
2020-11-26,15:44:21.818000,13833,13834,13834,1
2020-11-26,15:44:29.419000,13833,13834,13834,1
2020-11-26,15:44:29.452000,13833,13834,13833,1
2020-11-26,15:44:40.847000,13833,13834,13834,5
2020-11-26,15:44:41.197000,13834,13835,13835,1
2020-11-26,15:44:41.263000,13834,13835,13835,4
2020-11-26,15:44:41.264000,13834,13835,13835,1
2020-11-26,15:44:41.277000,13834,13835,13836,1
2020-11-26,15:44:41.402000,13834,13836,13836,1
2020-11-26,15:44:41.422000,13834,13836,13836,2
2020-11-26,15:44:47.138000,13834,13836,13836,1
2020-11-26,15:44:47.947000,13836,13837,13837,2
2020-11-26,15:44:47.993000,13836,13837,13837,4
2020-11-26,15:44:48.037000,13836,13837,13837,1
2020-11-26,15:44:49.137000,13836,13837,13837,1
2020-11-26,15:44:49.512000,13836,13837,13837,1
2020-11-26,15:44:49.668000,13836,13837,13837,1
2020-11-26,15:44:50.506000,13836,13837,13837,1
2020-11-26,15:44:55.552000,13836,13837,13837,1
2020-11-26,15:44:59.106000,13837,13838,13837,1
2020-11-26,15:44:59.191000,13836,13838,13838,1
2020-11-26,15:44:59.258000,13836,13838,13838,1
2020-11-26,15:44:59.266000,13836,13838,13838,3
2020-11-26,15:44:59.283000,13836,13838,13838,1
2020-11-26,15:44:59.548000,13836,13838,13838,5
2020-11-26,15:45:01.188000,13836,13837,13837,2
2020-11-26,15:45:01.577000,13836,13838,13838,1
2020-11-26,15:45:02.182000,13837,13838,13837,1
2020-11-26,15:45:03.275000,13837,13838,13837,1
2020-11-26,15:45:05.977000,13836,13838,13838,1
2020-11-26,15:45:06.569000,13836,13838,13838,1
2020-11-26,15:45:07.864000,13837,13838,13837,1
2020-11-26,15:45:08.109000,13836,13838,13838,1
2020-11-26,15:45:10.247000,13836,13838,13837,1
2020-11-26,15:45:11.067000,13837,13838,13838,1
2020-11-26,15:45:12.238000,13837,13838,13837,3
2020-11-26,15:45:15.677000,13837,13838,13837,1
2020-11-26,15:45:16.563000,13836,13838,13838,1
2020-11-26,15:45:16.793000,13836,13838,13838,1
2020-11-26,15:45:18.424000,13837,13838,13837,1
2020-11-26,15:45:20.279000,13836,13838,13838,1
2020-11-26,15:45:20.823000,13836,13837,13837,1
2020-11-26,15:45:30.315000,13837,13838,13837,1
2020-11-26,15:45:46.901000,13837,13838,13837,1
2020-11-26,15:45:46.987000,13837,13838,13838,1
2020-11-26,15:45:46.987000,13837,13838,13838,1
2020-11-26,15:45:46.987000,13837,13838,13838,1
2020-11-26,15:45:46.987000,13837,13838,13838,1
2020-11-26,15:45:46.988000,13837,13838,13838,1
2020-11-26,15:45:46.988000,13837,13838,13838,1
2020-11-26,15:45:46.988000,13837,13838,13838,1
2020-11-26,15:45:46.989000,13837,13838,13838,1
2020-11-26,15:45:46.989000,13837,13838,13838,1
2020-11-26,15:45:46.989000,13837,13838,13838,1
2020-11-26,15:45:46.989000,13837,13838,13839,1
2020-11-26,15:45:46.992000,13837,13838,13839,1
2020-11-26,15:45:46.992000,13837,13838,13839,1
2020-11-26,15:45:46.993000,13837,13838,13839,1
2020-11-26,15:45:46.993000,13837,13838,13839,1
2020-11-26,15:45:46.994000,13837,13838,13839,1
2020-11-26,15:45:47.337000,13838,13839,13839,1
2020-11-26,15:45:47.458000,13838,13839,13838,3
2020-11-26,15:45:53.002000,13838,13839,13838,4
2020-11-26,15:45:53.003000,13838,13839,13838,1
2020-11-26,15:45:53.567000,13837,13838,13838,2
2020-11-26,15:45:55.936000,13837,13838,13838,1
2020-11-26,15:46:02.343000,13837,13838,13837,6
2020-11-26,15:46:03.929000,13837,13838,13838,2
2020-11-26,15:46:04.311000,13837,13838,13838,1
2020-11-26,15:46:06.636000,13837,13838,13837,1
2020-11-26,15:46:11.610000,13837,13838,13837,1
2020-11-26,15:46:19.166000,13836,13838,13837,1
2020-11-26,15:46:22.665000,13836,13838,13837,1
2020-11-26,15:46:23.270000,13836,13838,13837,1
2020-11-26,15:46:36.386000,13836,13837,13836,5
2020-11-26,15:46:38.167000,13835,13836,13836,1
2020-11-26,15:46:41.104000,13836,13837,13836,1
2020-11-26,15:46:42.315000,13836,13837,13836,5
2020-11-26,15:46:42.900000,13835,13836,13836,1
2020-11-26,15:46:46.092000,13835,13837,13835,6
2020-11-26,15:46:50.167000,13835,13836,13835,1
2020-11-26,15:46:50.169000,13835,13836,13835,2
2020-11-26,15:46:53.555000,13834,13835,13835,1
2020-11-26,15:46:54.762000,13834,13835,13835,1
2020-11-26,15:46:57.032000,13835,13836,13835,1
2020-11-26,15:47:09.474000,13834,13835,13835,1
2020-11-26,15:47:10.204000,13834,13835,13835,1
2020-11-26,15:47:10.204000,13834,13835,13835,2
2020-11-26,15:47:12.796000,13835,13836,13835,1
2020-11-26,15:47:12.796000,13835,13836,13835,4
2020-11-26,15:47:14.212000,13834,13836,13836,1
2020-11-26,15:47:22.875000,13834,13835,13835,1
2020-11-26,15:47:32.434000,13834,13835,13835,1
2020-11-26,15:47:35.275000,13834,13835,13834,1
2020-11-26,15:47:55.782000,13834,13835,13834,1
2020-11-26,15:47:59.163000,13834,13835,13835,6
2020-11-26,15:47:59.163000,13834,13835,13836,7
2020-11-26,15:47:59.449000,13835,13837,13837,1
2020-11-26,15:48:13.254000,13834,13835,13835,1
2020-11-26,15:48:21.827000,13834,13835,13835,1
2020-11-26,15:48:23.477000,13834,13835,13834,1
2020-11-26,15:48:25.239000,13834,13835,13834,1
2020-11-26,15:48:26.752000,13834,13835,13834,1
2020-11-26,15:48:27.098000,13834,13835,13835,1
2020-11-26,15:48:27.472000,13834,13835,13834,1
2020-11-26,15:48:38.828000,13834,13835,13834,1
2020-11-26,15:48:41.163000,13834,13835,13834,1
2020-11-26,15:48:45.532000,13834,13835,13834,1
2020-11-26,15:48:45.532000,13834,13835,13834,3
2020-11-26,15:48:45.532000,13834,13835,13834,4
2020-11-26,15:48:45.533000,13834,13835,13834,3
2020-11-26,15:48:50.824000,13833,13834,13833,2
2020-11-26,15:48:51.898000,13832,13833,13832,5
2020-11-26,15:48:52.994000,13832,13833,13832,1
2020-11-26,15:48:53.408000,13831,13832,13832,3
2020-11-26,15:48:55.569000,13831,13832,13831,3
2020-11-26,15:48:56.991000,13831,13832,13831,2
2020-11-26,15:48:57.399000,13831,13832,13832,1
2020-11-26,15:48:58.093000,13831,13832,13831,2
2020-11-26,15:48:58.335000,13831,13832,13831,10
2020-11-26,15:48:59.739000,13831,13832,13831,1
2020-11-26,15:49:01.712000,13831,13832,13831,1
2020-11-26,15:49:01.735000,13831,13832,13831,1
2020-11-26,15:49:03.308000,13830,13831,13831,1
2020-11-26,15:49:03.396000,13830,13832,13830,5
2020-11-26,15:49:04.482000,13830,13831,13830,5
2020-11-26,15:49:04.825000,13830,13831,13831,1
2020-11-26,15:49:07.762000,13830,13831,13830,1
2020-11-26,15:49:10.145000,13830,13831,13830,3
2020-11-26,15:49:12.218000,13830,13831,13830,2
2020-11-26,15:49:12.688000,13830,13831,13830,1
2020-11-26,15:49:13.604000,13830,13831,13830,1
2020-11-26,15:49:15.067000,13830,13831,13830,5
2020-11-26,15:49:18.158000,13830,13831,13830,5
2020-11-26,15:49:18.822000,13830,13831,13831,1
2020-11-26,15:49:22.368000,13831,13832,13831,1
2020-11-26,15:49:23.530000,13831,13832,13831,4
2020-11-26,15:49:23.531000,13831,13832,13831,1
2020-11-26,15:49:23.531000,13831,13832,13831,3
2020-11-26,15:49:25.886000,13830,13831,13830,5
2020-11-26,15:49:25.887000,13830,13831,13830,7
2020-11-26,15:49:25.888000,13830,13831,13830,4
2020-11-26,15:49:25.888000,13830,13831,13830,4
2020-11-26,15:49:27.983000,13829,13831,13831,1
2020-11-26,15:49:29.392000,13830,13831,13830,2
2020-11-26,15:49:29.392000,13830,13831,13829,18
2020-11-26,15:49:30.196000,13829,13830,13830,1
2020-11-26,15:49:33.447000,13829,13830,13830,1
2020-11-26,15:49:34.241000,13829,13830,13830,1
2020-11-26,15:49:36.791000,13829,13830,13829,1
2020-11-26,15:49:39.411000,13829,13830,13829,1
2020-11-26,15:49:43.106000,13829,13830,13830,1
2020-11-26,15:49:46.825000,13829,13830,13829,1
2020-11-26,15:49:49.812000,13829,13830,13829,1
2020-11-26,15:50:00.886000,13829,13830,13829,1
2020-11-26,15:50:04.762000,13829,13830,13830,1
2020-11-26,15:50:04.762000,13829,13830,13830,2
2020-11-26,15:50:04.762000,13829,13830,13830,5
2020-11-26,15:50:04.762000,13829,13830,13830,2
2020-11-26,15:50:04.762000,13829,13830,13830,3
2020-11-26,15:50:05.183000,13830,13831,13831,1
2020-11-26,15:50:21.665000,13830,13831,13831,1
2020-11-26,15:50:23.412000,13830,13831,13830,2
2020-11-26,15:50:23.783000,13829,13831,13831,4
2020-11-26,15:50:38.018000,13830,13831,13830,1
2020-11-26,15:50:52.222000,13830,13831,13830,1
2020-11-26,15:50:57.126000,13829,13831,13829,2
2020-11-26,15:50:57.754000,13829,13830,13829,2
2020-11-26,15:50:59.739000,13829,13830,13829,1
2020-11-26,15:50:59.739000,13829,13830,13829,3
2020-11-26,15:50:59.739000,13829,13830,13829,1
2020-11-26,15:50:59.739000,13829,13830,13829,1
2020-11-26,15:51:01.831000,13828,13830,13830,1
2020-11-26,15:51:02.956000,13828,13829,13829,1
2020-11-26,15:51:03.839000,13828,13829,13828,1
2020-11-26,15:51:04.492000,13828,13829,13829,1
2020-11-26,15:51:17.798000,13828,13829,13828,5
2020-11-26,15:51:21.955000,13828,13829,13828,2
2020-11-26,15:51:24.399000,13828,13829,13828,3
2020-11-26,15:51:24.894000,13828,13829,13828,1
2020-11-26,15:51:25.896000,13828,13829,13828,1
2020-11-26,15:51:26.925000,13828,13829,13828,1
2020-11-26,15:51:27.159000,13828,13829,13828,1
2020-11-26,15:51:27.160000,13828,13829,13828,6
2020-11-26,15:51:27.160000,13828,13829,13828,1
2020-11-26,15:51:27.160000,13828,13829,13828,3
2020-11-26,15:51:28.149000,13827,13828,13828,1
2020-11-26,15:51:28.150000,13827,13828,13828,2
2020-11-26,15:51:28.741000,13827,13828,13828,1
2020-11-26,15:51:29.928000,13828,13829,13828,1
2020-11-26,15:51:33.595000,13828,13829,13828,2
2020-11-26,15:51:41.066000,13828,13829,13828,1
2020-11-26,15:51:43.327000,13828,13829,13829,10
2020-11-26,15:51:43.879000,13829,13830,13829,1
2020-11-26,15:51:45.403000,13829,13830,13829,1
2020-11-26,15:51:46.413000,13829,13830,13830,1
2020-11-26,15:51:47.536000,13829,13830,13829,1
2020-11-26,15:51:49.665000,13829,13830,13829,4
2020-11-26,15:51:56.791000,13829,13830,13829,7
2020-11-26,15:51:58.506000,13829,13830,13829,1
2020-11-26,15:51:59.623000,13829,13830,13829,1
2020-11-26,15:52:00.492000,13828,13829,13829,2
2020-11-26,15:52:00.624000,13828,13829,13829,1
2020-11-26,15:52:06.137000,13828,13829,13829,1
2020-11-26,15:52:21.521000,13828,13829,13828,1
2020-11-26,15:52:26.638000,13828,13829,13829,1
2020-11-26,15:52:28.818000,13829,13830,13829,1
2020-11-26,15:52:33.271000,13829,13830,13829,2
2020-11-26,15:52:41.291000,13829,13830,13829,3
2020-11-26,15:53:06.699000,13828,13829,13829,1
2020-11-26,15:53:06.867000,13828,13829,13828,10
2020-11-26,15:53:20.949000,13828,13829,13828,4
2020-11-26,15:53:20.949000,13828,13829,13828,4
2020-11-26,15:53:20.949000,13828,13829,13828,1
2020-11-26,15:53:21.153000,13827,13828,13828,2
2020-11-26,15:53:23.897000,13827,13828,13827,2
2020-11-26,15:53:24.009000,13827,13828,13827,4
2020-11-26,15:53:24.009000,13827,13828,13827,6
2020-11-26,15:53:24.981000,13826,13827,13827,2
2020-11-26,15:53:25.592000,13826,13828,13828,2
2020-11-26,15:53:28.518000,13827,13828,13827,4
2020-11-26,15:53:28.518000,13827,13828,13826,1
2020-11-26,15:53:28.724000,13826,13828,13826,1
2020-11-26,15:53:32.644000,13827,13828,13827,2
2020-11-26,15:53:33.615000,13827,13828,13827,1
2020-11-26,15:53:38.221000,13827,13828,13828,1
2020-11-26,15:53:39.161000,13827,13828,13827,1
2020-11-26,15:53:42.475000,13827,13828,13828,6
2020-11-26,15:53:42.476000,13827,13828,13828,3
2020-11-26,15:53:42.476000,13827,13828,13828,4
2020-11-26,15:53:43.676000,13828,13829,13828,1
2020-11-26,15:53:44.285000,13828,13829,13828,1
2020-11-26,15:54:02.189000,13828,13829,13828,1
2020-11-26,15:54:08.571000,13828,13829,13829,1
2020-11-26,15:54:10.405000,13828,13829,13828,2
2020-11-26,15:54:20.048000,13828,13829,13828,1
2020-11-26,15:54:24.232000,13828,13829,13828,1
2020-11-26,15:54:24.785000,13828,13829,13828,4
2020-11-26,15:54:25.017000,13827,13828,13827,1
2020-11-26,15:54:26.744000,13827,13828,13827,1
2020-11-26,15:54:31.891000,13827,13828,13827,3
2020-11-26,15:54:39.852000,13827,13828,13827,9
2020-11-26,15:54:39.854000,13827,13828,13827,1
2020-11-26,15:54:45.047000,13827,13828,13827,1
2020-11-26,15:54:45.364000,13826,13828,13826,1
2020-11-26,15:54:45.402000,13826,13828,13828,3
2020-11-26,15:54:54.016000,13827,13828,13827,1
2020-11-26,15:55:03.469000,13827,13828,13827,1
2020-11-26,15:55:03.725000,13827,13828,13827,1
2020-11-26,15:55:06.468000,13827,13828,13827,1
2020-11-26,15:55:06.468000,13827,13828,13826,1
2020-11-26,15:55:12.522000,13826,13828,13826,1
2020-11-26,15:55:16.724000,13827,13828,13827,1
2020-11-26,15:55:28.107000,13827,13828,13827,1
2020-11-26,15:55:40.850000,13827,13828,13827,1
2020-11-26,15:55:41.612000,13827,13828,13827,1
2020-11-26,15:55:41.612000,13827,13828,13827,1
2020-11-26,15:55:43.680000,13827,13828,13827,1
2020-11-26,15:55:44.211000,13826,13828,13826,1
2020-11-26,15:55:44.361000,13826,13828,13826,1
2020-11-26,15:55:49.887000,13826,13828,13826,1
2020-11-26,15:56:18.916000,13827,13828,13827,1
2020-11-26,15:56:18.922000,13827,13828,13827,1
2020-11-26,15:56:44.621000,13827,13828,13828,2
2020-11-26,15:56:44.627000,13827,13828,13828,1
2020-11-26,15:56:48.716000,13827,13828,13828,1
2020-11-26,15:56:51.932000,13827,13828,13828,1
2020-11-26,15:56:58.996000,13828,13829,13828,1
2020-11-26,15:57:07.911000,13828,13829,13828,1
2020-11-26,15:57:08.389000,13828,13829,13828,1
2020-11-26,15:57:13.685000,13828,13829,13829,1
2020-11-26,15:57:15.427000,13828,13829,13828,1
2020-11-26,15:57:24.267000,13828,13829,13829,1
2020-11-26,15:57:24.630000,13828,13829,13829,4
2020-11-26,15:57:24.631000,13828,13829,13829,10
2020-11-26,15:57:24.631000,13828,13829,13829,1
2020-11-26,15:57:28.632000,13829,13830,13829,1
2020-11-26,15:57:29.512000,13829,13830,13829,1
2020-11-26,15:57:30.934000,13829,13830,13829,1
2020-11-26,15:57:38.550000,13829,13830,13830,16
2020-11-26,15:57:38.743000,13829,13831,13829,2
2020-11-26,15:57:44.716000,13829,13830,13830,1
2020-11-26,15:57:57.419000,13829,13830,13830,10
2020-11-26,15:58:00.315000,13830,13831,13830,2
2020-11-26,15:58:00.319000,13830,13831,13830,9
2020-11-26,15:58:05.713000,13829,13830,13830,1
2020-11-26,15:58:06.416000,13829,13830,13829,1
2020-11-26,15:58:09.028000,13829,13830,13830,1
2020-11-26,15:58:09.781000,13829,13830,13830,1
2020-11-26,15:58:59.261000,13830,13831,13830,1
2020-11-26,15:59:15.317000,13830,13831,13831,2
2020-11-26,15:59:32.647000,13830,13831,13831,10
2020-11-26,15:59:32.648000,13830,13831,13831,4
2020-11-26,15:59:32.648000,13830,13831,13831,5
2020-11-26,15:59:32.648000,13830,13831,13831,1
2020-11-26,15:59:49.213000,13831,13832,13832,1
2020-11-26,15:59:55.253000,13831,13832,13831,1
2020-11-26,15:59:58.367000,13831,13832,13831,3
2020-11-26,15:59:58.368000,13831,13832,13831,8
2020-11-26,15:59:59.127000,13830,13831,13831,5
2020-11-26,15:59:59.534000,13830,13832,13832,1
2020-11-26,16:00:00.299000,13830,13831,13831,1
2020-11-26,16:00:00.430000,13830,13832,13832,40
2020-11-26,16:00:04.185000,13830,13831,13830,16
2020-11-26,16:00:07.910000,13829,13831,13831,3
2020-11-26,16:00:12.052000,13830,13831,13831,1
2020-11-26,16:00:17.351000,13830,13832,13830,1
2020-11-26,16:00:19.725000,13830,13831,13830,2
2020-11-26,16:00:30.027000,13829,13830,13830,2
2020-11-26,16:00:30.526000,13830,13831,13831,1
2020-11-26,16:00:33.931000,13830,13831,13830,3
2020-11-26,16:00:36.927000,13830,13831,13830,1
2020-11-26,16:00:38.273000,13830,13831,13830,1
2020-11-26,16:00:39.233000,13829,13830,13830,1
2020-11-26,16:00:47.911000,13830,13831,13830,1
2020-11-26,16:01:11.651000,13830,13831,13830,1
2020-11-26,16:01:12.784000,13830,13831,13830,1
2020-11-26,16:01:46.599000,13830,13831,13830,4
2020-11-26,16:01:46.599000,13830,13831,13830,2
2020-11-26,16:01:51.302000,13829,13830,13829,5
2020-11-26,16:02:12.671000,13828,13829,13828,6
2020-11-26,16:02:12.671000,13828,13829,13828,1
2020-11-26,16:02:12.671000,13828,13829,13828,1
2020-11-26,16:02:12.671000,13828,13829,13828,1
2020-11-26,16:02:12.671000,13828,13829,13828,1
2020-11-26,16:02:12.672000,13828,13829,13828,1
2020-11-26,16:02:14.401000,13827,13829,13829,1
2020-11-26,16:02:28.982000,13827,13828,13827,1
2020-11-26,16:02:28.982000,13827,13828,13827,2
2020-11-26,16:02:28.982000,13827,13828,13827,2
2020-11-26,16:02:28.982000,13827,13828,13827,2
2020-11-26,16:02:29.331000,13826,13827,13827,4
2020-11-26,16:02:29.331000,13826,13827,13828,6
2020-11-26,16:02:59.362000,13827,13828,13828,1
2020-11-26,16:03:07,13827,13828,13827,1
2020-11-26,16:03:19.024000,13826,13827,13826,13
2020-11-26,16:03:19.463000,13825,13826,13825,1
2020-11-26,16:03:19.483000,13825,13826,13825,1
2020-11-26,16:03:19.531000,13825,13826,13825,2
2020-11-26,16:03:19.553000,13825,13826,13825,2
2020-11-26,16:03:19.677000,13825,13826,13825,4
2020-11-26,16:03:19.677000,13825,13826,13825,5
2020-11-26,16:03:24.587000,13824,13826,13825,1
2020-11-26,16:03:29.950000,13824,13825,13824,1
2020-11-26,16:03:30.205000,13824,13825,13824,1
2020-11-26,16:03:30.319000,13824,13825,13825,1
2020-11-26,16:03:33.553000,13825,13826,13825,3
2020-11-26,16:03:33.859000,13825,13826,13825,1
2020-11-26,16:03:39.810000,13825,13826,13826,1
2020-11-26,16:03:39.810000,13825,13826,13826,2
2020-11-26,16:03:40.064000,13826,13827,13827,2
2020-11-26,16:03:40.081000,13826,13827,13828,1
2020-11-26,16:03:40.092000,13826,13827,13828,1
2020-11-26,16:03:40.108000,13826,13827,13828,1
2020-11-26,16:03:40.126000,13827,13828,13828,2
2020-11-26,16:03:40.138000,13827,13828,13829,1
2020-11-26,16:03:40.170000,13827,13828,13829,1
2020-11-26,16:03:40.201000,13827,13828,13829,1
2020-11-26,16:03:40.649000,13827,13829,13829,3
2020-11-26,16:03:41.071000,13827,13829,13827,1
2020-11-26,16:03:50.763000,13827,13828,13827,1
2020-11-26,16:04:03.859000,13827,13828,13827,1
2020-11-26,16:04:09.965000,13827,13829,13827,1
2020-11-26,16:04:35.329000,13827,13828,13827,1
2020-11-26,16:04:47.445000,13827,13828,13827,1
2020-11-26,16:04:51.679000,13827,13828,13827,1
2020-11-26,16:04:52.884000,13826,13828,13826,1
2020-11-26,16:05:00.816000,13827,13828,13827,2
2020-11-26,16:05:06.034000,13826,13827,13826,3
2020-11-26,16:05:06.715000,13826,13827,13826,3
2020-11-26,16:05:11.921000,13826,13827,13826,2
2020-11-26,16:05:14.589000,13826,13827,13826,3
2020-11-26,16:05:14.590000,13826,13827,13826,1
2020-11-26,16:05:14.590000,13826,13827,13826,3
2020-11-26,16:05:18.078000,13825,13827,13825,1
2020-11-26,16:05:24.180000,13825,13826,13826,1
2020-11-26,16:05:35.021000,13825,13826,13826,1
2020-11-26,16:05:37.688000,13826,13827,13826,1
2020-11-26,16:05:56.117000,13826,13827,13826,1
2020-11-26,16:05:56.933000,13826,13827,13826,1
2020-11-26,16:06:05.042000,13826,13827,13826,1
2020-11-26,16:06:08.718000,13826,13827,13826,1
2020-11-26,16:06:08.718000,13826,13827,13826,1
2020-11-26,16:06:10.001000,13825,13826,13826,1
2020-11-26,16:06:15.460000,13825,13826,13826,1
2020-11-26,16:06:52.853000,13826,13827,13827,1
2020-11-26,16:06:52.854000,13826,13827,13827,5
2020-11-26,16:07:09.108000,13827,13828,13828,1
2020-11-26,16:07:32.508000,13827,13828,13827,1
2020-11-26,16:07:33.826000,13827,13828,13828,1
2020-11-26,16:07:33.826000,13827,13828,13828,4
2020-11-26,16:07:33.827000,13827,13828,13828,2
2020-11-26,16:07:34.979000,13828,13829,13828,1
2020-11-26,16:07:48.791000,13827,13828,13828,1
2020-11-26,16:07:57.305000,13828,13829,13828,1
2020-11-26,16:08:04.066000,13828,13829,13828,1
2020-11-26,16:08:09.230000,13827,13829,13827,3
2020-11-26,16:08:23.067000,13827,13829,13829,1
2020-11-26,16:08:23.661000,13828,13829,13828,1
2020-11-26,16:08:24.479000,13828,13829,13828,1
2020-11-26,16:08:37.460000,13828,13829,13828,2
2020-11-26,16:09:02.200000,13827,13828,13828,1
2020-11-26,16:09:02.516000,13827,13828,13828,1
2020-11-26,16:09:30.187000,13827,13828,13828,1
2020-11-26,16:09:56.171000,13827,13828,13828,1
2020-11-26,16:09:57.367000,13827,13828,13828,2
2020-11-26,16:10:12.542000,13828,13829,13828,3
2020-11-26,16:10:18.263000,13828,13829,13828,1
2020-11-26,16:10:34.608000,13828,13829,13829,8
2020-11-26,16:10:42.168000,13828,13830,13828,1
2020-11-26,16:10:50.647000,13828,13829,13829,1
2020-11-26,16:10:55.216000,13829,13830,13829,1
2020-11-26,16:10:58.832000,13829,13830,13830,1
2020-11-26,16:11:10.643000,13829,13830,13830,1
2020-11-26,16:11:10.643000,13829,13830,13830,5
2020-11-26,16:11:10.643000,13829,13830,13830,1
2020-11-26,16:11:18.012000,13830,13831,13831,2
2020-11-26,16:11:19.150000,13830,13831,13830,1
2020-11-26,16:11:23.658000,13830,13831,13830,1
2020-11-26,16:11:28.853000,13830,13831,13831,3
2020-11-26,16:11:28.854000,13830,13831,13831,1
2020-11-26,16:11:28.854000,13830,13831,13831,1
2020-11-26,16:11:28.854000,13830,13831,13831,1
2020-11-26,16:11:29.235000,13831,13832,13832,2
2020-11-26,16:11:29.235000,13831,13832,13832,1
2020-11-26,16:11:29.236000,13831,13832,13833,8
2020-11-26,16:11:29.237000,13831,13832,13833,1
2020-11-26,16:11:29.246000,13831,13832,13833,1
2020-11-26,16:11:29.247000,13831,13832,13833,1
2020-11-26,16:11:29.624000,13832,13833,13833,1
2020-11-26,16:11:31.102000,13831,13833,13832,1
2020-11-26,16:11:49.189000,13831,13832,13832,1
2020-11-26,16:11:51.242000,13831,13832,13832,1
2020-11-26,16:11:52.910000,13831,13832,13832,1
2020-11-26,16:11:59.769000,13831,13832,13831,1
2020-11-26,16:11:59.769000,13831,13832,13831,4
2020-11-26,16:12:33.489000,13831,13832,13832,10
2020-11-26,16:13:01.953000,13831,13832,13831,2
2020-11-26,16:13:01.954000,13831,13832,13831,2
2020-11-26,16:13:02.007000,13830,13831,13831,5
2020-11-26,16:13:02.013000,13830,13831,13831,1
2020-11-26,16:13:10.190000,13830,13831,13831,1
2020-11-26,16:13:19.681000,13830,13831,13831,1
2020-11-26,16:13:43.315000,13831,13832,13832,1
2020-11-26,16:13:46.621000,13831,13832,13832,1
2020-11-26,16:13:47.171000,13831,13832,13832,1
2020-11-26,16:13:47.172000,13831,13832,13832,2
2020-11-26,16:13:53.659000,13832,13833,13833,4
2020-11-26,16:13:53.660000,13832,13833,13833,17
2020-11-26,16:13:58.649000,13833,13834,13834,1
2020-11-26,16:13:58.937000,13833,13834,13834,3
2020-11-26,16:13:59.401000,13833,13834,13834,1
2020-11-26,16:14:01.036000,13833,13834,13834,1
2020-11-26,16:14:01.984000,13833,13834,13834,1
2020-11-26,16:14:02.141000,13833,13834,13834,1
2020-11-26,16:14:02.738000,13833,13834,13834,1
2020-11-26,16:14:03.619000,13833,13834,13834,1
2020-11-26,16:14:08.543000,13833,13834,13833,1
2020-11-26,16:14:08.543000,13833,13834,13833,17
2020-11-26,16:14:08.543000,13833,13834,13833,1
2020-11-26,16:14:08.544000,13833,13834,13833,2
2020-11-26,16:14:08.544000,13833,13834,13833,1
2020-11-26,16:14:08.544000,13833,13834,13833,1
2020-11-26,16:14:08.544000,13833,13834,13833,1
2020-11-26,16:14:08.544000,13833,13834,13833,1
2020-11-26,16:14:08.544000,13833,13834,13833,1
2020-11-26,16:14:08.544000,13833,13834,13833,1
2020-11-26,16:14:09.207000,13832,13833,13833,1
2020-11-26,16:14:09.629000,13832,13834,13834,1
2020-11-26,16:14:10.891000,13833,13834,13834,20
2020-11-26,16:14:14.445000,13834,13835,13835,3
2020-11-26,16:14:17.298000,13834,13835,13834,1
2020-11-26,16:14:18.450000,13833,13835,13834,1
2020-11-26,16:14:19.612000,13833,13835,13834,1
2020-11-26,16:14:20.195000,13833,13834,13834,3
2020-11-26,16:14:21.066000,13833,13834,13834,1
2020-11-26,16:14:22.859000,13833,13835,13835,1
2020-11-26,16:14:27.265000,13834,13835,13834,4
2020-11-26,16:14:40.794000,13833,13834,13834,3
2020-11-26,16:14:40.796000,13833,13834,13834,2
2020-11-26,16:14:45.511000,13833,13834,13834,1
2020-11-26,16:14:56.945000,13833,13834,13833,1
2020-11-26,16:14:58.424000,13833,13834,13834,6
2020-11-26,16:14:58.905000,13834,13835,13834,1
2020-11-26,16:14:59.323000,13834,13835,13834,1
2020-11-26,16:15:00.535000,13834,13835,13834,1
2020-11-26,16:15:05.777000,13833,13834,13833,3
2020-11-26,16:15:07.192000,13832,13833,13833,5
2020-11-26,16:15:14.214000,13832,13833,13832,1
2020-11-26,16:15:20.169000,13832,13833,13832,1
2020-11-26,16:15:24.561000,13831,13832,13832,2
2020-11-26,16:15:28.489000,13832,13834,13832,1
2020-11-26,16:15:40.038000,13832,13834,13832,1
2020-11-26,16:15:51.467000,13832,13833,13833,4
2020-11-26,16:16:16.093000,13833,13834,13833,12
2020-11-26,16:16:23.229000,13832,13833,13832,1
2020-11-26,16:16:29.794000,13832,13833,13832,1
2020-11-26,16:16:29.795000,13832,13833,13832,2
2020-11-26,16:16:31.852000,13831,13833,13831,1
2020-11-26,16:16:36.974000,13831,13833,13831,1
2020-11-26,16:17:02.601000,13831,13832,13832,1
2020-11-26,16:17:02.601000,13831,13832,13832,4
2020-11-26,16:17:27.314000,13832,13833,13832,1
2020-11-26,16:17:42.214000,13831,13833,13831,2
2020-11-26,16:18:02.523000,13831,13832,13832,1
2020-11-26,16:18:02.809000,13832,13833,13833,9
2020-11-26,16:18:22.978000,13833,13834,13833,1
2020-11-26,16:18:29.399000,13832,13833,13833,1
2020-11-26,16:18:32.568000,13832,13833,13832,1
2020-11-26,16:18:32.569000,13832,13833,13832,2
2020-11-26,16:18:47.237000,13832,13833,13832,1
2020-11-26,16:19:03.186000,13832,13834,13833,1
2020-11-26,16:19:08.773000,13832,13833,13832,9
2020-11-26,16:19:10.512000,13832,13833,13832,4
2020-11-26,16:19:37.749000,13832,13833,13832,1
2020-11-26,16:19:58.142000,13831,13832,13831,3
2020-11-26,16:19:58.235000,13831,13832,13831,1
2020-11-26,16:19:58.236000,13831,13832,13831,4
2020-11-26,16:19:58.236000,13831,13832,13831,4
2020-11-26,16:19:58.236000,13831,13832,13831,1
2020-11-26,16:19:58.236000,13831,13832,13831,8
2020-11-26,16:19:58.240000,13831,13832,13830,1
2020-11-26,16:19:58.375000,13830,13831,13830,1
2020-11-26,16:20:19.341000,13830,13831,13831,3
2020-11-26,16:20:24.222000,13831,13832,13831,3
2020-11-26,16:20:32.931000,13831,13832,13832,1
2020-11-26,16:20:36.669000,13831,13832,13831,1
2020-11-26,16:20:53.619000,13830,13831,13831,1
2020-11-26,16:21:02.202000,13831,13832,13831,1
2020-11-26,16:21:21.891000,13830,13831,13830,5
2020-11-26,16:21:40.802000,13830,13831,13831,8
2020-11-26,16:21:41.153000,13830,13832,13832,1
2020-11-26,16:21:41.209000,13830,13832,13832,1
2020-11-26,16:21:41.529000,13831,13832,13832,1
2020-11-26,16:21:42.950000,13831,13832,13832,1
2020-11-26,16:21:52.405000,13830,13832,13832,1
2020-11-26,16:22:09.779000,13830,13832,13832,4
2020-11-26,16:22:47.156000,13831,13832,13832,1
2020-11-26,16:22:49.306000,13831,13832,13832,2
2020-11-26,16:23:19.069000,13831,13832,13831,2
2020-11-26,16:23:30.041000,13830,13831,13830,3
2020-11-26,16:23:44.246000,13829,13830,13830,1
2020-11-26,16:24:00.806000,13829,13830,13829,4
2020-11-26,16:24:00.806000,13829,13830,13829,1
2020-11-26,16:24:00.897000,13828,13830,13828,5
2020-11-26,16:24:09.095000,13828,13830,13828,1
2020-11-26,16:24:36.351000,13829,13830,13830,1
2020-11-26,16:25:25.646000,13830,13831,13831,1
2020-11-26,16:25:36.668000,13830,13831,13831,1
2020-11-26,16:25:36.668000,13830,13831,13832,2
2020-11-26,16:25:51.058000,13831,13832,13832,1
2020-11-26,16:26:00.525000,13831,13832,13832,2
2020-11-26,16:26:00.996000,13832,13833,13832,2
2020-11-26,16:26:02.366000,13831,13832,13831,2
2020-11-26,16:27:18.736000,13831,13832,13831,1
2020-11-26,16:27:59.496000,13831,13832,13831,1
2020-11-26,16:28:22.182000,13831,13832,13831,1
2020-11-26,16:28:23.704000,13831,13832,13831,1
2020-11-26,16:28:59.233000,13831,13832,13832,1
2020-11-26,16:28:59.233000,13831,13832,13832,5
2020-11-26,16:28:59.233000,13831,13832,13832,7
2020-11-26,16:29:43.199000,13831,13832,13832,1
2020-11-26,16:29:43.200000,13831,13832,13832,1
2020-11-26,16:29:47.814000,13832,13833,13833,2
2020-11-26,16:29:51.413000,13832,13833,13833,2
2020-11-26,16:29:52.383000,13832,13833,13833,1
2020-11-26,16:29:53.098000,13832,13833,13833,2
2020-11-26,16:30:01.034000,13832,13833,13833,1
2020-11-26,16:30:03.477000,13831,13833,13833,1
2020-11-26,16:30:13.054000,13832,13833,13833,1
2020-11-26,16:30:50.914000,13832,13833,13832,1
2020-11-26,16:31:18.399000,13831,13833,13831,1
2020-11-26,16:31:18.488000,13831,13833,13831,1
2020-11-26,16:31:18.488000,13831,13833,13831,1
2020-11-26,16:31:18.489000,13831,13833,13831,1
2020-11-26,16:31:18.489000,13831,13833,13831,1
2020-11-26,16:31:18.490000,13831,13833,13831,1
2020-11-26,16:31:18.490000,13831,13833,13831,1
2020-11-26,16:31:18.490000,13831,13833,13831,1
2020-11-26,16:31:18.490000,13831,13833,13831,1
2020-11-26,16:31:18.490000,13831,13833,13830,1
2020-11-26,16:31:18.490000,13831,13833,13830,1
2020-11-26,16:31:18.491000,13831,13833,13830,1
2020-11-26,16:31:18.493000,13831,13833,13830,1
2020-11-26,16:31:18.494000,13831,13833,13830,1
2020-11-26,16:31:18.494000,13831,13833,13830,1
2020-11-26,16:31:18.495000,13831,13833,13830,1
2020-11-26,16:31:18.495000,13831,13833,13830,1
2020-11-26,16:31:18.907000,13830,13831,13831,4
2020-11-26,16:31:21.449000,13830,13832,13830,7
2020-11-26,16:31:21.450000,13830,13832,13830,2
2020-11-26,16:31:21.487000,13830,13831,13831,1
2020-11-26,16:31:21.487000,13830,13831,13831,1
2020-11-26,16:31:21.487000,13830,13831,13832,1
2020-11-26,16:31:21.487000,13830,13831,13832,1
2020-11-26,16:31:21.487000,13830,13831,13832,1
2020-11-26,16:31:21.488000,13830,13831,13832,1
2020-11-26,16:31:21.489000,13830,13831,13832,1
2020-11-26,16:31:21.489000,13830,13831,13832,1
2020-11-26,16:31:21.489000,13830,13831,13833,1
2020-11-26,16:31:21.489000,13830,13831,13833,1
2020-11-26,16:31:21.490000,13830,13831,13833,1
2020-11-26,16:31:21.491000,13830,13831,13833,1
2020-11-26,16:31:21.493000,13830,13831,13833,1
2020-11-26,16:31:21.494000,13830,13831,13833,1
2020-11-26,16:31:21.494000,13830,13831,13833,1
2020-11-26,16:31:21.495000,13830,13831,13833,1
2020-11-26,16:32:01.390000,13831,13832,13831,3
2020-11-26,16:32:01.390000,13831,13832,13831,3
2020-11-26,16:32:05.762000,13829,13831,13831,4
2020-11-26,16:32:06.099000,13829,13831,13831,4
2020-11-26,16:32:09.847000,13829,13831,13831,1
2020-11-26,16:32:10.135000,13830,13831,13830,1
2020-11-26,16:32:31.955000,13830,13831,13830,1
2020-11-26,16:32:32.417000,13829,13830,13830,1
2020-11-26,16:32:32.417000,13829,13830,13831,3
2020-11-26,16:32:43.617000,13830,13831,13831,1
2020-11-26,16:32:43.617000,13830,13831,13831,2
2020-11-26,16:32:43.617000,13830,13831,13831,3
2020-11-26,16:32:49.125000,13830,13832,13830,1
2020-11-26,16:33:01.468000,13831,13832,13831,1
2020-11-26,16:33:01.468000,13831,13832,13830,1
2020-11-26,16:33:17.029000,13831,13832,13831,5
2020-11-26,16:33:17.029000,13831,13832,13830,1
2020-11-26,16:33:21.302000,13831,13832,13831,1
2020-11-26,16:33:25.659000,13830,13832,13832,5
2020-11-26,16:33:26.014000,13831,13832,13832,5
2020-11-26,16:33:58.380000,13831,13832,13832,1
2020-11-26,16:34:02.321000,13831,13832,13832,1
2020-11-26,16:34:54.553000,13830,13831,13831,1
2020-11-26,16:35:02.312000,13830,13831,13831,4
2020-11-26,16:35:02.313000,13830,13831,13831,2
2020-11-26,16:35:02.822000,13830,13832,13832,2
2020-11-26,16:35:11.455000,13831,13832,13832,2
2020-11-26,16:35:13.875000,13831,13833,13833,1
2020-11-26,16:35:37.806000,13831,13832,13832,1
2020-11-26,16:35:53.963000,13832,13833,13832,1
2020-11-26,16:36:31.246000,13832,13833,13832,1
2020-11-26,16:36:35.568000,13831,13833,13831,1
2020-11-26,16:36:59.253000,13831,13832,13831,4
2020-11-26,16:36:59.750000,13830,13832,13832,1
2020-11-26,16:37:12.402000,13831,13832,13832,2
2020-11-26,16:37:13.782000,13831,13832,13832,1
2020-11-26,16:37:17.778000,13831,13832,13832,1
2020-11-26,16:37:49.526000,13831,13832,13832,1
2020-11-26,16:38:55.202000,13831,13832,13832,1
2020-11-26,16:39:26.906000,13831,13832,13832,1
2020-11-26,16:39:52.146000,13831,13832,13831,2
2020-11-26,16:39:52.620000,13830,13831,13831,1
2020-11-26,16:39:53.042000,13830,13832,13832,3
2020-11-26,16:39:53.524000,13831,13832,13832,1
2020-11-26,16:39:55.296000,13831,13833,13833,1
2020-11-26,16:39:55.698000,13831,13833,13831,1
2020-11-26,16:40:02.927000,13830,13831,13830,1
2020-11-26,16:40:09.870000,13830,13831,13831,2
2020-11-26,16:40:26.109000,13830,13831,13831,1
2020-11-26,16:40:26.165000,13830,13831,13831,1
2020-11-26,16:40:30.525000,13830,13831,13831,2
2020-11-26,16:41:48.782000,13831,13832,13832,2
2020-11-26,16:41:55.282000,13831,13832,13832,1
2020-11-26,16:42:03.234000,13832,13833,13832,1
2020-11-26,16:42:12.800000,13832,13833,13832,2
2020-11-26,16:42:27.340000,13831,13832,13832,1
2020-11-26,16:42:27.340000,13831,13832,13832,1
2020-11-26,16:43:24.201000,13831,13832,13831,2
2020-11-26,16:43:29.671000,13830,13831,13831,1
2020-11-26,16:43:33.374000,13830,13832,13830,8
2020-11-26,16:43:33.375000,13830,13832,13830,2
2020-11-26,16:44:03.018000,13831,13832,13831,1
2020-11-26,16:44:20.155000,13831,13832,13832,4
2020-11-26,16:45:00.266000,13831,13832,13832,3
2020-11-26,16:45:15.584000,13832,13833,13832,1
2020-11-26,16:45:20.871000,13832,13833,13832,1
2020-11-26,16:45:25.283000,13831,13832,13831,2
2020-11-26,16:45:25.283000,13831,13832,13831,2
2020-11-26,16:45:52.490000,13831,13832,13832,5
2020-11-26,16:45:53.338000,13831,13833,13831,2
2020-11-26,16:46:28.474000,13831,13833,13831,6
2020-11-26,16:46:28.475000,13831,13833,13831,5
2020-11-26,16:46:28.475000,13831,13833,13831,1
2020-11-26,16:46:28.475000,13831,13833,13831,3
2020-11-26,16:46:44.815000,13831,13832,13831,1
2020-11-26,16:46:46.056000,13831,13832,13832,4
2020-11-26,16:47:24.184000,13832,13833,13832,2
2020-11-26,16:47:25.854000,13832,13833,13832,1
2020-11-26,16:48:13.177000,13832,13833,13832,1
2020-11-26,16:48:45.053000,13832,13833,13832,1
2020-11-26,16:49:03.922000,13832,13833,13832,1
2020-11-26,16:49:03.923000,13832,13833,13832,1
2020-11-26,16:49:03.923000,13832,13833,13832,3
2020-11-26,16:49:25.413000,13831,13833,13831,3
2020-11-26,16:49:32.789000,13831,13832,13831,1
2020-11-26,16:50:11.090000,13830,13831,13830,1
2020-11-26,16:50:11.656000,13830,13831,13831,2
2020-11-26,16:50:12.184000,13830,13831,13830,8
2020-11-26,16:50:17.299000,13829,13830,13829,1
2020-11-26,16:50:36.239000,13829,13830,13829,1
2020-11-26,16:50:45.276000,13829,13830,13829,1
2020-11-26,16:51:02.197000,13829,13830,13829,1
2020-11-26,16:51:03.665000,13829,13830,13829,9
2020-11-26,16:51:04.400000,13828,13829,13829,1
2020-11-26,16:51:04.774000,13828,13830,13830,2
2020-11-26,16:51:39.616000,13829,13830,13830,4
2020-11-26,16:51:39.617000,13829,13830,13830,1
2020-11-26,16:52:14.389000,13829,13831,13829,1
2020-11-26,16:52:34.165000,13829,13831,13829,1
2020-11-26,16:52:39.537000,13828,13829,13828,1
2020-11-26,16:52:40.681000,13828,13829,13828,1
2020-11-26,16:52:40.841000,13828,13829,13828,1
2020-11-26,16:52:58.956000,13828,13829,13828,10
2020-11-26,16:53:01.640000,13827,13828,13828,1
2020-11-26,16:53:04.522000,13827,13828,13827,1
2020-11-26,16:53:04.775000,13827,13828,13827,1
2020-11-26,16:53:04.871000,13827,13828,13827,1
2020-11-26,16:53:04.881000,13827,13828,13827,1
2020-11-26,16:53:04.893000,13827,13828,13827,1
2020-11-26,16:53:04.911000,13827,13828,13827,1
2020-11-26,16:53:04.923000,13827,13828,13827,1
2020-11-26,16:53:07.039000,13827,13828,13827,7
2020-11-26,16:53:07.039000,13827,13828,13827,2
2020-11-26,16:53:07.039000,13827,13828,13827,1
2020-11-26,16:53:07.040000,13827,13828,13827,1
2020-11-26,16:53:07.040000,13827,13828,13827,1
2020-11-26,16:53:13.694000,13826,13828,13826,4
2020-11-26,16:53:26.733000,13826,13827,13826,1
2020-11-26,16:53:36.831000,13826,13827,13826,1
2020-11-26,16:53:41.263000,13826,13827,13826,1
2020-11-26,16:53:42.888000,13826,13827,13826,5
2020-11-26,16:53:42.889000,13826,13827,13826,6
2020-11-26,16:53:46.651000,13825,13826,13825,3
2020-11-26,16:53:46.651000,13825,13826,13825,3
2020-11-26,16:53:46.862000,13825,13826,13825,1
2020-11-26,16:53:46.931000,13825,13826,13825,1
2020-11-26,16:53:47.219000,13824,13826,13824,1
2020-11-26,16:53:47.358000,13824,13826,13824,1
2020-11-26,16:53:47.749000,13824,13826,13824,1
2020-11-26,16:53:51.830000,13825,13826,13825,1
2020-11-26,16:53:53.709000,13824,13825,13824,1
2020-11-26,16:53:57.001000,13824,13825,13824,1
2020-11-26,16:53:59.093000,13824,13825,13824,3
2020-11-26,16:53:59.544000,13824,13825,13824,5
2020-11-26,16:54:05.057000,13824,13825,13824,1
2020-11-26,16:54:06.205000,13824,13825,13824,10
2020-11-26,16:54:06.589000,13824,13825,13824,1
2020-11-26,16:54:11.942000,13824,13825,13824,4
2020-11-26,16:54:13.582000,13824,13825,13824,1
2020-11-26,16:54:14.227000,13824,13825,13824,1
2020-11-26,16:54:15.280000,13824,13825,13824,1
2020-11-26,16:54:15.722000,13824,13825,13824,1
2020-11-26,16:54:17.029000,13824,13825,13824,1
2020-11-26,16:54:29.058000,13824,13825,13825,1
2020-11-26,16:54:29.059000,13824,13825,13825,4
2020-11-26,16:54:29.059000,13824,13825,13825,3
2020-11-26,16:54:29.059000,13824,13825,13825,6
2020-11-26,16:54:29.615000,13825,13826,13825,1
2020-11-26,16:54:38.098000,13825,13826,13825,2
2020-11-26,16:54:39.793000,13825,13826,13826,1
2020-11-26,16:54:49.422000,13825,13826,13825,2
2020-11-26,16:55:02.080000,13825,13826,13825,6
2020-11-26,16:55:08.376000,13825,13826,13825,2
2020-11-26,16:55:09.897000,13825,13826,13825,1
2020-11-26,16:55:10.179000,13824,13826,13825,1
2020-11-26,16:55:10.742000,13825,13826,13826,1
2020-11-26,16:55:11.678000,13825,13826,13825,1
2020-11-26,16:55:27.732000,13825,13826,13825,9
2020-11-26,16:55:30.918000,13825,13826,13825,1
2020-11-26,16:55:32.333000,13824,13825,13825,1
2020-11-26,16:55:32.333000,13824,13825,13825,1
2020-11-26,16:55:40.380000,13824,13825,13825,1
2020-11-26,16:55:52.054000,13825,13826,13826,3
2020-11-26,16:55:54.657000,13826,13827,13826,1
2020-11-26,16:55:58.006000,13826,13827,13826,1
2020-11-26,16:56:04.957000,13825,13826,13825,5
2020-11-26,16:56:04.978000,13825,13826,13825,1
2020-11-26,16:56:11.851000,13825,13826,13825,1
2020-11-26,16:56:28.785000,13824,13825,13824,13
2020-11-26,16:56:28.987000,13823,13824,13824,1
2020-11-26,16:56:33.131000,13823,13824,13824,1
2020-11-26,16:56:34.218000,13823,13824,13824,1
2020-11-26,16:56:34.822000,13823,13824,13823,5
2020-11-26,16:56:34.822000,13823,13824,13823,6
2020-11-26,16:56:34.823000,13823,13824,13823,2
2020-11-26,16:56:34.823000,13823,13824,13823,3
2020-11-26,16:56:34.891000,13822,13823,13822,1
2020-11-26,16:56:34.995000,13822,13824,13822,5
2020-11-26,16:56:35.021000,13822,13824,13822,2
2020-11-26,16:56:35.079000,13822,13824,13822,2
2020-11-26,16:56:35.088000,13822,13824,13822,1
2020-11-26,16:56:35.110000,13822,13823,13822,3
2020-11-26,16:56:35.111000,13822,13823,13822,5
2020-11-26,16:56:35.355000,13821,13822,13822,1
2020-11-26,16:56:36.983000,13821,13822,13822,1
2020-11-26,16:56:38.362000,13821,13823,13823,1
2020-11-26,16:56:44.225000,13822,13823,13822,1
2020-11-26,16:56:47.140000,13822,13823,13822,1
2020-11-26,16:56:47.356000,13822,13823,13822,1
2020-11-26,16:56:48.989000,13821,13823,13821,2
2020-11-26,16:56:49.983000,13821,13822,13822,1
2020-11-26,16:56:50.529000,13821,13823,13821,1
2020-11-26,16:56:53.138000,13821,13822,13821,2
2020-11-26,16:56:53.845000,13821,13822,13821,4
2020-11-26,16:56:55.398000,13821,13822,13821,1
2020-11-26,16:57:01.732000,13821,13822,13822,1
2020-11-26,16:57:01.885000,13821,13822,13821,1
2020-11-26,16:57:02.354000,13821,13822,13821,2
2020-11-26,16:57:02.711000,13821,13822,13822,1
2020-11-26,16:57:06.219000,13821,13822,13821,2
2020-11-26,16:57:06.698000,13821,13822,13822,1
2020-11-26,16:57:11.664000,13821,13822,13821,4
2020-11-26,16:57:14.266000,13820,13821,13820,2
2020-11-26,16:57:14.387000,13820,13821,13820,4
2020-11-26,16:57:14.388000,13820,13821,13820,5
2020-11-26,16:57:14.407000,13820,13821,13820,1
2020-11-26,16:57:14.409000,13820,13821,13820,1
2020-11-26,16:57:14.654000,13820,13821,13820,1
2020-11-26,16:57:15.894000,13820,13821,13820,1
2020-11-26,16:57:17.896000,13820,13821,13820,2
2020-11-26,16:57:20.576000,13820,13821,13820,1
2020-11-26,16:57:23.658000,13820,13821,13820,1
2020-11-26,16:57:25.844000,13820,13821,13820,16
2020-11-26,16:57:25.844000,13820,13821,13820,1
2020-11-26,16:57:25.845000,13820,13821,13820,1
2020-11-26,16:57:25.845000,13820,13821,13820,2
2020-11-26,16:57:27.954000,13819,13820,13819,1
2020-11-26,16:57:28.023000,13819,13820,13819,1
2020-11-26,16:57:28.734000,13819,13820,13820,3
2020-11-26,16:57:30.448000,13819,13820,13819,2
2020-11-26,16:57:33.158000,13819,13820,13819,1
2020-11-26,16:57:33.993000,13819,13820,13819,7
2020-11-26,16:57:33.994000,13819,13820,13819,4
2020-11-26,16:57:33.994000,13819,13820,13819,1
2020-11-26,16:57:33.994000,13819,13820,13819,22
2020-11-26,16:57:34.113000,13818,13819,13818,1
2020-11-26,16:57:37.714000,13818,13820,13820,1
2020-11-26,16:57:37.781000,13818,13820,13818,5
2020-11-26,16:57:39.179000,13818,13820,13818,3
2020-11-26,16:57:39.661000,13818,13820,13818,1
2020-11-26,16:57:43.640000,13818,13819,13819,1
2020-11-26,16:57:49.578000,13818,13819,13818,1
2020-11-26,16:57:52.830000,13818,13819,13818,1
2020-11-26,16:57:53.855000,13818,13819,13818,3
2020-11-26,16:57:53.855000,13818,13819,13818,1
2020-11-26,16:57:54.143000,13818,13819,13819,4
2020-11-26,16:57:54.325000,13818,13820,13818,1
2020-11-26,16:57:56.004000,13818,13820,13818,1
2020-11-26,16:57:57.537000,13818,13820,13818,2
2020-11-26,16:58:00.102000,13818,13820,13818,1
2020-11-26,16:58:00.271000,13818,13820,13820,4
2020-11-26,16:58:03.923000,13819,13820,13819,3
2020-11-26,16:58:05.161000,13818,13820,13818,1
2020-11-26,16:58:10.003000,13818,13820,13820,1
2020-11-26,16:58:12.884000,13819,13820,13820,1
2020-11-26,16:58:13.112000,13819,13820,13820,1
2020-11-26,16:58:13.712000,13819,13820,13820,1
2020-11-26,16:58:14.611000,13819,13820,13820,5
2020-11-26,16:58:14.611000,13819,13820,13820,1
2020-11-26,16:58:17.881000,13819,13821,13819,13
2020-11-26,16:58:17.881000,13819,13821,13818,4
2020-11-26,16:58:18.690000,13818,13820,13820,2
2020-11-26,16:58:24.944000,13819,13820,13820,1
2020-11-26,16:58:25.689000,13819,13821,13820,1
2020-11-26,16:58:25.985000,13820,13821,13821,3
2020-11-26,16:58:26.818000,13820,13821,13820,1
2020-11-26,16:58:28.879000,13820,13821,13820,1
2020-11-26,16:58:29.688000,13819,13820,13820,1
2020-11-26,16:58:33.222000,13820,13821,13820,1
2020-11-26,16:58:36.947000,13820,13821,13820,1
2020-11-26,16:58:39.753000,13820,13821,13821,1
2020-11-26,16:58:40.465000,13820,13821,13821,2
2020-11-26,16:58:41.388000,13820,13821,13820,1
2020-11-26,16:58:44.443000,13820,13821,13821,4
2020-11-26,16:58:46.481000,13820,13822,13820,1
2020-11-26,16:58:48.166000,13821,13822,13821,1
2020-11-26,16:58:55.085000,13821,13822,13821,1
2020-11-26,16:58:56.089000,13821,13822,13821,4
2020-11-26,16:58:56.189000,13820,13821,13821,4
2020-11-26,16:58:56.189000,13820,13821,13822,2
2020-11-26,16:59:01.065000,13821,13822,13821,1
2020-11-26,16:59:03.794000,13820,13821,13820,1
2020-11-26,16:59:03.796000,13820,13821,13820,2
2020-11-26,16:59:03.796000,13820,13821,13820,2
2020-11-26,16:59:03.796000,13820,13821,13820,2
2020-11-26,16:59:03.796000,13820,13821,13820,2
2020-11-26,16:59:03.797000,13820,13821,13820,4
2020-11-26,16:59:03.797000,13820,13821,13820,2
2020-11-26,16:59:03.797000,13820,13821,13820,1
2020-11-26,16:59:04.679000,13819,13820,13819,1
2020-11-26,16:59:06.230000,13819,13820,13820,1
2020-11-26,16:59:07.128000,13819,13821,13820,1
2020-11-26,16:59:11.214000,13820,13821,13820,1
2020-11-26,16:59:12.148000,13820,13821,13820,2
2020-11-26,16:59:12.859000,13820,13821,13820,1
2020-11-26,16:59:23.572000,13819,13820,13820,1
2020-11-26,16:59:25.504000,13820,13821,13820,1
2020-11-26,16:59:25.567000,13820,13821,13820,1
2020-11-26,16:59:29.357000,13820,13821,13820,1
2020-11-26,16:59:32.464000,13819,13820,13820,1
2020-11-26,16:59:40.121000,13819,13820,13819,7
2020-11-26,16:59:41.753000,13818,13819,13819,1
2020-11-26,16:59:43.596000,13818,13820,13818,1
2020-11-26,16:59:44.595000,13818,13820,13820,1
2020-11-26,16:59:45.243000,13818,13820,13820,1
2020-11-26,16:59:47.793000,13818,13820,13818,2
2020-11-26,16:59:55.270000,13819,13820,13819,2
2020-11-26,16:59:56.900000,13818,13819,13819,1
2020-11-26,17:00:02.665000,13818,13819,13818,1
2020-11-26,17:00:02.667000,13818,13819,13818,2
2020-11-26,17:00:02.670000,13818,13819,13818,1
2020-11-26,17:00:03.281000,13818,13819,13818,3
2020-11-26,17:00:03.356000,13818,13819,13818,2
2020-11-26,17:00:03.357000,13818,13819,13818,3
2020-11-26,17:00:03.585000,13817,13819,13817,1
2020-11-26,17:00:03.598000,13817,13819,13817,1
2020-11-26,17:00:03.598000,13817,13819,13817,1
2020-11-26,17:00:03.599000,13817,13819,13817,1
2020-11-26,17:00:03.599000,13817,13819,13817,1
2020-11-26,17:00:03.608000,13817,13819,13817,2
2020-11-26,17:00:03.609000,13817,13819,13817,1
2020-11-26,17:00:03.610000,13817,13818,13817,1
2020-11-26,17:00:03.630000,13817,13818,13817,1
2020-11-26,17:00:03.630000,13817,13818,13817,1
2020-11-26,17:00:03.645000,13817,13818,13818,6
2020-11-26,17:00:03.645000,13817,13818,13818,1
2020-11-26,17:00:03.650000,13817,13818,13818,1
2020-11-26,17:00:03.653000,13817,13818,13819,2
2020-11-26,17:00:03.696000,13817,13818,13817,5
2020-11-26,17:00:03.746000,13817,13818,13817,2
2020-11-26,17:00:03.746000,13817,13818,13816,1
2020-11-26,17:00:03.746000,13817,13818,13816,1
2020-11-26,17:00:04.443000,13816,13818,13816,4
2020-11-26,17:00:04.488000,13816,13818,13816,1
2020-11-26,17:00:04.505000,13816,13818,13816,1
2020-11-26,17:00:04.522000,13816,13818,13816,1
2020-11-26,17:00:04.546000,13816,13818,13816,1
2020-11-26,17:00:04.577000,13816,13818,13816,1
2020-11-26,17:00:04.611000,13816,13817,13816,2
2020-11-26,17:00:04.611000,13816,13817,13815,2
2020-11-26,17:00:04.645000,13816,13817,13815,1
2020-11-26,17:00:04.671000,13816,13817,13815,1
2020-11-26,17:00:04.693000,13816,13817,13815,1
2020-11-26,17:00:04.806000,13815,13817,13815,4
2020-11-26,17:00:04.986000,13816,13817,13816,2
2020-11-26,17:00:05.420000,13816,13817,13816,1
2020-11-26,17:00:09.547000,13816,13818,13816,4
2020-11-26,17:00:14.207000,13816,13817,13816,5
2020-11-26,17:00:14.207000,13816,13817,13815,3
2020-11-26,17:00:15.726000,13816,13817,13816,1
2020-11-26,17:00:16.822000,13816,13817,13816,1
2020-11-26,17:00:18.794000,13816,13817,13816,1
2020-11-26,17:00:18.927000,13816,13817,13817,1
2020-11-26,17:00:19.230000,13816,13817,13816,2
2020-11-26,17:00:21.181000,13816,13817,13816,2
2020-11-26,17:00:21.181000,13816,13817,13815,2
2020-11-26,17:00:21.523000,13815,13817,13815,5
2020-11-26,17:00:22.749000,13816,13817,13816,1
2020-11-26,17:00:23.288000,13815,13816,13816,2
2020-11-26,17:00:23.663000,13815,13817,13815,1
2020-11-26,17:00:25.109000,13815,13817,13815,2
2020-11-26,17:00:30.907000,13816,13817,13816,3
2020-11-26,17:00:32.321000,13815,13816,13816,9
2020-11-26,17:00:32.584000,13816,13817,13817,1
2020-11-26,17:00:37.433000,13816,13817,13816,1
2020-11-26,17:00:37.433000,13816,13817,13815,1
2020-11-26,17:00:38.198000,13815,13817,13817,1
2020-11-26,17:00:39.330000,13816,13817,13816,1
2020-11-26,17:00:41.528000,13816,13817,13817,1
2020-11-26,17:00:43.290000,13816,13817,13817,1
2020-11-26,17:00:45.832000,13816,13817,13816,1
2020-11-26,17:00:48.511000,13816,13817,13817,1
2020-11-26,17:00:50.391000,13816,13817,13816,1
2020-11-26,17:00:53.186000,13816,13817,13817,1
2020-11-26,17:00:53.188000,13816,13817,13816,2
2020-11-26,17:00:53.373000,13816,13817,13816,5
2020-11-26,17:00:55.269000,13815,13817,13815,2
2020-11-26,17:00:56.519000,13816,13817,13816,1
2020-11-26,17:01:00.952000,13816,13817,13816,1
2020-11-26,17:01:00.952000,13816,13817,13815,1
2020-11-26,17:01:00.962000,13816,13817,13815,13
2020-11-26,17:01:01.044000,13815,13816,13815,1
2020-11-26,17:01:01.044000,13815,13816,13815,1
2020-11-26,17:01:01.076000,13815,13816,13815,1
2020-11-26,17:01:01.076000,13815,13816,13814,9
2020-11-26,17:01:01.366000,13814,13816,13814,4
2020-11-26,17:01:01.377000,13814,13816,13814,3
2020-11-26,17:01:01.377000,13814,13816,13813,1
2020-11-26,17:01:01.402000,13814,13816,13814,4
2020-11-26,17:01:01.425000,13814,13816,13814,3
2020-11-26,17:01:01.425000,13814,13816,13813,1
2020-11-26,17:01:01.464000,13814,13816,13814,4
2020-11-26,17:01:01.789000,13814,13816,13814,2
2020-11-26,17:01:01.796000,13814,13816,13814,1
2020-11-26,17:01:01.833000,13814,13816,13814,2
2020-11-26,17:01:01.837000,13814,13816,13814,1
2020-11-26,17:01:01.878000,13814,13816,13814,1
2020-11-26,17:01:01.888000,13814,13816,13814,1
2020-11-26,17:01:01.916000,13814,13816,13813,1
2020-11-26,17:01:01.933000,13814,13816,13816,1
2020-11-26,17:01:05.660000,13815,13816,13815,1
2020-11-26,17:01:09.037000,13815,13816,13815,3
2020-11-26,17:01:09.871000,13814,13816,13815,1
2020-11-26,17:01:14.793000,13814,13815,13815,1
2020-11-26,17:01:15.362000,13814,13816,13814,4
2020-11-26,17:01:17.408000,13814,13815,13815,1
2020-11-26,17:01:18.691000,13814,13815,13815,1
2020-11-26,17:01:20.382000,13814,13816,13814,3
2020-11-26,17:01:21.740000,13814,13816,13814,2
2020-11-26,17:01:24.303000,13814,13816,13814,3
2020-11-26,17:01:24.303000,13814,13816,13813,2
2020-11-26,17:01:24.570000,13814,13816,13814,4
2020-11-26,17:01:27.992000,13814,13816,13814,2
2020-11-26,17:01:27.992000,13814,13816,13813,1
2020-11-26,17:01:28.485000,13814,13816,13816,5
2020-11-26,17:01:29.104000,13814,13816,13816,5
2020-11-26,17:01:29.938000,13814,13816,13815,5
2020-11-26,17:01:31.202000,13814,13816,13816,5
2020-11-26,17:01:31.518000,13815,13816,13816,5
2020-11-26,17:01:36.038000,13815,13816,13815,1
2020-11-26,17:01:36.778000,13815,13816,13815,1
2020-11-26,17:01:39.066000,13814,13816,13816,1
2020-11-26,17:01:39.899000,13814,13816,13815,1
2020-11-26,17:01:41.156000,13814,13815,13815,1
2020-11-26,17:01:41.537000,13814,13816,13816,1
2020-11-26,17:01:41.688000,13814,13816,13814,3
2020-11-26,17:01:45.931000,13815,13816,13815,1
2020-11-26,17:01:47.806000,13815,13816,13815,1
2020-11-26,17:01:48.438000,13814,13816,13815,1
2020-11-26,17:01:50.268000,13814,13816,13815,2
2020-11-26,17:01:52.567000,13814,13816,13814,1
2020-11-26,17:01:52.610000,13815,13816,13816,1
2020-11-26,17:01:55.224000,13815,13817,13815,2
2020-11-26,17:01:55.806000,13815,13817,13815,1
2020-11-26,17:01:57.819000,13815,13817,13816,1
2020-11-26,17:01:58.717000,13815,13817,13816,1
2020-11-26,17:01:59.614000,13815,13817,13817,1
2020-11-26,17:02:00.814000,13815,13817,13817,1
2020-11-26,17:02:08.569000,13815,13817,13815,9
2020-11-26,17:02:08.570000,13815,13817,13815,1
2020-11-26,17:02:09.893000,13815,13817,13815,5
2020-11-26,17:02:10.459000,13815,13816,13815,1
2020-11-26,17:02:13.457000,13814,13816,13815,1
2020-11-26,17:02:16.168000,13815,13816,13816,11
2020-11-26,17:02:16.997000,13815,13817,13815,1
2020-11-26,17:02:17.447000,13815,13817,13815,2
2020-11-26,17:02:19.214000,13815,13817,13815,2
2020-11-26,17:02:25.009000,13815,13816,13816,1
2020-11-26,17:02:27.951000,13816,13817,13816,2
2020-11-26,17:02:32.145000,13815,13816,13816,1
2020-11-26,17:02:33.448000,13815,13816,13815,1
2020-11-26,17:02:33.717000,13815,13816,13815,1
2020-11-26,17:02:36.890000,13814,13816,13816,1
2020-11-26,17:02:37.655000,13814,13816,13814,10
2020-11-26,17:02:41.479000,13814,13815,13814,1
2020-11-26,17:02:45.660000,13814,13815,13815,1
2020-11-26,17:02:49.055000,13814,13815,13814,2
2020-11-26,17:02:49.055000,13814,13815,13814,3
2020-11-26,17:02:49.056000,13814,13815,13814,1
2020-11-26,17:02:53.943000,13814,13815,13814,1
2020-11-26,17:02:54.134000,13813,13814,13814,3
2020-11-26,17:02:59.136000,13814,13815,13815,8
2020-11-26,17:02:59.265000,13815,13816,13815,1
2020-11-26,17:03:01.953000,13815,13816,13815,1
2020-11-26,17:03:02.705000,13815,13816,13815,3
2020-11-26,17:03:02.705000,13815,13816,13814,1
2020-11-26,17:03:06.441000,13815,13816,13815,1
2020-11-26,17:03:06.442000,13815,13816,13815,2
2020-11-26,17:03:06.947000,13815,13816,13815,1
2020-11-26,17:03:07.210000,13815,13816,13815,1
2020-11-26,17:03:07.909000,13815,13816,13815,1
2020-11-26,17:03:08.183000,13815,13816,13815,1
2020-11-26,17:03:09.856000,13815,13816,13816,2
2020-11-26,17:03:12.959000,13815,13817,13815,1
2020-11-26,17:03:17.601000,13815,13817,13815,1
2020-11-26,17:03:18.110000,13816,13817,13817,14
2020-11-26,17:03:20.804000,13816,13818,13816,1
2020-11-26,17:03:30.360000,13817,13818,13818,2
2020-11-26,17:03:30.998000,13817,13819,13817,1
2020-11-26,17:03:33.462000,13817,13819,13819,1
2020-11-26,17:03:40.353000,13817,13819,13819,3
2020-11-26,17:03:42.487000,13817,13819,13819,1
2020-11-26,17:03:43.238000,13817,13819,13817,2
2020-11-26,17:03:47.511000,13817,13819,13819,2
2020-11-26,17:03:48.814000,13818,13819,13818,1
2020-11-26,17:03:52.105000,13818,13819,13818,1
2020-11-26,17:03:58.378000,13818,13819,13818,1
2020-11-26,17:04:00.892000,13818,13819,13818,1
2020-11-26,17:04:03.384000,13817,13818,13818,1
2020-11-26,17:04:03.384000,13817,13818,13818,2
2020-11-26,17:04:07.740000,13818,13819,13819,1
2020-11-26,17:04:07.889000,13818,13819,13818,2
2020-11-26,17:04:16.832000,13818,13819,13819,2
2020-11-26,17:04:18.649000,13818,13819,13819,3
2020-11-26,17:04:19.221000,13818,13819,13818,6
2020-11-26,17:04:26.853000,13818,13819,13818,2
2020-11-26,17:04:27.014000,13818,13819,13818,2
2020-11-26,17:04:30.344000,13817,13819,13817,1
2020-11-26,17:04:31.061000,13817,13818,13818,1
2020-11-26,17:04:31.062000,13817,13818,13818,1
2020-11-26,17:04:31.062000,13817,13818,13818,1
2020-11-26,17:04:36.155000,13818,13819,13818,1
2020-11-26,17:04:36.677000,13818,13819,13818,1
2020-11-26,17:04:42.462000,13818,13819,13818,1
2020-11-26,17:04:45.285000,13818,13819,13818,2
2020-11-26,17:04:46.317000,13818,13819,13819,4
2020-11-26,17:04:47.564000,13819,13820,13820,1
2020-11-26,17:04:47.632000,13819,13820,13820,1
2020-11-26,17:04:47.711000,13819,13820,13820,7
2020-11-26,17:04:54.193000,13819,13820,13820,1
2020-11-26,17:04:55.416000,13819,13820,13819,2
2020-11-26,17:04:55.467000,13819,13820,13818,1
2020-11-26,17:05:00.875000,13818,13819,13819,1
2020-11-26,17:05:05.680000,13819,13820,13819,7
2020-11-26,17:05:05.680000,13819,13820,13819,1
2020-11-26,17:05:11.597000,13818,13819,13819,7
2020-11-26,17:05:20.312000,13819,13820,13819,5
2020-11-26,17:05:25.091000,13819,13820,13819,1
2020-11-26,17:05:28.165000,13819,13820,13819,1
2020-11-26,17:05:31.787000,13819,13820,13820,1
2020-11-26,17:05:31.985000,13819,13820,13820,16
2020-11-26,17:05:36.156000,13820,13821,13820,1
2020-11-26,17:05:38.731000,13820,13821,13821,1
2020-11-26,17:05:38.732000,13820,13821,13821,5
2020-11-26,17:05:39.495000,13820,13822,13822,1
2020-11-26,17:05:39.631000,13820,13822,13822,2
2020-11-26,17:05:39.634000,13820,13822,13822,5
2020-11-26,17:05:40.663000,13820,13822,13822,1
2020-11-26,17:05:45.973000,13820,13822,13822,1
2020-11-26,17:05:45.974000,13820,13822,13822,1
2020-11-26,17:05:46.245000,13820,13822,13822,1
2020-11-26,17:05:51.846000,13821,13822,13821,1
2020-11-26,17:06:03.838000,13821,13822,13821,5
2020-11-26,17:06:12.135000,13821,13822,13821,1
2020-11-26,17:06:15.787000,13820,13821,13821,6
2020-11-26,17:06:15.787000,13820,13821,13821,1
2020-11-26,17:06:16.199000,13821,13822,13821,10
2020-11-26,17:06:16.200000,13821,13822,13821,1
2020-11-26,17:06:16.200000,13821,13822,13821,1
2020-11-26,17:06:16.200000,13821,13822,13821,1
2020-11-26,17:06:16.200000,13821,13822,13821,1
2020-11-26,17:06:22.461000,13821,13822,13821,1
2020-11-26,17:06:25.801000,13821,13822,13822,1
2020-11-26,17:06:30.178000,13821,13822,13821,33
2020-11-26,17:06:33.465000,13820,13821,13821,1
2020-11-26,17:06:37.753000,13820,13821,13820,2
2020-11-26,17:06:40.024000,13820,13821,13821,3
2020-11-26,17:06:41.626000,13820,13821,13821,1
2020-11-26,17:06:42.958000,13820,13822,13822,1
2020-11-26,17:07:27.172000,13821,13822,13821,1
2020-11-26,17:07:27.255000,13821,13822,13822,5
2020-11-26,17:07:46.713000,13821,13822,13822,5
2020-11-26,17:07:49.826000,13822,13823,13823,1
2020-11-26,17:07:53.541000,13822,13823,13823,1
2020-11-26,17:07:55.110000,13822,13823,13823,1
2020-11-26,17:07:55.110000,13822,13823,13823,2
2020-11-26,17:07:55.110000,13822,13823,13823,2
2020-11-26,17:07:55.274000,13823,13824,13824,1
2020-11-26,17:08:01.891000,13823,13824,13823,1
2020-11-26,17:08:02.211000,13823,13824,13823,1
2020-11-26,17:08:02.311000,13823,13824,13824,1
2020-11-26,17:08:02.438000,13822,13824,13824,1
2020-11-26,17:08:05.718000,13823,13824,13823,2
2020-11-26,17:08:06.323000,13822,13824,13824,5
2020-11-26,17:08:06.365000,13823,13824,13824,1
2020-11-26,17:08:06.985000,13824,13825,13824,1
2020-11-26,17:08:10.385000,13823,13824,13824,2
2020-11-26,17:08:20.222000,13823,13824,13824,1
2020-11-26,17:08:22.241000,13823,13824,13824,1
2020-11-26,17:08:22.242000,13823,13824,13824,1
2020-11-26,17:08:22.483000,13823,13825,13824,1
2020-11-26,17:08:24.991000,13823,13825,13825,1
2020-11-26,17:08:25.275000,13823,13825,13825,1
2020-11-26,17:08:26.240000,13823,13825,13825,1
2020-11-26,17:08:26.652000,13823,13825,13824,1
2020-11-26,17:08:29.097000,13824,13825,13824,1
2020-11-26,17:08:38.766000,13824,13825,13824,1
2020-11-26,17:08:42.544000,13824,13825,13824,5
2020-11-26,17:08:54.698000,13823,13824,13823,3
2020-11-26,17:09:02.237000,13823,13824,13823,1
2020-11-26,17:09:14.038000,13823,13824,13823,1
