2019-05-17,15:00:00.053000,10405,10406,10406,106
2019-05-17,15:00:00.055000,10406,10407,10406,8
2019-05-17,15:00:00.386000,10406,10407,10407,2
2019-05-17,15:00:00.521000,10406,10408,10407,1
2019-05-17,15:00:00.630000,10406,10408,10407,1
2019-05-17,15:00:00.636000,10407,10408,10408,5
2019-05-17,15:00:01.059000,10407,10409,10407,1
2019-05-17,15:00:01.115000,10407,10409,10408,2
2019-05-17,15:00:01.251000,10407,10408,10408,2
2019-05-17,15:00:01.516000,10407,10409,10407,1
2019-05-17,15:00:01.635000,10408,10409,10408,1
2019-05-17,15:00:01.682000,10408,10409,10409,4
2019-05-17,15:00:01.846000,10408,10409,10407,10
2019-05-17,15:00:01.890000,10407,10408,10408,1
2019-05-17,15:00:02.260000,10407,10408,10408,3
2019-05-17,15:00:02.385000,10408,10409,10408,2
2019-05-17,15:00:02.387000,10408,10409,10408,2
2019-05-17,15:00:02.574000,10408,10409,10409,1
2019-05-17,15:00:03.027000,10407,10408,10408,1
2019-05-17,15:00:03.424000,10406,10408,10408,6
2019-05-17,15:00:06.854000,10407,10408,10408,1
2019-05-17,15:00:07.142000,10407,10408,10408,1
2019-05-17,15:00:07.147000,10407,10408,10408,1
2019-05-17,15:00:07.530000,10407,10408,10408,1
2019-05-17,15:00:07.585000,10407,10408,10409,1
2019-05-17,15:00:08.011000,10408,10409,10409,2
2019-05-17,15:00:08.014000,10408,10409,10409,2
2019-05-17,15:00:08.016000,10408,10409,10409,2
2019-05-17,15:00:08.253000,10408,10409,10409,9
2019-05-17,15:00:08.414000,10409,10410,10409,1
2019-05-17,15:00:08.543000,10409,10410,10409,8
2019-05-17,15:00:08.670000,10409,10410,10410,1
2019-05-17,15:00:09.608000,10409,10410,10410,2
2019-05-17,15:00:11.138000,10409,10410,10410,1
2019-05-17,15:00:11.354000,10409,10410,10410,1
2019-05-17,15:00:14.171000,10409,10410,10409,1
2019-05-17,15:00:14.618000,10409,10410,10410,1
2019-05-17,15:00:15.085000,10409,10410,10410,1
2019-05-17,15:00:16.332000,10409,10410,10409,1
2019-05-17,15:00:18.135000,10409,10410,10410,1
2019-05-17,15:00:18.201000,10409,10410,10410,7
2019-05-17,15:00:18.417000,10410,10411,10411,4
2019-05-17,15:00:18.510000,10410,10411,10411,1
2019-05-17,15:00:18.542000,10410,10411,10411,2
2019-05-17,15:00:18.552000,10410,10411,10412,4
2019-05-17,15:00:18.961000,10411,10412,10411,1
2019-05-17,15:00:19.243000,10411,10412,10411,1
2019-05-17,15:00:19.333000,10411,10412,10411,3
2019-05-17,15:00:20.299000,10411,10412,10411,1
2019-05-17,15:00:20.489000,10411,10412,10412,3
2019-05-17,15:00:20.489000,10411,10412,10413,3
2019-05-17,15:00:20.683000,10411,10413,10413,1
2019-05-17,15:00:23.081000,10411,10413,10413,3
2019-05-17,15:00:23.155000,10411,10413,10411,1
2019-05-17,15:00:25.028000,10411,10412,10412,1
2019-05-17,15:00:25.179000,10411,10412,10412,1
2019-05-17,15:00:26.150000,10411,10412,10412,1
2019-05-17,15:00:27.988000,10411,10412,10412,1
2019-05-17,15:00:28.013000,10411,10412,10411,4
2019-05-17,15:00:30.370000,10410,10411,10410,1
2019-05-17,15:00:30.706000,10410,10411,10410,1
2019-05-17,15:00:31.606000,10410,10411,10411,1
2019-05-17,15:00:31.835000,10410,10411,10411,1
2019-05-17,15:00:31.981000,10410,10411,10410,3
2019-05-17,15:00:33.193000,10410,10411,10410,1
2019-05-17,15:00:33.515000,10410,10411,10411,1
2019-05-17,15:00:34.673000,10410,10411,10410,1
2019-05-17,15:00:35.866000,10410,10411,10410,20
2019-05-17,15:00:36.368000,10410,10411,10410,1
2019-05-17,15:00:36.873000,10410,10411,10410,10
2019-05-17,15:00:37.240000,10409,10410,10410,1
2019-05-17,15:00:37.268000,10409,10410,10410,1
2019-05-17,15:00:41.494000,10409,10410,10410,18
2019-05-17,15:00:41.494000,10409,10410,10411,5
2019-05-17,15:00:41.787000,10410,10411,10410,1
2019-05-17,15:00:42.274000,10410,10411,10410,1
2019-05-17,15:00:42.537000,10410,10411,10410,4
2019-05-17,15:00:42.816000,10410,10411,10410,1
2019-05-17,15:00:43.177000,10410,10411,10410,1
2019-05-17,15:00:44.239000,10409,10411,10411,1
2019-05-17,15:00:45.764000,10410,10411,10411,1
2019-05-17,15:00:46.028000,10410,10411,10410,1
2019-05-17,15:00:48.382000,10410,10411,10410,1
2019-05-17,15:00:49.306000,10410,10411,10410,1
2019-05-17,15:00:49.509000,10410,10411,10410,1
2019-05-17,15:00:49.928000,10410,10411,10410,9
2019-05-17,15:00:50.304000,10409,10410,10410,1
2019-05-17,15:00:52.756000,10409,10410,10410,1
2019-05-17,15:00:56.158000,10409,10410,10410,2
2019-05-17,15:00:57.130000,10409,10410,10410,1
2019-05-17,15:00:57.353000,10409,10410,10410,1
2019-05-17,15:00:58.894000,10409,10410,10410,2
2019-05-17,15:00:58.895000,10409,10410,10410,2
2019-05-17,15:00:58.977000,10409,10410,10410,1
2019-05-17,15:00:58.990000,10409,10410,10410,3
2019-05-17,15:00:59.010000,10409,10410,10410,7
2019-05-17,15:01:00.021000,10410,10411,10411,3
2019-05-17,15:01:00.021000,10410,10411,10411,2
2019-05-17,15:01:00.028000,10410,10411,10411,11
2019-05-17,15:01:00.131000,10410,10411,10411,4
2019-05-17,15:01:00.261000,10411,10412,10412,11
2019-05-17,15:01:02.997000,10412,10413,10413,1
2019-05-17,15:01:04.676000,10412,10413,10412,1
2019-05-17,15:01:05.932000,10412,10413,10413,1
2019-05-17,15:01:12.354000,10412,10413,10412,7
2019-05-17,15:01:12.799000,10411,10412,10411,3
2019-05-17,15:01:14.384000,10411,10412,10411,2
2019-05-17,15:01:16.240000,10410,10411,10410,1
2019-05-17,15:01:18.183000,10410,10411,10410,1
2019-05-17,15:01:19.648000,10410,10411,10410,1
2019-05-17,15:01:20.454000,10410,10411,10411,5
2019-05-17,15:01:23.737000,10410,10411,10410,1
2019-05-17,15:01:26.965000,10410,10411,10411,12
2019-05-17,15:01:27.882000,10410,10411,10410,1
2019-05-17,15:01:29.041000,10410,10411,10410,1
2019-05-17,15:01:29.563000,10410,10411,10411,1
2019-05-17,15:01:32.864000,10410,10411,10410,1
2019-05-17,15:01:41.048000,10410,10411,10411,1
2019-05-17,15:01:41.048000,10410,10411,10411,1
2019-05-17,15:01:41.048000,10410,10411,10411,1
2019-05-17,15:01:41.077000,10410,10411,10411,2
2019-05-17,15:01:41.135000,10410,10411,10411,1
2019-05-17,15:01:42.021000,10411,10412,10411,1
2019-05-17,15:01:42.414000,10411,10412,10411,1
2019-05-17,15:01:45.956000,10410,10411,10411,2
2019-05-17,15:01:46.118000,10410,10411,10411,1
2019-05-17,15:01:46.641000,10410,10411,10411,1
2019-05-17,15:01:52.065000,10410,10411,10411,1
2019-05-17,15:01:54.010000,10410,10411,10410,8
2019-05-17,15:01:54.367000,10410,10411,10410,1
2019-05-17,15:01:54.513000,10410,10411,10410,2
2019-05-17,15:01:55.713000,10410,10411,10410,2
2019-05-17,15:02:02.396000,10410,10411,10411,1
2019-05-17,15:02:02.747000,10410,10411,10410,1
2019-05-17,15:02:04.338000,10410,10411,10411,1
2019-05-17,15:02:04.413000,10410,10411,10411,6
2019-05-17,15:02:06.059000,10411,10412,10411,2
2019-05-17,15:02:06.218000,10411,10412,10412,1
2019-05-17,15:02:06.662000,10411,10413,10411,1
2019-05-17,15:02:09.647000,10412,10413,10413,2
2019-05-17,15:02:09.914000,10412,10413,10412,4
2019-05-17,15:02:11.585000,10412,10413,10413,1
2019-05-17,15:02:11.991000,10412,10413,10412,1
2019-05-17,15:02:18.209000,10412,10413,10412,1
2019-05-17,15:02:19.115000,10412,10413,10413,2
2019-05-17,15:02:19.194000,10412,10413,10412,2
2019-05-17,15:02:19.238000,10412,10413,10413,1
2019-05-17,15:02:19.377000,10412,10413,10413,1
2019-05-17,15:02:19.430000,10412,10413,10412,2
2019-05-17,15:02:19.605000,10412,10413,10412,2
2019-05-17,15:02:21.828000,10411,10412,10411,2
2019-05-17,15:02:22.306000,10411,10412,10411,2
2019-05-17,15:02:25.119000,10410,10411,10411,2
2019-05-17,15:02:27.034000,10410,10412,10412,1
2019-05-17,15:02:29.517000,10411,10412,10412,2
2019-05-17,15:02:37.017000,10411,10412,10412,2
2019-05-17,15:02:39.199000,10411,10412,10412,1
2019-05-17,15:02:54.126000,10411,10412,10411,2
2019-05-17,15:02:54.520000,10411,10412,10411,1
2019-05-17,15:02:55.848000,10411,10412,10411,1
2019-05-17,15:02:57.147000,10411,10412,10412,2
2019-05-17,15:02:59.354000,10411,10412,10411,2
2019-05-17,15:02:59.709000,10411,10412,10411,1
2019-05-17,15:03:02.531000,10411,10412,10412,4
2019-05-17,15:03:07.705000,10411,10412,10411,1
2019-05-17,15:03:08.448000,10411,10412,10411,2
2019-05-17,15:03:09.642000,10411,10412,10411,4
2019-05-17,15:03:10.809000,10410,10411,10411,2
2019-05-17,15:03:11.463000,10410,10411,10410,1
2019-05-17,15:03:12.261000,10410,10411,10410,1
2019-05-17,15:03:13.236000,10410,10411,10410,1
2019-05-17,15:03:13.236000,10410,10411,10410,1
2019-05-17,15:03:13.236000,10410,10411,10410,1
2019-05-17,15:03:13.808000,10410,10411,10410,1
2019-05-17,15:03:13.808000,10410,10411,10410,1
2019-05-17,15:03:13.808000,10410,10411,10410,1
2019-05-17,15:03:13.808000,10410,10411,10410,1
2019-05-17,15:03:13.981000,10410,10411,10410,1
2019-05-17,15:03:13.981000,10410,10411,10410,1
2019-05-17,15:03:13.992000,10410,10411,10410,7
2019-05-17,15:03:13.992000,10410,10411,10410,2
2019-05-17,15:03:14.010000,10410,10411,10410,3
2019-05-17,15:03:14.010000,10410,10411,10410,19
2019-05-17,15:03:17.964000,10409,10410,10409,2
2019-05-17,15:03:19.367000,10409,10410,10409,1
2019-05-17,15:03:19.385000,10409,10410,10409,4
2019-05-17,15:03:19.385000,10409,10410,10409,1
2019-05-17,15:03:19.510000,10409,10410,10409,2
2019-05-17,15:03:19.510000,10409,10410,10409,1
2019-05-17,15:03:19.510000,10409,10410,10409,1
2019-05-17,15:03:20.642000,10409,10410,10409,5
2019-05-17,15:03:21.377000,10408,10409,10409,1
2019-05-17,15:03:21.511000,10408,10409,10409,1
2019-05-17,15:03:21.511000,10408,10409,10409,1
2019-05-17,15:03:21.511000,10408,10409,10409,1
2019-05-17,15:03:23.358000,10408,10409,10408,6
2019-05-17,15:03:23.358000,10408,10409,10408,4
2019-05-17,15:03:23.358000,10408,10409,10408,1
2019-05-17,15:03:23.358000,10408,10409,10408,3
2019-05-17,15:03:23.358000,10408,10409,10408,2
2019-05-17,15:03:23.359000,10408,10409,10408,2
2019-05-17,15:03:23.359000,10408,10409,10408,1
2019-05-17,15:03:23.437000,10408,10409,10408,1
2019-05-17,15:03:23.437000,10408,10409,10408,1
2019-05-17,15:03:23.511000,10407,10408,10408,2
2019-05-17,15:03:23.923000,10407,10408,10408,1
2019-05-17,15:03:24.853000,10407,10408,10407,7
2019-05-17,15:03:24.864000,10407,10408,10407,5
2019-05-17,15:03:24.865000,10407,10408,10407,1
2019-05-17,15:03:24.865000,10407,10408,10407,1
2019-05-17,15:03:24.867000,10407,10408,10407,4
2019-05-17,15:03:26.717000,10406,10407,10406,1
2019-05-17,15:03:26.797000,10406,10407,10406,1
2019-05-17,15:03:26.944000,10406,10407,10407,1
2019-05-17,15:03:27.247000,10406,10407,10407,1
2019-05-17,15:03:28.792000,10406,10407,10406,5
2019-05-17,15:03:28.832000,10406,10407,10406,1
2019-05-17,15:03:28.917000,10406,10407,10407,1
2019-05-17,15:03:29.413000,10406,10407,10406,5
2019-05-17,15:03:29.883000,10406,10407,10406,4
2019-05-17,15:03:30.311000,10406,10407,10406,2
2019-05-17,15:03:32.838000,10406,10407,10406,5
2019-05-17,15:03:35.285000,10406,10407,10406,1
2019-05-17,15:03:35.851000,10406,10407,10406,5
2019-05-17,15:03:36.219000,10406,10407,10406,1
2019-05-17,15:03:36.612000,10406,10407,10406,21
2019-05-17,15:03:39.884000,10405,10406,10406,18
2019-05-17,15:03:40.012000,10406,10407,10406,11
2019-05-17,15:03:40.256000,10406,10407,10406,1
2019-05-17,15:03:40.348000,10406,10407,10407,1
2019-05-17,15:03:40.784000,10406,10407,10407,1
2019-05-17,15:03:41.038000,10406,10407,10406,2
2019-05-17,15:03:41.060000,10406,10407,10406,2
2019-05-17,15:03:42,10406,10407,10406,1
2019-05-17,15:03:44.621000,10406,10407,10406,1
2019-05-17,15:03:45.018000,10406,10407,10406,1
2019-05-17,15:03:47.718000,10406,10407,10407,6
2019-05-17,15:03:47.956000,10407,10408,10407,2
2019-05-17,15:03:48.192000,10407,10408,10407,2
2019-05-17,15:03:49.634000,10407,10408,10408,1
2019-05-17,15:03:50.174000,10407,10408,10407,1
2019-05-17,15:03:54.617000,10407,10408,10407,2
2019-05-17,15:03:57.565000,10407,10408,10408,1
2019-05-17,15:03:57.742000,10407,10408,10408,2
2019-05-17,15:03:58.176000,10407,10408,10408,2
2019-05-17,15:03:58.413000,10408,10409,10408,2
2019-05-17,15:03:58.651000,10408,10409,10408,1
2019-05-17,15:03:59.014000,10408,10409,10408,3
2019-05-17,15:04:00.253000,10408,10409,10409,1
2019-05-17,15:04:02.625000,10408,10409,10409,3
2019-05-17,15:04:03.987000,10408,10409,10409,1
2019-05-17,15:04:06.929000,10408,10409,10409,1
2019-05-17,15:04:07.292000,10408,10409,10409,1
2019-05-17,15:04:09.861000,10408,10409,10409,1
2019-05-17,15:04:10.425000,10408,10409,10409,1
2019-05-17,15:04:11.314000,10408,10409,10408,1
2019-05-17,15:04:14.932000,10408,10409,10408,5
2019-05-17,15:04:17.016000,10408,10409,10408,1
2019-05-17,15:04:17.964000,10407,10409,10409,1
2019-05-17,15:04:21.740000,10408,10409,10408,1
2019-05-17,15:04:23.769000,10408,10409,10408,1
2019-05-17,15:04:25.220000,10407,10408,10408,1
2019-05-17,15:04:25.243000,10407,10408,10408,2
2019-05-17,15:04:25.457000,10408,10409,10408,2
2019-05-17,15:04:25.476000,10408,10409,10408,2
2019-05-17,15:04:28.910000,10408,10409,10409,1
2019-05-17,15:04:28.910000,10408,10409,10409,2
2019-05-17,15:04:28.910000,10408,10409,10409,1
2019-05-17,15:04:28.912000,10408,10409,10409,1
2019-05-17,15:04:28.912000,10408,10409,10409,1
2019-05-17,15:04:28.912000,10408,10409,10409,1
2019-05-17,15:04:28.913000,10408,10409,10409,1
2019-05-17,15:04:28.913000,10408,10409,10409,1
2019-05-17,15:04:28.918000,10408,10409,10409,3
2019-05-17,15:04:29.151000,10409,10410,10409,2
2019-05-17,15:04:29.159000,10409,10410,10409,2
2019-05-17,15:04:29.160000,10409,10410,10409,2
2019-05-17,15:04:29.534000,10409,10410,10409,1
2019-05-17,15:04:29.699000,10409,10410,10410,2
2019-05-17,15:04:32.048000,10409,10410,10410,1
2019-05-17,15:04:33.700000,10409,10410,10409,4
2019-05-17,15:04:33.700000,10409,10410,10408,1
2019-05-17,15:04:37.688000,10408,10409,10409,8
2019-05-17,15:04:37.928000,10409,10410,10409,2
2019-05-17,15:04:39.891000,10409,10410,10409,1
2019-05-17,15:04:44.120000,10409,10410,10409,1
2019-05-17,15:04:44.172000,10409,10410,10410,1
2019-05-17,15:04:51.695000,10409,10410,10409,1
2019-05-17,15:04:52.761000,10409,10410,10410,13
2019-05-17,15:04:55.861000,10410,10411,10410,1
2019-05-17,15:04:57.056000,10409,10411,10411,3
2019-05-17,15:04:57.594000,10409,10411,10411,5
2019-05-17,15:04:58.370000,10410,10411,10411,2
2019-05-17,15:04:59.470000,10410,10411,10411,5
2019-05-17,15:05:01.274000,10410,10411,10410,1
2019-05-17,15:05:01.739000,10410,10411,10411,1
2019-05-17,15:05:01.806000,10410,10411,10411,1
2019-05-17,15:05:02.472000,10409,10411,10409,1
2019-05-17,15:05:02.797000,10409,10410,10410,1
2019-05-17,15:05:03.008000,10409,10410,10409,2
2019-05-17,15:05:05.190000,10409,10410,10409,2
2019-05-17,15:05:06.433000,10409,10410,10409,2
2019-05-17,15:05:10.983000,10408,10409,10408,4
2019-05-17,15:05:10.984000,10408,10409,10408,4
2019-05-17,15:05:11.388000,10407,10408,10407,6
2019-05-17,15:05:11.388000,10407,10408,10408,1
2019-05-17,15:05:11.426000,10407,10408,10407,2
2019-05-17,15:05:11.426000,10407,10408,10407,3
2019-05-17,15:05:11.427000,10407,10408,10407,3
2019-05-17,15:05:11.445000,10407,10408,10407,2
2019-05-17,15:05:11.597000,10406,10407,10407,1
2019-05-17,15:05:12.923000,10406,10407,10407,1
2019-05-17,15:05:16.735000,10406,10407,10407,1
2019-05-17,15:05:18.252000,10406,10407,10406,3
2019-05-17,15:05:18.683000,10406,10407,10406,2
2019-05-17,15:05:19.037000,10406,10407,10406,1
2019-05-17,15:05:19.758000,10406,10407,10406,1
2019-05-17,15:05:19.763000,10406,10407,10406,1
2019-05-17,15:05:19.796000,10406,10407,10406,1
2019-05-17,15:05:20.465000,10406,10407,10406,7
2019-05-17,15:05:23.939000,10405,10406,10405,2
2019-05-17,15:05:24.038000,10405,10406,10405,5
2019-05-17,15:05:24.289000,10405,10406,10405,1
2019-05-17,15:05:24.420000,10405,10406,10405,3
2019-05-17,15:05:24.478000,10405,10406,10405,2
2019-05-17,15:05:25.075000,10405,10406,10405,1
2019-05-17,15:05:25.672000,10405,10406,10405,6
2019-05-17,15:05:29.099000,10404,10405,10405,1
2019-05-17,15:05:29.124000,10404,10405,10405,1
2019-05-17,15:05:30.919000,10404,10405,10404,1
2019-05-17,15:05:31.409000,10404,10405,10404,1
2019-05-17,15:05:31.433000,10404,10405,10404,1
2019-05-17,15:05:31.466000,10404,10405,10404,1
2019-05-17,15:05:31.525000,10404,10405,10404,1
2019-05-17,15:05:31.684000,10404,10405,10404,2
2019-05-17,15:05:31.684000,10404,10405,10404,2
2019-05-17,15:05:31.684000,10404,10405,10403,1
2019-05-17,15:05:31.840000,10403,10405,10404,1
2019-05-17,15:05:31.934000,10403,10404,10403,1
2019-05-17,15:05:31.977000,10403,10404,10403,2
2019-05-17,15:05:32.073000,10403,10404,10403,6
2019-05-17,15:05:32.130000,10403,10404,10403,1
2019-05-17,15:05:33.301000,10403,10404,10404,5
2019-05-17,15:05:34.051000,10403,10404,10403,3
2019-05-17,15:05:34.284000,10403,10404,10403,1
2019-05-17,15:05:34.300000,10403,10404,10403,1
2019-05-17,15:05:34.616000,10403,10404,10403,1
2019-05-17,15:05:34.783000,10403,10404,10403,1
2019-05-17,15:05:35.005000,10402,10404,10402,4
2019-05-17,15:05:35.264000,10402,10404,10402,2
2019-05-17,15:05:35.666000,10402,10403,10402,1
2019-05-17,15:05:35.871000,10402,10403,10402,1
2019-05-17,15:05:35.878000,10402,10403,10402,2
2019-05-17,15:05:35.995000,10402,10403,10402,1
2019-05-17,15:05:36.594000,10402,10403,10402,1
2019-05-17,15:05:37.720000,10402,10403,10402,1
2019-05-17,15:05:37.829000,10402,10403,10402,1
2019-05-17,15:05:38.329000,10402,10403,10402,1
2019-05-17,15:05:38.470000,10402,10403,10403,1
2019-05-17,15:05:38.768000,10402,10403,10402,1
2019-05-17,15:05:39.166000,10402,10403,10402,1
2019-05-17,15:05:39.316000,10402,10403,10402,1
2019-05-17,15:05:41.385000,10402,10403,10402,8
2019-05-17,15:05:41.385000,10402,10403,10402,1
2019-05-17,15:05:42.542000,10401,10402,10402,1
2019-05-17,15:05:43.131000,10401,10402,10402,1
2019-05-17,15:05:43.559000,10401,10402,10402,1
2019-05-17,15:05:45.732000,10402,10403,10403,2
2019-05-17,15:05:46.824000,10402,10403,10403,5
2019-05-17,15:05:46.885000,10402,10403,10403,1
2019-05-17,15:05:47.010000,10402,10403,10403,1
2019-05-17,15:05:48.257000,10403,10404,10403,1
2019-05-17,15:05:49.603000,10403,10404,10404,1
2019-05-17,15:05:51.147000,10403,10404,10403,1
2019-05-17,15:05:58.083000,10403,10404,10403,2
2019-05-17,15:06:00.295000,10403,10404,10404,1
2019-05-17,15:06:00.710000,10403,10404,10403,1
2019-05-17,15:06:01.270000,10403,10404,10403,1
2019-05-17,15:06:01.641000,10403,10404,10404,2
2019-05-17,15:06:01.786000,10403,10404,10403,1
2019-05-17,15:06:01.803000,10403,10404,10403,1
2019-05-17,15:06:02.220000,10403,10404,10403,4
2019-05-17,15:06:02.622000,10403,10404,10404,1
2019-05-17,15:06:03.620000,10403,10404,10403,2
2019-05-17,15:06:03.948000,10403,10404,10403,1
2019-05-17,15:06:04.540000,10402,10404,10404,1
2019-05-17,15:06:06.518000,10403,10404,10404,1
2019-05-17,15:06:07.067000,10403,10404,10403,1
2019-05-17,15:06:07.154000,10403,10404,10404,1
2019-05-17,15:06:07.912000,10403,10404,10403,2
2019-05-17,15:06:08.708000,10402,10403,10403,1
2019-05-17,15:06:08.708000,10402,10403,10403,1
2019-05-17,15:06:08.946000,10403,10404,10403,1
2019-05-17,15:06:09.230000,10403,10404,10403,2
2019-05-17,15:06:09.968000,10403,10404,10404,1
2019-05-17,15:06:12.557000,10403,10404,10403,1
2019-05-17,15:06:13.936000,10402,10403,10403,1
2019-05-17,15:06:13.944000,10402,10403,10403,5
2019-05-17,15:06:14.768000,10402,10403,10403,1
2019-05-17,15:06:15.466000,10403,10404,10404,10
2019-05-17,15:06:16.578000,10403,10404,10403,1
2019-05-17,15:06:18.987000,10403,10404,10403,2
2019-05-17,15:06:20.832000,10403,10404,10403,1
2019-05-17,15:06:20.833000,10403,10404,10403,1
2019-05-17,15:06:20.885000,10403,10404,10403,2
2019-05-17,15:06:22.303000,10402,10403,10403,1
2019-05-17,15:06:22.603000,10402,10403,10402,11
2019-05-17,15:06:23.298000,10402,10403,10402,1
2019-05-17,15:06:29.048000,10402,10403,10402,2
2019-05-17,15:06:29.243000,10402,10403,10402,2
2019-05-17,15:06:30.953000,10402,10403,10402,3
2019-05-17,15:06:31.431000,10402,10403,10402,1
2019-05-17,15:06:32.187000,10402,10403,10402,5
2019-05-17,15:06:32.533000,10402,10403,10403,1
2019-05-17,15:06:32.537000,10402,10403,10402,4
2019-05-17,15:06:32.980000,10402,10403,10402,1
2019-05-17,15:06:33.358000,10402,10403,10402,5
2019-05-17,15:06:33.389000,10401,10402,10401,1
2019-05-17,15:06:33.560000,10401,10402,10401,1
2019-05-17,15:06:33.796000,10401,10402,10401,1
2019-05-17,15:06:34.163000,10401,10402,10401,1
2019-05-17,15:06:34.646000,10401,10402,10402,1
2019-05-17,15:06:37.626000,10401,10402,10401,1
2019-05-17,15:06:38.120000,10401,10402,10402,1
2019-05-17,15:06:38.276000,10401,10402,10401,1
2019-05-17,15:06:39.907000,10401,10402,10401,3
2019-05-17,15:06:40.154000,10401,10402,10402,1
2019-05-17,15:06:40.404000,10401,10402,10402,2
2019-05-17,15:06:40.404000,10401,10402,10402,2
2019-05-17,15:06:40.404000,10401,10402,10402,1
2019-05-17,15:06:40.772000,10402,10403,10402,1
2019-05-17,15:06:43.215000,10401,10402,10402,1
2019-05-17,15:06:45.994000,10401,10402,10401,1
2019-05-17,15:06:46.854000,10401,10402,10401,3
2019-05-17,15:06:47.595000,10401,10402,10401,1
2019-05-17,15:06:47.775000,10401,10402,10402,1
2019-05-17,15:06:48.961000,10401,10402,10401,8
2019-05-17,15:06:49.375000,10401,10402,10401,1
2019-05-17,15:06:49.429000,10401,10402,10402,2
2019-05-17,15:06:50.276000,10401,10402,10401,2
2019-05-17,15:06:53.873000,10401,10402,10402,1
2019-05-17,15:06:53.998000,10401,10402,10401,1
2019-05-17,15:06:55.081000,10401,10402,10402,1
2019-05-17,15:06:55.574000,10401,10402,10401,1
2019-05-17,15:06:55.649000,10401,10402,10401,6
2019-05-17,15:06:58.901000,10401,10402,10401,1
2019-05-17,15:06:59.324000,10401,10402,10401,2
2019-05-17,15:06:59.368000,10401,10402,10401,4
2019-05-17,15:07:00.736000,10401,10402,10401,1
2019-05-17,15:07:03.005000,10401,10402,10402,2
2019-05-17,15:07:03.713000,10401,10402,10402,1
2019-05-17,15:07:03.892000,10401,10402,10401,6
2019-05-17,15:07:03.949000,10401,10402,10401,5
2019-05-17,15:07:12.068000,10401,10402,10401,5
2019-05-17,15:07:13.825000,10401,10402,10402,1
2019-05-17,15:07:15.304000,10401,10402,10401,1
2019-05-17,15:07:16.837000,10401,10402,10401,3
2019-05-17,15:07:22.954000,10401,10402,10401,5
2019-05-17,15:07:23.010000,10401,10402,10401,1
2019-05-17,15:07:24.403000,10401,10402,10401,3
2019-05-17,15:07:24.512000,10401,10402,10401,17
2019-05-17,15:07:25.528000,10400,10401,10400,1
2019-05-17,15:07:25.677000,10400,10401,10400,5
2019-05-17,15:07:25.787000,10400,10401,10400,6
2019-05-17,15:07:25.829000,10400,10401,10400,1
2019-05-17,15:07:25.967000,10400,10401,10400,1
2019-05-17,15:07:25.967000,10400,10401,10400,4
2019-05-17,15:07:25.967000,10400,10401,10400,1
2019-05-17,15:07:25.967000,10400,10401,10400,3
2019-05-17,15:07:25.967000,10400,10401,10400,6
2019-05-17,15:07:25.967000,10400,10401,10400,1
2019-05-17,15:07:25.968000,10400,10401,10400,2
2019-05-17,15:07:25.968000,10400,10401,10400,1
2019-05-17,15:07:25.968000,10400,10401,10400,4
2019-05-17,15:07:25.968000,10400,10401,10400,5
2019-05-17,15:07:25.971000,10400,10401,10400,1
2019-05-17,15:07:25.971000,10400,10401,10400,1
2019-05-17,15:07:26.177000,10399,10401,10400,2
2019-05-17,15:07:26.216000,10399,10401,10399,14
2019-05-17,15:07:26.297000,10399,10400,10399,1
2019-05-17,15:07:26.318000,10399,10400,10399,1
2019-05-17,15:07:26.320000,10399,10400,10398,2
2019-05-17,15:07:26.566000,10398,10399,10398,1
2019-05-17,15:07:26.614000,10398,10399,10398,3
2019-05-17,15:07:26.779000,10398,10399,10398,1
2019-05-17,15:07:26.784000,10398,10399,10399,1
2019-05-17,15:07:27.091000,10398,10399,10399,1
2019-05-17,15:07:27.157000,10398,10399,10398,1
2019-05-17,15:07:27.285000,10398,10399,10399,5
2019-05-17,15:07:27.569000,10398,10399,10399,5
2019-05-17,15:07:28.010000,10398,10399,10399,2
2019-05-17,15:07:28.011000,10398,10399,10399,1
2019-05-17,15:07:28.101000,10398,10399,10399,2
2019-05-17,15:07:28.247000,10399,10400,10399,1
2019-05-17,15:07:28.254000,10399,10400,10399,2
2019-05-17,15:07:28.336000,10399,10400,10399,2
2019-05-17,15:07:32.039000,10399,10400,10399,1
2019-05-17,15:07:33.255000,10399,10400,10399,1
2019-05-17,15:07:34.208000,10399,10400,10399,1
2019-05-17,15:07:34.673000,10399,10400,10399,1
2019-05-17,15:07:35.719000,10399,10400,10399,3
2019-05-17,15:07:35.756000,10399,10400,10399,1
2019-05-17,15:07:36.175000,10399,10400,10399,1
2019-05-17,15:07:36.305000,10399,10400,10399,3
2019-05-17,15:07:36.512000,10398,10399,10399,1
2019-05-17,15:07:37.671000,10398,10399,10398,1
2019-05-17,15:07:40.040000,10398,10399,10398,1
2019-05-17,15:07:40.165000,10398,10399,10398,1
2019-05-17,15:07:40.260000,10398,10399,10398,2
2019-05-17,15:07:40.717000,10398,10399,10399,11
2019-05-17,15:07:42.511000,10398,10399,10398,2
2019-05-17,15:07:42.795000,10398,10399,10398,1
2019-05-17,15:07:42.796000,10398,10399,10399,1
2019-05-17,15:07:43.179000,10398,10399,10399,3
2019-05-17,15:07:44.504000,10398,10399,10398,1
2019-05-17,15:07:45.105000,10398,10399,10398,1
2019-05-17,15:07:45.300000,10398,10399,10399,1
2019-05-17,15:07:45.773000,10398,10399,10398,1
2019-05-17,15:07:46.503000,10398,10399,10398,1
2019-05-17,15:07:46.637000,10398,10399,10398,44
2019-05-17,15:07:47.092000,10397,10398,10397,2
2019-05-17,15:07:47.260000,10397,10398,10397,12
2019-05-17,15:07:47.282000,10397,10398,10398,1
2019-05-17,15:07:47.283000,10397,10398,10397,6
2019-05-17,15:07:47.385000,10397,10398,10397,2
2019-05-17,15:07:47.510000,10397,10398,10397,1
2019-05-17,15:07:48.292000,10396,10397,10396,1
2019-05-17,15:07:48.683000,10396,10397,10396,1
2019-05-17,15:07:50.659000,10396,10397,10397,1
2019-05-17,15:07:52.537000,10396,10397,10396,2
2019-05-17,15:07:53.452000,10396,10397,10396,1
2019-05-17,15:07:53.805000,10396,10397,10396,1
2019-05-17,15:07:53.959000,10396,10397,10396,1
2019-05-17,15:07:54.313000,10396,10397,10396,6
2019-05-17,15:07:54.570000,10396,10397,10396,1
2019-05-17,15:07:54.592000,10396,10397,10397,1
2019-05-17,15:07:55.121000,10396,10397,10396,1
2019-05-17,15:07:56.237000,10396,10397,10396,1
2019-05-17,15:07:56.953000,10396,10397,10397,1
2019-05-17,15:07:57.214000,10396,10397,10397,1
2019-05-17,15:07:57.260000,10396,10397,10397,4
2019-05-17,15:07:57.343000,10396,10397,10397,3
2019-05-17,15:07:57.343000,10396,10397,10397,1
2019-05-17,15:07:57.344000,10396,10397,10397,2
2019-05-17,15:07:57.457000,10396,10398,10397,3
2019-05-17,15:07:57.498000,10396,10398,10397,1
2019-05-17,15:07:57.579000,10397,10398,10397,1
2019-05-17,15:07:57.720000,10397,10398,10397,1
2019-05-17,15:07:57.771000,10397,10398,10397,3
2019-05-17,15:07:58.608000,10397,10398,10397,1
2019-05-17,15:07:59.342000,10397,10398,10398,1
2019-05-17,15:07:59.343000,10397,10398,10397,1
2019-05-17,15:07:59.810000,10397,10398,10397,1
2019-05-17,15:08:00.303000,10397,10398,10397,5
2019-05-17,15:08:00.627000,10397,10398,10397,1
2019-05-17,15:08:00.756000,10397,10398,10397,1
2019-05-17,15:08:00.766000,10397,10398,10398,2
2019-05-17,15:08:01.514000,10397,10398,10398,1
2019-05-17,15:08:01.911000,10397,10398,10397,1
2019-05-17,15:08:02.287000,10397,10398,10397,1
2019-05-17,15:08:02.817000,10397,10398,10397,1
2019-05-17,15:08:02.957000,10397,10398,10398,1
2019-05-17,15:08:03.065000,10397,10398,10398,5
2019-05-17,15:08:04.977000,10397,10398,10398,1
2019-05-17,15:08:05.486000,10397,10398,10397,1
2019-05-17,15:08:06.158000,10397,10398,10398,4
2019-05-17,15:08:08.145000,10397,10398,10397,1
2019-05-17,15:08:08.960000,10397,10398,10398,6
2019-05-17,15:08:11.228000,10397,10398,10398,1
2019-05-17,15:08:12.343000,10397,10398,10397,1
2019-05-17,15:08:13.196000,10397,10398,10398,1
2019-05-17,15:08:14.151000,10397,10398,10398,2
2019-05-17,15:08:15.073000,10397,10398,10398,1
2019-05-17,15:08:16.616000,10397,10398,10397,1
2019-05-17,15:08:18.316000,10397,10398,10398,2
2019-05-17,15:08:18.511000,10397,10398,10398,7
2019-05-17,15:08:19.670000,10398,10399,10398,1
2019-05-17,15:08:19.889000,10398,10399,10398,1
2019-05-17,15:08:23.773000,10398,10399,10398,10
2019-05-17,15:08:24.008000,10398,10399,10398,1
2019-05-17,15:08:24.619000,10398,10399,10398,2
2019-05-17,15:08:24.619000,10398,10399,10397,8
2019-05-17,15:08:25.047000,10397,10399,10397,2
2019-05-17,15:08:26.135000,10397,10398,10398,1
2019-05-17,15:08:28.855000,10397,10398,10398,1
2019-05-17,15:08:28.905000,10398,10399,10398,2
2019-05-17,15:08:30.272000,10398,10399,10398,1
2019-05-17,15:08:31.331000,10397,10399,10398,1
2019-05-17,15:08:33.400000,10398,10399,10398,1
2019-05-17,15:08:34.297000,10398,10399,10399,1
2019-05-17,15:08:36.035000,10398,10399,10399,1
2019-05-17,15:08:36.661000,10398,10399,10398,1
2019-05-17,15:08:39.443000,10398,10399,10399,1
2019-05-17,15:08:48.729000,10398,10399,10399,1
2019-05-17,15:08:51.734000,10398,10399,10399,10
2019-05-17,15:08:52.109000,10398,10399,10399,10
2019-05-17,15:08:52.454000,10398,10399,10399,2
2019-05-17,15:08:52.511000,10399,10400,10399,1
2019-05-17,15:08:53.734000,10399,10400,10400,10
2019-05-17,15:08:54.060000,10399,10400,10400,1
2019-05-17,15:08:55.125000,10399,10400,10400,1
2019-05-17,15:08:55.334000,10399,10400,10399,2
2019-05-17,15:08:55.747000,10399,10400,10399,1
2019-05-17,15:08:57.523000,10399,10400,10399,3
2019-05-17,15:08:59.943000,10399,10400,10399,2
2019-05-17,15:09:00.846000,10399,10400,10399,1
2019-05-17,15:09:02.674000,10399,10400,10399,1
2019-05-17,15:09:04.014000,10399,10400,10399,1
2019-05-17,15:09:04.725000,10399,10400,10399,1
2019-05-17,15:09:05.088000,10398,10399,10399,1
2019-05-17,15:09:06.961000,10398,10399,10399,2
2019-05-17,15:09:06.963000,10398,10399,10399,4
2019-05-17,15:09:06.966000,10398,10399,10399,4
2019-05-17,15:09:10.534000,10398,10399,10399,1
2019-05-17,15:09:11.962000,10398,10399,10398,2
2019-05-17,15:09:12.014000,10398,10399,10398,1
2019-05-17,15:09:12.080000,10398,10399,10398,10
2019-05-17,15:09:13.385000,10398,10399,10398,7
2019-05-17,15:09:13.953000,10397,10398,10398,1
2019-05-17,15:09:14.146000,10397,10398,10398,1
2019-05-17,15:09:14.761000,10397,10398,10397,1
2019-05-17,15:09:16.345000,10397,10398,10398,1
2019-05-17,15:09:16.914000,10397,10399,10397,2
2019-05-17,15:09:20.195000,10398,10399,10398,2
2019-05-17,15:09:20.328000,10398,10399,10398,1
2019-05-17,15:09:21.004000,10397,10399,10397,1
2019-05-17,15:09:21.310000,10397,10398,10397,1
2019-05-17,15:09:22.714000,10397,10398,10398,1
2019-05-17,15:09:25.050000,10397,10398,10397,2
2019-05-17,15:09:25.771000,10397,10398,10398,1
2019-05-17,15:09:26.888000,10397,10399,10397,1
2019-05-17,15:09:33.328000,10397,10398,10398,5
2019-05-17,15:09:35.638000,10397,10398,10397,28
2019-05-17,15:09:35.785000,10396,10398,10396,1
2019-05-17,15:09:35.793000,10396,10398,10397,1
2019-05-17,15:09:36.436000,10396,10397,10397,1
2019-05-17,15:09:38.849000,10396,10397,10397,5
2019-05-17,15:09:41.168000,10396,10397,10397,1
2019-05-17,15:09:42.614000,10396,10397,10397,1
2019-05-17,15:09:46.310000,10397,10398,10397,1
2019-05-17,15:09:48.029000,10396,10398,10398,1
2019-05-17,15:09:50.434000,10397,10398,10397,1
2019-05-17,15:09:57.168000,10397,10398,10397,5
2019-05-17,15:09:57.583000,10397,10398,10397,1
2019-05-17,15:10:00.579000,10397,10398,10397,3
2019-05-17,15:10:02.285000,10396,10397,10397,3
2019-05-17,15:10:03.086000,10396,10397,10396,1
2019-05-17,15:10:04.385000,10396,10397,10396,4
2019-05-17,15:10:05.333000,10396,10397,10397,1
2019-05-17,15:10:05.581000,10396,10397,10396,12
2019-05-17,15:10:05.631000,10396,10397,10397,2
2019-05-17,15:10:08.260000,10395,10396,10395,1
2019-05-17,15:10:08.261000,10395,10396,10395,1
2019-05-17,15:10:08.261000,10395,10396,10395,1
2019-05-17,15:10:08.261000,10395,10396,10395,1
2019-05-17,15:10:08.261000,10395,10396,10395,1
2019-05-17,15:10:08.261000,10395,10396,10395,2
2019-05-17,15:10:08.261000,10395,10396,10395,1
2019-05-17,15:10:08.261000,10395,10396,10395,4
2019-05-17,15:10:08.261000,10395,10396,10395,3
2019-05-17,15:10:08.262000,10395,10396,10395,1
2019-05-17,15:10:08.262000,10395,10396,10395,1
2019-05-17,15:10:10.274000,10394,10395,10394,1
2019-05-17,15:10:10.448000,10394,10395,10394,1
2019-05-17,15:10:10.452000,10394,10395,10394,6
2019-05-17,15:10:10.464000,10394,10395,10394,2
2019-05-17,15:10:10.464000,10394,10395,10394,1
2019-05-17,15:10:10.888000,10394,10395,10394,2
2019-05-17,15:10:13.526000,10394,10395,10394,1
2019-05-17,15:10:16.002000,10394,10395,10394,1
2019-05-17,15:10:16.044000,10394,10395,10394,5
2019-05-17,15:10:17.629000,10394,10395,10394,2
2019-05-17,15:10:20.244000,10394,10395,10395,6
2019-05-17,15:10:21.403000,10395,10396,10396,1
2019-05-17,15:10:21.439000,10395,10396,10395,1
2019-05-17,15:10:22.344000,10395,10396,10395,1
2019-05-17,15:10:23.131000,10395,10396,10395,1
2019-05-17,15:10:25.159000,10395,10396,10395,1
2019-05-17,15:10:26.510000,10395,10396,10396,1
2019-05-17,15:10:26.511000,10395,10396,10396,1
2019-05-17,15:10:35.604000,10395,10396,10395,1
2019-05-17,15:10:36.865000,10395,10396,10396,2
2019-05-17,15:10:41.735000,10395,10396,10396,7
2019-05-17,15:10:43.402000,10395,10396,10396,1
2019-05-17,15:10:44.092000,10395,10396,10396,4
2019-05-17,15:10:45.792000,10395,10396,10395,1
2019-05-17,15:10:46.265000,10395,10396,10395,1
2019-05-17,15:10:46.265000,10395,10396,10395,1
2019-05-17,15:10:46.270000,10395,10396,10395,1
2019-05-17,15:10:46.275000,10395,10396,10395,1
2019-05-17,15:10:46.280000,10395,10396,10395,1
2019-05-17,15:10:46.290000,10395,10396,10395,1
2019-05-17,15:10:47.266000,10395,10396,10396,1
2019-05-17,15:10:48.675000,10395,10396,10396,7
2019-05-17,15:10:48.675000,10395,10396,10396,6
2019-05-17,15:10:48.904000,10396,10397,10396,1
2019-05-17,15:10:49.057000,10396,10397,10397,1
2019-05-17,15:10:49.208000,10395,10397,10395,2
2019-05-17,15:10:52.128000,10396,10397,10397,1
2019-05-17,15:10:52.129000,10396,10397,10397,1
2019-05-17,15:10:52.129000,10396,10397,10397,3
2019-05-17,15:10:53.074000,10397,10398,10397,1
2019-05-17,15:10:56.970000,10397,10398,10397,1
2019-05-17,15:10:57.719000,10397,10398,10397,2
2019-05-17,15:10:59.531000,10396,10397,10397,1
2019-05-17,15:11:05.382000,10396,10398,10397,1
2019-05-17,15:11:10.290000,10397,10398,10397,1
2019-05-17,15:11:10.501000,10397,10398,10397,1
2019-05-17,15:11:18.210000,10396,10397,10397,1
2019-05-17,15:11:20.999000,10396,10397,10396,2
2019-05-17,15:11:25.295000,10396,10397,10397,1
2019-05-17,15:11:27.268000,10396,10397,10397,2
2019-05-17,15:11:27.418000,10397,10398,10398,1
2019-05-17,15:11:35.111000,10397,10398,10397,1
2019-05-17,15:11:35.380000,10397,10398,10397,1
2019-05-17,15:11:36.011000,10396,10398,10397,1
2019-05-17,15:11:41.706000,10397,10398,10397,1
2019-05-17,15:11:41.796000,10396,10397,10397,1
2019-05-17,15:11:47.727000,10397,10398,10397,1
2019-05-17,15:11:48.594000,10397,10398,10397,2
2019-05-17,15:11:48.784000,10397,10398,10398,1
2019-05-17,15:11:48.785000,10397,10398,10398,28
2019-05-17,15:11:48.886000,10398,10399,10398,2
2019-05-17,15:11:49.152000,10398,10399,10399,1
2019-05-17,15:11:50.369000,10398,10399,10399,1
2019-05-17,15:11:50.371000,10398,10399,10399,1
2019-05-17,15:11:50.385000,10398,10399,10399,11
2019-05-17,15:11:50.636000,10399,10400,10400,11
2019-05-17,15:11:50.636000,10399,10400,10399,2
2019-05-17,15:11:50.639000,10399,10400,10400,1
2019-05-17,15:11:50.774000,10399,10400,10399,1
2019-05-17,15:11:50.892000,10399,10400,10400,1
2019-05-17,15:11:52.659000,10399,10400,10400,1
2019-05-17,15:11:53.183000,10399,10400,10400,1
2019-05-17,15:11:53.524000,10399,10400,10400,9
2019-05-17,15:11:53.533000,10399,10400,10400,3
2019-05-17,15:11:53.533000,10399,10400,10400,5
2019-05-17,15:11:53.533000,10399,10400,10400,7
2019-05-17,15:11:53.589000,10399,10400,10400,8
2019-05-17,15:11:53.635000,10399,10400,10400,4
2019-05-17,15:11:53.635000,10399,10400,10400,6
2019-05-17,15:11:53.635000,10399,10400,10400,10
2019-05-17,15:11:54.555000,10400,10401,10400,1
2019-05-17,15:11:55.040000,10400,10401,10401,2
2019-05-17,15:11:55.155000,10400,10401,10401,2
2019-05-17,15:11:55.924000,10400,10401,10400,2
2019-05-17,15:11:56.861000,10400,10401,10401,2
2019-05-17,15:12:00.457000,10400,10401,10400,1
2019-05-17,15:12:02.855000,10400,10401,10400,3
2019-05-17,15:12:02.967000,10399,10401,10400,1
2019-05-17,15:12:03.715000,10399,10400,10400,1
2019-05-17,15:12:04.081000,10399,10400,10399,1
2019-05-17,15:12:05.116000,10398,10399,10399,1
2019-05-17,15:12:14.083000,10398,10399,10398,1
2019-05-17,15:12:15.122000,10398,10399,10398,4
2019-05-17,15:12:15.548000,10398,10399,10398,1
2019-05-17,15:12:18.014000,10398,10399,10398,1
2019-05-17,15:12:18.014000,10398,10399,10398,1
2019-05-17,15:12:18.015000,10398,10399,10398,3
2019-05-17,15:12:19.142000,10397,10398,10398,2
2019-05-17,15:12:21.047000,10397,10398,10397,1
2019-05-17,15:12:21.643000,10397,10398,10397,8
2019-05-17,15:12:22.611000,10397,10398,10397,1
2019-05-17,15:12:27.814000,10397,10398,10398,11
2019-05-17,15:12:28.465000,10398,10399,10398,10
2019-05-17,15:12:30.144000,10398,10399,10399,2
2019-05-17,15:12:32.448000,10398,10399,10398,1
2019-05-17,15:12:37.437000,10398,10399,10398,1
2019-05-17,15:12:37.468000,10398,10399,10398,1
2019-05-17,15:12:39.887000,10398,10399,10398,2
2019-05-17,15:12:40.134000,10397,10399,10397,1
2019-05-17,15:12:43.165000,10398,10399,10398,1
2019-05-17,15:12:44.501000,10397,10399,10397,5
2019-05-17,15:12:48.051000,10397,10399,10397,1
2019-05-17,15:12:51.566000,10398,10399,10398,1
2019-05-17,15:12:51.987000,10398,10399,10398,1
2019-05-17,15:12:58.637000,10398,10399,10399,6
2019-05-17,15:13:01.936000,10399,10400,10400,3
2019-05-17,15:13:01.954000,10399,10400,10400,4
2019-05-17,15:13:02.436000,10400,10401,10401,1
2019-05-17,15:13:02.644000,10400,10401,10401,1
2019-05-17,15:13:02.806000,10400,10401,10400,5
2019-05-17,15:13:07.658000,10400,10401,10400,1
2019-05-17,15:13:09.230000,10400,10401,10400,4
2019-05-17,15:13:11.392000,10400,10401,10401,1
2019-05-17,15:13:11.454000,10400,10401,10400,1
2019-05-17,15:13:15.149000,10400,10401,10400,1
2019-05-17,15:13:15.150000,10400,10401,10400,1
2019-05-17,15:13:15.150000,10400,10401,10400,1
2019-05-17,15:13:15.481000,10400,10401,10400,1
2019-05-17,15:13:15.510000,10400,10401,10400,2
2019-05-17,15:13:18.155000,10399,10400,10400,2
2019-05-17,15:13:21.432000,10400,10401,10401,1
2019-05-17,15:13:21.925000,10400,10401,10401,1
2019-05-17,15:13:22.652000,10400,10401,10401,1
2019-05-17,15:13:23.158000,10400,10401,10401,1
2019-05-17,15:13:23.722000,10400,10401,10401,1
2019-05-17,15:13:24.072000,10400,10401,10401,2
2019-05-17,15:13:24.260000,10401,10402,10402,1
2019-05-17,15:13:24.512000,10401,10402,10402,2
2019-05-17,15:13:24.543000,10401,10402,10401,1
2019-05-17,15:13:25.981000,10401,10402,10401,1
2019-05-17,15:13:27.611000,10401,10402,10402,2
2019-05-17,15:13:32.920000,10401,10402,10402,1
2019-05-17,15:13:33.134000,10401,10402,10401,2
2019-05-17,15:13:33.994000,10401,10402,10402,1
2019-05-17,15:13:34.289000,10401,10402,10402,1
2019-05-17,15:13:34.678000,10401,10402,10401,10
2019-05-17,15:13:35.412000,10400,10401,10401,1
2019-05-17,15:13:35.928000,10400,10401,10401,2
2019-05-17,15:13:37.898000,10400,10401,10400,2
2019-05-17,15:13:38.425000,10400,10401,10400,1
2019-05-17,15:13:39.070000,10400,10401,10400,1
2019-05-17,15:13:39.070000,10400,10401,10400,1
2019-05-17,15:13:39.070000,10400,10401,10400,1
2019-05-17,15:13:39.070000,10400,10401,10400,1
2019-05-17,15:13:39.260000,10400,10401,10400,1
2019-05-17,15:13:39.289000,10400,10401,10400,1
2019-05-17,15:13:39.594000,10399,10401,10401,2
2019-05-17,15:13:40.336000,10399,10401,10399,1
2019-05-17,15:13:42.023000,10400,10401,10401,5
2019-05-17,15:13:44.991000,10400,10401,10400,5
2019-05-17,15:13:46.883000,10400,10401,10400,1
2019-05-17,15:13:53.504000,10400,10401,10401,1
2019-05-17,15:13:55.828000,10400,10401,10400,1
2019-05-17,15:13:59.618000,10400,10401,10400,1
2019-05-17,15:14:01.935000,10400,10401,10401,3
2019-05-17,15:14:01.955000,10400,10401,10401,1
2019-05-17,15:14:02.080000,10400,10401,10401,1
2019-05-17,15:14:02.564000,10400,10401,10401,1
2019-05-17,15:14:03.671000,10400,10401,10400,1
2019-05-17,15:14:05.421000,10400,10401,10400,7
2019-05-17,15:14:05.510000,10400,10401,10400,2
2019-05-17,15:14:10.468000,10400,10401,10401,1
2019-05-17,15:14:12.582000,10400,10401,10400,1
2019-05-17,15:14:16.937000,10400,10401,10400,1
2019-05-17,15:14:19.185000,10400,10401,10400,2
2019-05-17,15:14:19.186000,10400,10401,10400,1
2019-05-17,15:14:20.279000,10400,10401,10401,1
2019-05-17,15:14:20.682000,10400,10401,10400,1
2019-05-17,15:14:22.777000,10399,10400,10400,1
2019-05-17,15:14:22.777000,10399,10400,10400,1
2019-05-17,15:14:22.777000,10399,10400,10400,1
2019-05-17,15:14:22.777000,10399,10400,10400,1
2019-05-17,15:14:23.113000,10400,10401,10399,1
2019-05-17,15:14:29.946000,10399,10400,10399,1
2019-05-17,15:14:31.580000,10399,10400,10399,1
2019-05-17,15:14:36.416000,10399,10400,10400,1
2019-05-17,15:14:39.713000,10399,10400,10400,3
2019-05-17,15:14:41.440000,10400,10401,10400,2
2019-05-17,15:14:43.838000,10400,10401,10401,1
2019-05-17,15:14:47.012000,10400,10401,10401,3
2019-05-17,15:14:48.831000,10400,10401,10401,1
2019-05-17,15:14:54.980000,10401,10402,10401,1
2019-05-17,15:14:55.971000,10400,10401,10401,2
2019-05-17,15:14:56.990000,10400,10401,10400,1
2019-05-17,15:14:58.752000,10401,10402,10402,3
2019-05-17,15:14:59.330000,10402,10403,10402,1
2019-05-17,15:14:59.933000,10402,10403,10403,1
2019-05-17,15:15:00.125000,10402,10403,10403,1
2019-05-17,15:15:00.273000,10402,10403,10403,11
2019-05-17,15:15:00.390000,10402,10403,10403,2
2019-05-17,15:15:01.136000,10403,10404,10403,5
2019-05-17,15:15:01.136000,10403,10404,10402,7
2019-05-17,15:15:01.447000,10403,10404,10403,4
2019-05-17,15:15:01.447000,10403,10404,10402,8
2019-05-17,15:15:01.660000,10402,10403,10403,2
2019-05-17,15:15:02.081000,10402,10403,10403,1
2019-05-17,15:15:04.350000,10402,10403,10403,2
2019-05-17,15:15:06.680000,10402,10403,10403,1
2019-05-17,15:15:07.010000,10402,10403,10402,1
2019-05-17,15:15:08.157000,10402,10403,10403,2
2019-05-17,15:15:10.548000,10402,10403,10402,1
2019-05-17,15:15:11.141000,10402,10403,10402,1
2019-05-17,15:15:11.141000,10402,10403,10402,1
2019-05-17,15:15:11.141000,10402,10403,10402,1
2019-05-17,15:15:11.141000,10402,10403,10402,1
2019-05-17,15:15:11.142000,10402,10403,10402,1
2019-05-17,15:15:11.142000,10402,10403,10402,3
2019-05-17,15:15:14.431000,10402,10403,10403,1
2019-05-17,15:15:14.627000,10402,10403,10402,1
2019-05-17,15:15:15.155000,10401,10402,10402,1
2019-05-17,15:15:20.135000,10402,10403,10402,6
2019-05-17,15:15:21.382000,10401,10402,10402,2
2019-05-17,15:15:23.360000,10401,10402,10402,8
2019-05-17,15:15:24.472000,10402,10403,10402,9
2019-05-17,15:15:24.900000,10401,10402,10401,1
2019-05-17,15:15:24.900000,10401,10402,10401,11
2019-05-17,15:15:25.419000,10400,10401,10400,1
2019-05-17,15:15:25.419000,10400,10401,10400,1
2019-05-17,15:15:25.419000,10400,10401,10400,1
2019-05-17,15:15:25.419000,10400,10401,10400,1
2019-05-17,15:15:25.419000,10400,10401,10400,3
2019-05-17,15:15:25.419000,10400,10401,10400,5
2019-05-17,15:15:25.420000,10400,10401,10400,2
2019-05-17,15:15:26.052000,10399,10400,10401,1
2019-05-17,15:15:26.969000,10399,10401,10401,1
2019-05-17,15:15:28.898000,10399,10400,10399,3
2019-05-17,15:15:29.033000,10399,10400,10400,1
2019-05-17,15:15:31.949000,10399,10400,10400,2
2019-05-17,15:15:40.425000,10399,10400,10400,1
2019-05-17,15:15:43.399000,10399,10400,10400,1
2019-05-17,15:15:43.510000,10399,10400,10400,1
2019-05-17,15:15:44.977000,10399,10400,10400,1
2019-05-17,15:15:50.266000,10400,10401,10400,1
2019-05-17,15:15:51.362000,10400,10401,10400,1
2019-05-17,15:15:52.292000,10399,10400,10400,1
2019-05-17,15:15:54.348000,10399,10400,10399,2
2019-05-17,15:15:56.972000,10399,10400,10400,1
2019-05-17,15:16:01.177000,10400,10401,10401,1
2019-05-17,15:16:03.824000,10400,10401,10400,1
2019-05-17,15:16:03.824000,10400,10401,10400,1
2019-05-17,15:16:06.047000,10399,10400,10400,1
2019-05-17,15:16:06.135000,10399,10400,10399,2
2019-05-17,15:16:06.140000,10399,10400,10399,1
2019-05-17,15:16:06.260000,10399,10400,10399,3
2019-05-17,15:16:06.260000,10399,10400,10399,8
2019-05-17,15:16:06.260000,10399,10400,10399,2
2019-05-17,15:16:06.385000,10399,10400,10399,7
2019-05-17,15:16:06.934000,10398,10399,10398,6
2019-05-17,15:16:06.934000,10398,10399,10398,9
2019-05-17,15:16:07.385000,10397,10398,10397,1
2019-05-17,15:16:07.385000,10397,10398,10397,1
2019-05-17,15:16:12.725000,10397,10398,10397,2
2019-05-17,15:16:12.725000,10397,10398,10397,1
2019-05-17,15:16:12.725000,10397,10398,10397,1
2019-05-17,15:16:12.725000,10397,10398,10397,2
2019-05-17,15:16:12.725000,10397,10398,10397,1
2019-05-17,15:16:12.725000,10397,10398,10397,1
2019-05-17,15:16:12.760000,10397,10398,10397,4
2019-05-17,15:16:12.761000,10397,10398,10397,1
2019-05-17,15:16:12.761000,10397,10398,10397,1
2019-05-17,15:16:12.762000,10397,10398,10397,5
2019-05-17,15:16:12.885000,10397,10398,10397,1
2019-05-17,15:16:12.991000,10397,10398,10397,1
2019-05-17,15:16:13.992000,10396,10397,10397,2
2019-05-17,15:16:14.258000,10396,10398,10398,3
2019-05-17,15:16:14.259000,10396,10398,10398,5
2019-05-17,15:16:14.259000,10396,10398,10398,1
2019-05-17,15:16:19.183000,10397,10398,10398,3
2019-05-17,15:16:24.954000,10397,10398,10398,1
2019-05-17,15:16:25.554000,10397,10398,10397,1
2019-05-17,15:16:26.606000,10397,10398,10398,3
2019-05-17,15:16:30.885000,10397,10398,10398,1
2019-05-17,15:16:30.886000,10397,10398,10398,1
2019-05-17,15:16:30.886000,10397,10398,10398,1
2019-05-17,15:16:30.886000,10397,10398,10398,1
2019-05-17,15:16:33.377000,10397,10398,10398,1
2019-05-17,15:16:34.312000,10397,10398,10398,1
2019-05-17,15:16:34.337000,10397,10398,10398,1
2019-05-17,15:16:35.120000,10397,10398,10397,5
2019-05-17,15:16:36.858000,10397,10398,10397,3
2019-05-17,15:16:38.976000,10397,10398,10397,1
2019-05-17,15:16:46.996000,10397,10398,10397,1
2019-05-17,15:16:48.489000,10397,10398,10397,1
2019-05-17,15:16:49.385000,10397,10398,10397,1
2019-05-17,15:16:50.473000,10397,10398,10397,1
2019-05-17,15:16:54.606000,10397,10398,10397,2
2019-05-17,15:16:56.772000,10397,10398,10398,7
2019-05-17,15:16:56.772000,10397,10398,10398,2
2019-05-17,15:16:56.772000,10397,10398,10398,5
2019-05-17,15:16:56.772000,10397,10398,10398,4
2019-05-17,15:17:03.246000,10398,10399,10398,1
2019-05-17,15:17:07.341000,10397,10398,10398,1
2019-05-17,15:17:11.737000,10397,10398,10398,3
2019-05-17,15:17:15.296000,10398,10399,10398,1
2019-05-17,15:17:23.762000,10397,10398,10397,7
2019-05-17,15:17:23.885000,10397,10398,10397,1
2019-05-17,15:17:23.885000,10397,10398,10397,7
2019-05-17,15:17:23.886000,10397,10398,10397,2
2019-05-17,15:17:23.886000,10397,10398,10397,1
2019-05-17,15:17:23.886000,10397,10398,10397,1
2019-05-17,15:17:24.010000,10397,10398,10397,1
2019-05-17,15:17:28.258000,10396,10397,10397,1
2019-05-17,15:17:28.870000,10396,10397,10397,1
2019-05-17,15:17:33.813000,10396,10397,10397,1
2019-05-17,15:17:34.889000,10396,10397,10397,8
2019-05-17,15:17:40.156000,10397,10398,10397,2
2019-05-17,15:17:43.267000,10397,10398,10397,2
2019-05-17,15:17:46.248000,10396,10397,10397,2
2019-05-17,15:17:56.171000,10396,10397,10397,1
2019-05-17,15:18:03.386000,10396,10397,10397,2
2019-05-17,15:18:04.109000,10397,10398,10397,2
2019-05-17,15:18:07.064000,10396,10397,10397,1
2019-05-17,15:18:11.484000,10397,10398,10397,1
2019-05-17,15:18:16.266000,10396,10397,10397,5
2019-05-17,15:18:24.667000,10396,10397,10397,2
2019-05-17,15:18:34.743000,10396,10397,10397,1
2019-05-17,15:18:35.071000,10396,10397,10396,1
2019-05-17,15:18:35.433000,10396,10397,10396,1
2019-05-17,15:18:40.460000,10396,10397,10396,1
2019-05-17,15:18:43.152000,10396,10397,10396,1
2019-05-17,15:18:52.881000,10396,10397,10397,1
2019-05-17,15:18:54.801000,10396,10397,10397,1
2019-05-17,15:18:56.941000,10396,10397,10397,1
2019-05-17,15:19:11.182000,10396,10397,10397,1
2019-05-17,15:19:11.747000,10396,10397,10397,3
2019-05-17,15:19:11.886000,10397,10398,10397,2
2019-05-17,15:19:21.927000,10397,10398,10397,1
2019-05-17,15:19:22.071000,10397,10398,10397,1
2019-05-17,15:19:22.085000,10397,10398,10397,2
2019-05-17,15:19:22.085000,10397,10398,10397,1
2019-05-17,15:19:22.086000,10397,10398,10397,1
2019-05-17,15:19:22.114000,10397,10398,10397,2
2019-05-17,15:19:27.264000,10397,10398,10397,3
2019-05-17,15:19:28.136000,10397,10398,10398,1
2019-05-17,15:19:28.150000,10397,10398,10398,4
2019-05-17,15:19:29.264000,10398,10399,10398,1
2019-05-17,15:19:32.377000,10398,10399,10398,1
2019-05-17,15:19:36.204000,10398,10399,10398,1
2019-05-17,15:19:36.798000,10398,10399,10398,3
2019-05-17,15:19:37.476000,10397,10398,10398,1
2019-05-17,15:19:41.294000,10397,10398,10397,1
2019-05-17,15:19:41.846000,10397,10398,10397,1
2019-05-17,15:19:43.808000,10397,10398,10397,1
2019-05-17,15:19:46.765000,10397,10398,10397,1
2019-05-17,15:19:49.644000,10397,10398,10397,3
2019-05-17,15:19:49.644000,10397,10398,10396,2
2019-05-17,15:19:49.786000,10396,10398,10398,1
2019-05-17,15:19:53.378000,10396,10398,10396,2
2019-05-17,15:19:57.636000,10396,10397,10397,1
2019-05-17,15:19:59.835000,10396,10397,10396,5
2019-05-17,15:20:01.432000,10396,10397,10396,1
2019-05-17,15:20:02.590000,10396,10397,10396,12
2019-05-17,15:20:02.741000,10396,10397,10396,13
2019-05-17,15:20:02.761000,10395,10397,10395,12
2019-05-17,15:20:02.886000,10395,10396,10395,7
2019-05-17,15:20:02.897000,10395,10396,10396,1
2019-05-17,15:20:02.963000,10395,10396,10396,3
2019-05-17,15:20:02.986000,10395,10396,10395,6
2019-05-17,15:20:03.010000,10395,10396,10395,4
2019-05-17,15:20:03.011000,10395,10396,10395,10
2019-05-17,15:20:03.774000,10394,10395,10394,5
2019-05-17,15:20:03.905000,10394,10395,10394,1
2019-05-17,15:20:03.960000,10394,10395,10394,1
2019-05-17,15:20:03.960000,10394,10395,10393,1
2019-05-17,15:20:04.015000,10393,10395,10393,1
2019-05-17,15:20:04.210000,10393,10395,10393,6
2019-05-17,15:20:04.210000,10393,10395,10393,1
2019-05-17,15:20:04.383000,10393,10395,10393,1
2019-05-17,15:20:05.871000,10393,10394,10393,1
2019-05-17,15:20:06.513000,10393,10394,10394,2
2019-05-17,15:20:06.869000,10393,10394,10393,1
2019-05-17,15:20:08.403000,10393,10394,10393,1
2019-05-17,15:20:09.048000,10393,10394,10393,29
2019-05-17,15:20:11.385000,10392,10393,10393,1
2019-05-17,15:20:13.029000,10392,10393,10393,1
2019-05-17,15:20:15.771000,10392,10393,10393,3
2019-05-17,15:20:18.233000,10392,10393,10392,4
2019-05-17,15:20:18.493000,10392,10393,10393,1
2019-05-17,15:20:18.506000,10392,10393,10393,2
2019-05-17,15:20:18.646000,10392,10393,10393,1
2019-05-17,15:20:18.662000,10392,10393,10393,1
2019-05-17,15:20:18.826000,10392,10393,10393,1
2019-05-17,15:20:21.343000,10392,10393,10393,2
2019-05-17,15:20:21.343000,10392,10393,10392,1
2019-05-17,15:20:22.989000,10393,10394,10393,1
2019-05-17,15:20:24.535000,10393,10394,10393,1
2019-05-17,15:20:26.369000,10392,10393,10392,5
2019-05-17,15:20:26.586000,10392,10393,10393,1
2019-05-17,15:20:26.668000,10392,10393,10392,1
2019-05-17,15:20:27.199000,10392,10393,10393,1
2019-05-17,15:20:29.464000,10392,10393,10393,2
2019-05-17,15:20:30.887000,10392,10393,10392,6
2019-05-17,15:20:30.889000,10392,10393,10392,11
2019-05-17,15:20:35.422000,10391,10392,10391,1
2019-05-17,15:20:35.892000,10391,10392,10391,29
2019-05-17,15:20:36.095000,10390,10391,10390,1
2019-05-17,15:20:36.152000,10390,10391,10390,1
2019-05-17,15:20:36.227000,10390,10391,10390,1
2019-05-17,15:20:36.491000,10390,10391,10390,1
2019-05-17,15:20:36.614000,10390,10391,10391,3
2019-05-17,15:20:36.659000,10390,10391,10391,3
2019-05-17,15:20:36.659000,10390,10391,10391,1
2019-05-17,15:20:36.681000,10390,10391,10391,6
2019-05-17,15:20:36.823000,10391,10392,10391,1
2019-05-17,15:20:36.823000,10391,10392,10390,2
2019-05-17,15:20:36.973000,10390,10392,10392,1
2019-05-17,15:20:37.017000,10391,10392,10391,4
2019-05-17,15:20:38.361000,10391,10392,10391,1
2019-05-17,15:20:38.361000,10391,10392,10390,4
2019-05-17,15:20:41.239000,10390,10391,10390,1
2019-05-17,15:20:41.256000,10390,10391,10390,1
2019-05-17,15:20:41.516000,10390,10391,10391,1
2019-05-17,15:20:41.921000,10390,10391,10390,1
2019-05-17,15:20:42.162000,10390,10391,10390,1
2019-05-17,15:20:42.961000,10390,10391,10391,1
2019-05-17,15:20:45.304000,10390,10391,10391,1
2019-05-17,15:20:45.304000,10390,10391,10392,1
2019-05-17,15:20:47.748000,10390,10392,10390,1
2019-05-17,15:20:49.413000,10391,10392,10391,1
2019-05-17,15:20:49.491000,10391,10392,10392,1
2019-05-17,15:20:51.878000,10391,10392,10392,1
2019-05-17,15:20:54.437000,10391,10392,10391,1
2019-05-17,15:20:57.055000,10391,10392,10392,4
2019-05-17,15:20:57.055000,10391,10392,10392,1
2019-05-17,15:20:57.055000,10391,10392,10392,1
2019-05-17,15:20:57.055000,10391,10392,10392,2
2019-05-17,15:20:57.055000,10391,10392,10392,4
2019-05-17,15:20:58.866000,10392,10393,10392,1
2019-05-17,15:20:59.048000,10392,10393,10392,1
2019-05-17,15:20:59.733000,10392,10393,10392,2
2019-05-17,15:20:59.901000,10392,10393,10392,1
2019-05-17,15:21:00.106000,10392,10393,10393,14
2019-05-17,15:21:00.275000,10392,10394,10392,2
2019-05-17,15:21:01.304000,10393,10394,10393,1
2019-05-17,15:21:01.903000,10392,10394,10392,1
2019-05-17,15:21:03.775000,10392,10393,10393,1
2019-05-17,15:21:04.148000,10393,10394,10393,1
2019-05-17,15:21:05.602000,10392,10393,10392,1
2019-05-17,15:21:06.885000,10392,10393,10392,1
2019-05-17,15:21:08.525000,10392,10393,10393,10
2019-05-17,15:21:09.290000,10392,10393,10393,10
2019-05-17,15:21:11.116000,10392,10393,10392,1
2019-05-17,15:21:11.135000,10392,10393,10393,21
2019-05-17,15:21:11.135000,10392,10393,10394,9
2019-05-17,15:21:11.378000,10393,10394,10393,1
2019-05-17,15:21:11.378000,10393,10394,10394,1
2019-05-17,15:21:17.138000,10392,10393,10392,17
2019-05-17,15:21:19.123000,10391,10392,10392,2
2019-05-17,15:21:22.559000,10391,10392,10392,4
2019-05-17,15:21:22.562000,10391,10392,10392,4
2019-05-17,15:21:22.566000,10391,10392,10392,2
2019-05-17,15:21:26.416000,10391,10392,10391,5
2019-05-17,15:21:27.225000,10391,10392,10391,1
2019-05-17,15:21:28.285000,10391,10392,10391,1
2019-05-17,15:21:31.885000,10391,10392,10391,4
2019-05-17,15:21:32.197000,10391,10392,10391,15
2019-05-17,15:21:32.198000,10391,10392,10391,1
2019-05-17,15:21:32.317000,10390,10392,10390,32
2019-05-17,15:21:32.386000,10390,10391,10390,2
2019-05-17,15:21:32.386000,10390,10391,10390,5
2019-05-17,15:21:32.512000,10389,10390,10389,1
2019-05-17,15:21:32.669000,10389,10390,10389,1
2019-05-17,15:21:32.704000,10389,10390,10389,1
2019-05-17,15:21:32.924000,10389,10390,10389,1
2019-05-17,15:21:33.201000,10389,10390,10390,1
2019-05-17,15:21:34.934000,10389,10391,10389,1
2019-05-17,15:21:35.635000,10389,10390,10390,1
2019-05-17,15:21:35.760000,10389,10390,10390,2
2019-05-17,15:21:37.833000,10390,10391,10390,1
2019-05-17,15:21:38.214000,10390,10391,10390,2
2019-05-17,15:21:38.977000,10390,10391,10390,1
2019-05-17,15:21:39.245000,10390,10391,10390,1
2019-05-17,15:21:40.221000,10390,10391,10391,1
2019-05-17,15:21:40.274000,10390,10391,10391,1
2019-05-17,15:21:40.274000,10390,10391,10391,1
2019-05-17,15:21:40.274000,10390,10391,10391,1
2019-05-17,15:21:40.274000,10390,10391,10391,1
2019-05-17,15:21:40.274000,10390,10391,10391,1
2019-05-17,15:21:40.297000,10390,10391,10391,1
2019-05-17,15:21:40.597000,10390,10392,10390,3
2019-05-17,15:21:40.782000,10390,10392,10390,1
2019-05-17,15:21:45.718000,10390,10391,10390,1
2019-05-17,15:21:45.929000,10390,10391,10390,1
2019-05-17,15:21:47.237000,10390,10391,10390,1
2019-05-17,15:21:48.645000,10390,10391,10390,1
2019-05-17,15:21:49.696000,10390,10391,10391,1
2019-05-17,15:21:49.760000,10390,10391,10391,1
2019-05-17,15:21:49.761000,10390,10391,10391,1
2019-05-17,15:21:49.761000,10390,10391,10391,1
2019-05-17,15:21:50.627000,10391,10392,10391,1
2019-05-17,15:21:50.723000,10391,10392,10392,17
2019-05-17,15:21:50.723000,10391,10392,10392,1
2019-05-17,15:21:50.723000,10391,10392,10392,3
2019-05-17,15:21:52.692000,10391,10393,10391,1
2019-05-17,15:21:54.734000,10391,10393,10393,1
2019-05-17,15:21:57.760000,10391,10392,10392,1
2019-05-17,15:21:58.303000,10391,10393,10393,1
2019-05-17,15:21:58.739000,10391,10393,10391,1
2019-05-17,15:22:00.477000,10391,10393,10391,5
2019-05-17,15:22:01.351000,10391,10392,10392,1
2019-05-17,15:22:01.940000,10392,10393,10392,1
2019-05-17,15:22:08.500000,10391,10393,10391,1
2019-05-17,15:22:09.275000,10391,10393,10391,1
2019-05-17,15:22:11.677000,10391,10393,10393,7
2019-05-17,15:22:11.927000,10392,10393,10392,1
2019-05-17,15:22:12.250000,10391,10392,10392,1
2019-05-17,15:22:14.272000,10392,10393,10393,2
2019-05-17,15:22:14.376000,10392,10393,10393,9
2019-05-17,15:22:14.513000,10393,10394,10393,5
2019-05-17,15:22:14.851000,10393,10394,10393,1
2019-05-17,15:22:15.381000,10393,10394,10393,2
2019-05-17,15:22:16.224000,10393,10394,10393,1
2019-05-17,15:22:17.260000,10393,10394,10394,7
2019-05-17,15:22:17.260000,10393,10394,10394,1
2019-05-17,15:22:17.261000,10393,10394,10394,7
2019-05-17,15:22:18.315000,10394,10395,10394,1
2019-05-17,15:22:18.416000,10394,10395,10394,1
2019-05-17,15:22:20.556000,10393,10395,10393,1
2019-05-17,15:22:25.042000,10393,10394,10394,4
2019-05-17,15:22:29.380000,10393,10394,10394,1
2019-05-17,15:22:30.747000,10393,10394,10394,1
2019-05-17,15:22:31.474000,10394,10395,10394,1
2019-05-17,15:22:32.393000,10394,10395,10394,3
2019-05-17,15:22:33.493000,10393,10394,10394,2
2019-05-17,15:22:36.194000,10393,10394,10394,1
2019-05-17,15:22:39.024000,10394,10395,10394,1
2019-05-17,15:22:47.369000,10394,10395,10395,26
2019-05-17,15:22:47.879000,10395,10396,10395,1
2019-05-17,15:22:56.217000,10395,10396,10395,2
2019-05-17,15:22:57.288000,10394,10396,10394,1
2019-05-17,15:22:57.890000,10395,10396,10395,1
2019-05-17,15:22:58.892000,10395,10396,10395,1
2019-05-17,15:23:00.803000,10395,10396,10395,1
2019-05-17,15:23:02.678000,10395,10396,10396,6
2019-05-17,15:23:05.485000,10395,10396,10396,1
2019-05-17,15:23:06.956000,10395,10396,10396,1
2019-05-17,15:23:11.135000,10395,10396,10396,1
2019-05-17,15:23:12.062000,10395,10396,10396,6
2019-05-17,15:23:12.159000,10396,10397,10396,1
2019-05-17,15:23:12.160000,10396,10397,10396,1
2019-05-17,15:23:12.160000,10396,10397,10396,1
2019-05-17,15:23:12.160000,10396,10397,10396,1
2019-05-17,15:23:13.180000,10396,10397,10397,10
2019-05-17,15:23:18.418000,10396,10397,10397,2
2019-05-17,15:23:22.330000,10397,10398,10397,1
2019-05-17,15:23:24.802000,10397,10398,10398,1
2019-05-17,15:23:25.070000,10397,10398,10397,1
2019-05-17,15:23:27.127000,10397,10398,10397,3
2019-05-17,15:23:27.127000,10397,10398,10397,3
2019-05-17,15:23:27.575000,10396,10397,10397,2
2019-05-17,15:23:28.958000,10396,10397,10397,1
2019-05-17,15:23:32.710000,10396,10397,10397,1
2019-05-17,15:23:33.638000,10396,10397,10396,2
2019-05-17,15:23:33.642000,10396,10397,10396,1
2019-05-17,15:23:33.730000,10396,10397,10396,4
2019-05-17,15:23:35.662000,10395,10397,10397,1
2019-05-17,15:23:43.178000,10396,10397,10396,2
2019-05-17,15:23:43.510000,10396,10397,10396,1
2019-05-17,15:23:48.891000,10395,10396,10396,4
2019-05-17,15:23:50.534000,10395,10396,10396,6
2019-05-17,15:23:55.337000,10396,10397,10396,1
2019-05-17,15:23:57.916000,10396,10397,10396,1
2019-05-17,15:23:58.021000,10396,10397,10396,1
2019-05-17,15:23:58.021000,10396,10397,10395,2
2019-05-17,15:24:02.868000,10396,10397,10397,1
2019-05-17,15:24:07.382000,10396,10397,10397,1
2019-05-17,15:24:10.366000,10396,10397,10397,16
2019-05-17,15:24:11.309000,10396,10397,10397,1
2019-05-17,15:24:16.939000,10396,10397,10397,1
2019-05-17,15:24:18.387000,10397,10398,10397,2
2019-05-17,15:24:20.672000,10397,10398,10397,1
2019-05-17,15:24:26.039000,10397,10398,10398,3
2019-05-17,15:24:26.226000,10397,10398,10397,1
2019-05-17,15:24:28.167000,10397,10398,10397,12
2019-05-17,15:24:28.167000,10397,10398,10397,2
2019-05-17,15:24:30.223000,10396,10397,10397,1
2019-05-17,15:24:38.271000,10397,10398,10397,4
2019-05-17,15:24:38.740000,10396,10397,10397,6
2019-05-17,15:24:39.707000,10396,10398,10397,1
2019-05-17,15:24:44.135000,10396,10397,10397,1
2019-05-17,15:24:48.778000,10397,10398,10397,2
2019-05-17,15:24:49.485000,10396,10397,10397,1
2019-05-17,15:24:49.486000,10396,10397,10397,1
2019-05-17,15:24:49.487000,10396,10397,10397,1
2019-05-17,15:24:49.510000,10396,10397,10397,1
2019-05-17,15:24:56.972000,10397,10398,10397,1
2019-05-17,15:24:58.338000,10397,10398,10398,3
2019-05-17,15:25:02.109000,10397,10398,10398,11
2019-05-17,15:25:02.830000,10398,10399,10398,2
2019-05-17,15:25:02.893000,10398,10399,10399,7
2019-05-17,15:25:04.619000,10398,10399,10399,1
2019-05-17,15:25:04.619000,10398,10399,10399,1
2019-05-17,15:25:06.345000,10398,10399,10398,1
2019-05-17,15:25:11.779000,10398,10399,10398,1
2019-05-17,15:25:13.591000,10398,10399,10399,3
2019-05-17,15:25:15.474000,10398,10399,10398,1
2019-05-17,15:25:19.606000,10398,10399,10399,4
2019-05-17,15:25:20.491000,10398,10399,10399,1
2019-05-17,15:25:20.912000,10398,10399,10398,1
2019-05-17,15:25:27.545000,10398,10399,10399,5
2019-05-17,15:25:27.825000,10398,10399,10399,5
2019-05-17,15:25:31.204000,10398,10399,10399,2
2019-05-17,15:25:31.204000,10398,10399,10399,1
2019-05-17,15:25:31.538000,10399,10400,10400,8
2019-05-17,15:25:31.546000,10399,10400,10400,7
2019-05-17,15:25:31.573000,10399,10400,10400,14
2019-05-17,15:25:35.234000,10400,10401,10401,1
2019-05-17,15:25:35.785000,10400,10401,10401,1
2019-05-17,15:25:35.819000,10400,10401,10401,2
2019-05-17,15:25:36.391000,10400,10401,10401,2
2019-05-17,15:25:36.833000,10400,10401,10401,1
2019-05-17,15:25:36.884000,10400,10401,10401,5
2019-05-17,15:25:40.194000,10400,10401,10401,1
2019-05-17,15:25:41.014000,10400,10401,10401,2
2019-05-17,15:25:42.195000,10400,10401,10401,1
2019-05-17,15:25:42.260000,10401,10402,10401,1
2019-05-17,15:25:43.153000,10400,10401,10401,4
2019-05-17,15:25:47.019000,10400,10401,10400,1
2019-05-17,15:25:47.019000,10400,10401,10400,13
2019-05-17,15:25:47.198000,10399,10400,10400,1
2019-05-17,15:25:47.627000,10398,10400,10400,2
2019-05-17,15:25:49.134000,10398,10400,10400,1
2019-05-17,15:25:53.512000,10399,10400,10400,1
2019-05-17,15:25:58.809000,10399,10400,10400,3
2019-05-17,15:25:59.220000,10399,10400,10400,1
2019-05-17,15:26:02.573000,10399,10400,10399,8
2019-05-17,15:26:02.573000,10399,10400,10399,1
2019-05-17,15:26:02.574000,10399,10400,10399,2
2019-05-17,15:26:03.003000,10398,10399,10399,1
2019-05-17,15:26:03.188000,10398,10399,10399,3
2019-05-17,15:26:03.381000,10398,10399,10399,2
2019-05-17,15:26:03.617000,10398,10400,10400,5
2019-05-17,15:26:03.834000,10398,10400,10400,1
2019-05-17,15:26:05.266000,10398,10400,10400,1
2019-05-17,15:26:10.395000,10398,10399,10398,6
2019-05-17,15:26:11.164000,10397,10398,10398,2
2019-05-17,15:26:13.226000,10397,10398,10398,1
2019-05-17,15:26:13.576000,10397,10398,10397,1
2019-05-17,15:26:14.752000,10397,10398,10397,9
2019-05-17,15:26:16.584000,10396,10397,10396,1
2019-05-17,15:26:16.718000,10396,10397,10397,1
2019-05-17,15:26:30.156000,10396,10397,10397,8
2019-05-17,15:26:33.637000,10396,10397,10397,1
2019-05-17,15:26:37.981000,10397,10398,10397,1
2019-05-17,15:26:41.306000,10397,10398,10397,1
2019-05-17,15:26:41.306000,10397,10398,10397,2
2019-05-17,15:26:46.693000,10396,10397,10397,1
2019-05-17,15:26:51.063000,10396,10397,10397,3
2019-05-17,15:26:57.739000,10397,10398,10397,2
2019-05-17,15:27:00.657000,10396,10397,10397,1
2019-05-17,15:27:01.881000,10397,10398,10397,3
2019-05-17,15:27:03.763000,10397,10398,10398,4
2019-05-17,15:27:13.610000,10398,10399,10398,5
2019-05-17,15:27:14.593000,10398,10399,10398,3
2019-05-17,15:27:14.593000,10398,10399,10398,1
2019-05-17,15:27:14.594000,10398,10399,10398,6
2019-05-17,15:27:14.594000,10398,10399,10398,1
2019-05-17,15:27:14.635000,10398,10399,10398,3
2019-05-17,15:27:17.611000,10397,10398,10397,1
2019-05-17,15:27:18.369000,10396,10397,10397,1
2019-05-17,15:27:21.227000,10396,10397,10397,1
2019-05-17,15:27:29.272000,10396,10397,10396,2
2019-05-17,15:27:29.385000,10396,10397,10396,5
2019-05-17,15:27:31.598000,10395,10396,10396,1
2019-05-17,15:27:31.907000,10395,10396,10396,1
2019-05-17,15:27:36.124000,10395,10396,10396,1
2019-05-17,15:27:39.039000,10395,10396,10395,1
2019-05-17,15:27:43.136000,10395,10396,10396,1
2019-05-17,15:27:44.951000,10395,10396,10396,2
2019-05-17,15:27:46.528000,10395,10396,10396,1
2019-05-17,15:27:47.924000,10395,10396,10396,2
2019-05-17,15:28:00.298000,10396,10397,10396,1
2019-05-17,15:28:01.419000,10396,10397,10396,2
2019-05-17,15:28:06.425000,10396,10397,10396,1
2019-05-17,15:28:07.079000,10396,10397,10396,2
2019-05-17,15:28:09.543000,10396,10397,10396,1
2019-05-17,15:28:09.546000,10396,10397,10396,4
2019-05-17,15:28:11.682000,10396,10397,10396,1
2019-05-17,15:28:18.132000,10395,10396,10395,1
2019-05-17,15:28:24.459000,10395,10396,10395,1
2019-05-17,15:28:24.911000,10395,10396,10395,1
2019-05-17,15:28:25.114000,10395,10396,10395,1
2019-05-17,15:28:28.909000,10395,10396,10395,14
2019-05-17,15:28:28.914000,10395,10396,10395,1
2019-05-17,15:28:35.982000,10394,10395,10395,2
2019-05-17,15:28:38.640000,10394,10395,10394,3
2019-05-17,15:28:40.091000,10394,10395,10394,4
2019-05-17,15:28:40.092000,10394,10395,10394,5
2019-05-17,15:28:40.092000,10394,10395,10394,4
2019-05-17,15:28:40.762000,10393,10394,10393,8
2019-05-17,15:28:46.172000,10394,10395,10394,2
2019-05-17,15:28:46.399000,10393,10395,10394,5
2019-05-17,15:28:46.441000,10393,10395,10394,1
2019-05-17,15:28:46.488000,10393,10395,10394,1
2019-05-17,15:28:46.490000,10393,10395,10394,1
2019-05-17,15:28:46.590000,10393,10394,10394,1
2019-05-17,15:28:46.590000,10393,10394,10394,1
2019-05-17,15:28:46.590000,10393,10394,10394,1
2019-05-17,15:28:47.974000,10394,10395,10394,1
2019-05-17,15:28:51.686000,10394,10395,10394,1
2019-05-17,15:28:54.897000,10394,10395,10394,1
2019-05-17,15:28:55.028000,10393,10394,10394,1
2019-05-17,15:28:57.139000,10393,10394,10394,1
2019-05-17,15:28:59.162000,10393,10394,10394,1
2019-05-17,15:29:00.010000,10394,10395,10395,2
2019-05-17,15:29:00.072000,10394,10395,10395,1
2019-05-17,15:29:00.404000,10394,10396,10394,2
2019-05-17,15:29:02.781000,10394,10395,10395,1
2019-05-17,15:29:03.667000,10394,10396,10395,1
2019-05-17,15:29:05.420000,10395,10396,10395,1
2019-05-17,15:29:09.174000,10395,10396,10396,5
2019-05-17,15:29:11.851000,10395,10396,10396,1
2019-05-17,15:29:11.851000,10395,10396,10397,4
2019-05-17,15:29:12.823000,10395,10397,10396,1
2019-05-17,15:29:22.994000,10396,10397,10397,1
2019-05-17,15:29:27.069000,10397,10398,10397,1
2019-05-17,15:29:30.148000,10397,10398,10398,1
2019-05-17,15:29:31.579000,10397,10398,10398,1
2019-05-17,15:29:32.993000,10397,10398,10397,1
2019-05-17,15:29:37.510000,10397,10398,10398,1
2019-05-17,15:29:41.150000,10397,10398,10397,1
2019-05-17,15:29:47.010000,10397,10398,10397,1
2019-05-17,15:29:47.010000,10397,10398,10397,1
2019-05-17,15:29:47.505000,10396,10397,10396,2
2019-05-17,15:29:47.505000,10396,10397,10396,1
2019-05-17,15:29:47.525000,10395,10396,10396,1
2019-05-17,15:29:51.557000,10396,10397,10397,1
2019-05-17,15:29:52.574000,10396,10398,10396,2
2019-05-17,15:29:59.362000,10396,10397,10397,1
2019-05-17,15:29:59.860000,10396,10397,10396,1
2019-05-17,15:30:03.123000,10396,10397,10396,1
2019-05-17,15:30:03.424000,10395,10396,10395,1
2019-05-17,15:30:03.432000,10395,10396,10395,1
2019-05-17,15:30:03.502000,10395,10396,10395,1
2019-05-17,15:30:03.641000,10395,10396,10395,4
2019-05-17,15:30:04.789000,10395,10396,10395,6
2019-05-17,15:30:04.833000,10395,10396,10395,1
2019-05-17,15:30:07.046000,10394,10395,10395,1
2019-05-17,15:30:11.770000,10394,10395,10394,1
2019-05-17,15:30:12.510000,10394,10395,10394,2
2019-05-17,15:30:13.786000,10394,10395,10394,4
2019-05-17,15:30:13.786000,10394,10395,10393,1
2019-05-17,15:30:16.894000,10393,10394,10393,4
2019-05-17,15:30:18.119000,10393,10394,10393,5
2019-05-17,15:30:29.523000,10393,10394,10394,1
2019-05-17,15:30:29.559000,10393,10394,10393,1
2019-05-17,15:30:30.046000,10393,10394,10393,1
2019-05-17,15:30:35.060000,10393,10394,10394,1
2019-05-17,15:30:40.146000,10393,10394,10394,1
2019-05-17,15:30:45.250000,10393,10394,10394,7
2019-05-17,15:30:48.357000,10393,10394,10393,1
2019-05-17,15:30:48.555000,10393,10394,10393,1
2019-05-17,15:30:48.555000,10393,10394,10393,10
2019-05-17,15:30:48.555000,10393,10394,10393,1
2019-05-17,15:30:50.020000,10392,10393,10393,3
2019-05-17,15:30:50.282000,10392,10393,10393,2
2019-05-17,15:30:51.176000,10392,10393,10393,1
2019-05-17,15:30:53.006000,10392,10393,10393,1
2019-05-17,15:30:54.034000,10392,10393,10393,2
2019-05-17,15:30:54.034000,10392,10393,10393,1
2019-05-17,15:30:54.328000,10392,10393,10393,1
2019-05-17,15:30:56.039000,10392,10393,10392,1
2019-05-17,15:30:56.979000,10392,10393,10392,3
2019-05-17,15:30:57.376000,10392,10393,10393,1
2019-05-17,15:30:57.376000,10392,10393,10393,2
2019-05-17,15:31:00.710000,10392,10393,10392,4
2019-05-17,15:31:00.760000,10392,10393,10392,9
2019-05-17,15:31:00.760000,10392,10393,10392,1
2019-05-17,15:31:02.212000,10391,10392,10392,1
2019-05-17,15:31:04.706000,10391,10392,10392,5
2019-05-17,15:31:05.459000,10391,10392,10392,5
2019-05-17,15:31:09.075000,10391,10392,10392,1
2019-05-17,15:31:09.709000,10391,10392,10392,1
2019-05-17,15:31:12.124000,10391,10392,10391,1
2019-05-17,15:31:17.417000,10391,10392,10391,1
2019-05-17,15:31:18.436000,10391,10392,10391,9
2019-05-17,15:31:18.482000,10391,10392,10391,6
2019-05-17,15:31:18.510000,10391,10392,10391,5
2019-05-17,15:31:21.125000,10390,10391,10391,1
2019-05-17,15:31:25.271000,10390,10391,10391,1
2019-05-17,15:31:27,10390,10391,10390,4
2019-05-17,15:31:27.615000,10390,10391,10390,1
2019-05-17,15:31:28.038000,10390,10391,10391,2
2019-05-17,15:31:28.038000,10390,10391,10391,8
2019-05-17,15:31:28.276000,10391,10392,10391,2
2019-05-17,15:31:28.282000,10391,10392,10391,1
2019-05-17,15:31:29.200000,10390,10391,10390,1
2019-05-17,15:31:30.822000,10390,10391,10390,1
2019-05-17,15:31:33.127000,10390,10391,10390,2
2019-05-17,15:31:35.746000,10390,10391,10390,1
2019-05-17,15:31:38.414000,10390,10391,10390,3
2019-05-17,15:31:44.369000,10390,10391,10390,5
2019-05-17,15:31:44.969000,10390,10391,10390,1
2019-05-17,15:31:49.228000,10390,10391,10390,20
2019-05-17,15:31:49.260000,10390,10391,10390,4
2019-05-17,15:31:49.635000,10389,10390,10390,2
2019-05-17,15:31:51.766000,10389,10390,10389,1
2019-05-17,15:31:51.922000,10389,10390,10389,1
2019-05-17,15:31:52.051000,10389,10390,10389,2
2019-05-17,15:31:52.137000,10389,10390,10389,1
2019-05-17,15:31:52.193000,10389,10390,10389,1
2019-05-17,15:31:52.214000,10389,10390,10389,1
2019-05-17,15:31:53.388000,10389,10390,10389,3
2019-05-17,15:31:53.489000,10389,10390,10390,8
2019-05-17,15:31:53.510000,10390,10391,10390,1
2019-05-17,15:31:53.510000,10390,10391,10390,1
2019-05-17,15:31:55.010000,10389,10390,10390,1
2019-05-17,15:31:55.012000,10389,10390,10390,1
2019-05-17,15:31:55.249000,10389,10391,10390,2
2019-05-17,15:31:56.054000,10390,10391,10390,1
2019-05-17,15:32:00.308000,10390,10391,10391,1
2019-05-17,15:32:00.577000,10390,10391,10390,1
2019-05-17,15:32:00.898000,10390,10391,10390,1
2019-05-17,15:32:02.402000,10390,10391,10391,1
2019-05-17,15:32:04.862000,10390,10391,10391,5
2019-05-17,15:32:04.883000,10390,10391,10392,1
2019-05-17,15:32:05.781000,10390,10391,10390,3
2019-05-17,15:32:10.427000,10390,10391,10390,1
2019-05-17,15:32:10.971000,10390,10391,10390,1
2019-05-17,15:32:12.592000,10390,10391,10391,1
2019-05-17,15:32:13.064000,10390,10391,10390,1
2019-05-17,15:32:13.731000,10390,10391,10391,1
2019-05-17,15:32:14.676000,10390,10391,10391,1
2019-05-17,15:32:16.506000,10391,10392,10391,1
2019-05-17,15:32:21.135000,10390,10391,10391,1
2019-05-17,15:32:28.457000,10391,10392,10392,1
2019-05-17,15:32:29.037000,10392,10393,10392,1
2019-05-17,15:32:29.849000,10392,10393,10392,1
2019-05-17,15:32:30.885000,10391,10392,10392,1
2019-05-17,15:32:33.658000,10392,10393,10392,5
2019-05-17,15:32:33.885000,10392,10393,10392,1
2019-05-17,15:32:35.799000,10391,10392,10392,1
2019-05-17,15:32:35.801000,10391,10392,10392,1
2019-05-17,15:32:35.801000,10391,10392,10392,1
2019-05-17,15:32:35.802000,10391,10392,10392,1
2019-05-17,15:32:35.802000,10391,10392,10392,1
2019-05-17,15:32:36.592000,10391,10392,10392,1
2019-05-17,15:32:37.729000,10391,10393,10393,5
2019-05-17,15:32:38.429000,10392,10393,10393,5
2019-05-17,15:32:39.438000,10392,10393,10393,1
2019-05-17,15:32:41.760000,10392,10393,10393,1
2019-05-17,15:32:44.650000,10392,10393,10392,1
2019-05-17,15:32:45.254000,10392,10393,10393,5
2019-05-17,15:32:45.704000,10392,10393,10393,2
2019-05-17,15:32:46.385000,10392,10393,10393,1
2019-05-17,15:32:50.520000,10393,10394,10393,1
2019-05-17,15:32:50.720000,10393,10394,10393,1
2019-05-17,15:32:51.325000,10392,10393,10392,1
2019-05-17,15:32:53.698000,10392,10393,10392,1
2019-05-17,15:32:56.604000,10391,10392,10392,1
2019-05-17,15:32:56.604000,10391,10392,10392,1
2019-05-17,15:32:57.198000,10391,10393,10393,2
2019-05-17,15:32:57.760000,10392,10393,10392,1
2019-05-17,15:33:01.911000,10392,10393,10393,1
2019-05-17,15:33:04.478000,10392,10393,10392,1
2019-05-17,15:33:14.426000,10392,10393,10393,6
2019-05-17,15:33:14.587000,10393,10394,10394,3
2019-05-17,15:33:14.869000,10393,10394,10394,3
2019-05-17,15:33:20.248000,10392,10394,10392,1
2019-05-17,15:33:23.298000,10392,10393,10393,1
2019-05-17,15:33:27.262000,10393,10394,10394,11
2019-05-17,15:33:27.386000,10394,10395,10394,2
2019-05-17,15:33:27.580000,10394,10395,10394,1
2019-05-17,15:33:30.112000,10393,10394,10394,2
2019-05-17,15:33:30.188000,10393,10394,10394,1
2019-05-17,15:33:30.188000,10393,10394,10395,4
2019-05-17,15:33:30.942000,10393,10395,10395,5
2019-05-17,15:33:33.179000,10393,10395,10395,4
2019-05-17,15:33:36.025000,10394,10395,10394,1
2019-05-17,15:33:36.367000,10394,10395,10394,4
2019-05-17,15:33:36.607000,10393,10394,10394,1
2019-05-17,15:33:37.810000,10393,10394,10394,1
2019-05-17,15:33:40.528000,10393,10394,10394,1
2019-05-17,15:33:40.528000,10393,10394,10395,4
2019-05-17,15:33:41.691000,10393,10395,10395,5
2019-05-17,15:33:46.423000,10394,10395,10394,1
2019-05-17,15:33:49.720000,10394,10395,10395,3
2019-05-17,15:33:51.514000,10394,10395,10394,1
2019-05-17,15:33:52.833000,10393,10395,10393,1
2019-05-17,15:34:01.638000,10393,10394,10394,7
2019-05-17,15:34:03.671000,10393,10394,10393,3
2019-05-17,15:34:05.036000,10393,10394,10394,2
2019-05-17,15:34:14.047000,10394,10395,10394,1
2019-05-17,15:34:17.829000,10394,10395,10394,2
2019-05-17,15:34:17.858000,10394,10395,10394,1
2019-05-17,15:34:19.371000,10393,10394,10393,1
2019-05-17,15:34:19.514000,10393,10394,10394,1
2019-05-17,15:34:30.359000,10393,10394,10394,2
2019-05-17,15:34:31.755000,10393,10394,10394,1
2019-05-17,15:34:48.954000,10393,10394,10394,1
2019-05-17,15:34:54.323000,10393,10394,10394,5
2019-05-17,15:35:03.650000,10393,10395,10393,1
2019-05-17,15:35:04.780000,10393,10395,10393,1
2019-05-17,15:35:06.799000,10393,10395,10393,4
2019-05-17,15:35:14.089000,10393,10394,10393,1
2019-05-17,15:35:22.630000,10393,10394,10393,1
2019-05-17,15:35:26.632000,10393,10394,10393,12
2019-05-17,15:35:26.632000,10393,10394,10393,5
2019-05-17,15:35:30.522000,10392,10393,10392,3
2019-05-17,15:35:31.139000,10392,10393,10392,3
2019-05-17,15:35:31.260000,10392,10393,10392,1
2019-05-17,15:35:31.260000,10392,10393,10392,5
2019-05-17,15:35:31.385000,10392,10393,10392,1
2019-05-17,15:35:32.391000,10391,10392,10392,1
2019-05-17,15:35:37.453000,10391,10392,10392,1
2019-05-17,15:35:47.700000,10391,10392,10391,1
2019-05-17,15:35:48.077000,10391,10392,10391,1
2019-05-17,15:35:48.270000,10391,10392,10392,1
2019-05-17,15:35:48.540000,10391,10392,10391,5
2019-05-17,15:35:54.495000,10391,10392,10391,1
2019-05-17,15:35:54.832000,10391,10392,10391,2
2019-05-17,15:35:55.323000,10391,10392,10391,1
2019-05-17,15:35:55.620000,10391,10392,10391,1
2019-05-17,15:35:56.441000,10391,10392,10391,1
2019-05-17,15:35:56.445000,10391,10392,10391,1
2019-05-17,15:35:59.616000,10391,10392,10391,1
2019-05-17,15:36:02.630000,10391,10392,10391,1
2019-05-17,15:36:02.815000,10391,10392,10391,1
2019-05-17,15:36:03.130000,10391,10392,10392,3
2019-05-17,15:36:06.391000,10391,10392,10392,1
2019-05-17,15:36:13.001000,10391,10392,10392,9
2019-05-17,15:36:18.351000,10391,10392,10392,3
2019-05-17,15:36:18.386000,10392,10393,10392,2
2019-05-17,15:36:26.523000,10392,10393,10392,1
2019-05-17,15:36:29.834000,10392,10393,10392,2
2019-05-17,15:36:30.150000,10391,10392,10392,5
2019-05-17,15:36:30.572000,10391,10392,10392,5
2019-05-17,15:36:31.870000,10391,10392,10392,1
2019-05-17,15:36:31.871000,10391,10392,10392,2
2019-05-17,15:36:34.660000,10392,10393,10393,1
2019-05-17,15:36:36.361000,10392,10393,10393,5
2019-05-17,15:36:36.852000,10392,10393,10393,2
2019-05-17,15:36:36.852000,10392,10393,10394,3
2019-05-17,15:36:36.886000,10393,10394,10393,1
2019-05-17,15:36:37.822000,10393,10394,10394,5
2019-05-17,15:36:44.003000,10393,10394,10393,1
2019-05-17,15:36:44.869000,10392,10393,10393,1
2019-05-17,15:36:56.760000,10393,10394,10393,1
2019-05-17,15:36:59.561000,10393,10394,10394,8
2019-05-17,15:37:03.431000,10393,10394,10393,3
2019-05-17,15:37:03.510000,10393,10394,10393,2
2019-05-17,15:37:30.577000,10392,10393,10393,1
2019-05-17,15:37:32.412000,10392,10393,10392,9
2019-05-17,15:37:50.819000,10391,10392,10392,10
2019-05-17,15:38:02.334000,10392,10393,10393,4
2019-05-17,15:38:02.357000,10392,10393,10392,1
2019-05-17,15:38:02.364000,10392,10393,10392,1
2019-05-17,15:38:02.385000,10391,10392,10392,3
2019-05-17,15:38:02.385000,10391,10392,10392,1
2019-05-17,15:38:06.435000,10392,10393,10393,7
2019-05-17,15:38:06.477000,10392,10393,10393,2
2019-05-17,15:38:06.619000,10393,10394,10394,3
2019-05-17,15:38:06.682000,10393,10394,10394,3
2019-05-17,15:38:08.620000,10393,10394,10393,2
2019-05-17,15:38:20.710000,10392,10393,10393,1
2019-05-17,15:38:28.277000,10393,10394,10394,11
2019-05-17,15:38:30.393000,10394,10395,10394,1
2019-05-17,15:38:37.383000,10393,10394,10394,2
2019-05-17,15:38:43.391000,10394,10395,10395,1
2019-05-17,15:38:45.166000,10394,10395,10394,1
2019-05-17,15:38:45.919000,10394,10395,10394,2
2019-05-17,15:38:45.951000,10394,10395,10394,3
2019-05-17,15:38:53.343000,10394,10395,10395,2
2019-05-17,15:38:53.344000,10394,10395,10395,2
2019-05-17,15:38:58.834000,10394,10395,10395,6
2019-05-17,15:38:58.841000,10394,10395,10395,2
2019-05-17,15:38:58.885000,10394,10395,10395,16
2019-05-17,15:39:00.114000,10395,10396,10395,6
2019-05-17,15:39:02.489000,10395,10396,10396,1
2019-05-17,15:39:02.699000,10395,10396,10396,3
2019-05-17,15:39:06.010000,10395,10396,10395,1
2019-05-17,15:39:06.862000,10394,10395,10395,1
2019-05-17,15:39:11.398000,10394,10395,10395,1
2019-05-17,15:39:13.865000,10395,10396,10396,3
2019-05-17,15:39:13.885000,10395,10396,10396,1
2019-05-17,15:39:13.886000,10395,10396,10396,1
2019-05-17,15:39:17.566000,10396,10397,10396,1
2019-05-17,15:39:18.125000,10396,10397,10396,2
2019-05-17,15:39:19.045000,10396,10397,10396,3
2019-05-17,15:39:21.753000,10396,10397,10396,1
2019-05-17,15:39:21.753000,10396,10397,10396,1
2019-05-17,15:39:21.754000,10396,10397,10396,3
2019-05-17,15:39:22.211000,10395,10396,10396,1
2019-05-17,15:39:22.529000,10395,10397,10397,1
2019-05-17,15:39:24.672000,10395,10397,10397,1
2019-05-17,15:39:26.958000,10396,10397,10397,1
2019-05-17,15:39:27.159000,10396,10397,10397,1
2019-05-17,15:39:30.809000,10396,10397,10397,2
2019-05-17,15:39:31.180000,10396,10397,10397,11
2019-05-17,15:39:32.589000,10396,10398,10398,1
2019-05-17,15:39:35.310000,10397,10398,10398,11
2019-05-17,15:39:35.387000,10397,10398,10398,7
2019-05-17,15:39:35.510000,10397,10398,10398,1
2019-05-17,15:39:36.916000,10398,10399,10399,18
2019-05-17,15:39:36.916000,10398,10399,10399,1
2019-05-17,15:39:36.916000,10398,10399,10399,1
2019-05-17,15:39:36.932000,10398,10399,10399,1
2019-05-17,15:39:37.010000,10398,10399,10399,2
2019-05-17,15:39:37.011000,10398,10399,10399,5
2019-05-17,15:39:37.437000,10399,10400,10400,43
2019-05-17,15:39:37.595000,10399,10401,10401,1
2019-05-17,15:39:37.824000,10400,10401,10401,1
2019-05-17,15:39:38.650000,10400,10401,10401,4
2019-05-17,15:39:38.940000,10400,10401,10401,1
2019-05-17,15:39:44.868000,10401,10402,10401,1
2019-05-17,15:39:45.690000,10401,10402,10401,1
2019-05-17,15:39:46.075000,10400,10401,10401,7
2019-05-17,15:39:47.193000,10400,10401,10401,1
2019-05-17,15:39:47.344000,10400,10401,10401,1
2019-05-17,15:39:50.014000,10400,10401,10401,1
2019-05-17,15:39:51.571000,10401,10402,10402,1
2019-05-17,15:39:52.792000,10401,10402,10401,1
2019-05-17,15:39:53.220000,10401,10402,10402,2
2019-05-17,15:39:54.574000,10401,10402,10402,1
2019-05-17,15:39:55.406000,10401,10402,10402,1
2019-05-17,15:39:55.424000,10401,10402,10401,1
2019-05-17,15:39:55.536000,10401,10402,10401,1
2019-05-17,15:39:56.026000,10401,10402,10402,1
2019-05-17,15:39:57.256000,10401,10402,10402,4
2019-05-17,15:39:57.687000,10401,10402,10402,5
2019-05-17,15:39:57.712000,10401,10402,10402,4
2019-05-17,15:39:57.866000,10401,10402,10403,5
2019-05-17,15:39:57.997000,10401,10403,10403,8
2019-05-17,15:39:58.084000,10401,10403,10403,5
2019-05-17,15:39:58.093000,10401,10403,10403,1
2019-05-17,15:39:58.378000,10402,10403,10403,1
2019-05-17,15:39:58.384000,10402,10403,10403,5
2019-05-17,15:39:58.617000,10402,10403,10403,1
2019-05-17,15:39:58.747000,10402,10404,10404,5
2019-05-17,15:39:58.916000,10402,10404,10404,2
2019-05-17,15:39:58.922000,10402,10404,10404,5
2019-05-17,15:39:58.974000,10402,10404,10404,2
2019-05-17,15:39:58.989000,10402,10404,10404,4
2019-05-17,15:39:59.143000,10403,10404,10404,4
2019-05-17,15:39:59.143000,10403,10404,10405,1
2019-05-17,15:39:59.309000,10403,10404,10404,1
2019-05-17,15:39:59.448000,10403,10405,10405,1
2019-05-17,15:39:59.464000,10403,10405,10405,5
2019-05-17,15:39:59.686000,10404,10405,10405,1
2019-05-17,15:39:59.687000,10404,10405,10404,3
2019-05-17,15:39:59.687000,10404,10405,10404,1
2019-05-17,15:39:59.709000,10404,10405,10405,1
2019-05-17,15:39:59.720000,10404,10405,10405,5
2019-05-17,15:39:59.741000,10404,10405,10404,1
2019-05-17,15:39:59.760000,10404,10405,10404,2
2019-05-17,15:39:59.785000,10404,10405,10404,2
2019-05-17,15:39:59.885000,10404,10405,10404,2
2019-05-17,15:40:00.400000,10403,10404,10404,5
2019-05-17,15:40:00.665000,10403,10404,10404,3
2019-05-17,15:40:00.665000,10403,10404,10405,2
2019-05-17,15:40:02.546000,10404,10405,10405,5
2019-05-17,15:40:03.209000,10404,10405,10405,1
2019-05-17,15:40:03.579000,10404,10405,10405,2
2019-05-17,15:40:03.670000,10404,10405,10405,2
2019-05-17,15:40:03.880000,10404,10405,10404,1
2019-05-17,15:40:04.877000,10404,10405,10405,2
2019-05-17,15:40:06.031000,10404,10405,10405,1
2019-05-17,15:40:06.039000,10404,10405,10404,1
2019-05-17,15:40:06.469000,10404,10405,10405,1
2019-05-17,15:40:08.014000,10404,10405,10405,2
2019-05-17,15:40:08.493000,10404,10405,10405,2
2019-05-17,15:40:08.514000,10404,10405,10404,1
2019-05-17,15:40:08.726000,10404,10405,10404,1
2019-05-17,15:40:08.905000,10404,10405,10405,1
2019-05-17,15:40:11.205000,10405,10406,10406,1
2019-05-17,15:40:11.314000,10405,10406,10406,2
2019-05-17,15:40:11.332000,10405,10406,10406,1
2019-05-17,15:40:11.341000,10405,10406,10406,1
2019-05-17,15:40:11.347000,10405,10406,10406,1
2019-05-17,15:40:11.400000,10405,10406,10406,1
2019-05-17,15:40:11.542000,10405,10406,10406,1
2019-05-17,15:40:11.599000,10405,10406,10406,1
2019-05-17,15:40:12.465000,10405,10406,10405,3
2019-05-17,15:40:12.635000,10405,10406,10405,3
2019-05-17,15:40:12.761000,10404,10405,10404,7
2019-05-17,15:40:12.862000,10404,10405,10405,1
2019-05-17,15:40:13.409000,10403,10404,10404,1
2019-05-17,15:40:13.436000,10403,10404,10404,3
2019-05-17,15:40:14.568000,10403,10404,10404,1
2019-05-17,15:40:14.734000,10403,10404,10404,1
2019-05-17,15:40:15.057000,10403,10404,10403,2
2019-05-17,15:40:15.057000,10403,10404,10402,5
2019-05-17,15:40:17.823000,10402,10403,10403,3
2019-05-17,15:40:18.062000,10402,10403,10402,1
2019-05-17,15:40:20.235000,10402,10403,10402,1
2019-05-17,15:40:21.826000,10402,10403,10402,2
2019-05-17,15:40:22.767000,10401,10403,10403,1
2019-05-17,15:40:24.694000,10402,10403,10402,1
2019-05-17,15:40:27.610000,10402,10403,10402,1
2019-05-17,15:40:29.932000,10402,10403,10402,1
2019-05-17,15:40:30.444000,10402,10403,10402,1
2019-05-17,15:40:30.936000,10402,10403,10402,2
2019-05-17,15:40:31.026000,10402,10403,10402,1
2019-05-17,15:40:31.038000,10402,10403,10402,1
2019-05-17,15:40:31.058000,10402,10403,10402,1
2019-05-17,15:40:36.010000,10402,10403,10402,7
2019-05-17,15:40:36.135000,10402,10403,10402,3
2019-05-17,15:40:37.551000,10401,10402,10401,1
2019-05-17,15:40:40.450000,10401,10402,10401,2
2019-05-17,15:40:43.370000,10401,10402,10401,1
2019-05-17,15:40:46.459000,10401,10402,10402,1
2019-05-17,15:40:47.705000,10401,10402,10402,1
2019-05-17,15:40:48.926000,10401,10402,10402,1
2019-05-17,15:40:50.460000,10401,10403,10402,1
2019-05-17,15:40:52.159000,10402,10403,10402,1
2019-05-17,15:40:52.455000,10401,10403,10403,5
2019-05-17,15:40:53.116000,10401,10403,10403,5
2019-05-17,15:40:54.749000,10402,10403,10403,3
2019-05-17,15:40:59.646000,10402,10403,10403,2
2019-05-17,15:40:59.659000,10402,10403,10402,1
2019-05-17,15:41:01.523000,10402,10403,10403,1
2019-05-17,15:41:02.859000,10402,10403,10403,3
2019-05-17,15:41:03.616000,10402,10403,10403,1
2019-05-17,15:41:05.023000,10402,10403,10402,1
2019-05-17,15:41:05.028000,10402,10403,10402,2
2019-05-17,15:41:05.028000,10402,10403,10402,4
2019-05-17,15:41:05.888000,10401,10403,10403,1
2019-05-17,15:41:08.052000,10402,10403,10403,1
2019-05-17,15:41:09.409000,10402,10403,10402,1
2019-05-17,15:41:14.402000,10402,10403,10402,1
2019-05-17,15:41:16.023000,10402,10403,10402,1
2019-05-17,15:41:17.560000,10402,10403,10402,1
2019-05-17,15:41:18.594000,10402,10403,10403,2
2019-05-17,15:41:18.636000,10402,10403,10402,1
2019-05-17,15:41:18.830000,10401,10402,10401,1
2019-05-17,15:41:18.920000,10401,10402,10402,1
2019-05-17,15:41:19.091000,10401,10402,10401,1
2019-05-17,15:41:20.518000,10401,10402,10402,5
2019-05-17,15:41:21.763000,10401,10402,10402,5
2019-05-17,15:41:27.305000,10401,10402,10401,1
2019-05-17,15:41:29.799000,10401,10402,10401,3
2019-05-17,15:41:29.800000,10401,10402,10401,1
2019-05-17,15:41:34.951000,10400,10401,10400,1
2019-05-17,15:41:42.608000,10400,10401,10400,4
2019-05-17,15:41:50.132000,10399,10400,10400,1
2019-05-17,15:41:50.447000,10400,10401,10400,1
2019-05-17,15:41:51.043000,10400,10401,10400,1
2019-05-17,15:41:53.954000,10400,10401,10401,3
2019-05-17,15:41:55.969000,10400,10401,10400,1
2019-05-17,15:41:56.339000,10400,10401,10401,1
2019-05-17,15:41:57.390000,10400,10401,10400,1
2019-05-17,15:42:12.322000,10400,10401,10400,2
2019-05-17,15:42:12.831000,10400,10401,10400,1
2019-05-17,15:42:14.625000,10400,10401,10401,7
2019-05-17,15:42:14.625000,10400,10401,10401,4
2019-05-17,15:42:21.885000,10400,10401,10401,1
2019-05-17,15:42:22.199000,10400,10402,10402,1
2019-05-17,15:42:24.563000,10401,10402,10402,1
2019-05-17,15:42:28.869000,10401,10402,10402,7
2019-05-17,15:42:28.885000,10401,10402,10402,1
2019-05-17,15:42:28.885000,10401,10402,10402,2
2019-05-17,15:42:28.885000,10401,10402,10402,22
2019-05-17,15:42:28.885000,10401,10402,10402,3
2019-05-17,15:42:35.881000,10402,10403,10402,1
2019-05-17,15:42:36.268000,10402,10403,10403,5
2019-05-17,15:42:36.322000,10402,10403,10402,1
2019-05-17,15:42:37.067000,10402,10403,10403,3
2019-05-17,15:42:37.900000,10402,10403,10402,1
2019-05-17,15:42:37.974000,10402,10403,10403,1
2019-05-17,15:42:38.425000,10402,10403,10403,5
2019-05-17,15:42:38.510000,10402,10403,10403,1
2019-05-17,15:42:38.751000,10402,10403,10403,1
2019-05-17,15:42:38.760000,10403,10404,10403,1
2019-05-17,15:42:41.224000,10403,10404,10404,2
2019-05-17,15:42:41.521000,10403,10404,10404,1
2019-05-17,15:42:41.831000,10403,10404,10403,3
2019-05-17,15:42:44.891000,10403,10404,10403,1
2019-05-17,15:42:46.988000,10402,10403,10403,1
2019-05-17,15:42:49.969000,10403,10404,10403,1
2019-05-17,15:42:59.626000,10403,10404,10404,1
2019-05-17,15:43:00.432000,10403,10404,10404,2
2019-05-17,15:43:03.469000,10403,10404,10403,14
2019-05-17,15:43:03.469000,10403,10404,10403,2
2019-05-17,15:43:03.472000,10403,10404,10403,3
2019-05-17,15:43:03.472000,10403,10404,10403,2
2019-05-17,15:43:03.635000,10403,10404,10403,1
2019-05-17,15:43:04.378000,10402,10403,10403,1
2019-05-17,15:43:04.623000,10402,10403,10403,1
2019-05-17,15:43:04.623000,10402,10403,10404,4
2019-05-17,15:43:06.110000,10402,10404,10404,1
2019-05-17,15:43:09.709000,10403,10404,10404,1
2019-05-17,15:43:16.276000,10403,10404,10403,5
2019-05-17,15:43:18.941000,10403,10404,10403,1
2019-05-17,15:43:34.176000,10402,10403,10403,1
2019-05-17,15:43:34.176000,10402,10403,10403,1
2019-05-17,15:43:35.094000,10403,10404,10404,20
2019-05-17,15:43:35.141000,10403,10405,10404,1
2019-05-17,15:43:42.233000,10404,10405,10404,1
2019-05-17,15:43:43.035000,10403,10404,10404,1
2019-05-17,15:43:46.260000,10404,10405,10404,1
2019-05-17,15:43:52.404000,10403,10404,10404,2
2019-05-17,15:43:54.283000,10403,10404,10404,2
2019-05-17,15:43:54.880000,10404,10405,10404,1
2019-05-17,15:43:57.763000,10404,10405,10405,5
2019-05-17,15:43:58.786000,10404,10405,10405,5
2019-05-17,15:44:01.939000,10404,10405,10404,1
2019-05-17,15:44:07.314000,10404,10405,10404,1
2019-05-17,15:44:08.640000,10404,10405,10405,1
2019-05-17,15:44:11.054000,10404,10405,10405,1
2019-05-17,15:44:12.545000,10404,10405,10405,10
2019-05-17,15:44:13.229000,10404,10405,10405,1
2019-05-17,15:44:13.629000,10404,10405,10405,1
2019-05-17,15:44:16.292000,10404,10405,10405,1
2019-05-17,15:44:16.655000,10404,10405,10405,1
2019-05-17,15:44:17.161000,10404,10406,10406,22
2019-05-17,15:44:17.616000,10405,10406,10406,3
2019-05-17,15:44:17.635000,10405,10406,10406,1
2019-05-17,15:44:17.727000,10405,10406,10406,3
2019-05-17,15:44:17.898000,10405,10406,10405,3
2019-05-17,15:44:18.737000,10405,10406,10406,5
2019-05-17,15:44:18.760000,10405,10406,10406,1
2019-05-17,15:44:19.635000,10405,10406,10405,4
2019-05-17,15:44:22.759000,10404,10405,10405,1
2019-05-17,15:44:26.540000,10405,10407,10405,1
2019-05-17,15:44:28.764000,10405,10407,10405,1
2019-05-17,15:44:29.373000,10405,10407,10407,18
2019-05-17,15:44:29.420000,10405,10407,10407,3
2019-05-17,15:44:29.607000,10406,10407,10406,1
2019-05-17,15:44:32.536000,10406,10407,10407,1
2019-05-17,15:44:39.583000,10407,10408,10408,1
2019-05-17,15:44:39.669000,10407,10408,10408,1
2019-05-17,15:44:39.673000,10407,10408,10408,4
2019-05-17,15:44:39.787000,10407,10408,10407,2
2019-05-17,15:44:39.802000,10407,10408,10408,18
2019-05-17,15:44:39.802000,10407,10408,10409,2
2019-05-17,15:44:39.840000,10407,10408,10409,5
2019-05-17,15:44:39.863000,10407,10408,10409,9
2019-05-17,15:44:39.864000,10407,10408,10409,4
2019-05-17,15:44:39.885000,10408,10409,10408,2
2019-05-17,15:44:39.885000,10408,10409,10408,1
2019-05-17,15:44:39.886000,10408,10409,10409,4
2019-05-17,15:44:39.886000,10408,10409,10410,5
2019-05-17,15:44:39.911000,10408,10409,10410,20
2019-05-17,15:44:39.942000,10408,10409,10410,4
2019-05-17,15:44:39.968000,10408,10409,10409,2
2019-05-17,15:44:40.010000,10409,10410,10409,2
2019-05-17,15:44:40.011000,10409,10410,10409,1
2019-05-17,15:44:40.135000,10409,10410,10410,1
2019-05-17,15:44:40.231000,10409,10410,10410,1
2019-05-17,15:44:40.412000,10409,10410,10410,5
2019-05-17,15:44:40.415000,10409,10410,10410,1
2019-05-17,15:44:40.590000,10409,10410,10410,1
2019-05-17,15:44:40.591000,10409,10410,10410,1
2019-05-17,15:44:40.598000,10409,10410,10410,6
2019-05-17,15:44:40.607000,10409,10410,10410,1
2019-05-17,15:44:40.612000,10409,10410,10410,2
2019-05-17,15:44:40.694000,10409,10410,10410,1
2019-05-17,15:44:41.064000,10409,10410,10410,1
2019-05-17,15:44:41.704000,10409,10410,10410,1
2019-05-17,15:44:41.883000,10409,10410,10409,1
2019-05-17,15:44:42.494000,10408,10409,10409,1
2019-05-17,15:44:42.608000,10408,10409,10409,1
2019-05-17,15:44:43.091000,10408,10409,10409,7
2019-05-17,15:44:43.357000,10408,10409,10408,1
2019-05-17,15:44:43.956000,10408,10410,10410,3
2019-05-17,15:44:45.400000,10409,10410,10409,1
2019-05-17,15:44:46.118000,10408,10409,10409,2
2019-05-17,15:44:46.872000,10408,10409,10409,1
2019-05-17,15:44:48.990000,10408,10409,10409,2
2019-05-17,15:44:50.244000,10408,10410,10410,1
2019-05-17,15:44:51.016000,10409,10410,10410,1
2019-05-17,15:44:51.094000,10409,10410,10409,2
2019-05-17,15:44:51.094000,10409,10410,10408,1
2019-05-17,15:44:52.344000,10408,10410,10410,2
2019-05-17,15:44:53.571000,10408,10410,10410,12
2019-05-17,15:44:56.584000,10409,10410,10410,1
2019-05-17,15:44:56.675000,10409,10410,10410,2
2019-05-17,15:44:57.709000,10409,10410,10410,2
2019-05-17,15:44:58.010000,10409,10410,10410,1
2019-05-17,15:44:58.610000,10409,10411,10411,1
2019-05-17,15:44:58.681000,10409,10411,10411,1
2019-05-17,15:44:58.975000,10409,10411,10411,2
2019-05-17,15:45:00.207000,10410,10411,10411,2
2019-05-17,15:45:00.385000,10410,10411,10411,1
2019-05-17,15:45:01.211000,10410,10411,10410,1
2019-05-17,15:45:01.261000,10410,10412,10412,1
2019-05-17,15:45:01.454000,10410,10412,10412,2
2019-05-17,15:45:01.464000,10410,10412,10410,1
2019-05-17,15:45:01.536000,10410,10412,10412,2
2019-05-17,15:45:02.706000,10410,10412,10410,1
2019-05-17,15:45:02.769000,10410,10412,10411,1
2019-05-17,15:45:03.061000,10410,10412,10412,1
2019-05-17,15:45:03.068000,10410,10412,10412,1
2019-05-17,15:45:06.195000,10410,10411,10410,1
2019-05-17,15:45:07.084000,10410,10411,10411,2
2019-05-17,15:45:07.451000,10410,10411,10410,1
2019-05-17,15:45:10.402000,10410,10411,10410,1
2019-05-17,15:45:15.825000,10410,10411,10411,1
2019-05-17,15:45:16.964000,10410,10411,10410,1
2019-05-17,15:45:17.854000,10410,10411,10411,5
2019-05-17,15:45:18.342000,10410,10412,10412,3
2019-05-17,15:45:20.801000,10411,10412,10412,3
2019-05-17,15:45:23.348000,10411,10412,10411,1
2019-05-17,15:45:24.585000,10410,10411,10411,1
2019-05-17,15:45:28.492000,10410,10411,10411,1
2019-05-17,15:45:33.300000,10410,10411,10411,1
2019-05-17,15:45:33.856000,10410,10411,10411,1
2019-05-17,15:45:34.475000,10411,10412,10411,1
2019-05-17,15:45:35.276000,10410,10411,10411,1
2019-05-17,15:45:38.083000,10410,10411,10411,1
2019-05-17,15:45:38.236000,10410,10411,10411,2
2019-05-17,15:45:39.565000,10411,10412,10411,1
2019-05-17,15:45:39.658000,10410,10412,10410,1
2019-05-17,15:45:43.363000,10410,10411,10410,1
2019-05-17,15:45:44.202000,10410,10411,10411,1
2019-05-17,15:45:45.273000,10411,10412,10412,1
2019-05-17,15:45:45.548000,10411,10412,10411,3
2019-05-17,15:45:47.509000,10410,10411,10410,5
2019-05-17,15:45:47.775000,10410,10411,10411,1
2019-05-17,15:45:48.185000,10410,10411,10411,1
2019-05-17,15:45:51.676000,10410,10411,10410,3
2019-05-17,15:45:52.790000,10410,10411,10411,1
2019-05-17,15:45:52.893000,10410,10411,10410,2
2019-05-17,15:45:54.190000,10410,10411,10410,1
2019-05-17,15:45:55.817000,10410,10411,10411,1
2019-05-17,15:45:55.817000,10410,10411,10411,1
2019-05-17,15:45:55.818000,10410,10411,10411,1
2019-05-17,15:45:58.335000,10411,10412,10411,1
2019-05-17,15:45:58.389000,10411,10412,10411,1
2019-05-17,15:45:59.033000,10411,10412,10411,1
2019-05-17,15:46:03.793000,10410,10411,10411,2
2019-05-17,15:46:04.061000,10410,10411,10411,1
2019-05-17,15:46:04.382000,10410,10411,10411,1
2019-05-17,15:46:04.421000,10410,10412,10412,1
2019-05-17,15:46:05.075000,10410,10412,10412,5
2019-05-17,15:46:08.339000,10410,10411,10410,2
2019-05-17,15:46:08.583000,10410,10411,10411,1
2019-05-17,15:46:08.779000,10410,10411,10411,1
2019-05-17,15:46:14.819000,10410,10411,10411,2
2019-05-17,15:46:21.058000,10410,10411,10410,1
2019-05-17,15:46:22.614000,10410,10411,10410,1
2019-05-17,15:46:26.842000,10410,10411,10410,1
2019-05-17,15:46:31.154000,10410,10411,10410,27
2019-05-17,15:46:37.028000,10409,10410,10409,8
2019-05-17,15:46:40.103000,10409,10410,10409,4
2019-05-17,15:46:41.923000,10409,10410,10409,4
2019-05-17,15:46:42.163000,10408,10409,10409,1
2019-05-17,15:46:46.809000,10409,10410,10409,1
2019-05-17,15:46:59.937000,10408,10409,10409,4
2019-05-17,15:47:00.513000,10409,10410,10410,1
2019-05-17,15:47:15.760000,10409,10410,10410,5
2019-05-17,15:47:22.269000,10409,10410,10410,1
2019-05-17,15:47:22.365000,10409,10410,10410,1
2019-05-17,15:47:22.433000,10409,10410,10409,3
2019-05-17,15:47:30.772000,10408,10409,10408,2
2019-05-17,15:47:32.497000,10408,10409,10409,1
2019-05-17,15:47:43.776000,10408,10409,10408,1
2019-05-17,15:47:53.044000,10408,10409,10408,1
2019-05-17,15:47:53.044000,10408,10409,10408,2
2019-05-17,15:47:53.044000,10408,10409,10408,1
2019-05-17,15:47:53.045000,10408,10409,10408,1
2019-05-17,15:47:53.045000,10408,10409,10408,8
2019-05-17,15:48:00.774000,10407,10408,10407,1
2019-05-17,15:48:01.472000,10407,10408,10407,1
2019-05-17,15:48:02.804000,10407,10408,10407,1
2019-05-17,15:48:03.742000,10407,10408,10407,3
2019-05-17,15:48:04.376000,10407,10408,10407,1
2019-05-17,15:48:06.331000,10407,10408,10407,1
2019-05-17,15:48:07.764000,10407,10408,10407,1
2019-05-17,15:48:10.656000,10407,10408,10407,1
2019-05-17,15:48:10.780000,10407,10408,10407,1
2019-05-17,15:48:12.252000,10407,10408,10407,1
2019-05-17,15:48:12.484000,10407,10408,10408,1
2019-05-17,15:48:14.632000,10407,10408,10408,1
2019-05-17,15:48:22.381000,10407,10408,10408,1
2019-05-17,15:48:30.523000,10407,10408,10407,1
2019-05-17,15:48:30.856000,10407,10408,10408,1
2019-05-17,15:48:36.012000,10407,10408,10408,1
2019-05-17,15:48:36.833000,10407,10408,10407,2
2019-05-17,15:48:36.833000,10407,10408,10407,2
2019-05-17,15:48:36.833000,10407,10408,10407,3
2019-05-17,15:48:42.252000,10406,10407,10406,2
2019-05-17,15:48:42.252000,10406,10407,10406,2
2019-05-17,15:48:42.325000,10406,10407,10406,2
2019-05-17,15:48:42.327000,10406,10407,10406,1
2019-05-17,15:48:42.327000,10406,10407,10406,7
2019-05-17,15:48:42.328000,10406,10407,10406,1
2019-05-17,15:48:42.759000,10405,10406,10405,1
2019-05-17,15:48:43.415000,10405,10406,10406,1
2019-05-17,15:48:43.763000,10405,10406,10405,1
2019-05-17,15:48:45.626000,10405,10406,10405,1
2019-05-17,15:48:46.999000,10405,10406,10406,1
2019-05-17,15:48:47.479000,10406,10407,10406,1
2019-05-17,15:48:47.763000,10406,10407,10406,1
2019-05-17,15:48:51.720000,10406,10407,10406,1
2019-05-17,15:48:52.388000,10406,10407,10407,2
2019-05-17,15:48:55.534000,10406,10407,10406,1
2019-05-17,15:48:57.885000,10406,10407,10407,1
2019-05-17,15:49:01.167000,10406,10407,10406,1
2019-05-17,15:49:02.813000,10406,10407,10407,1
2019-05-17,15:49:02.815000,10406,10407,10407,1
2019-05-17,15:49:02.815000,10406,10407,10407,4
2019-05-17,15:49:02.815000,10406,10407,10407,3
2019-05-17,15:49:02.815000,10406,10407,10407,1
2019-05-17,15:49:02.815000,10406,10407,10407,1
2019-05-17,15:49:02.955000,10407,10408,10407,1
2019-05-17,15:49:03.160000,10407,10408,10407,1
2019-05-17,15:49:03.198000,10407,10408,10407,1
2019-05-17,15:49:13.097000,10406,10407,10406,1
2019-05-17,15:49:14.281000,10406,10407,10407,1
2019-05-17,15:49:17.011000,10406,10407,10406,4
2019-05-17,15:49:26.838000,10406,10407,10406,1
2019-05-17,15:49:32.240000,10406,10407,10406,1
2019-05-17,15:49:32.243000,10406,10407,10406,2
2019-05-17,15:49:36.406000,10405,10406,10405,2
2019-05-17,15:49:36.972000,10405,10406,10405,1
2019-05-17,15:49:37.010000,10405,10406,10405,1
2019-05-17,15:49:37.011000,10405,10406,10405,1
2019-05-17,15:49:51.769000,10404,10405,10405,1
2019-05-17,15:49:52.092000,10404,10405,10405,4
2019-05-17,15:49:57.075000,10404,10405,10405,1
2019-05-17,15:49:59.301000,10404,10405,10405,2
2019-05-17,15:50:00.635000,10405,10406,10406,7
2019-05-17,15:50:02.864000,10406,10407,10407,1
2019-05-17,15:50:02.864000,10406,10407,10407,1
2019-05-17,15:50:06.291000,10406,10407,10407,3
2019-05-17,15:50:06.345000,10406,10407,10407,1
2019-05-17,15:50:21.315000,10407,10408,10407,2
2019-05-17,15:50:29.080000,10407,10408,10408,1
2019-05-17,15:50:31.155000,10407,10408,10407,1
2019-05-17,15:50:43.029000,10407,10408,10407,1
2019-05-17,15:50:52.548000,10407,10408,10407,1
2019-05-17,15:50:56.429000,10407,10408,10408,1
2019-05-17,15:50:57.250000,10407,10408,10407,1
2019-05-17,15:50:59.580000,10407,10408,10407,2
2019-05-17,15:51:02.085000,10407,10408,10408,34
2019-05-17,15:51:04.135000,10408,10409,10409,1
2019-05-17,15:51:04.137000,10408,10409,10409,8
2019-05-17,15:51:04.137000,10408,10409,10409,2
2019-05-17,15:51:04.334000,10409,10410,10410,1
2019-05-17,15:51:08.945000,10409,10410,10410,1
2019-05-17,15:51:11.995000,10409,10410,10410,3
2019-05-17,15:51:15.265000,10409,10410,10410,1
2019-05-17,15:51:15.393000,10409,10410,10410,10
2019-05-17,15:51:17.903000,10408,10410,10410,1
2019-05-17,15:51:18.039000,10409,10410,10410,3
2019-05-17,15:51:21.635000,10409,10410,10410,2
2019-05-17,15:51:21.636000,10409,10410,10410,1
2019-05-17,15:51:21.638000,10409,10410,10410,5
2019-05-17,15:51:23.004000,10410,10411,10410,1
2019-05-17,15:51:26.048000,10410,10411,10411,2
2019-05-17,15:51:26.180000,10410,10411,10411,1
2019-05-17,15:51:28.449000,10410,10411,10411,3
2019-05-17,15:51:30.848000,10410,10411,10411,1
2019-05-17,15:51:34.007000,10410,10411,10411,1
2019-05-17,15:51:35.743000,10410,10411,10411,1
2019-05-17,15:51:39.015000,10410,10411,10411,1
2019-05-17,15:51:40.867000,10410,10411,10411,1
2019-05-17,15:51:42.947000,10410,10411,10411,1
2019-05-17,15:51:43.582000,10410,10411,10411,1
2019-05-17,15:51:44.436000,10410,10411,10411,1
2019-05-17,15:51:47.229000,10410,10411,10411,1
2019-05-17,15:52:02.312000,10410,10411,10410,1
2019-05-17,15:52:02.705000,10410,10411,10410,1
