2020-07-03,15:00:00.080000,11867,11868,11870,150
2020-07-03,15:00:00.082000,11869,11870,11870,2
2020-07-03,15:00:00.083000,11869,11870,11870,5
2020-07-03,15:00:00.084000,11869,11870,11870,1
2020-07-03,15:00:00.125000,11869,11871,11871,1
2020-07-03,15:00:00.136000,11869,11871,11870,1
2020-07-03,15:00:00.147000,11871,11872,11871,1
2020-07-03,15:00:00.195000,11871,11872,11871,4
2020-07-03,15:00:00.254000,11871,11872,11872,1
2020-07-03,15:00:00.265000,11871,11872,11871,1
2020-07-03,15:00:00.275000,11871,11872,11872,1
2020-07-03,15:00:00.279000,11871,11872,11871,1
2020-07-03,15:00:00.302000,11871,11872,11872,1
2020-07-03,15:00:00.319000,11871,11872,11872,1
2020-07-03,15:00:00.345000,11871,11872,11872,1
2020-07-03,15:00:00.350000,11871,11872,11872,1
2020-07-03,15:00:00.358000,11871,11872,11872,1
2020-07-03,15:00:00.358000,11871,11872,11872,2
2020-07-03,15:00:00.410000,11871,11873,11873,1
2020-07-03,15:00:00.427000,11871,11873,11873,2
2020-07-03,15:00:00.434000,11871,11873,11873,1
2020-07-03,15:00:00.462000,11871,11873,11873,1
2020-07-03,15:00:00.462000,11871,11873,11874,1
2020-07-03,15:00:00.487000,11871,11873,11874,2
2020-07-03,15:00:00.487000,11871,11873,11875,2
2020-07-03,15:00:00.496000,11871,11873,11875,1
2020-07-03,15:00:00.509000,11871,11873,11875,2
2020-07-03,15:00:00.532000,11871,11875,11875,2
2020-07-03,15:00:00.563000,11871,11875,11875,1
2020-07-03,15:00:00.567000,11871,11875,11874,1
2020-07-03,15:00:00.576000,11871,11875,11875,1
2020-07-03,15:00:00.609000,11871,11875,11875,2
2020-07-03,15:00:00.610000,11871,11875,11875,2
2020-07-03,15:00:00.611000,11871,11875,11875,1
2020-07-03,15:00:00.633000,11871,11875,11875,1
2020-07-03,15:00:00.664000,11875,11876,11876,1
2020-07-03,15:00:00.667000,11875,11876,11876,2
2020-07-03,15:00:00.673000,11875,11876,11876,1
2020-07-03,15:00:00.679000,11875,11876,11876,1
2020-07-03,15:00:00.679000,11875,11876,11875,1
2020-07-03,15:00:00.693000,11875,11876,11876,1
2020-07-03,15:00:00.713000,11875,11876,11876,1
2020-07-03,15:00:00.713000,11875,11876,11876,1
2020-07-03,15:00:00.728000,11875,11876,11876,4
2020-07-03,15:00:00.741000,11875,11876,11877,1
2020-07-03,15:00:00.766000,11875,11876,11877,1
2020-07-03,15:00:00.771000,11875,11877,11877,2
2020-07-03,15:00:00.792000,11875,11877,11875,1
2020-07-03,15:00:00.796000,11875,11877,11877,1
2020-07-03,15:00:00.834000,11875,11877,11877,1
2020-07-03,15:00:00.845000,11875,11877,11877,1
2020-07-03,15:00:00.860000,11875,11877,11877,2
2020-07-03,15:00:00.875000,11875,11877,11877,2
2020-07-03,15:00:00.897000,11876,11878,11877,1
2020-07-03,15:00:00.982000,11876,11878,11878,2
2020-07-03,15:00:00.995000,11876,11878,11876,6
2020-07-03,15:00:00.995000,11876,11878,11878,1
2020-07-03,15:00:01.004000,11876,11878,11878,2
2020-07-03,15:00:01.012000,11876,11878,11876,1
2020-07-03,15:00:01.019000,11876,11878,11876,1
2020-07-03,15:00:01.031000,11875,11878,11876,1
2020-07-03,15:00:01.031000,11875,11878,11876,2
2020-07-03,15:00:01.034000,11875,11878,11875,5
2020-07-03,15:00:01.043000,11875,11878,11876,2
2020-07-03,15:00:01.053000,11875,11878,11874,4
2020-07-03,15:00:01.064000,11875,11878,11875,1
2020-07-03,15:00:01.130000,11875,11878,11875,1
2020-07-03,15:00:01.140000,11875,11878,11875,1
2020-07-03,15:00:01.153000,11873,11875,11875,1
2020-07-03,15:00:01.181000,11873,11875,11873,5
2020-07-03,15:00:01.182000,11873,11875,11875,2
2020-07-03,15:00:01.202000,11873,11875,11875,1
2020-07-03,15:00:01.223000,11873,11875,11875,1
2020-07-03,15:00:01.223000,11873,11875,11875,1
2020-07-03,15:00:01.243000,11873,11875,11873,1
2020-07-03,15:00:01.255000,11873,11875,11875,1
2020-07-03,15:00:01.256000,11873,11875,11874,1
2020-07-03,15:00:01.276000,11874,11875,11874,5
2020-07-03,15:00:01.279000,11874,11875,11875,1
2020-07-03,15:00:01.303000,11874,11875,11875,4
2020-07-03,15:00:01.342000,11874,11875,11874,1
2020-07-03,15:00:01.360000,11874,11875,11875,1
2020-07-03,15:00:01.360000,11874,11875,11874,1
2020-07-03,15:00:01.462000,11874,11876,11874,1
2020-07-03,15:00:01.482000,11874,11876,11876,1
2020-07-03,15:00:01.496000,11874,11876,11876,2
2020-07-03,15:00:01.507000,11874,11876,11876,1
2020-07-03,15:00:01.565000,11874,11876,11876,1
2020-07-03,15:00:01.757000,11874,11876,11874,1
2020-07-03,15:00:01.759000,11874,11876,11876,4
2020-07-03,15:00:01.759000,11874,11876,11877,9
2020-07-03,15:00:01.759000,11874,11876,11878,14
2020-07-03,15:00:01.759000,11874,11876,11879,5
2020-07-03,15:00:01.759000,11874,11876,11880,8
2020-07-03,15:00:01.775000,11878,11880,11880,1
2020-07-03,15:00:01.782000,11878,11880,11878,2
2020-07-03,15:00:01.786000,11878,11880,11878,4
2020-07-03,15:00:01.786000,11878,11880,11877,2
2020-07-03,15:00:01.790000,11878,11880,11877,4
2020-07-03,15:00:01.790000,11878,11880,11876,2
2020-07-03,15:00:01.801000,11878,11880,11877,1
2020-07-03,15:00:01.801000,11878,11880,11875,5
2020-07-03,15:00:01.868000,11878,11880,11876,1
2020-07-03,15:00:01.872000,11878,11880,11876,2
2020-07-03,15:00:01.913000,11874,11877,11877,1
2020-07-03,15:00:01.969000,11874,11877,11877,1
2020-07-03,15:00:01.969000,11874,11877,11878,1
2020-07-03,15:00:01.990000,11874,11877,11878,1
2020-07-03,15:00:01.998000,11874,11877,11874,1
2020-07-03,15:00:02,11874,11877,11875,5
2020-07-03,15:00:02.044000,11874,11878,11874,1
2020-07-03,15:00:02.063000,11874,11878,11876,1
2020-07-03,15:00:02.094000,11874,11878,11874,1
2020-07-03,15:00:02.133000,11874,11878,11876,2
2020-07-03,15:00:02.142000,11874,11878,11875,3
2020-07-03,15:00:02.242000,11875,11878,11878,1
2020-07-03,15:00:02.278000,11875,11878,11878,1
2020-07-03,15:00:02.358000,11875,11878,11874,2
2020-07-03,15:00:02.359000,11875,11878,11877,1
2020-07-03,15:00:02.519000,11874,11877,11874,1
2020-07-03,15:00:02.579000,11873,11877,11873,2
2020-07-03,15:00:02.710000,11872,11875,11875,3
2020-07-03,15:00:02.749000,11872,11875,11875,1
2020-07-03,15:00:02.749000,11872,11875,11875,1
2020-07-03,15:00:02.749000,11872,11875,11875,4
2020-07-03,15:00:02.750000,11872,11875,11874,2
2020-07-03,15:00:02.751000,11872,11875,11873,1
2020-07-03,15:00:02.850000,11872,11875,11875,1
2020-07-03,15:00:02.851000,11872,11875,11875,1
2020-07-03,15:00:02.859000,11872,11875,11875,5
2020-07-03,15:00:02.859000,11872,11875,11876,7
2020-07-03,15:00:02.886000,11872,11875,11875,3
2020-07-03,15:00:02.898000,11874,11876,11876,1
2020-07-03,15:00:02.993000,11874,11876,11876,11
2020-07-03,15:00:02.993000,11874,11876,11877,1
2020-07-03,15:00:03.066000,11875,11877,11877,1
2020-07-03,15:00:03.208000,11875,11877,11875,1
2020-07-03,15:00:03.260000,11875,11877,11875,1
2020-07-03,15:00:03.286000,11875,11877,11873,5
2020-07-03,15:00:03.287000,11875,11877,11874,1
2020-07-03,15:00:03.310000,11875,11877,11874,1
2020-07-03,15:00:03.316000,11875,11877,11874,3
2020-07-03,15:00:03.334000,11875,11877,11875,1
2020-07-03,15:00:03.349000,11875,11877,11875,1
2020-07-03,15:00:03.363000,11875,11877,11873,4
2020-07-03,15:00:03.369000,11875,11877,11874,2
2020-07-03,15:00:03.378000,11875,11877,11872,1
2020-07-03,15:00:03.406000,11872,11874,11874,1
2020-07-03,15:00:03.530000,11872,11874,11874,1
2020-07-03,15:00:03.531000,11872,11874,11874,3
2020-07-03,15:00:03.531000,11872,11874,11874,1
2020-07-03,15:00:03.582000,11872,11874,11872,1
2020-07-03,15:00:03.658000,11872,11874,11872,1
2020-07-03,15:00:03.751000,11872,11874,11874,5
2020-07-03,15:00:03.768000,11872,11874,11875,1
2020-07-03,15:00:03.800000,11873,11875,11875,1
2020-07-03,15:00:03.900000,11873,11874,11874,1
2020-07-03,15:00:03.900000,11873,11874,11875,2
2020-07-03,15:00:03.904000,11873,11874,11876,1
2020-07-03,15:00:03.905000,11873,11874,11876,3
2020-07-03,15:00:03.912000,11873,11874,11877,1
2020-07-03,15:00:03.914000,11873,11874,11877,1
2020-07-03,15:00:03.915000,11873,11874,11877,2
2020-07-03,15:00:03.916000,11873,11874,11878,1
2020-07-03,15:00:03.917000,11873,11874,11878,6
2020-07-03,15:00:03.918000,11873,11874,11879,1
2020-07-03,15:00:03.919000,11873,11874,11880,2
2020-07-03,15:00:03.919000,11873,11874,11879,5
2020-07-03,15:00:03.920000,11873,11874,11879,1
2020-07-03,15:00:03.920000,11873,11874,11880,2
2020-07-03,15:00:03.920000,11873,11874,11881,2
2020-07-03,15:00:03.920000,11873,11874,11882,1
2020-07-03,15:00:03.923000,11873,11874,11881,1
2020-07-03,15:00:03.923000,11873,11874,11882,2
2020-07-03,15:00:03.923000,11873,11874,11883,4
2020-07-03,15:00:03.923000,11873,11874,11884,7
2020-07-03,15:00:03.932000,11873,11874,11884,1
2020-07-03,15:00:04.050000,11882,11885,11881,3
2020-07-03,15:00:04.050000,11882,11885,11880,3
2020-07-03,15:00:04.076000,11882,11885,11879,2
2020-07-03,15:00:04.076000,11882,11885,11878,3
2020-07-03,15:00:04.093000,11882,11885,11878,1
2020-07-03,15:00:04.268000,11878,11882,11882,1
2020-07-03,15:00:04.383000,11878,11881,11878,1
2020-07-03,15:00:04.405000,11877,11880,11879,2
2020-07-03,15:00:04.431000,11877,11880,11880,4
2020-07-03,15:00:04.434000,11877,11880,11880,1
2020-07-03,15:00:04.443000,11877,11880,11878,1
2020-07-03,15:00:04.502000,11877,11880,11877,1
2020-07-03,15:00:04.600000,11877,11881,11877,2
2020-07-03,15:00:04.628000,11877,11881,11875,1
2020-07-03,15:00:04.650000,11875,11881,11875,3
2020-07-03,15:00:04.662000,11875,11881,11874,1
2020-07-03,15:00:04.665000,11875,11881,11880,1
2020-07-03,15:00:04.665000,11875,11881,11874,1
2020-07-03,15:00:04.757000,11875,11881,11874,3
2020-07-03,15:00:04.868000,11873,11880,11873,1
2020-07-03,15:00:04.958000,11874,11877,11874,1
2020-07-03,15:00:04.963000,11874,11877,11874,3
2020-07-03,15:00:04.971000,11874,11877,11874,1
2020-07-03,15:00:05.029000,11874,11877,11877,1
2020-07-03,15:00:05.048000,11874,11877,11877,1
2020-07-03,15:00:05.108000,11874,11877,11874,1
2020-07-03,15:00:05.319000,11875,11879,11878,1
2020-07-03,15:00:05.329000,11875,11879,11880,1
2020-07-03,15:00:05.330000,11875,11879,11880,1
2020-07-03,15:00:05.452000,11876,11881,11875,1
2020-07-03,15:00:05.752000,11876,11878,11876,1
2020-07-03,15:00:05.840000,11876,11878,11878,3
2020-07-03,15:00:05.869000,11876,11878,11880,1
2020-07-03,15:00:05.978000,11877,11880,11877,2
2020-07-03,15:00:06.024000,11877,11878,11877,2
2020-07-03,15:00:06.226000,11876,11878,11876,1
2020-07-03,15:00:06.393000,11876,11878,11876,1
2020-07-03,15:00:06.398000,11876,11878,11878,1
2020-07-03,15:00:06.447000,11876,11878,11878,2
2020-07-03,15:00:06.447000,11876,11878,11878,2
2020-07-03,15:00:06.645000,11878,11879,11878,1
2020-07-03,15:00:06.714000,11878,11879,11879,1
2020-07-03,15:00:06.714000,11878,11879,11879,2
2020-07-03,15:00:06.714000,11878,11879,11879,1
2020-07-03,15:00:06.748000,11878,11879,11878,2
2020-07-03,15:00:06.907000,11878,11880,11880,1
2020-07-03,15:00:06.981000,11878,11880,11878,1
2020-07-03,15:00:07.242000,11880,11882,11880,1
2020-07-03,15:00:08.241000,11879,11881,11881,1
2020-07-03,15:00:08.334000,11881,11882,11882,1
2020-07-03,15:00:08.361000,11881,11882,11882,3
2020-07-03,15:00:08.403000,11881,11883,11883,1
2020-07-03,15:00:09.305000,11881,11883,11881,2
2020-07-03,15:00:09.646000,11881,11882,11881,1
2020-07-03,15:00:09.783000,11880,11882,11880,3
2020-07-03,15:00:10.193000,11880,11882,11882,2
2020-07-03,15:00:10.333000,11881,11883,11883,1
2020-07-03,15:00:10.389000,11881,11883,11883,1
2020-07-03,15:00:10.511000,11882,11883,11882,2
2020-07-03,15:00:10.701000,11881,11883,11881,1
2020-07-03,15:00:10.771000,11881,11882,11881,1
2020-07-03,15:00:11.013000,11881,11882,11881,1
2020-07-03,15:00:11.065000,11881,11883,11881,1
2020-07-03,15:00:11.881000,11882,11883,11883,1
2020-07-03,15:00:11.897000,11882,11883,11883,4
2020-07-03,15:00:12.010000,11882,11883,11883,1
2020-07-03,15:00:12.369000,11883,11885,11883,1
2020-07-03,15:00:12.515000,11883,11885,11883,1
2020-07-03,15:00:12.809000,11883,11884,11884,2
2020-07-03,15:00:13.072000,11883,11885,11885,7
2020-07-03,15:00:13.072000,11883,11885,11885,4
2020-07-03,15:00:13.073000,11883,11885,11885,5
2020-07-03,15:00:13.073000,11883,11885,11885,5
2020-07-03,15:00:13.426000,11884,11886,11884,2
2020-07-03,15:00:13.628000,11885,11886,11885,1
2020-07-03,15:00:13.717000,11885,11886,11886,1
2020-07-03,15:00:13.832000,11885,11886,11886,1
2020-07-03,15:00:13.994000,11885,11887,11885,5
2020-07-03,15:00:14.018000,11885,11887,11886,2
2020-07-03,15:00:14.032000,11886,11887,11886,2
2020-07-03,15:00:14.358000,11885,11886,11885,1
2020-07-03,15:00:14.385000,11885,11886,11885,1
2020-07-03,15:00:14.592000,11884,11886,11884,1
2020-07-03,15:00:14.722000,11884,11886,11884,1
2020-07-03,15:00:14.759000,11884,11886,11885,4
2020-07-03,15:00:14.771000,11884,11885,11884,1
2020-07-03,15:00:15.084000,11883,11885,11885,1
2020-07-03,15:00:15.134000,11883,11885,11883,1
2020-07-03,15:00:15.145000,11883,11884,11883,5
2020-07-03,15:00:15.290000,11882,11884,11884,1
2020-07-03,15:00:15.306000,11882,11884,11884,1
2020-07-03,15:00:15.330000,11882,11884,11884,1
2020-07-03,15:00:15.370000,11882,11884,11884,1
2020-07-03,15:00:15.588000,11883,11884,11883,1
2020-07-03,15:00:15.592000,11883,11884,11883,2
2020-07-03,15:00:15.594000,11883,11884,11883,3
2020-07-03,15:00:15.734000,11882,11884,11882,1
2020-07-03,15:00:15.809000,11882,11884,11884,5
2020-07-03,15:00:15.988000,11882,11884,11882,4
2020-07-03,15:00:15.990000,11882,11884,11882,5
2020-07-03,15:00:16.020000,11881,11883,11881,11
2020-07-03,15:00:16.026000,11881,11883,11881,1
2020-07-03,15:00:16.026000,11881,11883,11882,3
2020-07-03,15:00:16.119000,11881,11883,11881,1
2020-07-03,15:00:16.121000,11881,11883,11881,1
2020-07-03,15:00:16.257000,11881,11882,11882,6
2020-07-03,15:00:16.259000,11881,11882,11882,4
2020-07-03,15:00:17.041000,11882,11884,11882,1
2020-07-03,15:00:17.404000,11881,11882,11882,1
2020-07-03,15:00:17.473000,11881,11882,11882,1
2020-07-03,15:00:17.563000,11881,11883,11881,1
2020-07-03,15:00:17.605000,11881,11883,11883,1
2020-07-03,15:00:17.964000,11881,11882,11882,1
2020-07-03,15:00:17.973000,11881,11882,11881,3
2020-07-03,15:00:18.311000,11882,11883,11883,1
2020-07-03,15:00:18.359000,11882,11883,11884,1
2020-07-03,15:00:18.991000,11882,11884,11884,1
2020-07-03,15:00:19.068000,11883,11884,11883,1
2020-07-03,15:00:19.627000,11883,11884,11883,1
2020-07-03,15:00:20.049000,11883,11884,11883,1
2020-07-03,15:00:20.237000,11883,11884,11883,8
2020-07-03,15:00:20.951000,11882,11883,11882,1
2020-07-03,15:00:21.021000,11881,11882,11881,2
2020-07-03,15:00:21.027000,11881,11882,11882,2
2020-07-03,15:00:21.621000,11880,11882,11882,1
2020-07-03,15:00:21.672000,11880,11882,11882,1
2020-07-03,15:00:21.960000,11881,11883,11883,1
2020-07-03,15:00:22.390000,11881,11883,11881,1
2020-07-03,15:00:23.036000,11881,11882,11882,5
2020-07-03,15:00:23.038000,11881,11882,11882,1
2020-07-03,15:00:23.194000,11881,11882,11882,4
2020-07-03,15:00:23.552000,11881,11882,11882,1
2020-07-03,15:00:23.604000,11881,11882,11882,3
2020-07-03,15:00:23.939000,11881,11883,11882,1
2020-07-03,15:00:24.150000,11881,11882,11881,1
2020-07-03,15:00:24.567000,11882,11883,11883,1
2020-07-03,15:00:24.653000,11882,11883,11882,1
2020-07-03,15:00:25.010000,11882,11883,11882,2
2020-07-03,15:00:26.279000,11881,11882,11882,1
2020-07-03,15:00:26.369000,11881,11882,11881,1
2020-07-03,15:00:26.408000,11881,11882,11882,1
2020-07-03,15:00:26.465000,11881,11882,11882,1
2020-07-03,15:00:26.688000,11881,11882,11882,4
2020-07-03,15:00:26.688000,11881,11882,11883,15
2020-07-03,15:00:26.825000,11882,11883,11882,1
2020-07-03,15:00:27.253000,11881,11882,11882,1
2020-07-03,15:00:27.260000,11881,11882,11882,1
2020-07-03,15:00:27.448000,11882,11883,11882,1
2020-07-03,15:00:28.075000,11881,11883,11883,1
2020-07-03,15:00:28.100000,11881,11883,11881,1
2020-07-03,15:00:28.571000,11881,11883,11881,4
2020-07-03,15:00:28.700000,11880,11882,11880,1
2020-07-03,15:00:28.863000,11880,11882,11880,1
2020-07-03,15:00:29.395000,11880,11881,11880,10
2020-07-03,15:00:29.521000,11879,11880,11879,3
2020-07-03,15:00:29.938000,11878,11880,11880,1
2020-07-03,15:00:30.288000,11878,11880,11880,1
2020-07-03,15:00:30.288000,11878,11880,11880,1
2020-07-03,15:00:30.307000,11878,11880,11880,1
2020-07-03,15:00:30.351000,11878,11880,11880,1
2020-07-03,15:00:30.357000,11878,11880,11880,1
2020-07-03,15:00:30.371000,11878,11880,11881,1
2020-07-03,15:00:30.753000,11879,11881,11881,1
2020-07-03,15:00:30.765000,11879,11881,11881,2
2020-07-03,15:00:30.987000,11879,11881,11880,1
2020-07-03,15:00:32.049000,11880,11881,11881,8
2020-07-03,15:00:32.176000,11881,11882,11881,1
2020-07-03,15:00:32.554000,11881,11882,11881,1
2020-07-03,15:00:32.666000,11881,11882,11881,1
2020-07-03,15:00:33.358000,11881,11882,11881,1
2020-07-03,15:00:33.416000,11881,11882,11881,1
2020-07-03,15:00:33.491000,11881,11882,11881,2
2020-07-03,15:00:33.492000,11881,11882,11881,1
2020-07-03,15:00:34.520000,11880,11881,11880,2
2020-07-03,15:00:35.179000,11880,11881,11881,1
2020-07-03,15:00:36.473000,11880,11881,11880,1
2020-07-03,15:00:36.834000,11880,11881,11881,1
2020-07-03,15:00:37.730000,11880,11881,11881,1
2020-07-03,15:00:38.194000,11880,11881,11880,1
2020-07-03,15:00:38.594000,11880,11881,11880,2
2020-07-03,15:00:40.636000,11880,11881,11881,8
2020-07-03,15:00:40.636000,11880,11881,11881,4
2020-07-03,15:00:41.374000,11881,11882,11881,1
2020-07-03,15:00:41.807000,11881,11882,11881,1
2020-07-03,15:00:42.499000,11880,11881,11881,1
2020-07-03,15:00:42.525000,11880,11882,11882,1
2020-07-03,15:00:42.761000,11880,11882,11881,1
2020-07-03,15:00:43.645000,11880,11881,11881,3
2020-07-03,15:00:43.988000,11880,11881,11881,1
2020-07-03,15:00:46.019000,11880,11881,11880,1
2020-07-03,15:00:46.439000,11880,11881,11881,1
2020-07-03,15:00:46.463000,11880,11881,11881,1
2020-07-03,15:00:46.490000,11880,11881,11881,1
2020-07-03,15:00:46.731000,11880,11881,11881,7
2020-07-03,15:00:46.732000,11880,11881,11881,1
2020-07-03,15:00:47.020000,11881,11882,11881,1
2020-07-03,15:00:48.292000,11881,11882,11881,1
2020-07-03,15:00:48.351000,11881,11882,11881,1
2020-07-03,15:00:48.526000,11881,11882,11881,1
2020-07-03,15:00:49.140000,11881,11882,11882,1
2020-07-03,15:00:49.272000,11881,11882,11882,2
2020-07-03,15:00:49.467000,11881,11882,11881,1
2020-07-03,15:00:49.764000,11881,11882,11881,2
2020-07-03,15:00:50.068000,11881,11882,11881,1
2020-07-03,15:00:51.850000,11881,11882,11881,1
2020-07-03,15:00:51.850000,11881,11882,11881,9
2020-07-03,15:00:51.851000,11881,11882,11881,2
2020-07-03,15:00:52.616000,11880,11881,11881,1
2020-07-03,15:00:52.646000,11880,11881,11881,1
2020-07-03,15:00:52.877000,11880,11881,11881,1
2020-07-03,15:00:53.264000,11880,11881,11881,2
2020-07-03,15:00:53.508000,11880,11881,11881,1
2020-07-03,15:00:53.585000,11880,11881,11880,1
2020-07-03,15:00:54.664000,11880,11881,11881,5
2020-07-03,15:00:54.760000,11880,11881,11881,1
2020-07-03,15:00:54.764000,11880,11881,11881,1
2020-07-03,15:00:54.833000,11880,11881,11881,1
2020-07-03,15:00:54.870000,11880,11881,11881,1
2020-07-03,15:00:56.135000,11880,11881,11881,1
2020-07-03,15:00:56.253000,11880,11881,11880,1
2020-07-03,15:00:56.590000,11880,11881,11881,1
2020-07-03,15:00:56.631000,11880,11881,11882,4
2020-07-03,15:00:56.750000,11881,11882,11881,1
2020-07-03,15:00:57.077000,11881,11882,11881,1
2020-07-03,15:00:57.497000,11881,11882,11881,1
2020-07-03,15:00:57.823000,11881,11882,11881,1
2020-07-03,15:00:58.149000,11881,11882,11881,1
2020-07-03,15:00:58.400000,11881,11882,11881,1
2020-07-03,15:00:59.009000,11881,11882,11882,1
2020-07-03,15:00:59.147000,11881,11882,11881,2
2020-07-03,15:00:59.976000,11881,11882,11882,7
2020-07-03,15:00:59.976000,11881,11882,11883,4
2020-07-03,15:01:00.010000,11881,11882,11883,2
2020-07-03,15:01:00.027000,11882,11883,11883,2
2020-07-03,15:01:00.039000,11882,11883,11883,12
2020-07-03,15:01:00.039000,11882,11883,11883,2
2020-07-03,15:01:00.050000,11882,11883,11884,1
2020-07-03,15:01:00.054000,11882,11883,11882,2
2020-07-03,15:01:00.072000,11882,11883,11884,1
2020-07-03,15:01:00.085000,11882,11883,11882,2
2020-07-03,15:01:00.085000,11882,11883,11882,4
2020-07-03,15:01:00.085000,11882,11883,11884,1
2020-07-03,15:01:00.092000,11882,11883,11884,2
2020-07-03,15:01:00.135000,11882,11883,11882,2
2020-07-03,15:01:00.152000,11882,11883,11881,4
2020-07-03,15:01:00.152000,11882,11883,11883,1
2020-07-03,15:01:00.176000,11882,11883,11881,2
2020-07-03,15:01:00.183000,11882,11883,11881,2
2020-07-03,15:01:00.257000,11882,11883,11883,1
2020-07-03,15:01:00.423000,11881,11883,11884,1
2020-07-03,15:01:00.443000,11881,11883,11884,1
2020-07-03,15:01:00.463000,11881,11883,11884,1
2020-07-03,15:01:00.475000,11881,11883,11882,2
2020-07-03,15:01:00.522000,11882,11884,11882,1
2020-07-03,15:01:00.548000,11882,11884,11884,1
2020-07-03,15:01:00.573000,11882,11884,11884,1
2020-07-03,15:01:00.603000,11882,11884,11884,1
2020-07-03,15:01:00.708000,11882,11884,11884,1
2020-07-03,15:01:00.709000,11882,11884,11884,3
2020-07-03,15:01:00.724000,11882,11884,11884,2
2020-07-03,15:01:00.724000,11882,11884,11884,4
2020-07-03,15:01:00.726000,11882,11884,11884,1
2020-07-03,15:01:00.726000,11882,11884,11884,1
2020-07-03,15:01:00.726000,11882,11884,11884,1
2020-07-03,15:01:00.726000,11882,11884,11885,2
2020-07-03,15:01:00.964000,11883,11885,11883,1
2020-07-03,15:01:01.034000,11882,11884,11884,3
2020-07-03,15:01:01.800000,11882,11884,11882,1
2020-07-03,15:01:01.923000,11883,11884,11884,1
2020-07-03,15:01:01.924000,11883,11884,11884,3
2020-07-03,15:01:01.924000,11883,11884,11884,2
2020-07-03,15:01:01.925000,11883,11884,11885,1
2020-07-03,15:01:01.940000,11883,11884,11885,2
2020-07-03,15:01:02.069000,11884,11885,11884,3
2020-07-03,15:01:02.115000,11884,11885,11884,2
2020-07-03,15:01:02.510000,11883,11884,11883,4
2020-07-03,15:01:02.541000,11882,11884,11882,1
2020-07-03,15:01:03.016000,11883,11884,11884,2
2020-07-03,15:01:03.170000,11883,11884,11883,1
2020-07-03,15:01:03.210000,11883,11884,11883,1
2020-07-03,15:01:03.761000,11883,11884,11884,2
2020-07-03,15:01:04.510000,11883,11884,11884,2
2020-07-03,15:01:04.542000,11883,11884,11883,1
2020-07-03,15:01:04.623000,11883,11884,11884,1
2020-07-03,15:01:04.634000,11883,11884,11883,1
2020-07-03,15:01:04.758000,11883,11884,11883,7
2020-07-03,15:01:05.490000,11882,11883,11882,4
2020-07-03,15:01:05.774000,11882,11883,11882,2
2020-07-03,15:01:06,11881,11883,11883,1
2020-07-03,15:01:07.932000,11881,11882,11882,1
2020-07-03,15:01:09.332000,11881,11882,11881,4
2020-07-03,15:01:10.141000,11881,11882,11882,1
2020-07-03,15:01:10.523000,11881,11882,11881,1
2020-07-03,15:01:10.934000,11881,11882,11881,2
2020-07-03,15:01:10.935000,11881,11882,11881,8
2020-07-03,15:01:12.098000,11880,11881,11881,1
2020-07-03,15:01:12.987000,11880,11881,11881,1
2020-07-03,15:01:13.160000,11880,11881,11881,1
2020-07-03,15:01:13.415000,11880,11881,11880,1
2020-07-03,15:01:13.499000,11880,11881,11881,1
2020-07-03,15:01:13.825000,11880,11881,11881,1
2020-07-03,15:01:13.932000,11880,11881,11880,1
2020-07-03,15:01:14.429000,11880,11881,11880,1
2020-07-03,15:01:15.613000,11880,11881,11881,2
2020-07-03,15:01:15.674000,11880,11881,11880,5
2020-07-03,15:01:16.085000,11880,11881,11881,1
2020-07-03,15:01:16.110000,11880,11881,11881,1
2020-07-03,15:01:16.116000,11880,11881,11881,3
2020-07-03,15:01:16.135000,11880,11881,11881,1
2020-07-03,15:01:16.402000,11880,11881,11880,2
2020-07-03,15:01:16.819000,11880,11881,11881,1
2020-07-03,15:01:17.152000,11880,11881,11880,3
2020-07-03,15:01:17.541000,11880,11881,11880,2
2020-07-03,15:01:17.705000,11880,11881,11880,5
2020-07-03,15:01:17.705000,11880,11881,11880,1
2020-07-03,15:01:17.705000,11880,11881,11880,7
2020-07-03,15:01:17.706000,11880,11881,11880,1
2020-07-03,15:01:18.560000,11879,11880,11880,1
2020-07-03,15:01:18.800000,11879,11880,11880,10
2020-07-03,15:01:18.801000,11879,11880,11880,2
2020-07-03,15:01:18.839000,11879,11880,11881,5
2020-07-03,15:01:19.777000,11880,11881,11881,1
2020-07-03,15:01:20.747000,11880,11881,11880,1
2020-07-03,15:01:20.824000,11880,11881,11880,1
2020-07-03,15:01:21.838000,11879,11881,11881,4
2020-07-03,15:01:22.032000,11880,11881,11881,3
2020-07-03,15:01:22.068000,11880,11881,11881,1
2020-07-03,15:01:22.630000,11880,11882,11880,1
2020-07-03,15:01:23.064000,11880,11882,11880,1
2020-07-03,15:01:23.265000,11880,11882,11881,1
2020-07-03,15:01:24.287000,11881,11882,11881,1
2020-07-03,15:01:24.470000,11881,11882,11881,1
2020-07-03,15:01:25.044000,11881,11882,11881,2
2020-07-03,15:01:25.877000,11880,11881,11881,1
2020-07-03,15:01:26.360000,11880,11881,11881,1
2020-07-03,15:01:28.407000,11881,11882,11882,1
2020-07-03,15:01:29.191000,11881,11882,11881,1
2020-07-03,15:01:29.522000,11880,11882,11880,1
2020-07-03,15:01:29.788000,11880,11882,11880,2
2020-07-03,15:01:30.155000,11880,11882,11880,2
2020-07-03,15:01:30.256000,11880,11882,11882,1
2020-07-03,15:01:30.284000,11880,11882,11882,1
2020-07-03,15:01:30.321000,11880,11882,11882,1
2020-07-03,15:01:34.668000,11881,11882,11881,3
2020-07-03,15:01:35.580000,11880,11881,11881,1
2020-07-03,15:01:36.270000,11880,11881,11880,5
2020-07-03,15:01:36.290000,11880,11881,11881,1
2020-07-03,15:01:38.428000,11880,11881,11881,1
2020-07-03,15:01:39.140000,11880,11881,11881,2
2020-07-03,15:01:39.672000,11880,11882,11881,1
2020-07-03,15:01:42.084000,11881,11882,11882,1
2020-07-03,15:01:42.606000,11881,11882,11881,1
2020-07-03,15:01:43.187000,11881,11882,11882,2
2020-07-03,15:01:44.095000,11881,11882,11881,1
2020-07-03,15:01:45.710000,11880,11882,11882,1
2020-07-03,15:01:46.282000,11881,11882,11882,1
2020-07-03,15:01:46.307000,11881,11882,11882,1
2020-07-03,15:01:46.330000,11881,11882,11882,1
2020-07-03,15:01:46.542000,11881,11882,11881,1
2020-07-03,15:01:46.789000,11881,11882,11881,1
2020-07-03,15:01:46.790000,11881,11882,11881,1
2020-07-03,15:01:47.875000,11880,11881,11881,5
2020-07-03,15:01:48.146000,11880,11881,11881,2
2020-07-03,15:01:48.712000,11880,11881,11880,5
2020-07-03,15:01:49.400000,11880,11881,11881,1
2020-07-03,15:01:49.974000,11880,11881,11880,1
2020-07-03,15:01:50,11880,11881,11880,5
2020-07-03,15:01:52.997000,11879,11880,11879,3
2020-07-03,15:01:53.608000,11879,11880,11880,1
2020-07-03,15:01:54.399000,11879,11880,11880,1
2020-07-03,15:01:55.277000,11879,11880,11879,1
2020-07-03,15:01:55.377000,11879,11880,11879,1
2020-07-03,15:01:55.683000,11879,11880,11880,1
2020-07-03,15:01:57.877000,11879,11880,11879,1
2020-07-03,15:02:00.047000,11879,11880,11880,3
2020-07-03,15:02:00.152000,11879,11880,11880,1
2020-07-03,15:02:00.365000,11879,11881,11879,4
2020-07-03,15:02:00.645000,11879,11881,11879,3
2020-07-03,15:02:00.656000,11879,11881,11880,1
2020-07-03,15:02:00.674000,11879,11881,11880,1
2020-07-03,15:02:00.698000,11879,11881,11880,1
2020-07-03,15:02:00.723000,11879,11881,11880,1
2020-07-03,15:02:02.281000,11879,11880,11879,1
2020-07-03,15:02:04.747000,11879,11880,11880,1
2020-07-03,15:02:05.131000,11879,11880,11879,1
2020-07-03,15:02:05.260000,11879,11880,11879,7
2020-07-03,15:02:05.260000,11879,11880,11878,15
2020-07-03,15:02:05.261000,11879,11880,11879,1
2020-07-03,15:02:05.261000,11879,11880,11880,1
2020-07-03,15:02:05.640000,11878,11880,11878,1
2020-07-03,15:02:07.865000,11878,11879,11879,1
2020-07-03,15:02:08.391000,11878,11879,11879,1
2020-07-03,15:02:08.642000,11878,11879,11878,1
2020-07-03,15:02:10.545000,11879,11880,11879,2
2020-07-03,15:02:14.121000,11878,11879,11879,1
2020-07-03,15:02:15.487000,11878,11879,11879,1
2020-07-03,15:02:15.738000,11878,11879,11878,1
2020-07-03,15:02:16.036000,11878,11879,11879,1
2020-07-03,15:02:16.061000,11878,11879,11879,1
2020-07-03,15:02:16.618000,11878,11879,11879,12
2020-07-03,15:02:16.985000,11878,11880,11879,2
2020-07-03,15:02:16.991000,11878,11880,11879,1
2020-07-03,15:02:17.291000,11878,11879,11879,3
2020-07-03,15:02:17.819000,11878,11879,11878,1
2020-07-03,15:02:19.663000,11878,11879,11878,1
2020-07-03,15:02:19.710000,11878,11879,11879,8
2020-07-03,15:02:19.710000,11878,11879,11880,8
2020-07-03,15:02:19.730000,11878,11879,11878,2
2020-07-03,15:02:19.742000,11878,11879,11878,2
2020-07-03,15:02:26.774000,11878,11879,11879,1
2020-07-03,15:02:30.529000,11878,11879,11878,1
2020-07-03,15:02:30.929000,11878,11879,11878,1
2020-07-03,15:02:31.154000,11878,11879,11879,1
2020-07-03,15:02:31.220000,11878,11879,11878,10
2020-07-03,15:02:31.904000,11877,11878,11878,1
2020-07-03,15:02:33.784000,11877,11878,11877,1
2020-07-03,15:02:33.992000,11877,11878,11878,1
2020-07-03,15:02:34.629000,11877,11878,11877,1
2020-07-03,15:02:34.778000,11877,11878,11878,1
2020-07-03,15:02:34.923000,11877,11878,11878,1
2020-07-03,15:02:40.028000,11877,11878,11878,2
2020-07-03,15:02:40.662000,11877,11878,11878,1
2020-07-03,15:02:40.953000,11877,11878,11877,2
2020-07-03,15:02:41.423000,11877,11878,11877,1
2020-07-03,15:02:44.380000,11877,11878,11877,4
2020-07-03,15:02:46.426000,11877,11878,11878,1
2020-07-03,15:02:46.862000,11877,11878,11878,1
2020-07-03,15:02:47.031000,11877,11878,11878,1
2020-07-03,15:02:47.868000,11877,11878,11877,1
2020-07-03,15:02:48.292000,11877,11878,11878,1
2020-07-03,15:02:48.663000,11877,11878,11878,1
2020-07-03,15:02:48.714000,11877,11878,11878,6
2020-07-03,15:02:51.031000,11878,11879,11878,1
2020-07-03,15:02:51.923000,11878,11879,11879,5
2020-07-03,15:02:54.556000,11879,11880,11879,1
2020-07-03,15:02:54.596000,11879,11880,11879,1
2020-07-03,15:02:59.874000,11879,11880,11879,2
2020-07-03,15:03:00.049000,11879,11880,11880,2
2020-07-03,15:03:00.207000,11879,11880,11880,3
2020-07-03,15:03:00.208000,11879,11880,11880,8
2020-07-03,15:03:00.208000,11879,11880,11880,2
2020-07-03,15:03:00.208000,11879,11880,11880,6
2020-07-03,15:03:00.467000,11880,11881,11881,1
2020-07-03,15:03:02.181000,11879,11880,11879,1
2020-07-03,15:03:04.807000,11879,11880,11880,1
2020-07-03,15:03:06.841000,11879,11880,11880,1
2020-07-03,15:03:08.836000,11879,11880,11879,1
2020-07-03,15:03:13.156000,11879,11880,11880,1
2020-07-03,15:03:13.650000,11879,11880,11880,3
2020-07-03,15:03:14.709000,11879,11880,11879,1
2020-07-03,15:03:15.921000,11879,11880,11880,5
2020-07-03,15:03:18.693000,11879,11880,11879,1
2020-07-03,15:03:18.946000,11879,11880,11879,2
2020-07-03,15:03:19.881000,11879,11880,11879,4
2020-07-03,15:03:23.883000,11879,11880,11879,4
2020-07-03,15:03:25.494000,11879,11880,11880,2
2020-07-03,15:03:29.856000,11879,11880,11880,2
2020-07-03,15:03:32.507000,11879,11880,11879,1
2020-07-03,15:03:32.770000,11879,11880,11879,1
2020-07-03,15:03:32.865000,11879,11880,11879,5
2020-07-03,15:03:33.155000,11878,11879,11879,1
2020-07-03,15:03:36.718000,11878,11879,11879,1
2020-07-03,15:03:36.958000,11878,11879,11879,1
2020-07-03,15:03:37.429000,11879,11880,11879,1
2020-07-03,15:03:37.429000,11879,11880,11879,1
2020-07-03,15:03:37.430000,11879,11880,11879,1
2020-07-03,15:03:40.834000,11879,11880,11879,1
2020-07-03,15:03:42.467000,11879,11880,11880,1
2020-07-03,15:03:43.329000,11879,11880,11879,1
2020-07-03,15:03:43.354000,11879,11880,11879,1
2020-07-03,15:03:43.827000,11879,11880,11880,1
2020-07-03,15:03:45.417000,11879,11880,11879,1
2020-07-03,15:03:45.885000,11879,11880,11879,1
2020-07-03,15:03:47.116000,11879,11880,11879,4
2020-07-03,15:03:48.272000,11879,11880,11879,1
2020-07-03,15:03:48.502000,11879,11880,11879,1
2020-07-03,15:03:53.076000,11879,11880,11879,2
2020-07-03,15:03:53.077000,11879,11880,11879,2
2020-07-03,15:03:55.432000,11878,11879,11879,4
2020-07-03,15:03:56.029000,11879,11880,11879,4
2020-07-03,15:03:57.365000,11878,11879,11879,1
2020-07-03,15:03:58.329000,11878,11879,11879,3
2020-07-03,15:04:02.399000,11878,11879,11878,3
2020-07-03,15:04:02.454000,11878,11879,11878,2
2020-07-03,15:04:02.455000,11878,11879,11878,2
2020-07-03,15:04:02.455000,11878,11879,11878,15
2020-07-03,15:04:02.455000,11878,11879,11878,1
2020-07-03,15:04:02.809000,11877,11878,11877,2
2020-07-03,15:04:02.830000,11877,11878,11877,2
2020-07-03,15:04:02.851000,11877,11878,11877,1
2020-07-03,15:04:02.878000,11877,11878,11877,1
2020-07-03,15:04:03.039000,11877,11878,11878,1
2020-07-03,15:04:03.167000,11877,11878,11878,1
2020-07-03,15:04:03.407000,11877,11878,11878,1
2020-07-03,15:04:04.139000,11877,11878,11878,1
2020-07-03,15:04:04.926000,11877,11878,11878,2
2020-07-03,15:04:06.534000,11877,11878,11878,1
2020-07-03,15:04:08.361000,11877,11878,11878,2
2020-07-03,15:04:14.306000,11877,11878,11878,1
2020-07-03,15:04:14.909000,11877,11878,11878,1
2020-07-03,15:04:15.692000,11877,11878,11878,1
2020-07-03,15:04:17.122000,11877,11878,11877,6
2020-07-03,15:04:17.196000,11877,11878,11877,8
2020-07-03,15:04:17.764000,11876,11877,11877,2
2020-07-03,15:04:19.571000,11876,11877,11877,1
2020-07-03,15:04:20.027000,11876,11877,11876,2
2020-07-03,15:04:20.055000,11876,11877,11876,1
2020-07-03,15:04:20.065000,11876,11877,11876,2
2020-07-03,15:04:20.698000,11876,11877,11876,1
2020-07-03,15:04:20.823000,11876,11877,11876,2
2020-07-03,15:04:21.487000,11876,11877,11876,1
2020-07-03,15:04:25.002000,11876,11877,11876,2
2020-07-03,15:04:25.195000,11876,11877,11876,1
2020-07-03,15:04:25.671000,11876,11877,11876,1
2020-07-03,15:04:25.979000,11876,11877,11876,2
2020-07-03,15:04:26.639000,11876,11877,11877,10
2020-07-03,15:04:26.639000,11876,11877,11876,1
2020-07-03,15:04:26.810000,11876,11877,11877,1
2020-07-03,15:04:27.793000,11876,11877,11877,1
2020-07-03,15:04:28.532000,11876,11877,11876,3
2020-07-03,15:04:28.535000,11876,11877,11876,2
2020-07-03,15:04:29.207000,11875,11876,11875,5
2020-07-03,15:04:29.307000,11875,11876,11875,1
2020-07-03,15:04:29.466000,11875,11876,11876,4
2020-07-03,15:04:30.096000,11875,11876,11876,1
2020-07-03,15:04:32.902000,11875,11876,11875,2
2020-07-03,15:04:33.036000,11875,11876,11876,1
2020-07-03,15:04:33.159000,11875,11876,11875,1
2020-07-03,15:04:33.173000,11875,11876,11876,1
2020-07-03,15:04:33.189000,11875,11876,11875,1
2020-07-03,15:04:33.932000,11875,11876,11875,1
2020-07-03,15:04:34.143000,11875,11876,11875,1
2020-07-03,15:04:34.846000,11875,11876,11875,21
2020-07-03,15:04:39.741000,11874,11875,11874,1
2020-07-03,15:04:39.912000,11874,11875,11874,1
2020-07-03,15:04:40.207000,11874,11875,11875,3
2020-07-03,15:04:40.873000,11874,11875,11875,1
2020-07-03,15:04:41.508000,11874,11875,11874,1
2020-07-03,15:04:44.426000,11874,11875,11875,1
2020-07-03,15:04:44.835000,11874,11875,11875,13
2020-07-03,15:04:45.990000,11875,11876,11875,1
2020-07-03,15:04:46.297000,11874,11875,11874,1
2020-07-03,15:04:46.903000,11874,11875,11875,1
2020-07-03,15:04:48.459000,11875,11876,11875,1
2020-07-03,15:04:50.203000,11874,11875,11874,1
2020-07-03,15:04:50.299000,11874,11875,11875,1
2020-07-03,15:04:50.839000,11874,11875,11875,1
2020-07-03,15:04:51.503000,11874,11875,11874,1
2020-07-03,15:04:53.189000,11874,11875,11875,1
2020-07-03,15:04:54.053000,11874,11875,11874,1
2020-07-03,15:04:55.330000,11874,11875,11875,1
2020-07-03,15:04:56.524000,11874,11875,11875,3
2020-07-03,15:04:56.785000,11875,11876,11875,1
2020-07-03,15:04:57.799000,11875,11876,11875,1
2020-07-03,15:04:58.358000,11875,11876,11875,2
2020-07-03,15:04:58.397000,11875,11876,11875,1
2020-07-03,15:04:58.865000,11875,11876,11875,1
2020-07-03,15:04:59.057000,11875,11876,11875,1
2020-07-03,15:05:00.172000,11874,11876,11874,2
2020-07-03,15:05:00.187000,11874,11876,11874,1
2020-07-03,15:05:00.604000,11874,11876,11874,2
2020-07-03,15:05:00.699000,11874,11876,11876,1
2020-07-03,15:05:00.993000,11874,11875,11874,2
2020-07-03,15:05:01.097000,11874,11875,11875,1
2020-07-03,15:05:01.427000,11875,11876,11876,1
2020-07-03,15:05:01.553000,11875,11876,11876,1
2020-07-03,15:05:02.371000,11875,11876,11875,2
2020-07-03,15:05:02.433000,11875,11876,11875,2
2020-07-03,15:05:05.728000,11875,11876,11876,1
2020-07-03,15:05:06.326000,11875,11876,11876,1
2020-07-03,15:05:10.591000,11875,11876,11876,1
2020-07-03,15:05:11.795000,11875,11876,11875,6
2020-07-03,15:05:11.796000,11875,11876,11875,7
2020-07-03,15:05:12.024000,11874,11875,11875,1
2020-07-03,15:05:13.090000,11874,11875,11875,2
2020-07-03,15:05:13.099000,11874,11875,11875,1
2020-07-03,15:05:15.433000,11875,11876,11875,1
2020-07-03,15:05:16.912000,11874,11875,11875,1
2020-07-03,15:05:17.521000,11874,11875,11875,6
2020-07-03,15:05:22.579000,11874,11875,11874,3
2020-07-03,15:05:22.600000,11874,11875,11874,1
2020-07-03,15:05:22.600000,11874,11875,11874,2
2020-07-03,15:05:22.600000,11874,11875,11874,2
2020-07-03,15:05:22.600000,11874,11875,11874,13
2020-07-03,15:05:22.600000,11874,11875,11874,4
2020-07-03,15:05:22.600000,11874,11875,11874,3
2020-07-03,15:05:22.662000,11873,11874,11874,1
2020-07-03,15:05:23.227000,11873,11874,11874,1
2020-07-03,15:05:25.753000,11873,11874,11874,1
2020-07-03,15:05:25.868000,11873,11874,11874,1
2020-07-03,15:05:26.615000,11873,11874,11873,1
2020-07-03,15:05:26.920000,11873,11874,11874,1
2020-07-03,15:05:27.027000,11873,11874,11873,2
2020-07-03,15:05:27.075000,11873,11874,11873,3
2020-07-03,15:05:27.095000,11873,11874,11873,3
2020-07-03,15:05:27.117000,11873,11874,11873,3
2020-07-03,15:05:27.174000,11873,11874,11873,1
2020-07-03,15:05:27.667000,11872,11874,11874,2
2020-07-03,15:05:28.209000,11872,11874,11872,1
2020-07-03,15:05:28.600000,11872,11874,11872,1
2020-07-03,15:05:28.865000,11873,11874,11873,2
2020-07-03,15:05:31.518000,11873,11874,11873,4
2020-07-03,15:05:31.651000,11873,11874,11873,1
2020-07-03,15:05:32.344000,11873,11874,11874,2
2020-07-03,15:05:32.544000,11873,11875,11875,1
2020-07-03,15:05:34.604000,11873,11875,11873,5
2020-07-03,15:05:35.554000,11873,11875,11875,1
2020-07-03,15:05:35.740000,11873,11875,11873,1
2020-07-03,15:05:38.435000,11873,11875,11875,1
2020-07-03,15:05:40.798000,11873,11874,11873,1
2020-07-03,15:05:40.878000,11873,11874,11873,1
2020-07-03,15:05:42.246000,11873,11874,11873,1
2020-07-03,15:05:44.944000,11873,11874,11874,2
2020-07-03,15:05:55.566000,11873,11874,11873,1
2020-07-03,15:05:58.839000,11873,11874,11873,1
2020-07-03,15:05:58.976000,11873,11874,11873,1
2020-07-03,15:05:59.022000,11873,11874,11873,1
2020-07-03,15:06:00.072000,11873,11874,11874,1
2020-07-03,15:06:00.086000,11873,11874,11874,2
2020-07-03,15:06:00.089000,11873,11874,11874,1
2020-07-03,15:06:00.096000,11873,11874,11874,2
2020-07-03,15:06:00.108000,11873,11874,11874,2
2020-07-03,15:06:00.114000,11873,11874,11874,1
2020-07-03,15:06:00.118000,11873,11874,11874,1
2020-07-03,15:06:00.130000,11873,11874,11875,1
2020-07-03,15:06:00.140000,11873,11874,11875,1
2020-07-03,15:06:00.158000,11873,11875,11875,1
2020-07-03,15:06:00.291000,11873,11874,11873,1
2020-07-03,15:06:00.350000,11873,11874,11874,1
2020-07-03,15:06:00.617000,11874,11875,11875,1
2020-07-03,15:06:01.328000,11874,11875,11874,1
2020-07-03,15:06:01.654000,11874,11875,11875,1
2020-07-03,15:06:01.856000,11874,11875,11875,1
2020-07-03,15:06:02.135000,11874,11875,11874,6
2020-07-03,15:06:04.436000,11874,11875,11874,1
2020-07-03,15:06:07.099000,11874,11875,11874,3
2020-07-03,15:06:08.365000,11874,11875,11874,3
2020-07-03,15:06:09.672000,11873,11874,11874,1
2020-07-03,15:06:11.904000,11873,11874,11874,2
2020-07-03,15:06:12.962000,11873,11874,11874,1
2020-07-03,15:06:13.567000,11873,11874,11873,1
2020-07-03,15:06:14.026000,11873,11874,11874,1
2020-07-03,15:06:14.408000,11873,11874,11874,1
2020-07-03,15:06:14.672000,11873,11874,11873,2
2020-07-03,15:06:20.378000,11873,11874,11874,14
2020-07-03,15:06:20.792000,11874,11875,11874,2
2020-07-03,15:06:20.829000,11874,11875,11874,1
2020-07-03,15:06:21.574000,11874,11875,11874,1
2020-07-03,15:06:22.116000,11874,11875,11875,12
2020-07-03,15:06:22.116000,11874,11875,11875,1
2020-07-03,15:06:24.577000,11875,11876,11876,3
2020-07-03,15:06:26.295000,11875,11876,11876,1
2020-07-03,15:06:27.407000,11875,11876,11875,1
2020-07-03,15:06:29.895000,11875,11876,11876,1
2020-07-03,15:06:29.895000,11875,11876,11876,2
2020-07-03,15:06:29.896000,11875,11876,11876,2
2020-07-03,15:06:33.007000,11876,11877,11876,1
2020-07-03,15:06:33.134000,11876,11877,11877,1
2020-07-03,15:06:33.985000,11876,11877,11877,1
2020-07-03,15:06:37.137000,11876,11877,11876,1
2020-07-03,15:06:37.150000,11876,11877,11877,1
2020-07-03,15:06:37.163000,11876,11877,11876,2
2020-07-03,15:06:40.298000,11876,11877,11877,1
2020-07-03,15:06:40.617000,11876,11877,11876,2
2020-07-03,15:06:40.842000,11876,11877,11877,1
2020-07-03,15:06:45.230000,11876,11877,11876,2
2020-07-03,15:06:48.850000,11876,11877,11877,14
2020-07-03,15:06:48.851000,11876,11877,11877,4
2020-07-03,15:06:48.851000,11876,11877,11877,1
2020-07-03,15:06:50.682000,11877,11878,11877,3
2020-07-03,15:06:51.405000,11877,11878,11877,2
2020-07-03,15:06:53.950000,11877,11878,11877,1
2020-07-03,15:06:56.604000,11877,11878,11878,3
2020-07-03,15:06:58.711000,11877,11878,11878,1
2020-07-03,15:07:02.373000,11877,11878,11878,5
2020-07-03,15:07:02.793000,11877,11878,11878,4
2020-07-03,15:07:03.697000,11877,11878,11878,1
2020-07-03,15:07:03.709000,11877,11878,11878,1
2020-07-03,15:07:07.864000,11877,11878,11878,1
2020-07-03,15:07:10.127000,11878,11879,11879,3
2020-07-03,15:07:11.719000,11878,11879,11879,1
2020-07-03,15:07:11.720000,11878,11879,11879,7
2020-07-03,15:07:11.984000,11879,11880,11880,1
2020-07-03,15:07:14.707000,11879,11880,11880,1
2020-07-03,15:07:15.417000,11879,11880,11880,1
2020-07-03,15:07:18.466000,11879,11880,11879,1
2020-07-03,15:07:19.184000,11879,11880,11879,2
2020-07-03,15:07:20.745000,11879,11880,11880,7
2020-07-03,15:07:21.847000,11879,11880,11879,1
2020-07-03,15:07:22.816000,11879,11880,11880,1
2020-07-03,15:07:23.178000,11879,11880,11880,1
2020-07-03,15:07:23.474000,11879,11880,11880,1
2020-07-03,15:07:24.253000,11879,11880,11880,2
2020-07-03,15:07:28.008000,11879,11880,11880,1
2020-07-03,15:07:29.763000,11879,11880,11880,1
2020-07-03,15:07:30.069000,11879,11880,11880,1
2020-07-03,15:07:30.316000,11879,11880,11880,1
2020-07-03,15:07:30.504000,11879,11880,11880,2
2020-07-03,15:07:30.505000,11879,11880,11880,10
2020-07-03,15:07:31.747000,11880,11881,11881,14
2020-07-03,15:07:31.747000,11880,11881,11881,1
2020-07-03,15:07:32.046000,11881,11882,11882,1
2020-07-03,15:07:32.050000,11881,11882,11882,1
2020-07-03,15:07:32.192000,11881,11882,11882,5
2020-07-03,15:07:32.408000,11881,11882,11882,1
2020-07-03,15:07:32.474000,11881,11882,11882,1
2020-07-03,15:07:32.549000,11881,11882,11881,2
2020-07-03,15:07:33.047000,11881,11882,11882,5
2020-07-03,15:07:34.086000,11881,11882,11881,1
2020-07-03,15:07:34.259000,11881,11882,11882,1
2020-07-03,15:07:34.615000,11881,11882,11882,1
2020-07-03,15:07:36.152000,11881,11882,11881,1
2020-07-03,15:07:36.157000,11881,11882,11882,1
2020-07-03,15:07:37.392000,11881,11882,11881,1
2020-07-03,15:07:38.676000,11881,11882,11882,1
2020-07-03,15:07:38.929000,11881,11882,11881,1
2020-07-03,15:07:39.686000,11881,11882,11882,4
2020-07-03,15:07:39.974000,11881,11882,11882,1
2020-07-03,15:07:41.710000,11881,11882,11881,1
2020-07-03,15:07:41.866000,11881,11882,11881,1
2020-07-03,15:07:42.790000,11881,11882,11882,2
2020-07-03,15:07:43.466000,11881,11882,11882,1
2020-07-03,15:07:43.630000,11881,11882,11882,1
2020-07-03,15:07:44.968000,11881,11882,11881,1
2020-07-03,15:07:45.113000,11881,11882,11881,1
2020-07-03,15:07:46.886000,11881,11882,11882,1
2020-07-03,15:07:47.232000,11881,11882,11882,6
2020-07-03,15:07:48.752000,11881,11882,11882,2
2020-07-03,15:07:48.752000,11881,11882,11883,3
2020-07-03,15:07:48.771000,11882,11883,11882,2
2020-07-03,15:07:48.838000,11882,11883,11881,1
2020-07-03,15:07:49.332000,11881,11882,11882,1
2020-07-03,15:07:51.424000,11881,11882,11882,1
2020-07-03,15:07:51.424000,11881,11882,11883,3
2020-07-03,15:07:52.225000,11881,11882,11882,2
2020-07-03,15:07:52.271000,11882,11883,11882,2
2020-07-03,15:07:52.296000,11882,11883,11882,1
2020-07-03,15:07:52.321000,11882,11883,11882,1
2020-07-03,15:07:54.479000,11881,11882,11882,1
2020-07-03,15:07:55.251000,11881,11882,11882,1
2020-07-03,15:07:55.257000,11881,11882,11882,1
2020-07-03,15:07:55.871000,11881,11882,11881,1
2020-07-03,15:07:56.330000,11881,11882,11882,5
2020-07-03,15:08:00.330000,11881,11882,11882,2
2020-07-03,15:08:00.940000,11881,11882,11882,1
2020-07-03,15:08:00.965000,11881,11882,11882,1
2020-07-03,15:08:02.526000,11881,11882,11882,1
2020-07-03,15:08:03.519000,11881,11882,11882,14
2020-07-03,15:08:03.810000,11882,11883,11882,5
2020-07-03,15:08:04.273000,11881,11882,11882,1
2020-07-03,15:08:06.128000,11881,11882,11881,1
2020-07-03,15:08:07.099000,11881,11882,11882,2
2020-07-03,15:08:07.155000,11881,11882,11882,1
2020-07-03,15:08:10.559000,11881,11882,11882,1
2020-07-03,15:08:12.720000,11881,11882,11882,7
2020-07-03,15:08:12.980000,11881,11882,11882,1
2020-07-03,15:08:20.318000,11881,11882,11881,8
2020-07-03,15:08:21.668000,11880,11881,11881,1
2020-07-03,15:08:23.587000,11880,11881,11881,1
2020-07-03,15:08:27.551000,11881,11882,11881,1
2020-07-03,15:08:28.061000,11881,11882,11881,1
2020-07-03,15:08:29.261000,11881,11882,11882,1
2020-07-03,15:08:38.074000,11881,11882,11882,1
2020-07-03,15:08:40.242000,11880,11882,11882,1
2020-07-03,15:08:41.934000,11881,11882,11881,4
2020-07-03,15:08:46.597000,11880,11881,11881,1
2020-07-03,15:08:46.726000,11880,11881,11881,7
2020-07-03,15:08:46.726000,11880,11881,11882,3
2020-07-03,15:08:46.774000,11881,11882,11881,1
2020-07-03,15:08:49.478000,11880,11881,11881,1
2020-07-03,15:08:59.798000,11880,11881,11880,1
2020-07-03,15:09:01.673000,11880,11881,11880,1
2020-07-03,15:09:02.835000,11880,11881,11880,4
2020-07-03,15:09:06.937000,11880,11881,11880,1
2020-07-03,15:09:09.469000,11880,11881,11881,1
2020-07-03,15:09:09.530000,11880,11881,11880,1
2020-07-03,15:09:12.579000,11880,11881,11880,1
2020-07-03,15:09:18.785000,11880,11881,11881,2
2020-07-03,15:09:21.088000,11880,11881,11881,1
2020-07-03,15:09:21.396000,11880,11881,11881,11
2020-07-03,15:09:21.396000,11880,11881,11881,3
2020-07-03,15:09:22.611000,11881,11882,11881,1
2020-07-03,15:09:24.906000,11881,11882,11882,3
2020-07-03,15:09:25.319000,11881,11882,11882,6
2020-07-03,15:09:25.320000,11881,11882,11882,4
2020-07-03,15:09:25.328000,11881,11882,11882,1
2020-07-03,15:09:25.614000,11882,11883,11883,1
2020-07-03,15:09:25.641000,11882,11883,11883,1
2020-07-03,15:09:25.672000,11882,11883,11883,1
2020-07-03,15:09:25.695000,11882,11883,11883,1
2020-07-03,15:09:25.909000,11882,11883,11883,7
2020-07-03,15:09:27.904000,11882,11883,11882,1
2020-07-03,15:09:30.843000,11882,11883,11882,1
2020-07-03,15:09:32.775000,11882,11883,11882,1
2020-07-03,15:09:32.828000,11882,11883,11882,1
2020-07-03,15:09:35.953000,11882,11883,11883,1
2020-07-03,15:09:36.813000,11882,11883,11882,1
2020-07-03,15:09:40.203000,11882,11883,11883,1
2020-07-03,15:09:40.958000,11882,11883,11882,3
2020-07-03,15:09:41.480000,11881,11882,11882,4
2020-07-03,15:09:42.594000,11881,11882,11882,1
2020-07-03,15:09:46.798000,11881,11882,11882,1
2020-07-03,15:09:48.016000,11881,11882,11882,4
2020-07-03,15:09:49.753000,11882,11883,11883,2
2020-07-03,15:09:51.278000,11882,11883,11882,1
2020-07-03,15:09:51.877000,11882,11883,11883,3
2020-07-03,15:09:51.882000,11882,11883,11883,55
2020-07-03,15:09:51.882000,11882,11883,11883,1
2020-07-03,15:09:53.478000,11883,11884,11883,1
2020-07-03,15:09:53.746000,11883,11884,11883,1
2020-07-03,15:09:55.738000,11882,11884,11883,1
2020-07-03,15:09:58.519000,11883,11884,11884,1
2020-07-03,15:10:00.132000,11883,11884,11883,3
2020-07-03,15:10:00.198000,11882,11883,11884,1
2020-07-03,15:10:00.229000,11882,11883,11884,1
2020-07-03,15:10:00.415000,11883,11884,11884,1
2020-07-03,15:10:00.436000,11883,11884,11884,1
2020-07-03,15:10:00.698000,11883,11884,11884,1
2020-07-03,15:10:00.757000,11883,11884,11884,1
2020-07-03,15:10:00.800000,11883,11884,11884,2
2020-07-03,15:10:00.801000,11883,11884,11884,1
2020-07-03,15:10:00.826000,11883,11884,11884,2
2020-07-03,15:10:00.826000,11883,11884,11884,7
2020-07-03,15:10:00.826000,11883,11884,11884,4
2020-07-03,15:10:00.826000,11883,11884,11884,1
2020-07-03,15:10:00.827000,11883,11884,11884,17
2020-07-03,15:10:00.827000,11883,11884,11884,2
2020-07-03,15:10:00.827000,11883,11884,11884,1
2020-07-03,15:10:00.827000,11883,11884,11884,1
2020-07-03,15:10:00.827000,11883,11884,11884,1
2020-07-03,15:10:00.827000,11883,11884,11884,9
2020-07-03,15:10:01.470000,11884,11885,11885,1
2020-07-03,15:10:01.910000,11884,11885,11885,1
2020-07-03,15:10:02.549000,11883,11884,11884,1
2020-07-03,15:10:04.412000,11883,11884,11884,2
2020-07-03,15:10:08.694000,11883,11884,11884,1
2020-07-03,15:10:08.706000,11883,11884,11884,1
2020-07-03,15:10:09.484000,11883,11884,11884,1
2020-07-03,15:10:09.513000,11883,11884,11884,1
2020-07-03,15:10:09.863000,11884,11885,11885,2
2020-07-03,15:10:10.713000,11884,11885,11885,1
2020-07-03,15:10:10.933000,11884,11885,11885,1
2020-07-03,15:10:11.138000,11884,11885,11885,1
2020-07-03,15:10:11.618000,11884,11885,11885,1
2020-07-03,15:10:11.703000,11884,11885,11885,1
2020-07-03,15:10:11.892000,11884,11885,11885,1
2020-07-03,15:10:11.989000,11884,11885,11884,1
2020-07-03,15:10:12.469000,11884,11885,11885,1
2020-07-03,15:10:12.745000,11884,11885,11884,2
2020-07-03,15:10:14.959000,11884,11885,11884,1
2020-07-03,15:10:16.426000,11884,11885,11885,1
2020-07-03,15:10:16.744000,11884,11885,11884,1
2020-07-03,15:10:16.902000,11884,11885,11885,2
2020-07-03,15:10:17.983000,11884,11885,11885,1
2020-07-03,15:10:20.302000,11884,11885,11885,1
2020-07-03,15:10:20.525000,11884,11885,11885,1
2020-07-03,15:10:20.960000,11884,11885,11885,1
2020-07-03,15:10:21.221000,11884,11885,11884,1
2020-07-03,15:10:22.098000,11884,11885,11884,1
2020-07-03,15:10:23.253000,11884,11885,11885,1
2020-07-03,15:10:23.487000,11884,11885,11885,1
2020-07-03,15:10:23.741000,11884,11885,11885,5
2020-07-03,15:10:24.507000,11884,11885,11885,1
2020-07-03,15:10:24.675000,11884,11885,11885,2
2020-07-03,15:10:24.700000,11884,11885,11885,10
2020-07-03,15:10:24.701000,11884,11885,11885,4
2020-07-03,15:10:24.701000,11884,11885,11885,1
2020-07-03,15:10:24.701000,11884,11885,11885,1
2020-07-03,15:10:24.770000,11884,11885,11885,22
2020-07-03,15:10:25.895000,11885,11886,11886,10
2020-07-03,15:10:25.896000,11885,11886,11886,6
2020-07-03,15:10:26.078000,11885,11887,11887,9
2020-07-03,15:10:26.091000,11885,11887,11887,5
2020-07-03,15:10:26.138000,11885,11887,11887,2
2020-07-03,15:10:26.139000,11885,11887,11887,3
2020-07-03,15:10:26.154000,11886,11887,11887,2
2020-07-03,15:10:26.163000,11886,11887,11887,2
2020-07-03,15:10:26.232000,11886,11887,11887,2
2020-07-03,15:10:26.238000,11886,11887,11887,1
2020-07-03,15:10:26.264000,11886,11887,11887,1
2020-07-03,15:10:26.298000,11886,11887,11887,1
2020-07-03,15:10:26.304000,11886,11887,11888,1
2020-07-03,15:10:26.414000,11887,11888,11888,1
2020-07-03,15:10:26.514000,11887,11888,11888,1
2020-07-03,15:10:26.583000,11887,11888,11888,8
2020-07-03,15:10:26.668000,11887,11888,11888,1
2020-07-03,15:10:26.704000,11887,11888,11888,1
2020-07-03,15:10:26.707000,11887,11888,11888,1
2020-07-03,15:10:26.788000,11887,11888,11887,1
2020-07-03,15:10:26.788000,11887,11888,11888,1
2020-07-03,15:10:26.792000,11887,11888,11888,3
2020-07-03,15:10:26.793000,11887,11888,11888,4
2020-07-03,15:10:26.794000,11887,11888,11888,2
2020-07-03,15:10:26.794000,11887,11888,11888,1
2020-07-03,15:10:26.794000,11887,11888,11888,1
2020-07-03,15:10:26.794000,11887,11888,11888,1
2020-07-03,15:10:26.794000,11887,11888,11888,1
2020-07-03,15:10:26.801000,11887,11888,11888,1
2020-07-03,15:10:26.801000,11887,11888,11888,1
2020-07-03,15:10:26.827000,11887,11888,11888,1
2020-07-03,15:10:26.827000,11887,11888,11888,2
2020-07-03,15:10:26.835000,11887,11888,11889,1
2020-07-03,15:10:26.836000,11887,11888,11889,1
2020-07-03,15:10:26.840000,11887,11888,11889,1
2020-07-03,15:10:27.012000,11888,11889,11889,1
2020-07-03,15:10:27.134000,11888,11889,11889,2
2020-07-03,15:10:27.150000,11888,11889,11889,1
2020-07-03,15:10:27.342000,11888,11889,11888,1
2020-07-03,15:10:27.363000,11888,11889,11888,1
2020-07-03,15:10:27.370000,11888,11889,11888,1
2020-07-03,15:10:27.372000,11888,11889,11888,2
2020-07-03,15:10:28.011000,11888,11889,11889,1
2020-07-03,15:10:28.055000,11888,11889,11889,1
2020-07-03,15:10:28.070000,11888,11889,11889,3
2020-07-03,15:10:28.146000,11888,11889,11889,1
2020-07-03,15:10:28.355000,11888,11889,11889,1
2020-07-03,15:10:28.564000,11889,11890,11889,4
2020-07-03,15:10:28.862000,11889,11890,11890,2
2020-07-03,15:10:28.941000,11889,11890,11890,1
2020-07-03,15:10:28.944000,11889,11890,11889,6
2020-07-03,15:10:28.944000,11889,11890,11888,14
2020-07-03,15:10:28.949000,11889,11890,11889,1
2020-07-03,15:10:28.957000,11889,11890,11888,1
2020-07-03,15:10:28.993000,11889,11890,11888,1
2020-07-03,15:10:29.001000,11889,11890,11889,1
2020-07-03,15:10:29.024000,11888,11889,11888,1
2020-07-03,15:10:29.052000,11888,11889,11889,1
2020-07-03,15:10:29.114000,11888,11889,11889,2
2020-07-03,15:10:29.114000,11888,11889,11889,1
2020-07-03,15:10:29.114000,11888,11889,11889,2
2020-07-03,15:10:29.114000,11888,11889,11889,1
2020-07-03,15:10:29.249000,11888,11890,11888,1
2020-07-03,15:10:29.274000,11888,11890,11888,1
2020-07-03,15:10:29.297000,11888,11890,11888,1
2020-07-03,15:10:29.305000,11888,11890,11888,1
2020-07-03,15:10:30.220000,11888,11889,11889,2
2020-07-03,15:10:30.621000,11888,11889,11889,1
2020-07-03,15:10:30.847000,11888,11889,11888,1
2020-07-03,15:10:32.996000,11888,11889,11889,2
2020-07-03,15:10:33.042000,11888,11889,11889,1
2020-07-03,15:10:33.500000,11888,11889,11888,1
2020-07-03,15:10:33.985000,11887,11888,11888,1
2020-07-03,15:10:34.630000,11887,11888,11888,1
2020-07-03,15:10:34.858000,11887,11888,11888,1
2020-07-03,15:10:35.127000,11887,11889,11889,2
2020-07-03,15:10:35.180000,11887,11889,11889,3
2020-07-03,15:10:35.681000,11888,11889,11889,1
2020-07-03,15:10:36.187000,11888,11889,11889,1
2020-07-03,15:10:36.241000,11888,11889,11889,1
2020-07-03,15:10:36.241000,11888,11889,11889,3
2020-07-03,15:10:36.834000,11889,11890,11890,4
2020-07-03,15:10:36.944000,11889,11890,11889,1
2020-07-03,15:10:37.167000,11889,11890,11889,1
2020-07-03,15:10:37.663000,11889,11890,11889,1
2020-07-03,15:10:38.477000,11889,11890,11889,1
2020-07-03,15:10:38.560000,11889,11890,11890,1
2020-07-03,15:10:39.065000,11889,11890,11890,1
2020-07-03,15:10:39.095000,11889,11890,11890,1
2020-07-03,15:10:39.102000,11889,11890,11890,1
2020-07-03,15:10:39.115000,11889,11890,11890,1
2020-07-03,15:10:39.187000,11889,11890,11890,1
2020-07-03,15:10:39.293000,11889,11890,11890,1
2020-07-03,15:10:39.317000,11889,11890,11890,1
2020-07-03,15:10:39.320000,11889,11890,11890,1
2020-07-03,15:10:39.372000,11889,11890,11890,2
2020-07-03,15:10:39.372000,11889,11890,11890,4
2020-07-03,15:10:39.373000,11889,11890,11890,1
2020-07-03,15:10:39.674000,11889,11890,11890,1
2020-07-03,15:10:39.828000,11889,11890,11890,1
2020-07-03,15:10:40.130000,11889,11890,11890,1
2020-07-03,15:10:40.198000,11890,11891,11891,1
2020-07-03,15:10:40.350000,11890,11891,11891,1
2020-07-03,15:10:40.486000,11890,11891,11890,1
2020-07-03,15:10:40.547000,11890,11891,11890,2
2020-07-03,15:10:41.071000,11889,11890,11889,1
2020-07-03,15:10:41.245000,11889,11890,11890,2
2020-07-03,15:10:41.561000,11889,11891,11891,1
2020-07-03,15:10:42.193000,11889,11891,11889,2
2020-07-03,15:10:42.272000,11889,11890,11889,1
2020-07-03,15:10:42.303000,11889,11890,11890,1
2020-07-03,15:10:42.464000,11889,11890,11890,3
2020-07-03,15:10:43.445000,11890,11891,11890,7
2020-07-03,15:10:44.095000,11889,11890,11890,1
2020-07-03,15:10:44.379000,11889,11890,11890,1
2020-07-03,15:10:44.548000,11889,11890,11890,1
2020-07-03,15:10:44.579000,11889,11890,11890,3
2020-07-03,15:10:44.928000,11889,11890,11890,5
2020-07-03,15:10:45.849000,11889,11890,11890,1
2020-07-03,15:10:47.046000,11889,11890,11890,1
2020-07-03,15:10:48.321000,11889,11890,11890,3
2020-07-03,15:10:49.006000,11889,11890,11889,1
2020-07-03,15:10:49.212000,11889,11890,11890,1
2020-07-03,15:10:50.247000,11889,11890,11890,2
2020-07-03,15:10:50.523000,11889,11890,11890,1
2020-07-03,15:10:52.271000,11889,11890,11890,2
2020-07-03,15:10:52.272000,11889,11890,11890,3
2020-07-03,15:10:52.802000,11890,11891,11891,1
2020-07-03,15:10:52.856000,11890,11891,11891,3
2020-07-03,15:10:52.988000,11890,11891,11890,2
2020-07-03,15:10:53.618000,11890,11891,11890,1
2020-07-03,15:10:54.912000,11890,11891,11890,1
2020-07-03,15:10:55.165000,11890,11891,11891,1
2020-07-03,15:10:55.527000,11890,11891,11890,1
2020-07-03,15:10:55.711000,11890,11891,11891,1
2020-07-03,15:10:57.336000,11890,11891,11891,2
2020-07-03,15:10:57.995000,11890,11891,11891,1
2020-07-03,15:10:58.072000,11890,11891,11891,1
2020-07-03,15:11:00.165000,11890,11891,11890,1
2020-07-03,15:11:00.352000,11890,11891,11891,4
2020-07-03,15:11:00.470000,11891,11892,11892,1
2020-07-03,15:11:00.497000,11891,11892,11892,4
2020-07-03,15:11:00.513000,11891,11892,11891,1
2020-07-03,15:11:00.555000,11891,11892,11892,1
2020-07-03,15:11:00.859000,11891,11892,11891,1
2020-07-03,15:11:00.981000,11891,11892,11891,1
2020-07-03,15:11:00.981000,11891,11892,11891,1
2020-07-03,15:11:00.983000,11891,11892,11891,1
2020-07-03,15:11:02.437000,11891,11892,11892,1
2020-07-03,15:11:02.531000,11891,11892,11891,1
2020-07-03,15:11:02.549000,11891,11892,11891,3
2020-07-03,15:11:02.973000,11890,11891,11891,9
2020-07-03,15:11:02.973000,11890,11891,11892,1
2020-07-03,15:11:04.120000,11891,11892,11892,1
2020-07-03,15:11:04.645000,11891,11892,11891,1
2020-07-03,15:11:04.789000,11890,11891,11890,1
2020-07-03,15:11:04.807000,11890,11891,11891,1
2020-07-03,15:11:04.988000,11890,11891,11890,36
2020-07-03,15:11:05.044000,11889,11890,11890,1
2020-07-03,15:11:05.091000,11889,11890,11889,10
2020-07-03,15:11:05.136000,11889,11890,11889,1
2020-07-03,15:11:06.667000,11888,11889,11889,2
2020-07-03,15:11:07.542000,11888,11889,11888,2
2020-07-03,15:11:07.543000,11888,11889,11888,14
2020-07-03,15:11:08.246000,11887,11888,11888,3
2020-07-03,15:11:09.415000,11887,11888,11887,1
2020-07-03,15:11:11.248000,11886,11887,11887,1
2020-07-03,15:11:12.977000,11886,11887,11887,1
2020-07-03,15:11:13.656000,11886,11887,11887,1
2020-07-03,15:11:13.812000,11886,11887,11887,2
2020-07-03,15:11:13.899000,11887,11888,11888,2
2020-07-03,15:11:14.896000,11887,11888,11888,3
2020-07-03,15:11:15.362000,11887,11888,11887,1
2020-07-03,15:11:17.072000,11887,11888,11887,1
2020-07-03,15:11:17.501000,11887,11888,11888,1
2020-07-03,15:11:17.502000,11887,11888,11888,2
2020-07-03,15:11:17.502000,11887,11888,11888,3
2020-07-03,15:11:17.502000,11887,11888,11888,1
2020-07-03,15:11:18.092000,11888,11889,11888,2
2020-07-03,15:11:19.705000,11888,11889,11889,3
2020-07-03,15:11:19.813000,11889,11890,11889,1
2020-07-03,15:11:19.871000,11889,11890,11889,2
2020-07-03,15:11:20.056000,11889,11890,11889,2
2020-07-03,15:11:20.442000,11888,11889,11889,1
2020-07-03,15:11:20.734000,11889,11890,11890,10
2020-07-03,15:11:22.692000,11890,11891,11890,3
2020-07-03,15:11:24.279000,11890,11891,11891,1
2020-07-03,15:11:24.353000,11890,11891,11890,1
2020-07-03,15:11:25.287000,11889,11890,11890,1
2020-07-03,15:11:26.868000,11889,11890,11890,1
2020-07-03,15:11:27.499000,11889,11890,11889,1
2020-07-03,15:11:29.323000,11888,11889,11889,1
2020-07-03,15:11:29.781000,11888,11889,11888,1
2020-07-03,15:11:30.191000,11888,11889,11888,1
2020-07-03,15:11:36.362000,11888,11889,11889,1
2020-07-03,15:11:36.363000,11888,11889,11889,1
2020-07-03,15:11:36.574000,11888,11889,11889,7
2020-07-03,15:11:42.165000,11889,11890,11890,1
2020-07-03,15:11:42.416000,11889,11890,11890,2
2020-07-03,15:11:42.416000,11889,11890,11890,2
2020-07-03,15:11:42.824000,11890,11891,11891,1
2020-07-03,15:11:43.786000,11890,11891,11890,2
2020-07-03,15:11:44.024000,11890,11891,11890,4
2020-07-03,15:11:45.029000,11889,11890,11890,1
2020-07-03,15:11:46.350000,11889,11890,11890,1
2020-07-03,15:11:46.480000,11889,11890,11890,1
2020-07-03,15:11:47.804000,11889,11890,11890,1
2020-07-03,15:11:48.405000,11889,11890,11890,1
2020-07-03,15:11:48.638000,11889,11890,11890,2
2020-07-03,15:11:48.638000,11889,11890,11890,1
2020-07-03,15:11:49.876000,11889,11890,11890,1
2020-07-03,15:11:50.046000,11889,11890,11890,1
2020-07-03,15:11:50.071000,11889,11890,11890,1
2020-07-03,15:11:50.735000,11889,11890,11890,1
2020-07-03,15:11:54.301000,11889,11890,11890,1
2020-07-03,15:11:54.546000,11889,11890,11890,1
2020-07-03,15:11:55.822000,11890,11891,11890,1
2020-07-03,15:11:55.836000,11890,11891,11890,1
2020-07-03,15:11:56.200000,11889,11890,11889,4
2020-07-03,15:11:56.835000,11889,11890,11889,4
2020-07-03,15:11:56.838000,11889,11890,11889,1
2020-07-03,15:11:57.242000,11888,11889,11889,1
2020-07-03,15:12:00.164000,11888,11889,11889,1
2020-07-03,15:12:00.714000,11888,11889,11889,1
2020-07-03,15:12:00.774000,11888,11889,11889,1
2020-07-03,15:12:01.057000,11888,11890,11890,4
2020-07-03,15:12:05.622000,11889,11890,11889,3
2020-07-03,15:12:06.953000,11888,11889,11889,1
2020-07-03,15:12:07.396000,11888,11889,11888,13
2020-07-03,15:12:07.396000,11888,11889,11888,24
2020-07-03,15:12:08.834000,11887,11888,11887,1
2020-07-03,15:12:08.903000,11887,11888,11887,2
2020-07-03,15:12:08.903000,11887,11888,11887,2
2020-07-03,15:12:08.904000,11887,11888,11887,3
2020-07-03,15:12:08.904000,11887,11888,11887,4
2020-07-03,15:12:09.280000,11886,11887,11887,1
2020-07-03,15:12:09.553000,11886,11887,11886,1
2020-07-03,15:12:12.875000,11886,11887,11886,1
2020-07-03,15:12:20.200000,11886,11888,11887,1
2020-07-03,15:12:22.027000,11887,11888,11888,1
2020-07-03,15:12:22.675000,11887,11888,11888,2
2020-07-03,15:12:25.624000,11888,11889,11888,2
2020-07-03,15:12:26.051000,11887,11889,11889,1
2020-07-03,15:12:26.436000,11888,11889,11888,1
2020-07-03,15:12:26.736000,11888,11889,11888,1
2020-07-03,15:12:27.146000,11888,11889,11888,1
2020-07-03,15:12:28.831000,11888,11889,11889,2
2020-07-03,15:12:29.324000,11888,11889,11888,1
2020-07-03,15:12:32.596000,11888,11889,11888,1
2020-07-03,15:12:35.407000,11888,11889,11889,1
2020-07-03,15:12:35.472000,11888,11889,11888,1
2020-07-03,15:12:36.341000,11888,11889,11888,1
2020-07-03,15:12:36.591000,11888,11889,11889,1
2020-07-03,15:12:39.178000,11888,11889,11889,3
2020-07-03,15:12:40.148000,11889,11890,11889,1
2020-07-03,15:12:41.963000,11889,11890,11889,1
2020-07-03,15:12:42.963000,11889,11890,11889,1
2020-07-03,15:12:43.897000,11889,11890,11889,1
2020-07-03,15:12:46.889000,11888,11889,11888,1
2020-07-03,15:12:47.550000,11888,11889,11889,1
2020-07-03,15:12:55.853000,11889,11890,11889,1
2020-07-03,15:12:57.659000,11888,11889,11888,1
2020-07-03,15:12:59.637000,11888,11889,11889,1
2020-07-03,15:12:59.637000,11888,11889,11889,1
2020-07-03,15:13:01.828000,11889,11890,11889,1
2020-07-03,15:13:01.915000,11889,11890,11889,1
2020-07-03,15:13:02.098000,11888,11889,11889,1
2020-07-03,15:13:02.146000,11888,11889,11889,1
2020-07-03,15:13:02.164000,11888,11889,11888,1
2020-07-03,15:13:02.179000,11888,11889,11890,6
2020-07-03,15:13:02.234000,11888,11889,11890,6
2020-07-03,15:13:02.267000,11888,11889,11890,1
2020-07-03,15:13:02.280000,11889,11890,11890,1
2020-07-03,15:13:02.284000,11889,11890,11890,2
2020-07-03,15:13:02.284000,11889,11890,11891,1
2020-07-03,15:13:02.336000,11889,11890,11891,4
2020-07-03,15:13:02.417000,11889,11891,11890,1
2020-07-03,15:13:02.418000,11889,11891,11891,1
2020-07-03,15:13:02.433000,11889,11891,11891,4
2020-07-03,15:13:02.446000,11889,11891,11891,1
2020-07-03,15:13:02.550000,11889,11891,11891,1
2020-07-03,15:13:02.575000,11889,11891,11891,1
2020-07-03,15:13:02.599000,11889,11891,11891,1
2020-07-03,15:13:02.956000,11890,11891,11891,1
2020-07-03,15:13:03.023000,11890,11891,11891,1
2020-07-03,15:13:03.147000,11890,11891,11890,2
2020-07-03,15:13:04.241000,11889,11891,11889,1
2020-07-03,15:13:08.134000,11890,11891,11890,6
2020-07-03,15:13:09.472000,11889,11890,11890,1
2020-07-03,15:13:13.072000,11889,11890,11890,2
2020-07-03,15:13:13.987000,11889,11890,11890,1
2020-07-03,15:13:14.522000,11889,11890,11889,2
2020-07-03,15:13:14.522000,11889,11890,11889,1
2020-07-03,15:13:15.241000,11888,11889,11888,1
2020-07-03,15:13:16.355000,11888,11889,11889,2
2020-07-03,15:13:16.499000,11888,11889,11889,1
2020-07-03,15:13:26.016000,11889,11890,11889,1
2020-07-03,15:13:26.998000,11889,11890,11890,5
2020-07-03,15:13:26.998000,11889,11890,11890,2
2020-07-03,15:13:31.712000,11889,11890,11890,1
2020-07-03,15:13:37.110000,11889,11890,11890,13
2020-07-03,15:13:37.503000,11890,11891,11891,11
2020-07-03,15:13:38.035000,11891,11892,11891,5
2020-07-03,15:13:39.309000,11891,11892,11891,1
2020-07-03,15:13:39.352000,11891,11892,11891,1
2020-07-03,15:13:40.141000,11891,11892,11891,1
2020-07-03,15:13:41.051000,11891,11892,11892,6
2020-07-03,15:13:41.167000,11892,11893,11893,2
2020-07-03,15:13:41.167000,11892,11893,11893,2
2020-07-03,15:13:41.204000,11892,11893,11893,2
2020-07-03,15:13:41.296000,11892,11893,11893,1
2020-07-03,15:13:41.331000,11892,11893,11892,2
2020-07-03,15:13:41.338000,11892,11893,11893,1
2020-07-03,15:13:41.343000,11892,11893,11893,1
2020-07-03,15:13:41.346000,11892,11893,11893,1
2020-07-03,15:13:41.355000,11892,11893,11893,1
2020-07-03,15:13:41.361000,11892,11893,11893,1
2020-07-03,15:13:41.376000,11892,11893,11893,1
2020-07-03,15:13:41.380000,11892,11893,11893,3
2020-07-03,15:13:41.380000,11892,11893,11893,3
2020-07-03,15:13:41.382000,11892,11893,11894,1
2020-07-03,15:13:41.395000,11892,11894,11894,2
2020-07-03,15:13:41.397000,11892,11894,11894,3
2020-07-03,15:13:41.410000,11892,11894,11894,1
2020-07-03,15:13:41.422000,11892,11894,11894,2
2020-07-03,15:13:41.450000,11892,11894,11894,1
2020-07-03,15:13:41.468000,11892,11894,11894,2
2020-07-03,15:13:41.495000,11892,11894,11894,1
2020-07-03,15:13:41.524000,11893,11895,11894,2
2020-07-03,15:13:41.528000,11893,11895,11895,1
2020-07-03,15:13:41.570000,11893,11895,11895,2
2020-07-03,15:13:41.626000,11893,11895,11895,1
2020-07-03,15:13:41.626000,11893,11895,11895,1
2020-07-03,15:13:41.644000,11893,11895,11895,1
2020-07-03,15:13:41.666000,11893,11895,11895,1
2020-07-03,15:13:41.694000,11893,11895,11894,1
2020-07-03,15:13:41.694000,11893,11895,11895,1
2020-07-03,15:13:41.697000,11893,11895,11893,2
2020-07-03,15:13:41.730000,11893,11895,11895,1
2020-07-03,15:13:41.735000,11893,11895,11895,1
2020-07-03,15:13:41.739000,11893,11895,11895,2
2020-07-03,15:13:41.754000,11893,11895,11895,1
2020-07-03,15:13:41.759000,11893,11895,11893,2
2020-07-03,15:13:41.764000,11893,11895,11895,1
2020-07-03,15:13:41.771000,11893,11895,11893,3
2020-07-03,15:13:41.786000,11893,11895,11895,1
2020-07-03,15:13:41.790000,11893,11895,11894,2
2020-07-03,15:13:41.790000,11893,11895,11893,2
2020-07-03,15:13:41.802000,11893,11895,11893,1
2020-07-03,15:13:41.811000,11893,11895,11895,1
2020-07-03,15:13:41.812000,11893,11895,11893,1
2020-07-03,15:13:41.819000,11893,11895,11893,2
2020-07-03,15:13:41.832000,11893,11895,11895,1
2020-07-03,15:13:41.854000,11893,11895,11895,1
2020-07-03,15:13:41.916000,11894,11895,11894,1
2020-07-03,15:13:42.258000,11894,11895,11894,1
2020-07-03,15:13:42.271000,11894,11895,11895,1
2020-07-03,15:13:42.356000,11894,11895,11894,1
2020-07-03,15:13:42.456000,11894,11895,11894,1
2020-07-03,15:13:43.264000,11893,11895,11895,1
2020-07-03,15:13:43.313000,11893,11895,11895,1
2020-07-03,15:13:43.824000,11893,11895,11895,1
2020-07-03,15:13:43.873000,11893,11895,11895,2
2020-07-03,15:13:43.902000,11893,11895,11895,1
2020-07-03,15:13:44.354000,11893,11895,11895,1
2020-07-03,15:13:45.101000,11893,11895,11895,2
2020-07-03,15:13:45.235000,11893,11895,11893,1
2020-07-03,15:13:45.837000,11893,11895,11895,1
2020-07-03,15:13:47.368000,11893,11895,11895,1
2020-07-03,15:13:47.459000,11893,11895,11895,1
2020-07-03,15:13:47.787000,11893,11895,11893,1
2020-07-03,15:13:49.635000,11893,11895,11895,3
2020-07-03,15:13:53.393000,11893,11894,11894,1
2020-07-03,15:13:54.284000,11893,11894,11893,14
2020-07-03,15:13:55.479000,11891,11893,11891,1
2020-07-03,15:13:58.096000,11892,11894,11892,1
2020-07-03,15:14:00.411000,11893,11894,11894,1
2020-07-03,15:14:00.881000,11893,11894,11894,1
2020-07-03,15:14:00.900000,11893,11894,11894,1
2020-07-03,15:14:00.903000,11893,11894,11894,1
2020-07-03,15:14:00.909000,11893,11894,11894,1
2020-07-03,15:14:00.911000,11893,11894,11894,1
2020-07-03,15:14:00.911000,11893,11894,11894,1
2020-07-03,15:14:00.912000,11893,11894,11894,3
2020-07-03,15:14:00.915000,11893,11894,11894,1
2020-07-03,15:14:00.954000,11893,11894,11894,2
2020-07-03,15:14:00.954000,11893,11894,11894,1
2020-07-03,15:14:00.964000,11893,11894,11894,4
2020-07-03,15:14:00.964000,11893,11894,11894,1
2020-07-03,15:14:02.336000,11893,11894,11893,2
2020-07-03,15:14:02.992000,11893,11894,11893,1
2020-07-03,15:14:03.004000,11893,11894,11892,1
2020-07-03,15:14:03.049000,11892,11893,11893,1
2020-07-03,15:14:03.061000,11892,11893,11893,1
2020-07-03,15:14:03.087000,11892,11893,11893,1
2020-07-03,15:14:03.566000,11893,11894,11893,1
2020-07-03,15:14:06.450000,11892,11893,11893,1
2020-07-03,15:14:07.876000,11892,11893,11892,2
2020-07-03,15:14:10.746000,11891,11892,11892,10
2020-07-03,15:14:10.747000,11891,11892,11892,3
2020-07-03,15:14:12.201000,11891,11893,11892,1
2020-07-03,15:14:15.274000,11891,11892,11892,2
2020-07-03,15:14:16.195000,11891,11892,11892,1
2020-07-03,15:14:16.719000,11892,11893,11893,1
2020-07-03,15:14:18.807000,11892,11894,11892,1
2020-07-03,15:14:18.822000,11892,11894,11892,1
2020-07-03,15:14:18.890000,11892,11894,11893,1
2020-07-03,15:14:22.792000,11892,11894,11894,1
2020-07-03,15:14:25.959000,11893,11894,11893,1
2020-07-03,15:14:27.365000,11892,11893,11893,1
2020-07-03,15:14:27.580000,11892,11893,11893,1
2020-07-03,15:14:27.773000,11892,11893,11893,1
2020-07-03,15:14:28.019000,11892,11893,11893,1
2020-07-03,15:14:28.266000,11892,11894,11893,2
2020-07-03,15:14:28.292000,11892,11893,11893,1
2020-07-03,15:14:28.568000,11892,11894,11894,1
2020-07-03,15:14:29.942000,11893,11894,11894,1
2020-07-03,15:14:30.201000,11893,11894,11894,1
2020-07-03,15:14:30.483000,11893,11894,11894,1
2020-07-03,15:14:30.821000,11893,11894,11894,1
2020-07-03,15:14:31.392000,11893,11894,11893,1
2020-07-03,15:14:32.408000,11893,11894,11893,2
2020-07-03,15:14:33.477000,11893,11894,11893,1
2020-07-03,15:14:35.435000,11893,11894,11893,1
2020-07-03,15:14:36.731000,11893,11894,11894,1
2020-07-03,15:14:37.389000,11893,11894,11893,1
2020-07-03,15:14:37.870000,11893,11894,11894,1
2020-07-03,15:14:40.747000,11893,11894,11894,2
2020-07-03,15:14:41.592000,11893,11894,11893,1
2020-07-03,15:14:42.074000,11893,11894,11893,12
2020-07-03,15:14:43.378000,11893,11894,11893,1
2020-07-03,15:14:43.863000,11893,11894,11893,5
2020-07-03,15:14:44.120000,11892,11894,11893,4
2020-07-03,15:14:44.120000,11892,11894,11893,1
2020-07-03,15:14:44.120000,11892,11894,11893,1
2020-07-03,15:14:45.030000,11892,11893,11893,1
2020-07-03,15:14:45.160000,11892,11893,11892,7
2020-07-03,15:14:45.163000,11892,11893,11892,1
2020-07-03,15:14:45.469000,11891,11893,11891,1
2020-07-03,15:14:46.968000,11891,11892,11892,1
2020-07-03,15:14:46.969000,11891,11892,11892,2
2020-07-03,15:14:51.336000,11892,11893,11892,4
2020-07-03,15:14:51.468000,11891,11892,11892,1
2020-07-03,15:14:53.676000,11891,11892,11891,1
2020-07-03,15:14:54.240000,11891,11892,11892,1
2020-07-03,15:14:55.540000,11891,11892,11892,1
2020-07-03,15:14:58.525000,11891,11893,11893,1
2020-07-03,15:14:59.025000,11891,11893,11893,1
2020-07-03,15:15:00.237000,11891,11893,11893,1
2020-07-03,15:15:00.503000,11892,11893,11893,1
2020-07-03,15:15:00.514000,11892,11893,11893,1
2020-07-03,15:15:00.757000,11892,11893,11893,1
2020-07-03,15:15:00.798000,11892,11893,11893,1
2020-07-03,15:15:01.090000,11892,11893,11893,2
2020-07-03,15:15:01.090000,11892,11893,11893,1
2020-07-03,15:15:01.090000,11892,11893,11893,12
2020-07-03,15:15:01.095000,11892,11893,11893,5
2020-07-03,15:15:01.095000,11892,11893,11892,3
2020-07-03,15:15:01.181000,11892,11894,11892,1
2020-07-03,15:15:02.108000,11892,11893,11892,1
2020-07-03,15:15:02.641000,11892,11893,11893,1
2020-07-03,15:15:05.571000,11891,11893,11892,1
2020-07-03,15:15:05.572000,11891,11893,11892,1
2020-07-03,15:15:07.359000,11891,11892,11891,1
2020-07-03,15:15:08.758000,11891,11892,11891,13
2020-07-03,15:15:08.759000,11891,11892,11891,6
2020-07-03,15:15:08.759000,11891,11892,11891,2
2020-07-03,15:15:11.604000,11890,11891,11890,1
2020-07-03,15:15:12.522000,11890,11891,11890,1
2020-07-03,15:15:15.659000,11890,11891,11890,12
2020-07-03,15:15:15.660000,11890,11891,11890,1
2020-07-03,15:15:16.234000,11889,11890,11889,18
2020-07-03,15:15:16.234000,11889,11890,11889,3
2020-07-03,15:15:16.234000,11889,11890,11889,4
2020-07-03,15:15:16.486000,11888,11889,11889,1
2020-07-03,15:15:16.488000,11888,11889,11889,1
2020-07-03,15:15:17.288000,11888,11889,11888,5
2020-07-03,15:15:17.610000,11888,11889,11888,1
2020-07-03,15:15:17.709000,11888,11889,11888,1
2020-07-03,15:15:17.710000,11888,11889,11888,3
2020-07-03,15:15:17.710000,11888,11889,11888,3
2020-07-03,15:15:17.710000,11888,11889,11888,1
2020-07-03,15:15:17.807000,11887,11889,11887,1
2020-07-03,15:15:17.908000,11887,11889,11887,1
2020-07-03,15:15:18.009000,11887,11889,11887,1
2020-07-03,15:15:19.120000,11887,11888,11887,2
2020-07-03,15:15:21.647000,11887,11888,11888,2
2020-07-03,15:15:21.648000,11887,11888,11888,5
2020-07-03,15:15:21.691000,11887,11888,11888,1
2020-07-03,15:15:22.318000,11887,11889,11887,1
2020-07-03,15:15:25.051000,11887,11888,11888,1
2020-07-03,15:15:25.777000,11887,11889,11887,1
2020-07-03,15:15:27.042000,11887,11888,11887,12
2020-07-03,15:15:28.148000,11887,11888,11887,1
2020-07-03,15:15:29.058000,11886,11887,11887,1
2020-07-03,15:15:31.327000,11886,11887,11887,2
2020-07-03,15:15:32.065000,11886,11887,11887,1
2020-07-03,15:15:32.533000,11886,11887,11886,1
2020-07-03,15:15:33.427000,11886,11887,11886,1
2020-07-03,15:15:34.152000,11886,11887,11887,1
2020-07-03,15:15:39.436000,11886,11887,11887,5
2020-07-03,15:15:39.436000,11886,11887,11887,2
2020-07-03,15:15:39.436000,11886,11887,11887,2
2020-07-03,15:15:40.664000,11887,11888,11887,1
2020-07-03,15:15:41.171000,11887,11888,11888,5
2020-07-03,15:15:41.238000,11887,11888,11887,1
2020-07-03,15:15:41.304000,11887,11888,11887,1
2020-07-03,15:15:42.008000,11887,11888,11887,2
2020-07-03,15:15:44.461000,11886,11887,11887,1
2020-07-03,15:15:47.241000,11886,11887,11886,7
2020-07-03,15:15:48.288000,11886,11887,11886,7
2020-07-03,15:15:48.861000,11886,11887,11887,1
2020-07-03,15:15:48.907000,11886,11887,11886,1
2020-07-03,15:15:49.381000,11886,11887,11887,4
2020-07-03,15:15:49.381000,11886,11887,11887,4
2020-07-03,15:15:49.381000,11886,11887,11887,1
2020-07-03,15:15:50.340000,11887,11888,11887,1
2020-07-03,15:15:53.893000,11887,11888,11887,6
2020-07-03,15:15:53.894000,11887,11888,11887,1
2020-07-03,15:15:53.927000,11886,11888,11886,4
2020-07-03,15:15:54.221000,11886,11888,11886,1
2020-07-03,15:15:55.718000,11886,11887,11887,2
2020-07-03,15:15:56.024000,11887,11888,11887,1
2020-07-03,15:15:56.024000,11887,11888,11886,1
2020-07-03,15:15:56.589000,11887,11888,11887,1
2020-07-03,15:15:56.681000,11886,11888,11887,1
2020-07-03,15:15:56.964000,11886,11888,11888,1
2020-07-03,15:15:57.216000,11887,11888,11887,2
2020-07-03,15:15:57.319000,11887,11888,11888,1
2020-07-03,15:16:00.107000,11887,11888,11887,1
2020-07-03,15:16:00.399000,11887,11888,11888,2
2020-07-03,15:16:01.172000,11887,11888,11888,2
2020-07-03,15:16:01.830000,11887,11888,11888,1
2020-07-03,15:16:01.899000,11887,11888,11887,3
2020-07-03,15:16:01.906000,11887,11888,11886,1
2020-07-03,15:16:01.923000,11887,11888,11886,1
2020-07-03,15:16:01.924000,11887,11888,11886,3
2020-07-03,15:16:01.926000,11887,11888,11886,1
2020-07-03,15:16:01.930000,11887,11888,11886,1
2020-07-03,15:16:01.931000,11887,11888,11886,1
2020-07-03,15:16:01.933000,11887,11888,11886,2
2020-07-03,15:16:01.934000,11887,11888,11886,1
2020-07-03,15:16:01.935000,11887,11888,11886,1
2020-07-03,15:16:01.935000,11887,11888,11885,1
2020-07-03,15:16:01.936000,11887,11888,11885,1
2020-07-03,15:16:01.937000,11887,11888,11885,14
2020-07-03,15:16:01.941000,11887,11888,11885,3
2020-07-03,15:16:01.942000,11887,11888,11885,1
2020-07-03,15:16:01.945000,11887,11888,11885,1
2020-07-03,15:16:02.021000,11885,11886,11885,2
2020-07-03,15:16:02.022000,11885,11886,11885,1
2020-07-03,15:16:02.022000,11885,11886,11885,3
2020-07-03,15:16:02.893000,11886,11887,11886,1
2020-07-03,15:16:02.894000,11886,11887,11886,4
2020-07-03,15:16:04.173000,11886,11887,11887,1
2020-07-03,15:16:04.216000,11886,11887,11886,1
2020-07-03,15:16:06.784000,11884,11886,11886,1
2020-07-03,15:16:09.838000,11885,11886,11885,1
2020-07-03,15:16:12.558000,11884,11885,11885,1
2020-07-03,15:16:14.366000,11884,11886,11884,1
2020-07-03,15:16:14.405000,11884,11886,11884,3
2020-07-03,15:16:15.224000,11884,11885,11885,1
2020-07-03,15:16:15.691000,11884,11886,11884,5
2020-07-03,15:16:16.328000,11884,11886,11886,1
2020-07-03,15:16:17.732000,11884,11886,11884,1
2020-07-03,15:16:17.820000,11884,11885,11885,1
2020-07-03,15:16:17.915000,11885,11886,11885,1
2020-07-03,15:16:18.239000,11884,11886,11884,2
2020-07-03,15:16:18.273000,11884,11885,11885,1
2020-07-03,15:16:18.793000,11885,11886,11885,1
2020-07-03,15:16:19.057000,11885,11886,11885,1
2020-07-03,15:16:19.632000,11884,11886,11885,1
2020-07-03,15:16:20.180000,11885,11886,11886,1
2020-07-03,15:16:20.307000,11885,11886,11885,1
2020-07-03,15:16:22.981000,11884,11885,11885,1
2020-07-03,15:16:24.476000,11884,11885,11885,1
2020-07-03,15:16:27.480000,11884,11885,11884,5
2020-07-03,15:16:27.532000,11883,11884,11883,1
2020-07-03,15:16:30.458000,11883,11884,11883,1
2020-07-03,15:16:30.792000,11883,11884,11883,1
2020-07-03,15:16:30.906000,11883,11884,11883,1
2020-07-03,15:16:31.725000,11883,11884,11884,3
2020-07-03,15:16:33.525000,11883,11884,11883,3
2020-07-03,15:16:36.309000,11882,11883,11882,1
2020-07-03,15:16:36.453000,11882,11883,11882,1
2020-07-03,15:16:36.454000,11882,11883,11882,1
2020-07-03,15:16:36.545000,11882,11883,11882,1
2020-07-03,15:16:36.550000,11882,11883,11882,1
2020-07-03,15:16:36.732000,11882,11883,11882,1
2020-07-03,15:16:37.572000,11882,11883,11882,1
2020-07-03,15:16:39.783000,11882,11883,11882,1
2020-07-03,15:16:41.270000,11881,11882,11881,11
2020-07-03,15:16:42.094000,11881,11882,11881,1
2020-07-03,15:16:42.269000,11881,11882,11882,1
2020-07-03,15:16:42.402000,11881,11882,11881,1
2020-07-03,15:16:42.714000,11881,11882,11882,1
2020-07-03,15:16:43.716000,11881,11882,11881,1
2020-07-03,15:16:43.736000,11881,11882,11881,2
2020-07-03,15:16:45.272000,11881,11882,11882,2
2020-07-03,15:16:45.497000,11881,11882,11881,1
2020-07-03,15:16:45.962000,11881,11882,11881,1
2020-07-03,15:16:47.006000,11881,11882,11881,5
2020-07-03,15:16:47.006000,11881,11882,11880,7
2020-07-03,15:16:48.368000,11880,11881,11881,9
2020-07-03,15:16:49.255000,11881,11882,11881,1
2020-07-03,15:16:50.601000,11881,11882,11882,1
2020-07-03,15:16:52.830000,11881,11882,11882,1
2020-07-03,15:16:53.610000,11881,11882,11881,1
2020-07-03,15:16:53.835000,11881,11882,11881,1
2020-07-03,15:17:00.460000,11881,11882,11881,1
2020-07-03,15:17:00.820000,11881,11882,11882,1
2020-07-03,15:17:00.820000,11881,11882,11881,2
2020-07-03,15:17:01.819000,11881,11882,11881,1
2020-07-03,15:17:04.608000,11881,11882,11881,2
2020-07-03,15:17:05.803000,11880,11882,11880,1
2020-07-03,15:17:08.039000,11880,11881,11881,1
2020-07-03,15:17:08.671000,11881,11882,11881,1
2020-07-03,15:17:09.453000,11880,11881,11880,1
2020-07-03,15:17:10.065000,11880,11881,11881,1
2020-07-03,15:17:11.971000,11880,11881,11880,2
2020-07-03,15:17:12.401000,11880,11881,11881,1
2020-07-03,15:17:12.566000,11880,11881,11880,3
2020-07-03,15:17:13.504000,11880,11881,11881,1
2020-07-03,15:17:13.516000,11880,11881,11881,2
2020-07-03,15:17:13.943000,11880,11881,11880,17
2020-07-03,15:17:14.433000,11879,11880,11880,1
2020-07-03,15:17:14.510000,11879,11880,11880,1
2020-07-03,15:17:19.055000,11879,11880,11879,1
2020-07-03,15:17:19.501000,11879,11880,11880,2
2020-07-03,15:17:19.501000,11879,11880,11880,1
2020-07-03,15:17:19.501000,11879,11880,11880,2
2020-07-03,15:17:19.501000,11879,11880,11880,9
2020-07-03,15:17:19.501000,11879,11880,11880,2
2020-07-03,15:17:24.286000,11880,11881,11880,3
2020-07-03,15:17:25.724000,11880,11881,11880,1
2020-07-03,15:17:28.121000,11879,11880,11879,1
2020-07-03,15:17:28.401000,11880,11881,11881,1
2020-07-03,15:17:30.350000,11880,11881,11880,1
2020-07-03,15:17:31.292000,11880,11881,11881,6
2020-07-03,15:17:32.546000,11881,11882,11882,1
2020-07-03,15:17:34.565000,11881,11882,11882,1
2020-07-03,15:17:36.631000,11881,11883,11882,1
2020-07-03,15:17:38.208000,11882,11883,11883,1
2020-07-03,15:17:38.208000,11882,11883,11883,2
2020-07-03,15:17:39.534000,11882,11884,11884,1
2020-07-03,15:17:39.768000,11882,11884,11884,1
2020-07-03,15:17:50.479000,11883,11885,11883,1
2020-07-03,15:17:57.624000,11883,11884,11884,1
2020-07-03,15:17:58.098000,11883,11884,11883,9
2020-07-03,15:17:58.551000,11882,11883,11883,1
2020-07-03,15:17:59.893000,11882,11883,11883,1
2020-07-03,15:18:00.906000,11882,11883,11883,1
2020-07-03,15:18:02.820000,11883,11884,11884,1
2020-07-03,15:18:09.001000,11883,11885,11883,3
2020-07-03,15:18:09.146000,11883,11884,11884,1
2020-07-03,15:18:09.453000,11883,11884,11884,3
2020-07-03,15:18:12.818000,11883,11884,11884,1
2020-07-03,15:18:12.993000,11883,11884,11884,2
2020-07-03,15:18:12.999000,11883,11884,11885,1
2020-07-03,15:18:13.009000,11883,11884,11885,7
2020-07-03,15:18:13.009000,11883,11884,11885,3
2020-07-03,15:18:13.022000,11885,11886,11886,3
2020-07-03,15:18:13.033000,11885,11886,11886,1
2020-07-03,15:18:13.033000,11885,11886,11886,1
2020-07-03,15:18:13.033000,11885,11886,11886,1
2020-07-03,15:18:13.033000,11885,11886,11886,1
2020-07-03,15:18:13.033000,11885,11886,11886,2
2020-07-03,15:18:13.033000,11885,11886,11886,1
2020-07-03,15:18:13.033000,11885,11886,11886,1
2020-07-03,15:18:13.034000,11885,11886,11887,1
2020-07-03,15:18:13.042000,11885,11886,11886,2
2020-07-03,15:18:13.559000,11886,11887,11886,1
2020-07-03,15:18:13.630000,11886,11887,11886,1
2020-07-03,15:18:14.575000,11886,11887,11886,1
2020-07-03,15:18:15.805000,11886,11887,11887,1
2020-07-03,15:18:16.255000,11886,11887,11887,1
2020-07-03,15:18:16.606000,11886,11887,11887,1
2020-07-03,15:18:16.606000,11886,11887,11887,1
2020-07-03,15:18:16.681000,11886,11887,11887,1
2020-07-03,15:18:16.986000,11886,11887,11887,1
2020-07-03,15:18:17.096000,11886,11887,11887,1
2020-07-03,15:18:17.231000,11886,11887,11887,1
2020-07-03,15:18:17.503000,11886,11887,11887,1
2020-07-03,15:18:17.802000,11886,11887,11887,1
2020-07-03,15:18:17.996000,11886,11887,11887,3
2020-07-03,15:18:18.119000,11886,11887,11887,1
2020-07-03,15:18:18.535000,11886,11887,11887,1
2020-07-03,15:18:20.844000,11886,11887,11887,1
2020-07-03,15:18:25.293000,11886,11887,11887,2
2020-07-03,15:18:25.328000,11886,11887,11887,1
2020-07-03,15:18:29.357000,11887,11888,11888,6
2020-07-03,15:18:30.635000,11887,11888,11888,1
2020-07-03,15:18:30.799000,11887,11889,11889,2
2020-07-03,15:18:31.383000,11888,11889,11888,1
2020-07-03,15:18:31.712000,11887,11888,11888,1
2020-07-03,15:18:35.650000,11887,11888,11888,1
2020-07-03,15:18:36.013000,11887,11888,11887,4
2020-07-03,15:18:36.013000,11887,11888,11887,4
2020-07-03,15:18:38.455000,11886,11887,11887,1
2020-07-03,15:18:40.803000,11886,11887,11886,1
2020-07-03,15:18:48.197000,11886,11887,11887,1
2020-07-03,15:18:48.834000,11886,11887,11886,1
2020-07-03,15:19:04.912000,11886,11887,11887,1
2020-07-03,15:19:05.507000,11886,11887,11886,2
2020-07-03,15:19:05.507000,11886,11887,11886,7
2020-07-03,15:19:05.546000,11885,11886,11885,1
2020-07-03,15:19:05.566000,11885,11886,11885,1
2020-07-03,15:19:06.767000,11885,11886,11885,4
2020-07-03,15:19:06.767000,11885,11886,11885,2
2020-07-03,15:19:09.922000,11884,11885,11884,3
2020-07-03,15:19:10.055000,11884,11885,11885,1
2020-07-03,15:19:12.643000,11884,11885,11884,1
2020-07-03,15:19:13.041000,11884,11885,11885,1
2020-07-03,15:19:13.134000,11884,11885,11884,3
2020-07-03,15:19:14.305000,11884,11885,11885,5
2020-07-03,15:19:25.635000,11884,11885,11885,1
2020-07-03,15:19:30.382000,11884,11885,11885,2
2020-07-03,15:19:30.383000,11884,11885,11885,1
2020-07-03,15:19:30.383000,11884,11885,11885,3
2020-07-03,15:19:34.654000,11885,11886,11886,1
2020-07-03,15:19:36.306000,11885,11887,11885,1
2020-07-03,15:19:46.194000,11885,11886,11886,3
2020-07-03,15:19:50.324000,11885,11886,11886,1
2020-07-03,15:19:53.241000,11885,11886,11886,1
2020-07-03,15:20:01.460000,11885,11886,11886,1
2020-07-03,15:20:01.989000,11885,11887,11887,2
2020-07-03,15:20:02.233000,11885,11887,11886,1
2020-07-03,15:20:10.995000,11886,11888,11886,1
2020-07-03,15:20:13.634000,11886,11887,11886,1
2020-07-03,15:20:15.380000,11886,11887,11886,1
2020-07-03,15:20:16.628000,11886,11888,11886,1
2020-07-03,15:20:19.479000,11886,11888,11888,4
2020-07-03,15:20:19.776000,11886,11888,11888,1
2020-07-03,15:20:24.434000,11887,11888,11887,2
2020-07-03,15:20:27.324000,11887,11888,11887,1
2020-07-03,15:20:31.810000,11886,11887,11887,1
2020-07-03,15:20:32.123000,11886,11888,11886,4
2020-07-03,15:20:35.164000,11885,11886,11886,1
2020-07-03,15:20:40.548000,11885,11886,11885,8
2020-07-03,15:20:40.750000,11885,11886,11885,1
2020-07-03,15:20:41.525000,11884,11885,11885,2
2020-07-03,15:20:48.297000,11885,11886,11886,1
2020-07-03,15:20:50.573000,11885,11886,11885,1
2020-07-03,15:20:55.791000,11885,11886,11886,1
2020-07-03,15:21:07.684000,11884,11886,11884,10
2020-07-03,15:21:09.043000,11884,11885,11885,8
2020-07-03,15:21:12.952000,11884,11885,11884,3
2020-07-03,15:21:21.407000,11884,11885,11885,1
2020-07-03,15:21:24.713000,11884,11885,11884,4
2020-07-03,15:21:26.213000,11883,11884,11883,1
2020-07-03,15:21:26.249000,11883,11884,11884,1
2020-07-03,15:21:26.502000,11883,11884,11883,1
2020-07-03,15:21:28.559000,11883,11884,11883,1
2020-07-03,15:21:29.029000,11883,11884,11884,1
2020-07-03,15:21:32.490000,11882,11883,11883,1
2020-07-03,15:21:33.284000,11882,11883,11883,1
2020-07-03,15:21:36.819000,11882,11883,11883,1
2020-07-03,15:21:38.105000,11882,11883,11882,1
2020-07-03,15:21:41.299000,11882,11883,11882,1
2020-07-03,15:21:41.779000,11882,11883,11883,2
2020-07-03,15:21:41.780000,11882,11883,11883,3
2020-07-03,15:21:44.672000,11883,11884,11883,2
2020-07-03,15:21:44.953000,11883,11884,11883,1
2020-07-03,15:21:49.381000,11883,11884,11883,2
2020-07-03,15:21:55.747000,11883,11884,11884,1
2020-07-03,15:21:56.688000,11883,11884,11883,1
2020-07-03,15:22:02.278000,11883,11884,11883,1
2020-07-03,15:22:03.335000,11883,11884,11883,1
2020-07-03,15:22:05.977000,11883,11884,11883,1
2020-07-03,15:22:05.978000,11883,11884,11883,1
2020-07-03,15:22:12.840000,11882,11883,11883,1
2020-07-03,15:22:17.590000,11882,11883,11882,1
2020-07-03,15:22:18.128000,11882,11883,11883,1
2020-07-03,15:22:26.678000,11882,11883,11882,1
2020-07-03,15:22:27.336000,11882,11883,11882,1
2020-07-03,15:22:28.984000,11882,11883,11882,6
2020-07-03,15:22:28.985000,11882,11883,11882,4
2020-07-03,15:22:30.139000,11881,11882,11882,1
2020-07-03,15:22:30.229000,11881,11882,11881,1
2020-07-03,15:22:30.393000,11881,11882,11881,1
2020-07-03,15:22:33.101000,11881,11882,11881,1
2020-07-03,15:22:39.435000,11881,11882,11881,1
2020-07-03,15:22:41.975000,11881,11882,11881,1
2020-07-03,15:22:46.654000,11881,11882,11881,2
2020-07-03,15:22:52.686000,11881,11882,11881,1
2020-07-03,15:22:53.731000,11881,11882,11882,1
2020-07-03,15:23:00.367000,11881,11882,11882,1
2020-07-03,15:23:01.624000,11881,11882,11881,5
2020-07-03,15:23:02.178000,11880,11881,11880,7
2020-07-03,15:23:02.352000,11880,11881,11880,1
2020-07-03,15:23:03.672000,11880,11881,11880,1
2020-07-03,15:23:03.672000,11880,11881,11880,1
2020-07-03,15:23:03.672000,11880,11881,11880,5
2020-07-03,15:23:03.673000,11880,11881,11880,3
2020-07-03,15:23:05.280000,11879,11881,11879,2
2020-07-03,15:23:06.817000,11880,11881,11880,1
2020-07-03,15:23:06.850000,11880,11881,11880,1
2020-07-03,15:23:10.079000,11880,11881,11880,1
2020-07-03,15:23:10.088000,11880,11881,11880,3
2020-07-03,15:23:11.511000,11879,11880,11879,1
2020-07-03,15:23:11.870000,11879,11880,11880,2
2020-07-03,15:23:13.174000,11879,11880,11880,1
2020-07-03,15:23:14.009000,11879,11880,11880,1
2020-07-03,15:23:15.364000,11879,11880,11879,1
2020-07-03,15:23:21.056000,11879,11880,11880,1
2020-07-03,15:23:21.826000,11879,11880,11879,1
2020-07-03,15:23:22.004000,11879,11880,11879,3
2020-07-03,15:23:22.276000,11879,11880,11880,2
2020-07-03,15:23:23.519000,11879,11880,11879,1
2020-07-03,15:23:24.821000,11879,11880,11879,1
2020-07-03,15:23:26.577000,11879,11880,11879,1
2020-07-03,15:23:26.577000,11879,11880,11879,1
2020-07-03,15:23:28.398000,11878,11879,11879,3
2020-07-03,15:23:28.897000,11879,11880,11879,1
2020-07-03,15:23:28.897000,11879,11880,11879,6
2020-07-03,15:23:32.044000,11878,11879,11879,3
2020-07-03,15:23:35.368000,11878,11879,11878,1
2020-07-03,15:23:35.597000,11878,11879,11879,1
2020-07-03,15:23:39.256000,11878,11879,11878,2
2020-07-03,15:23:40.693000,11878,11879,11878,1
2020-07-03,15:23:40.749000,11878,11879,11878,1
2020-07-03,15:23:40.762000,11878,11879,11878,1
2020-07-03,15:23:41.848000,11878,11879,11879,10
2020-07-03,15:23:43.549000,11878,11879,11878,1
2020-07-03,15:23:47.147000,11878,11879,11878,1
2020-07-03,15:23:48.141000,11878,11879,11879,1
2020-07-03,15:23:48.750000,11878,11879,11878,1
2020-07-03,15:23:50.270000,11878,11879,11878,1
2020-07-03,15:23:51.175000,11878,11879,11879,3
2020-07-03,15:23:51.299000,11879,11880,11880,1
2020-07-03,15:23:54.408000,11879,11880,11879,1
2020-07-03,15:23:57.843000,11878,11879,11879,1
2020-07-03,15:24:02.259000,11878,11879,11879,1
2020-07-03,15:24:02.450000,11878,11879,11878,5
2020-07-03,15:24:02.631000,11878,11879,11879,1
2020-07-03,15:24:02.688000,11878,11880,11880,1
2020-07-03,15:24:04.099000,11878,11880,11880,5
2020-07-03,15:24:06.686000,11879,11880,11879,2
2020-07-03,15:24:06.826000,11879,11880,11879,2
2020-07-03,15:24:06.826000,11879,11880,11878,3
2020-07-03,15:24:07.509000,11878,11880,11878,5
2020-07-03,15:24:07.642000,11878,11880,11879,1
2020-07-03,15:24:08.599000,11878,11880,11878,5
2020-07-03,15:24:09.009000,11878,11880,11880,1
2020-07-03,15:24:10.718000,11878,11879,11878,1
2020-07-03,15:24:11.653000,11878,11879,11879,1
2020-07-03,15:24:14.519000,11878,11879,11878,1
2020-07-03,15:24:16.417000,11878,11879,11878,4
2020-07-03,15:24:18.029000,11878,11879,11878,1
2020-07-03,15:24:18.421000,11878,11879,11878,1
2020-07-03,15:24:18.422000,11878,11879,11878,5
2020-07-03,15:24:22.063000,11877,11878,11877,1
2020-07-03,15:24:22.308000,11877,11878,11877,18
2020-07-03,15:24:22.308000,11877,11878,11877,1
2020-07-03,15:24:22.320000,11877,11878,11877,1
2020-07-03,15:24:22.321000,11877,11878,11877,9
2020-07-03,15:24:22.521000,11877,11878,11877,1
2020-07-03,15:24:22.542000,11877,11878,11877,1
2020-07-03,15:24:22.542000,11877,11878,11876,1
2020-07-03,15:24:22.693000,11876,11878,11876,4
2020-07-03,15:24:23.427000,11876,11877,11877,1
2020-07-03,15:24:23.753000,11877,11878,11877,1
2020-07-03,15:24:24.092000,11877,11878,11878,1
2020-07-03,15:24:25.172000,11877,11879,11877,1
2020-07-03,15:24:27.525000,11876,11877,11877,1
2020-07-03,15:24:33.315000,11877,11878,11878,4
2020-07-03,15:24:39.028000,11878,11879,11878,1
2020-07-03,15:24:42.400000,11878,11879,11879,1
2020-07-03,15:24:48.299000,11878,11879,11879,1
2020-07-03,15:24:51.158000,11878,11879,11879,8
2020-07-03,15:24:54.848000,11879,11880,11879,1
2020-07-03,15:25:01.089000,11879,11880,11880,8
2020-07-03,15:25:01.994000,11880,11881,11881,1
2020-07-03,15:25:01.995000,11880,11881,11881,10
2020-07-03,15:25:01.995000,11880,11881,11881,3
2020-07-03,15:25:01.995000,11880,11881,11881,1
2020-07-03,15:25:01.995000,11880,11881,11881,8
2020-07-03,15:25:04.413000,11880,11881,11881,2
2020-07-03,15:25:10.939000,11880,11881,11881,1
2020-07-03,15:25:15.743000,11881,11882,11882,1
2020-07-03,15:25:16.228000,11881,11882,11882,4
2020-07-03,15:25:16.228000,11881,11882,11882,8
2020-07-03,15:25:18.240000,11881,11883,11883,1
2020-07-03,15:25:18.282000,11882,11883,11883,1
2020-07-03,15:25:19.770000,11882,11883,11883,2
2020-07-03,15:25:20.453000,11881,11883,11883,1
2020-07-03,15:25:20.902000,11882,11883,11883,1
2020-07-03,15:25:20.943000,11882,11883,11882,2
2020-07-03,15:25:21.639000,11881,11882,11882,1
2020-07-03,15:25:22.366000,11881,11882,11882,1
2020-07-03,15:25:22.512000,11881,11882,11882,1
2020-07-03,15:25:26.738000,11882,11883,11882,1
2020-07-03,15:25:28.596000,11882,11883,11882,3
2020-07-03,15:25:28.834000,11881,11882,11882,1
2020-07-03,15:25:28.880000,11881,11882,11882,1
2020-07-03,15:25:29.174000,11881,11882,11882,2
2020-07-03,15:25:35.174000,11882,11883,11882,1
2020-07-03,15:25:40.788000,11881,11882,11881,14
2020-07-03,15:25:40.788000,11881,11882,11880,1
2020-07-03,15:25:42.738000,11880,11882,11880,1
2020-07-03,15:25:57.537000,11881,11882,11881,1
2020-07-03,15:26:02.134000,11881,11882,11881,1
2020-07-03,15:26:02.318000,11881,11882,11881,1
2020-07-03,15:26:02.508000,11881,11882,11881,1
2020-07-03,15:26:02.823000,11880,11881,11881,1
2020-07-03,15:26:03.700000,11880,11881,11881,2
2020-07-03,15:26:11.824000,11882,11883,11883,3
2020-07-03,15:26:13.262000,11882,11883,11883,2
2020-07-03,15:26:13.946000,11883,11884,11884,1
2020-07-03,15:26:15.886000,11883,11884,11883,4
2020-07-03,15:26:16.072000,11883,11884,11884,1
2020-07-03,15:26:16.796000,11883,11884,11884,1
2020-07-03,15:26:17.098000,11883,11884,11884,1
2020-07-03,15:26:17.868000,11883,11884,11884,1
2020-07-03,15:26:23.381000,11883,11884,11884,6
2020-07-03,15:26:25.628000,11883,11884,11884,4
2020-07-03,15:26:31.525000,11883,11884,11884,4
2020-07-03,15:26:34.081000,11883,11884,11883,2
2020-07-03,15:26:34.082000,11883,11884,11883,5
2020-07-03,15:26:34.082000,11883,11884,11883,1
2020-07-03,15:26:37.614000,11883,11884,11884,1
2020-07-03,15:26:40.226000,11883,11884,11884,1
2020-07-03,15:26:41.235000,11883,11884,11884,1
2020-07-03,15:26:50.215000,11884,11885,11885,1
2020-07-03,15:26:50.590000,11884,11885,11884,1
2020-07-03,15:26:57.309000,11883,11884,11884,1
2020-07-03,15:26:59.465000,11883,11884,11884,1
2020-07-03,15:27:06.059000,11883,11884,11884,1
2020-07-03,15:27:07.288000,11884,11885,11885,8
2020-07-03,15:27:12.068000,11884,11885,11885,1
2020-07-03,15:27:15.183000,11884,11885,11885,1
2020-07-03,15:27:15.183000,11884,11885,11885,2
2020-07-03,15:27:15.184000,11884,11885,11885,1
2020-07-03,15:27:18.430000,11885,11886,11885,1
2020-07-03,15:27:20.406000,11884,11885,11884,1
2020-07-03,15:27:23.949000,11884,11885,11884,1
2020-07-03,15:27:23.949000,11884,11885,11884,1
2020-07-03,15:27:24.307000,11883,11884,11884,1
2020-07-03,15:27:34.158000,11883,11884,11883,4
2020-07-03,15:27:34.158000,11883,11884,11883,1
2020-07-03,15:27:34.159000,11883,11884,11883,1
2020-07-03,15:28:01.895000,11882,11883,11882,1
2020-07-03,15:28:02.217000,11882,11883,11883,1
2020-07-03,15:28:02.318000,11882,11883,11883,1
2020-07-03,15:28:02.442000,11883,11884,11884,2
2020-07-03,15:28:02.456000,11883,11884,11884,2
2020-07-03,15:28:02.459000,11883,11884,11884,3
2020-07-03,15:28:02.459000,11883,11884,11885,1
2020-07-03,15:28:02.464000,11883,11884,11885,3
2020-07-03,15:28:02.476000,11883,11884,11885,1
2020-07-03,15:28:02.487000,11883,11884,11885,1
2020-07-03,15:28:02.511000,11883,11884,11885,2
2020-07-03,15:28:02.546000,11884,11885,11885,2
2020-07-03,15:28:02.550000,11884,11885,11885,1
2020-07-03,15:28:02.560000,11884,11885,11885,1
2020-07-03,15:28:02.568000,11884,11885,11885,1
2020-07-03,15:28:02.637000,11884,11885,11885,4
2020-07-03,15:28:02.658000,11884,11885,11885,1
2020-07-03,15:28:02.658000,11884,11885,11886,2
2020-07-03,15:28:02.669000,11884,11885,11886,1
2020-07-03,15:28:02.679000,11884,11885,11886,1
2020-07-03,15:28:02.697000,11884,11885,11886,1
2020-07-03,15:28:02.700000,11884,11885,11886,1
2020-07-03,15:28:02.746000,11884,11885,11886,1
2020-07-03,15:28:02.752000,11884,11885,11886,3
2020-07-03,15:28:03.170000,11885,11886,11885,7
2020-07-03,15:28:03.170000,11885,11886,11884,3
2020-07-03,15:28:03.848000,11884,11886,11886,1
2020-07-03,15:28:03.848000,11884,11886,11886,2
2020-07-03,15:28:07.962000,11884,11886,11886,1
2020-07-03,15:28:08.132000,11885,11886,11886,2
2020-07-03,15:28:13.557000,11883,11885,11884,1
2020-07-03,15:28:14.779000,11883,11884,11884,1
2020-07-03,15:28:17.140000,11884,11885,11884,1
2020-07-03,15:28:17.979000,11883,11884,11884,1
2020-07-03,15:28:17.979000,11883,11884,11884,1
2020-07-03,15:28:27.294000,11883,11884,11884,1
2020-07-03,15:28:29.284000,11883,11884,11884,1
2020-07-03,15:28:47.540000,11883,11884,11884,1
2020-07-03,15:28:48.469000,11883,11884,11883,1
2020-07-03,15:28:56.337000,11883,11884,11884,1
2020-07-03,15:29:02.580000,11883,11884,11884,5
2020-07-03,15:29:17.818000,11884,11885,11885,3
2020-07-03,15:29:20.936000,11884,11885,11885,1
2020-07-03,15:29:38.586000,11884,11885,11885,1
2020-07-03,15:29:44.552000,11884,11885,11885,3
2020-07-03,15:29:45.499000,11884,11885,11885,1
2020-07-03,15:29:46.387000,11884,11885,11885,1
2020-07-03,15:29:48.291000,11884,11885,11885,1
2020-07-03,15:29:49.981000,11884,11885,11885,1
2020-07-03,15:29:52.238000,11884,11885,11885,1
2020-07-03,15:29:55.496000,11884,11885,11885,3
2020-07-03,15:30:03.551000,11884,11885,11885,2
2020-07-03,15:30:03.972000,11884,11885,11885,1
2020-07-03,15:30:04.019000,11884,11885,11885,1
2020-07-03,15:30:04.019000,11884,11885,11886,1
2020-07-03,15:30:04.181000,11884,11886,11886,1
2020-07-03,15:30:04.212000,11884,11886,11886,1
2020-07-03,15:30:04.234000,11884,11886,11886,2
2020-07-03,15:30:04.263000,11884,11886,11886,1
2020-07-03,15:30:04.329000,11885,11886,11886,2
2020-07-03,15:30:04.370000,11885,11886,11886,2
2020-07-03,15:30:04.425000,11884,11886,11885,2
2020-07-03,15:30:04.475000,11884,11886,11884,1
2020-07-03,15:30:04.518000,11884,11886,11886,1
2020-07-03,15:30:12.282000,11886,11887,11886,1
2020-07-03,15:30:25.269000,11884,11886,11886,1
2020-07-03,15:30:26.649000,11884,11886,11885,1
2020-07-03,15:30:26.742000,11884,11886,11885,1
2020-07-03,15:30:28.847000,11884,11885,11884,1
2020-07-03,15:30:28.847000,11884,11885,11884,5
2020-07-03,15:30:28.847000,11884,11885,11884,3
2020-07-03,15:30:30.879000,11883,11884,11883,3
2020-07-03,15:30:37.154000,11883,11884,11883,8
2020-07-03,15:30:41.604000,11882,11883,11882,2
2020-07-03,15:30:43.520000,11882,11883,11882,1
2020-07-03,15:30:47.827000,11882,11883,11882,1
2020-07-03,15:30:53.131000,11882,11883,11882,2
2020-07-03,15:31:02.446000,11882,11883,11882,1
2020-07-03,15:31:03.019000,11882,11883,11882,1
2020-07-03,15:31:04.222000,11882,11883,11882,1
2020-07-03,15:31:05.230000,11882,11883,11882,1
2020-07-03,15:31:07.354000,11882,11883,11883,2
2020-07-03,15:31:12.408000,11883,11884,11883,2
2020-07-03,15:31:15.909000,11883,11884,11883,1
2020-07-03,15:31:17.558000,11883,11884,11884,2
2020-07-03,15:31:18.239000,11883,11884,11883,3
2020-07-03,15:31:18.528000,11883,11884,11883,2
2020-07-03,15:31:24.511000,11883,11884,11884,4
2020-07-03,15:31:24.511000,11883,11884,11884,1
2020-07-03,15:31:25.058000,11884,11885,11884,1
2020-07-03,15:31:32.692000,11884,11885,11884,1
2020-07-03,15:31:45.248000,11883,11884,11883,1
2020-07-03,15:31:48.244000,11883,11884,11883,1
2020-07-03,15:31:53.429000,11882,11883,11882,1
2020-07-03,15:31:56.050000,11882,11883,11883,1
2020-07-03,15:32:02.351000,11882,11883,11882,1
2020-07-03,15:32:05.949000,11882,11883,11882,2
2020-07-03,15:32:05.950000,11882,11883,11882,5
2020-07-03,15:32:05.950000,11882,11883,11882,4
2020-07-03,15:32:05.950000,11882,11883,11882,25
2020-07-03,15:32:06.368000,11881,11882,11881,2
2020-07-03,15:32:07.275000,11881,11882,11882,1
2020-07-03,15:32:10.189000,11881,11882,11882,2
2020-07-03,15:32:11.604000,11881,11882,11881,5
2020-07-03,15:32:12.002000,11881,11882,11881,1
2020-07-03,15:32:12.893000,11880,11882,11880,1
2020-07-03,15:32:14.670000,11880,11881,11881,1
2020-07-03,15:32:14.670000,11880,11881,11882,4
2020-07-03,15:32:16.301000,11880,11881,11880,1
2020-07-03,15:32:17.491000,11880,11881,11880,3
2020-07-03,15:32:17.491000,11880,11881,11880,8
2020-07-03,15:32:22.837000,11879,11880,11880,1
2020-07-03,15:32:24.850000,11879,11880,11879,4
2020-07-03,15:32:24.874000,11879,11880,11879,2
2020-07-03,15:32:24.896000,11878,11879,11879,1
2020-07-03,15:32:29.815000,11879,11880,11879,1
2020-07-03,15:32:29.816000,11879,11880,11879,2
2020-07-03,15:32:33.445000,11878,11880,11880,1
2020-07-03,15:32:34.174000,11879,11880,11879,1
2020-07-03,15:32:34.539000,11878,11880,11878,1
2020-07-03,15:32:43.896000,11878,11880,11880,2
2020-07-03,15:32:48.580000,11878,11880,11878,1
2020-07-03,15:32:55.109000,11879,11880,11880,4
2020-07-03,15:32:56.450000,11880,11881,11880,1
2020-07-03,15:32:58.629000,11880,11881,11880,1
2020-07-03,15:32:59.443000,11880,11881,11880,1
2020-07-03,15:33:01.963000,11880,11881,11880,1
2020-07-03,15:33:02.710000,11880,11881,11880,1
2020-07-03,15:33:05.804000,11878,11880,11880,1
2020-07-03,15:33:09.682000,11878,11879,11879,3
2020-07-03,15:33:09.759000,11878,11879,11879,1
2020-07-03,15:33:10.465000,11878,11879,11879,2
2020-07-03,15:33:11.103000,11878,11880,11880,5
2020-07-03,15:33:13.172000,11879,11880,11879,1
2020-07-03,15:33:17.265000,11879,11880,11880,2
2020-07-03,15:33:17.265000,11879,11880,11880,3
2020-07-03,15:33:20.155000,11880,11881,11880,1
2020-07-03,15:33:21.952000,11880,11881,11881,2
2020-07-03,15:33:21.952000,11880,11881,11881,1
