2019-05-24,15:00:00,10344,10345,10351,114
2019-05-24,15:00:00,10350,10351,10351,1
2019-05-24,15:00:00,10350,10351,10351,1
2019-05-24,15:00:00,10350,10351,10351,1
2019-05-24,15:00:00,10350,10351,10351,1
2019-05-24,15:00:00,10350,10351,10351,1
2019-05-24,15:00:00,10350,10351,10351,1
2019-05-24,15:00:00,10350,10351,10351,1
2019-05-24,15:00:00,10350,10351,10351,1
2019-05-24,15:00:00,10350,10351,10351,2
2019-05-24,15:00:00,10350,10351,10352,2
2019-05-24,15:00:00,10350,10352,10351,1
2019-05-24,15:00:00,10350,10352,10352,1
2019-05-24,15:00:00,10350,10352,10352,3
2019-05-24,15:00:00,10351,10353,10353,2
2019-05-24,15:00:00,10351,10353,10353,3
2019-05-24,15:00:00,10351,10353,10353,1
2019-05-24,15:00:00,10351,10353,10351,1
2019-05-24,15:00:00,10351,10353,10353,2
2019-05-24,15:00:00,10351,10353,10353,2
2019-05-24,15:00:00,10351,10353,10353,1
2019-05-24,15:00:00,10351,10353,10351,1
2019-05-24,15:00:00,10351,10353,10353,2
2019-05-24,15:00:01,10351,10353,10353,2
2019-05-24,15:00:01,10351,10353,10353,2
2019-05-24,15:00:01,10352,10353,10353,1
2019-05-24,15:00:01,10352,10354,10354,2
2019-05-24,15:00:01,10352,10354,10354,1
2019-05-24,15:00:01,10352,10354,10353,1
2019-05-24,15:00:02,10353,10354,10354,6
2019-05-24,15:00:02,10353,10354,10354,1
2019-05-24,15:00:03,10354,10355,10355,2
2019-05-24,15:00:03,10354,10355,10355,3
2019-05-24,15:00:03,10354,10355,10355,9
2019-05-24,15:00:03,10354,10355,10355,1
2019-05-24,15:00:03,10354,10355,10355,2
2019-05-24,15:00:03,10354,10355,10356,1
2019-05-24,15:00:03,10355,10356,10356,1
2019-05-24,15:00:03,10355,10356,10356,1
2019-05-24,15:00:04,10355,10356,10356,2
2019-05-24,15:00:04,10356,10357,10357,2
2019-05-24,15:00:04,10356,10357,10357,1
2019-05-24,15:00:04,10356,10357,10357,6
2019-05-24,15:00:04,10356,10358,10357,1
2019-05-24,15:00:04,10357,10358,10357,1
2019-05-24,15:00:05,10356,10357,10356,2
2019-05-24,15:00:06,10355,10357,10355,1
2019-05-24,15:00:06,10355,10357,10357,2
2019-05-24,15:00:06,10355,10357,10357,1
2019-05-24,15:00:06,10355,10356,10355,1
2019-05-24,15:00:08,10355,10356,10355,1
2019-05-24,15:00:08,10354,10355,10355,1
2019-05-24,15:00:08,10354,10355,10355,1
2019-05-24,15:00:08,10354,10355,10355,1
2019-05-24,15:00:10,10354,10355,10355,1
2019-05-24,15:00:10,10354,10355,10355,1
2019-05-24,15:00:11,10354,10355,10354,1
2019-05-24,15:00:12,10354,10355,10354,2
2019-05-24,15:00:12,10354,10355,10355,1
2019-05-24,15:00:12,10354,10355,10355,1
2019-05-24,15:00:12,10354,10355,10354,1
2019-05-24,15:00:14,10354,10355,10355,2
2019-05-24,15:00:14,10354,10355,10355,2
2019-05-24,15:00:14,10354,10355,10355,4
2019-05-24,15:00:14,10355,10356,10355,3
2019-05-24,15:00:15,10355,10356,10356,1
2019-05-24,15:00:15,10355,10356,10356,2
2019-05-24,15:00:15,10355,10356,10356,2
2019-05-24,15:00:15,10355,10357,10356,2
2019-05-24,15:00:15,10356,10357,10356,1
2019-05-24,15:00:16,10356,10357,10356,1
2019-05-24,15:00:16,10356,10357,10356,1
2019-05-24,15:00:16,10356,10357,10357,5
2019-05-24,15:00:16,10356,10357,10357,1
2019-05-24,15:00:16,10356,10358,10356,1
2019-05-24,15:00:17,10356,10358,10356,9
2019-05-24,15:00:17,10356,10357,10356,1
2019-05-24,15:00:18,10356,10357,10357,1
2019-05-24,15:00:19,10356,10357,10357,5
2019-05-24,15:00:20,10357,10358,10358,1
2019-05-24,15:00:20,10357,10358,10357,1
2019-05-24,15:00:20,10357,10358,10358,4
2019-05-24,15:00:20,10357,10358,10357,1
2019-05-24,15:00:21,10357,10358,10357,2
2019-05-24,15:00:21,10357,10358,10358,1
2019-05-24,15:00:22,10357,10358,10356,5
2019-05-24,15:00:22,10357,10358,10357,1
2019-05-24,15:00:22,10356,10358,10358,2
2019-05-24,15:00:23,10357,10358,10358,1
2019-05-24,15:00:24,10357,10358,10357,1
2019-05-24,15:00:25,10357,10358,10358,2
2019-05-24,15:00:26,10357,10358,10357,5
2019-05-24,15:00:27,10356,10358,10358,2
2019-05-24,15:00:27,10357,10358,10358,1
2019-05-24,15:00:28,10357,10358,10357,1
2019-05-24,15:00:28,10357,10358,10357,1
2019-05-24,15:00:29,10357,10358,10356,2
2019-05-24,15:00:29,10357,10358,10357,2
2019-05-24,15:00:30,10356,10358,10357,1
2019-05-24,15:00:30,10356,10358,10358,5
2019-05-24,15:00:31,10357,10358,10357,1
2019-05-24,15:00:31,10357,10358,10357,2
2019-05-24,15:00:32,10357,10358,10358,2
2019-05-24,15:00:32,10357,10358,10357,1
2019-05-24,15:00:32,10357,10358,10357,1
2019-05-24,15:00:33,10357,10358,10358,1
2019-05-24,15:00:33,10357,10358,10358,2
2019-05-24,15:00:35,10357,10358,10358,1
2019-05-24,15:00:36,10357,10358,10357,3
2019-05-24,15:00:36,10357,10358,10358,1
2019-05-24,15:00:36,10357,10358,10358,2
2019-05-24,15:00:36,10357,10358,10358,1
2019-05-24,15:00:37,10357,10358,10358,20
2019-05-24,15:00:38,10358,10359,10358,1
2019-05-24,15:00:38,10358,10359,10359,8
2019-05-24,15:00:38,10358,10359,10359,2
2019-05-24,15:00:39,10358,10359,10359,5
2019-05-24,15:00:40,10359,10360,10359,1
2019-05-24,15:00:40,10359,10360,10360,3
2019-05-24,15:00:40,10359,10360,10360,1
2019-05-24,15:00:41,10359,10361,10361,1
2019-05-24,15:00:41,10359,10361,10361,1
2019-05-24,15:00:42,10359,10361,10361,3
2019-05-24,15:00:42,10359,10361,10361,2
2019-05-24,15:00:42,10359,10361,10359,2
2019-05-24,15:00:42,10359,10360,10360,1
2019-05-24,15:00:43,10359,10360,10359,1
2019-05-24,15:00:43,10359,10360,10360,1
2019-05-24,15:00:43,10359,10360,10359,15
2019-05-24,15:00:45,10359,10360,10359,2
2019-05-24,15:00:45,10359,10360,10360,4
2019-05-24,15:00:45,10359,10360,10359,1
2019-05-24,15:00:46,10359,10360,10360,1
2019-05-24,15:00:46,10359,10360,10359,1
2019-05-24,15:00:46,10359,10360,10360,1
2019-05-24,15:00:47,10359,10360,10360,1
2019-05-24,15:00:48,10359,10360,10360,1
2019-05-24,15:00:50,10359,10360,10359,1
2019-05-24,15:00:51,10359,10360,10360,1
2019-05-24,15:00:51,10359,10360,10360,1
2019-05-24,15:00:51,10359,10360,10359,10
2019-05-24,15:00:51,10359,10360,10359,2
2019-05-24,15:00:51,10359,10360,10359,2
2019-05-24,15:00:51,10359,10360,10359,1
2019-05-24,15:00:54,10358,10359,10359,1
2019-05-24,15:00:54,10358,10359,10359,5
2019-05-24,15:00:54,10358,10359,10359,1
2019-05-24,15:00:56,10358,10359,10358,1
2019-05-24,15:00:59,10358,10359,10359,1
2019-05-24,15:01:00,10358,10359,10359,1
2019-05-24,15:01:00,10358,10359,10358,1
2019-05-24,15:01:00,10358,10359,10359,1
2019-05-24,15:01:00,10358,10359,10358,1
2019-05-24,15:01:00,10358,10359,10359,2
2019-05-24,15:01:03,10358,10359,10358,1
2019-05-24,15:01:03,10358,10359,10358,4
2019-05-24,15:01:03,10358,10359,10358,1
2019-05-24,15:01:03,10358,10359,10358,6
2019-05-24,15:01:03,10358,10359,10358,1
2019-05-24,15:01:03,10357,10358,10358,1
2019-05-24,15:01:03,10357,10358,10357,1
2019-05-24,15:01:04,10357,10358,10357,5
2019-05-24,15:01:04,10356,10358,10357,5
2019-05-24,15:01:04,10356,10358,10357,1
2019-05-24,15:01:05,10356,10357,10357,1
2019-05-24,15:01:05,10356,10357,10357,1
2019-05-24,15:01:06,10356,10357,10357,1
2019-05-24,15:01:10,10356,10357,10357,1
2019-05-24,15:01:10,10356,10357,10357,2
2019-05-24,15:01:10,10356,10357,10357,10
2019-05-24,15:01:12,10357,10358,10357,3
2019-05-24,15:01:12,10357,10358,10358,6
2019-05-24,15:01:13,10357,10358,10357,3
2019-05-24,15:01:13,10357,10358,10358,1
2019-05-24,15:01:14,10357,10359,10357,1
2019-05-24,15:01:14,10357,10359,10357,5
2019-05-24,15:01:14,10357,10359,10359,2
2019-05-24,15:01:15,10357,10358,10357,20
2019-05-24,15:01:15,10357,10358,10358,4
2019-05-24,15:01:21,10357,10358,10357,1
2019-05-24,15:01:22,10357,10358,10358,1
2019-05-24,15:01:23,10357,10358,10357,1
2019-05-24,15:01:28,10357,10358,10358,1
2019-05-24,15:01:28,10357,10358,10358,1
2019-05-24,15:01:31,10357,10358,10357,7
2019-05-24,15:01:31,10356,10357,10357,1
2019-05-24,15:01:31,10356,10357,10357,1
2019-05-24,15:01:32,10356,10357,10356,1
2019-05-24,15:01:32,10356,10357,10357,1
2019-05-24,15:01:32,10356,10357,10357,1
2019-05-24,15:01:33,10356,10357,10356,7
2019-05-24,15:01:36,10356,10357,10357,4
2019-05-24,15:01:36,10356,10357,10357,4
2019-05-24,15:01:38,10356,10357,10356,1
2019-05-24,15:01:40,10356,10357,10356,2
2019-05-24,15:01:42,10356,10357,10356,1
2019-05-24,15:01:42,10356,10357,10357,1
2019-05-24,15:01:49,10356,10357,10356,1
2019-05-24,15:01:50,10356,10357,10357,3
2019-05-24,15:01:50,10356,10357,10357,1
2019-05-24,15:01:52,10356,10357,10356,1
2019-05-24,15:01:52,10356,10357,10356,7
2019-05-24,15:01:52,10356,10357,10356,2
2019-05-24,15:01:52,10356,10357,10357,2
2019-05-24,15:01:53,10356,10357,10356,1
2019-05-24,15:01:53,10356,10357,10356,1
2019-05-24,15:01:57,10355,10356,10356,1
2019-05-24,15:01:57,10355,10357,10357,3
2019-05-24,15:01:59,10355,10357,10357,1
2019-05-24,15:01:59,10355,10357,10357,1
2019-05-24,15:02:00,10356,10357,10357,1
2019-05-24,15:02:01,10356,10357,10357,1
2019-05-24,15:02:01,10356,10357,10357,1
2019-05-24,15:02:01,10356,10357,10356,1
2019-05-24,15:02:03,10356,10357,10356,2
2019-05-24,15:02:03,10356,10357,10357,1
2019-05-24,15:02:03,10356,10357,10357,1
2019-05-24,15:02:03,10356,10357,10357,1
2019-05-24,15:02:04,10356,10357,10357,1
2019-05-24,15:02:04,10356,10357,10357,1
2019-05-24,15:02:04,10356,10357,10356,1
2019-05-24,15:02:04,10356,10357,10356,1
2019-05-24,15:02:04,10356,10357,10356,1
2019-05-24,15:02:04,10356,10357,10356,1
2019-05-24,15:02:05,10356,10357,10356,1
2019-05-24,15:02:05,10356,10357,10356,1
2019-05-24,15:02:08,10356,10357,10356,1
2019-05-24,15:02:08,10356,10357,10357,1
2019-05-24,15:02:11,10356,10357,10356,1
2019-05-24,15:02:16,10356,10357,10356,2
2019-05-24,15:02:17,10356,10357,10357,1
2019-05-24,15:02:21,10356,10357,10357,1
2019-05-24,15:02:23,10356,10357,10357,1
2019-05-24,15:02:23,10356,10357,10356,2
2019-05-24,15:02:27,10356,10357,10356,1
2019-05-24,15:02:35,10356,10357,10357,1
2019-05-24,15:02:35,10356,10357,10356,2
2019-05-24,15:02:35,10356,10357,10357,1
2019-05-24,15:02:39,10356,10357,10357,45
2019-05-24,15:02:39,10356,10358,10357,2
2019-05-24,15:02:41,10357,10358,10358,8
2019-05-24,15:02:41,10357,10358,10358,1
2019-05-24,15:02:45,10357,10359,10357,3
2019-05-24,15:02:46,10357,10359,10359,20
2019-05-24,15:02:47,10358,10359,10359,2
2019-05-24,15:02:48,10358,10359,10359,2
2019-05-24,15:02:49,10358,10359,10359,1
2019-05-24,15:02:52,10358,10359,10359,1
2019-05-24,15:02:55,10358,10360,10359,1
2019-05-24,15:02:55,10359,10360,10360,2
2019-05-24,15:02:56,10359,10360,10359,1
2019-05-24,15:02:57,10359,10360,10359,1
2019-05-24,15:02:57,10358,10360,10360,1
2019-05-24,15:02:57,10359,10360,10360,2
2019-05-24,15:02:59,10359,10360,10359,1
2019-05-24,15:03:00,10359,10360,10359,1
2019-05-24,15:03:00,10358,10360,10360,1
2019-05-24,15:03:02,10358,10359,10359,1
2019-05-24,15:03:03,10358,10360,10359,2
2019-05-24,15:03:07,10358,10359,10359,1
2019-05-24,15:03:11,10358,10359,10359,2
2019-05-24,15:03:11,10358,10359,10359,1
2019-05-24,15:03:12,10358,10359,10359,1
2019-05-24,15:03:14,10358,10359,10359,1
2019-05-24,15:03:14,10358,10359,10358,32
2019-05-24,15:03:14,10357,10359,10358,1
2019-05-24,15:03:16,10357,10358,10358,1
2019-05-24,15:03:16,10357,10358,10358,3
2019-05-24,15:03:18,10357,10358,10358,1
2019-05-24,15:03:18,10357,10358,10358,5
2019-05-24,15:03:21,10357,10358,10358,1
2019-05-24,15:03:29,10357,10358,10358,1
2019-05-24,15:03:29,10357,10359,10358,1
2019-05-24,15:03:34,10357,10358,10358,1
2019-05-24,15:03:34,10357,10358,10359,2
2019-05-24,15:03:35,10358,10359,10359,3
2019-05-24,15:03:35,10358,10359,10359,5
2019-05-24,15:03:38,10358,10359,10358,1
2019-05-24,15:03:38,10358,10359,10359,1
2019-05-24,15:03:43,10358,10359,10359,2
2019-05-24,15:03:44,10358,10359,10359,2
2019-05-24,15:03:44,10358,10360,10358,1
2019-05-24,15:03:45,10358,10359,10358,1
2019-05-24,15:03:45,10358,10359,10359,1
2019-05-24,15:03:47,10358,10359,10359,1
2019-05-24,15:03:47,10358,10359,10359,4
2019-05-24,15:03:51,10358,10359,10358,23
2019-05-24,15:03:51,10357,10359,10358,7
2019-05-24,15:03:51,10357,10359,10358,1
2019-05-24,15:03:53,10357,10358,10358,1
2019-05-24,15:03:55,10357,10358,10358,1
2019-05-24,15:03:56,10357,10358,10358,1
2019-05-24,15:03:58,10358,10359,10358,5
2019-05-24,15:03:58,10357,10358,10358,15
2019-05-24,15:03:58,10357,10358,10359,1
2019-05-24,15:04:00,10358,10359,10358,1
2019-05-24,15:04:01,10358,10359,10359,4
2019-05-24,15:04:07,10358,10359,10358,2
2019-05-24,15:04:07,10358,10359,10359,1
2019-05-24,15:04:07,10358,10359,10359,5
2019-05-24,15:04:07,10358,10359,10359,1
2019-05-24,15:04:08,10358,10359,10359,1
2019-05-24,15:04:13,10358,10359,10359,1
2019-05-24,15:04:13,10358,10359,10359,3
2019-05-24,15:04:23,10358,10359,10358,1
2019-05-24,15:04:26,10358,10359,10359,2
2019-05-24,15:04:27,10358,10359,10358,2
2019-05-24,15:04:32,10358,10359,10358,1
2019-05-24,15:04:32,10358,10359,10358,1
2019-05-24,15:04:32,10358,10359,10358,1
2019-05-24,15:04:36,10357,10358,10358,1
2019-05-24,15:04:36,10357,10358,10356,3
2019-05-24,15:04:36,10357,10358,10357,27
2019-05-24,15:04:37,10357,10358,10357,1
2019-05-24,15:04:37,10356,10358,10358,9
2019-05-24,15:04:37,10357,10358,10357,1
2019-05-24,15:04:38,10357,10358,10357,1
2019-05-24,15:04:40,10357,10358,10357,1
2019-05-24,15:04:45,10356,10357,10357,1
2019-05-24,15:04:48,10356,10357,10357,1
2019-05-24,15:04:52,10356,10357,10356,30
2019-05-24,15:04:52,10356,10357,10357,2
2019-05-24,15:04:54,10356,10357,10356,1
2019-05-24,15:04:54,10356,10357,10357,3
2019-05-24,15:05:02,10356,10357,10356,10
2019-05-24,15:05:02,10356,10357,10357,4
2019-05-24,15:05:02,10356,10357,10356,3
2019-05-24,15:05:07,10356,10357,10356,5
2019-05-24,15:05:07,10356,10357,10357,2
2019-05-24,15:05:15,10356,10357,10357,1
2019-05-24,15:05:15,10356,10357,10357,4
2019-05-24,15:05:16,10357,10358,10357,1
2019-05-24,15:05:17,10357,10358,10357,1
2019-05-24,15:05:17,10357,10358,10357,1
2019-05-24,15:05:17,10357,10358,10357,2
2019-05-24,15:05:17,10356,10357,10357,1
2019-05-24,15:05:17,10356,10357,10358,3
2019-05-24,15:05:25,10357,10358,10356,1
2019-05-24,15:05:31,10357,10358,10357,1
2019-05-24,15:05:40,10357,10358,10357,17
2019-05-24,15:05:40,10356,10358,10357,1
2019-05-24,15:05:40,10356,10358,10358,4
2019-05-24,15:05:42,10357,10358,10357,6
2019-05-24,15:05:44,10357,10358,10357,4
2019-05-24,15:05:45,10356,10357,10357,1
2019-05-24,15:05:45,10356,10358,10358,2
2019-05-24,15:05:46,10357,10358,10357,10
2019-05-24,15:05:47,10357,10358,10358,2
2019-05-24,15:05:51,10357,10358,10358,2
2019-05-24,15:05:57,10357,10358,10357,1
2019-05-24,15:05:57,10357,10358,10357,1
2019-05-24,15:05:57,10357,10358,10357,1
2019-05-24,15:05:57,10357,10358,10357,1
2019-05-24,15:05:57,10357,10358,10357,1
2019-05-24,15:05:57,10356,10358,10357,1
2019-05-24,15:05:58,10357,10358,10357,1
2019-05-24,15:06:02,10357,10358,10357,1
2019-05-24,15:06:06,10357,10358,10357,1
2019-05-24,15:06:11,10357,10358,10357,1
2019-05-24,15:06:15,10357,10358,10357,1
2019-05-24,15:06:16,10357,10358,10357,4
2019-05-24,15:06:17,10356,10358,10357,1
2019-05-24,15:06:17,10356,10358,10357,1
2019-05-24,15:06:19,10356,10357,10356,1
2019-05-24,15:06:28,10356,10357,10357,1
2019-05-24,15:06:29,10356,10357,10356,3
2019-05-24,15:06:30,10356,10357,10357,1
2019-05-24,15:06:31,10356,10357,10357,1
2019-05-24,15:06:31,10356,10357,10357,1
2019-05-24,15:06:31,10357,10358,10358,1
2019-05-24,15:06:33,10357,10358,10357,1
2019-05-24,15:06:40,10357,10358,10357,1
2019-05-24,15:06:53,10356,10357,10357,1
2019-05-24,15:06:54,10356,10357,10357,1
2019-05-24,15:07:02,10357,10358,10357,1
2019-05-24,15:07:04,10357,10358,10357,1
2019-05-24,15:07:10,10357,10358,10357,1
2019-05-24,15:07:16,10357,10358,10357,1
2019-05-24,15:07:20,10357,10358,10357,1
2019-05-24,15:07:22,10357,10358,10357,1
2019-05-24,15:07:24,10357,10358,10357,2
2019-05-24,15:07:26,10357,10358,10357,1
2019-05-24,15:07:27,10357,10358,10357,1
2019-05-24,15:07:30,10357,10358,10357,1
2019-05-24,15:07:33,10357,10358,10357,1
2019-05-24,15:07:37,10356,10357,10356,3
2019-05-24,15:07:40,10356,10357,10357,1
2019-05-24,15:07:41,10356,10358,10356,1
2019-05-24,15:07:41,10356,10358,10357,1
2019-05-24,15:07:41,10356,10358,10358,1
2019-05-24,15:07:56,10356,10357,10357,1
2019-05-24,15:07:58,10356,10357,10357,3
2019-05-24,15:07:59,10356,10357,10357,1
2019-05-24,15:07:59,10356,10357,10357,3
2019-05-24,15:08:00,10356,10358,10357,1
2019-05-24,15:08:00,10356,10358,10358,2
2019-05-24,15:08:00,10356,10358,10358,1
2019-05-24,15:08:01,10357,10358,10356,1
2019-05-24,15:08:01,10357,10358,10357,2
2019-05-24,15:08:02,10356,10357,10357,1
2019-05-24,15:08:02,10356,10357,10358,2
2019-05-24,15:08:02,10357,10358,10357,1
2019-05-24,15:08:03,10356,10357,10357,1
2019-05-24,15:08:04,10356,10357,10357,2
2019-05-24,15:08:08,10356,10357,10357,1
2019-05-24,15:08:11,10356,10357,10357,1
2019-05-24,15:08:11,10356,10357,10357,1
2019-05-24,15:08:11,10356,10357,10357,1
2019-05-24,15:08:11,10356,10357,10357,1
2019-05-24,15:08:11,10356,10357,10357,1
2019-05-24,15:08:11,10356,10357,10356,10
2019-05-24,15:08:11,10356,10357,10356,2
2019-05-24,15:08:12,10356,10357,10357,2
2019-05-24,15:08:12,10356,10357,10358,1
2019-05-24,15:08:13,10356,10357,10357,1
2019-05-24,15:08:13,10356,10357,10357,3
2019-05-24,15:08:23,10356,10357,10357,3
2019-05-24,15:08:41,10356,10357,10357,2
2019-05-24,15:08:41,10356,10357,10357,1
2019-05-24,15:08:41,10356,10357,10357,1
2019-05-24,15:08:43,10356,10357,10356,34
2019-05-24,15:08:45,10355,10356,10356,13
2019-05-24,15:08:46,10355,10356,10356,12
2019-05-24,15:08:53,10355,10356,10356,1
2019-05-24,15:08:53,10355,10356,10356,3
2019-05-24,15:08:55,10355,10356,10356,2
2019-05-24,15:08:58,10356,10357,10356,1
2019-05-24,15:08:58,10356,10357,10356,1
2019-05-24,15:09:00,10356,10357,10356,1
2019-05-24,15:09:00,10356,10357,10356,1
2019-05-24,15:09:11,10355,10356,10355,1
2019-05-24,15:09:11,10355,10356,10355,1
2019-05-24,15:09:12,10355,10356,10355,21
2019-05-24,15:09:12,10355,10356,10354,1
2019-05-24,15:09:12,10354,10355,10354,2
2019-05-24,15:09:13,10354,10355,10354,1
2019-05-24,15:09:14,10354,10355,10354,1
2019-05-24,15:09:16,10354,10355,10354,3
2019-05-24,15:09:23,10353,10354,10353,1
2019-05-24,15:09:25,10353,10354,10354,3
2019-05-24,15:09:33,10354,10355,10354,1
2019-05-24,15:09:35,10354,10355,10355,3
2019-05-24,15:09:35,10354,10355,10355,2
2019-05-24,15:09:36,10354,10355,10354,1
2019-05-24,15:09:38,10354,10355,10355,1
2019-05-24,15:09:41,10354,10355,10354,3
2019-05-24,15:09:43,10354,10355,10354,1
2019-05-24,15:09:43,10354,10355,10354,1
2019-05-24,15:09:43,10354,10355,10354,1
2019-05-24,15:09:44,10353,10355,10355,1
2019-05-24,15:09:46,10354,10355,10354,1
2019-05-24,15:09:46,10354,10355,10354,7
2019-05-24,15:09:49,10354,10355,10355,1
2019-05-24,15:09:49,10354,10355,10355,3
2019-05-24,15:09:51,10354,10355,10355,1
2019-05-24,15:09:52,10354,10355,10354,1
2019-05-24,15:09:54,10354,10355,10354,1
2019-05-24,15:09:55,10354,10355,10354,2
2019-05-24,15:10:05,10354,10355,10354,3
2019-05-24,15:10:05,10354,10355,10355,1
2019-05-24,15:10:05,10354,10355,10354,1
2019-05-24,15:10:05,10354,10355,10355,1
2019-05-24,15:10:06,10354,10355,10354,1
2019-05-24,15:10:06,10354,10355,10355,1
2019-05-24,15:10:06,10354,10355,10354,9
2019-05-24,15:10:09,10353,10354,10354,2
2019-05-24,15:10:14,10354,10355,10354,1
2019-05-24,15:10:14,10354,10355,10355,1
2019-05-24,15:10:14,10354,10355,10355,3
2019-05-24,15:10:17,10354,10355,10355,1
2019-05-24,15:10:26,10354,10355,10355,25
2019-05-24,15:10:26,10354,10355,10356,19
2019-05-24,15:10:26,10355,10356,10356,1
2019-05-24,15:10:26,10355,10356,10355,1
2019-05-24,15:10:27,10355,10356,10356,9
2019-05-24,15:10:27,10355,10356,10357,12
2019-05-24,15:10:27,10356,10357,10356,10
2019-05-24,15:10:28,10356,10357,10357,22
2019-05-24,15:10:29,10356,10357,10356,1
2019-05-24,15:10:34,10356,10357,10356,1
2019-05-24,15:10:39,10355,10356,10356,1
2019-05-24,15:10:41,10355,10356,10355,1
2019-05-24,15:10:43,10354,10355,10355,1
2019-05-24,15:10:46,10354,10355,10355,1
2019-05-24,15:10:47,10354,10355,10355,1
2019-05-24,15:11:03,10354,10355,10354,3
2019-05-24,15:11:05,10354,10355,10354,1
2019-05-24,15:11:12,10354,10355,10354,18
2019-05-24,15:11:16,10353,10354,10354,1
2019-05-24,15:11:26,10353,10354,10353,1
2019-05-24,15:11:26,10353,10354,10353,19
2019-05-24,15:11:27,10352,10353,10352,1
2019-05-24,15:11:27,10352,10353,10352,1
2019-05-24,15:11:27,10352,10353,10352,1
2019-05-24,15:11:28,10352,10353,10352,9
2019-05-24,15:11:28,10352,10353,10352,1
2019-05-24,15:11:30,10352,10353,10352,2
2019-05-24,15:11:35,10352,10353,10352,2
2019-05-24,15:11:39,10352,10353,10352,2
2019-05-24,15:11:39,10352,10353,10352,2
2019-05-24,15:11:40,10351,10353,10351,1
2019-05-24,15:11:41,10351,10353,10351,2
2019-05-24,15:11:41,10351,10353,10352,2
2019-05-24,15:11:41,10351,10353,10351,1
2019-05-24,15:11:43,10351,10352,10352,2
2019-05-24,15:11:44,10351,10353,10351,1
2019-05-24,15:11:45,10351,10352,10352,1
2019-05-24,15:11:48,10351,10353,10351,1
2019-05-24,15:11:53,10351,10352,10351,1
2019-05-24,15:11:58,10351,10352,10352,1
2019-05-24,15:12:02,10352,10353,10352,1
2019-05-24,15:12:04,10352,10353,10352,2
2019-05-24,15:12:06,10352,10353,10352,1
2019-05-24,15:12:15,10352,10353,10352,5
2019-05-24,15:12:23,10352,10353,10352,1
2019-05-24,15:12:26,10352,10353,10352,1
2019-05-24,15:12:29,10352,10353,10352,1
2019-05-24,15:12:30,10352,10353,10352,4
2019-05-24,15:12:30,10352,10353,10352,3
2019-05-24,15:12:30,10352,10353,10352,3
2019-05-24,15:12:32,10351,10352,10352,1
2019-05-24,15:12:33,10352,10353,10352,1
2019-05-24,15:12:34,10352,10353,10352,1
2019-05-24,15:12:39,10352,10353,10352,1
2019-05-24,15:12:46,10352,10353,10352,1
2019-05-24,15:12:46,10352,10353,10352,1
2019-05-24,15:12:47,10352,10353,10352,1
2019-05-24,15:12:47,10352,10353,10352,1
2019-05-24,15:13:02,10351,10352,10351,5
2019-05-24,15:13:06,10351,10352,10351,1
2019-05-24,15:13:10,10351,10352,10351,30
2019-05-24,15:13:24,10350,10351,10350,2
2019-05-24,15:13:24,10350,10351,10350,3
2019-05-24,15:13:28,10350,10351,10350,1
2019-05-24,15:13:28,10350,10351,10351,4
2019-05-24,15:13:29,10350,10351,10350,1
2019-05-24,15:13:37,10350,10351,10350,1
2019-05-24,15:13:38,10350,10351,10350,18
2019-05-24,15:13:38,10350,10351,10350,1
2019-05-24,15:13:38,10350,10351,10350,2
2019-05-24,15:13:41,10349,10350,10349,7
2019-05-24,15:13:44,10348,10349,10348,2
2019-05-24,15:13:44,10348,10349,10348,1
2019-05-24,15:13:46,10348,10349,10348,2
2019-05-24,15:13:48,10348,10349,10348,1
2019-05-24,15:13:48,10348,10349,10348,2
2019-05-24,15:13:48,10348,10349,10348,13
2019-05-24,15:13:49,10348,10349,10348,1
2019-05-24,15:13:49,10347,10348,10348,2
2019-05-24,15:13:54,10347,10348,10347,1
2019-05-24,15:13:54,10347,10348,10347,1
2019-05-24,15:13:55,10347,10348,10347,2
2019-05-24,15:13:56,10347,10348,10347,1
2019-05-24,15:13:58,10347,10348,10347,5
2019-05-24,15:13:59,10347,10348,10347,1
2019-05-24,15:14:00,10347,10348,10347,2
2019-05-24,15:14:01,10347,10348,10347,2
2019-05-24,15:14:02,10347,10348,10347,1
2019-05-24,15:14:02,10347,10348,10347,6
2019-05-24,15:14:02,10347,10348,10348,1
2019-05-24,15:14:03,10347,10348,10348,1
2019-05-24,15:14:06,10348,10349,10348,1
2019-05-24,15:14:10,10348,10349,10348,1
2019-05-24,15:14:11,10348,10350,10348,2
2019-05-24,15:14:12,10348,10350,10348,1
2019-05-24,15:14:17,10348,10349,10349,2
2019-05-24,15:14:19,10348,10350,10348,3
2019-05-24,15:14:30,10349,10350,10350,10
2019-05-24,15:14:31,10350,10351,10350,2
2019-05-24,15:14:34,10350,10351,10350,2
2019-05-24,15:14:35,10350,10351,10350,5
2019-05-24,15:14:36,10350,10351,10350,1
2019-05-24,15:14:41,10350,10351,10350,1
2019-05-24,15:14:55,10350,10351,10350,3
2019-05-24,15:14:55,10350,10351,10351,16
2019-05-24,15:15:04,10350,10351,10350,1
2019-05-24,15:15:05,10350,10351,10351,1
2019-05-24,15:15:05,10350,10351,10350,1
2019-05-24,15:15:05,10350,10351,10350,1
2019-05-24,15:15:05,10350,10351,10350,1
2019-05-24,15:15:05,10350,10351,10350,1
2019-05-24,15:15:05,10350,10351,10350,1
2019-05-24,15:15:06,10350,10351,10350,10
2019-05-24,15:15:08,10349,10350,10350,1
2019-05-24,15:15:15,10349,10350,10349,1
2019-05-24,15:15:22,10349,10350,10349,3
2019-05-24,15:15:25,10348,10349,10349,1
2019-05-24,15:15:42,10348,10349,10349,1
2019-05-24,15:15:49,10348,10349,10349,1
2019-05-24,15:15:49,10348,10349,10349,1
2019-05-24,15:15:49,10348,10349,10349,1
2019-05-24,15:15:49,10348,10349,10349,1
2019-05-24,15:15:49,10348,10349,10349,4
2019-05-24,15:15:51,10349,10350,10350,1
2019-05-24,15:15:53,10349,10350,10349,1
2019-05-24,15:15:59,10349,10350,10349,3
2019-05-24,15:16:00,10349,10350,10350,10
2019-05-24,15:16:04,10350,10351,10350,1
2019-05-24,15:16:05,10350,10351,10350,2
2019-05-24,15:16:21,10349,10350,10350,8
2019-05-24,15:16:29,10350,10351,10350,1
2019-05-24,15:16:35,10349,10351,10351,2
2019-05-24,15:16:38,10349,10350,10350,1
2019-05-24,15:16:40,10349,10350,10350,1
2019-05-24,15:16:43,10349,10350,10350,1
2019-05-24,15:17:00,10350,10351,10350,1
2019-05-24,15:17:02,10350,10351,10350,7
2019-05-24,15:17:02,10350,10351,10350,1
2019-05-24,15:17:05,10349,10351,10351,1
2019-05-24,15:17:06,10350,10351,10350,1
2019-05-24,15:17:07,10349,10351,10351,1
2019-05-24,15:17:08,10350,10351,10350,1
2019-05-24,15:17:16,10350,10351,10350,1
2019-05-24,15:17:16,10349,10350,10350,1
2019-05-24,15:17:20,10350,10351,10350,1
2019-05-24,15:17:27,10350,10351,10351,1
2019-05-24,15:17:35,10350,10351,10351,1
2019-05-24,15:17:37,10350,10351,10351,12
2019-05-24,15:17:37,10350,10351,10351,10
2019-05-24,15:17:40,10351,10352,10352,1
2019-05-24,15:17:42,10351,10352,10351,1
2019-05-24,15:17:45,10351,10352,10351,1
2019-05-24,15:17:53,10351,10352,10352,3
2019-05-24,15:17:53,10351,10352,10352,2
2019-05-24,15:17:55,10351,10352,10352,1
2019-05-24,15:17:57,10351,10352,10352,1
2019-05-24,15:18:01,10351,10352,10352,2
2019-05-24,15:18:09,10351,10352,10352,1
2019-05-24,15:18:09,10351,10352,10352,1
2019-05-24,15:18:10,10351,10352,10351,2
2019-05-24,15:18:15,10351,10352,10351,2
2019-05-24,15:18:15,10351,10352,10352,2
2019-05-24,15:18:18,10351,10352,10352,1
2019-05-24,15:18:21,10351,10352,10352,11
2019-05-24,15:18:22,10352,10353,10352,1
2019-05-24,15:18:33,10352,10353,10352,1
2019-05-24,15:18:50,10352,10353,10352,6
2019-05-24,15:18:54,10351,10352,10352,1
2019-05-24,15:19:08,10351,10352,10352,2
2019-05-24,15:19:37,10352,10353,10353,6
2019-05-24,15:19:37,10352,10353,10353,11
2019-05-24,15:19:49,10352,10354,10354,1
2019-05-24,15:20:04,10353,10354,10354,4
2019-05-24,15:20:04,10353,10354,10354,2
2019-05-24,15:20:06,10353,10354,10354,3
2019-05-24,15:20:08,10353,10354,10354,3
2019-05-24,15:20:12,10353,10354,10354,1
2019-05-24,15:20:13,10354,10355,10354,1
2019-05-24,15:20:17,10354,10355,10354,1
2019-05-24,15:20:17,10354,10355,10354,1
2019-05-24,15:20:21,10354,10355,10354,2
2019-05-24,15:20:24,10354,10355,10354,1
2019-05-24,15:20:28,10354,10355,10354,2
2019-05-24,15:20:29,10354,10355,10354,1
2019-05-24,15:20:30,10354,10355,10354,2
2019-05-24,15:20:31,10354,10355,10354,1
2019-05-24,15:20:45,10354,10355,10355,3
2019-05-24,15:20:49,10354,10355,10355,1
2019-05-24,15:20:55,10354,10355,10355,1
2019-05-24,15:21:02,10354,10355,10354,5
2019-05-24,15:21:02,10354,10355,10354,1
2019-05-24,15:21:04,10353,10354,10354,1
2019-05-24,15:21:04,10353,10355,10355,1
2019-05-24,15:21:09,10354,10355,10354,1
2019-05-24,15:21:14,10353,10354,10354,1
2019-05-24,15:21:16,10353,10354,10354,1
2019-05-24,15:21:21,10353,10354,10354,3
2019-05-24,15:21:24,10353,10354,10354,1
2019-05-24,15:21:32,10353,10354,10354,1
2019-05-24,15:21:33,10353,10354,10354,1
2019-05-24,15:21:33,10353,10354,10354,1
2019-05-24,15:21:37,10354,10355,10354,3
2019-05-24,15:21:37,10353,10354,10354,1
2019-05-24,15:21:43,10354,10355,10354,1
2019-05-24,15:21:48,10353,10354,10353,9
2019-05-24,15:21:50,10353,10354,10354,10
2019-05-24,15:21:51,10353,10354,10354,7
2019-05-24,15:21:51,10354,10355,10354,3
2019-05-24,15:21:53,10353,10354,10354,6
2019-05-24,15:21:58,10354,10355,10354,6
2019-05-24,15:22:06,10353,10354,10354,2
2019-05-24,15:22:16,10353,10354,10354,10
2019-05-24,15:22:16,10353,10354,10353,1
2019-05-24,15:22:20,10353,10354,10354,1
2019-05-24,15:22:24,10353,10354,10353,1
2019-05-24,15:22:31,10353,10354,10353,1
2019-05-24,15:22:45,10353,10354,10353,1
2019-05-24,15:22:50,10353,10354,10353,1
2019-05-24,15:22:51,10353,10354,10353,1
2019-05-24,15:22:59,10353,10354,10354,2
2019-05-24,15:23:00,10353,10354,10353,5
2019-05-24,15:23:00,10353,10354,10353,16
2019-05-24,15:23:02,10352,10353,10352,3
2019-05-24,15:23:05,10352,10353,10352,1
2019-05-24,15:23:27,10352,10353,10352,1
2019-05-24,15:23:32,10352,10353,10352,1
2019-05-24,15:23:34,10352,10353,10352,2
2019-05-24,15:23:35,10352,10353,10352,1
2019-05-24,15:23:36,10352,10353,10352,2
2019-05-24,15:23:47,10352,10353,10353,2
2019-05-24,15:24:12,10352,10353,10353,1
2019-05-24,15:24:22,10352,10353,10353,1
2019-05-24,15:24:32,10352,10353,10352,1
2019-05-24,15:24:32,10352,10353,10352,1
2019-05-24,15:24:32,10352,10353,10352,1
2019-05-24,15:24:32,10352,10353,10352,1
2019-05-24,15:24:32,10352,10353,10352,1
2019-05-24,15:24:32,10352,10353,10352,1
2019-05-24,15:24:32,10351,10352,10352,2
2019-05-24,15:24:33,10351,10352,10352,2
2019-05-24,15:24:35,10351,10352,10351,1
2019-05-24,15:24:38,10351,10352,10352,1
2019-05-24,15:24:39,10351,10352,10351,1
2019-05-24,15:24:40,10351,10352,10352,1
2019-05-24,15:24:42,10351,10352,10351,1
2019-05-24,15:24:58,10351,10352,10352,1
2019-05-24,15:25:01,10351,10352,10352,1
2019-05-24,15:25:01,10352,10353,10352,1
2019-05-24,15:25:05,10352,10353,10351,1
2019-05-24,15:25:05,10352,10353,10352,9
2019-05-24,15:25:06,10351,10353,10351,1
2019-05-24,15:25:09,10351,10353,10353,1
2019-05-24,15:25:11,10352,10353,10353,10
2019-05-24,15:25:24,10352,10353,10353,2
2019-05-24,15:26:03,10352,10353,10352,1
2019-05-24,15:26:04,10352,10353,10352,2
2019-05-24,15:26:04,10352,10353,10352,1
2019-05-24,15:26:08,10352,10353,10351,7
2019-05-24,15:26:08,10352,10353,10352,22
2019-05-24,15:26:08,10351,10352,10353,25
2019-05-24,15:26:10,10352,10354,10352,10
2019-05-24,15:26:12,10352,10353,10352,9
2019-05-24,15:26:13,10352,10353,10351,17
2019-05-24,15:26:13,10352,10353,10352,2
2019-05-24,15:26:17,10351,10352,10352,6
2019-05-24,15:26:17,10351,10352,10353,3
2019-05-24,15:26:18,10351,10352,10352,2
2019-05-24,15:26:19,10351,10352,10352,3
2019-05-24,15:26:19,10351,10352,10353,13
2019-05-24,15:26:24,10351,10353,10353,7
2019-05-24,15:26:32,10351,10353,10353,1
2019-05-24,15:26:46,10352,10353,10352,1
2019-05-24,15:26:46,10352,10353,10353,1
2019-05-24,15:27:11,10352,10353,10352,1
2019-05-24,15:27:20,10352,10353,10353,2
2019-05-24,15:27:32,10352,10353,10352,1
2019-05-24,15:27:32,10352,10353,10352,1
2019-05-24,15:27:39,10352,10353,10352,1
2019-05-24,15:27:40,10352,10353,10352,3
2019-05-24,15:27:42,10352,10353,10352,3
2019-05-24,15:27:42,10352,10353,10352,1
2019-05-24,15:27:46,10351,10352,10351,1
2019-05-24,15:27:48,10351,10352,10352,1
2019-05-24,15:27:58,10351,10352,10351,1
2019-05-24,15:27:59,10351,10352,10352,2
2019-05-24,15:28:00,10352,10353,10352,3
2019-05-24,15:28:05,10352,10353,10352,5
2019-05-24,15:28:14,10351,10352,10351,1
2019-05-24,15:28:28,10351,10352,10351,5
2019-05-24,15:28:28,10351,10352,10352,1
2019-05-24,15:28:31,10351,10352,10352,5
2019-05-24,15:28:32,10351,10352,10350,8
2019-05-24,15:28:32,10351,10352,10351,17
2019-05-24,15:28:32,10351,10352,10351,1
2019-05-24,15:28:35,10350,10352,10350,7
2019-05-24,15:28:35,10350,10352,10349,1
2019-05-24,15:28:35,10350,10352,10350,21
2019-05-24,15:28:38,10349,10350,10350,8
2019-05-24,15:28:38,10349,10350,10350,1
2019-05-24,15:28:38,10349,10350,10350,4
2019-05-24,15:28:39,10350,10351,10351,10
2019-05-24,15:28:39,10351,10352,10352,11
2019-05-24,15:28:39,10351,10352,10353,14
2019-05-24,15:28:45,10351,10353,10353,6
2019-05-24,15:28:47,10352,10353,10353,1
2019-05-24,15:28:47,10352,10353,10354,18
2019-05-24,15:29:02,10352,10353,10353,1
2019-05-24,15:29:02,10352,10353,10353,1
2019-05-24,15:29:02,10352,10353,10353,1
2019-05-24,15:29:04,10353,10354,10353,3
2019-05-24,15:29:23,10353,10354,10353,1
2019-05-24,15:29:23,10353,10354,10353,1
2019-05-24,15:29:24,10353,10354,10353,1
2019-05-24,15:29:35,10353,10354,10353,5
2019-05-24,15:29:36,10353,10354,10352,8
2019-05-24,15:29:36,10353,10354,10353,4
2019-05-24,15:29:36,10352,10353,10353,3
2019-05-24,15:29:36,10352,10353,10354,9
2019-05-24,15:29:37,10353,10354,10354,5
2019-05-24,15:29:53,10353,10354,10354,1
2019-05-24,15:29:55,10353,10354,10354,1
2019-05-24,15:29:55,10353,10354,10354,20
2019-05-24,15:30:09,10354,10355,10354,1
2019-05-24,15:30:09,10354,10355,10355,1
2019-05-24,15:30:09,10354,10355,10355,2
2019-05-24,15:30:10,10354,10355,10354,1
2019-05-24,15:30:10,10354,10355,10354,1
2019-05-24,15:30:10,10354,10355,10355,1
2019-05-24,15:30:10,10354,10355,10354,1
2019-05-24,15:30:13,10354,10355,10355,1
2019-05-24,15:30:30,10354,10355,10354,1
2019-05-24,15:30:35,10354,10355,10354,1
2019-05-24,15:30:38,10354,10355,10354,5
2019-05-24,15:30:40,10353,10354,10354,6
2019-05-24,15:30:44,10354,10355,10353,5
2019-05-24,15:30:44,10354,10355,10354,20
2019-05-24,15:30:44,10353,10354,10353,5
2019-05-24,15:30:45,10353,10354,10354,1
2019-05-24,15:30:47,10353,10354,10354,1
2019-05-24,15:30:48,10353,10355,10355,25
2019-05-24,15:31:12,10355,10356,10355,1
2019-05-24,15:31:30,10355,10356,10355,9
2019-05-24,15:31:35,10355,10356,10356,3
2019-05-24,15:31:35,10355,10356,10356,1
2019-05-24,15:31:35,10355,10356,10356,2
2019-05-24,15:31:35,10355,10356,10356,1
2019-05-24,15:31:35,10355,10356,10356,2
2019-05-24,15:31:35,10355,10356,10356,3
2019-05-24,15:31:35,10355,10356,10356,3
2019-05-24,15:31:35,10355,10356,10356,2
2019-05-24,15:31:35,10355,10356,10356,2
2019-05-24,15:31:35,10355,10356,10356,2
2019-05-24,15:31:35,10355,10356,10356,2
2019-05-24,15:31:35,10355,10356,10356,1
2019-05-24,15:31:35,10355,10356,10356,1
2019-05-24,15:31:35,10355,10356,10356,2
2019-05-24,15:31:36,10356,10357,10356,1
2019-05-24,15:31:40,10356,10357,10357,1
2019-05-24,15:31:41,10356,10357,10356,1
2019-05-24,15:31:43,10356,10357,10357,4
2019-05-24,15:31:45,10356,10357,10357,1
2019-05-24,15:31:45,10356,10357,10357,1
2019-05-24,15:31:45,10356,10357,10357,1
2019-05-24,15:31:45,10356,10357,10357,1
2019-05-24,15:31:45,10356,10357,10357,1
2019-05-24,15:31:45,10356,10357,10357,7
2019-05-24,15:31:45,10356,10357,10357,1
2019-05-24,15:31:45,10356,10357,10357,1
2019-05-24,15:31:45,10356,10357,10357,1
2019-05-24,15:31:45,10356,10357,10357,1
2019-05-24,15:31:45,10356,10357,10357,1
2019-05-24,15:31:45,10356,10357,10357,3
2019-05-24,15:31:45,10356,10357,10357,1
2019-05-24,15:31:45,10356,10357,10357,1
2019-05-24,15:31:47,10357,10358,10357,1
2019-05-24,15:31:47,10357,10358,10357,4
2019-05-24,15:31:47,10357,10358,10357,2
2019-05-24,15:31:47,10356,10357,10357,1
2019-05-24,15:31:47,10356,10357,10356,12
2019-05-24,15:31:47,10356,10357,10356,5
2019-05-24,15:31:49,10356,10357,10357,1
2019-05-24,15:31:49,10356,10357,10357,3
2019-05-24,15:31:49,10356,10357,10358,9
2019-05-24,15:31:50,10357,10358,10358,5
2019-05-24,15:31:54,10357,10358,10358,9
2019-05-24,15:31:56,10357,10358,10357,1
2019-05-24,15:31:56,10357,10358,10358,1
2019-05-24,15:31:58,10357,10358,10358,1
2019-05-24,15:32:02,10357,10358,10357,2
2019-05-24,15:32:03,10357,10358,10358,1
2019-05-24,15:32:03,10357,10358,10358,2
2019-05-24,15:32:08,10357,10358,10358,1
2019-05-24,15:32:10,10357,10358,10357,5
2019-05-24,15:32:10,10357,10358,10358,1
2019-05-24,15:32:11,10357,10358,10357,1
2019-05-24,15:32:16,10357,10358,10357,1
2019-05-24,15:32:17,10357,10358,10358,2
2019-05-24,15:32:26,10357,10358,10358,1
2019-05-24,15:32:33,10357,10358,10358,1
2019-05-24,15:32:34,10357,10358,10357,1
2019-05-24,15:32:36,10357,10358,10357,1
2019-05-24,15:32:37,10357,10358,10358,2
2019-05-24,15:32:43,10357,10358,10358,1
2019-05-24,15:32:45,10357,10358,10358,1
2019-05-24,15:32:47,10357,10358,10358,52
2019-05-24,15:32:48,10358,10359,10358,1
2019-05-24,15:33:00,10358,10359,10357,1
2019-05-24,15:33:00,10358,10359,10358,4
2019-05-24,15:33:02,10357,10358,10358,4
2019-05-24,15:33:02,10357,10358,10359,1
2019-05-24,15:33:02,10357,10359,10359,2
2019-05-24,15:33:02,10357,10359,10359,5
2019-05-24,15:33:02,10357,10359,10357,1
2019-05-24,15:33:04,10358,10359,10359,3
2019-05-24,15:33:05,10358,10359,10357,21
2019-05-24,15:33:05,10358,10359,10358,4
2019-05-24,15:33:05,10358,10359,10358,1
2019-05-24,15:33:05,10358,10359,10358,2
2019-05-24,15:33:05,10358,10359,10358,2
2019-05-24,15:33:05,10358,10359,10358,2
2019-05-24,15:33:05,10358,10359,10358,1
2019-05-24,15:33:07,10357,10358,10357,8
2019-05-24,15:33:09,10357,10358,10358,2
2019-05-24,15:33:11,10357,10358,10356,3
2019-05-24,15:33:11,10357,10358,10357,3
2019-05-24,15:33:11,10356,10357,10356,16
2019-05-24,15:33:12,10356,10357,10357,25
2019-05-24,15:33:12,10356,10357,10357,1
2019-05-24,15:33:16,10356,10358,10358,6
2019-05-24,15:33:18,10357,10358,10357,7
2019-05-24,15:33:18,10357,10358,10358,5
2019-05-24,15:33:19,10357,10358,10357,1
2019-05-24,15:33:19,10357,10358,10357,3
2019-05-24,15:33:21,10357,10359,10357,1
2019-05-24,15:33:22,10357,10358,10358,6
2019-05-24,15:33:22,10357,10358,10359,10
2019-05-24,15:33:26,10357,10359,10359,7
2019-05-24,15:33:28,10357,10358,10358,1
2019-05-24,15:33:32,10358,10359,10358,1
2019-05-24,15:33:36,10357,10358,10358,1
2019-05-24,15:33:53,10357,10358,10358,1
2019-05-24,15:33:54,10357,10358,10357,1
2019-05-24,15:33:56,10357,10358,10357,10
2019-05-24,15:33:56,10357,10358,10357,2
2019-05-24,15:33:56,10357,10358,10357,5
2019-05-24,15:34:03,10356,10357,10356,4
2019-05-24,15:34:03,10355,10356,10356,1
2019-05-24,15:34:04,10355,10356,10356,1
2019-05-24,15:34:06,10355,10356,10356,1
2019-05-24,15:34:08,10355,10356,10356,1
2019-05-24,15:34:12,10356,10357,10356,3
2019-05-24,15:34:12,10355,10356,10356,1
2019-05-24,15:34:15,10356,10357,10356,1
2019-05-24,15:34:16,10356,10357,10357,2
2019-05-24,15:34:19,10356,10357,10357,1
2019-05-24,15:34:28,10357,10358,10357,1
2019-05-24,15:34:29,10356,10357,10357,1
2019-05-24,15:34:30,10356,10357,10357,1
2019-05-24,15:34:31,10356,10357,10357,1
2019-05-24,15:34:37,10356,10357,10356,2
2019-05-24,15:34:54,10355,10356,10355,2
2019-05-24,15:35:02,10355,10356,10356,1
2019-05-24,15:35:02,10356,10357,10355,7
2019-05-24,15:35:02,10356,10357,10356,2
2019-05-24,15:35:12,10356,10357,10356,1
2019-05-24,15:35:15,10356,10357,10355,11
2019-05-24,15:35:15,10356,10357,10356,1
2019-05-24,15:35:15,10355,10356,10355,5
2019-05-24,15:35:16,10355,10356,10356,12
2019-05-24,15:35:18,10355,10357,10357,5
2019-05-24,15:35:21,10355,10357,10354,2
2019-05-24,15:35:21,10355,10357,10355,23
2019-05-24,15:35:24,10355,10357,10355,6
2019-05-24,15:35:24,10355,10356,10356,7
2019-05-24,15:35:24,10355,10356,10357,18
2019-05-24,15:35:27,10355,10357,10355,16
2019-05-24,15:35:27,10355,10356,10354,2
2019-05-24,15:35:27,10355,10356,10355,3
2019-05-24,15:35:34,10355,10356,10356,5
2019-05-24,15:35:36,10355,10356,10356,1
2019-05-24,15:35:36,10355,10356,10357,15
2019-05-24,15:35:39,10355,10357,10357,5
2019-05-24,15:35:41,10355,10357,10355,1
2019-05-24,15:36:06,10356,10357,10356,2
2019-05-24,15:36:06,10356,10357,10356,1
2019-05-24,15:36:29,10356,10357,10356,12
2019-05-24,15:36:29,10356,10357,10357,12
2019-05-24,15:36:29,10356,10357,10357,6
2019-05-24,15:36:29,10356,10357,10356,5
2019-05-24,15:36:31,10356,10357,10357,5
2019-05-24,15:36:33,10356,10357,10355,11
2019-05-24,15:36:33,10356,10357,10356,14
2019-05-24,15:36:38,10355,10357,10355,20
2019-05-24,15:36:40,10355,10356,10355,1
2019-05-24,15:36:42,10355,10356,10356,23
2019-05-24,15:36:42,10355,10356,10357,2
2019-05-24,15:37:23,10355,10356,10355,1
2019-05-24,15:37:24,10355,10356,10355,20
2019-05-24,15:37:25,10355,10356,10356,18
2019-05-24,15:37:25,10355,10356,10355,5
2019-05-24,15:37:27,10355,10356,10355,5
2019-05-24,15:37:27,10355,10356,10356,5
2019-05-24,15:37:28,10355,10356,10355,6
2019-05-24,15:37:29,10355,10356,10355,10
2019-05-24,15:37:30,10355,10356,10354,1
2019-05-24,15:37:30,10355,10356,10355,8
2019-05-24,15:37:39,10354,10356,10354,1
2019-05-24,15:37:57,10355,10356,10355,1
2019-05-24,15:38:06,10355,10356,10355,1
2019-05-24,15:38:12,10355,10356,10356,3
2019-05-24,15:38:12,10355,10356,10356,1
2019-05-24,15:38:38,10355,10356,10356,1
2019-05-24,15:38:42,10356,10357,10356,1
2019-05-24,15:38:47,10356,10357,10356,1
2019-05-24,15:38:52,10356,10357,10357,1
2019-05-24,15:38:56,10356,10357,10357,2
2019-05-24,15:38:56,10356,10357,10357,1
2019-05-24,15:39:02,10356,10357,10356,1
2019-05-24,15:39:03,10355,10356,10356,1
2019-05-24,15:39:03,10355,10356,10357,3
2019-05-24,15:39:07,10356,10357,10357,1
2019-05-24,15:39:07,10356,10357,10357,2
2019-05-24,15:39:11,10356,10357,10357,5
2019-05-24,15:39:11,10356,10357,10357,2
2019-05-24,15:39:11,10356,10357,10358,6
2019-05-24,15:39:13,10357,10358,10358,10
2019-05-24,15:39:14,10357,10358,10357,1
2019-05-24,15:39:14,10357,10358,10358,10
2019-05-24,15:39:17,10357,10358,10358,1
2019-05-24,15:39:18,10357,10358,10358,1
2019-05-24,15:39:19,10357,10358,10358,3
2019-05-24,15:39:20,10357,10359,10359,20
2019-05-24,15:39:22,10358,10359,10359,1
2019-05-24,15:39:22,10358,10359,10358,10
2019-05-24,15:39:23,10357,10359,10359,2
2019-05-24,15:39:25,10357,10359,10359,1
2019-05-24,15:39:26,10357,10359,10359,3
2019-05-24,15:39:26,10357,10359,10359,1
2019-05-24,15:39:26,10358,10359,10359,1
2019-05-24,15:39:27,10358,10359,10358,1
2019-05-24,15:39:27,10357,10359,10359,1
2019-05-24,15:39:29,10357,10359,10359,1
2019-05-24,15:39:39,10358,10359,10359,2
2019-05-24,15:39:41,10358,10359,10359,2
2019-05-24,15:39:41,10358,10359,10359,2
2019-05-24,15:39:43,10358,10359,10359,1
2019-05-24,15:39:51,10358,10359,10358,1
2019-05-24,15:39:55,10358,10359,10359,4
2019-05-24,15:39:58,10358,10359,10358,1
2019-05-24,15:40:28,10358,10359,10358,6
2019-05-24,15:40:28,10358,10359,10359,1
2019-05-24,15:40:42,10358,10359,10359,1
2019-05-24,15:40:47,10358,10359,10358,1
2019-05-24,15:40:47,10358,10359,10358,1
2019-05-24,15:40:47,10358,10359,10358,1
2019-05-24,15:40:55,10357,10358,10358,1
2019-05-24,15:40:55,10357,10358,10358,1
2019-05-24,15:40:59,10357,10358,10358,1
2019-05-24,15:41:03,10357,10359,10357,2
2019-05-24,15:41:31,10358,10359,10358,1
2019-05-24,15:41:33,10358,10359,10358,1
2019-05-24,15:41:57,10357,10358,10358,1
2019-05-24,15:41:58,10357,10358,10358,1
2019-05-24,15:42:12,10357,10358,10358,1
2019-05-24,15:42:14,10357,10358,10358,3
2019-05-24,15:42:17,10358,10359,10359,1
2019-05-24,15:42:19,10358,10359,10358,1
2019-05-24,15:42:24,10358,10359,10358,1
2019-05-24,15:42:46,10358,10359,10358,1
2019-05-24,15:42:50,10358,10359,10358,8
2019-05-24,15:42:50,10358,10359,10358,1
2019-05-24,15:43:04,10357,10358,10357,1
2019-05-24,15:43:12,10357,10358,10358,2
2019-05-24,15:43:24,10357,10358,10358,1
2019-05-24,15:43:53,10357,10358,10357,1
2019-05-24,15:43:55,10357,10358,10357,1
2019-05-24,15:44:01,10357,10358,10357,1
2019-05-24,15:44:01,10357,10358,10357,1
2019-05-24,15:44:01,10357,10358,10357,1
2019-05-24,15:44:01,10357,10358,10357,9
2019-05-24,15:44:11,10356,10357,10356,1
2019-05-24,15:44:16,10356,10357,10356,1
2019-05-24,15:44:18,10356,10357,10356,2
2019-05-24,15:44:21,10356,10357,10356,2
2019-05-24,15:44:22,10356,10357,10356,2
2019-05-24,15:44:24,10355,10356,10356,3
2019-05-24,15:44:31,10355,10356,10356,1
2019-05-24,15:44:31,10355,10356,10356,1
2019-05-24,15:44:49,10356,10357,10356,3
2019-05-24,15:44:51,10355,10356,10356,1
2019-05-24,15:44:55,10355,10356,10355,4
2019-05-24,15:45:00,10355,10356,10355,3
2019-05-24,15:45:01,10355,10356,10355,1
2019-05-24,15:45:02,10355,10356,10355,1
2019-05-24,15:45:31,10355,10356,10356,1
2019-05-24,15:45:31,10355,10356,10356,7
2019-05-24,15:45:31,10355,10357,10356,1
2019-05-24,15:45:43,10356,10357,10356,1
2019-05-24,15:45:52,10355,10356,10356,2
2019-05-24,15:45:59,10356,10357,10357,2
2019-05-24,15:46:47,10356,10357,10357,1
2019-05-24,15:47:01,10356,10357,10356,2
2019-05-24,15:47:04,10356,10357,10356,1
2019-05-24,15:47:04,10356,10357,10356,2
2019-05-24,15:47:06,10356,10357,10356,4
2019-05-24,15:47:17,10355,10356,10355,1
2019-05-24,15:47:17,10355,10356,10355,2
2019-05-24,15:47:17,10355,10356,10355,9
2019-05-24,15:47:17,10355,10356,10355,1
2019-05-24,15:47:17,10355,10356,10355,1
2019-05-24,15:47:21,10355,10356,10355,1
2019-05-24,15:47:44,10355,10356,10355,1
2019-05-24,15:47:48,10355,10356,10355,1
2019-05-24,15:47:50,10355,10356,10355,1
2019-05-24,15:47:58,10354,10355,10355,1
2019-05-24,15:47:58,10354,10356,10355,1
2019-05-24,15:48:03,10355,10356,10355,1
2019-05-24,15:48:13,10355,10356,10355,1
2019-05-24,15:48:15,10354,10355,10355,1
2019-05-24,15:48:31,10354,10355,10355,1
2019-05-24,15:48:59,10354,10355,10355,1
2019-05-24,15:49:09,10354,10355,10354,25
2019-05-24,15:49:14,10354,10355,10354,1
2019-05-24,15:49:26,10354,10355,10354,4
2019-05-24,15:49:27,10354,10355,10354,4
2019-05-24,15:49:29,10354,10355,10354,1
2019-05-24,15:49:32,10354,10355,10355,10
2019-05-24,15:49:48,10354,10355,10355,2
2019-05-24,15:50:02,10355,10356,10356,1
2019-05-24,15:50:02,10355,10356,10355,1
2019-05-24,15:50:05,10355,10356,10355,10
2019-05-24,15:50:07,10355,10356,10355,1
2019-05-24,15:50:19,10355,10356,10355,1
2019-05-24,15:50:44,10355,10356,10355,17
2019-05-24,15:50:48,10354,10355,10354,1
2019-05-24,15:50:49,10354,10355,10355,1
2019-05-24,15:50:53,10354,10355,10355,1
2019-05-24,15:51:00,10354,10355,10354,1
2019-05-24,15:51:05,10354,10355,10354,3
2019-05-24,15:51:07,10353,10354,10354,1
2019-05-24,15:51:23,10353,10354,10354,2
2019-05-24,15:51:35,10353,10354,10354,3
2019-05-24,15:51:35,10353,10354,10354,1
2019-05-24,15:51:42,10353,10354,10354,1
2019-05-24,15:51:57,10353,10354,10354,1
2019-05-24,15:52:02,10354,10355,10354,2
2019-05-24,15:52:07,10354,10355,10355,1
2019-05-24,15:52:17,10354,10355,10354,1
2019-05-24,15:52:34,10354,10355,10355,3
2019-05-24,15:52:39,10354,10355,10354,1
2019-05-24,15:53:08,10354,10355,10354,1
2019-05-24,15:53:49,10353,10354,10354,1
2019-05-24,15:53:52,10353,10354,10354,1
2019-05-24,15:53:52,10353,10354,10353,1
2019-05-24,15:53:53,10353,10354,10353,1
2019-05-24,15:53:53,10353,10354,10353,1
2019-05-24,15:54:14,10353,10354,10354,1
2019-05-24,15:54:18,10353,10354,10353,1
2019-05-24,15:54:26,10353,10354,10353,1
2019-05-24,15:54:33,10353,10354,10353,4
2019-05-24,15:54:43,10353,10354,10353,5
2019-05-24,15:54:50,10353,10354,10353,1
2019-05-24,15:55:02,10353,10354,10353,2
2019-05-24,15:55:03,10353,10354,10353,2
2019-05-24,15:55:12,10353,10354,10353,2
2019-05-24,15:55:23,10353,10354,10353,2
2019-05-24,15:55:38,10353,10354,10353,5
2019-05-24,15:55:43,10353,10354,10353,1
2019-05-24,15:55:44,10353,10354,10353,1
2019-05-24,15:55:44,10353,10354,10353,1
2019-05-24,15:55:53,10353,10354,10353,1
2019-05-24,15:55:53,10353,10354,10353,1
2019-05-24,15:55:54,10353,10354,10353,1
2019-05-24,15:55:58,10353,10354,10353,3
2019-05-24,15:56:02,10353,10354,10353,1
2019-05-24,15:56:11,10353,10354,10353,1
2019-05-24,15:56:11,10352,10353,10352,1
2019-05-24,15:56:13,10352,10353,10353,1
2019-05-24,15:56:22,10352,10353,10353,2
2019-05-24,15:56:23,10352,10353,10353,1
2019-05-24,15:56:36,10352,10353,10352,1
2019-05-24,15:56:47,10352,10353,10352,1
2019-05-24,15:56:56,10352,10353,10353,1
2019-05-24,15:57:01,10352,10354,10352,1
2019-05-24,15:57:01,10352,10354,10354,3
2019-05-24,15:57:01,10352,10354,10354,3
2019-05-24,15:57:01,10352,10354,10354,3
2019-05-24,15:57:02,10352,10354,10354,1
2019-05-24,15:57:02,10352,10354,10354,3
2019-05-24,15:57:02,10353,10354,10354,3
2019-05-24,15:57:02,10353,10354,10354,1
2019-05-24,15:57:02,10353,10354,10354,1
2019-05-24,15:57:02,10353,10354,10355,1
2019-05-24,15:57:02,10353,10355,10355,1
2019-05-24,15:57:13,10353,10355,10353,1
2019-05-24,15:57:42,10354,10355,10354,2
2019-05-24,15:57:46,10354,10355,10354,1
2019-05-24,15:57:52,10354,10355,10354,1
2019-05-24,15:58:02,10354,10355,10354,5
2019-05-24,15:58:11,10354,10355,10355,1
2019-05-24,15:58:16,10354,10355,10354,10
2019-05-24,15:58:19,10353,10354,10354,1
2019-05-24,15:58:19,10353,10354,10354,2
2019-05-24,15:59:21,10354,10355,10354,2
2019-05-24,15:59:34,10354,10355,10354,2
2019-05-24,15:59:34,10354,10355,10354,1
2019-05-24,15:59:42,10353,10354,10354,1
2019-05-24,16:00:32,10353,10354,10354,2
2019-05-24,16:00:33,10353,10354,10354,1
2019-05-24,16:00:54,10353,10354,10354,3
2019-05-24,16:01:02,10354,10355,10354,5
2019-05-24,16:01:04,10354,10355,10354,2
2019-05-24,16:01:28,10353,10354,10354,2
2019-05-24,16:01:28,10353,10354,10354,1
2019-05-24,16:02:02,10353,10355,10355,1
2019-05-24,16:02:11,10354,10355,10355,2
2019-05-24,16:02:11,10354,10355,10355,1
2019-05-24,16:02:11,10354,10355,10355,4
2019-05-24,16:02:11,10354,10355,10355,4
2019-05-24,16:02:15,10354,10355,10355,1
2019-05-24,16:02:19,10354,10355,10355,1
2019-05-24,16:02:42,10354,10355,10355,3
2019-05-24,16:03:03,10354,10355,10355,2
2019-05-24,16:03:03,10354,10355,10355,7
2019-05-24,16:03:03,10354,10355,10355,1
2019-05-24,16:03:03,10354,10355,10355,1
2019-05-24,16:03:03,10354,10355,10355,1
2019-05-24,16:03:03,10354,10355,10355,2
2019-05-24,16:03:29,10355,10356,10355,1
2019-05-24,16:03:33,10355,10356,10355,1
2019-05-24,16:03:35,10355,10356,10356,2
2019-05-24,16:03:35,10355,10356,10356,8
2019-05-24,16:03:35,10355,10356,10356,1
2019-05-24,16:03:36,10356,10357,10357,3
2019-05-24,16:03:37,10356,10357,10357,1
2019-05-24,16:03:37,10356,10357,10357,1
2019-05-24,16:03:37,10356,10357,10357,3
2019-05-24,16:03:42,10356,10358,10358,1
2019-05-24,16:03:52,10356,10357,10357,1
2019-05-24,16:03:53,10357,10358,10357,1
2019-05-24,16:04:02,10357,10358,10358,1
2019-05-24,16:04:03,10357,10358,10357,1
2019-05-24,16:04:05,10357,10358,10358,1
2019-05-24,16:04:15,10357,10358,10357,7
2019-05-24,16:04:22,10357,10358,10357,1
2019-05-24,16:04:36,10357,10358,10357,1
2019-05-24,16:04:37,10357,10358,10357,1
2019-05-24,16:04:48,10357,10358,10357,1
2019-05-24,16:04:50,10357,10358,10357,3
2019-05-24,16:04:51,10357,10358,10358,18
2019-05-24,16:04:57,10357,10358,10358,2
2019-05-24,16:04:58,10357,10358,10358,1
2019-05-24,16:04:58,10357,10359,10359,1
2019-05-24,16:04:58,10357,10359,10359,1
2019-05-24,16:04:58,10357,10359,10359,1
2019-05-24,16:05:00,10358,10359,10359,1
2019-05-24,16:05:00,10358,10359,10358,1
2019-05-24,16:05:07,10357,10358,10358,2
2019-05-24,16:05:08,10357,10358,10357,12
2019-05-24,16:05:08,10356,10357,10357,1
2019-05-24,16:05:18,10357,10358,10357,2
2019-05-24,16:05:18,10357,10358,10357,1
2019-05-24,16:05:18,10357,10358,10357,1
2019-05-24,16:05:18,10357,10358,10357,1
2019-05-24,16:05:18,10357,10358,10357,2
2019-05-24,16:05:34,10356,10357,10357,1
2019-05-24,16:05:44,10356,10357,10357,3
2019-05-24,16:06:05,10356,10357,10357,1
2019-05-24,16:06:09,10356,10357,10357,2
2019-05-24,16:06:29,10357,10358,10357,1
2019-05-24,16:06:29,10356,10357,10357,1
2019-05-24,16:06:36,10356,10357,10357,1
2019-05-24,16:06:39,10357,10358,10357,1
2019-05-24,16:06:39,10357,10358,10357,1
2019-05-24,16:06:43,10357,10358,10357,2
2019-05-24,16:06:45,10357,10358,10356,3
2019-05-24,16:06:45,10357,10358,10357,2
2019-05-24,16:06:49,10356,10357,10357,1
2019-05-24,16:07:09,10356,10357,10357,1
2019-05-24,16:07:13,10356,10357,10357,1
2019-05-24,16:07:38,10356,10357,10356,12
2019-05-24,16:07:38,10356,10357,10356,2
2019-05-24,16:07:40,10355,10356,10356,14
2019-05-24,16:07:45,10356,10357,10356,1
2019-05-24,16:07:49,10355,10356,10356,1
2019-05-24,16:07:52,10355,10356,10356,2
2019-05-24,16:07:53,10356,10357,10356,1
2019-05-24,16:07:53,10356,10357,10356,1
2019-05-24,16:07:58,10355,10356,10355,1
2019-05-24,16:07:59,10355,10356,10356,1
2019-05-24,16:08:16,10355,10356,10355,2
2019-05-24,16:08:30,10355,10356,10355,2
2019-05-24,16:08:30,10355,10356,10355,2
2019-05-24,16:08:30,10355,10356,10354,1
2019-05-24,16:08:30,10355,10356,10355,3
2019-05-24,16:08:41,10354,10355,10355,2
2019-05-24,16:08:45,10355,10356,10355,2
2019-05-24,16:09:10,10355,10356,10355,2
2019-05-24,16:09:39,10355,10356,10356,2
2019-05-24,16:09:48,10355,10356,10356,1
2019-05-24,16:09:48,10355,10356,10356,1
2019-05-24,16:09:48,10355,10356,10356,1
2019-05-24,16:09:53,10356,10357,10356,8
2019-05-24,16:11:00,10356,10357,10357,1
2019-05-24,16:11:01,10356,10357,10357,2
2019-05-24,16:11:11,10356,10357,10357,1
2019-05-24,16:11:19,10356,10357,10357,1
2019-05-24,16:11:34,10356,10357,10356,1
2019-05-24,16:11:34,10356,10357,10356,2
2019-05-24,16:11:34,10356,10357,10356,7
2019-05-24,16:11:46,10355,10356,10356,1
2019-05-24,16:12:00,10355,10356,10356,1
2019-05-24,16:12:15,10356,10357,10356,1
2019-05-24,16:12:18,10356,10357,10356,1
2019-05-24,16:12:18,10356,10357,10356,2
2019-05-24,16:12:18,10356,10357,10356,5
2019-05-24,16:12:39,10355,10356,10356,1
2019-05-24,16:12:54,10356,10357,10356,1
2019-05-24,16:13:00,10355,10356,10356,1
2019-05-24,16:13:02,10355,10356,10355,10
2019-05-24,16:13:03,10355,10356,10355,6
2019-05-24,16:13:11,10354,10355,10355,1
2019-05-24,16:13:24,10354,10355,10355,1
2019-05-24,16:13:26,10354,10355,10355,2
2019-05-24,16:13:31,10354,10355,10354,2
2019-05-24,16:13:31,10354,10355,10354,2
2019-05-24,16:13:33,10354,10355,10354,2
2019-05-24,16:13:38,10354,10355,10354,2
2019-05-24,16:13:54,10354,10355,10355,1
2019-05-24,16:13:59,10354,10355,10355,1
2019-05-24,16:14:20,10354,10355,10355,1
2019-05-24,16:14:20,10354,10355,10355,1
2019-05-24,16:14:20,10354,10355,10355,2
2019-05-24,16:14:28,10355,10356,10355,1
2019-05-24,16:14:49,10355,10356,10356,4
2019-05-24,16:14:53,10355,10357,10355,1
2019-05-24,16:15:16,10355,10356,10356,1
2019-05-24,16:15:17,10355,10356,10355,2
2019-05-24,16:15:31,10355,10356,10356,2
2019-05-24,16:16:21,10355,10356,10355,2
2019-05-24,16:16:39,10355,10356,10355,1
2019-05-24,16:16:49,10355,10356,10356,1
2019-05-24,16:17:10,10355,10356,10355,1
2019-05-24,16:17:33,10355,10356,10356,4
2019-05-24,16:17:42,10356,10357,10357,3
2019-05-24,16:18:19,10356,10357,10357,2
2019-05-24,16:18:19,10356,10357,10357,1
2019-05-24,16:19:22,10356,10357,10356,1
2019-05-24,16:19:22,10356,10357,10356,2
2019-05-24,16:19:25,10355,10356,10356,1
2019-05-24,16:19:37,10355,10356,10356,1
2019-05-24,16:20:20,10355,10356,10356,1
2019-05-24,16:20:20,10355,10356,10356,1
2019-05-24,16:20:28,10355,10356,10356,7
2019-05-24,16:20:40,10355,10356,10356,1
2019-05-24,16:20:47,10356,10357,10356,1
2019-05-24,16:20:47,10355,10356,10355,1
2019-05-24,16:20:59,10355,10356,10355,1
2019-05-24,16:21:16,10355,10356,10355,8
2019-05-24,16:21:33,10355,10356,10355,1
2019-05-24,16:21:38,10355,10356,10355,2
2019-05-24,16:21:57,10354,10355,10355,1
2019-05-24,16:22:02,10354,10355,10355,5
2019-05-24,16:22:05,10354,10355,10355,2
2019-05-24,16:22:21,10355,10356,10355,3
2019-05-24,16:22:41,10355,10356,10355,1
2019-05-24,16:22:57,10355,10356,10356,3
2019-05-24,16:23:03,10355,10356,10355,2
2019-05-24,16:23:14,10355,10356,10355,1
2019-05-24,16:23:14,10355,10356,10355,1
2019-05-24,16:23:14,10355,10356,10355,1
2019-05-24,16:23:14,10355,10356,10355,1
2019-05-24,16:23:15,10355,10356,10355,2
2019-05-24,16:23:33,10354,10355,10355,1
2019-05-24,16:24:18,10354,10355,10355,1
2019-05-24,16:24:52,10354,10355,10355,1
2019-05-24,16:25:02,10354,10355,10354,5
2019-05-24,16:25:18,10354,10355,10354,2
2019-05-24,16:25:20,10354,10355,10354,5
2019-05-24,16:25:21,10354,10355,10354,9
2019-05-24,16:25:23,10353,10354,10354,5
2019-05-24,16:25:24,10353,10354,10354,1
2019-05-24,16:25:28,10354,10355,10354,2
2019-05-24,16:25:29,10354,10355,10354,2
2019-05-24,16:25:33,10354,10355,10354,1
2019-05-24,16:25:36,10354,10355,10354,3
2019-05-24,16:25:46,10353,10354,10354,2
2019-05-24,16:26:02,10354,10355,10354,5
2019-05-24,16:26:07,10354,10355,10354,1
2019-05-24,16:26:22,10354,10355,10354,1
2019-05-24,16:26:23,10354,10355,10354,2
2019-05-24,16:26:25,10353,10354,10354,1
2019-05-24,16:26:30,10353,10354,10354,2
2019-05-24,16:27:02,10354,10355,10354,4
2019-05-24,16:27:03,10354,10355,10353,1
2019-05-24,16:27:03,10354,10355,10354,1
2019-05-24,16:27:03,10353,10354,10353,2
2019-05-24,16:27:03,10353,10355,10353,8
2019-05-24,16:27:03,10353,10355,10353,8
2019-05-24,16:27:08,10353,10354,10353,1
2019-05-24,16:27:14,10353,10354,10354,1
2019-05-24,16:27:38,10353,10354,10354,2
2019-05-24,16:27:39,10353,10354,10354,2
2019-05-24,16:27:42,10354,10355,10354,3
2019-05-24,16:27:43,10353,10354,10354,2
2019-05-24,16:27:50,10353,10354,10354,1
2019-05-24,16:27:52,10354,10355,10354,1
2019-05-24,16:28:06,10354,10355,10355,2
2019-05-24,16:28:19,10354,10355,10355,1
2019-05-24,16:28:37,10354,10355,10354,4
2019-05-24,16:28:54,10353,10354,10354,1
2019-05-24,16:29:12,10353,10354,10354,1
2019-05-24,16:29:13,10353,10354,10354,1
2019-05-24,16:29:22,10353,10354,10354,2
2019-05-24,16:29:25,10353,10354,10354,1
2019-05-24,16:29:37,10354,10355,10354,1
2019-05-24,16:29:37,10354,10355,10355,2
2019-05-24,16:29:51,10354,10355,10355,2
2019-05-24,16:29:54,10354,10355,10355,2
2019-05-24,16:30:00,10354,10355,10354,1
2019-05-24,16:30:00,10354,10355,10354,2
2019-05-24,16:30:02,10354,10355,10354,5
2019-05-24,16:30:10,10354,10355,10355,15
2019-05-24,16:30:46,10354,10355,10355,1
2019-05-24,16:31:02,10355,10356,10356,1
2019-05-24,16:31:02,10355,10356,10356,1
2019-05-24,16:31:02,10355,10356,10356,1
2019-05-24,16:31:02,10355,10356,10356,9
2019-05-24,16:31:13,10356,10357,10357,1
2019-05-24,16:31:13,10356,10357,10356,1
2019-05-24,16:31:51,10356,10357,10356,2
2019-05-24,16:31:59,10355,10356,10355,3
2019-05-24,16:32:05,10354,10355,10355,1
2019-05-24,16:32:05,10354,10355,10355,2
2019-05-24,16:32:06,10354,10355,10354,5
2019-05-24,16:32:07,10354,10355,10354,2
2019-05-24,16:32:12,10354,10355,10355,3
2019-05-24,16:32:14,10354,10355,10355,1
2019-05-24,16:32:24,10354,10355,10355,1
2019-05-24,16:32:32,10354,10355,10355,1
2019-05-24,16:32:33,10354,10355,10355,1
2019-05-24,16:32:40,10354,10355,10354,6
2019-05-24,16:32:41,10353,10354,10354,1
2019-05-24,16:33:02,10353,10354,10353,1
2019-05-24,16:33:30,10353,10355,10353,1
2019-05-24,16:34:14,10354,10355,10355,3
2019-05-24,16:34:14,10354,10355,10355,1
2019-05-24,16:34:28,10354,10355,10355,2
2019-05-24,16:34:34,10354,10355,10354,1
2019-05-24,16:35:26,10354,10355,10354,1
2019-05-24,16:35:30,10354,10355,10355,1
2019-05-24,16:35:36,10354,10355,10355,4
2019-05-24,16:35:44,10355,10356,10356,1
2019-05-24,16:35:44,10355,10356,10356,1
2019-05-24,16:35:56,10354,10355,10355,3
2019-05-24,16:35:57,10354,10355,10355,1
2019-05-24,16:35:57,10354,10355,10355,1
2019-05-24,16:36:29,10355,10356,10356,1
2019-05-24,16:36:29,10355,10356,10355,1
2019-05-24,16:36:55,10355,10356,10356,1
2019-05-24,16:37:11,10355,10356,10356,3
2019-05-24,16:37:15,10355,10356,10356,1
2019-05-24,16:37:29,10355,10356,10356,1
2019-05-24,16:37:36,10355,10356,10356,1
2019-05-24,16:37:45,10355,10356,10356,1
2019-05-24,16:37:50,10355,10357,10355,1
2019-05-24,16:37:57,10355,10356,10356,1
2019-05-24,16:38:20,10356,10357,10356,1
2019-05-24,16:38:47,10355,10356,10356,2
2019-05-24,16:38:47,10355,10356,10356,1
2019-05-24,16:38:47,10355,10356,10356,1
2019-05-24,16:38:47,10355,10356,10356,1
2019-05-24,16:38:47,10355,10356,10356,1
2019-05-24,16:38:56,10355,10356,10356,1
2019-05-24,16:39:06,10355,10356,10356,1
2019-05-24,16:39:12,10356,10357,10357,1
2019-05-24,16:39:14,10356,10357,10357,1
2019-05-24,16:39:25,10356,10357,10357,1
2019-05-24,16:39:32,10356,10357,10357,1
2019-05-24,16:39:36,10356,10357,10357,1
2019-05-24,16:39:46,10356,10357,10357,1
2019-05-24,16:39:54,10356,10357,10357,1
2019-05-24,16:39:57,10356,10357,10357,1
2019-05-24,16:39:58,10356,10357,10357,1
2019-05-24,16:40:00,10356,10357,10357,1
2019-05-24,16:40:06,10356,10357,10357,1
2019-05-24,16:40:32,10356,10357,10356,1
2019-05-24,16:40:56,10356,10357,10356,1
2019-05-24,16:41:18,10356,10357,10356,1
2019-05-24,16:41:26,10356,10357,10357,2
2019-05-24,16:41:31,10356,10357,10357,4
2019-05-24,16:42:03,10356,10357,10356,2
2019-05-24,16:42:22,10356,10357,10356,1
2019-05-24,16:42:23,10356,10357,10357,1
2019-05-24,16:42:33,10356,10357,10356,2
2019-05-24,16:42:33,10356,10357,10356,2
2019-05-24,16:42:33,10356,10357,10356,1
2019-05-24,16:43:08,10355,10356,10356,1
2019-05-24,16:43:31,10355,10356,10356,2
2019-05-24,16:43:33,10355,10356,10356,1
2019-05-24,16:43:40,10355,10356,10356,2
2019-05-24,16:44:24,10356,10357,10356,1
2019-05-24,16:44:27,10356,10357,10356,1
2019-05-24,16:44:59,10355,10356,10356,1
2019-05-24,16:45:00,10355,10356,10356,1
2019-05-24,16:45:37,10356,10357,10357,2
2019-05-24,16:45:37,10356,10357,10357,2
2019-05-24,16:45:37,10356,10357,10357,2
2019-05-24,16:45:37,10356,10357,10357,1
2019-05-24,16:45:38,10356,10357,10357,19
2019-05-24,16:45:38,10356,10357,10356,4
2019-05-24,16:45:39,10357,10358,10358,2
2019-05-24,16:45:41,10357,10358,10358,1
2019-05-24,16:45:49,10357,10358,10358,1
2019-05-24,16:46:03,10357,10358,10358,6
2019-05-24,16:46:27,10357,10358,10358,2
2019-05-24,16:46:47,10357,10358,10358,1
2019-05-24,16:46:55,10357,10358,10358,2
2019-05-24,16:47:02,10357,10358,10357,8
2019-05-24,16:47:02,10356,10357,10357,2
2019-05-24,16:47:37,10356,10357,10357,2
2019-05-24,16:47:43,10356,10357,10357,2
2019-05-24,16:47:57,10356,10357,10356,1
2019-05-24,16:47:57,10356,10357,10356,1
2019-05-24,16:47:57,10356,10357,10356,1
2019-05-24,16:47:57,10356,10357,10356,1
2019-05-24,16:48:04,10356,10357,10356,1
2019-05-24,16:48:05,10356,10357,10357,1
2019-05-24,16:48:19,10356,10357,10356,1
2019-05-24,16:48:22,10356,10357,10356,1
2019-05-24,16:48:22,10356,10357,10356,1
2019-05-24,16:48:31,10355,10356,10356,1
2019-05-24,16:49:32,10355,10356,10356,2
2019-05-24,16:49:32,10356,10357,10356,1
2019-05-24,16:49:32,10356,10357,10356,1
2019-05-24,16:49:52,10356,10357,10356,1
2019-05-24,16:50:34,10356,10357,10357,2
2019-05-24,16:50:34,10356,10357,10357,2
2019-05-24,16:51:04,10357,10358,10357,1
2019-05-24,16:51:04,10357,10358,10357,1
2019-05-24,16:51:12,10357,10358,10357,1
2019-05-24,16:51:43,10356,10357,10357,1
2019-05-24,16:51:48,10356,10357,10357,1
2019-05-24,16:51:58,10356,10357,10357,1
2019-05-24,16:52:03,10356,10357,10357,1
2019-05-24,16:52:03,10356,10357,10358,1
2019-05-24,16:52:10,10356,10357,10357,1
2019-05-24,16:53:03,10356,10357,10357,1
2019-05-24,16:53:19,10356,10357,10356,1
2019-05-24,16:53:30,10356,10357,10356,2
2019-05-24,16:53:45,10356,10357,10356,9
2019-05-24,16:54:23,10355,10356,10356,1
2019-05-24,16:54:58,10355,10356,10356,1
2019-05-24,16:55:04,10355,10356,10355,1
2019-05-24,16:55:19,10355,10356,10356,5
2019-05-24,16:55:28,10355,10356,10355,1
2019-05-24,16:55:37,10356,10357,10356,1
2019-05-24,16:55:48,10355,10356,10355,15
2019-05-24,16:56:23,10355,10356,10356,1
2019-05-24,16:56:50,10355,10356,10356,1
2019-05-24,16:57:00,10355,10356,10355,13
2019-05-24,16:57:01,10355,10356,10355,15
2019-05-24,16:57:02,10354,10355,10354,1
2019-05-24,16:57:37,10354,10355,10355,3
2019-05-24,16:58:26,10354,10355,10354,1
2019-05-24,16:58:42,10354,10355,10354,2
2019-05-24,16:58:43,10354,10355,10355,1
2019-05-24,16:59:00,10354,10355,10354,1
2019-05-24,16:59:00,10354,10355,10354,1
2019-05-24,17:00:03,10354,10355,10355,1
2019-05-24,17:00:23,10354,10355,10355,1
2019-05-24,17:01:19,10354,10355,10354,1
2019-05-24,17:01:30,10354,10355,10354,1
2019-05-24,17:01:32,10354,10355,10355,1
2019-05-24,17:01:36,10354,10355,10354,1
2019-05-24,17:02:01,10354,10355,10354,6
2019-05-24,17:02:01,10354,10355,10354,1
2019-05-24,17:02:01,10354,10355,10354,3
2019-05-24,17:02:01,10354,10355,10354,5
2019-05-24,17:02:01,10354,10355,10354,4
2019-05-24,17:02:06,10353,10354,10354,2
2019-05-24,17:02:06,10353,10354,10354,1
2019-05-24,17:02:14,10353,10354,10354,1
2019-05-24,17:02:14,10353,10354,10354,1
2019-05-24,17:02:24,10353,10354,10354,1
2019-05-24,17:02:39,10353,10354,10353,1
2019-05-24,17:02:40,10353,10354,10353,1
2019-05-24,17:02:41,10353,10354,10353,1
2019-05-24,17:02:42,10353,10354,10353,3
2019-05-24,17:02:47,10353,10354,10353,2
2019-05-24,17:02:53,10353,10354,10353,20
2019-05-24,17:02:53,10353,10354,10353,1
2019-05-24,17:02:53,10353,10354,10353,1
2019-05-24,17:03:02,10352,10353,10352,9
2019-05-24,17:03:02,10352,10353,10352,1
2019-05-24,17:03:02,10352,10353,10352,2
2019-05-24,17:03:02,10352,10353,10352,1
2019-05-24,17:03:02,10352,10353,10352,1
2019-05-24,17:03:02,10352,10353,10352,1
2019-05-24,17:03:02,10352,10353,10352,1
2019-05-24,17:03:04,10352,10353,10352,1
2019-05-24,17:03:04,10352,10353,10352,1
2019-05-24,17:03:06,10352,10353,10352,1
2019-05-24,17:03:06,10352,10353,10352,1
2019-05-24,17:03:14,10352,10353,10352,1
2019-05-24,17:03:15,10352,10353,10352,1
2019-05-24,17:03:31,10352,10353,10353,2
2019-05-24,17:03:31,10352,10353,10353,1
2019-05-24,17:03:55,10353,10354,10353,1
2019-05-24,17:04:43,10353,10354,10354,2
2019-05-24,17:04:52,10353,10354,10353,1
2019-05-24,17:05:04,10353,10354,10353,2
2019-05-24,17:05:28,10352,10353,10353,1
2019-05-24,17:05:32,10352,10353,10353,1
2019-05-24,17:05:36,10353,10354,10353,1
2019-05-24,17:05:38,10353,10354,10353,1
2019-05-24,17:05:51,10353,10354,10353,1
2019-05-24,17:06:03,10353,10354,10353,1
2019-05-24,17:06:08,10352,10353,10353,1
2019-05-24,17:06:11,10353,10354,10353,1
2019-05-24,17:06:17,10353,10354,10354,8
2019-05-24,17:06:27,10354,10355,10354,1
2019-05-24,17:06:44,10354,10355,10354,1
2019-05-24,17:06:48,10354,10355,10354,1
2019-05-24,17:06:52,10354,10355,10355,1
2019-05-24,17:06:52,10354,10355,10355,1
2019-05-24,17:06:52,10354,10355,10355,1
2019-05-24,17:07:05,10354,10355,10355,1
2019-05-24,17:07:16,10354,10355,10355,2
2019-05-24,17:07:29,10354,10355,10355,7
2019-05-24,17:07:29,10355,10356,10355,1
2019-05-24,17:08:13,10355,10356,10356,6
2019-05-24,17:08:14,10355,10356,10356,1
2019-05-24,17:08:14,10355,10356,10356,1
2019-05-24,17:08:14,10355,10356,10356,13
2019-05-24,17:08:22,10356,10357,10356,2
2019-05-24,17:08:54,10355,10357,10357,1
2019-05-24,17:09:48,10355,10356,10356,1
2019-05-24,17:09:58,10355,10356,10356,2
2019-05-24,17:10:23,10355,10356,10356,1
2019-05-24,17:10:52,10356,10357,10357,1
2019-05-24,17:10:53,10356,10357,10356,1
2019-05-24,17:11:02,10356,10357,10356,1
2019-05-24,17:11:17,10355,10356,10356,2
2019-05-24,17:11:32,10355,10356,10356,1
2019-05-24,17:12:02,10355,10356,10356,10
2019-05-24,17:12:02,10355,10356,10356,1
2019-05-24,17:12:11,10355,10356,10355,15
2019-05-24,17:12:43,10354,10355,10355,1
2019-05-24,17:12:54,10354,10355,10354,1
2019-05-24,17:12:54,10354,10355,10354,1
2019-05-24,17:12:56,10354,10355,10354,4
2019-05-24,17:12:56,10354,10355,10354,1
2019-05-24,17:12:56,10354,10355,10354,6
2019-05-24,17:13:00,10353,10354,10354,1
2019-05-24,17:13:16,10353,10354,10354,1
2019-05-24,17:14:52,10353,10354,10353,1
2019-05-24,17:15:13,10353,10354,10353,1
2019-05-24,17:15:13,10353,10354,10353,1
2019-05-24,17:15:18,10353,10354,10353,2
2019-05-24,17:15:23,10353,10354,10353,15
2019-05-24,17:15:28,10352,10353,10353,1
2019-05-24,17:15:31,10352,10353,10353,1
2019-05-24,17:15:36,10352,10353,10352,1
2019-05-24,17:15:41,10352,10353,10352,1
2019-05-24,17:15:46,10352,10353,10352,1
2019-05-24,17:15:47,10352,10353,10352,1
2019-05-24,17:16:13,10352,10353,10352,1
2019-05-24,17:16:28,10352,10353,10353,1
2019-05-24,17:16:31,10352,10353,10353,1
2019-05-24,17:16:58,10353,10354,10353,2
2019-05-24,17:17:52,10353,10354,10353,3
2019-05-24,17:18:27,10352,10353,10353,1
2019-05-24,17:18:45,10352,10353,10353,1
2019-05-24,17:18:55,10352,10353,10353,2
2019-05-24,17:18:58,10352,10354,10352,1
2019-05-24,17:19:10,10353,10354,10354,1
2019-05-24,17:19:59,10353,10354,10353,1
2019-05-24,17:19:59,10353,10354,10353,1
2019-05-24,17:20:27,10353,10354,10354,3
2019-05-24,17:20:38,10353,10354,10354,1
2019-05-24,17:20:51,10353,10354,10353,2
2019-05-24,17:21:07,10352,10353,10353,1
2019-05-24,17:21:09,10352,10353,10353,2
2019-05-24,17:21:30,10352,10353,10352,1
2019-05-24,17:21:34,10352,10353,10353,1
2019-05-24,17:21:47,10352,10353,10352,3
2019-05-24,17:21:50,10352,10353,10353,10
2019-05-24,17:22:30,10352,10353,10353,1
2019-05-24,17:22:50,10352,10353,10353,1
2019-05-24,17:23:03,10352,10353,10353,2
2019-05-24,17:23:26,10352,10353,10353,10
2019-05-24,17:23:54,10352,10353,10352,4
2019-05-24,17:23:58,10352,10353,10352,3
2019-05-24,17:24:04,10352,10353,10352,1
2019-05-24,17:24:04,10352,10353,10352,1
2019-05-24,17:24:04,10352,10353,10352,1
2019-05-24,17:24:42,10352,10353,10352,37
2019-05-24,17:24:50,10351,10352,10351,1
2019-05-24,17:25:06,10351,10352,10351,1
2019-05-24,17:25:06,10351,10352,10351,1
2019-05-24,17:25:07,10351,10352,10351,1
2019-05-24,17:25:10,10351,10352,10351,1
2019-05-24,17:25:21,10351,10352,10351,1
2019-05-24,17:25:32,10351,10352,10351,5
2019-05-24,17:25:32,10351,10352,10351,5
2019-05-24,17:25:33,10351,10352,10351,1
2019-05-24,17:25:34,10351,10352,10351,1
2019-05-24,17:25:35,10351,10352,10351,1
2019-05-24,17:25:50,10351,10352,10351,1
2019-05-24,17:25:52,10351,10352,10351,1
2019-05-24,17:25:55,10351,10352,10351,1
2019-05-24,17:25:58,10351,10352,10351,1
2019-05-24,17:26:01,10351,10352,10351,1
2019-05-24,17:26:01,10351,10352,10351,4
2019-05-24,17:26:03,10351,10352,10351,2
2019-05-24,17:26:07,10351,10352,10351,1
2019-05-24,17:26:22,10351,10352,10352,2
2019-05-24,17:26:24,10351,10352,10351,13
2019-05-24,17:26:35,10351,10352,10351,1
2019-05-24,17:26:37,10351,10352,10351,7
2019-05-24,17:27:01,10350,10351,10351,2
2019-05-24,17:27:01,10350,10351,10351,1
2019-05-24,17:27:04,10350,10351,10351,1
2019-05-24,17:27:40,10350,10351,10351,1
2019-05-24,17:27:56,10350,10351,10351,6
2019-05-24,17:28:07,10350,10351,10351,1
2019-05-24,17:28:18,10350,10351,10351,5
2019-05-24,17:28:22,10351,10352,10351,1
2019-05-24,17:28:22,10351,10352,10351,1
2019-05-24,17:28:22,10351,10352,10351,1
2019-05-24,17:28:22,10351,10352,10351,1
2019-05-24,17:28:22,10351,10352,10351,1
2019-05-24,17:28:22,10351,10352,10351,1
2019-05-24,17:28:23,10350,10351,10351,1
2019-05-24,17:28:24,10350,10351,10351,2
2019-05-24,17:28:24,10350,10351,10351,1
2019-05-24,17:28:27,10350,10351,10351,1
2019-05-24,17:28:29,10350,10351,10351,1
2019-05-24,17:28:29,10350,10351,10351,1
2019-05-24,17:28:48,10350,10351,10350,1
2019-05-24,17:28:48,10350,10351,10350,1
2019-05-24,17:28:48,10350,10351,10350,1
2019-05-24,17:28:48,10350,10351,10350,1
2019-05-24,17:28:48,10350,10351,10350,1
2019-05-24,17:28:48,10350,10351,10350,1
2019-05-24,17:29:04,10350,10351,10350,1
2019-05-24,17:29:11,10350,10351,10350,1
2019-05-24,17:29:28,10350,10351,10350,1
2019-05-24,17:30:14,10350,10351,10351,1
2019-05-24,17:30:25,10350,10351,10350,1
2019-05-24,17:30:25,10350,10351,10350,30
2019-05-24,17:30:25,10350,10351,10350,1
2019-05-24,17:30:25,10350,10351,10350,3
2019-05-24,17:30:25,10350,10351,10350,1
2019-05-24,17:30:25,10350,10351,10350,4
2019-05-24,17:30:25,10350,10351,10350,4
2019-05-24,17:30:25,10350,10351,10350,1
2019-05-24,17:30:25,10349,10350,10349,1
2019-05-24,17:30:25,10349,10350,10349,3
2019-05-24,17:30:25,10349,10350,10349,6
2019-05-24,17:30:25,10349,10350,10349,7
2019-05-24,17:30:25,10349,10350,10349,21
2019-05-24,17:30:25,10348,10349,10348,3
2019-05-24,17:30:25,10348,10349,10348,1
2019-05-24,17:30:26,10348,10349,10348,1
2019-05-24,17:30:26,10348,10349,10349,1
2019-05-24,17:30:39,10348,10349,10348,2
2019-05-24,17:30:40,10348,10349,10348,1
2019-05-24,17:30:40,10348,10349,10348,1
2019-05-24,17:30:41,10348,10349,10348,1
2019-05-24,17:30:42,10348,10349,10349,1
2019-05-24,17:30:42,10348,10349,10348,1
2019-05-24,17:30:47,10348,10349,10348,1
2019-05-24,17:30:48,10348,10349,10348,1
2019-05-24,17:30:51,10348,10349,10349,1
2019-05-24,17:30:51,10348,10349,10348,2
2019-05-24,17:31:00,10348,10349,10348,17
2019-05-24,17:31:02,10347,10348,10348,1
2019-05-24,17:31:07,10347,10348,10347,1
2019-05-24,17:31:07,10347,10348,10347,2
2019-05-24,17:31:07,10347,10348,10347,2
2019-05-24,17:31:07,10347,10348,10347,2
2019-05-24,17:31:07,10347,10348,10347,2
2019-05-24,17:31:07,10347,10348,10347,2
2019-05-24,17:31:07,10347,10348,10347,1
2019-05-24,17:31:07,10347,10348,10347,2
2019-05-24,17:31:07,10347,10348,10347,2
2019-05-24,17:31:07,10347,10348,10347,2
2019-05-24,17:31:07,10347,10348,10347,2
2019-05-24,17:31:07,10347,10348,10346,1
2019-05-24,17:31:07,10347,10348,10347,1
2019-05-24,17:31:07,10347,10348,10346,2
2019-05-24,17:31:07,10346,10348,10346,3
2019-05-24,17:31:07,10346,10348,10346,4
2019-05-24,17:31:07,10346,10348,10346,2
2019-05-24,17:31:07,10346,10348,10346,1
2019-05-24,17:31:07,10346,10348,10346,1
2019-05-24,17:31:08,10346,10347,10346,1
2019-05-24,17:31:08,10346,10347,10346,1
2019-05-24,17:31:08,10346,10347,10346,2
2019-05-24,17:31:09,10346,10347,10346,2
2019-05-24,17:31:11,10346,10347,10346,9
2019-05-24,17:31:12,10346,10347,10347,1
2019-05-24,17:31:18,10346,10347,10347,1
2019-05-24,17:31:21,10346,10347,10346,1
2019-05-24,17:31:28,10346,10347,10347,1
2019-05-24,17:31:40,10346,10347,10347,4
2019-05-24,17:31:41,10346,10347,10347,1
2019-05-24,17:31:46,10347,10348,10347,1
2019-05-24,17:31:55,10346,10347,10347,8
2019-05-24,17:31:59,10347,10348,10348,7
2019-05-24,17:31:59,10347,10348,10349,23
2019-05-24,17:32:10,10348,10349,10349,1
2019-05-24,17:32:21,10348,10349,10349,1
2019-05-24,17:32:33,10348,10349,10348,2
2019-05-24,17:32:34,10347,10348,10348,1
2019-05-24,17:32:36,10347,10348,10348,1
2019-05-24,17:32:54,10347,10348,10347,1
2019-05-24,17:33:04,10347,10348,10348,2
2019-05-24,17:33:04,10347,10348,10349,1
2019-05-24,17:33:04,10348,10349,10348,1
2019-05-24,17:33:05,10348,10349,10348,1
2019-05-24,17:33:19,10347,10348,10348,4
2019-05-24,17:33:25,10348,10349,10349,1
2019-05-24,17:34:21,10348,10349,10349,2
2019-05-24,17:34:21,10348,10349,10349,1
2019-05-24,17:34:21,10348,10349,10349,1
2019-05-24,17:34:21,10348,10349,10349,1
2019-05-24,17:34:21,10348,10349,10349,10
2019-05-24,17:34:26,10349,10350,10350,1
2019-05-24,17:34:35,10349,10350,10350,1
2019-05-24,17:34:43,10349,10350,10350,2
2019-05-24,17:34:47,10349,10350,10350,1
2019-05-24,17:34:47,10349,10350,10350,1
2019-05-24,17:34:47,10349,10350,10350,1
2019-05-24,17:34:47,10349,10350,10350,2
2019-05-24,17:34:47,10349,10350,10350,2
2019-05-24,17:34:54,10350,10351,10351,1
2019-05-24,17:34:55,10350,10351,10350,1
2019-05-24,17:35:02,10350,10351,10350,1
2019-05-24,17:35:02,10350,10351,10350,2
2019-05-24,17:35:02,10349,10350,10349,1
2019-05-24,17:35:13,10349,10350,10349,1
2019-05-24,17:35:15,10349,10350,10349,1
2019-05-24,17:35:19,10349,10350,10349,1
2019-05-24,17:35:22,10349,10350,10349,1
2019-05-24,17:35:39,10349,10350,10349,1
2019-05-24,17:35:40,10349,10350,10349,1
2019-05-24,17:35:41,10348,10349,10348,1
2019-05-24,17:35:41,10348,10349,10348,1
2019-05-24,17:35:42,10348,10349,10348,1
2019-05-24,17:35:43,10348,10349,10349,1
2019-05-24,17:35:43,10348,10349,10349,1
2019-05-24,17:36:13,10348,10349,10348,1
2019-05-24,17:36:14,10348,10349,10348,1
2019-05-24,17:36:14,10348,10349,10349,6
2019-05-24,17:36:25,10349,10350,10350,1
2019-05-24,17:36:43,10349,10350,10350,2
2019-05-24,17:36:53,10350,10351,10350,1
2019-05-24,17:36:59,10349,10350,10349,1
2019-05-24,17:37:08,10349,10350,10349,1
2019-05-24,17:37:15,10348,10349,10348,2
2019-05-24,17:37:19,10348,10349,10348,1
2019-05-24,17:37:20,10348,10349,10348,4
2019-05-24,17:37:52,10347,10348,10348,3
2019-05-24,17:37:59,10347,10348,10347,10
2019-05-24,17:37:59,10347,10348,10347,8
2019-05-24,17:37:59,10347,10348,10347,4
2019-05-24,17:37:59,10347,10348,10347,1
2019-05-24,17:37:59,10347,10348,10347,1
2019-05-24,17:37:59,10347,10348,10347,1
2019-05-24,17:37:59,10347,10348,10347,3
2019-05-24,17:37:59,10347,10348,10347,1
2019-05-24,17:38:36,10346,10347,10346,1
2019-05-24,17:38:36,10346,10347,10346,1
2019-05-24,17:38:37,10346,10347,10346,4
2019-05-24,17:38:45,10346,10347,10346,2
2019-05-24,17:38:45,10346,10347,10346,2
2019-05-24,17:38:53,10346,10347,10346,1
2019-05-24,17:39:04,10346,10347,10346,4
2019-05-24,17:39:04,10346,10347,10346,1
2019-05-24,17:39:21,10346,10347,10346,1
2019-05-24,17:39:31,10346,10347,10346,1
2019-05-24,17:39:35,10346,10347,10346,1
2019-05-24,17:39:35,10346,10347,10346,1
2019-05-24,17:39:36,10346,10347,10346,1
2019-05-24,17:39:52,10346,10347,10346,1
2019-05-24,17:40:07,10346,10347,10346,1
2019-05-24,17:40:07,10346,10347,10346,1
2019-05-24,17:40:07,10346,10347,10346,1
2019-05-24,17:40:08,10346,10347,10347,1
2019-05-24,17:40:15,10346,10347,10347,1
2019-05-24,17:40:17,10346,10347,10346,1
2019-05-24,17:40:17,10346,10347,10346,1
2019-05-24,17:40:17,10346,10347,10346,1
2019-05-24,17:40:17,10346,10347,10346,1
2019-05-24,17:40:17,10346,10347,10346,1
2019-05-24,17:40:17,10346,10347,10346,1
2019-05-24,17:40:17,10346,10347,10346,2
2019-05-24,17:40:17,10346,10347,10346,1
2019-05-24,17:40:17,10346,10347,10346,2
2019-05-24,17:40:17,10345,10346,10346,4
2019-05-24,17:40:29,10345,10346,10346,1
2019-05-24,17:40:32,10345,10346,10346,1
2019-05-24,17:40:39,10345,10346,10345,1
2019-05-24,17:40:39,10345,10346,10345,1
2019-05-24,17:40:39,10345,10346,10345,1
2019-05-24,17:40:39,10345,10346,10345,1
2019-05-24,17:40:40,10345,10346,10345,1
2019-05-24,17:40:40,10345,10346,10345,1
2019-05-24,17:40:42,10345,10346,10346,1
2019-05-24,17:41:01,10345,10346,10346,1
2019-05-24,17:41:01,10345,10346,10346,1
2019-05-24,17:41:01,10345,10346,10346,1
2019-05-24,17:41:21,10346,10347,10346,1
2019-05-24,17:41:21,10346,10347,10346,5
2019-05-24,17:41:21,10346,10347,10346,2
2019-05-24,17:41:23,10345,10346,10346,1
2019-05-24,17:41:33,10346,10347,10346,1
2019-05-24,17:41:47,10345,10346,10346,2
2019-05-24,17:41:48,10346,10347,10347,1
2019-05-24,17:41:48,10346,10347,10346,1
2019-05-24,17:41:50,10346,10347,10346,1
2019-05-24,17:41:50,10346,10347,10346,1
2019-05-24,17:41:52,10345,10346,10346,1
2019-05-24,17:42:01,10346,10347,10346,1
2019-05-24,17:42:01,10346,10347,10346,1
2019-05-24,17:42:06,10346,10347,10347,32
2019-05-24,17:42:06,10346,10347,10347,1
2019-05-24,17:42:06,10346,10347,10347,1
2019-05-24,17:42:06,10347,10348,10347,2
2019-05-24,17:42:22,10347,10348,10347,2
2019-05-24,17:42:31,10346,10347,10347,1
2019-05-24,17:42:39,10346,10347,10347,4
2019-05-24,17:42:44,10347,10348,10347,3
2019-05-24,17:42:44,10347,10348,10347,1
2019-05-24,17:42:58,10347,10348,10347,18
2019-05-24,17:43:03,10346,10348,10346,1
2019-05-24,17:43:07,10346,10347,10347,1
2019-05-24,17:43:15,10347,10348,10347,2
2019-05-24,17:43:16,10346,10348,10346,1
2019-05-24,17:43:25,10347,10348,10347,2
2019-05-24,17:43:26,10347,10348,10347,1
2019-05-24,17:43:37,10347,10348,10347,1
2019-05-24,17:43:38,10347,10348,10347,1
2019-05-24,17:43:38,10347,10348,10347,1
2019-05-24,17:44:00,10347,10348,10347,1
2019-05-24,17:44:09,10347,10348,10348,10
2019-05-24,17:44:09,10348,10349,10348,2
2019-05-24,17:44:21,10348,10349,10348,2
2019-05-24,17:44:23,10348,10349,10348,1
2019-05-24,17:44:40,10347,10348,10348,4
2019-05-24,17:44:42,10348,10349,10348,2
2019-05-24,17:44:49,10348,10349,10348,2
2019-05-24,17:45:00,10348,10349,10348,1
2019-05-24,17:45:09,10348,10349,10349,1
2019-05-24,17:45:09,10348,10349,10348,1
2019-05-24,17:45:09,10348,10349,10348,1
2019-05-24,17:45:39,10348,10349,10348,1
2019-05-24,17:45:47,10348,10349,10349,15
2019-05-24,17:46:10,10349,10350,10350,5
2019-05-24,17:46:15,10349,10350,10350,4
2019-05-24,17:46:15,10349,10350,10350,7
2019-05-24,17:46:16,10350,10351,10350,1
2019-05-24,17:46:16,10350,10351,10351,1
2019-05-24,17:46:27,10350,10351,10351,1
2019-05-24,17:46:43,10350,10351,10350,9
2019-05-24,17:46:43,10350,10351,10350,6
2019-05-24,17:46:49,10349,10350,10350,1
2019-05-24,17:47:10,10349,10350,10350,1
2019-05-24,17:47:10,10349,10350,10350,1
2019-05-24,17:47:20,10350,10351,10350,3
2019-05-24,17:47:23,10349,10350,10350,1
2019-05-24,17:47:30,10349,10350,10350,1
2019-05-24,17:47:43,10350,10351,10351,5
2019-05-24,17:47:49,10350,10351,10351,1
2019-05-24,17:48:01,10349,10350,10350,5
2019-05-24,17:48:05,10349,10350,10350,2
2019-05-24,17:48:28,10349,10350,10350,2
2019-05-24,17:48:35,10350,10351,10350,1
2019-05-24,17:48:35,10350,10351,10350,2
2019-05-24,17:49:22,10349,10350,10350,1
2019-05-24,17:49:44,10349,10350,10350,2
2019-05-24,17:50:01,10349,10350,10350,2
2019-05-24,17:50:01,10349,10350,10350,8
2019-05-24,17:50:01,10349,10350,10350,1
2019-05-24,17:50:01,10350,10351,10351,2
2019-05-24,17:50:01,10350,10351,10350,1
2019-05-24,17:50:28,10350,10351,10351,1
2019-05-24,17:50:28,10350,10351,10351,1
2019-05-24,17:50:32,10350,10351,10351,19
2019-05-24,17:50:47,10350,10351,10351,1
2019-05-24,17:50:47,10350,10351,10351,1
2019-05-24,17:50:47,10350,10351,10351,1
2019-05-24,17:50:48,10350,10351,10351,1
2019-05-24,17:51:09,10351,10352,10352,1
2019-05-24,17:51:09,10351,10352,10352,1
2019-05-24,17:51:12,10351,10352,10351,1
2019-05-24,17:51:28,10351,10352,10351,4
2019-05-24,17:51:40,10350,10351,10351,2
2019-05-24,17:52:05,10350,10351,10351,1
2019-05-24,17:52:07,10350,10351,10351,1
2019-05-24,17:52:09,10350,10351,10350,1
2019-05-24,17:52:09,10350,10351,10350,3
2019-05-24,17:52:09,10350,10351,10350,1
2019-05-24,17:52:09,10350,10351,10350,1
2019-05-24,17:52:09,10350,10351,10350,1
2019-05-24,17:52:09,10350,10351,10350,3
2019-05-24,17:52:12,10349,10350,10350,1
2019-05-24,17:52:48,10349,10350,10350,2
2019-05-24,17:52:50,10350,10351,10350,1
2019-05-24,17:53:13,10350,10351,10351,1
2019-05-24,17:53:15,10350,10351,10350,2
2019-05-24,17:53:28,10350,10351,10350,1
2019-05-24,17:53:42,10350,10351,10350,1
2019-05-24,17:54:03,10350,10351,10351,1
2019-05-24,17:54:06,10350,10351,10350,1
2019-05-24,17:54:43,10350,10351,10351,5
2019-05-24,17:54:59,10350,10351,10350,2
2019-05-24,17:54:59,10350,10351,10350,3
2019-05-24,17:55:06,10349,10350,10350,1
2019-05-24,17:55:12,10350,10351,10350,5
2019-05-24,17:55:14,10349,10350,10350,1
2019-05-24,17:55:14,10350,10351,10351,12
2019-05-24,17:55:15,10351,10352,10351,5
2019-05-24,17:59:25,10351,10352,10351,2
2019-05-24,17:59:35,10351,10352,10351,1
2019-05-24,17:59:42,10351,10352,10352,1
2019-05-24,17:59:42,10351,10352,10352,1
2019-05-24,17:59:57,10351,10352,10351,2
2019-05-24,17:59:59,10351,10352,10351,2
2019-05-24,18:00:09,10351,10352,10351,1
2019-05-24,18:00:09,10351,10352,10352,11
2019-05-24,18:00:09,10351,10352,10351,1
2019-05-24,18:00:27,10351,10352,10352,20
2019-05-24,18:00:30,10352,10353,10353,3
2019-05-24,18:00:31,10352,10353,10353,1
2019-05-24,18:00:32,10352,10353,10352,1
2019-05-24,18:00:33,10352,10353,10353,2
2019-05-24,18:00:33,10352,10353,10353,5
2019-05-24,18:00:33,10353,10354,10353,1
2019-05-24,18:00:33,10352,10353,10353,1
2019-05-24,18:00:35,10353,10354,10353,2
2019-05-24,18:00:35,10353,10354,10353,1
2019-05-24,18:00:37,10353,10354,10353,1
2019-05-24,18:00:41,10353,10354,10354,1
2019-05-24,18:00:41,10353,10354,10354,3
2019-05-24,18:00:42,10353,10354,10353,1
2019-05-24,18:00:58,10353,10354,10353,1
2019-05-24,18:01:00,10353,10354,10353,3
2019-05-24,18:01:02,10353,10354,10353,1
2019-05-24,18:01:04,10353,10354,10354,11
2019-05-24,18:01:06,10354,10355,10355,1
2019-05-24,18:01:07,10354,10355,10354,1
2019-05-24,18:01:08,10354,10355,10355,1
2019-05-24,18:01:09,10354,10355,10355,10
2019-05-24,18:01:09,10354,10355,10355,11
2019-05-24,18:01:09,10355,10356,10355,1
2019-05-24,18:01:10,10355,10356,10356,1
2019-05-24,18:01:10,10355,10356,10356,1
2019-05-24,18:01:10,10355,10356,10356,1
2019-05-24,18:01:11,10355,10356,10356,1
2019-05-24,18:01:11,10355,10356,10356,1
2019-05-24,18:01:13,10355,10356,10356,1
2019-05-24,18:01:19,10355,10356,10356,2
2019-05-24,18:01:24,10355,10356,10356,2
2019-05-24,18:01:27,10355,10356,10356,4
2019-05-24,18:01:38,10355,10356,10356,1
2019-05-24,18:01:40,10355,10356,10356,3
2019-05-24,18:01:43,10355,10356,10355,1
2019-05-24,18:01:50,10355,10356,10355,1
2019-05-24,18:01:53,10355,10356,10355,7
2019-05-24,18:01:56,10354,10355,10355,5
2019-05-24,18:02:01,10354,10355,10355,2
2019-05-24,18:02:07,10354,10355,10355,1
2019-05-24,18:02:10,10354,10355,10355,1
2019-05-24,18:02:27,10354,10355,10355,1
2019-05-24,18:02:41,10354,10355,10355,1
2019-05-24,18:02:53,10354,10355,10354,1
2019-05-24,18:02:54,10354,10355,10354,1
2019-05-24,18:03:03,10354,10355,10355,10
2019-05-24,18:03:04,10354,10355,10354,2
2019-05-24,18:03:07,10353,10354,10354,1
2019-05-24,18:03:13,10354,10355,10354,1
2019-05-24,18:03:26,10354,10355,10354,1
2019-05-24,18:03:34,10354,10355,10354,1
2019-05-24,18:03:42,10353,10354,10354,1
2019-05-24,18:04:04,10353,10354,10354,1
2019-05-24,18:04:40,10353,10354,10353,1
2019-05-24,18:04:54,10353,10354,10353,1
2019-05-24,18:04:58,10353,10354,10353,2
2019-05-24,18:05:04,10353,10354,10354,4
2019-05-24,18:05:20,10354,10355,10355,2
2019-05-24,18:05:22,10354,10355,10355,2
2019-05-24,18:05:22,10354,10355,10355,7
2019-05-24,18:05:28,10354,10355,10355,2
2019-05-24,18:05:45,10355,10356,10355,1
2019-05-24,18:05:51,10355,10356,10355,1
2019-05-24,18:06:06,10354,10355,10354,1
2019-05-24,18:06:06,10354,10355,10355,1
2019-05-24,18:06:31,10354,10355,10355,12
2019-05-24,18:06:44,10354,10355,10355,1
2019-05-24,18:06:45,10355,10356,10355,1
2019-05-24,18:07:11,10354,10355,10355,3
2019-05-24,18:07:16,10354,10355,10355,1
2019-05-24,18:07:20,10355,10356,10356,25
2019-05-24,18:07:48,10355,10356,10356,1
2019-05-24,18:08:04,10355,10356,10356,1
2019-05-24,18:08:06,10355,10356,10356,1
2019-05-24,18:08:16,10355,10356,10356,1
2019-05-24,18:08:16,10355,10356,10356,1
2019-05-24,18:08:20,10355,10356,10356,1
2019-05-24,18:08:21,10355,10356,10356,2
2019-05-24,18:08:26,10355,10356,10356,1
2019-05-24,18:08:29,10355,10356,10356,2
2019-05-24,18:08:29,10355,10356,10356,2
2019-05-24,18:08:36,10355,10356,10356,2
2019-05-24,18:08:36,10356,10357,10356,1
2019-05-24,18:08:38,10355,10357,10357,1
2019-05-24,18:08:41,10356,10357,10356,1
2019-05-24,18:09:01,10356,10357,10357,1
2019-05-24,18:09:08,10356,10357,10356,3
2019-05-24,18:09:13,10356,10357,10356,1
2019-05-24,18:09:15,10355,10356,10356,1
2019-05-24,18:09:25,10355,10356,10356,1
2019-05-24,18:09:31,10355,10356,10355,1
2019-05-24,18:09:36,10355,10356,10355,7
2019-05-24,18:09:42,10354,10355,10354,1
2019-05-24,18:10:26,10354,10355,10354,1
2019-05-24,18:11:40,10353,10354,10354,1
2019-05-24,18:11:40,10353,10354,10354,1
2019-05-24,18:11:52,10354,10355,10354,1
2019-05-24,18:12:06,10354,10355,10354,1
2019-05-24,18:12:07,10353,10354,10354,1
2019-05-24,18:12:21,10353,10354,10354,1
2019-05-24,18:12:41,10354,10355,10354,1
2019-05-24,18:12:53,10354,10355,10355,2
2019-05-24,18:12:59,10354,10355,10355,1
2019-05-24,18:13:17,10354,10355,10355,1
2019-05-24,18:13:35,10355,10356,10355,1
2019-05-24,18:13:37,10355,10356,10355,1
2019-05-24,18:13:45,10355,10356,10355,1
2019-05-24,18:14:02,10354,10355,10354,1
2019-05-24,18:14:37,10354,10355,10354,1
2019-05-24,18:14:37,10354,10355,10354,3
2019-05-24,18:14:37,10354,10355,10354,7
2019-05-24,18:15:07,10353,10354,10353,2
2019-05-24,18:15:11,10353,10354,10353,2
2019-05-24,18:15:11,10353,10354,10353,3
2019-05-24,18:15:36,10352,10353,10353,1
2019-05-24,18:15:43,10352,10353,10353,2
2019-05-24,18:16:05,10352,10353,10353,1
2019-05-24,18:16:49,10352,10353,10353,2
2019-05-24,18:17:02,10352,10353,10353,1
2019-05-24,18:17:20,10352,10353,10352,1
2019-05-24,18:17:22,10352,10353,10352,1
2019-05-24,18:17:54,10352,10353,10353,1
2019-05-24,18:17:54,10352,10353,10353,1
2019-05-24,18:18:09,10353,10354,10353,1
2019-05-24,18:18:12,10353,10354,10353,2
2019-05-24,18:18:47,10353,10354,10353,1
2019-05-24,18:19:02,10353,10354,10354,2
2019-05-24,18:19:04,10353,10354,10353,1
2019-05-24,18:19:07,10353,10354,10354,1
2019-05-24,18:20:33,10353,10354,10354,1
2019-05-24,18:20:34,10353,10354,10354,1
2019-05-24,18:20:36,10354,10355,10354,1
2019-05-24,18:20:36,10353,10355,10354,1
2019-05-24,18:20:43,10354,10355,10355,5
2019-05-24,18:20:49,10354,10355,10355,2
2019-05-24,18:20:54,10354,10355,10355,1
2019-05-24,18:21:00,10354,10355,10355,1
2019-05-24,18:21:00,10354,10355,10355,1
2019-05-24,18:21:02,10354,10355,10355,1
2019-05-24,18:21:02,10354,10355,10355,1
2019-05-24,18:21:03,10354,10355,10355,1
2019-05-24,18:21:37,10354,10355,10355,1
2019-05-24,18:21:45,10354,10355,10354,4
2019-05-24,18:21:52,10353,10354,10354,1
2019-05-24,18:22:32,10353,10354,10354,1
2019-05-24,18:23:42,10354,10355,10354,2
2019-05-24,18:23:42,10354,10355,10354,5
2019-05-24,18:24:13,10353,10354,10353,1
2019-05-24,18:24:14,10353,10354,10353,1
2019-05-24,18:24:17,10353,10354,10353,1
2019-05-24,18:24:19,10353,10354,10353,1
2019-05-24,18:24:31,10353,10354,10353,1
2019-05-24,18:24:34,10353,10354,10353,1
2019-05-24,18:24:35,10353,10354,10353,1
2019-05-24,18:25:18,10353,10354,10354,1
2019-05-24,18:25:25,10353,10354,10354,4
2019-05-24,18:25:30,10354,10355,10354,1
2019-05-24,18:25:44,10353,10354,10354,1
2019-05-24,18:25:51,10354,10355,10354,1
2019-05-24,18:25:55,10354,10355,10355,1
2019-05-24,18:25:56,10354,10355,10355,1
2019-05-24,18:25:59,10354,10355,10353,51
2019-05-24,18:25:59,10354,10355,10354,23
2019-05-24,18:25:59,10354,10355,10353,2
2019-05-24,18:25:59,10354,10355,10353,1
2019-05-24,18:26:00,10352,10354,10353,1
2019-05-24,18:26:00,10353,10354,10353,5
2019-05-24,18:26:06,10352,10353,10353,2
2019-05-24,18:26:31,10353,10354,10354,5
2019-05-24,18:27:09,10353,10354,10354,4
2019-05-24,18:27:09,10353,10354,10354,1
2019-05-24,18:27:28,10353,10354,10354,1
2019-05-24,18:27:57,10353,10354,10354,3
2019-05-24,18:28:12,10353,10354,10354,1
2019-05-24,18:28:13,10353,10354,10354,1
2019-05-24,18:28:14,10353,10354,10354,1
2019-05-24,18:28:15,10353,10354,10354,1
2019-05-24,18:28:16,10353,10354,10354,1
2019-05-24,18:28:16,10353,10354,10354,1
2019-05-24,18:28:17,10353,10354,10354,1
2019-05-24,18:28:18,10353,10354,10354,1
2019-05-24,18:28:18,10353,10354,10354,1
2019-05-24,18:28:18,10353,10354,10354,1
2019-05-24,18:28:19,10353,10354,10354,1
2019-05-24,18:28:19,10353,10354,10354,1
2019-05-24,18:28:19,10353,10354,10354,1
2019-05-24,18:28:21,10354,10355,10355,1
2019-05-24,18:28:22,10354,10355,10355,1
2019-05-24,18:28:25,10354,10355,10355,1
2019-05-24,18:28:27,10354,10355,10355,1
2019-05-24,18:28:30,10354,10355,10354,1
2019-05-24,18:28:31,10353,10354,10354,1
2019-05-24,18:28:32,10353,10354,10354,1
2019-05-24,18:28:33,10353,10354,10354,1
2019-05-24,18:28:34,10353,10354,10354,1
2019-05-24,18:28:35,10353,10354,10354,1
2019-05-24,18:28:35,10354,10355,10355,1
2019-05-24,18:28:37,10354,10355,10355,1
2019-05-24,18:28:38,10354,10355,10355,1
2019-05-24,18:28:39,10354,10355,10355,1
2019-05-24,18:28:40,10354,10355,10355,1
2019-05-24,18:28:40,10354,10355,10355,1
2019-05-24,18:28:40,10354,10355,10355,1
2019-05-24,18:28:40,10354,10355,10355,1
2019-05-24,18:28:40,10354,10355,10355,1
2019-05-24,18:28:40,10354,10355,10355,1
2019-05-24,18:28:41,10354,10355,10355,1
2019-05-24,18:28:41,10354,10355,10355,1
2019-05-24,18:28:41,10354,10355,10355,1
2019-05-24,18:28:50,10355,10356,10353,49
2019-05-24,18:28:50,10355,10356,10354,36
2019-05-24,18:28:50,10355,10356,10355,2
2019-05-24,18:28:50,10352,10353,10352,5
2019-05-24,18:28:50,10352,10353,10352,1
2019-05-24,18:28:50,10352,10353,10353,13
2019-05-24,18:28:50,10352,10353,10352,3
2019-05-24,18:28:52,10352,10353,10352,4
2019-05-24,18:28:55,10352,10353,10352,2
2019-05-24,18:28:56,10352,10353,10353,2
2019-05-24,18:29:03,10352,10353,10353,3
2019-05-24,18:29:06,10352,10353,10352,1
2019-05-24,18:29:07,10352,10353,10352,1
2019-05-24,18:29:07,10352,10353,10352,1
2019-05-24,18:29:07,10352,10353,10352,1
2019-05-24,18:29:14,10352,10353,10353,1
2019-05-24,18:29:32,10352,10353,10353,1
2019-05-24,18:30:13,10352,10353,10352,2
2019-05-24,18:30:13,10352,10353,10352,1
2019-05-24,18:30:13,10352,10353,10352,2
2019-05-24,18:30:13,10351,10352,10352,1
2019-05-24,18:30:13,10351,10352,10351,2
2019-05-24,18:30:19,10351,10352,10351,5
2019-05-24,18:30:19,10351,10352,10351,2
2019-05-24,18:30:20,10351,10352,10352,1
2019-05-24,18:30:21,10351,10352,10352,1
2019-05-24,18:30:32,10351,10352,10352,2
2019-05-24,18:30:37,10351,10352,10351,4
2019-05-24,18:30:42,10351,10352,10352,1
2019-05-24,18:31:25,10351,10352,10352,1
2019-05-24,18:31:38,10351,10352,10350,15
2019-05-24,18:31:38,10351,10352,10351,10
2019-05-24,18:31:39,10350,10351,10351,2
2019-05-24,18:31:40,10350,10351,10351,1
2019-05-24,18:31:42,10350,10351,10350,1
2019-05-24,18:31:47,10350,10351,10350,1
2019-05-24,18:31:50,10350,10351,10350,12
2019-05-24,18:31:54,10350,10351,10351,1
2019-05-24,18:31:54,10350,10351,10351,2
2019-05-24,18:32:00,10351,10352,10351,1
2019-05-24,18:32:11,10351,10352,10351,1
2019-05-24,18:32:19,10351,10352,10351,2
2019-05-24,18:32:20,10351,10352,10351,1
2019-05-24,18:32:28,10351,10352,10351,2
2019-05-24,18:32:31,10351,10352,10352,2
2019-05-24,18:32:35,10351,10352,10352,2
2019-05-24,18:33:04,10351,10352,10351,1
2019-05-24,18:33:17,10351,10352,10351,3
2019-05-24,18:33:22,10350,10351,10351,1
2019-05-24,18:33:29,10350,10351,10351,5
2019-05-24,18:33:29,10350,10351,10351,1
2019-05-24,18:33:29,10350,10351,10351,1
2019-05-24,18:33:34,10351,10352,10351,1
2019-05-24,18:33:36,10351,10352,10350,26
2019-05-24,18:33:36,10351,10352,10351,3
2019-05-24,18:33:38,10350,10351,10350,4
2019-05-24,18:33:50,10350,10351,10350,5
2019-05-24,18:33:54,10350,10351,10350,3
2019-05-24,18:33:57,10349,10350,10350,1
2019-05-24,18:34:13,10351,10352,10351,1
2019-05-24,18:34:20,10351,10352,10352,2
2019-05-24,18:34:24,10351,10352,10352,2
2019-05-24,18:34:29,10351,10352,10351,1
2019-05-24,18:34:49,10351,10352,10351,1
2019-05-24,18:34:49,10351,10352,10351,2
2019-05-24,18:34:49,10351,10352,10351,1
2019-05-24,18:34:49,10351,10352,10351,3
2019-05-24,18:34:49,10351,10352,10350,1
2019-05-24,18:35:16,10350,10351,10350,5
2019-05-24,18:36:02,10350,10351,10351,1
2019-05-24,18:36:03,10350,10351,10350,1
2019-05-24,18:36:17,10350,10351,10350,1
2019-05-24,18:36:17,10350,10351,10350,1
2019-05-24,18:36:34,10350,10351,10351,1
2019-05-24,18:37:06,10350,10351,10350,1
2019-05-24,18:37:06,10350,10351,10350,1
2019-05-24,18:37:06,10350,10351,10350,1
2019-05-24,18:37:06,10350,10351,10350,1
2019-05-24,18:37:11,10350,10351,10350,1
2019-05-24,18:37:46,10350,10351,10351,1
2019-05-24,18:37:54,10350,10351,10351,5
2019-05-24,18:37:54,10350,10351,10351,5
2019-05-24,18:37:55,10350,10351,10351,1
2019-05-24,18:37:59,10350,10351,10351,1
2019-05-24,18:38:29,10351,10352,10351,1
2019-05-24,18:38:31,10351,10352,10352,1
2019-05-24,18:38:31,10351,10352,10352,10
2019-05-24,18:39:05,10352,10353,10352,1
2019-05-24,18:39:09,10351,10352,10352,1
2019-05-24,18:39:26,10352,10353,10353,1
2019-05-24,18:39:34,10352,10353,10352,1
2019-05-24,18:40:07,10351,10352,10352,3
2019-05-24,18:40:09,10351,10352,10352,1
2019-05-24,18:40:16,10351,10352,10352,1
2019-05-24,18:41:24,10351,10352,10352,1
2019-05-24,18:41:25,10351,10352,10352,3
2019-05-24,18:41:31,10351,10352,10352,1
2019-05-24,18:41:57,10351,10352,10352,1
2019-05-24,18:42:48,10351,10352,10352,3
2019-05-24,18:42:48,10351,10353,10352,1
2019-05-24,18:42:48,10351,10353,10353,2
2019-05-24,18:42:49,10351,10352,10352,1
2019-05-24,18:42:53,10352,10353,10353,1
2019-05-24,18:43:08,10352,10353,10353,1
2019-05-24,18:43:08,10352,10353,10353,1
2019-05-24,18:43:08,10352,10353,10353,1
2019-05-24,18:43:09,10352,10353,10353,2
2019-05-24,18:43:09,10352,10353,10354,2
2019-05-24,18:43:20,10353,10354,10353,2
2019-05-24,18:43:20,10352,10353,10352,3
2019-05-24,18:43:20,10352,10353,10352,3
2019-05-24,18:43:27,10352,10353,10353,1
2019-05-24,18:43:53,10352,10353,10353,2
2019-05-24,18:44:18,10352,10353,10353,1
2019-05-24,18:45:08,10352,10353,10353,1
2019-05-24,18:45:39,10352,10353,10353,1
2019-05-24,18:46:12,10352,10353,10352,1
2019-05-24,18:46:12,10352,10353,10352,1
2019-05-24,18:46:12,10352,10353,10352,1
2019-05-24,18:46:12,10352,10353,10352,1
2019-05-24,18:46:19,10352,10353,10353,10
2019-05-24,18:46:50,10353,10354,10353,2
2019-05-24,18:46:58,10352,10353,10352,2
2019-05-24,18:46:59,10352,10353,10353,5
2019-05-24,18:47:07,10352,10353,10352,1
2019-05-24,18:47:13,10352,10353,10353,1
2019-05-24,18:47:36,10352,10353,10353,5
2019-05-24,18:47:45,10352,10353,10353,2
2019-05-24,18:48:16,10352,10353,10352,2
2019-05-24,18:48:16,10352,10353,10352,1
2019-05-24,18:48:16,10352,10353,10352,2
2019-05-24,18:48:16,10352,10353,10352,4
2019-05-24,18:48:16,10352,10353,10352,2
2019-05-24,18:48:16,10352,10353,10352,1
2019-05-24,18:48:50,10351,10352,10352,1
2019-05-24,18:49:17,10351,10352,10351,1
2019-05-24,18:49:39,10351,10352,10351,1
2019-05-24,18:49:39,10351,10352,10351,11
2019-05-24,18:49:55,10350,10351,10350,1
2019-05-24,18:50:19,10350,10351,10350,3
2019-05-24,18:50:35,10350,10351,10351,1
2019-05-24,18:51:21,10350,10351,10351,1
2019-05-24,18:51:21,10350,10351,10351,1
2019-05-24,18:51:21,10350,10351,10351,1
2019-05-24,18:51:52,10350,10351,10350,1
2019-05-24,18:52:38,10350,10351,10351,1
2019-05-24,18:52:38,10350,10351,10351,1
2019-05-24,18:52:38,10350,10351,10351,3
2019-05-24,18:53:26,10350,10351,10351,1
2019-05-24,18:53:35,10351,10352,10351,1
2019-05-24,18:53:58,10350,10351,10350,6
2019-05-24,18:54:13,10350,10351,10350,4
2019-05-24,18:54:22,10349,10350,10350,1
2019-05-24,18:54:22,10349,10350,10350,1
2019-05-24,18:54:23,10350,10351,10351,5
2019-05-24,18:54:49,10350,10351,10351,1
2019-05-24,18:54:50,10350,10351,10351,1
2019-05-24,18:56:09,10351,10352,10351,1
2019-05-24,18:56:39,10350,10351,10351,2
2019-05-24,18:56:45,10350,10351,10351,1
2019-05-24,18:56:49,10350,10351,10351,1
2019-05-24,18:58:33,10351,10352,10351,1
2019-05-24,18:58:56,10350,10351,10350,1
2019-05-24,18:59:41,10350,10351,10350,1
2019-05-24,18:59:45,10349,10351,10350,3
2019-05-24,18:59:57,10349,10350,10350,2
2019-05-24,19:00:01,10350,10351,10350,2
2019-05-24,19:00:02,10350,10351,10350,1
2019-05-24,19:00:05,10350,10351,10350,1
2019-05-24,19:00:21,10350,10351,10351,1
2019-05-24,19:00:21,10350,10351,10351,1
2019-05-24,19:01:06,10350,10351,10351,1
2019-05-24,19:02:54,10350,10351,10350,1
2019-05-24,19:03:08,10350,10351,10351,2
2019-05-24,19:03:09,10350,10351,10350,1
2019-05-24,19:03:20,10350,10351,10350,1
2019-05-24,19:03:25,10350,10351,10350,3
2019-05-24,19:03:27,10350,10351,10350,4
2019-05-24,19:03:28,10350,10351,10350,1
2019-05-24,19:03:42,10350,10351,10350,2
2019-05-24,19:03:53,10350,10351,10350,2
2019-05-24,19:04:06,10350,10351,10351,1
2019-05-24,19:04:07,10350,10351,10351,9
2019-05-24,19:04:13,10351,10352,10351,5
2019-05-24,19:04:29,10351,10352,10351,1
2019-05-24,19:04:29,10351,10352,10352,1
2019-05-24,19:04:30,10350,10351,10351,1
2019-05-24,19:04:51,10350,10351,10350,2
2019-05-24,19:04:56,10350,10351,10350,1
2019-05-24,19:04:56,10349,10350,10349,1
2019-05-24,19:04:56,10349,10350,10349,1
2019-05-24,19:04:59,10350,10351,10350,3
2019-05-24,19:04:59,10349,10350,10350,2
2019-05-24,19:05:18,10350,10351,10350,2
2019-05-24,19:05:22,10349,10350,10350,2
2019-05-24,19:05:36,10349,10350,10349,1
2019-05-24,19:05:53,10349,10350,10350,8
2019-05-24,19:06:01,10349,10351,10349,1
2019-05-24,19:06:35,10349,10350,10350,3
2019-05-24,19:06:35,10350,10351,10350,1
2019-05-24,19:06:39,10350,10351,10350,1
2019-05-24,19:06:44,10350,10351,10351,2
2019-05-24,19:06:45,10350,10351,10351,1
2019-05-24,19:06:56,10350,10351,10351,1
2019-05-24,19:06:57,10350,10351,10351,1
2019-05-24,19:06:57,10350,10351,10351,2
2019-05-24,19:06:58,10350,10351,10350,1
2019-05-24,19:07:29,10350,10351,10351,1
2019-05-24,19:07:29,10350,10351,10351,1
2019-05-24,19:07:31,10350,10351,10350,1
2019-05-24,19:08:08,10350,10351,10351,1
2019-05-24,19:08:09,10350,10351,10351,1
2019-05-24,19:08:09,10350,10351,10351,1
2019-05-24,19:08:09,10350,10351,10351,4
2019-05-24,19:08:10,10350,10351,10351,4
2019-05-24,19:08:36,10350,10352,10351,1
2019-05-24,19:08:44,10350,10351,10351,1
2019-05-24,19:08:45,10350,10351,10351,1
2019-05-24,19:08:49,10351,10352,10351,1
2019-05-24,19:08:49,10351,10352,10351,1
2019-05-24,19:08:55,10351,10352,10351,1
2019-05-24,19:09:00,10351,10352,10352,1
2019-05-24,19:09:00,10351,10352,10352,1
2019-05-24,19:09:01,10351,10352,10351,1
2019-05-24,19:09:01,10351,10352,10352,2
2019-05-24,19:09:01,10351,10352,10352,1
2019-05-24,19:09:02,10351,10352,10352,1
2019-05-24,19:09:02,10352,10353,10352,1
2019-05-24,19:09:03,10351,10352,10352,1
2019-05-24,19:09:04,10351,10352,10352,2
2019-05-24,19:09:08,10351,10352,10352,1
2019-05-24,19:09:10,10352,10353,10352,1
2019-05-24,19:10:14,10352,10353,10353,1
2019-05-24,19:11:02,10352,10353,10353,1
2019-05-24,19:11:02,10352,10353,10353,1
2019-05-24,19:11:11,10352,10353,10352,5
2019-05-24,19:11:11,10352,10353,10352,2
2019-05-24,19:11:12,10351,10353,10352,1
2019-05-24,19:12:07,10352,10353,10352,1
2019-05-24,19:12:18,10352,10353,10352,2
2019-05-24,19:12:20,10352,10353,10352,4
2019-05-24,19:12:22,10352,10353,10352,4
2019-05-24,19:12:34,10352,10353,10352,1
2019-05-24,19:13:03,10351,10352,10352,1
2019-05-24,19:13:06,10351,10352,10352,1
2019-05-24,19:13:06,10351,10352,10352,1
2019-05-24,19:13:07,10351,10352,10352,1
2019-05-24,19:13:44,10351,10352,10352,1
2019-05-24,19:13:58,10352,10353,10352,1
2019-05-24,19:14:49,10351,10352,10352,1
2019-05-24,19:16:27,10351,10352,10352,1
2019-05-24,19:16:28,10351,10352,10351,1
2019-05-24,19:16:28,10351,10352,10351,1
2019-05-24,19:16:29,10351,10352,10351,1
2019-05-24,19:16:58,10351,10352,10351,2
2019-05-24,19:16:58,10351,10352,10351,1
2019-05-24,19:16:58,10351,10352,10351,1
2019-05-24,19:17:05,10351,10352,10352,1
2019-05-24,19:17:21,10351,10352,10352,1
2019-05-24,19:17:21,10351,10352,10352,1
2019-05-24,19:17:21,10351,10352,10352,1
2019-05-24,19:17:21,10351,10352,10352,2
2019-05-24,19:17:21,10351,10352,10352,2
2019-05-24,19:18:06,10352,10353,10352,1
2019-05-24,19:18:48,10351,10352,10352,2
2019-05-24,19:18:58,10351,10352,10352,1
2019-05-24,19:19:34,10351,10352,10352,1
2019-05-24,19:19:34,10351,10352,10352,1
2019-05-24,19:19:35,10351,10353,10352,1
2019-05-24,19:19:35,10351,10353,10351,1
2019-05-24,19:19:35,10351,10353,10351,4
2019-05-24,19:20:06,10351,10353,10351,1
2019-05-24,19:21:10,10351,10352,10351,1
2019-05-24,19:21:16,10351,10352,10352,1
2019-05-24,19:21:23,10351,10352,10351,1
2019-05-24,19:21:23,10351,10352,10351,1
2019-05-24,19:21:29,10350,10351,10351,1
2019-05-24,19:21:31,10350,10351,10350,4
2019-05-24,19:22:08,10350,10351,10351,2
2019-05-24,19:22:21,10350,10351,10350,2
2019-05-24,19:22:23,10350,10351,10350,1
