2019-07-16,15:00:00.039000,10870,10872,10870,65
2019-07-16,15:00:00.541000,10870,10871,10870,4
2019-07-16,15:00:00.622000,10870,10871,10870,1
2019-07-16,15:00:00.670000,10870,10871,10870,1
2019-07-16,15:00:00.756000,10869,10871,10871,1
2019-07-16,15:00:00.941000,10869,10870,10869,1
2019-07-16,15:00:00.972000,10869,10870,10869,1
2019-07-16,15:00:01.122000,10869,10870,10869,1
2019-07-16,15:00:01.135000,10869,10870,10870,1
2019-07-16,15:00:01.247000,10869,10870,10869,1
2019-07-16,15:00:02.077000,10868,10869,10869,1
2019-07-16,15:00:02.154000,10868,10869,10869,1
2019-07-16,15:00:02.194000,10868,10869,10869,1
2019-07-16,15:00:04.272000,10868,10869,10869,2
2019-07-16,15:00:04.596000,10868,10870,10868,1
2019-07-16,15:00:04.600000,10868,10870,10868,3
2019-07-16,15:00:04.623000,10868,10870,10869,1
2019-07-16,15:00:04.737000,10868,10870,10868,4
2019-07-16,15:00:04.808000,10868,10870,10868,2
2019-07-16,15:00:04.837000,10868,10870,10868,2
2019-07-16,15:00:04.913000,10868,10869,10868,2
2019-07-16,15:00:04.931000,10868,10869,10869,2
2019-07-16,15:00:04.989000,10868,10869,10867,1
2019-07-16,15:00:05.175000,10867,10869,10868,1
2019-07-16,15:00:05.393000,10867,10869,10868,1
2019-07-16,15:00:08.818000,10869,10870,10870,1
2019-07-16,15:00:11.041000,10869,10870,10870,1
2019-07-16,15:00:12.051000,10869,10870,10869,1
2019-07-16,15:00:13.933000,10869,10870,10870,1
2019-07-16,15:00:15.953000,10869,10870,10870,5
2019-07-16,15:00:16.569000,10869,10870,10869,3
2019-07-16,15:00:17.827000,10869,10870,10869,5
2019-07-16,15:00:19.572000,10869,10870,10869,4
2019-07-16,15:00:20.105000,10869,10870,10869,1
2019-07-16,15:00:20.476000,10868,10869,10869,1
2019-07-16,15:00:22.214000,10868,10869,10868,1
2019-07-16,15:00:22.937000,10868,10869,10868,1
2019-07-16,15:00:26.140000,10868,10869,10869,2
2019-07-16,15:00:28.357000,10868,10869,10868,6
2019-07-16,15:00:28.885000,10868,10869,10869,1
2019-07-16,15:00:30.241000,10868,10869,10869,1
2019-07-16,15:00:30.247000,10868,10869,10869,5
2019-07-16,15:00:30.674000,10869,10870,10869,1
2019-07-16,15:00:31.425000,10869,10870,10869,1
2019-07-16,15:00:31.544000,10869,10870,10870,2
2019-07-16,15:00:33.437000,10869,10870,10869,2
2019-07-16,15:00:33.897000,10869,10870,10869,1
2019-07-16,15:00:41.819000,10869,10870,10870,1
2019-07-16,15:00:41.968000,10869,10870,10869,1
2019-07-16,15:00:43.126000,10869,10870,10870,1
2019-07-16,15:00:43.641000,10869,10870,10869,1
2019-07-16,15:00:43.677000,10869,10870,10869,1
2019-07-16,15:00:43.989000,10869,10870,10869,1
2019-07-16,15:00:48.078000,10869,10870,10870,1
2019-07-16,15:00:48.360000,10869,10870,10869,1
2019-07-16,15:00:48.935000,10869,10870,10869,1
2019-07-16,15:00:50.780000,10869,10870,10869,1
2019-07-16,15:00:56.743000,10869,10870,10869,2
2019-07-16,15:00:59.619000,10869,10870,10869,1
2019-07-16,15:00:59.622000,10869,10870,10869,4
2019-07-16,15:01:00.019000,10868,10869,10868,2
2019-07-16,15:01:00.053000,10868,10869,10868,2
2019-07-16,15:01:00.264000,10868,10869,10868,6
2019-07-16,15:01:00.264000,10868,10869,10867,2
2019-07-16,15:01:00.401000,10867,10869,10867,2
2019-07-16,15:01:00.504000,10867,10868,10868,1
2019-07-16,15:01:00.506000,10867,10868,10868,1
2019-07-16,15:01:00.517000,10867,10868,10867,2
2019-07-16,15:01:00.521000,10867,10868,10867,2
2019-07-16,15:01:00.589000,10867,10868,10867,1
2019-07-16,15:01:00.592000,10867,10868,10867,2
2019-07-16,15:01:00.596000,10867,10868,10867,1
2019-07-16,15:01:01.032000,10867,10868,10867,5
2019-07-16,15:01:03.132000,10867,10868,10868,1
2019-07-16,15:01:03.759000,10867,10868,10868,1
2019-07-16,15:01:09.799000,10868,10869,10869,5
2019-07-16,15:01:10.016000,10868,10869,10868,1
2019-07-16,15:01:18.971000,10868,10869,10869,1
2019-07-16,15:01:23.641000,10868,10869,10868,3
2019-07-16,15:01:24.979000,10868,10869,10869,2
2019-07-16,15:01:25.330000,10868,10869,10869,6
2019-07-16,15:01:26.280000,10868,10869,10868,4
2019-07-16,15:01:39.625000,10868,10869,10868,2
2019-07-16,15:01:39.937000,10868,10869,10868,1
2019-07-16,15:01:45.989000,10868,10869,10868,1
2019-07-16,15:01:46.075000,10868,10869,10868,1
2019-07-16,15:01:48.944000,10868,10869,10869,10
2019-07-16,15:01:49.460000,10868,10869,10869,1
2019-07-16,15:01:49.867000,10869,10870,10870,1
2019-07-16,15:01:50.050000,10869,10870,10869,1
2019-07-16,15:01:53.727000,10869,10870,10869,5
2019-07-16,15:01:58.509000,10869,10870,10869,1
2019-07-16,15:01:58.575000,10869,10870,10869,4
2019-07-16,15:01:59.756000,10869,10870,10869,1
2019-07-16,15:01:59.756000,10869,10870,10868,3
2019-07-16,15:02:00.083000,10869,10870,10869,3
2019-07-16,15:02:00.083000,10869,10870,10868,4
2019-07-16,15:02:00.093000,10869,10870,10868,8
2019-07-16,15:02:00.098000,10869,10870,10868,3
2019-07-16,15:02:00.123000,10868,10870,10868,7
2019-07-16,15:02:00.123000,10868,10870,10868,3
2019-07-16,15:02:00.128000,10868,10870,10868,4
2019-07-16,15:02:00.135000,10868,10870,10867,2
2019-07-16,15:02:00.139000,10868,10870,10867,1
2019-07-16,15:02:00.140000,10868,10870,10867,1
2019-07-16,15:02:00.146000,10868,10870,10867,1
2019-07-16,15:02:00.168000,10868,10870,10867,1
2019-07-16,15:02:00.182000,10868,10870,10867,1
2019-07-16,15:02:00.251000,10867,10869,10867,1
2019-07-16,15:02:00.253000,10867,10869,10867,1
2019-07-16,15:02:00.291000,10867,10869,10867,1
2019-07-16,15:02:00.390000,10867,10869,10868,1
2019-07-16,15:02:00.394000,10867,10869,10868,1
2019-07-16,15:02:00.397000,10867,10869,10868,1
2019-07-16,15:02:00.400000,10867,10869,10868,1
2019-07-16,15:02:00.405000,10867,10869,10868,1
2019-07-16,15:02:00.442000,10867,10869,10867,1
2019-07-16,15:02:00.479000,10867,10869,10868,1
2019-07-16,15:02:00.482000,10867,10869,10868,1
2019-07-16,15:02:00.485000,10867,10869,10868,1
2019-07-16,15:02:00.497000,10868,10869,10868,1
2019-07-16,15:02:00.500000,10868,10869,10868,1
2019-07-16,15:02:00.503000,10868,10869,10868,1
2019-07-16,15:02:00.506000,10868,10869,10868,1
2019-07-16,15:02:00.522000,10868,10869,10867,1
2019-07-16,15:02:00.558000,10868,10869,10868,1
2019-07-16,15:02:00.558000,10868,10869,10869,1
2019-07-16,15:02:07.254000,10868,10869,10868,2
2019-07-16,15:02:07.924000,10868,10869,10869,1
2019-07-16,15:02:10.870000,10868,10869,10868,1
2019-07-16,15:02:12.058000,10868,10869,10868,1
2019-07-16,15:02:13.624000,10868,10869,10868,4
2019-07-16,15:02:15.381000,10867,10868,10868,1
2019-07-16,15:02:18.029000,10867,10868,10868,1
2019-07-16,15:02:18.495000,10867,10868,10868,3
2019-07-16,15:02:20.444000,10867,10868,10868,2
2019-07-16,15:02:22.313000,10867,10868,10868,1
2019-07-16,15:02:22.986000,10867,10868,10868,1
2019-07-16,15:02:24.305000,10867,10868,10868,1
2019-07-16,15:02:25.562000,10867,10868,10868,1
2019-07-16,15:02:25.990000,10867,10869,10867,3
2019-07-16,15:02:35.802000,10868,10869,10868,1
2019-07-16,15:02:40.492000,10868,10869,10868,1
2019-07-16,15:02:43.556000,10868,10869,10868,5
2019-07-16,15:02:45.521000,10868,10869,10869,1
2019-07-16,15:02:45.768000,10868,10869,10868,1
2019-07-16,15:02:52.075000,10868,10869,10868,4
2019-07-16,15:02:53.221000,10868,10869,10868,4
2019-07-16,15:02:53.981000,10867,10868,10868,1
2019-07-16,15:02:54.568000,10867,10868,10868,1
2019-07-16,15:02:58.383000,10867,10868,10868,3
2019-07-16,15:02:59.875000,10867,10868,10867,2
2019-07-16,15:03:00.070000,10867,10868,10867,2
2019-07-16,15:03:00.103000,10867,10868,10867,2
2019-07-16,15:03:00.107000,10867,10868,10867,9
2019-07-16,15:03:00.114000,10867,10868,10867,2
2019-07-16,15:03:00.122000,10867,10868,10867,3
2019-07-16,15:03:00.253000,10866,10867,10866,3
2019-07-16,15:03:00.404000,10866,10867,10867,1
2019-07-16,15:03:00.492000,10866,10867,10866,2
2019-07-16,15:03:01.190000,10866,10867,10866,1
2019-07-16,15:03:01.846000,10866,10867,10866,1
2019-07-16,15:03:04.549000,10866,10867,10867,4
2019-07-16,15:03:05.513000,10866,10867,10867,1
2019-07-16,15:03:07.987000,10866,10867,10867,1
2019-07-16,15:03:09.539000,10866,10867,10867,1
2019-07-16,15:03:10.070000,10866,10867,10867,1
2019-07-16,15:03:10.458000,10867,10868,10867,1
2019-07-16,15:03:11.508000,10867,10868,10867,2
2019-07-16,15:03:13.656000,10867,10868,10867,2
2019-07-16,15:03:18.033000,10867,10868,10867,2
2019-07-16,15:03:19.284000,10866,10867,10867,1
2019-07-16,15:03:20.596000,10866,10867,10867,1
2019-07-16,15:03:21.215000,10866,10867,10867,1
2019-07-16,15:03:24.268000,10866,10867,10867,1
2019-07-16,15:03:24.326000,10866,10867,10867,1
2019-07-16,15:03:29.194000,10866,10867,10867,1
2019-07-16,15:03:33.550000,10866,10867,10867,1
2019-07-16,15:03:33.936000,10866,10867,10867,5
2019-07-16,15:03:42.008000,10867,10868,10867,10
2019-07-16,15:03:43.911000,10867,10868,10867,7
2019-07-16,15:03:44.261000,10867,10868,10868,1
2019-07-16,15:03:45.372000,10867,10868,10867,1
2019-07-16,15:03:51.896000,10867,10868,10867,2
2019-07-16,15:03:53.182000,10867,10868,10867,1
2019-07-16,15:04:00.081000,10867,10868,10867,3
2019-07-16,15:04:00.084000,10867,10868,10867,2
2019-07-16,15:04:00.182000,10867,10868,10867,5
2019-07-16,15:04:05.802000,10866,10867,10867,1
2019-07-16,15:04:06.006000,10866,10867,10867,1
2019-07-16,15:04:19.018000,10866,10867,10867,5
2019-07-16,15:04:20.477000,10866,10867,10867,6
2019-07-16,15:04:20.626000,10867,10868,10867,1
2019-07-16,15:04:27.777000,10867,10868,10868,5
2019-07-16,15:04:27.872000,10867,10868,10868,3
2019-07-16,15:04:27.997000,10867,10868,10868,22
2019-07-16,15:04:27.997000,10867,10868,10868,4
2019-07-16,15:04:28.622000,10867,10868,10868,1
2019-07-16,15:04:28.875000,10868,10869,10869,1
2019-07-16,15:04:28.875000,10868,10869,10869,2
2019-07-16,15:04:28.901000,10868,10869,10869,2
2019-07-16,15:04:28.901000,10868,10869,10869,1
2019-07-16,15:04:28.901000,10868,10869,10869,1
2019-07-16,15:04:28.901000,10868,10869,10869,2
2019-07-16,15:04:28.902000,10868,10869,10869,1
2019-07-16,15:04:28.902000,10868,10869,10869,2
2019-07-16,15:04:28.950000,10868,10869,10869,1
2019-07-16,15:04:28.951000,10868,10869,10869,2
2019-07-16,15:04:28.951000,10868,10869,10869,1
2019-07-16,15:04:29.153000,10869,10870,10870,1
2019-07-16,15:04:29.588000,10869,10870,10869,1
2019-07-16,15:04:32.247000,10868,10869,10869,4
2019-07-16,15:04:32.968000,10868,10870,10868,3
2019-07-16,15:04:40.640000,10868,10869,10868,2
2019-07-16,15:04:42.999000,10868,10869,10868,3
2019-07-16,15:04:44.616000,10868,10869,10868,4
2019-07-16,15:04:45.460000,10868,10869,10868,2
2019-07-16,15:04:48.761000,10868,10869,10868,2
2019-07-16,15:04:56.996000,10868,10869,10868,4
2019-07-16,15:04:56.997000,10868,10869,10868,4
2019-07-16,15:04:57.253000,10867,10868,10868,2
2019-07-16,15:04:58.537000,10867,10868,10868,1
2019-07-16,15:04:58.761000,10867,10868,10867,2
2019-07-16,15:04:58.806000,10867,10868,10868,1
2019-07-16,15:05:00.070000,10867,10868,10867,3
2019-07-16,15:05:00.122000,10867,10868,10867,11
2019-07-16,15:05:00.247000,10866,10868,10867,1
2019-07-16,15:05:01.412000,10866,10868,10868,1
2019-07-16,15:05:01.776000,10866,10868,10866,1
2019-07-16,15:05:01.787000,10866,10868,10866,1
2019-07-16,15:05:02.470000,10866,10868,10866,2
2019-07-16,15:05:03.377000,10866,10868,10866,8
2019-07-16,15:05:03.858000,10866,10868,10866,16
2019-07-16,15:05:04.252000,10866,10867,10866,1
2019-07-16,15:05:09.010000,10866,10867,10866,2
2019-07-16,15:05:09.131000,10866,10867,10867,1
2019-07-16,15:05:10.573000,10866,10867,10866,2
2019-07-16,15:05:14.068000,10866,10867,10866,1
2019-07-16,15:05:15.287000,10866,10867,10866,1
2019-07-16,15:05:17.251000,10866,10867,10867,1
2019-07-16,15:05:21.344000,10866,10867,10867,1
2019-07-16,15:05:25.426000,10866,10867,10866,1
2019-07-16,15:05:30.332000,10866,10867,10867,1
2019-07-16,15:05:30.506000,10866,10867,10866,1
2019-07-16,15:05:31.507000,10866,10867,10867,1
2019-07-16,15:05:32.543000,10866,10867,10866,5
2019-07-16,15:05:34.363000,10866,10867,10866,1
2019-07-16,15:05:38.020000,10866,10867,10867,11
2019-07-16,15:05:38.404000,10866,10868,10866,1
2019-07-16,15:05:39.001000,10867,10868,10867,1
2019-07-16,15:05:44.479000,10867,10868,10868,100
2019-07-16,15:05:44.497000,10867,10868,10868,6
2019-07-16,15:05:44.497000,10867,10868,10868,2
2019-07-16,15:05:44.497000,10867,10868,10868,2
2019-07-16,15:05:44.498000,10867,10868,10868,4
2019-07-16,15:05:44.499000,10867,10868,10868,2
2019-07-16,15:05:44.500000,10867,10868,10868,2
2019-07-16,15:05:44.622000,10867,10868,10868,16
2019-07-16,15:05:44.622000,10867,10868,10868,4
2019-07-16,15:05:44.646000,10867,10868,10868,27
2019-07-16,15:05:44.752000,10867,10868,10867,3
2019-07-16,15:05:44.753000,10867,10868,10867,5
2019-07-16,15:05:48.012000,10867,10868,10867,1
2019-07-16,15:05:49.630000,10867,10868,10867,2
2019-07-16,15:05:50.644000,10867,10868,10868,7
2019-07-16,15:05:52.978000,10868,10869,10868,1
2019-07-16,15:06:03.571000,10868,10869,10869,1
2019-07-16,15:06:03.848000,10868,10869,10868,2
2019-07-16,15:06:09.433000,10868,10869,10869,3
2019-07-16,15:06:18.021000,10868,10869,10869,2
2019-07-16,15:06:19.718000,10868,10869,10869,5
2019-07-16,15:06:22.107000,10868,10869,10869,1
2019-07-16,15:06:22.375000,10868,10869,10869,1
2019-07-16,15:06:22.400000,10868,10869,10869,1
2019-07-16,15:06:25.834000,10868,10869,10869,1
2019-07-16,15:06:25.874000,10868,10869,10869,6
2019-07-16,15:06:26.141000,10869,10870,10869,1
2019-07-16,15:06:30.694000,10868,10869,10869,1
2019-07-16,15:06:41.134000,10868,10869,10869,1
2019-07-16,15:06:41.291000,10868,10869,10869,5
2019-07-16,15:06:41.624000,10869,10870,10869,2
2019-07-16,15:06:46.235000,10869,10870,10870,1
2019-07-16,15:06:47.335000,10869,10870,10870,1
2019-07-16,15:06:49.222000,10869,10870,10870,1
2019-07-16,15:06:49.255000,10869,10870,10869,1
2019-07-16,15:06:54.422000,10869,10870,10870,1
2019-07-16,15:06:57.370000,10869,10870,10869,4
2019-07-16,15:06:59.254000,10869,10870,10869,2
2019-07-16,15:07:01.497000,10869,10870,10869,2
2019-07-16,15:07:01.497000,10869,10870,10869,10
2019-07-16,15:07:01.753000,10868,10869,10869,2
2019-07-16,15:07:01.856000,10868,10869,10869,1
2019-07-16,15:07:04.468000,10868,10869,10869,2
2019-07-16,15:07:05.869000,10868,10869,10869,3
2019-07-16,15:07:07.156000,10868,10869,10869,1
2019-07-16,15:07:09.020000,10868,10869,10869,1
2019-07-16,15:07:10.861000,10868,10869,10869,1
2019-07-16,15:07:18.749000,10868,10869,10868,2
2019-07-16,15:07:28.990000,10868,10869,10869,1
2019-07-16,15:07:43.334000,10868,10869,10868,1
2019-07-16,15:07:43.871000,10868,10869,10869,2
2019-07-16,15:07:49.323000,10868,10869,10869,1
2019-07-16,15:07:49.393000,10868,10869,10869,1
2019-07-16,15:07:50.123000,10868,10869,10869,2
2019-07-16,15:07:50.176000,10868,10869,10869,1
2019-07-16,15:07:50.377000,10868,10869,10869,1
2019-07-16,15:07:51.390000,10868,10869,10868,1
2019-07-16,15:07:58.927000,10868,10869,10868,1
2019-07-16,15:08:13.020000,10868,10869,10869,1
2019-07-16,15:08:15.651000,10868,10869,10869,2
2019-07-16,15:08:19.870000,10868,10869,10868,1
2019-07-16,15:08:30.650000,10868,10869,10869,1
2019-07-16,15:08:40.184000,10868,10869,10869,1
2019-07-16,15:08:41.114000,10868,10869,10869,5
2019-07-16,15:08:45.436000,10868,10869,10869,1
2019-07-16,15:08:52.012000,10868,10869,10868,1
2019-07-16,15:08:52.013000,10868,10869,10869,5
2019-07-16,15:08:52.014000,10868,10869,10868,2
2019-07-16,15:08:52.122000,10868,10869,10868,29
2019-07-16,15:08:52.247000,10868,10869,10868,14
2019-07-16,15:08:52.501000,10867,10868,10867,2
2019-07-16,15:08:52.501000,10867,10868,10867,4
2019-07-16,15:08:52.502000,10867,10868,10867,4
2019-07-16,15:08:52.735000,10867,10868,10868,5
2019-07-16,15:08:53.223000,10867,10868,10867,4
2019-07-16,15:08:55.429000,10867,10868,10868,2
2019-07-16,15:08:55.929000,10867,10868,10867,1
2019-07-16,15:08:58.578000,10867,10868,10867,1
2019-07-16,15:08:59.434000,10867,10868,10868,1
2019-07-16,15:09:03.342000,10867,10868,10867,1
2019-07-16,15:09:10.747000,10867,10868,10867,1
2019-07-16,15:09:12.990000,10867,10868,10868,1
2019-07-16,15:09:20.212000,10867,10868,10867,1
2019-07-16,15:09:23.838000,10867,10868,10867,1
2019-07-16,15:09:34.120000,10867,10868,10868,2
2019-07-16,15:09:34.124000,10867,10868,10868,6
2019-07-16,15:09:36.478000,10867,10868,10868,1
2019-07-16,15:09:38.458000,10867,10868,10868,1
2019-07-16,15:09:38.558000,10867,10868,10868,1
2019-07-16,15:09:40.319000,10868,10869,10868,1
2019-07-16,15:09:41.074000,10868,10869,10868,1
2019-07-16,15:09:41.500000,10868,10869,10868,1
2019-07-16,15:09:45.443000,10868,10869,10868,4
2019-07-16,15:09:45.447000,10868,10869,10868,1
2019-07-16,15:09:46.943000,10868,10869,10869,1
2019-07-16,15:09:47.510000,10868,10869,10869,1
2019-07-16,15:09:49.382000,10868,10869,10869,1
2019-07-16,15:09:49.504000,10868,10869,10868,2
2019-07-16,15:09:49.900000,10868,10869,10869,1
2019-07-16,15:09:50.441000,10868,10869,10869,1
2019-07-16,15:09:51.455000,10868,10869,10869,1
2019-07-16,15:09:52.812000,10868,10869,10869,1
2019-07-16,15:09:53.403000,10868,10869,10869,1
2019-07-16,15:09:55.295000,10868,10869,10868,3
2019-07-16,15:09:55.295000,10868,10869,10868,1
2019-07-16,15:09:55.374000,10867,10868,10867,1
2019-07-16,15:09:55.375000,10867,10868,10868,1
2019-07-16,15:10:03.975000,10868,10869,10869,1
2019-07-16,15:10:08.462000,10868,10869,10869,3
2019-07-16,15:10:12.016000,10868,10869,10869,1
2019-07-16,15:10:12.439000,10868,10869,10869,1
2019-07-16,15:10:13.318000,10868,10869,10869,3
2019-07-16,15:10:13.657000,10868,10870,10870,4
2019-07-16,15:10:24.677000,10869,10870,10869,2
2019-07-16,15:10:25.003000,10869,10870,10869,2
2019-07-16,15:10:27.536000,10869,10870,10869,5
2019-07-16,15:10:28.513000,10869,10870,10869,1
2019-07-16,15:10:28.625000,10868,10869,10869,1
2019-07-16,15:10:30.124000,10869,10870,10870,1
2019-07-16,15:10:30.864000,10869,10870,10869,3
2019-07-16,15:10:39.176000,10869,10870,10869,1
2019-07-16,15:10:39.571000,10869,10870,10869,1
2019-07-16,15:10:41.581000,10869,10870,10869,1
2019-07-16,15:10:41.581000,10869,10870,10869,1
2019-07-16,15:10:41.654000,10868,10869,10869,1
2019-07-16,15:10:42.366000,10868,10869,10869,1
2019-07-16,15:10:54.881000,10868,10869,10869,2
2019-07-16,15:10:58.927000,10868,10869,10869,1
2019-07-16,15:10:58.968000,10868,10869,10869,1
2019-07-16,15:10:58.997000,10869,10870,10869,11
2019-07-16,15:11:16.044000,10868,10869,10869,8
2019-07-16,15:11:16.122000,10869,10870,10869,7
2019-07-16,15:11:16.881000,10868,10869,10868,5
2019-07-16,15:11:31.266000,10868,10869,10869,1
2019-07-16,15:11:31.399000,10868,10869,10868,1
2019-07-16,15:11:40.500000,10868,10869,10868,1
2019-07-16,15:11:42.601000,10868,10869,10868,5
2019-07-16,15:11:42.603000,10868,10869,10868,5
2019-07-16,15:11:42.604000,10868,10869,10868,5
2019-07-16,15:11:42.607000,10868,10869,10868,5
2019-07-16,15:11:42.622000,10868,10869,10868,6
2019-07-16,15:11:42.622000,10868,10869,10868,2
2019-07-16,15:11:48.999000,10867,10868,10867,1
2019-07-16,15:11:48.999000,10867,10868,10867,2
2019-07-16,15:11:49,10867,10868,10867,1
2019-07-16,15:11:49.002000,10867,10868,10867,2
2019-07-16,15:11:49.002000,10867,10868,10867,5
2019-07-16,15:11:49.002000,10867,10868,10867,2
2019-07-16,15:11:49.294000,10867,10868,10868,30
2019-07-16,15:11:54.603000,10867,10868,10868,1
2019-07-16,15:11:56.978000,10867,10868,10868,1
2019-07-16,15:11:58.815000,10867,10868,10868,8
2019-07-16,15:12:02.362000,10868,10869,10868,1
2019-07-16,15:12:12.078000,10868,10869,10868,3
2019-07-16,15:12:13.704000,10868,10869,10868,1
2019-07-16,15:12:13.892000,10868,10869,10868,1
2019-07-16,15:12:15.603000,10868,10869,10868,1
2019-07-16,15:12:26.359000,10867,10868,10868,1
2019-07-16,15:12:26.833000,10867,10868,10868,9
2019-07-16,15:12:26.927000,10868,10869,10868,1
2019-07-16,15:12:30.254000,10867,10868,10868,10
2019-07-16,15:12:37.216000,10867,10868,10867,2
2019-07-16,15:12:37.322000,10867,10868,10868,5
2019-07-16,15:12:42.036000,10867,10868,10868,3
2019-07-16,15:12:42.500000,10868,10869,10868,1
2019-07-16,15:12:46.700000,10867,10868,10868,1
2019-07-16,15:12:47.355000,10867,10868,10868,5
2019-07-16,15:13:03.001000,10868,10869,10868,1
2019-07-16,15:13:05.840000,10867,10868,10868,1
2019-07-16,15:13:14.538000,10868,10869,10869,10
2019-07-16,15:13:15.984000,10868,10869,10869,2
2019-07-16,15:13:16.240000,10868,10869,10869,1
2019-07-16,15:13:16.372000,10869,10870,10869,1
2019-07-16,15:13:22.667000,10868,10869,10869,1
2019-07-16,15:13:36.308000,10868,10869,10869,1
2019-07-16,15:13:36.516000,10868,10869,10869,1
2019-07-16,15:13:36.622000,10869,10870,10869,2
2019-07-16,15:13:36.668000,10869,10870,10869,2
2019-07-16,15:13:40.499000,10868,10869,10868,4
2019-07-16,15:13:40.499000,10868,10869,10868,4
2019-07-16,15:13:40.500000,10868,10869,10868,1
2019-07-16,15:13:40.500000,10868,10869,10868,4
2019-07-16,15:13:40.501000,10868,10869,10868,1
2019-07-16,15:13:40.501000,10868,10869,10868,1
2019-07-16,15:13:40.622000,10867,10868,10868,2
2019-07-16,15:13:40.747000,10867,10868,10868,1
2019-07-16,15:13:42.010000,10868,10869,10869,5
2019-07-16,15:13:42.122000,10867,10868,10868,2
2019-07-16,15:13:52.976000,10868,10869,10868,2
2019-07-16,15:13:58.778000,10868,10869,10868,1
2019-07-16,15:14:07.055000,10868,10869,10868,1
2019-07-16,15:14:12.622000,10868,10869,10869,10
2019-07-16,15:14:19.722000,10868,10869,10869,2
2019-07-16,15:14:19.978000,10868,10869,10869,2
2019-07-16,15:14:29.221000,10868,10870,10870,1
2019-07-16,15:14:32.100000,10868,10869,10869,1
2019-07-16,15:14:39.075000,10868,10869,10869,5
2019-07-16,15:14:44.275000,10868,10869,10869,1
2019-07-16,15:15:02.497000,10868,10869,10869,2
2019-07-16,15:15:03.020000,10868,10869,10868,3
2019-07-16,15:15:06.432000,10868,10869,10868,5
2019-07-16,15:15:06.433000,10868,10869,10868,5
2019-07-16,15:15:20.359000,10868,10869,10868,38
2019-07-16,15:15:20.375000,10868,10869,10868,2
2019-07-16,15:15:20.497000,10867,10868,10868,1
2019-07-16,15:15:20.616000,10867,10868,10868,2
2019-07-16,15:15:24.035000,10867,10868,10867,9
2019-07-16,15:15:24.124000,10867,10868,10867,3
2019-07-16,15:15:24.124000,10867,10868,10867,2
2019-07-16,15:15:24.124000,10867,10868,10867,5
2019-07-16,15:15:24.125000,10867,10868,10867,3
2019-07-16,15:15:24.125000,10867,10868,10867,5
2019-07-16,15:15:24.126000,10867,10868,10867,1
2019-07-16,15:15:24.145000,10867,10868,10867,2
2019-07-16,15:15:24.247000,10866,10867,10867,1
2019-07-16,15:15:24.247000,10866,10867,10867,2
2019-07-16,15:15:24.248000,10866,10867,10867,3
2019-07-16,15:15:26.877000,10866,10868,10868,4
2019-07-16,15:15:29.189000,10867,10868,10868,13
2019-07-16,15:15:34.516000,10868,10869,10868,10
2019-07-16,15:15:37.872000,10868,10869,10868,2
2019-07-16,15:15:57.921000,10867,10868,10868,5
2019-07-16,15:15:59.991000,10867,10868,10868,11
2019-07-16,15:16:00.197000,10868,10869,10868,1
2019-07-16,15:16:20.658000,10868,10869,10868,1
2019-07-16,15:16:40.302000,10868,10869,10868,25
2019-07-16,15:16:50.506000,10868,10869,10868,1
2019-07-16,15:16:59.755000,10868,10869,10868,1
2019-07-16,15:17:00.285000,10868,10869,10868,1
2019-07-16,15:17:01.417000,10868,10869,10869,4
2019-07-16,15:17:01.483000,10868,10869,10869,1
2019-07-16,15:17:02.863000,10868,10869,10868,1
2019-07-16,15:17:06.422000,10868,10869,10869,2
2019-07-16,15:17:23.982000,10868,10869,10868,1
2019-07-16,15:17:24.240000,10868,10869,10868,1
2019-07-16,15:17:24.874000,10868,10869,10868,3
2019-07-16,15:17:28.009000,10867,10868,10868,1
2019-07-16,15:17:29.315000,10867,10868,10868,1
2019-07-16,15:17:30.843000,10867,10868,10867,2
2019-07-16,15:17:30.912000,10867,10868,10868,20
2019-07-16,15:17:30.912000,10867,10868,10868,3
2019-07-16,15:17:30.912000,10867,10868,10868,1
2019-07-16,15:17:35.476000,10868,10869,10868,5
2019-07-16,15:17:36.505000,10868,10869,10868,2
2019-07-16,15:17:38.133000,10867,10868,10868,1
2019-07-16,15:17:59.886000,10867,10868,10868,1
2019-07-16,15:18:15.887000,10867,10868,10867,5
2019-07-16,15:18:17.341000,10867,10868,10867,5
2019-07-16,15:18:25.698000,10867,10868,10867,2
2019-07-16,15:18:27.540000,10867,10868,10867,5
2019-07-16,15:18:27.744000,10867,10868,10867,2
2019-07-16,15:18:31.040000,10867,10868,10867,21
2019-07-16,15:18:35.065000,10866,10867,10867,1
2019-07-16,15:18:42.504000,10866,10867,10867,2
2019-07-16,15:18:42.930000,10866,10867,10867,1
2019-07-16,15:18:44.442000,10866,10867,10867,4
2019-07-16,15:19:05.088000,10866,10867,10866,1
2019-07-16,15:19:05.452000,10866,10867,10866,1
2019-07-16,15:19:05.498000,10866,10867,10866,1
2019-07-16,15:19:05.978000,10866,10867,10866,1
2019-07-16,15:19:06.149000,10866,10867,10866,1
2019-07-16,15:19:06.161000,10866,10867,10866,1
2019-07-16,15:19:09.974000,10866,10867,10867,1
2019-07-16,15:19:10.712000,10866,10868,10866,1
2019-07-16,15:19:12.352000,10866,10867,10866,2
2019-07-16,15:19:15.243000,10866,10867,10866,1
2019-07-16,15:19:20.977000,10866,10867,10867,1
2019-07-16,15:19:23.285000,10866,10867,10867,2
2019-07-16,15:19:32.571000,10867,10868,10867,1
2019-07-16,15:19:39.999000,10867,10868,10867,2
2019-07-16,15:19:44.599000,10866,10867,10867,1
2019-07-16,15:20:01.452000,10866,10867,10866,1
2019-07-16,15:20:01.765000,10866,10867,10866,1
2019-07-16,15:20:01.791000,10866,10867,10866,1
2019-07-16,15:20:02.724000,10866,10867,10866,1
2019-07-16,15:20:03.091000,10866,10867,10866,1
2019-07-16,15:20:05.206000,10866,10867,10866,37
2019-07-16,15:20:05.247000,10866,10867,10866,6
2019-07-16,15:20:05.247000,10866,10867,10866,2
2019-07-16,15:20:05.446000,10866,10867,10866,2
2019-07-16,15:20:05.497000,10866,10867,10866,10
2019-07-16,15:20:17.513000,10865,10866,10866,1
2019-07-16,15:20:17.943000,10865,10866,10866,1
2019-07-16,15:20:18.670000,10865,10866,10866,1
2019-07-16,15:20:22.425000,10865,10866,10866,4
2019-07-16,15:20:26.381000,10865,10866,10865,2
2019-07-16,15:20:30.976000,10865,10866,10866,2
2019-07-16,15:20:57.886000,10865,10866,10866,2
2019-07-16,15:21:04.527000,10865,10866,10866,4
2019-07-16,15:21:20.459000,10865,10866,10866,1
2019-07-16,15:21:23.121000,10865,10866,10866,3
2019-07-16,15:21:39.054000,10865,10866,10866,1
2019-07-16,15:22:00.710000,10865,10866,10866,1
2019-07-16,15:22:05.130000,10865,10866,10866,1
2019-07-16,15:22:11.275000,10865,10866,10865,1
2019-07-16,15:22:16.118000,10865,10866,10865,1
2019-07-16,15:22:34.224000,10865,10866,10865,1
2019-07-16,15:22:42.102000,10865,10866,10865,1
2019-07-16,15:22:45.863000,10865,10866,10865,1
2019-07-16,15:23:00.736000,10865,10866,10865,1
2019-07-16,15:23:12.932000,10865,10866,10866,2
2019-07-16,15:23:19.607000,10865,10866,10866,1
2019-07-16,15:23:20.286000,10865,10866,10866,1
2019-07-16,15:23:31.403000,10865,10866,10866,1
2019-07-16,15:23:40.193000,10865,10866,10866,38
2019-07-16,15:23:40.317000,10866,10867,10866,1
2019-07-16,15:23:40.323000,10866,10867,10866,3
2019-07-16,15:23:45.828000,10866,10867,10866,2
2019-07-16,15:23:58.417000,10866,10867,10867,1
2019-07-16,15:24:07.292000,10866,10867,10867,2
2019-07-16,15:24:07.914000,10866,10867,10866,1
2019-07-16,15:24:07.978000,10866,10867,10866,10
2019-07-16,15:24:08.417000,10866,10867,10866,1
2019-07-16,15:24:10.539000,10866,10867,10867,1
2019-07-16,15:24:34.374000,10866,10867,10866,2
2019-07-16,15:24:36.383000,10866,10867,10867,1
2019-07-16,15:24:52.853000,10866,10867,10867,1
2019-07-16,15:25:03.619000,10866,10867,10867,12
2019-07-16,15:25:03.619000,10866,10867,10868,6
2019-07-16,15:25:03.619000,10866,10867,10868,20
2019-07-16,15:25:03.620000,10866,10867,10868,33
2019-07-16,15:25:03.620000,10866,10867,10868,9
2019-07-16,15:25:06.492000,10868,10869,10869,5
2019-07-16,15:25:08.875000,10868,10869,10869,2
2019-07-16,15:25:09.534000,10868,10869,10868,1
2019-07-16,15:25:32.497000,10868,10869,10869,21
2019-07-16,15:25:32.622000,10868,10869,10869,6
2019-07-16,15:25:32.998000,10869,10870,10869,1
2019-07-16,15:25:44.926000,10869,10870,10869,1
2019-07-16,15:25:44.931000,10869,10870,10869,2
2019-07-16,15:25:44.999000,10868,10869,10868,4
2019-07-16,15:25:46.472000,10868,10869,10869,7
2019-07-16,15:25:47.979000,10868,10869,10869,1
2019-07-16,15:26:01.897000,10868,10869,10869,1
2019-07-16,15:26:11.871000,10868,10869,10869,1
2019-07-16,15:26:16.375000,10868,10869,10869,5
2019-07-16,15:26:22.771000,10868,10869,10868,2
2019-07-16,15:26:22.999000,10868,10869,10868,2
2019-07-16,15:26:24.998000,10868,10869,10869,5
2019-07-16,15:26:39.598000,10868,10869,10868,1
2019-07-16,15:26:49.132000,10868,10869,10868,1
2019-07-16,15:26:54.120000,10868,10869,10868,1
2019-07-16,15:27:02.744000,10868,10869,10868,1
2019-07-16,15:27:02.745000,10868,10869,10868,5
2019-07-16,15:27:09.105000,10868,10869,10868,5
2019-07-16,15:27:13.092000,10868,10869,10868,1
2019-07-16,15:27:13.095000,10868,10869,10868,1
2019-07-16,15:27:13.098000,10868,10869,10868,1
2019-07-16,15:27:13.099000,10868,10869,10868,1
2019-07-16,15:27:13.125000,10867,10868,10867,2
2019-07-16,15:27:25.259000,10867,10868,10867,1
2019-07-16,15:27:37.114000,10867,10868,10867,4
2019-07-16,15:27:43.377000,10867,10868,10867,9
2019-07-16,15:27:43.497000,10867,10868,10867,5
2019-07-16,15:27:45.752000,10866,10868,10868,1
2019-07-16,15:27:47.867000,10866,10868,10868,1
2019-07-16,15:27:50.408000,10866,10867,10867,1
2019-07-16,15:28:01.760000,10867,10868,10867,1
2019-07-16,15:28:05.157000,10866,10868,10866,4
2019-07-16,15:28:35.754000,10866,10867,10867,1
2019-07-16,15:28:42.358000,10866,10867,10867,2
2019-07-16,15:28:44.898000,10866,10867,10866,2
2019-07-16,15:28:48.262000,10866,10867,10866,5
2019-07-16,15:28:52.530000,10866,10867,10866,1
2019-07-16,15:29:02.488000,10866,10867,10866,1
2019-07-16,15:29:03.887000,10866,10867,10866,1
2019-07-16,15:29:03.976000,10866,10867,10867,1
2019-07-16,15:29:07.479000,10866,10867,10866,1
2019-07-16,15:29:08.001000,10866,10867,10866,1
2019-07-16,15:29:39.996000,10866,10867,10866,1
2019-07-16,15:29:45.593000,10866,10867,10866,1
2019-07-16,15:29:45.758000,10866,10867,10866,6
2019-07-16,15:29:45.997000,10866,10867,10866,1
2019-07-16,15:29:47.849000,10866,10867,10866,1
2019-07-16,15:29:49.001000,10865,10866,10866,1
2019-07-16,15:30:05.622000,10866,10867,10866,1
2019-07-16,15:30:06.528000,10865,10867,10865,2
2019-07-16,15:30:06.676000,10865,10867,10865,1
2019-07-16,15:30:07.592000,10865,10867,10867,2
2019-07-16,15:30:20.677000,10865,10866,10866,1
2019-07-16,15:30:21.012000,10865,10866,10865,1
2019-07-16,15:30:22.928000,10865,10866,10866,1
2019-07-16,15:30:25.526000,10865,10866,10866,1
2019-07-16,15:30:31.314000,10865,10866,10866,1
2019-07-16,15:30:44.466000,10865,10866,10866,1
2019-07-16,15:30:51.089000,10865,10866,10866,1
2019-07-16,15:30:51.500000,10866,10867,10866,1
2019-07-16,15:30:54.500000,10866,10867,10866,1
2019-07-16,15:31:02.001000,10866,10867,10866,1
2019-07-16,15:31:03.810000,10866,10867,10866,1
2019-07-16,15:31:04.257000,10866,10867,10867,5
2019-07-16,15:31:04.610000,10866,10867,10866,1
2019-07-16,15:31:08.729000,10866,10867,10866,2
2019-07-16,15:31:37.896000,10866,10867,10866,1
2019-07-16,15:31:41.289000,10866,10867,10866,1
2019-07-16,15:31:44.477000,10866,10867,10866,2
2019-07-16,15:32:27.098000,10865,10866,10866,1
2019-07-16,15:32:28.949000,10865,10866,10866,1
2019-07-16,15:32:29.003000,10865,10866,10866,1
2019-07-16,15:32:29.389000,10865,10866,10866,1
2019-07-16,15:32:29.444000,10865,10866,10866,1
2019-07-16,15:32:41.191000,10865,10866,10866,1
2019-07-16,15:32:41.927000,10865,10866,10866,1
2019-07-16,15:32:58.162000,10865,10866,10866,1
2019-07-16,15:33:28.029000,10865,10866,10866,1
2019-07-16,15:33:28.245000,10865,10866,10866,1
2019-07-16,15:33:30.638000,10865,10866,10866,1
2019-07-16,15:33:31.997000,10865,10866,10866,2
2019-07-16,15:33:31.997000,10865,10866,10866,2
2019-07-16,15:33:31.997000,10865,10866,10866,5
2019-07-16,15:33:32.123000,10866,10867,10866,1
2019-07-16,15:33:36.899000,10865,10867,10865,2
2019-07-16,15:34:00.613000,10865,10866,10865,10
2019-07-16,15:34:03.228000,10865,10866,10865,3
2019-07-16,15:34:03.937000,10865,10866,10865,1
2019-07-16,15:34:06.303000,10865,10866,10865,1
2019-07-16,15:34:06.624000,10865,10866,10865,1
2019-07-16,15:34:06.625000,10865,10866,10865,2
2019-07-16,15:34:06.625000,10865,10866,10865,2
2019-07-16,15:34:07.704000,10865,10866,10866,2
2019-07-16,15:34:09.063000,10865,10866,10865,2
2019-07-16,15:34:09.377000,10865,10866,10866,1
2019-07-16,15:34:12.028000,10865,10866,10865,6
2019-07-16,15:34:12.122000,10865,10866,10865,12
2019-07-16,15:34:18.418000,10864,10865,10864,6
2019-07-16,15:34:18.503000,10864,10865,10864,1
2019-07-16,15:34:18.733000,10864,10865,10864,3
2019-07-16,15:34:18.912000,10864,10865,10864,3
2019-07-16,15:34:19.157000,10864,10865,10864,1
2019-07-16,15:34:19.261000,10864,10865,10864,1
2019-07-16,15:34:19.463000,10864,10865,10864,2
2019-07-16,15:34:24.013000,10864,10866,10864,1
2019-07-16,15:34:26.792000,10865,10866,10865,1
2019-07-16,15:34:26.792000,10865,10866,10864,1
2019-07-16,15:34:33.058000,10865,10866,10865,1
2019-07-16,15:34:33.058000,10865,10866,10864,1
2019-07-16,15:34:52.878000,10864,10865,10865,1
2019-07-16,15:34:56.700000,10865,10866,10865,1
2019-07-16,15:35:09.966000,10865,10866,10865,1
2019-07-16,15:35:10.399000,10865,10866,10865,6
2019-07-16,15:35:10.451000,10865,10866,10865,1
2019-07-16,15:35:10.490000,10865,10866,10864,1
2019-07-16,15:35:10.497000,10864,10866,10864,2
2019-07-16,15:35:10.747000,10865,10866,10865,1
2019-07-16,15:35:11.322000,10864,10866,10864,1
2019-07-16,15:35:12.061000,10864,10866,10864,1
2019-07-16,15:35:13.376000,10864,10865,10864,1
2019-07-16,15:35:15.075000,10864,10865,10864,1
2019-07-16,15:35:28.934000,10864,10865,10864,4
2019-07-16,15:35:31.255000,10864,10865,10864,3
2019-07-16,15:35:32.167000,10864,10865,10864,1
2019-07-16,15:35:32.854000,10864,10865,10864,3
2019-07-16,15:35:35.947000,10864,10865,10864,1
2019-07-16,15:35:36.915000,10864,10865,10864,3
2019-07-16,15:35:45.020000,10864,10865,10864,2
2019-07-16,15:35:49.211000,10864,10865,10865,1
2019-07-16,15:36:00.285000,10864,10865,10864,1
2019-07-16,15:36:03.593000,10864,10865,10865,1
2019-07-16,15:36:04.396000,10864,10865,10864,1
2019-07-16,15:36:05.111000,10864,10865,10864,1
2019-07-16,15:36:05.158000,10864,10865,10864,1
2019-07-16,15:36:14.933000,10864,10865,10864,3
2019-07-16,15:36:18.951000,10864,10865,10864,1
2019-07-16,15:36:20.331000,10864,10865,10864,7
2019-07-16,15:36:23.076000,10864,10865,10864,1
2019-07-16,15:36:26.213000,10864,10865,10864,3
2019-07-16,15:36:27.066000,10864,10865,10864,8
2019-07-16,15:36:29.640000,10864,10865,10864,1
2019-07-16,15:36:29.645000,10864,10865,10864,3
2019-07-16,15:36:29.653000,10864,10865,10864,3
2019-07-16,15:36:29.660000,10864,10865,10864,1
2019-07-16,15:36:30.702000,10864,10865,10864,1
2019-07-16,15:36:33.236000,10864,10865,10864,1
2019-07-16,15:36:33.247000,10864,10865,10864,1
2019-07-16,15:36:33.253000,10864,10865,10864,3
2019-07-16,15:36:33.283000,10864,10865,10864,1
2019-07-16,15:36:34.536000,10863,10864,10864,1
2019-07-16,15:36:34.620000,10863,10864,10864,1
2019-07-16,15:36:36.231000,10864,10865,10865,1
2019-07-16,15:36:37.016000,10864,10865,10864,1
2019-07-16,15:36:37.183000,10864,10865,10865,1
2019-07-16,15:36:44.112000,10864,10865,10865,5
2019-07-16,15:36:44.238000,10864,10865,10865,2
2019-07-16,15:36:44.247000,10864,10865,10865,10
2019-07-16,15:36:45.797000,10865,10866,10865,1
2019-07-16,15:36:52.167000,10865,10866,10865,2
2019-07-16,15:36:57.401000,10865,10866,10865,1
2019-07-16,15:37:02.691000,10865,10866,10865,1
2019-07-16,15:37:11.400000,10865,10866,10865,1
2019-07-16,15:37:16.367000,10865,10866,10865,1
2019-07-16,15:37:22.197000,10865,10866,10865,1
2019-07-16,15:37:24.713000,10865,10866,10866,1
2019-07-16,15:37:28.884000,10865,10866,10866,2
2019-07-16,15:37:30.128000,10865,10866,10866,5
2019-07-16,15:37:30.247000,10865,10866,10866,14
2019-07-16,15:37:30.372000,10865,10866,10866,1
2019-07-16,15:37:30.947000,10866,10867,10867,1
2019-07-16,15:37:37.575000,10866,10867,10867,5
2019-07-16,15:37:47.820000,10866,10867,10866,4
2019-07-16,15:37:54.951000,10866,10867,10867,1
2019-07-16,15:38:11.615000,10866,10867,10867,1
2019-07-16,15:38:13.060000,10866,10867,10866,5
2019-07-16,15:38:18.176000,10866,10867,10866,3
2019-07-16,15:38:18.176000,10866,10867,10866,1
2019-07-16,15:38:18.176000,10866,10867,10866,5
2019-07-16,15:38:28.612000,10865,10866,10865,5
2019-07-16,15:38:29.356000,10865,10866,10866,1
2019-07-16,15:38:52.251000,10865,10866,10866,2
2019-07-16,15:39:09.763000,10865,10866,10866,4
2019-07-16,15:39:13.377000,10865,10866,10866,1
2019-07-16,15:39:16.983000,10865,10866,10866,5
2019-07-16,15:39:20.872000,10865,10866,10866,5
2019-07-16,15:39:49.924000,10866,10867,10867,1
2019-07-16,15:39:54.846000,10866,10867,10866,3
2019-07-16,15:40:13.159000,10866,10867,10866,2
2019-07-16,15:40:36.451000,10866,10867,10867,1
2019-07-16,15:40:51.438000,10866,10867,10867,1
2019-07-16,15:41:48.611000,10866,10867,10866,3
2019-07-16,15:41:51.089000,10866,10867,10867,1
2019-07-16,15:41:54.252000,10866,10867,10867,5
2019-07-16,15:41:57.842000,10866,10867,10866,1
2019-07-16,15:42:20.712000,10866,10867,10866,6
2019-07-16,15:42:21.532000,10866,10867,10866,2
2019-07-16,15:42:21.533000,10866,10867,10865,2
2019-07-16,15:42:21.535000,10866,10867,10865,2
2019-07-16,15:42:21.570000,10866,10867,10865,1
2019-07-16,15:42:22.776000,10865,10866,10865,1
2019-07-16,15:42:22.789000,10865,10866,10865,1
2019-07-16,15:42:23.092000,10865,10866,10865,1
2019-07-16,15:42:23.103000,10865,10866,10865,1
2019-07-16,15:42:23.114000,10865,10866,10865,1
2019-07-16,15:42:23.115000,10865,10866,10865,1
2019-07-16,15:42:23.138000,10865,10866,10865,1
2019-07-16,15:42:23.141000,10865,10866,10865,2
2019-07-16,15:42:23.156000,10865,10866,10865,1
2019-07-16,15:42:40.088000,10865,10866,10866,2
2019-07-16,15:43:41.241000,10865,10866,10866,5
2019-07-16,15:43:42.840000,10865,10866,10866,3
2019-07-16,15:43:46.554000,10865,10866,10866,1
2019-07-16,15:44:05.497000,10865,10866,10866,2
2019-07-16,15:44:05.497000,10865,10866,10866,1
2019-07-16,15:44:27.771000,10866,10867,10866,1
2019-07-16,15:44:56.582000,10866,10867,10866,1
2019-07-16,15:45:11.143000,10866,10867,10867,8
2019-07-16,15:45:11.247000,10866,10867,10867,13
2019-07-16,15:45:11.247000,10866,10867,10867,4
2019-07-16,15:45:11.248000,10866,10867,10867,1
2019-07-16,15:45:11.248000,10866,10867,10867,6
2019-07-16,15:45:22.817000,10867,10868,10867,1
2019-07-16,15:46:41.378000,10867,10868,10868,1
2019-07-16,15:46:41.600000,10867,10868,10868,1
2019-07-16,15:47:02.755000,10867,10868,10867,1
2019-07-16,15:47:10.722000,10867,10868,10868,1
2019-07-16,15:47:25.514000,10867,10868,10868,1
2019-07-16,15:47:29.706000,10867,10868,10868,11
2019-07-16,15:47:31.275000,10867,10868,10868,1
2019-07-16,15:47:31.662000,10867,10868,10868,1
2019-07-16,15:47:36.317000,10867,10868,10868,1
2019-07-16,15:47:58.040000,10867,10868,10868,1
2019-07-16,15:48:19.652000,10867,10868,10867,1
2019-07-16,15:49:16.271000,10867,10868,10867,1
2019-07-16,15:49:59.991000,10867,10868,10868,2
2019-07-16,15:50:00.248000,10867,10868,10868,2
2019-07-16,15:50:15.555000,10867,10868,10868,1
2019-07-16,15:50:25.112000,10867,10868,10868,1
2019-07-16,15:50:41.580000,10867,10868,10867,1
2019-07-16,15:50:57.500000,10867,10868,10867,1
2019-07-16,15:51:37.735000,10867,10868,10868,2
2019-07-16,15:51:41.594000,10867,10868,10868,1
2019-07-16,15:51:57.591000,10867,10868,10867,25
2019-07-16,15:51:57.622000,10867,10868,10867,2
2019-07-16,15:51:57.847000,10866,10867,10867,2
2019-07-16,15:52:23.879000,10866,10867,10866,3
2019-07-16,15:52:24.079000,10866,10867,10866,3
2019-07-16,15:52:25.682000,10866,10867,10866,3
2019-07-16,15:52:27.634000,10866,10867,10866,1
2019-07-16,15:52:31.428000,10866,10867,10866,8
2019-07-16,15:52:31.497000,10866,10867,10866,12
2019-07-16,15:52:31.753000,10865,10866,10866,1
2019-07-16,15:52:51.255000,10865,10866,10865,1
2019-07-16,15:52:58.254000,10865,10866,10865,1
2019-07-16,15:52:58.987000,10865,10866,10865,2
2019-07-16,15:52:58.987000,10865,10866,10865,8
2019-07-16,15:52:58.987000,10865,10866,10865,2
2019-07-16,15:52:58.997000,10865,10866,10865,2
2019-07-16,15:52:58.997000,10865,10866,10865,1
2019-07-16,15:52:58.997000,10865,10866,10865,2
2019-07-16,15:52:58.998000,10865,10866,10865,1
2019-07-16,15:52:59.970000,10864,10866,10864,5
2019-07-16,15:53:00.407000,10864,10866,10864,1
2019-07-16,15:53:00.997000,10865,10866,10865,1
2019-07-16,15:53:02.153000,10865,10866,10865,1
2019-07-16,15:53:06.299000,10865,10866,10865,1
2019-07-16,15:53:21.698000,10864,10865,10864,3
2019-07-16,15:53:28.116000,10864,10865,10864,2
2019-07-16,15:53:43.490000,10864,10865,10865,1
2019-07-16,15:53:48.962000,10864,10865,10865,1
2019-07-16,15:53:49.372000,10864,10865,10865,1
2019-07-16,15:53:49.372000,10864,10865,10865,1
2019-07-16,15:53:49.372000,10864,10865,10865,1
2019-07-16,15:53:49.373000,10864,10865,10865,1
2019-07-16,15:53:49.373000,10864,10865,10865,2
2019-07-16,15:53:49.373000,10864,10865,10865,2
2019-07-16,15:53:52.001000,10865,10866,10865,1
2019-07-16,15:53:52.651000,10865,10866,10865,1
2019-07-16,15:54:04.976000,10865,10866,10865,1
2019-07-16,15:54:05.127000,10865,10866,10865,1
2019-07-16,15:54:05.290000,10864,10866,10864,1
2019-07-16,15:54:11.514000,10864,10866,10864,1
2019-07-16,15:54:23.013000,10864,10865,10865,1
2019-07-16,15:54:58.890000,10864,10865,10865,2
2019-07-16,15:55:03.066000,10864,10865,10865,1
2019-07-16,15:55:03.556000,10864,10865,10864,1
2019-07-16,15:55:03.560000,10864,10865,10864,8
2019-07-16,15:55:11.379000,10864,10865,10865,1
2019-07-16,15:55:11.623000,10865,10866,10865,1
2019-07-16,15:55:16.872000,10865,10866,10865,1
2019-07-16,15:55:22.251000,10865,10866,10865,2
2019-07-16,15:55:22.252000,10865,10866,10865,1
2019-07-16,15:55:23.500000,10865,10866,10865,2
2019-07-16,15:55:38.569000,10865,10866,10865,1
2019-07-16,15:56:00.285000,10865,10866,10865,2
2019-07-16,15:56:00.629000,10865,10866,10865,4
2019-07-16,15:56:20.355000,10865,10866,10865,1
2019-07-16,15:56:20.402000,10865,10866,10865,1
2019-07-16,15:56:20.441000,10865,10866,10865,1
2019-07-16,15:56:32.763000,10865,10866,10866,1
2019-07-16,15:56:51.153000,10865,10866,10866,3
2019-07-16,15:56:51.497000,10865,10866,10866,7
2019-07-16,15:56:51.747000,10866,10867,10866,1
2019-07-16,15:57:02.002000,10866,10867,10866,1
2019-07-16,15:57:38.581000,10865,10866,10866,4
2019-07-16,15:58:34.247000,10865,10866,10866,2
2019-07-16,15:58:55.111000,10865,10866,10866,1
2019-07-16,15:58:59.302000,10865,10866,10866,1
2019-07-16,15:59:04.629000,10865,10866,10866,1
2019-07-16,15:59:07.345000,10865,10866,10866,1
2019-07-16,15:59:09.265000,10865,10866,10866,1
2019-07-16,15:59:09.372000,10865,10866,10866,2
2019-07-16,15:59:09.747000,10866,10867,10866,1
2019-07-16,15:59:14.587000,10866,10867,10866,1
2019-07-16,15:59:15.182000,10866,10867,10867,1
2019-07-16,15:59:27.500000,10866,10867,10866,1
2019-07-16,15:59:31.185000,10866,10867,10867,1
2019-07-16,15:59:41.127000,10866,10867,10867,1
2019-07-16,15:59:44.685000,10866,10867,10867,1
2019-07-16,16:00:31.658000,10866,10867,10867,1
2019-07-16,16:00:31.914000,10866,10867,10866,2
2019-07-16,16:00:32,10866,10867,10866,11
2019-07-16,16:00:32,10866,10867,10865,1
2019-07-16,16:00:32.168000,10865,10866,10865,8
2019-07-16,16:00:32.282000,10865,10866,10865,4
2019-07-16,16:00:32.902000,10865,10866,10865,1
2019-07-16,16:00:35.164000,10865,10866,10865,1
2019-07-16,16:00:41.997000,10865,10866,10865,1
2019-07-16,16:00:52.259000,10865,10866,10865,2
2019-07-16,16:01:06.377000,10865,10866,10866,1
2019-07-16,16:01:06.378000,10865,10866,10866,1
2019-07-16,16:01:07.935000,10866,10867,10866,1
2019-07-16,16:01:07.935000,10866,10867,10866,2
2019-07-16,16:01:07.935000,10866,10867,10866,2
2019-07-16,16:01:36.022000,10865,10866,10866,1
2019-07-16,16:01:36.369000,10865,10866,10866,1
2019-07-16,16:01:39.500000,10866,10867,10866,2
2019-07-16,16:03:25.903000,10866,10867,10866,1
2019-07-16,16:03:35.335000,10866,10867,10866,1
2019-07-16,16:04:14.323000,10866,10867,10866,3
2019-07-16,16:04:22.122000,10866,10867,10867,2
2019-07-16,16:04:22.122000,10866,10867,10867,5
2019-07-16,16:04:22.122000,10866,10867,10867,2
2019-07-16,16:04:22.123000,10866,10867,10867,1
2019-07-16,16:04:22.123000,10866,10867,10867,3
2019-07-16,16:04:22.123000,10866,10867,10867,4
2019-07-16,16:04:22.123000,10866,10867,10867,2
2019-07-16,16:04:22.123000,10866,10867,10867,2
2019-07-16,16:04:22.128000,10866,10867,10867,4
2019-07-16,16:04:22.247000,10866,10867,10867,3
2019-07-16,16:04:22.373000,10867,10868,10867,1
2019-07-16,16:04:22.373000,10867,10868,10867,1
2019-07-16,16:04:30.566000,10867,10868,10867,6
2019-07-16,16:04:36.250000,10866,10867,10867,2
2019-07-16,16:04:39.052000,10866,10867,10867,1
2019-07-16,16:04:44.865000,10866,10867,10866,2
2019-07-16,16:04:46.747000,10866,10867,10866,2
2019-07-16,16:04:46.747000,10866,10867,10866,2
2019-07-16,16:04:46.748000,10866,10867,10866,1
2019-07-16,16:04:46.748000,10866,10867,10866,2
2019-07-16,16:04:46.748000,10866,10867,10866,1
2019-07-16,16:04:52.622000,10865,10866,10866,2
2019-07-16,16:05:07.879000,10865,10866,10866,1
2019-07-16,16:05:12.859000,10865,10866,10866,2
2019-07-16,16:05:13.505000,10865,10866,10866,1
2019-07-16,16:05:13.622000,10866,10867,10866,1
2019-07-16,16:06:04.122000,10866,10867,10867,6
2019-07-16,16:06:04.372000,10867,10868,10867,1
2019-07-16,16:06:05.001000,10867,10868,10867,1
2019-07-16,16:06:10.873000,10867,10868,10867,2
2019-07-16,16:06:10.876000,10867,10868,10867,3
2019-07-16,16:06:10.879000,10867,10868,10867,6
2019-07-16,16:06:13.768000,10867,10868,10868,4
2019-07-16,16:06:17.973000,10867,10868,10867,2
2019-07-16,16:06:17.976000,10867,10868,10867,1
2019-07-16,16:06:17.976000,10867,10868,10867,3
2019-07-16,16:06:17.979000,10867,10868,10867,2
2019-07-16,16:06:17.982000,10867,10868,10867,2
2019-07-16,16:06:17.986000,10867,10868,10867,1
2019-07-16,16:06:21.630000,10867,10868,10867,2
2019-07-16,16:06:23.700000,10867,10868,10868,1
2019-07-16,16:06:34.138000,10867,10868,10868,1
2019-07-16,16:06:34.390000,10867,10868,10868,1
2019-07-16,16:06:36.497000,10867,10868,10867,3
2019-07-16,16:06:36.498000,10867,10868,10867,3
2019-07-16,16:06:36.500000,10867,10868,10867,3
2019-07-16,16:06:36.622000,10867,10868,10867,3
2019-07-16,16:06:36.626000,10867,10868,10867,4
2019-07-16,16:06:46.539000,10866,10867,10867,5
2019-07-16,16:06:49.500000,10866,10867,10866,1
2019-07-16,16:06:49.501000,10866,10867,10866,2
2019-07-16,16:06:49.872000,10866,10867,10866,1
2019-07-16,16:06:50.362000,10866,10867,10867,1
2019-07-16,16:06:50.383000,10866,10867,10866,2
2019-07-16,16:06:50.990000,10866,10867,10866,1
2019-07-16,16:06:56.846000,10865,10866,10865,1
2019-07-16,16:06:57.325000,10865,10866,10865,1
2019-07-16,16:07:02.607000,10865,10866,10866,2
2019-07-16,16:07:24.436000,10865,10866,10866,1
2019-07-16,16:07:29.339000,10865,10866,10866,1
2019-07-16,16:07:32.783000,10865,10866,10866,1
2019-07-16,16:07:37.055000,10865,10866,10866,1
2019-07-16,16:07:38.567000,10865,10866,10866,1
2019-07-16,16:07:38.871000,10865,10866,10866,1
2019-07-16,16:07:39.100000,10865,10866,10866,1
2019-07-16,16:07:59.911000,10865,10866,10866,1
2019-07-16,16:08:02.597000,10865,10866,10866,1
2019-07-16,16:08:39.593000,10865,10866,10866,1
2019-07-16,16:08:49.001000,10866,10867,10866,1
2019-07-16,16:10:14.372000,10865,10866,10866,4
2019-07-16,16:10:14.755000,10866,10867,10866,1
2019-07-16,16:10:25.488000,10865,10866,10866,2
2019-07-16,16:10:36.001000,10865,10866,10865,1
2019-07-16,16:10:36.001000,10865,10866,10865,1
2019-07-16,16:10:36.002000,10865,10866,10865,1
2019-07-16,16:10:52.281000,10865,10866,10865,3
2019-07-16,16:10:52.282000,10865,10866,10865,4
2019-07-16,16:10:52.284000,10865,10866,10865,4
2019-07-16,16:10:52.290000,10865,10866,10865,2
2019-07-16,16:10:58.073000,10864,10865,10865,1
2019-07-16,16:10:58.306000,10864,10865,10865,1
2019-07-16,16:10:58.500000,10865,10866,10865,1
2019-07-16,16:11:01.630000,10865,10866,10865,2
2019-07-16,16:12:31.290000,10865,10866,10866,1
2019-07-16,16:12:32.638000,10865,10866,10866,1
2019-07-16,16:13:00.220000,10865,10866,10866,1
2019-07-16,16:13:31.244000,10865,10866,10866,4
2019-07-16,16:13:31.299000,10865,10866,10866,1
2019-07-16,16:13:31.374000,10865,10866,10866,1
2019-07-16,16:13:44.315000,10865,10866,10866,1
2019-07-16,16:14:02.664000,10865,10866,10865,1
2019-07-16,16:14:09.727000,10865,10866,10866,1
2019-07-16,16:14:13.698000,10865,10866,10866,2
2019-07-16,16:14:16.739000,10865,10866,10866,3
2019-07-16,16:14:26.905000,10865,10866,10865,1
2019-07-16,16:14:30.999000,10865,10866,10865,2
2019-07-16,16:14:31,10865,10866,10865,6
2019-07-16,16:14:31,10865,10866,10865,3
2019-07-16,16:14:34.658000,10865,10866,10865,1
2019-07-16,16:14:35.001000,10865,10866,10865,1
2019-07-16,16:14:40.644000,10865,10866,10865,1
2019-07-16,16:14:41.955000,10865,10866,10866,1
2019-07-16,16:15:06.054000,10865,10866,10865,2
2019-07-16,16:15:12.443000,10865,10866,10866,1
2019-07-16,16:15:49.392000,10865,10866,10865,3
2019-07-16,16:15:50.001000,10865,10866,10865,1
2019-07-16,16:15:51.088000,10865,10866,10866,1
2019-07-16,16:16:18.001000,10865,10866,10865,1
2019-07-16,16:16:27.511000,10865,10866,10866,1
2019-07-16,16:16:43.701000,10865,10866,10865,1
2019-07-16,16:16:45.249000,10865,10866,10866,1
2019-07-16,16:16:48.575000,10865,10866,10866,1
2019-07-16,16:17:28.551000,10865,10866,10865,4
2019-07-16,16:17:32.682000,10865,10866,10866,5
2019-07-16,16:17:46.400000,10865,10866,10866,1
2019-07-16,16:17:57.141000,10865,10866,10866,2
2019-07-16,16:18:08.100000,10865,10866,10866,1
2019-07-16,16:18:11.372000,10866,10867,10866,2
2019-07-16,16:18:19.437000,10866,10867,10867,1
2019-07-16,16:18:19.480000,10866,10867,10866,2
2019-07-16,16:18:19.484000,10866,10867,10866,3
2019-07-16,16:18:19.484000,10866,10867,10866,2
2019-07-16,16:18:24.288000,10865,10866,10866,1
2019-07-16,16:18:25.786000,10865,10866,10866,1
2019-07-16,16:18:29.500000,10866,10867,10866,1
2019-07-16,16:18:29.872000,10866,10867,10866,2
2019-07-16,16:18:30.497000,10866,10867,10866,1
2019-07-16,16:18:31.922000,10866,10867,10866,1
2019-07-16,16:18:31.925000,10866,10867,10866,3
2019-07-16,16:18:31.987000,10866,10867,10866,2
2019-07-16,16:18:46.102000,10865,10866,10866,1
2019-07-16,16:18:56.827000,10865,10866,10866,1
2019-07-16,16:19:35.655000,10865,10866,10866,1
2019-07-16,16:20:13.633000,10865,10866,10866,1
2019-07-16,16:20:14.305000,10865,10866,10866,1
2019-07-16,16:20:16.830000,10865,10866,10866,1
2019-07-16,16:20:16.836000,10865,10866,10866,1
2019-07-16,16:20:34.673000,10865,10866,10865,2
2019-07-16,16:20:50.384000,10865,10866,10866,1
2019-07-16,16:20:57.122000,10865,10866,10866,2
2019-07-16,16:20:57.122000,10865,10866,10866,2
2019-07-16,16:20:59.707000,10865,10866,10866,2
2019-07-16,16:20:59.747000,10865,10866,10866,2
2019-07-16,16:21:02.416000,10865,10866,10866,1
2019-07-16,16:21:03.711000,10865,10866,10865,1
2019-07-16,16:21:03.724000,10865,10866,10865,1
2019-07-16,16:21:03.726000,10865,10866,10865,1
2019-07-16,16:21:03.728000,10865,10866,10865,1
2019-07-16,16:21:03.805000,10865,10866,10865,1
2019-07-16,16:21:14.576000,10865,10866,10866,1
2019-07-16,16:21:19.046000,10865,10866,10866,1
2019-07-16,16:22:02.387000,10865,10866,10865,1
2019-07-16,16:22:58.804000,10865,10866,10866,4
2019-07-16,16:22:58.847000,10865,10866,10866,3
2019-07-16,16:23:00.218000,10865,10866,10866,1
2019-07-16,16:23:28.310000,10865,10866,10866,2
2019-07-16,16:23:30.994000,10865,10866,10866,3
2019-07-16,16:23:40.468000,10865,10866,10866,1
2019-07-16,16:23:46.127000,10865,10866,10866,1
2019-07-16,16:23:57.982000,10865,10866,10866,1
2019-07-16,16:24:02.301000,10865,10866,10865,3
2019-07-16,16:24:03.583000,10865,10866,10866,1
2019-07-16,16:24:15.902000,10866,10867,10866,4
2019-07-16,16:24:15.911000,10866,10867,10866,1
2019-07-16,16:24:27.945000,10865,10866,10865,6
2019-07-16,16:24:27.945000,10865,10866,10865,18
2019-07-16,16:24:27.945000,10865,10866,10865,22
2019-07-16,16:24:27.945000,10865,10866,10865,11
2019-07-16,16:24:27.945000,10865,10866,10865,13
2019-07-16,16:24:27.998000,10865,10866,10865,1
2019-07-16,16:24:27.998000,10865,10866,10865,2
2019-07-16,16:24:27.998000,10865,10866,10865,2
2019-07-16,16:24:27.998000,10865,10866,10865,2
2019-07-16,16:24:30.322000,10864,10865,10865,1
2019-07-16,16:24:32.755000,10864,10865,10864,1
2019-07-16,16:24:33.025000,10864,10865,10864,2
2019-07-16,16:24:33.733000,10864,10865,10864,1
2019-07-16,16:24:33.771000,10864,10865,10864,4
2019-07-16,16:24:33.795000,10864,10865,10864,1
2019-07-16,16:24:33.799000,10864,10865,10864,1
2019-07-16,16:24:33.800000,10864,10865,10864,1
2019-07-16,16:24:33.820000,10864,10865,10864,1
2019-07-16,16:24:33.821000,10864,10865,10864,1
2019-07-16,16:24:33.821000,10864,10865,10864,1
2019-07-16,16:24:33.831000,10864,10865,10864,1
2019-07-16,16:24:33.838000,10864,10865,10864,2
2019-07-16,16:24:33.845000,10864,10865,10864,1
2019-07-16,16:24:33.849000,10864,10865,10864,1
2019-07-16,16:24:33.852000,10864,10865,10864,1
2019-07-16,16:24:33.855000,10864,10865,10864,1
2019-07-16,16:24:33.865000,10864,10865,10864,1
2019-07-16,16:24:33.872000,10864,10865,10864,2
2019-07-16,16:24:33.873000,10864,10865,10864,1
2019-07-16,16:24:33.873000,10864,10865,10864,2
2019-07-16,16:24:33.873000,10864,10865,10864,2
2019-07-16,16:24:33.995000,10864,10865,10864,1
2019-07-16,16:24:34.015000,10864,10865,10864,2
2019-07-16,16:24:34.016000,10864,10865,10864,1
2019-07-16,16:24:34.016000,10864,10865,10864,1
2019-07-16,16:24:34.017000,10864,10865,10864,1
2019-07-16,16:24:34.017000,10864,10865,10864,2
2019-07-16,16:24:34.017000,10864,10865,10864,2
2019-07-16,16:24:34.018000,10864,10865,10864,2
2019-07-16,16:24:34.018000,10864,10865,10864,4
2019-07-16,16:24:34.019000,10864,10865,10864,2
2019-07-16,16:24:34.122000,10864,10865,10864,2
2019-07-16,16:24:34.405000,10864,10865,10864,1
2019-07-16,16:24:34.410000,10864,10865,10863,1
2019-07-16,16:24:34.456000,10864,10865,10863,1
2019-07-16,16:24:34.456000,10864,10865,10863,1
2019-07-16,16:24:34.504000,10863,10865,10863,1
2019-07-16,16:24:34.531000,10863,10865,10863,1
2019-07-16,16:24:34.559000,10863,10865,10863,1
2019-07-16,16:24:34.621000,10863,10865,10863,1
2019-07-16,16:24:34.671000,10863,10865,10863,1
2019-07-16,16:24:35.088000,10863,10864,10863,3
2019-07-16,16:24:35.125000,10863,10864,10863,1
2019-07-16,16:24:35.169000,10863,10864,10863,4
2019-07-16,16:24:35.451000,10863,10864,10863,1
2019-07-16,16:24:35.587000,10863,10864,10863,1
2019-07-16,16:24:43.541000,10863,10864,10863,1
2019-07-16,16:24:57.284000,10863,10864,10864,2
2019-07-16,16:25:04.889000,10864,10865,10865,1
2019-07-16,16:25:05.115000,10864,10865,10865,1
2019-07-16,16:25:05.410000,10864,10865,10865,1
2019-07-16,16:25:18.624000,10864,10865,10864,1
2019-07-16,16:25:19.259000,10864,10865,10865,1
2019-07-16,16:25:25.891000,10864,10865,10865,1
2019-07-16,16:25:33.950000,10864,10865,10865,1
2019-07-16,16:25:35.364000,10864,10865,10865,3
2019-07-16,16:25:43.142000,10864,10865,10864,1
2019-07-16,16:26:12.662000,10864,10865,10864,1
2019-07-16,16:26:13.518000,10864,10865,10864,1
2019-07-16,16:26:16.542000,10864,10865,10864,1
2019-07-16,16:26:32.757000,10864,10865,10865,2
2019-07-16,16:26:45.372000,10864,10865,10864,18
2019-07-16,16:26:45.497000,10864,10865,10864,1
2019-07-16,16:27:18.691000,10864,10865,10864,5
2019-07-16,16:27:25.392000,10864,10865,10864,4
2019-07-16,16:27:25.392000,10864,10865,10863,1
2019-07-16,16:27:26.088000,10863,10865,10863,1
2019-07-16,16:27:27.703000,10863,10865,10863,2
2019-07-16,16:27:46.647000,10863,10864,10863,1
2019-07-16,16:27:50.144000,10863,10864,10863,2
2019-07-16,16:27:59.228000,10863,10864,10864,1
2019-07-16,16:28:04.020000,10863,10864,10864,1
2019-07-16,16:28:06.623000,10863,10864,10863,2
2019-07-16,16:28:30.632000,10863,10864,10863,2
2019-07-16,16:28:34.227000,10863,10864,10863,2
2019-07-16,16:28:47.756000,10863,10864,10863,1
2019-07-16,16:29:02.570000,10863,10864,10863,5
2019-07-16,16:29:06.291000,10863,10864,10863,1
2019-07-16,16:29:13.244000,10863,10864,10863,5
2019-07-16,16:29:20.256000,10863,10864,10863,2
2019-07-16,16:29:20.336000,10863,10864,10863,1
2019-07-16,16:29:20.499000,10863,10864,10863,2
2019-07-16,16:29:20.500000,10863,10864,10863,2
2019-07-16,16:29:23.655000,10863,10864,10863,15
2019-07-16,16:29:24.001000,10863,10864,10863,1
2019-07-16,16:29:28.398000,10863,10864,10863,1
2019-07-16,16:29:29.913000,10863,10864,10863,2
2019-07-16,16:29:29.915000,10863,10864,10863,2
2019-07-16,16:29:29.998000,10862,10863,10862,2
2019-07-16,16:29:30.239000,10862,10864,10862,3
2019-07-16,16:29:30.266000,10862,10863,10862,30
2019-07-16,16:29:30.283000,10862,10863,10862,27
2019-07-16,16:29:30.289000,10862,10863,10862,1
2019-07-16,16:29:30.555000,10861,10862,10862,1
2019-07-16,16:29:30.608000,10861,10862,10861,1
2019-07-16,16:29:30.671000,10861,10862,10861,1
2019-07-16,16:29:30.690000,10861,10862,10861,1
2019-07-16,16:29:30.845000,10861,10862,10861,1
2019-07-16,16:29:30.995000,10861,10862,10861,1
2019-07-16,16:29:31.038000,10861,10862,10861,1
2019-07-16,16:29:31.611000,10861,10862,10861,1
2019-07-16,16:29:31.642000,10861,10862,10861,1
2019-07-16,16:29:31.660000,10861,10862,10861,1
2019-07-16,16:29:31.663000,10861,10862,10861,1
2019-07-16,16:29:31.670000,10861,10862,10861,1
2019-07-16,16:29:31.672000,10861,10862,10861,1
2019-07-16,16:29:31.682000,10861,10862,10861,1
2019-07-16,16:29:31.749000,10861,10862,10861,1
2019-07-16,16:29:31.833000,10861,10862,10861,1
2019-07-16,16:29:32.112000,10861,10862,10861,1
2019-07-16,16:29:33.922000,10861,10862,10861,5
2019-07-16,16:29:34.413000,10861,10862,10861,5
2019-07-16,16:29:34.499000,10861,10862,10861,1
2019-07-16,16:29:35.371000,10861,10862,10861,1
2019-07-16,16:29:40.185000,10861,10862,10861,1
2019-07-16,16:29:41.954000,10861,10862,10861,5
2019-07-16,16:29:47.378000,10861,10862,10861,1
2019-07-16,16:29:50.130000,10861,10862,10861,3
2019-07-16,16:29:54.102000,10861,10862,10861,1
2019-07-16,16:29:57.348000,10861,10862,10861,1
2019-07-16,16:29:57.374000,10861,10862,10861,2
2019-07-16,16:29:57.374000,10861,10862,10861,2
2019-07-16,16:29:57.886000,10861,10862,10861,1
2019-07-16,16:29:59.001000,10861,10862,10861,1
2019-07-16,16:30:00.035000,10861,10862,10861,7
2019-07-16,16:30:00.035000,10861,10862,10860,3
2019-07-16,16:30:00.169000,10860,10862,10860,1
2019-07-16,16:30:00.315000,10860,10862,10860,1
2019-07-16,16:30:00.327000,10860,10862,10860,4
2019-07-16,16:30:00.397000,10860,10862,10860,1
2019-07-16,16:30:00.442000,10860,10862,10861,1
2019-07-16,16:30:00.457000,10860,10862,10861,2
2019-07-16,16:30:00.457000,10860,10862,10860,4
2019-07-16,16:30:00.459000,10860,10862,10860,2
2019-07-16,16:30:00.567000,10860,10862,10860,1
2019-07-16,16:30:00.649000,10860,10861,10860,6
2019-07-16,16:30:00.676000,10860,10861,10860,1
2019-07-16,16:30:00.751000,10860,10861,10860,24
2019-07-16,16:30:00.872000,10860,10861,10860,4
2019-07-16,16:30:00.888000,10860,10861,10860,1
2019-07-16,16:30:01.036000,10860,10861,10860,1
2019-07-16,16:30:01.150000,10860,10861,10860,1
2019-07-16,16:30:01.155000,10860,10861,10860,12
2019-07-16,16:30:01.189000,10860,10861,10860,2
2019-07-16,16:30:01.265000,10860,10861,10861,5
2019-07-16,16:30:01.798000,10860,10861,10860,1
2019-07-16,16:30:01.821000,10860,10861,10860,1
2019-07-16,16:30:01.869000,10860,10861,10859,1
2019-07-16,16:30:01.919000,10859,10861,10860,1
2019-07-16,16:30:02,10859,10861,10859,31
2019-07-16,16:30:02.024000,10859,10861,10859,3
2019-07-16,16:30:02.050000,10859,10861,10859,5
2019-07-16,16:30:02.102000,10859,10861,10859,1
2019-07-16,16:30:02.232000,10859,10860,10859,1
2019-07-16,16:30:02.262000,10859,10860,10859,2
2019-07-16,16:30:02.272000,10859,10860,10858,4
2019-07-16,16:30:02.387000,10859,10860,10859,1
2019-07-16,16:30:02.429000,10859,10860,10859,1
2019-07-16,16:30:02.435000,10859,10860,10859,1
2019-07-16,16:30:02.454000,10859,10860,10859,3
2019-07-16,16:30:02.454000,10859,10860,10858,1
2019-07-16,16:30:02.661000,10858,10860,10858,2
2019-07-16,16:30:02.787000,10858,10860,10858,2
2019-07-16,16:30:03.329000,10858,10860,10858,2
2019-07-16,16:30:03.540000,10858,10860,10858,4
2019-07-16,16:30:04.095000,10858,10860,10860,1
2019-07-16,16:30:06.656000,10859,10860,10860,1
2019-07-16,16:30:14.718000,10859,10860,10860,3
2019-07-16,16:30:17.091000,10859,10860,10859,1
2019-07-16,16:30:18.807000,10859,10860,10860,1
2019-07-16,16:30:25.765000,10859,10860,10860,1
2019-07-16,16:30:29.859000,10859,10860,10859,1
2019-07-16,16:30:30.747000,10859,10860,10860,8
2019-07-16,16:30:38.037000,10861,10862,10861,1
2019-07-16,16:30:47.481000,10861,10862,10862,6
2019-07-16,16:30:58.341000,10861,10862,10862,1
2019-07-16,16:31:01.083000,10862,10863,10862,1
2019-07-16,16:31:03.243000,10862,10863,10862,1
2019-07-16,16:31:03.795000,10862,10863,10863,1
2019-07-16,16:31:06.536000,10862,10863,10862,1
2019-07-16,16:31:20.305000,10862,10863,10862,1
2019-07-16,16:31:21.347000,10862,10863,10862,1
2019-07-16,16:31:43.306000,10862,10863,10862,1
2019-07-16,16:31:43.323000,10862,10863,10862,2
2019-07-16,16:31:48.129000,10862,10863,10862,6
2019-07-16,16:31:48.376000,10861,10862,10861,1
2019-07-16,16:31:48.752000,10860,10861,10860,1
2019-07-16,16:31:48.753000,10860,10861,10860,3
2019-07-16,16:31:48.753000,10860,10861,10860,1
2019-07-16,16:31:53.991000,10860,10861,10860,1
2019-07-16,16:31:54.557000,10860,10861,10860,5
2019-07-16,16:31:55.567000,10859,10860,10860,1
2019-07-16,16:31:57.600000,10859,10860,10860,1
2019-07-16,16:32:04.711000,10859,10860,10860,1
2019-07-16,16:32:05.589000,10859,10860,10859,1
2019-07-16,16:32:07.717000,10859,10860,10860,4
2019-07-16,16:32:08.991000,10859,10860,10860,5
2019-07-16,16:32:18.902000,10860,10861,10861,1
2019-07-16,16:32:25.032000,10860,10861,10860,1
2019-07-16,16:32:30.684000,10860,10861,10861,1
2019-07-16,16:32:32.811000,10860,10861,10861,1
2019-07-16,16:32:37.547000,10860,10861,10860,2
2019-07-16,16:32:43.362000,10860,10861,10861,1
2019-07-16,16:32:45.978000,10860,10861,10860,5
2019-07-16,16:32:54.881000,10860,10861,10860,1
2019-07-16,16:33:01.923000,10860,10861,10860,1
2019-07-16,16:33:04.601000,10860,10861,10860,2
2019-07-16,16:33:10.275000,10860,10861,10860,2
2019-07-16,16:33:16.297000,10860,10861,10860,1
2019-07-16,16:33:17.263000,10860,10861,10860,1
2019-07-16,16:33:17.263000,10860,10861,10859,1
2019-07-16,16:33:42.554000,10859,10860,10859,1
2019-07-16,16:33:45.046000,10859,10860,10860,1
2019-07-16,16:33:45.625000,10859,10860,10859,1
2019-07-16,16:33:49.649000,10859,10860,10859,1
2019-07-16,16:33:51.223000,10859,10860,10860,1
2019-07-16,16:33:57.224000,10859,10860,10860,4
2019-07-16,16:33:59.819000,10859,10860,10860,1
2019-07-16,16:34:08.238000,10859,10860,10860,1
2019-07-16,16:34:09.300000,10859,10860,10860,2
2019-07-16,16:34:13.358000,10859,10860,10860,6
2019-07-16,16:34:32.798000,10860,10861,10860,1
2019-07-16,16:34:43.136000,10860,10861,10860,2
2019-07-16,16:34:43.256000,10860,10861,10860,1
2019-07-16,16:34:43.838000,10860,10861,10860,1
2019-07-16,16:34:57.772000,10860,10861,10860,1
2019-07-16,16:35:01.498000,10860,10861,10860,2
2019-07-16,16:35:03.275000,10860,10861,10861,16
2019-07-16,16:35:03.275000,10860,10861,10861,11
2019-07-16,16:35:03.275000,10860,10861,10861,6
2019-07-16,16:35:03.275000,10860,10861,10861,15
2019-07-16,16:35:03.275000,10860,10861,10861,2
2019-07-16,16:35:03.372000,10860,10861,10861,3
2019-07-16,16:35:03.372000,10860,10861,10861,3
2019-07-16,16:35:03.497000,10860,10861,10861,2
2019-07-16,16:35:15.383000,10861,10862,10861,2
2019-07-16,16:35:15.673000,10861,10862,10862,4
2019-07-16,16:35:18.586000,10861,10862,10862,1
2019-07-16,16:35:21.159000,10861,10862,10862,2
2019-07-16,16:35:39.866000,10861,10862,10862,1
2019-07-16,16:35:42.671000,10861,10862,10862,1
2019-07-16,16:35:47.661000,10861,10862,10862,1
2019-07-16,16:35:48.006000,10861,10862,10862,1
2019-07-16,16:35:48.187000,10862,10863,10862,1
2019-07-16,16:35:56.987000,10861,10862,10862,1
2019-07-16,16:36:04.066000,10861,10862,10862,3
2019-07-16,16:36:05.040000,10861,10863,10861,2
2019-07-16,16:36:26.674000,10861,10862,10862,3
2019-07-16,16:36:53.873000,10862,10863,10862,1
2019-07-16,16:37:10.552000,10862,10863,10863,10
2019-07-16,16:37:18.372000,10863,10864,10863,2
2019-07-16,16:37:35.878000,10862,10863,10863,1
2019-07-16,16:37:50.081000,10862,10863,10863,2
2019-07-16,16:37:54.649000,10862,10863,10863,3
2019-07-16,16:38:27.467000,10863,10864,10863,1
2019-07-16,16:38:32.664000,10863,10864,10864,5
2019-07-16,16:38:32.854000,10863,10864,10864,1
2019-07-16,16:38:44.655000,10863,10864,10864,4
2019-07-16,16:38:44.749000,10864,10865,10864,1
2019-07-16,16:38:48.001000,10864,10865,10864,1
2019-07-16,16:38:49.094000,10863,10864,10864,1
2019-07-16,16:38:50.164000,10864,10865,10864,1
2019-07-16,16:38:50.847000,10864,10865,10864,1
2019-07-16,16:38:53.381000,10864,10865,10864,1
2019-07-16,16:39:03.291000,10863,10864,10864,10
2019-07-16,16:39:13.576000,10863,10864,10864,2
2019-07-16,16:39:18.964000,10864,10865,10864,6
2019-07-16,16:39:31.326000,10863,10864,10864,5
2019-07-16,16:39:49.095000,10863,10864,10864,1
2019-07-16,16:39:49.500000,10864,10865,10864,1
2019-07-16,16:39:53.141000,10864,10865,10864,1
2019-07-16,16:40:08.073000,10864,10865,10865,1
2019-07-16,16:40:23.205000,10864,10865,10865,1
2019-07-16,16:40:26.468000,10864,10865,10865,4
2019-07-16,16:40:30.641000,10864,10865,10865,1
2019-07-16,16:40:32.757000,10864,10865,10865,14
2019-07-16,16:41:07.285000,10864,10865,10865,2
2019-07-16,16:41:08.522000,10864,10865,10865,4
2019-07-16,16:41:10.896000,10864,10865,10865,3
2019-07-16,16:41:10.897000,10864,10865,10865,8
2019-07-16,16:41:11.001000,10865,10866,10865,1
2019-07-16,16:41:13.759000,10865,10866,10865,2
2019-07-16,16:41:15.557000,10865,10866,10865,6
2019-07-16,16:41:33.895000,10864,10865,10865,1
2019-07-16,16:41:46.781000,10864,10865,10865,1
2019-07-16,16:42:08.890000,10864,10865,10865,1
2019-07-16,16:42:16.340000,10864,10865,10865,1
2019-07-16,16:42:25.948000,10864,10865,10865,1
2019-07-16,16:42:33.903000,10864,10865,10864,30
2019-07-16,16:42:33.997000,10864,10865,10864,2
2019-07-16,16:42:33.997000,10864,10865,10864,1
2019-07-16,16:42:34.148000,10863,10864,10863,1
2019-07-16,16:42:34.151000,10863,10864,10863,3
2019-07-16,16:43:39.376000,10863,10864,10863,1
2019-07-16,16:43:39.624000,10863,10864,10863,1
2019-07-16,16:43:39.624000,10863,10864,10863,1
2019-07-16,16:43:39.625000,10863,10864,10863,2
2019-07-16,16:43:39.625000,10863,10864,10863,2
2019-07-16,16:43:40.500000,10863,10864,10863,1
2019-07-16,16:44:10.387000,10863,10864,10863,1
2019-07-16,16:44:35.525000,10863,10864,10863,2
2019-07-16,16:44:56.927000,10863,10864,10863,2
2019-07-16,16:44:56.927000,10863,10864,10863,7
2019-07-16,16:44:56.927000,10863,10864,10863,1
2019-07-16,16:44:56.927000,10863,10864,10863,7
2019-07-16,16:44:56.927000,10863,10864,10863,2
2019-07-16,16:45:13.150000,10863,10864,10863,1
2019-07-16,16:45:15.772000,10863,10864,10863,2
2019-07-16,16:45:41.540000,10863,10864,10863,1
2019-07-16,16:45:51.722000,10863,10864,10863,9
2019-07-16,16:46:07.248000,10862,10863,10862,1
2019-07-16,16:46:13.505000,10862,10863,10862,1
2019-07-16,16:46:24.005000,10862,10863,10862,2
2019-07-16,16:46:26.683000,10862,10863,10862,1
2019-07-16,16:46:26.872000,10862,10863,10862,1
2019-07-16,16:47:06.604000,10861,10862,10862,1
2019-07-16,16:47:08.298000,10861,10862,10862,2
2019-07-16,16:47:41.602000,10862,10863,10862,1
2019-07-16,16:47:52.424000,10862,10863,10863,2
2019-07-16,16:47:59.999000,10862,10863,10863,1
2019-07-16,16:48:17.664000,10862,10863,10863,1
2019-07-16,16:48:24.057000,10862,10863,10862,1
2019-07-16,16:48:34.479000,10862,10863,10863,2
2019-07-16,16:48:44.346000,10863,10864,10863,5
2019-07-16,16:48:51.074000,10862,10863,10863,1
2019-07-16,16:48:51.076000,10862,10863,10863,1
2019-07-16,16:48:51.078000,10862,10863,10863,1
2019-07-16,16:49:05.037000,10862,10863,10862,1
2019-07-16,16:49:29.811000,10862,10863,10863,2
2019-07-16,16:49:30.040000,10862,10863,10863,1
2019-07-16,16:50:48.818000,10862,10863,10863,1
2019-07-16,16:50:48.901000,10862,10863,10863,1
2019-07-16,16:50:49.263000,10862,10863,10862,1
2019-07-16,16:50:49.304000,10862,10863,10862,1
2019-07-16,16:51:33.686000,10862,10863,10863,1
2019-07-16,16:51:50.376000,10862,10863,10862,1
2019-07-16,16:51:50.533000,10862,10863,10862,1
2019-07-16,16:52:14.779000,10862,10863,10862,1
2019-07-16,16:53:40.563000,10862,10863,10863,7
2019-07-16,16:53:40.576000,10862,10863,10863,2
2019-07-16,16:53:40.616000,10862,10863,10863,2
2019-07-16,16:53:40.616000,10862,10863,10863,2
2019-07-16,16:53:40.616000,10862,10863,10863,1
2019-07-16,16:53:42.747000,10863,10864,10864,7
2019-07-16,16:53:42.997000,10864,10865,10864,1
2019-07-16,16:53:53.221000,10864,10865,10864,1
2019-07-16,16:54:06.327000,10864,10865,10865,1
2019-07-16,16:54:07.049000,10864,10865,10864,2
2019-07-16,16:54:25.059000,10864,10865,10864,1
2019-07-16,16:55:02.842000,10864,10865,10865,1
2019-07-16,16:55:15.348000,10864,10865,10865,1
2019-07-16,16:56:03.679000,10864,10865,10865,1
2019-07-16,16:56:18.566000,10864,10865,10865,1
2019-07-16,16:56:30.814000,10864,10865,10865,1
2019-07-16,16:56:47.709000,10864,10865,10865,1
2019-07-16,16:56:54.738000,10864,10865,10865,4
2019-07-16,16:57:02.276000,10864,10865,10865,1
2019-07-16,16:57:16.502000,10864,10865,10865,4
2019-07-16,16:57:18.526000,10864,10865,10864,1
2019-07-16,16:57:19.325000,10864,10865,10865,1
2019-07-16,16:57:54.648000,10864,10865,10865,1
2019-07-16,16:57:55.991000,10864,10865,10865,1
2019-07-16,16:58:16.097000,10864,10865,10865,3
2019-07-16,16:58:21.682000,10864,10865,10865,1
2019-07-16,16:58:24.837000,10864,10865,10864,1
2019-07-16,16:58:42.186000,10864,10865,10864,1
2019-07-16,16:59:12.521000,10864,10865,10865,2
2019-07-16,16:59:15.865000,10864,10865,10864,2
2019-07-16,16:59:35.500000,10864,10865,10864,2
2019-07-16,16:59:36.500000,10864,10865,10864,1
2019-07-16,16:59:38.597000,10864,10865,10864,2
2019-07-16,16:59:59.400000,10864,10865,10864,1
2019-07-16,17:00:14.281000,10864,10865,10864,2
2019-07-16,17:00:14.521000,10864,10865,10864,1
2019-07-16,17:00:14.529000,10864,10865,10864,6
2019-07-16,17:00:14.541000,10864,10865,10864,2
2019-07-16,17:00:14.541000,10864,10865,10864,1
2019-07-16,17:00:14.775000,10864,10865,10864,2
2019-07-16,17:00:14.775000,10864,10865,10863,11
2019-07-16,17:00:21.635000,10863,10864,10863,3
2019-07-16,17:00:22.910000,10863,10864,10863,4
2019-07-16,17:00:51.309000,10863,10864,10863,2
2019-07-16,17:00:55.034000,10863,10864,10863,2
2019-07-16,17:00:58.675000,10862,10863,10863,1
2019-07-16,17:01:06.733000,10862,10863,10862,1
2019-07-16,17:01:07.145000,10862,10863,10862,1
2019-07-16,17:01:13.920000,10862,10863,10862,1
2019-07-16,17:02:00.925000,10862,10863,10863,3
2019-07-16,17:02:00.925000,10862,10863,10863,2
2019-07-16,17:02:00.925000,10862,10863,10863,1
2019-07-16,17:02:01.156000,10862,10864,10862,1
2019-07-16,17:02:49.419000,10863,10864,10863,1
2019-07-16,17:02:52.134000,10863,10864,10863,1
2019-07-16,17:02:53.995000,10863,10864,10863,1
2019-07-16,17:02:55.578000,10863,10864,10863,1
2019-07-16,17:02:57.179000,10863,10864,10863,1
2019-07-16,17:02:59.772000,10863,10864,10863,1
2019-07-16,17:03:01.424000,10863,10864,10863,1
2019-07-16,17:03:41.433000,10863,10864,10864,3
2019-07-16,17:04:24.017000,10864,10865,10864,1
2019-07-16,17:04:41.820000,10864,10865,10865,1
2019-07-16,17:04:42.365000,10864,10865,10864,1
2019-07-16,17:04:52.105000,10864,10865,10865,1
2019-07-16,17:05:09.116000,10864,10865,10865,1
2019-07-16,17:05:12.774000,10864,10865,10865,1
2019-07-16,17:05:26.068000,10864,10865,10865,3
2019-07-16,17:05:57.462000,10864,10865,10865,1
2019-07-16,17:06:15.861000,10864,10865,10864,1
2019-07-16,17:06:25.273000,10864,10865,10865,1
2019-07-16,17:07:57.246000,10864,10865,10865,1
2019-07-16,17:08:04.754000,10864,10865,10865,1
2019-07-16,17:08:07.490000,10864,10865,10865,1
2019-07-16,17:08:09.773000,10864,10865,10865,1
2019-07-16,17:08:33.663000,10864,10865,10865,3
2019-07-16,17:09:00.865000,10864,10865,10865,1
2019-07-16,17:09:05.052000,10864,10865,10865,1
2019-07-16,17:09:56.767000,10864,10865,10865,1
2019-07-16,17:09:58.157000,10864,10865,10864,1
2019-07-16,17:10:16.375000,10864,10865,10864,1
2019-07-16,17:10:16.497000,10864,10865,10864,1
2019-07-16,17:10:16.498000,10864,10865,10864,10
2019-07-16,17:10:16.498000,10864,10865,10864,2
2019-07-16,17:10:16.498000,10864,10865,10864,1
2019-07-16,17:10:16.498000,10864,10865,10864,4
2019-07-16,17:10:16.499000,10864,10865,10864,7
2019-07-16,17:10:29.249000,10863,10864,10864,1
2019-07-16,17:11:05.185000,10863,10864,10864,1
2019-07-16,17:11:37.366000,10863,10864,10864,1
2019-07-16,17:13:23.013000,10863,10864,10863,1
2019-07-16,17:13:28.146000,10863,10864,10863,2
2019-07-16,17:13:28.247000,10863,10864,10863,14
2019-07-16,17:13:28.506000,10862,10863,10863,2
2019-07-16,17:13:28.514000,10862,10863,10863,1
2019-07-16,17:13:36.499000,10862,10863,10862,2
2019-07-16,17:13:37.687000,10862,10863,10863,1
2019-07-16,17:13:51.624000,10862,10863,10862,5
2019-07-16,17:13:52.736000,10862,10863,10863,1
2019-07-16,17:13:54.003000,10862,10863,10862,3
2019-07-16,17:13:54.501000,10862,10863,10862,1
2019-07-16,17:13:55.334000,10862,10863,10862,4
2019-07-16,17:14:16.385000,10862,10863,10862,1
2019-07-16,17:14:53.431000,10862,10863,10862,2
2019-07-16,17:15:07.127000,10862,10863,10862,1
2019-07-16,17:15:07.247000,10862,10863,10862,9
2019-07-16,17:15:22.073000,10862,10863,10862,1
2019-07-16,17:15:22.372000,10861,10862,10862,3
2019-07-16,17:15:39.844000,10861,10862,10862,1
2019-07-16,17:15:50.930000,10861,10862,10862,8
2019-07-16,17:15:50.997000,10861,10862,10862,1
2019-07-16,17:15:50.997000,10861,10862,10862,3
2019-07-16,17:16:12.455000,10862,10863,10862,1
2019-07-16,17:16:28.527000,10862,10863,10863,1
2019-07-16,17:16:29.803000,10862,10863,10863,1
2019-07-16,17:16:29.872000,10862,10863,10863,1
2019-07-16,17:17:10.469000,10863,10864,10863,1
2019-07-16,17:17:43.549000,10862,10863,10863,10
2019-07-16,17:18:46.784000,10862,10863,10862,5
2019-07-16,17:18:47.592000,10862,10863,10862,10
2019-07-16,17:18:52.498000,10861,10862,10862,5
2019-07-16,17:18:54.286000,10862,10863,10862,3
2019-07-16,17:19:00.404000,10862,10863,10862,1
2019-07-16,17:19:09.488000,10862,10863,10862,1
2019-07-16,17:19:09.488000,10862,10863,10861,1
2019-07-16,17:19:09.501000,10861,10863,10861,2
2019-07-16,17:20:46.583000,10862,10863,10862,1
2019-07-16,17:20:53.130000,10862,10863,10862,2
2019-07-16,17:21:21.625000,10861,10862,10862,3
2019-07-16,17:22:05.687000,10862,10863,10863,1
2019-07-16,17:22:06.777000,10862,10863,10862,1
2019-07-16,17:22:09.262000,10862,10863,10862,2
2019-07-16,17:22:16.596000,10861,10863,10861,2
2019-07-16,17:22:32.183000,10861,10862,10862,1
2019-07-16,17:22:50.185000,10861,10862,10862,2
2019-07-16,17:23:06.005000,10861,10862,10862,1
2019-07-16,17:23:36.738000,10861,10862,10862,2
2019-07-16,17:23:41.141000,10861,10862,10862,2
2019-07-16,17:24:04.280000,10862,10863,10862,1
2019-07-16,17:24:05.737000,10861,10862,10862,9
2019-07-16,17:24:08.199000,10861,10862,10862,1
2019-07-16,17:24:15.187000,10861,10862,10862,1
2019-07-16,17:24:21.135000,10862,10863,10862,1
2019-07-16,17:24:30.374000,10862,10863,10862,1
2019-07-16,17:24:34.392000,10861,10862,10862,1
2019-07-16,17:24:49.411000,10861,10862,10862,1
2019-07-16,17:24:54.619000,10861,10862,10861,1
2019-07-16,17:24:54.624000,10861,10862,10861,5
2019-07-16,17:24:54.645000,10861,10862,10861,1
2019-07-16,17:25:04.374000,10861,10862,10861,49
2019-07-16,17:25:10.129000,10860,10861,10860,1
2019-07-16,17:25:10.429000,10860,10861,10860,3
2019-07-16,17:25:19.241000,10860,10861,10860,2
2019-07-16,17:25:19.810000,10860,10861,10860,2
2019-07-16,17:25:21.758000,10860,10861,10860,1
2019-07-16,17:25:22.680000,10860,10861,10860,1
2019-07-16,17:25:22.916000,10860,10861,10860,4
2019-07-16,17:26:01.649000,10860,10861,10860,1
2019-07-16,17:26:10.752000,10860,10861,10861,14
2019-07-16,17:26:10.875000,10861,10862,10861,11
2019-07-16,17:26:30.990000,10860,10861,10861,1
2019-07-16,17:26:32.058000,10860,10861,10861,1
2019-07-16,17:26:39.688000,10860,10861,10861,1
2019-07-16,17:26:42.648000,10860,10861,10861,1
2019-07-16,17:26:44.359000,10860,10862,10861,1
2019-07-16,17:27:03.728000,10860,10861,10861,1
2019-07-16,17:27:27.488000,10860,10861,10861,1
2019-07-16,17:27:29.332000,10860,10861,10861,1
2019-07-16,17:27:34.253000,10860,10861,10861,1
2019-07-16,17:27:44.615000,10860,10861,10861,1
2019-07-16,17:27:58.541000,10860,10861,10861,2
2019-07-16,17:28:07.410000,10860,10861,10861,1
2019-07-16,17:28:08.753000,10860,10861,10861,1
2019-07-16,17:28:13.625000,10860,10861,10860,5
2019-07-16,17:28:18.556000,10860,10861,10860,3
2019-07-16,17:28:18.752000,10860,10861,10860,1
2019-07-16,17:28:20.481000,10860,10861,10860,1
2019-07-16,17:28:24.835000,10860,10861,10860,10
2019-07-16,17:28:25.174000,10860,10861,10860,8
2019-07-16,17:28:25.565000,10859,10860,10860,1
2019-07-16,17:28:31.641000,10859,10860,10859,1
2019-07-16,17:28:31.789000,10859,10860,10859,1
2019-07-16,17:28:43.778000,10859,10860,10860,1
2019-07-16,17:29:38.779000,10859,10860,10860,1
2019-07-16,17:29:41.305000,10859,10860,10860,6
2019-07-16,17:29:44.284000,10859,10860,10859,4
2019-07-16,17:29:44.288000,10859,10860,10859,1
2019-07-16,17:29:45.608000,10859,10860,10860,4
2019-07-16,17:30:01.151000,10859,10860,10860,5
2019-07-16,17:30:01.960000,10859,10860,10860,1
2019-07-16,17:30:03.357000,10859,10860,10860,1
2019-07-16,17:30:06.044000,10859,10860,10860,2
2019-07-16,17:30:33.700000,10859,10860,10859,1
2019-07-16,17:30:33.816000,10859,10860,10859,2
2019-07-16,17:30:37.694000,10859,10860,10860,3
2019-07-16,17:30:41.741000,10859,10860,10860,2
2019-07-16,17:30:45.753000,10859,10860,10860,2
2019-07-16,17:30:46.244000,10859,10860,10859,10
2019-07-16,17:30:46.374000,10859,10860,10859,1
2019-07-16,17:30:46.517000,10859,10860,10859,10
2019-07-16,17:30:46.624000,10859,10860,10859,4
2019-07-16,17:30:55.020000,10858,10859,10859,1
2019-07-16,17:30:57.749000,10859,10860,10859,1
2019-07-16,17:31:00.716000,10859,10860,10859,1
2019-07-16,17:31:01.749000,10859,10860,10859,4
2019-07-16,17:31:14.613000,10858,10859,10858,2
2019-07-16,17:31:14.669000,10858,10859,10859,4
2019-07-16,17:31:14.712000,10858,10859,10858,2
2019-07-16,17:31:14.749000,10858,10859,10858,2
2019-07-16,17:31:14.757000,10858,10859,10858,1
2019-07-16,17:31:14.793000,10858,10859,10858,6
2019-07-16,17:31:14.793000,10858,10859,10858,1
2019-07-16,17:31:14.809000,10858,10859,10858,1
2019-07-16,17:31:14.809000,10858,10859,10858,2
2019-07-16,17:31:14.864000,10858,10859,10858,3
2019-07-16,17:31:14.872000,10858,10859,10858,7
2019-07-16,17:31:14.956000,10858,10859,10857,1
2019-07-16,17:31:14.978000,10858,10859,10858,4
2019-07-16,17:31:15.007000,10857,10858,10857,1
2019-07-16,17:31:15.053000,10857,10858,10857,2
2019-07-16,17:31:15.109000,10857,10858,10857,1
2019-07-16,17:31:15.116000,10857,10858,10857,1
2019-07-16,17:31:15.174000,10857,10858,10858,2
2019-07-16,17:31:15.218000,10857,10858,10857,2
2019-07-16,17:31:15.302000,10857,10858,10857,1
2019-07-16,17:31:15.302000,10857,10858,10857,2
2019-07-16,17:31:15.332000,10857,10858,10857,2
2019-07-16,17:31:15.442000,10857,10858,10857,2
2019-07-16,17:31:15.451000,10857,10858,10857,1
2019-07-16,17:31:15.461000,10857,10858,10857,2
2019-07-16,17:31:15.476000,10857,10858,10857,1
2019-07-16,17:31:15.486000,10857,10858,10857,1
2019-07-16,17:31:15.487000,10857,10858,10857,1
2019-07-16,17:31:15.502000,10857,10858,10857,2
2019-07-16,17:31:15.540000,10857,10858,10857,1
2019-07-16,17:31:15.590000,10857,10858,10857,1
2019-07-16,17:31:15.601000,10857,10858,10857,1
2019-07-16,17:31:15.629000,10857,10858,10857,1
2019-07-16,17:31:15.672000,10857,10858,10857,2
2019-07-16,17:31:15.736000,10857,10858,10857,1
2019-07-16,17:31:16.247000,10857,10858,10857,3
2019-07-16,17:31:17.695000,10857,10858,10857,3
2019-07-16,17:31:17.700000,10857,10858,10857,6
2019-07-16,17:31:17.700000,10857,10858,10856,1
2019-07-16,17:31:17.702000,10857,10858,10856,9
2019-07-16,17:31:17.710000,10857,10858,10856,2
2019-07-16,17:31:17.788000,10856,10857,10856,8
2019-07-16,17:31:17.826000,10856,10857,10856,4
2019-07-16,17:31:17.828000,10856,10857,10856,2
2019-07-16,17:31:17.846000,10856,10857,10856,7
2019-07-16,17:31:17.848000,10856,10857,10856,2
2019-07-16,17:31:17.850000,10856,10857,10856,3
2019-07-16,17:31:17.855000,10856,10857,10856,2
2019-07-16,17:31:17.864000,10856,10857,10856,3
2019-07-16,17:31:17.868000,10856,10857,10856,3
2019-07-16,17:31:17.872000,10856,10857,10856,3
2019-07-16,17:31:17.875000,10856,10857,10856,1
2019-07-16,17:31:17.884000,10856,10857,10856,2
2019-07-16,17:31:17.896000,10856,10857,10856,2
2019-07-16,17:31:17.903000,10856,10857,10856,2
2019-07-16,17:31:17.905000,10856,10857,10856,6
2019-07-16,17:31:17.998000,10856,10857,10857,1
2019-07-16,17:31:18.351000,10856,10857,10856,1
2019-07-16,17:31:18.403000,10856,10857,10856,1
2019-07-16,17:31:18.485000,10856,10857,10856,1
2019-07-16,17:31:18.509000,10856,10857,10856,3
2019-07-16,17:31:18.517000,10856,10857,10856,1
2019-07-16,17:31:19.500000,10856,10857,10857,1
2019-07-16,17:31:19.518000,10856,10857,10856,2
2019-07-16,17:31:19.686000,10856,10857,10856,2
2019-07-16,17:31:19.747000,10856,10857,10857,1
2019-07-16,17:31:20.124000,10857,10858,10857,2
2019-07-16,17:31:20.518000,10856,10858,10856,1
2019-07-16,17:31:21.671000,10856,10857,10856,2
2019-07-16,17:31:21.779000,10856,10857,10856,4
2019-07-16,17:31:21.786000,10856,10857,10856,2
2019-07-16,17:31:21.794000,10856,10857,10856,3
2019-07-16,17:31:21.857000,10856,10857,10856,1
2019-07-16,17:31:21.876000,10856,10857,10856,5
2019-07-16,17:31:21.952000,10856,10857,10856,3
2019-07-16,17:31:21.952000,10856,10857,10856,1
2019-07-16,17:31:21.952000,10856,10857,10855,1
2019-07-16,17:31:21.976000,10856,10857,10857,5
2019-07-16,17:31:22.015000,10855,10857,10856,1
2019-07-16,17:31:22.030000,10855,10857,10856,1
2019-07-16,17:31:22.031000,10855,10857,10855,1
2019-07-16,17:31:22.036000,10855,10857,10855,2
2019-07-16,17:31:22.057000,10855,10857,10855,1
2019-07-16,17:31:22.083000,10855,10857,10855,2
2019-07-16,17:31:22.097000,10855,10857,10855,2
2019-07-16,17:31:22.230000,10855,10857,10857,5
2019-07-16,17:31:22.256000,10855,10857,10855,2
2019-07-16,17:31:22.263000,10855,10857,10855,1
2019-07-16,17:31:22.365000,10855,10857,10855,1
2019-07-16,17:31:22.366000,10855,10857,10855,1
2019-07-16,17:31:22.431000,10855,10857,10855,2
2019-07-16,17:31:23.245000,10855,10857,10855,1
2019-07-16,17:31:24.909000,10856,10857,10856,1
2019-07-16,17:31:31.917000,10857,10858,10857,1
2019-07-16,17:31:32.325000,10857,10858,10857,1
2019-07-16,17:31:32.617000,10857,10858,10857,1
2019-07-16,17:31:33.416000,10857,10858,10857,2
2019-07-16,17:31:47.452000,10857,10858,10858,1
2019-07-16,17:31:52.819000,10857,10858,10857,1
2019-07-16,17:31:58.301000,10857,10858,10857,7
2019-07-16,17:32:12.595000,10856,10857,10856,3
2019-07-16,17:32:12.596000,10856,10857,10857,1
2019-07-16,17:32:13.585000,10856,10857,10856,4
2019-07-16,17:32:19.170000,10856,10857,10857,1
2019-07-16,17:32:37.480000,10856,10857,10857,3
2019-07-16,17:32:47.026000,10856,10857,10857,2
2019-07-16,17:32:47.032000,10856,10857,10857,1
2019-07-16,17:32:48.836000,10856,10857,10857,2
2019-07-16,17:32:49.091000,10856,10857,10857,1
2019-07-16,17:32:53.049000,10856,10857,10856,10
2019-07-16,17:32:58.065000,10856,10857,10857,2
2019-07-16,17:33:01.817000,10856,10857,10856,30
2019-07-16,17:33:05.881000,10855,10856,10856,1
2019-07-16,17:33:08.460000,10855,10856,10856,1
2019-07-16,17:33:10.430000,10855,10856,10855,1
2019-07-16,17:33:10.599000,10855,10856,10855,1
2019-07-16,17:33:11.256000,10855,10856,10856,1
2019-07-16,17:33:12.363000,10855,10856,10856,1
2019-07-16,17:33:17.809000,10855,10856,10856,1
2019-07-16,17:33:26.650000,10855,10856,10856,1
2019-07-16,17:33:28.312000,10855,10856,10856,1
2019-07-16,17:33:29.739000,10855,10856,10856,19
2019-07-16,17:33:31.384000,10856,10857,10856,1
2019-07-16,17:33:32.105000,10856,10857,10856,1
2019-07-16,17:33:33.964000,10856,10857,10856,2
2019-07-16,17:33:46.591000,10856,10857,10856,3
2019-07-16,17:33:54.641000,10855,10856,10856,1
2019-07-16,17:33:57.845000,10855,10856,10855,1
2019-07-16,17:33:58.445000,10855,10856,10856,1
2019-07-16,17:33:58.726000,10855,10856,10856,1
2019-07-16,17:33:59.257000,10855,10856,10856,1
2019-07-16,17:34:01.347000,10856,10857,10856,1
2019-07-16,17:34:01.634000,10855,10856,10856,1
2019-07-16,17:34:07.084000,10855,10857,10855,10
2019-07-16,17:34:13.904000,10856,10857,10856,1
2019-07-16,17:34:21.115000,10856,10857,10856,3
2019-07-16,17:34:21.115000,10856,10857,10855,7
2019-07-16,17:34:22.678000,10855,10857,10857,1
2019-07-16,17:34:33.103000,10856,10857,10857,2
2019-07-16,17:34:36.901000,10856,10857,10857,1
2019-07-16,17:34:37.658000,10856,10857,10857,1
2019-07-16,17:34:37.975000,10856,10857,10856,1
2019-07-16,17:34:39.136000,10856,10857,10856,10
2019-07-16,17:34:59.325000,10856,10857,10856,10
2019-07-16,17:35:04.282000,10856,10857,10856,1
2019-07-16,17:35:11.891000,10856,10857,10856,1
2019-07-16,17:35:12.558000,10856,10857,10856,1
2019-07-16,17:35:14.021000,10856,10857,10856,18
2019-07-16,17:35:16.627000,10855,10856,10855,10
2019-07-16,17:35:16.805000,10855,10856,10855,1
2019-07-16,17:35:16.881000,10855,10856,10855,1
2019-07-16,17:35:17.438000,10855,10856,10855,1
2019-07-16,17:35:17.472000,10855,10856,10855,1
2019-07-16,17:35:17.532000,10855,10856,10855,1
2019-07-16,17:35:20.868000,10855,10856,10855,3
2019-07-16,17:35:20.979000,10855,10856,10855,1
2019-07-16,17:35:27.321000,10855,10856,10855,1
2019-07-16,17:35:27.325000,10855,10856,10856,1
2019-07-16,17:35:30.598000,10855,10856,10855,2
2019-07-16,17:35:35.233000,10855,10856,10855,10
2019-07-16,17:35:36.248000,10855,10856,10855,7
2019-07-16,17:35:38.972000,10855,10856,10855,1
2019-07-16,17:35:41.565000,10854,10855,10855,1
2019-07-16,17:35:54.083000,10855,10856,10855,1
2019-07-16,17:35:56.150000,10855,10856,10855,1
2019-07-16,17:36:03.077000,10855,10856,10855,10
2019-07-16,17:36:13.135000,10855,10856,10855,2
2019-07-16,17:36:17.197000,10855,10856,10855,10
2019-07-16,17:36:21.424000,10854,10855,10855,1
2019-07-16,17:36:21.666000,10854,10855,10854,1
2019-07-16,17:36:21.780000,10854,10855,10854,2
2019-07-16,17:36:21.785000,10854,10855,10854,1
2019-07-16,17:36:21.930000,10854,10855,10854,1
2019-07-16,17:36:21.943000,10854,10855,10854,1
2019-07-16,17:36:22.363000,10854,10855,10855,1
2019-07-16,17:36:22.685000,10854,10855,10854,1
2019-07-16,17:36:22.748000,10854,10855,10854,3
2019-07-16,17:36:25.808000,10854,10855,10854,1
2019-07-16,17:36:29.183000,10854,10855,10855,2
2019-07-16,17:36:31.190000,10854,10855,10854,1
2019-07-16,17:36:34.645000,10854,10855,10854,10
2019-07-16,17:36:37.215000,10854,10855,10854,1
2019-07-16,17:36:37.899000,10854,10855,10855,1
2019-07-16,17:36:39.012000,10854,10855,10854,18
2019-07-16,17:36:42.866000,10854,10855,10854,1
2019-07-16,17:36:46.016000,10854,10855,10854,1
2019-07-16,17:36:47.957000,10854,10855,10855,10
2019-07-16,17:36:53.619000,10854,10855,10854,10
2019-07-16,17:36:57.908000,10854,10855,10854,6
2019-07-16,17:36:58.669000,10853,10854,10854,1
2019-07-16,17:37:09.657000,10853,10854,10854,1
2019-07-16,17:37:09.706000,10853,10854,10854,1
2019-07-16,17:37:14.297000,10853,10854,10853,10
2019-07-16,17:37:14.418000,10853,10854,10853,2
2019-07-16,17:37:14.428000,10853,10854,10853,30
2019-07-16,17:37:14.442000,10853,10854,10853,17
2019-07-16,17:37:14.813000,10852,10853,10853,10
2019-07-16,17:37:15.001000,10852,10853,10853,1
2019-07-16,17:37:15.116000,10852,10853,10853,1
2019-07-16,17:37:15.136000,10852,10853,10853,1
2019-07-16,17:37:15.136000,10852,10853,10854,1
2019-07-16,17:37:15.508000,10853,10854,10853,2
2019-07-16,17:37:15.613000,10853,10854,10853,1
2019-07-16,17:37:16.506000,10852,10853,10852,2
2019-07-16,17:37:16.516000,10852,10853,10852,6
2019-07-16,17:37:16.747000,10852,10853,10853,2
2019-07-16,17:37:16.859000,10852,10853,10852,2
2019-07-16,17:37:16.880000,10852,10854,10853,1
2019-07-16,17:37:16.897000,10852,10854,10852,1
2019-07-16,17:37:16.934000,10852,10854,10852,1
2019-07-16,17:37:17.128000,10852,10853,10852,1
2019-07-16,17:37:18.010000,10852,10854,10854,1
2019-07-16,17:37:18.500000,10852,10854,10852,2
2019-07-16,17:37:20.858000,10853,10854,10853,1
2019-07-16,17:37:26.004000,10853,10854,10853,1
2019-07-16,17:37:29.167000,10853,10854,10853,2
2019-07-16,17:37:30.111000,10853,10854,10854,1
2019-07-16,17:37:30.316000,10853,10854,10854,2
2019-07-16,17:37:32.301000,10853,10854,10854,1
2019-07-16,17:37:32.401000,10853,10854,10854,2
2019-07-16,17:37:34.388000,10854,10855,10854,5
2019-07-16,17:37:36.588000,10854,10855,10854,1
2019-07-16,17:37:44.921000,10854,10855,10854,1
2019-07-16,17:37:45.129000,10854,10855,10854,11
2019-07-16,17:37:45.650000,10853,10854,10854,8
2019-07-16,17:37:46.385000,10854,10855,10854,3
2019-07-16,17:37:49.647000,10854,10855,10855,1
2019-07-16,17:37:52.352000,10854,10855,10854,5
2019-07-16,17:37:59.211000,10854,10855,10855,2
2019-07-16,17:37:59.300000,10854,10855,10854,2
2019-07-16,17:38:04.016000,10854,10855,10854,1
2019-07-16,17:38:04.587000,10854,10855,10854,1
2019-07-16,17:38:06.827000,10854,10855,10854,3
2019-07-16,17:38:09.844000,10854,10855,10854,3
2019-07-16,17:38:13.468000,10854,10855,10854,1
2019-07-16,17:38:18.074000,10854,10855,10854,4
2019-07-16,17:38:23.806000,10854,10855,10854,2
2019-07-16,17:38:23.995000,10854,10855,10854,2
2019-07-16,17:38:27.064000,10853,10854,10854,4
2019-07-16,17:38:44.884000,10854,10855,10854,1
2019-07-16,17:38:55.874000,10854,10855,10855,1
2019-07-16,17:38:55.875000,10854,10855,10855,1
2019-07-16,17:39:05.661000,10854,10855,10854,3
2019-07-16,17:39:07.641000,10854,10855,10855,1
2019-07-16,17:39:16.589000,10854,10855,10855,3
2019-07-16,17:39:17.158000,10854,10855,10855,2
2019-07-16,17:39:19.620000,10854,10855,10855,2
2019-07-16,17:39:19.622000,10854,10855,10855,9
2019-07-16,17:39:19.840000,10854,10856,10856,8
2019-07-16,17:39:26.361000,10854,10856,10856,1
2019-07-16,17:39:27.404000,10855,10856,10855,1
2019-07-16,17:39:32.491000,10855,10856,10855,2
2019-07-16,17:39:36.115000,10854,10855,10855,1
2019-07-16,17:39:57.527000,10854,10855,10854,1
2019-07-16,17:39:57.826000,10854,10855,10855,2
2019-07-16,17:39:58.133000,10854,10855,10855,1
2019-07-16,17:39:58.834000,10854,10855,10855,5
2019-07-16,17:40:03.470000,10854,10855,10855,1
2019-07-16,17:40:12.290000,10854,10855,10855,1
2019-07-16,17:40:13.994000,10854,10855,10854,2
2019-07-16,17:40:42.981000,10854,10855,10854,1
2019-07-16,17:41:09.373000,10854,10855,10854,2
2019-07-16,17:41:24.655000,10854,10855,10854,1
2019-07-16,17:41:28.687000,10854,10855,10855,1
2019-07-16,17:41:29.395000,10854,10855,10855,1
2019-07-16,17:41:38.981000,10854,10855,10855,1
2019-07-16,17:41:48.034000,10854,10855,10855,1
2019-07-16,17:42:07.122000,10854,10855,10855,3
2019-07-16,17:42:07.247000,10854,10855,10855,6
2019-07-16,17:42:07.586000,10854,10856,10854,1
2019-07-16,17:42:07.590000,10854,10856,10854,6
2019-07-16,17:42:18.973000,10855,10856,10855,1
2019-07-16,17:42:25.931000,10855,10856,10856,1
2019-07-16,17:42:27.172000,10855,10856,10855,2
2019-07-16,17:43:29.671000,10855,10856,10856,2
2019-07-16,17:43:31.353000,10855,10856,10856,5
2019-07-16,17:43:46.706000,10856,10857,10857,1
2019-07-16,17:43:49.674000,10856,10857,10857,1
2019-07-16,17:43:55.330000,10856,10857,10856,2
2019-07-16,17:44:13.456000,10856,10857,10856,2
2019-07-16,17:44:13.456000,10856,10857,10855,3
2019-07-16,17:44:13.622000,10856,10857,10856,1
2019-07-16,17:44:14.509000,10855,10857,10855,5
2019-07-16,17:44:15.792000,10855,10857,10855,5
2019-07-16,17:44:17.322000,10855,10856,10855,5
2019-07-16,17:44:34.380000,10855,10856,10856,2
2019-07-16,17:44:35.292000,10855,10856,10856,1
2019-07-16,17:44:51.961000,10855,10856,10856,3
2019-07-16,17:44:53.781000,10855,10856,10855,1
2019-07-16,17:44:54.024000,10855,10856,10855,1
2019-07-16,17:44:58.839000,10855,10856,10856,1
2019-07-16,17:45:03.454000,10855,10856,10855,1
2019-07-16,17:45:04.158000,10855,10856,10855,1
2019-07-16,17:45:04.958000,10855,10856,10855,2
2019-07-16,17:45:14.802000,10855,10856,10855,3
2019-07-16,17:45:25.253000,10855,10856,10856,1
2019-07-16,17:45:25.786000,10855,10856,10856,2
2019-07-16,17:45:33.508000,10855,10856,10856,2
2019-07-16,17:45:51.622000,10855,10856,10856,1
2019-07-16,17:45:57.415000,10855,10856,10856,1
2019-07-16,17:46:26.372000,10855,10856,10856,1
2019-07-16,17:46:27.500000,10855,10856,10856,1
2019-07-16,17:47:06.779000,10856,10857,10857,1
2019-07-16,17:47:22.295000,10856,10857,10857,1
2019-07-16,17:47:30.472000,10856,10857,10856,1
2019-07-16,17:47:41.565000,10856,10857,10856,2
2019-07-16,17:48:16.350000,10856,10857,10856,1
2019-07-16,17:48:29.784000,10856,10857,10856,1
2019-07-16,17:48:38.567000,10856,10857,10856,3
2019-07-16,17:48:44.981000,10856,10857,10857,2
2019-07-16,17:48:56.918000,10856,10857,10857,1
2019-07-16,17:49:04.950000,10856,10857,10857,1
2019-07-16,17:49:11.576000,10856,10857,10857,1
2019-07-16,17:49:13.632000,10856,10857,10857,1
2019-07-16,17:49:18.874000,10856,10857,10857,20
2019-07-16,17:49:30.890000,10857,10858,10858,1
2019-07-16,17:49:31.097000,10857,10858,10858,1
2019-07-16,17:49:48.529000,10857,10858,10858,1
2019-07-16,17:49:52.809000,10857,10858,10857,3
2019-07-16,17:50:03.250000,10857,10858,10858,2
2019-07-16,17:50:04.045000,10857,10858,10857,1
2019-07-16,17:50:04.184000,10857,10858,10857,1
2019-07-16,17:50:04.211000,10857,10858,10857,1
2019-07-16,17:50:04.212000,10857,10858,10857,1
2019-07-16,17:50:05.385000,10857,10858,10858,1
2019-07-16,17:50:08.745000,10857,10858,10858,3
2019-07-16,17:50:42.935000,10857,10858,10858,1
2019-07-16,17:50:45.495000,10857,10858,10858,2
2019-07-16,17:50:48.232000,10857,10858,10858,1
2019-07-16,17:50:49.983000,10857,10858,10858,1
2019-07-16,17:50:50.896000,10857,10858,10858,1
2019-07-16,17:50:52.769000,10857,10858,10858,1
2019-07-16,17:51:00.012000,10857,10858,10858,2
2019-07-16,17:51:00.359000,10857,10858,10858,1
2019-07-16,17:51:01.056000,10857,10858,10858,1
2019-07-16,17:51:02.095000,10857,10858,10858,1
2019-07-16,17:51:02.202000,10857,10858,10858,1
2019-07-16,17:51:31.927000,10857,10858,10858,1
2019-07-16,17:51:38.686000,10857,10858,10858,2
2019-07-16,17:51:38.828000,10857,10858,10858,4
2019-07-16,17:51:38.998000,10858,10859,10858,1
2019-07-16,17:51:54.151000,10858,10859,10858,1
2019-07-16,17:51:59.245000,10858,10859,10858,1
2019-07-16,17:52:01.122000,10858,10859,10858,1
2019-07-16,17:52:05.186000,10858,10859,10858,1
2019-07-16,17:53:20.628000,10858,10859,10859,3
2019-07-16,17:53:20.815000,10858,10859,10858,1
2019-07-16,17:53:47.560000,10858,10859,10859,4
2019-07-16,17:54:06.364000,10858,10859,10859,1
2019-07-16,17:54:27.680000,10858,10859,10859,1
2019-07-16,17:54:55.582000,10858,10859,10858,1
2019-07-16,17:55:07.716000,10858,10859,10859,1
2019-07-16,17:55:07.755000,10858,10859,10859,1
2019-07-16,17:55:09.719000,10858,10859,10859,1
2019-07-16,17:55:15.797000,10858,10859,10859,5
2019-07-16,17:55:15.903000,10858,10859,10858,3
2019-07-16,17:55:15.903000,10858,10859,10858,3
2019-07-16,17:55:15.904000,10858,10859,10858,1
2019-07-16,17:55:16.110000,10858,10859,10859,1
2019-07-16,17:55:16.389000,10858,10859,10859,1
2019-07-16,17:55:16.503000,10858,10859,10859,1
2019-07-16,17:55:17.123000,10858,10859,10859,1
2019-07-16,17:55:32.530000,10858,10859,10859,1
2019-07-16,17:55:32.693000,10858,10859,10858,1
2019-07-16,17:55:32.718000,10858,10859,10858,1
2019-07-16,17:55:32.853000,10858,10859,10859,1
2019-07-16,17:55:41.311000,10858,10859,10859,10
2019-07-16,17:55:41.598000,10858,10859,10859,10
2019-07-16,17:56:43.189000,10858,10859,10859,1
2019-07-16,17:56:45.451000,10858,10859,10858,2
2019-07-16,17:56:52.466000,10858,10859,10858,2
2019-07-16,17:57:14.591000,10858,10859,10858,1
2019-07-16,17:57:14.664000,10858,10859,10858,1
2019-07-16,17:57:20.877000,10857,10858,10858,1
2019-07-16,17:58:34.158000,10857,10858,10858,1
2019-07-16,17:58:56.775000,10857,10858,10858,2
2019-07-16,17:59:42.954000,10857,10858,10858,4
2019-07-16,17:59:44.149000,10857,10858,10857,2
2019-07-16,17:59:44.888000,10857,10858,10858,1
2019-07-16,17:59:47.280000,10857,10858,10858,1
2019-07-16,17:59:51.835000,10857,10858,10858,2
2019-07-16,17:59:55.378000,10857,10858,10858,2
2019-07-16,17:59:55.633000,10857,10858,10858,2
2019-07-16,17:59:59.591000,10857,10858,10857,1
2019-07-16,18:00:37.150000,10857,10858,10858,1
2019-07-16,18:00:37.616000,10857,10858,10857,1
2019-07-16,18:00:37.618000,10857,10858,10857,2
2019-07-16,18:00:37.969000,10857,10858,10857,1
2019-07-16,18:00:37.993000,10857,10858,10857,1
2019-07-16,18:00:38.207000,10857,10858,10857,2
2019-07-16,18:00:38.932000,10857,10858,10857,2
2019-07-16,18:00:39.028000,10857,10858,10857,2
2019-07-16,18:00:41.774000,10857,10858,10857,1
2019-07-16,18:02:08.356000,10857,10858,10858,7
2019-07-16,18:02:29.691000,10858,10859,10858,1
2019-07-16,18:02:37.828000,10858,10859,10859,1
2019-07-16,18:03:40.101000,10858,10859,10859,4
2019-07-16,18:03:53.712000,10858,10859,10858,2
2019-07-16,18:03:54.245000,10858,10859,10858,1
2019-07-16,18:04:27.853000,10858,10859,10858,2
2019-07-16,18:04:44.633000,10858,10859,10858,1
2019-07-16,18:04:50.303000,10858,10859,10858,3
2019-07-16,18:05:25.075000,10858,10859,10858,5
2019-07-16,18:05:25.075000,10858,10859,10858,2
2019-07-16,18:05:26.952000,10857,10858,10858,1
2019-07-16,18:05:33.033000,10857,10858,10858,3
2019-07-16,18:05:33.461000,10858,10859,10858,1
2019-07-16,18:05:42.494000,10858,10859,10858,1
2019-07-16,18:05:53.484000,10858,10859,10858,1
2019-07-16,18:07:41.724000,10858,10859,10859,2
2019-07-16,18:07:54.072000,10858,10859,10859,12
2019-07-16,18:08:02.133000,10859,10860,10860,1
2019-07-16,18:08:02.340000,10859,10860,10860,1
2019-07-16,18:08:02.496000,10859,10860,10859,2
2019-07-16,18:08:02.839000,10859,10860,10860,1
2019-07-16,18:08:02.983000,10859,10860,10860,1
2019-07-16,18:08:09.562000,10859,10860,10859,1
2019-07-16,18:08:10.121000,10859,10860,10859,1
2019-07-16,18:08:10.730000,10859,10860,10859,1
2019-07-16,18:08:11.257000,10859,10860,10859,1
2019-07-16,18:08:11.725000,10859,10860,10859,1
2019-07-16,18:08:12.319000,10859,10860,10859,1
2019-07-16,18:08:14.375000,10859,10860,10859,1
2019-07-16,18:08:27.270000,10859,10860,10860,1
2019-07-16,18:08:27.584000,10859,10860,10859,1
2019-07-16,18:09:35.682000,10859,10860,10860,1
2019-07-16,18:09:53.053000,10859,10860,10860,20
2019-07-16,18:09:56.247000,10859,10860,10860,2
2019-07-16,18:10:26.628000,10860,10861,10860,4
2019-07-16,18:10:33.282000,10859,10860,10860,8
2019-07-16,18:10:36.190000,10860,10861,10861,1
2019-07-16,18:10:36.271000,10860,10861,10861,4
2019-07-16,18:10:36.368000,10860,10861,10861,1
2019-07-16,18:10:54.159000,10860,10861,10861,1
2019-07-16,18:10:57.486000,10860,10861,10861,1
2019-07-16,18:11:05.263000,10860,10861,10861,4
2019-07-16,18:11:07.298000,10860,10861,10861,5
2019-07-16,18:11:11.056000,10860,10861,10861,3
2019-07-16,18:11:11.841000,10860,10861,10861,19
2019-07-16,18:11:11.869000,10860,10861,10861,1
2019-07-16,18:11:11.872000,10860,10861,10861,1
2019-07-16,18:11:25.506000,10861,10862,10861,1
2019-07-16,18:11:32.848000,10860,10861,10861,1
2019-07-16,18:11:34.144000,10860,10861,10861,2
2019-07-16,18:11:37.058000,10860,10862,10861,1
2019-07-16,18:11:37.125000,10861,10862,10861,1
2019-07-16,18:11:38.086000,10860,10861,10861,3
2019-07-16,18:11:41.578000,10861,10862,10861,3
2019-07-16,18:11:52.041000,10860,10861,10861,1
2019-07-16,18:12:02.356000,10860,10861,10860,4
2019-07-16,18:12:16.247000,10860,10861,10860,2
2019-07-16,18:12:16.311000,10860,10861,10860,1
2019-07-16,18:12:16.372000,10860,10861,10860,20
2019-07-16,18:12:16.497000,10860,10861,10860,3
2019-07-16,18:12:16.497000,10860,10861,10860,12
2019-07-16,18:12:29.089000,10859,10860,10860,1
2019-07-16,18:12:50.999000,10859,10860,10860,6
2019-07-16,18:12:54.637000,10860,10861,10860,4
2019-07-16,18:12:57.587000,10860,10861,10860,5
2019-07-16,18:13:07.725000,10860,10861,10860,8
2019-07-16,18:13:42.459000,10859,10860,10860,1
2019-07-16,18:13:58.585000,10859,10860,10860,1
2019-07-16,18:14:06.746000,10859,10860,10860,4
2019-07-16,18:14:26.612000,10859,10860,10859,2
2019-07-16,18:14:40.898000,10859,10860,10859,10
2019-07-16,18:15:00.753000,10859,10860,10859,2
2019-07-16,18:15:01.092000,10859,10860,10859,1
2019-07-16,18:15:01.102000,10859,10860,10859,1
2019-07-16,18:15:01.742000,10859,10860,10859,2
2019-07-16,18:15:06.974000,10859,10860,10859,1
2019-07-16,18:15:07.902000,10859,10860,10860,1
2019-07-16,18:15:29.826000,10859,10860,10860,1
2019-07-16,18:15:34.600000,10859,10860,10859,1
2019-07-16,18:17:37.689000,10858,10859,10859,4
2019-07-16,18:18:20.988000,10859,10860,10860,1
2019-07-16,18:18:33.389000,10859,10860,10860,1
2019-07-16,18:18:36.187000,10859,10860,10860,2
2019-07-16,18:18:39.468000,10859,10860,10860,1
2019-07-16,18:19:39.546000,10859,10860,10860,4
2019-07-16,18:20:24.077000,10859,10860,10860,1
2019-07-16,18:20:51.880000,10859,10860,10859,14
2019-07-16,18:20:54.223000,10859,10860,10859,4
2019-07-16,18:20:57.714000,10858,10860,10858,1
2019-07-16,18:21:28.500000,10859,10860,10859,13
2019-07-16,18:21:28.500000,10859,10860,10858,17
2019-07-16,18:21:39.108000,10858,10859,10858,4
2019-07-16,18:21:48.742000,10858,10859,10858,4
2019-07-16,18:22:05.820000,10858,10860,10858,7
2019-07-16,18:22:07.350000,10858,10859,10859,1
2019-07-16,18:22:20.388000,10858,10859,10858,13
2019-07-16,18:22:20.669000,10857,10859,10859,1
2019-07-16,18:22:40.255000,10858,10859,10858,4
