2019-08-22,15:00:00.081000,10477,10478,10477,64
2019-08-22,15:00:00.089000,10477,10478,10477,6
2019-08-22,15:00:00.173000,10477,10478,10478,1
2019-08-22,15:00:00.225000,10477,10478,10477,1
2019-08-22,15:00:00.282000,10477,10478,10477,1
2019-08-22,15:00:00.353000,10477,10478,10477,1
2019-08-22,15:00:00.379000,10477,10478,10478,2
2019-08-22,15:00:00.488000,10478,10479,10479,4
2019-08-22,15:00:00.488000,10478,10479,10480,4
2019-08-22,15:00:00.488000,10478,10479,10480,2
2019-08-22,15:00:00.519000,10478,10479,10478,1
2019-08-22,15:00:00.626000,10478,10480,10478,1
2019-08-22,15:00:00.876000,10478,10480,10478,4
2019-08-22,15:00:00.925000,10478,10480,10479,2
2019-08-22,15:00:01.002000,10478,10480,10478,1
2019-08-22,15:00:01.002000,10478,10480,10477,2
2019-08-22,15:00:01.039000,10478,10480,10479,2
2019-08-22,15:00:01.049000,10478,10480,10479,1
2019-08-22,15:00:01.049000,10478,10480,10480,1
2019-08-22,15:00:01.567000,10477,10479,10477,2
2019-08-22,15:00:01.805000,10477,10478,10478,2
2019-08-22,15:00:01.858000,10477,10478,10479,4
2019-08-22,15:00:01.930000,10477,10478,10478,1
2019-08-22,15:00:02.534000,10478,10479,10478,2
2019-08-22,15:00:04.566000,10478,10479,10478,2
2019-08-22,15:00:04.566000,10478,10479,10477,8
2019-08-22,15:00:04.872000,10478,10479,10479,2
2019-08-22,15:00:05.109000,10477,10479,10479,2
2019-08-22,15:00:05.607000,10478,10479,10478,1
2019-08-22,15:00:06.659000,10478,10479,10478,1
2019-08-22,15:00:07.931000,10478,10479,10479,1
2019-08-22,15:00:11.125000,10478,10479,10478,1
2019-08-22,15:00:11.576000,10478,10479,10479,1
2019-08-22,15:00:14.735000,10478,10479,10478,1
2019-08-22,15:00:18.890000,10478,10479,10478,1
2019-08-22,15:00:19.015000,10478,10479,10478,1
2019-08-22,15:00:19.666000,10478,10479,10478,1
2019-08-22,15:00:19.756000,10478,10479,10478,5
2019-08-22,15:00:19.805000,10478,10479,10478,1
2019-08-22,15:00:19.805000,10478,10479,10478,7
2019-08-22,15:00:21.562000,10478,10479,10478,1
2019-08-22,15:00:25.529000,10477,10478,10477,1
2019-08-22,15:00:26.631000,10477,10478,10478,1
2019-08-22,15:00:28.832000,10477,10478,10477,1
2019-08-22,15:00:31.246000,10477,10478,10477,2
2019-08-22,15:00:33.547000,10477,10478,10477,1
2019-08-22,15:00:36.559000,10477,10478,10477,1
2019-08-22,15:00:37.722000,10477,10478,10478,1
2019-08-22,15:00:43.358000,10477,10478,10478,2
2019-08-22,15:00:44.086000,10477,10478,10477,2
2019-08-22,15:00:49.156000,10477,10478,10478,5
2019-08-22,15:00:53.731000,10477,10478,10478,14
2019-08-22,15:00:53.823000,10477,10478,10478,1
2019-08-22,15:00:54.259000,10477,10479,10477,14
2019-08-22,15:00:58.591000,10478,10479,10478,2
2019-08-22,15:00:58.592000,10478,10479,10478,4
2019-08-22,15:00:58.680000,10478,10479,10478,3
2019-08-22,15:00:58.680000,10478,10479,10478,1
2019-08-22,15:00:59.887000,10477,10478,10477,1
2019-08-22,15:01:00.129000,10477,10478,10477,1
2019-08-22,15:01:00.520000,10477,10478,10478,5
2019-08-22,15:01:01.915000,10477,10478,10477,4
2019-08-22,15:01:02.774000,10476,10477,10477,1
2019-08-22,15:01:04.925000,10477,10478,10477,1
2019-08-22,15:01:07.151000,10477,10478,10477,5
2019-08-22,15:01:07.180000,10477,10478,10477,3
2019-08-22,15:01:07.805000,10477,10478,10477,1
2019-08-22,15:01:10.092000,10476,10478,10476,5
2019-08-22,15:01:12.513000,10476,10477,10476,3
2019-08-22,15:01:13.246000,10476,10477,10476,3
2019-08-22,15:01:14.182000,10476,10477,10476,1
2019-08-22,15:01:14.581000,10476,10477,10476,16
2019-08-22,15:01:21.726000,10475,10476,10476,18
2019-08-22,15:01:21.768000,10475,10476,10475,1
2019-08-22,15:01:21.805000,10475,10476,10475,3
2019-08-22,15:01:22.795000,10475,10476,10475,1
2019-08-22,15:01:25.558000,10475,10476,10475,1
2019-08-22,15:01:29.821000,10475,10476,10476,24
2019-08-22,15:01:29.821000,10475,10476,10476,9
2019-08-22,15:01:29.821000,10475,10476,10476,1
2019-08-22,15:01:29.821000,10475,10476,10476,5
2019-08-22,15:01:29.959000,10475,10477,10477,4
2019-08-22,15:01:33.180000,10476,10477,10476,1
2019-08-22,15:01:40.188000,10476,10477,10476,1
2019-08-22,15:01:42.418000,10476,10477,10476,1
2019-08-22,15:01:42.601000,10476,10477,10477,1
2019-08-22,15:01:47.272000,10476,10477,10476,3
2019-08-22,15:01:50.074000,10476,10477,10477,1
2019-08-22,15:01:51.212000,10476,10477,10476,1
2019-08-22,15:01:51.989000,10476,10477,10477,1
2019-08-22,15:01:55.771000,10476,10477,10477,8
2019-08-22,15:01:56.664000,10477,10478,10478,1
2019-08-22,15:01:58.135000,10477,10478,10477,1
2019-08-22,15:02:00.530000,10477,10478,10478,1
2019-08-22,15:02:04.279000,10477,10478,10478,1
2019-08-22,15:02:04.736000,10477,10478,10478,2
2019-08-22,15:02:04.935000,10477,10478,10477,1
2019-08-22,15:02:06.244000,10477,10478,10478,2
2019-08-22,15:02:06.286000,10477,10478,10477,3
2019-08-22,15:02:07.268000,10477,10478,10477,1
2019-08-22,15:02:14.570000,10477,10478,10478,9
2019-08-22,15:02:20.018000,10478,10479,10479,23
2019-08-22,15:02:24.699000,10479,10480,10480,1
2019-08-22,15:02:24.699000,10479,10480,10480,16
2019-08-22,15:02:24.702000,10479,10480,10480,5
2019-08-22,15:02:30.762000,10480,10481,10481,2
2019-08-22,15:02:35.062000,10480,10481,10481,1
2019-08-22,15:02:40.932000,10480,10481,10480,2
2019-08-22,15:02:43.095000,10480,10481,10480,4
2019-08-22,15:02:43.118000,10480,10481,10481,5
2019-08-22,15:02:43.316000,10480,10481,10480,3
2019-08-22,15:02:43.532000,10480,10481,10480,1
2019-08-22,15:02:43.633000,10480,10481,10480,2
2019-08-22,15:02:43.667000,10480,10481,10480,1
2019-08-22,15:02:43.746000,10480,10481,10480,1
2019-08-22,15:02:43.853000,10480,10481,10480,1
2019-08-22,15:02:45.246000,10480,10481,10481,5
2019-08-22,15:02:45.626000,10480,10481,10481,5
2019-08-22,15:02:47.748000,10480,10481,10480,2
2019-08-22,15:02:48.617000,10479,10480,10479,9
2019-08-22,15:02:49.098000,10479,10480,10480,1
2019-08-22,15:02:51.416000,10479,10480,10480,5
2019-08-22,15:02:51.895000,10479,10480,10479,1
2019-08-22,15:02:51.895000,10479,10480,10479,1
2019-08-22,15:02:51.895000,10479,10480,10479,1
2019-08-22,15:02:51.897000,10479,10480,10479,1
2019-08-22,15:02:52.055000,10479,10480,10479,1
2019-08-22,15:02:54.804000,10478,10479,10479,5
2019-08-22,15:02:56.458000,10478,10480,10478,1
2019-08-22,15:02:59.961000,10478,10479,10478,1
2019-08-22,15:03:00.063000,10478,10479,10478,5
2019-08-22,15:03:00.064000,10478,10479,10478,2
2019-08-22,15:03:00.064000,10478,10479,10478,2
2019-08-22,15:03:06.170000,10477,10478,10477,1
2019-08-22,15:03:06.898000,10477,10478,10477,1
2019-08-22,15:03:06.899000,10477,10478,10477,1
2019-08-22,15:03:06.899000,10477,10478,10477,4
2019-08-22,15:03:06.899000,10477,10478,10477,1
2019-08-22,15:03:06.899000,10477,10478,10477,5
2019-08-22,15:03:08.821000,10476,10477,10477,1
2019-08-22,15:03:10.835000,10476,10477,10476,2
2019-08-22,15:03:10.836000,10476,10477,10476,3
2019-08-22,15:03:10.930000,10476,10477,10476,5
2019-08-22,15:03:11.199000,10475,10476,10476,1
2019-08-22,15:03:13.196000,10475,10476,10476,1
2019-08-22,15:03:13.948000,10475,10476,10475,1
2019-08-22,15:03:14.293000,10475,10476,10475,13
2019-08-22,15:03:14.432000,10474,10475,10475,1
2019-08-22,15:03:15.518000,10475,10476,10476,1
2019-08-22,15:03:19.035000,10475,10476,10475,1
2019-08-22,15:03:20.077000,10475,10476,10475,1
2019-08-22,15:03:22.701000,10475,10476,10475,2
2019-08-22,15:03:22.905000,10475,10476,10475,1
2019-08-22,15:03:24.005000,10475,10476,10475,5
2019-08-22,15:03:24.591000,10475,10476,10476,1
2019-08-22,15:03:30.112000,10475,10476,10475,1
2019-08-22,15:03:31.370000,10475,10476,10475,1
2019-08-22,15:03:42.112000,10475,10476,10475,1
2019-08-22,15:03:44.444000,10475,10476,10475,1
2019-08-22,15:03:47.236000,10475,10476,10476,5
2019-08-22,15:03:47.355000,10475,10476,10475,1
2019-08-22,15:03:47.501000,10475,10476,10476,6
2019-08-22,15:03:50.733000,10476,10477,10476,1
2019-08-22,15:03:52.111000,10476,10477,10476,2
2019-08-22,15:04:00.651000,10476,10477,10476,1
2019-08-22,15:04:00.651000,10476,10477,10475,9
2019-08-22,15:04:02.519000,10476,10477,10476,1
2019-08-22,15:04:03.719000,10476,10477,10476,1
2019-08-22,15:04:06.335000,10475,10476,10476,1
2019-08-22,15:04:08.729000,10475,10476,10476,1
2019-08-22,15:04:10.680000,10475,10476,10476,8
2019-08-22,15:04:14.131000,10476,10477,10476,1
2019-08-22,15:04:16.236000,10476,10477,10476,1
2019-08-22,15:04:19.369000,10476,10477,10476,1
2019-08-22,15:04:20.999000,10476,10477,10476,1
2019-08-22,15:04:23.867000,10475,10476,10476,1
2019-08-22,15:04:24.515000,10476,10477,10476,1
2019-08-22,15:04:30.702000,10476,10477,10476,1
2019-08-22,15:04:31.011000,10476,10477,10476,3
2019-08-22,15:04:33.928000,10475,10476,10475,7
2019-08-22,15:04:33.930000,10475,10476,10475,11
2019-08-22,15:04:34.228000,10474,10475,10475,2
2019-08-22,15:04:35.325000,10474,10475,10475,1
2019-08-22,15:04:38.463000,10474,10475,10474,2
2019-08-22,15:04:40.515000,10474,10475,10474,2
2019-08-22,15:04:40.728000,10474,10475,10474,2
2019-08-22,15:04:43.946000,10474,10475,10474,1
2019-08-22,15:04:45.736000,10474,10475,10474,1
2019-08-22,15:04:46.556000,10473,10474,10474,2
2019-08-22,15:04:53.862000,10474,10475,10474,1
2019-08-22,15:04:57.557000,10474,10475,10475,2
2019-08-22,15:04:58.286000,10474,10475,10475,1
2019-08-22,15:05:01.969000,10474,10475,10475,6
2019-08-22,15:05:02.055000,10474,10475,10475,1
2019-08-22,15:05:02.508000,10474,10476,10474,2
2019-08-22,15:05:03.123000,10474,10476,10474,2
2019-08-22,15:05:09.056000,10474,10475,10475,1
2019-08-22,15:05:18.307000,10474,10475,10475,5
2019-08-22,15:05:20.180000,10474,10476,10474,1
2019-08-22,15:05:30.182000,10474,10475,10474,1
2019-08-22,15:05:30.182000,10474,10475,10474,1
2019-08-22,15:05:31.515000,10474,10475,10474,1
2019-08-22,15:05:31.515000,10474,10475,10474,9
2019-08-22,15:05:31.901000,10473,10474,10474,1
2019-08-22,15:05:33.697000,10473,10474,10473,6
2019-08-22,15:05:34.273000,10473,10474,10474,1
2019-08-22,15:05:36.670000,10473,10474,10473,2
2019-08-22,15:05:37.371000,10473,10474,10473,8
2019-08-22,15:05:37.707000,10472,10473,10473,2
2019-08-22,15:05:38.580000,10472,10473,10473,1
2019-08-22,15:05:42.560000,10472,10473,10473,1
2019-08-22,15:05:44.859000,10472,10473,10473,10
2019-08-22,15:05:46.699000,10472,10473,10472,1
2019-08-22,15:05:48.262000,10472,10473,10473,2
2019-08-22,15:05:50.805000,10473,10474,10473,1
2019-08-22,15:05:54.390000,10472,10473,10473,4
2019-08-22,15:05:56.520000,10473,10474,10473,1
2019-08-22,15:05:57.695000,10473,10474,10473,1
2019-08-22,15:05:58.391000,10473,10474,10474,2
2019-08-22,15:06:03.064000,10474,10475,10474,2
2019-08-22,15:06:10.290000,10473,10474,10473,1
2019-08-22,15:06:12.045000,10473,10474,10473,1
2019-08-22,15:06:18.577000,10473,10474,10473,3
2019-08-22,15:06:25.377000,10473,10474,10473,1
2019-08-22,15:06:29.198000,10473,10474,10473,1
2019-08-22,15:06:31.865000,10473,10474,10473,1
2019-08-22,15:06:32.248000,10473,10474,10474,13
2019-08-22,15:06:32.253000,10473,10474,10474,3
2019-08-22,15:06:34.053000,10474,10475,10475,5
2019-08-22,15:06:34.053000,10474,10475,10475,3
2019-08-22,15:06:41.317000,10474,10475,10475,1
2019-08-22,15:06:52.618000,10474,10475,10474,2
2019-08-22,15:06:57.868000,10474,10475,10475,9
2019-08-22,15:06:58.368000,10475,10476,10475,6
2019-08-22,15:07:06.941000,10475,10476,10475,1
2019-08-22,15:07:07.055000,10475,10476,10475,2
2019-08-22,15:07:08.045000,10474,10475,10475,1
2019-08-22,15:07:09.026000,10474,10475,10474,2
2019-08-22,15:07:13.446000,10474,10475,10475,1
2019-08-22,15:07:45.632000,10474,10475,10475,1
2019-08-22,15:07:46.157000,10474,10475,10475,2
2019-08-22,15:07:48.645000,10474,10475,10475,3
2019-08-22,15:07:50.588000,10474,10476,10474,2
2019-08-22,15:07:56.184000,10474,10475,10474,10
2019-08-22,15:07:57.458000,10474,10475,10474,7
2019-08-22,15:07:58.427000,10473,10474,10474,1
2019-08-22,15:08:03.037000,10473,10474,10474,1
2019-08-22,15:08:04.996000,10473,10474,10473,3
2019-08-22,15:08:05.027000,10473,10474,10474,2
2019-08-22,15:08:05.759000,10474,10475,10474,1
2019-08-22,15:08:06.852000,10474,10475,10474,1
2019-08-22,15:08:09.445000,10474,10475,10474,1
2019-08-22,15:08:16.096000,10474,10475,10474,1
2019-08-22,15:08:21.036000,10473,10474,10474,1
2019-08-22,15:08:44.401000,10473,10474,10473,21
2019-08-22,15:08:44.639000,10472,10473,10472,12
2019-08-22,15:08:44.784000,10472,10473,10472,14
2019-08-22,15:08:44.784000,10472,10473,10472,1
2019-08-22,15:08:44.805000,10472,10473,10472,4
2019-08-22,15:08:44.806000,10472,10473,10472,8
2019-08-22,15:08:44.930000,10472,10473,10472,3
2019-08-22,15:08:45.612000,10471,10473,10472,1
2019-08-22,15:08:45.613000,10471,10473,10472,4
2019-08-22,15:08:45.613000,10471,10473,10473,7
2019-08-22,15:08:45.613000,10471,10473,10473,4
2019-08-22,15:08:50.440000,10472,10474,10474,1
2019-08-22,15:08:53.305000,10473,10474,10474,4
2019-08-22,15:09:08.453000,10473,10474,10473,1
2019-08-22,15:09:16.162000,10473,10474,10473,1
2019-08-22,15:09:18.920000,10473,10474,10473,1
2019-08-22,15:09:24.281000,10473,10474,10473,1
2019-08-22,15:09:26.724000,10473,10474,10473,1
2019-08-22,15:09:30.236000,10473,10474,10473,5
2019-08-22,15:09:33.444000,10473,10474,10473,1
2019-08-22,15:09:39.760000,10473,10474,10473,1
2019-08-22,15:09:40.089000,10472,10474,10472,1
2019-08-22,15:09:47.343000,10472,10473,10472,1
2019-08-22,15:09:48.076000,10472,10473,10472,1
2019-08-22,15:09:48.828000,10472,10473,10472,1
2019-08-22,15:09:49.787000,10472,10473,10472,1
2019-08-22,15:09:53.377000,10472,10473,10472,3
2019-08-22,15:09:55.548000,10472,10473,10472,1
2019-08-22,15:09:59.922000,10472,10473,10473,3
2019-08-22,15:10:02.057000,10472,10473,10472,1
2019-08-22,15:10:07.310000,10472,10473,10472,3
2019-08-22,15:10:11.638000,10472,10473,10472,1
2019-08-22,15:10:12.077000,10472,10473,10473,2
2019-08-22,15:10:14.109000,10473,10474,10473,1
2019-08-22,15:10:14.346000,10473,10474,10474,14
2019-08-22,15:10:16.581000,10474,10475,10474,2
2019-08-22,15:10:16.581000,10474,10475,10473,8
2019-08-22,15:10:19.897000,10473,10474,10473,1
2019-08-22,15:10:24.787000,10473,10474,10473,1
2019-08-22,15:10:25.490000,10473,10474,10473,1
2019-08-22,15:10:28.949000,10473,10474,10473,1
2019-08-22,15:10:28.955000,10473,10474,10473,1
2019-08-22,15:10:28.959000,10473,10474,10473,1
2019-08-22,15:10:29.055000,10473,10474,10473,2
2019-08-22,15:10:31.099000,10473,10474,10474,5
2019-08-22,15:10:47.765000,10473,10474,10474,1
2019-08-22,15:11:17.694000,10473,10474,10473,1
2019-08-22,15:11:19.404000,10473,10474,10474,7
2019-08-22,15:11:19.430000,10473,10474,10474,12
2019-08-22,15:11:24.764000,10474,10475,10475,1
2019-08-22,15:11:27.785000,10474,10475,10475,1
2019-08-22,15:11:32.578000,10473,10474,10474,1
2019-08-22,15:11:34.910000,10473,10474,10474,1
2019-08-22,15:11:39.805000,10473,10474,10474,1
2019-08-22,15:11:46.844000,10473,10474,10473,11
2019-08-22,15:11:54.279000,10472,10473,10473,1
2019-08-22,15:11:56.090000,10472,10473,10473,1
2019-08-22,15:11:59.349000,10472,10473,10472,4
2019-08-22,15:12:14.550000,10472,10473,10472,5
2019-08-22,15:12:14.555000,10472,10473,10472,14
2019-08-22,15:12:18.830000,10471,10472,10471,2
2019-08-22,15:12:19.272000,10471,10472,10472,1
2019-08-22,15:12:19.964000,10471,10472,10471,2
2019-08-22,15:12:21.411000,10471,10472,10471,1
2019-08-22,15:12:21.738000,10471,10472,10472,1
2019-08-22,15:12:23.196000,10471,10472,10471,1
2019-08-22,15:12:24.444000,10471,10472,10472,1
2019-08-22,15:12:25.455000,10471,10472,10471,1
2019-08-22,15:12:31.384000,10471,10472,10471,1
2019-08-22,15:12:32.395000,10471,10472,10471,1
2019-08-22,15:12:33.459000,10471,10472,10471,14
2019-08-22,15:12:35.891000,10471,10472,10471,1
2019-08-22,15:12:36.371000,10471,10472,10471,2
2019-08-22,15:12:37.039000,10471,10472,10471,14
2019-08-22,15:12:40.526000,10470,10471,10470,1
2019-08-22,15:12:40.589000,10470,10471,10470,1
2019-08-22,15:12:41.947000,10470,10471,10471,1
2019-08-22,15:12:42.460000,10470,10471,10471,1
2019-08-22,15:12:43.884000,10470,10471,10471,3
2019-08-22,15:12:43.950000,10470,10472,10471,1
2019-08-22,15:12:44.198000,10471,10472,10471,2
2019-08-22,15:12:46.404000,10470,10471,10470,1
2019-08-22,15:12:47.031000,10470,10471,10470,1
2019-08-22,15:12:50.106000,10470,10471,10471,3
2019-08-22,15:12:50.126000,10470,10471,10472,3
2019-08-22,15:12:50.180000,10471,10472,10472,2
2019-08-22,15:12:52.184000,10471,10472,10472,5
2019-08-22,15:12:52.306000,10471,10473,10473,3
2019-08-22,15:12:52.485000,10471,10473,10471,16
2019-08-22,15:12:52.722000,10471,10473,10472,2
2019-08-22,15:12:54.619000,10471,10472,10472,2
2019-08-22,15:12:54.680000,10471,10472,10472,3
2019-08-22,15:12:56.802000,10471,10472,10471,2
2019-08-22,15:12:58.048000,10470,10471,10471,1
2019-08-22,15:12:58.736000,10470,10471,10471,1
2019-08-22,15:13:01.910000,10470,10471,10470,1
2019-08-22,15:13:03.150000,10470,10471,10471,1
2019-08-22,15:13:05.122000,10470,10471,10471,1
2019-08-22,15:13:06.521000,10470,10471,10470,1
2019-08-22,15:13:08.701000,10470,10471,10471,1
2019-08-22,15:13:11.925000,10470,10471,10471,1
2019-08-22,15:13:12.449000,10470,10471,10470,10
2019-08-22,15:13:12.932000,10470,10471,10471,1
2019-08-22,15:13:13.454000,10470,10471,10471,3
2019-08-22,15:13:23.417000,10470,10471,10471,1
2019-08-22,15:13:24.822000,10470,10471,10471,4
2019-08-22,15:13:25.187000,10470,10471,10471,2
2019-08-22,15:13:26.880000,10471,10472,10471,3
2019-08-22,15:13:27.890000,10470,10471,10471,1
2019-08-22,15:13:35.188000,10470,10471,10471,1
2019-08-22,15:13:37.462000,10470,10471,10471,1
2019-08-22,15:13:38.530000,10470,10471,10471,1
2019-08-22,15:13:38.555000,10470,10471,10471,4
2019-08-22,15:13:45.321000,10471,10472,10472,1
2019-08-22,15:13:45.817000,10471,10472,10471,2
2019-08-22,15:13:52.900000,10471,10472,10472,1
2019-08-22,15:13:54.372000,10471,10472,10472,2
2019-08-22,15:13:54.555000,10471,10472,10472,3
2019-08-22,15:13:58.051000,10472,10473,10472,1
2019-08-22,15:14:06.972000,10472,10473,10472,2
2019-08-22,15:14:12.890000,10472,10473,10472,3
2019-08-22,15:14:12.890000,10472,10473,10471,2
2019-08-22,15:14:13.689000,10471,10472,10472,1
2019-08-22,15:14:18.181000,10471,10472,10472,1
2019-08-22,15:14:20.992000,10471,10472,10472,2
2019-08-22,15:14:21.841000,10471,10472,10471,1
2019-08-22,15:14:25.031000,10471,10472,10471,1
2019-08-22,15:14:35.501000,10471,10472,10471,1
2019-08-22,15:14:35.501000,10471,10472,10471,1
2019-08-22,15:14:38.057000,10471,10472,10471,1
2019-08-22,15:14:39.648000,10471,10472,10471,1
2019-08-22,15:14:42.445000,10471,10472,10471,1
2019-08-22,15:14:44.045000,10471,10472,10471,1
2019-08-22,15:14:49.631000,10471,10472,10471,1
2019-08-22,15:14:53.621000,10471,10472,10471,1
2019-08-22,15:14:59.913000,10471,10472,10472,1
2019-08-22,15:15:00.175000,10471,10472,10472,6
2019-08-22,15:15:00.180000,10471,10472,10472,3
2019-08-22,15:15:00.392000,10472,10473,10473,11
2019-08-22,15:15:00.704000,10473,10474,10473,1
2019-08-22,15:15:13.140000,10473,10474,10474,1
2019-08-22,15:15:13.160000,10473,10474,10474,2
2019-08-22,15:15:13.173000,10473,10474,10474,6
2019-08-22,15:15:13.180000,10473,10474,10474,6
2019-08-22,15:15:13.332000,10474,10475,10475,2
2019-08-22,15:15:13.333000,10474,10475,10475,1
2019-08-22,15:15:13.333000,10474,10475,10475,7
2019-08-22,15:15:13.333000,10474,10475,10475,3
2019-08-22,15:15:13.333000,10474,10475,10475,1
2019-08-22,15:15:13.393000,10474,10475,10475,4
2019-08-22,15:15:13.430000,10474,10475,10475,1
2019-08-22,15:15:18.738000,10475,10476,10476,1
2019-08-22,15:15:21.648000,10475,10476,10476,1
2019-08-22,15:15:22.260000,10475,10476,10476,1
2019-08-22,15:15:26.028000,10475,10476,10475,1
2019-08-22,15:15:26.243000,10475,10476,10476,5
2019-08-22,15:15:26.244000,10475,10476,10476,3
2019-08-22,15:15:26.309000,10475,10476,10476,19
2019-08-22,15:15:27.215000,10476,10477,10476,1
2019-08-22,15:15:27.930000,10476,10477,10476,1
2019-08-22,15:15:28.727000,10476,10477,10476,2
2019-08-22,15:15:29.222000,10476,10477,10476,1
2019-08-22,15:15:30.102000,10476,10477,10476,1
2019-08-22,15:15:30.204000,10476,10477,10476,3
2019-08-22,15:15:31.639000,10476,10477,10477,8
2019-08-22,15:15:31.639000,10476,10477,10477,3
2019-08-22,15:15:31.639000,10476,10477,10477,7
2019-08-22,15:15:31.639000,10476,10477,10477,7
2019-08-22,15:15:31.639000,10476,10477,10477,3
2019-08-22,15:15:31.681000,10477,10478,10478,2
2019-08-22,15:15:31.682000,10477,10478,10478,2
2019-08-22,15:15:31.737000,10477,10478,10478,1
2019-08-22,15:15:31.743000,10477,10478,10478,1
2019-08-22,15:15:31.806000,10477,10478,10478,5
2019-08-22,15:15:31.836000,10477,10478,10479,1
2019-08-22,15:15:31.842000,10477,10478,10479,1
2019-08-22,15:15:31.869000,10477,10478,10478,1
2019-08-22,15:15:31.965000,10478,10479,10479,1
2019-08-22,15:15:31.998000,10478,10479,10478,1
2019-08-22,15:15:32.090000,10478,10479,10479,3
2019-08-22,15:15:32.321000,10478,10479,10478,5
2019-08-22,15:15:32.556000,10477,10479,10479,1
2019-08-22,15:15:32.562000,10477,10479,10477,1
2019-08-22,15:15:32.760000,10478,10479,10479,2
2019-08-22,15:15:35.696000,10478,10479,10478,2
2019-08-22,15:15:36.333000,10478,10479,10479,16
2019-08-22,15:15:36.549000,10478,10479,10478,1
2019-08-22,15:15:37.245000,10479,10480,10479,1
2019-08-22,15:15:40.123000,10479,10480,10480,1
2019-08-22,15:15:40.127000,10479,10480,10480,2
2019-08-22,15:15:40.142000,10479,10480,10480,2
2019-08-22,15:15:40.147000,10479,10480,10479,1
2019-08-22,15:15:40.157000,10479,10480,10480,2
2019-08-22,15:15:40.173000,10479,10480,10480,2
2019-08-22,15:15:41.470000,10479,10480,10479,2
2019-08-22,15:15:43.230000,10479,10480,10480,1
2019-08-22,15:15:44.256000,10479,10480,10479,1
2019-08-22,15:15:44.439000,10479,10480,10479,4
2019-08-22,15:15:44.634000,10479,10480,10480,13
2019-08-22,15:15:45.820000,10479,10480,10479,2
2019-08-22,15:15:46.416000,10479,10480,10480,3
2019-08-22,15:15:49.555000,10479,10480,10480,4
2019-08-22,15:15:49.681000,10479,10480,10480,24
2019-08-22,15:15:50.316000,10480,10481,10481,2
2019-08-22,15:15:50.717000,10480,10481,10481,3
2019-08-22,15:15:51.024000,10480,10481,10481,1
2019-08-22,15:15:51.489000,10480,10481,10481,1
2019-08-22,15:15:54.695000,10480,10481,10481,1
2019-08-22,15:15:56.208000,10480,10481,10481,3
2019-08-22,15:15:56.828000,10480,10481,10481,1
2019-08-22,15:15:57.690000,10480,10481,10481,8
2019-08-22,15:15:58.811000,10480,10481,10480,4
2019-08-22,15:15:58.812000,10480,10481,10480,1
2019-08-22,15:15:59.305000,10479,10480,10479,6
2019-08-22,15:16:00.045000,10478,10480,10478,1
2019-08-22,15:16:02.222000,10478,10479,10478,2
2019-08-22,15:16:02.222000,10478,10479,10478,3
2019-08-22,15:16:02.927000,10477,10479,10477,1
2019-08-22,15:16:02.936000,10477,10478,10478,2
2019-08-22,15:16:02.983000,10477,10478,10478,1
2019-08-22,15:16:03.009000,10477,10478,10478,1
2019-08-22,15:16:03.083000,10477,10478,10478,1
2019-08-22,15:16:03.411000,10477,10478,10477,4
2019-08-22,15:16:06.670000,10477,10478,10478,1
2019-08-22,15:16:08.033000,10477,10478,10478,1
2019-08-22,15:16:08.057000,10477,10478,10478,2
2019-08-22,15:16:08.300000,10477,10478,10478,1
2019-08-22,15:16:08.555000,10478,10479,10478,1
2019-08-22,15:16:09.592000,10477,10478,10477,1
2019-08-22,15:16:10.682000,10477,10478,10478,10
2019-08-22,15:16:12.298000,10477,10478,10478,10
2019-08-22,15:16:14.053000,10477,10478,10478,1
2019-08-22,15:16:14.336000,10477,10478,10478,1
2019-08-22,15:16:14.643000,10478,10479,10478,1
2019-08-22,15:16:16.043000,10478,10479,10478,1
2019-08-22,15:16:17.639000,10478,10479,10479,1
2019-08-22,15:16:17.909000,10478,10479,10479,3
2019-08-22,15:16:18.224000,10479,10480,10479,2
2019-08-22,15:16:18.811000,10478,10479,10479,1
2019-08-22,15:16:18.923000,10478,10479,10478,1
2019-08-22,15:16:20.326000,10478,10479,10479,1
2019-08-22,15:16:20.540000,10478,10479,10479,2
2019-08-22,15:16:21.307000,10478,10479,10479,2
2019-08-22,15:16:21.814000,10478,10479,10479,1
2019-08-22,15:16:24.833000,10478,10479,10479,1
2019-08-22,15:16:25.556000,10478,10479,10479,3
2019-08-22,15:16:25.923000,10479,10480,10479,2
2019-08-22,15:16:26.611000,10479,10480,10479,1
2019-08-22,15:16:26.866000,10479,10480,10479,1
2019-08-22,15:16:33.022000,10479,10480,10479,1
2019-08-22,15:16:36.046000,10479,10480,10479,2
2019-08-22,15:16:36.047000,10479,10480,10479,2
2019-08-22,15:16:36.049000,10479,10480,10479,2
2019-08-22,15:16:36.623000,10479,10480,10479,1
2019-08-22,15:16:43.286000,10479,10480,10480,6
2019-08-22,15:16:47.723000,10479,10480,10480,11
2019-08-22,15:16:51.731000,10480,10481,10480,1
2019-08-22,15:16:51.828000,10480,10481,10480,5
2019-08-22,15:16:54.823000,10480,10481,10481,8
2019-08-22,15:16:54.931000,10480,10481,10480,1
2019-08-22,15:16:55.038000,10480,10481,10481,1
2019-08-22,15:16:55.750000,10480,10481,10480,1
2019-08-22,15:16:57.654000,10480,10481,10481,1
2019-08-22,15:16:58.661000,10480,10481,10481,6
2019-08-22,15:16:59.854000,10481,10482,10481,2
2019-08-22,15:17:00.499000,10481,10482,10481,1
2019-08-22,15:17:00.499000,10481,10482,10480,2
2019-08-22,15:17:02.997000,10480,10481,10481,10
2019-08-22,15:17:03.185000,10480,10481,10481,7
2019-08-22,15:17:05.275000,10481,10482,10481,8
2019-08-22,15:17:10.358000,10480,10481,10481,2
2019-08-22,15:17:12.014000,10480,10481,10481,1
2019-08-22,15:17:17.185000,10481,10482,10481,1
2019-08-22,15:17:17.203000,10481,10482,10482,1
2019-08-22,15:17:17.338000,10481,10482,10482,1
2019-08-22,15:17:17.437000,10481,10482,10482,1
2019-08-22,15:17:17.821000,10481,10482,10481,1
2019-08-22,15:17:18.989000,10481,10482,10482,1
2019-08-22,15:17:21.380000,10481,10482,10482,1
2019-08-22,15:17:22.478000,10481,10482,10482,1
2019-08-22,15:17:22.905000,10481,10482,10482,25
2019-08-22,15:17:22.932000,10481,10482,10482,2
2019-08-22,15:17:23.143000,10481,10482,10482,8
2019-08-22,15:17:23.443000,10482,10483,10482,1
2019-08-22,15:17:23.580000,10482,10483,10482,1
2019-08-22,15:17:26.920000,10482,10483,10483,1
2019-08-22,15:17:27.043000,10482,10483,10483,2
2019-08-22,15:17:27.428000,10482,10483,10483,1
2019-08-22,15:17:27.871000,10482,10483,10483,1
2019-08-22,15:17:27.871000,10482,10483,10483,5
2019-08-22,15:17:29.973000,10482,10483,10483,5
2019-08-22,15:17:30.056000,10482,10483,10483,4
2019-08-22,15:17:30.397000,10482,10483,10483,2
2019-08-22,15:17:30.398000,10482,10483,10483,7
2019-08-22,15:17:30.399000,10482,10483,10483,2
2019-08-22,15:17:30.399000,10482,10483,10483,6
2019-08-22,15:17:31.586000,10483,10484,10483,1
2019-08-22,15:17:36.058000,10483,10484,10484,16
2019-08-22,15:17:36.223000,10483,10484,10484,6
2019-08-22,15:17:37.503000,10483,10485,10483,2
2019-08-22,15:17:38.622000,10483,10484,10483,1
2019-08-22,15:17:39.729000,10483,10484,10483,1
2019-08-22,15:17:40.432000,10483,10484,10483,3
2019-08-22,15:17:40.432000,10483,10484,10483,2
2019-08-22,15:17:40.433000,10483,10484,10483,2
2019-08-22,15:17:41.096000,10483,10484,10484,1
2019-08-22,15:17:41.241000,10483,10484,10484,1
2019-08-22,15:17:41.439000,10483,10484,10483,1
2019-08-22,15:17:41.464000,10483,10484,10483,2
2019-08-22,15:17:41.554000,10483,10484,10484,2
2019-08-22,15:17:41.574000,10483,10484,10484,1
2019-08-22,15:17:41.700000,10483,10484,10484,1
2019-08-22,15:17:42.017000,10483,10484,10484,1
2019-08-22,15:17:46.356000,10483,10484,10484,10
2019-08-22,15:17:46.357000,10483,10484,10484,1
2019-08-22,15:17:47.727000,10484,10485,10484,1
2019-08-22,15:17:48.504000,10484,10485,10484,2
2019-08-22,15:17:50.722000,10484,10485,10484,1
2019-08-22,15:17:51.168000,10484,10485,10485,1
2019-08-22,15:17:51.206000,10484,10485,10485,2
2019-08-22,15:17:51.424000,10484,10485,10484,1
2019-08-22,15:17:52.740000,10484,10485,10485,25
2019-08-22,15:17:52.805000,10484,10485,10485,12
2019-08-22,15:17:52.805000,10484,10485,10485,1
2019-08-22,15:17:52.805000,10484,10485,10485,2
2019-08-22,15:17:52.805000,10484,10485,10485,2
2019-08-22,15:17:52.806000,10484,10485,10485,1
2019-08-22,15:17:52.826000,10484,10485,10485,2
2019-08-22,15:17:52.827000,10484,10485,10485,2
2019-08-22,15:17:52.932000,10484,10485,10485,1
2019-08-22,15:17:57.189000,10485,10486,10486,1
2019-08-22,15:17:57.465000,10485,10486,10486,3
2019-08-22,15:17:57.736000,10485,10486,10486,1
2019-08-22,15:17:59.879000,10485,10486,10486,1
2019-08-22,15:18:01.185000,10485,10486,10485,1
2019-08-22,15:18:01.271000,10485,10486,10485,3
2019-08-22,15:18:01.674000,10485,10486,10486,1
2019-08-22,15:18:01.702000,10485,10486,10486,1
2019-08-22,15:18:01.873000,10485,10486,10486,1
2019-08-22,15:18:01.874000,10485,10486,10486,1
2019-08-22,15:18:01.999000,10485,10486,10486,1
2019-08-22,15:18:02.361000,10485,10486,10486,1
2019-08-22,15:18:03.116000,10485,10486,10486,6
2019-08-22,15:18:03.310000,10485,10486,10485,1
2019-08-22,15:18:04.223000,10485,10486,10486,1
2019-08-22,15:18:04.430000,10485,10486,10485,9
2019-08-22,15:18:05.352000,10484,10485,10485,1
2019-08-22,15:18:05.379000,10484,10485,10485,5
2019-08-22,15:18:05.807000,10484,10485,10485,2
2019-08-22,15:18:05.858000,10484,10485,10484,3
2019-08-22,15:18:05.949000,10484,10485,10485,2
2019-08-22,15:18:06.126000,10484,10485,10485,1
2019-08-22,15:18:06.352000,10484,10485,10484,1
2019-08-22,15:18:06.816000,10484,10485,10484,1
2019-08-22,15:18:07.555000,10484,10485,10484,1
2019-08-22,15:18:07.918000,10483,10484,10484,2
2019-08-22,15:18:08.589000,10483,10484,10484,4
2019-08-22,15:18:08.589000,10483,10484,10485,3
2019-08-22,15:18:08.623000,10483,10484,10485,2
2019-08-22,15:18:08.705000,10483,10485,10485,2
2019-08-22,15:18:08.899000,10483,10485,10484,1
2019-08-22,15:18:09.306000,10484,10485,10484,1
2019-08-22,15:18:09.306000,10484,10485,10484,1
2019-08-22,15:18:09.306000,10484,10485,10484,1
2019-08-22,15:18:09.531000,10483,10485,10485,2
2019-08-22,15:18:10.562000,10484,10485,10484,1
2019-08-22,15:18:10.871000,10483,10484,10484,1
2019-08-22,15:18:10.953000,10483,10484,10484,1
2019-08-22,15:18:11.741000,10483,10484,10483,1
2019-08-22,15:18:11.837000,10483,10484,10484,1
2019-08-22,15:18:12.013000,10483,10484,10483,2
2019-08-22,15:18:12.017000,10483,10484,10483,2
2019-08-22,15:18:12.017000,10483,10484,10483,1
2019-08-22,15:18:14.191000,10482,10484,10482,1
2019-08-22,15:18:14.305000,10483,10484,10483,1
2019-08-22,15:18:16.318000,10482,10483,10483,1
2019-08-22,15:18:21.962000,10482,10483,10483,1
2019-08-22,15:18:22.055000,10483,10484,10483,1
2019-08-22,15:18:26.113000,10482,10483,10483,1
2019-08-22,15:18:26.454000,10482,10483,10483,2
2019-08-22,15:18:29.271000,10483,10484,10483,1
2019-08-22,15:18:29.473000,10483,10484,10483,1
2019-08-22,15:18:30.597000,10482,10483,10483,1
2019-08-22,15:18:31.232000,10482,10483,10483,2
2019-08-22,15:18:32.384000,10483,10484,10483,1
2019-08-22,15:18:32.484000,10483,10484,10483,1
2019-08-22,15:18:35.450000,10482,10483,10483,2
2019-08-22,15:18:35.871000,10483,10484,10483,4
2019-08-22,15:18:36.131000,10482,10483,10483,1
2019-08-22,15:18:37.945000,10482,10483,10483,1
2019-08-22,15:18:43.039000,10482,10483,10483,1
2019-08-22,15:18:44.958000,10482,10483,10482,1
2019-08-22,15:18:45.581000,10482,10483,10483,2
2019-08-22,15:18:52.149000,10482,10483,10483,1
2019-08-22,15:18:53.220000,10482,10483,10482,1
2019-08-22,15:18:54.733000,10482,10483,10483,6
2019-08-22,15:19:01.295000,10483,10484,10483,6
2019-08-22,15:19:01.557000,10482,10483,10482,1
2019-08-22,15:19:02.219000,10482,10483,10483,1
2019-08-22,15:19:04.326000,10482,10483,10483,1
2019-08-22,15:19:04.682000,10483,10484,10484,1
2019-08-22,15:19:07.073000,10483,10484,10483,1
2019-08-22,15:19:09.228000,10483,10484,10483,1
2019-08-22,15:19:09.465000,10483,10484,10484,2
2019-08-22,15:19:11.971000,10483,10484,10484,6
2019-08-22,15:19:12.304000,10484,10485,10485,1
2019-08-22,15:19:12.955000,10484,10485,10484,2
2019-08-22,15:19:13.964000,10484,10485,10485,1
2019-08-22,15:19:14.151000,10484,10485,10485,25
2019-08-22,15:19:15.608000,10484,10485,10485,9
2019-08-22,15:19:15.680000,10484,10485,10485,4
2019-08-22,15:19:15.805000,10484,10485,10485,1
2019-08-22,15:19:18.105000,10484,10485,10485,10
2019-08-22,15:19:18.180000,10484,10485,10485,6
2019-08-22,15:19:18.180000,10484,10485,10485,1
2019-08-22,15:19:20.020000,10485,10486,10485,1
2019-08-22,15:19:21.100000,10485,10486,10485,1
2019-08-22,15:19:22.405000,10485,10486,10485,1
2019-08-22,15:19:22.506000,10485,10486,10485,1
2019-08-22,15:19:22.708000,10485,10486,10485,1
2019-08-22,15:19:22.908000,10485,10486,10485,1
2019-08-22,15:19:24.370000,10484,10485,10485,1
2019-08-22,15:19:25.736000,10484,10485,10485,1
2019-08-22,15:19:26.140000,10484,10485,10485,1
2019-08-22,15:19:27.370000,10484,10485,10485,2
2019-08-22,15:19:28.955000,10484,10485,10485,1
2019-08-22,15:19:28.955000,10484,10485,10485,1
2019-08-22,15:19:28.973000,10484,10485,10485,1
2019-08-22,15:19:28.997000,10484,10485,10485,1
2019-08-22,15:19:29.482000,10485,10486,10485,1
2019-08-22,15:19:29.643000,10485,10486,10486,1
2019-08-22,15:19:30.518000,10484,10485,10485,2
2019-08-22,15:19:30.518000,10484,10485,10485,1
2019-08-22,15:19:30.518000,10484,10485,10485,1
2019-08-22,15:19:30.785000,10485,10486,10485,1
2019-08-22,15:19:31.383000,10485,10486,10485,1
2019-08-22,15:19:31.473000,10485,10486,10485,1
2019-08-22,15:19:33.150000,10484,10485,10485,1
2019-08-22,15:19:33.158000,10484,10485,10485,1
2019-08-22,15:19:36.641000,10485,10486,10486,1
2019-08-22,15:19:36.735000,10485,10486,10485,1
2019-08-22,15:19:37.061000,10485,10486,10485,1
2019-08-22,15:19:37.239000,10485,10486,10486,2
2019-08-22,15:19:37.355000,10485,10486,10486,8
2019-08-22,15:19:37.742000,10485,10486,10486,5
2019-08-22,15:19:37.760000,10485,10486,10486,8
2019-08-22,15:19:37.761000,10485,10486,10486,1
2019-08-22,15:19:37.761000,10485,10486,10486,3
2019-08-22,15:19:37.805000,10485,10486,10486,8
2019-08-22,15:19:37.805000,10485,10486,10486,5
2019-08-22,15:19:37.805000,10485,10486,10486,2
2019-08-22,15:19:37.805000,10485,10486,10486,2
2019-08-22,15:19:37.807000,10485,10486,10486,4
2019-08-22,15:19:38.562000,10486,10487,10486,1
2019-08-22,15:19:39.148000,10486,10487,10487,6
2019-08-22,15:19:39.202000,10486,10487,10487,8
2019-08-22,15:19:39.233000,10486,10487,10486,3
2019-08-22,15:19:39.271000,10486,10487,10487,1
2019-08-22,15:19:39.398000,10486,10487,10486,1
2019-08-22,15:19:39.781000,10485,10487,10487,2
2019-08-22,15:19:40.270000,10486,10487,10487,1
2019-08-22,15:19:40.270000,10486,10487,10487,4
2019-08-22,15:19:40.271000,10486,10487,10487,5
2019-08-22,15:19:40.305000,10486,10487,10487,1
2019-08-22,15:19:41.947000,10485,10487,10487,2
2019-08-22,15:19:42.520000,10486,10487,10487,1
2019-08-22,15:19:42.521000,10486,10487,10487,3
2019-08-22,15:19:43.581000,10486,10487,10487,1
2019-08-22,15:19:44.096000,10486,10487,10486,1
2019-08-22,15:19:44.893000,10486,10487,10487,1
2019-08-22,15:19:45.467000,10486,10487,10487,1
2019-08-22,15:19:46.536000,10487,10488,10487,1
2019-08-22,15:19:47.252000,10487,10488,10487,2
2019-08-22,15:19:47.523000,10487,10488,10487,1
2019-08-22,15:19:48.202000,10487,10488,10488,1
2019-08-22,15:19:48.751000,10487,10488,10488,1
2019-08-22,15:19:48.938000,10487,10488,10488,2
2019-08-22,15:19:49.009000,10487,10488,10488,2
2019-08-22,15:19:49.064000,10487,10488,10488,1
2019-08-22,15:19:49.122000,10487,10488,10487,1
2019-08-22,15:19:56.228000,10487,10488,10488,32
2019-08-22,15:19:56.228000,10487,10488,10489,4
2019-08-22,15:19:56.321000,10487,10489,10489,8
2019-08-22,15:19:56.633000,10488,10489,10488,1
2019-08-22,15:19:56.784000,10488,10489,10489,3
2019-08-22,15:19:57.246000,10488,10489,10489,3
2019-08-22,15:19:57.252000,10488,10489,10489,1
2019-08-22,15:19:57.359000,10488,10490,10488,1
2019-08-22,15:19:57.553000,10488,10490,10490,1
2019-08-22,15:19:57.587000,10488,10490,10490,1
2019-08-22,15:19:57.675000,10488,10490,10488,3
2019-08-22,15:19:57.976000,10488,10489,10489,1
2019-08-22,15:19:58.366000,10488,10490,10488,1
2019-08-22,15:19:59.173000,10488,10489,10489,1
2019-08-22,15:19:59.952000,10488,10489,10488,1
2019-08-22,15:20:00.685000,10488,10489,10488,2
2019-08-22,15:20:00.685000,10488,10489,10488,1
2019-08-22,15:20:00.685000,10488,10489,10488,1
2019-08-22,15:20:00.686000,10488,10489,10488,2
2019-08-22,15:20:00.805000,10488,10489,10488,2
2019-08-22,15:20:00.809000,10488,10489,10488,1
2019-08-22,15:20:01.193000,10487,10489,10489,5
2019-08-22,15:20:01.211000,10487,10489,10489,1
2019-08-22,15:20:01.497000,10488,10489,10489,1
2019-08-22,15:20:01.514000,10488,10489,10488,1
2019-08-22,15:20:02.153000,10487,10488,10488,1
2019-08-22,15:20:02.330000,10487,10488,10488,4
2019-08-22,15:20:02.490000,10487,10488,10488,1
2019-08-22,15:20:02.545000,10487,10488,10488,2
2019-08-22,15:20:04.279000,10487,10488,10488,2
2019-08-22,15:20:04.569000,10487,10488,10488,1
2019-08-22,15:20:04.930000,10487,10488,10488,1
2019-08-22,15:20:04.982000,10487,10488,10488,1
2019-08-22,15:20:05.114000,10487,10488,10487,1
2019-08-22,15:20:05.114000,10487,10488,10487,3
2019-08-22,15:20:05.114000,10487,10488,10487,1
2019-08-22,15:20:05.171000,10487,10488,10488,1
2019-08-22,15:20:05.213000,10486,10488,10487,1
2019-08-22,15:20:06.143000,10487,10488,10487,1
2019-08-22,15:20:07.566000,10487,10488,10487,2
2019-08-22,15:20:09.013000,10487,10488,10487,1
2019-08-22,15:20:09.928000,10487,10488,10487,1
2019-08-22,15:20:10.008000,10487,10488,10487,2
2019-08-22,15:20:10.794000,10487,10488,10488,1
2019-08-22,15:20:11.025000,10487,10488,10487,2
2019-08-22,15:20:12.499000,10487,10488,10487,2
2019-08-22,15:20:13.457000,10487,10488,10487,1
2019-08-22,15:20:13.838000,10487,10488,10487,2
2019-08-22,15:20:14.477000,10487,10488,10487,1
2019-08-22,15:20:15.021000,10487,10488,10487,1
2019-08-22,15:20:15.022000,10487,10488,10487,1
2019-08-22,15:20:15.055000,10487,10488,10487,1
2019-08-22,15:20:15.503000,10486,10487,10487,1
2019-08-22,15:20:15.503000,10486,10487,10488,1
2019-08-22,15:20:15.966000,10486,10487,10487,1
2019-08-22,15:20:16.180000,10487,10488,10487,1
2019-08-22,15:20:16.338000,10486,10487,10487,2
2019-08-22,15:20:16.338000,10486,10487,10488,2
2019-08-22,15:20:19.001000,10487,10488,10487,1
2019-08-22,15:20:22.160000,10487,10488,10487,1
2019-08-22,15:20:28.450000,10487,10488,10487,2
2019-08-22,15:20:28.640000,10487,10488,10487,1
2019-08-22,15:20:31.269000,10486,10488,10486,1
2019-08-22,15:20:31.982000,10486,10487,10487,1
2019-08-22,15:20:32.437000,10486,10487,10487,1
2019-08-22,15:20:34.862000,10486,10487,10487,7
2019-08-22,15:20:35.143000,10486,10487,10487,1
2019-08-22,15:20:36.842000,10487,10488,10487,1
2019-08-22,15:20:38.133000,10487,10488,10487,1
2019-08-22,15:20:38.670000,10487,10488,10487,2
2019-08-22,15:20:38.670000,10487,10488,10486,2
2019-08-22,15:20:41.176000,10486,10487,10487,3
2019-08-22,15:20:41.176000,10486,10487,10488,7
2019-08-22,15:20:41.774000,10486,10488,10488,1
2019-08-22,15:20:44.192000,10486,10487,10486,1
2019-08-22,15:20:46.209000,10486,10487,10487,1
2019-08-22,15:20:46.209000,10486,10487,10488,1
2019-08-22,15:20:50.089000,10487,10488,10488,1
2019-08-22,15:20:52.625000,10487,10488,10487,1
2019-08-22,15:20:55.924000,10487,10488,10487,1
2019-08-22,15:21:01.536000,10487,10488,10487,1
2019-08-22,15:21:02.447000,10487,10488,10487,1
2019-08-22,15:21:02.472000,10487,10488,10488,1
2019-08-22,15:21:02.683000,10487,10488,10487,1
2019-08-22,15:21:02.840000,10487,10488,10487,2
2019-08-22,15:21:03.270000,10487,10488,10487,1
2019-08-22,15:21:04.516000,10487,10488,10488,4
2019-08-22,15:21:05.270000,10487,10488,10487,1
2019-08-22,15:21:06.680000,10487,10488,10487,1
2019-08-22,15:21:07.180000,10487,10488,10487,1
2019-08-22,15:21:08.496000,10486,10488,10486,1
2019-08-22,15:21:09.906000,10487,10488,10487,1
2019-08-22,15:21:11.637000,10487,10488,10488,4
2019-08-22,15:21:15.305000,10487,10488,10487,1
2019-08-22,15:21:17.481000,10487,10488,10487,1
2019-08-22,15:21:18.205000,10486,10488,10486,1
2019-08-22,15:21:22.358000,10486,10487,10486,19
2019-08-22,15:21:22.365000,10486,10487,10487,1
2019-08-22,15:21:22.386000,10486,10487,10486,3
2019-08-22,15:21:22.409000,10486,10487,10486,4
2019-08-22,15:21:22.427000,10486,10487,10486,1
2019-08-22,15:21:22.430000,10486,10487,10486,1
2019-08-22,15:21:25.805000,10485,10486,10485,2
2019-08-22,15:21:35.918000,10485,10486,10486,1
2019-08-22,15:21:38.037000,10485,10486,10485,5
2019-08-22,15:21:40.719000,10485,10486,10486,29
2019-08-22,15:21:50.198000,10486,10487,10487,1
2019-08-22,15:21:50.933000,10486,10487,10486,1
2019-08-22,15:21:53.880000,10486,10487,10486,1
2019-08-22,15:21:54.008000,10486,10487,10486,1
2019-08-22,15:21:59.998000,10486,10487,10486,1
2019-08-22,15:22:01.037000,10486,10487,10486,1
2019-08-22,15:22:05.873000,10486,10487,10486,2
2019-08-22,15:22:05.959000,10485,10486,10486,1
2019-08-22,15:22:13.656000,10485,10486,10486,1
2019-08-22,15:22:14.997000,10485,10486,10486,6
2019-08-22,15:22:19.723000,10485,10486,10486,1
2019-08-22,15:22:23.080000,10485,10486,10486,1
2019-08-22,15:22:25.856000,10485,10486,10486,1
2019-08-22,15:22:25.886000,10485,10486,10486,1
2019-08-22,15:22:32.850000,10485,10486,10486,3
2019-08-22,15:22:35.023000,10485,10486,10486,4
2019-08-22,15:22:35.076000,10485,10486,10486,2
2019-08-22,15:22:38.386000,10485,10486,10486,1
2019-08-22,15:22:42.800000,10485,10486,10486,1
2019-08-22,15:22:44.461000,10485,10486,10486,1
2019-08-22,15:22:46.297000,10485,10486,10486,1
2019-08-22,15:23:01.103000,10485,10486,10485,4
2019-08-22,15:23:01.455000,10485,10486,10485,1
2019-08-22,15:23:02.642000,10485,10486,10485,2
2019-08-22,15:23:04.632000,10485,10486,10485,1
2019-08-22,15:23:04.632000,10485,10486,10485,8
2019-08-22,15:23:04.632000,10485,10486,10485,1
2019-08-22,15:23:04.633000,10485,10486,10485,16
2019-08-22,15:23:04.633000,10485,10486,10485,16
2019-08-22,15:23:07.957000,10484,10485,10484,5
2019-08-22,15:23:08.356000,10484,10485,10484,1
2019-08-22,15:23:10.627000,10484,10485,10484,1
2019-08-22,15:23:12.086000,10484,10485,10484,1
2019-08-22,15:23:21.027000,10484,10485,10484,1
2019-08-22,15:23:25.277000,10484,10485,10484,1
2019-08-22,15:23:25.439000,10484,10485,10485,3
2019-08-22,15:23:25.888000,10485,10486,10485,7
2019-08-22,15:23:32.776000,10484,10485,10485,1
2019-08-22,15:23:40.559000,10484,10485,10485,1
2019-08-22,15:23:43.985000,10484,10485,10484,1
2019-08-22,15:23:44.968000,10484,10485,10485,2
2019-08-22,15:23:47.815000,10484,10485,10485,1
2019-08-22,15:23:48.417000,10484,10485,10485,11
2019-08-22,15:23:50.055000,10485,10486,10485,1
2019-08-22,15:23:51.299000,10484,10486,10484,1
2019-08-22,15:23:51.776000,10484,10486,10484,1
2019-08-22,15:23:58.828000,10484,10485,10484,5
2019-08-22,15:24:05.592000,10484,10485,10484,2
2019-08-22,15:24:08.963000,10484,10485,10484,1
2019-08-22,15:24:09.233000,10484,10485,10484,1
2019-08-22,15:24:14.038000,10484,10485,10484,3
2019-08-22,15:24:23.325000,10484,10485,10484,1
2019-08-22,15:24:25.709000,10484,10485,10484,5
2019-08-22,15:24:25.805000,10484,10485,10484,12
2019-08-22,15:24:25.930000,10484,10485,10484,4
2019-08-22,15:24:25.930000,10484,10485,10484,3
2019-08-22,15:24:25.935000,10484,10485,10484,2
2019-08-22,15:24:26.055000,10484,10485,10484,1
2019-08-22,15:24:27.782000,10484,10485,10484,1
2019-08-22,15:24:30.239000,10484,10485,10484,1
2019-08-22,15:24:31.140000,10484,10485,10484,1
2019-08-22,15:24:33.085000,10484,10485,10484,1
2019-08-22,15:24:33.228000,10484,10485,10484,1
2019-08-22,15:24:37.925000,10484,10485,10484,1
2019-08-22,15:24:38.136000,10484,10485,10485,1
2019-08-22,15:24:40.337000,10484,10485,10484,1
2019-08-22,15:24:43.233000,10484,10485,10484,5
2019-08-22,15:24:45.724000,10483,10484,10484,1
2019-08-22,15:24:55.061000,10483,10484,10484,1
2019-08-22,15:24:56.603000,10483,10484,10484,1
2019-08-22,15:24:58.023000,10483,10484,10484,2
2019-08-22,15:25:06.292000,10483,10484,10484,1
2019-08-22,15:25:07.976000,10483,10484,10484,1
2019-08-22,15:25:15.948000,10483,10484,10483,12
2019-08-22,15:25:15.948000,10483,10484,10483,14
2019-08-22,15:25:23.006000,10482,10483,10483,1
2019-08-22,15:25:29.921000,10482,10483,10482,1
2019-08-22,15:25:30.268000,10482,10483,10482,2
2019-08-22,15:25:30.614000,10482,10483,10482,1
2019-08-22,15:25:41.029000,10482,10483,10482,2
2019-08-22,15:25:42.740000,10482,10483,10482,1
2019-08-22,15:25:49.971000,10482,10483,10482,3
2019-08-22,15:25:51.772000,10482,10483,10483,7
2019-08-22,15:25:56.397000,10483,10484,10483,1
2019-08-22,15:25:59.877000,10483,10484,10484,1
2019-08-22,15:26:15.588000,10483,10484,10484,15
2019-08-22,15:26:18.531000,10484,10485,10485,2
2019-08-22,15:26:22.729000,10484,10485,10485,2
2019-08-22,15:26:23.996000,10484,10485,10485,14
2019-08-22,15:26:27.732000,10485,10486,10486,4
2019-08-22,15:26:32.543000,10485,10486,10486,5
2019-08-22,15:26:32.781000,10485,10486,10486,2
2019-08-22,15:26:32.870000,10485,10486,10486,1
2019-08-22,15:26:37.800000,10485,10486,10486,2
2019-08-22,15:26:38.749000,10485,10487,10485,1
2019-08-22,15:26:44.794000,10485,10486,10486,1
2019-08-22,15:26:49.886000,10485,10486,10486,1
2019-08-22,15:26:52.054000,10485,10486,10486,1
2019-08-22,15:26:54.630000,10485,10486,10486,1
2019-08-22,15:26:58.375000,10485,10486,10486,1
2019-08-22,15:26:59.609000,10485,10486,10485,1
2019-08-22,15:27:01.420000,10485,10486,10486,1
2019-08-22,15:27:04.868000,10485,10486,10486,4
2019-08-22,15:27:05.423000,10485,10486,10485,4
2019-08-22,15:27:08.219000,10485,10486,10486,1
2019-08-22,15:27:10.748000,10485,10486,10485,1
2019-08-22,15:27:12.808000,10485,10486,10485,4
2019-08-22,15:27:17.354000,10484,10485,10484,8
2019-08-22,15:27:17.355000,10484,10485,10484,3
2019-08-22,15:27:17.355000,10484,10485,10484,1
2019-08-22,15:27:17.860000,10483,10484,10483,2
2019-08-22,15:27:17.861000,10483,10484,10483,2
2019-08-22,15:27:17.861000,10483,10484,10483,2
2019-08-22,15:27:19.567000,10482,10484,10484,1
2019-08-22,15:27:31.333000,10484,10485,10485,1
2019-08-22,15:27:33.659000,10484,10485,10484,3
2019-08-22,15:27:47.737000,10484,10485,10484,1
2019-08-22,15:27:53.387000,10484,10485,10485,2
2019-08-22,15:27:58.314000,10484,10485,10485,1
2019-08-22,15:28:01.074000,10484,10485,10485,1
2019-08-22,15:28:04.424000,10484,10485,10484,4
2019-08-22,15:28:06.382000,10483,10484,10484,1
2019-08-22,15:28:09.407000,10483,10484,10483,1
2019-08-22,15:28:12.409000,10483,10484,10484,1
2019-08-22,15:28:53.623000,10483,10484,10483,3
2019-08-22,15:28:53.623000,10483,10484,10483,2
2019-08-22,15:28:55.285000,10483,10484,10483,2
2019-08-22,15:28:55.285000,10483,10484,10483,2
2019-08-22,15:28:55.287000,10483,10484,10483,1
2019-08-22,15:28:55.306000,10483,10484,10483,3
2019-08-22,15:29:01.424000,10482,10483,10482,2
2019-08-22,15:29:01.424000,10482,10483,10482,1
2019-08-22,15:29:06.541000,10482,10483,10482,1
2019-08-22,15:29:10.142000,10482,10483,10482,9
2019-08-22,15:29:15.188000,10482,10483,10482,2
2019-08-22,15:29:16.560000,10482,10483,10483,2
2019-08-22,15:29:16.560000,10482,10483,10483,2
2019-08-22,15:29:16.974000,10482,10483,10483,1
2019-08-22,15:29:16.974000,10482,10483,10483,2
2019-08-22,15:29:17.486000,10483,10484,10483,3
2019-08-22,15:29:18.833000,10483,10484,10484,3
2019-08-22,15:29:18.833000,10483,10484,10484,2
2019-08-22,15:29:18.838000,10483,10484,10484,3
2019-08-22,15:29:18.839000,10483,10484,10484,1
2019-08-22,15:29:18.930000,10483,10484,10484,7
2019-08-22,15:29:19.985000,10484,10485,10484,6
2019-08-22,15:29:26.586000,10484,10485,10484,1
2019-08-22,15:29:28.373000,10484,10485,10484,1
2019-08-22,15:29:28.467000,10484,10485,10484,1
2019-08-22,15:29:31.461000,10483,10484,10484,1
2019-08-22,15:29:35.501000,10483,10485,10485,2
2019-08-22,15:29:35.501000,10483,10485,10485,2
2019-08-22,15:29:36.501000,10483,10484,10484,1
2019-08-22,15:29:38.223000,10483,10484,10484,4
2019-08-22,15:29:41.791000,10484,10485,10484,2
2019-08-22,15:29:55.043000,10484,10485,10485,1
2019-08-22,15:30:00.522000,10484,10485,10484,8
2019-08-22,15:30:00.523000,10484,10485,10484,2
2019-08-22,15:30:00.523000,10484,10485,10484,2
2019-08-22,15:30:00.523000,10484,10485,10484,2
2019-08-22,15:30:00.638000,10483,10485,10483,1
2019-08-22,15:30:00.900000,10483,10484,10483,7
2019-08-22,15:30:00.900000,10483,10484,10483,2
2019-08-22,15:30:00.997000,10482,10484,10484,10
2019-08-22,15:30:01.315000,10482,10484,10484,1
2019-08-22,15:30:02.518000,10483,10484,10484,1
2019-08-22,15:30:02.537000,10483,10484,10484,2
2019-08-22,15:30:02.537000,10483,10484,10485,2
2019-08-22,15:30:02.889000,10483,10484,10483,2
2019-08-22,15:30:03.146000,10483,10484,10484,1
2019-08-22,15:30:03.146000,10483,10484,10484,5
2019-08-22,15:30:03.305000,10484,10485,10485,3
2019-08-22,15:30:03.349000,10484,10485,10485,1
2019-08-22,15:30:03.421000,10484,10485,10485,4
2019-08-22,15:30:03.422000,10484,10485,10485,1
2019-08-22,15:30:03.910000,10485,10486,10486,9
2019-08-22,15:30:04.186000,10486,10487,10487,5
2019-08-22,15:30:04.186000,10486,10487,10487,3
2019-08-22,15:30:04.186000,10486,10487,10487,1
2019-08-22,15:30:04.186000,10486,10487,10487,7
2019-08-22,15:30:04.186000,10486,10487,10487,2
2019-08-22,15:30:04.186000,10486,10487,10487,2
2019-08-22,15:30:04.186000,10486,10487,10487,1
2019-08-22,15:30:04.186000,10486,10487,10487,2
2019-08-22,15:30:04.186000,10486,10487,10487,1
2019-08-22,15:30:04.186000,10486,10487,10487,1
2019-08-22,15:30:04.186000,10486,10487,10487,1
2019-08-22,15:30:04.186000,10486,10487,10487,1
2019-08-22,15:30:04.186000,10486,10487,10487,1
2019-08-22,15:30:04.203000,10486,10487,10487,1
2019-08-22,15:30:04.203000,10486,10487,10487,1
2019-08-22,15:30:04.203000,10486,10487,10487,1
2019-08-22,15:30:04.204000,10486,10487,10487,1
2019-08-22,15:30:04.207000,10486,10487,10487,1
2019-08-22,15:30:04.208000,10486,10487,10487,1
2019-08-22,15:30:04.208000,10486,10487,10487,1
2019-08-22,15:30:04.246000,10486,10487,10488,2
2019-08-22,15:30:05.045000,10487,10488,10487,3
2019-08-22,15:30:05.374000,10487,10488,10488,3
2019-08-22,15:30:06.662000,10487,10488,10488,1
2019-08-22,15:30:06.680000,10487,10488,10488,13
2019-08-22,15:30:06.707000,10487,10488,10488,1
2019-08-22,15:30:06.805000,10487,10488,10488,1
2019-08-22,15:30:06.805000,10487,10488,10488,12
2019-08-22,15:30:06.805000,10487,10488,10488,6
2019-08-22,15:30:06.895000,10487,10488,10488,1
2019-08-22,15:30:07.743000,10488,10489,10489,1
2019-08-22,15:30:07.828000,10488,10489,10489,5
2019-08-22,15:30:09.736000,10488,10489,10489,1
2019-08-22,15:30:10.244000,10488,10489,10488,1
2019-08-22,15:30:10.624000,10487,10488,10488,1
2019-08-22,15:30:11.932000,10487,10489,10488,1
2019-08-22,15:30:13.620000,10488,10489,10488,1
2019-08-22,15:30:14.306000,10488,10489,10488,1
2019-08-22,15:30:14.477000,10487,10488,10487,1
2019-08-22,15:30:15.181000,10487,10488,10488,1
2019-08-22,15:30:16.048000,10487,10488,10488,3
2019-08-22,15:30:16.096000,10487,10489,10487,1
2019-08-22,15:30:17.917000,10488,10489,10488,1
2019-08-22,15:30:19.422000,10487,10489,10489,2
2019-08-22,15:30:19.908000,10487,10489,10487,5
2019-08-22,15:30:21.256000,10487,10488,10487,1
2019-08-22,15:30:21.257000,10487,10488,10487,1
2019-08-22,15:30:22.430000,10487,10488,10487,1
2019-08-22,15:30:28.873000,10487,10488,10487,4
2019-08-22,15:30:30.651000,10487,10488,10487,6
2019-08-22,15:30:30.651000,10487,10488,10487,2
2019-08-22,15:30:30.651000,10487,10488,10487,1
2019-08-22,15:30:31.198000,10486,10487,10487,2
2019-08-22,15:30:31.580000,10486,10487,10487,1
2019-08-22,15:30:32.126000,10486,10487,10487,1
2019-08-22,15:30:32.126000,10486,10487,10488,1
2019-08-22,15:30:33.566000,10486,10487,10486,1
2019-08-22,15:30:34.003000,10486,10487,10487,2
2019-08-22,15:30:34.005000,10486,10487,10487,1
2019-08-22,15:30:40.207000,10487,10488,10487,1
2019-08-22,15:30:42.238000,10486,10488,10486,1
2019-08-22,15:30:47.601000,10487,10488,10487,1
2019-08-22,15:30:54.999000,10487,10488,10488,16
2019-08-22,15:30:55.002000,10487,10488,10488,3
2019-08-22,15:30:55.002000,10487,10488,10488,2
2019-08-22,15:30:55.903000,10488,10489,10488,1
2019-08-22,15:30:56.290000,10488,10489,10488,1
2019-08-22,15:30:59.135000,10488,10489,10488,4
2019-08-22,15:31:00.589000,10487,10488,10488,2
2019-08-22,15:31:09.980000,10487,10488,10488,11
2019-08-22,15:31:10.125000,10487,10488,10488,1
2019-08-22,15:31:10.793000,10487,10488,10487,3
2019-08-22,15:31:10.793000,10487,10488,10487,1
2019-08-22,15:31:10.794000,10487,10488,10487,1
2019-08-22,15:31:10.794000,10487,10488,10487,2
2019-08-22,15:31:10.835000,10487,10488,10488,20
2019-08-22,15:31:11.693000,10487,10488,10488,1
2019-08-22,15:31:15.621000,10487,10488,10488,1
2019-08-22,15:31:16.100000,10487,10488,10488,2
2019-08-22,15:31:17.456000,10487,10488,10488,1
2019-08-22,15:31:20.446000,10487,10488,10488,1
2019-08-22,15:31:20.780000,10487,10488,10488,1
2019-08-22,15:31:21.436000,10487,10488,10488,1
2019-08-22,15:31:22.745000,10487,10488,10487,1
2019-08-22,15:31:23.134000,10487,10488,10487,1
2019-08-22,15:31:23.134000,10487,10488,10487,3
2019-08-22,15:31:23.180000,10487,10488,10487,16
2019-08-22,15:31:29.110000,10486,10487,10487,1
2019-08-22,15:31:29.459000,10487,10488,10488,1
2019-08-22,15:31:36.468000,10487,10488,10487,1
2019-08-22,15:31:40.441000,10487,10488,10488,2
2019-08-22,15:31:40.449000,10487,10488,10488,15
2019-08-22,15:31:40.680000,10488,10489,10489,8
2019-08-22,15:31:40.713000,10488,10489,10488,1
2019-08-22,15:31:40.805000,10488,10489,10489,7
2019-08-22,15:31:42.235000,10488,10489,10489,10
2019-08-22,15:31:45.231000,10489,10490,10490,46
2019-08-22,15:31:45.305000,10489,10490,10490,5
2019-08-22,15:31:45.306000,10489,10490,10490,1
2019-08-22,15:31:45.392000,10489,10490,10490,6
2019-08-22,15:31:45.392000,10489,10490,10489,4
2019-08-22,15:31:45.431000,10490,10491,10490,1
2019-08-22,15:31:45.623000,10490,10491,10491,1
2019-08-22,15:31:45.700000,10490,10491,10491,1
2019-08-22,15:31:45.741000,10490,10491,10491,2
2019-08-22,15:31:45.895000,10489,10491,10491,2
2019-08-22,15:31:45.896000,10489,10491,10491,2
2019-08-22,15:31:45.896000,10489,10491,10491,2
2019-08-22,15:31:45.964000,10490,10491,10491,1
2019-08-22,15:31:46.017000,10490,10491,10491,1
2019-08-22,15:31:46.018000,10490,10491,10491,1
2019-08-22,15:31:46.233000,10490,10491,10491,5
2019-08-22,15:31:46.849000,10490,10491,10491,3
2019-08-22,15:31:48.458000,10490,10491,10490,1
2019-08-22,15:31:49.222000,10489,10491,10491,1
2019-08-22,15:31:49.330000,10489,10491,10489,1
2019-08-22,15:31:52.108000,10490,10492,10490,3
2019-08-22,15:31:52.480000,10490,10491,10490,1
2019-08-22,15:31:53.191000,10490,10491,10490,1
2019-08-22,15:31:54.668000,10490,10491,10491,7
2019-08-22,15:31:55.448000,10491,10492,10492,1
2019-08-22,15:31:55.513000,10491,10492,10492,10
2019-08-22,15:31:55.513000,10491,10492,10492,6
2019-08-22,15:31:55.555000,10491,10492,10492,1
2019-08-22,15:31:55.583000,10491,10492,10492,1
2019-08-22,15:31:55.670000,10491,10492,10492,1
2019-08-22,15:31:55.690000,10491,10492,10492,2
2019-08-22,15:31:56.103000,10491,10492,10492,1
2019-08-22,15:31:56.820000,10491,10492,10492,1
2019-08-22,15:31:57.506000,10491,10492,10491,1
2019-08-22,15:31:59.397000,10491,10492,10492,3
2019-08-22,15:32:01.360000,10491,10492,10492,1
2019-08-22,15:32:01.402000,10491,10492,10492,4
2019-08-22,15:32:01.551000,10491,10492,10492,10
2019-08-22,15:32:01.555000,10491,10492,10492,1
2019-08-22,15:32:01.651000,10491,10492,10492,1
2019-08-22,15:32:02.093000,10492,10493,10493,1
2019-08-22,15:32:02.261000,10492,10493,10493,5
2019-08-22,15:32:02.314000,10492,10493,10493,2
2019-08-22,15:32:02.329000,10492,10493,10493,1
2019-08-22,15:32:02.414000,10492,10493,10493,2
2019-08-22,15:32:02.446000,10492,10493,10493,2
2019-08-22,15:32:02.641000,10492,10493,10493,10
2019-08-22,15:32:02.739000,10492,10493,10493,5
2019-08-22,15:32:02.849000,10492,10493,10493,3
2019-08-22,15:32:02.899000,10492,10493,10493,1
2019-08-22,15:32:02.900000,10492,10493,10493,1
2019-08-22,15:32:02.901000,10492,10493,10493,3
2019-08-22,15:32:02.903000,10492,10493,10493,2
2019-08-22,15:32:02.904000,10492,10493,10493,2
2019-08-22,15:32:02.904000,10492,10493,10493,1
2019-08-22,15:32:02.904000,10492,10493,10493,9
2019-08-22,15:32:02.904000,10492,10493,10493,4
2019-08-22,15:32:02.904000,10492,10493,10493,1
2019-08-22,15:32:02.986000,10493,10494,10494,2
2019-08-22,15:32:03.078000,10493,10494,10494,1
2019-08-22,15:32:03.136000,10493,10494,10494,1
2019-08-22,15:32:03.159000,10493,10494,10494,1
2019-08-22,15:32:03.254000,10493,10494,10494,2
2019-08-22,15:32:03.333000,10493,10494,10494,1
2019-08-22,15:32:03.346000,10493,10494,10494,2
2019-08-22,15:32:03.363000,10493,10494,10493,1
2019-08-22,15:32:03.689000,10492,10494,10494,5
2019-08-22,15:32:04.034000,10492,10494,10494,1
2019-08-22,15:32:04.042000,10492,10494,10494,1
2019-08-22,15:32:04.078000,10493,10494,10494,2
2019-08-22,15:32:05.388000,10493,10494,10493,1
2019-08-22,15:32:05.444000,10493,10494,10494,1
2019-08-22,15:32:05.687000,10493,10494,10494,10
2019-08-22,15:32:06.113000,10493,10494,10493,1
2019-08-22,15:32:07.426000,10493,10494,10493,4
2019-08-22,15:32:08.257000,10493,10494,10494,4
2019-08-22,15:32:08.411000,10493,10494,10494,2
2019-08-22,15:32:08.989000,10493,10494,10493,1
2019-08-22,15:32:09.332000,10493,10494,10493,1
2019-08-22,15:32:10.038000,10493,10494,10493,1
2019-08-22,15:32:10.207000,10493,10494,10493,1
2019-08-22,15:32:10.215000,10493,10494,10493,1
2019-08-22,15:32:11.026000,10493,10494,10494,3
2019-08-22,15:32:11.353000,10493,10494,10494,2
2019-08-22,15:32:12.238000,10493,10494,10493,1
2019-08-22,15:32:13.143000,10493,10494,10494,1
2019-08-22,15:32:13.260000,10493,10494,10493,1
2019-08-22,15:32:13.961000,10493,10494,10493,1
2019-08-22,15:32:14.725000,10493,10494,10494,1
2019-08-22,15:32:14.783000,10493,10494,10493,1
2019-08-22,15:32:15.063000,10493,10494,10493,3
2019-08-22,15:32:16.308000,10493,10494,10494,2
2019-08-22,15:32:16.460000,10493,10494,10494,4
2019-08-22,15:32:16.703000,10493,10494,10494,9
2019-08-22,15:32:17.585000,10494,10495,10494,20
2019-08-22,15:32:18.602000,10494,10495,10494,1
2019-08-22,15:32:19.200000,10494,10495,10495,2
2019-08-22,15:32:19.239000,10494,10495,10494,1
2019-08-22,15:32:19.291000,10494,10495,10494,1
2019-08-22,15:32:19.325000,10494,10495,10495,1
2019-08-22,15:32:20.031000,10494,10495,10495,3
2019-08-22,15:32:20.236000,10494,10495,10495,1
2019-08-22,15:32:20.554000,10494,10495,10495,1
2019-08-22,15:32:21.459000,10494,10495,10494,3
2019-08-22,15:32:21.616000,10494,10495,10494,1
2019-08-22,15:32:22.494000,10494,10495,10495,1
2019-08-22,15:32:22.528000,10494,10495,10494,1
2019-08-22,15:32:22.724000,10494,10495,10494,1
2019-08-22,15:32:22.949000,10494,10495,10494,1
2019-08-22,15:32:23.597000,10494,10495,10495,1
2019-08-22,15:32:24.332000,10494,10495,10495,1
2019-08-22,15:32:25.012000,10494,10495,10495,3
2019-08-22,15:32:27.382000,10494,10495,10495,1
2019-08-22,15:32:30.293000,10494,10495,10494,1
2019-08-22,15:32:31.394000,10494,10495,10494,1
2019-08-22,15:32:31.394000,10494,10495,10494,7
2019-08-22,15:32:31.395000,10494,10495,10494,3
2019-08-22,15:32:31.395000,10494,10495,10494,2
2019-08-22,15:32:31.395000,10494,10495,10494,1
2019-08-22,15:32:32.048000,10493,10494,10494,2
2019-08-22,15:32:32.703000,10493,10494,10494,1
2019-08-22,15:32:33.724000,10493,10494,10494,2
2019-08-22,15:32:33.968000,10493,10494,10494,1
2019-08-22,15:32:36.727000,10493,10494,10494,1
2019-08-22,15:32:37.445000,10493,10494,10494,1
2019-08-22,15:32:37.528000,10493,10494,10493,2
2019-08-22,15:32:38.394000,10493,10494,10494,16
2019-08-22,15:32:38.427000,10493,10494,10494,1
2019-08-22,15:32:38.798000,10493,10494,10494,1
2019-08-22,15:32:39.233000,10493,10494,10494,2
2019-08-22,15:32:39.897000,10493,10494,10494,1
2019-08-22,15:32:39.981000,10493,10494,10494,1
2019-08-22,15:32:40.758000,10493,10494,10494,1
2019-08-22,15:32:44.238000,10493,10494,10493,18
2019-08-22,15:32:45.255000,10492,10493,10493,8
2019-08-22,15:32:45.851000,10492,10493,10492,1
2019-08-22,15:32:45.968000,10492,10493,10493,1
2019-08-22,15:32:47.101000,10492,10493,10492,2
2019-08-22,15:32:47.740000,10492,10493,10492,1
2019-08-22,15:32:47.753000,10492,10493,10492,1
2019-08-22,15:32:48.681000,10491,10493,10493,1
2019-08-22,15:32:50.195000,10491,10492,10491,1
2019-08-22,15:32:50.549000,10491,10492,10492,1
2019-08-22,15:32:51.454000,10491,10492,10492,1
2019-08-22,15:32:52.484000,10491,10492,10491,1
2019-08-22,15:32:52.484000,10491,10492,10491,1
2019-08-22,15:32:53.935000,10490,10491,10490,1
2019-08-22,15:32:54.101000,10490,10491,10490,1
2019-08-22,15:32:55.420000,10490,10491,10490,6
2019-08-22,15:32:57.305000,10490,10491,10490,1
2019-08-22,15:33:01.081000,10490,10491,10490,1
2019-08-22,15:33:01.737000,10490,10491,10490,1
2019-08-22,15:33:03.165000,10490,10491,10491,2
2019-08-22,15:33:03.264000,10491,10492,10491,1
2019-08-22,15:33:07.490000,10490,10491,10491,1
2019-08-22,15:33:07.879000,10490,10492,10490,1
2019-08-22,15:33:09.027000,10491,10492,10491,1
2019-08-22,15:33:12.152000,10491,10492,10491,2
2019-08-22,15:33:14.248000,10491,10492,10491,1
2019-08-22,15:33:14.305000,10491,10492,10491,1
2019-08-22,15:33:22.218000,10491,10492,10491,1
2019-08-22,15:33:23.180000,10491,10492,10491,1
2019-08-22,15:33:27.899000,10491,10492,10491,1
2019-08-22,15:33:30.188000,10491,10492,10492,1
2019-08-22,15:33:30.877000,10491,10492,10492,2
2019-08-22,15:33:30.878000,10491,10492,10492,1
2019-08-22,15:33:30.912000,10491,10492,10492,2
2019-08-22,15:33:30.912000,10491,10492,10492,1
2019-08-22,15:33:30.912000,10491,10492,10492,2
2019-08-22,15:33:30.912000,10491,10492,10492,1
2019-08-22,15:33:30.913000,10491,10492,10492,4
2019-08-22,15:33:37.180000,10491,10492,10492,1
2019-08-22,15:33:37.953000,10491,10493,10493,1
2019-08-22,15:33:40.048000,10492,10493,10492,1
2019-08-22,15:33:44.637000,10491,10492,10492,1
2019-08-22,15:33:51.773000,10491,10492,10492,1
2019-08-22,15:33:57.574000,10491,10492,10492,1
2019-08-22,15:34:00.646000,10491,10492,10492,9
2019-08-22,15:34:02.846000,10492,10493,10493,2
2019-08-22,15:34:08.645000,10492,10493,10493,2
2019-08-22,15:34:11.473000,10492,10493,10492,1
2019-08-22,15:34:13.080000,10492,10493,10493,1
2019-08-22,15:34:13.345000,10492,10493,10493,4
2019-08-22,15:34:14.660000,10492,10493,10492,1
2019-08-22,15:34:15.492000,10492,10493,10493,1
2019-08-22,15:34:15.784000,10492,10493,10493,2
2019-08-22,15:34:16.538000,10492,10493,10493,2
2019-08-22,15:34:18.478000,10492,10493,10492,1
2019-08-22,15:34:20.642000,10492,10493,10493,1
2019-08-22,15:34:22.712000,10492,10493,10493,1
2019-08-22,15:34:30.859000,10492,10493,10492,1
2019-08-22,15:34:32.343000,10492,10493,10493,10
2019-08-22,15:34:32.343000,10492,10493,10493,1
2019-08-22,15:34:34.736000,10493,10494,10493,1
2019-08-22,15:34:35.928000,10492,10494,10494,1
2019-08-22,15:34:37.284000,10493,10494,10493,1
2019-08-22,15:34:37.657000,10492,10493,10493,2
2019-08-22,15:34:37.957000,10492,10493,10493,1
2019-08-22,15:34:41.615000,10492,10494,10493,1
2019-08-22,15:34:41.668000,10492,10494,10493,1
2019-08-22,15:34:42.185000,10492,10493,10493,2
2019-08-22,15:34:42.186000,10492,10493,10493,2
2019-08-22,15:34:42.186000,10492,10493,10493,1
2019-08-22,15:34:42.186000,10492,10493,10493,1
2019-08-22,15:34:42.186000,10492,10493,10493,1
2019-08-22,15:34:42.186000,10492,10493,10493,5
2019-08-22,15:34:42.186000,10492,10493,10493,6
2019-08-22,15:34:42.479000,10493,10494,10494,1
2019-08-22,15:34:43.189000,10493,10494,10494,1
2019-08-22,15:34:44.805000,10493,10494,10494,1
2019-08-22,15:34:45.732000,10493,10494,10493,3
2019-08-22,15:34:47.856000,10492,10493,10493,1
2019-08-22,15:34:48.816000,10492,10493,10493,1
2019-08-22,15:34:54.531000,10492,10493,10493,1
2019-08-22,15:34:55.520000,10492,10493,10492,1
2019-08-22,15:34:56.133000,10492,10493,10492,1
2019-08-22,15:34:56.803000,10492,10493,10493,1
2019-08-22,15:34:59.910000,10492,10493,10493,2
2019-08-22,15:35:03.003000,10492,10493,10493,3
2019-08-22,15:35:05.400000,10492,10493,10492,6
2019-08-22,15:35:05.400000,10492,10493,10492,2
2019-08-22,15:35:05.401000,10492,10493,10492,2
2019-08-22,15:35:05.404000,10492,10493,10492,2
2019-08-22,15:35:05.404000,10492,10493,10492,10
2019-08-22,15:35:07.595000,10491,10492,10492,1
2019-08-22,15:35:07.859000,10491,10492,10492,1
2019-08-22,15:35:10.868000,10491,10492,10492,1
2019-08-22,15:35:13.454000,10491,10492,10492,1
2019-08-22,15:35:14.811000,10491,10492,10492,1
2019-08-22,15:35:25.042000,10491,10492,10492,1
2019-08-22,15:35:27.767000,10491,10492,10491,8
2019-08-22,15:35:27.805000,10491,10492,10491,9
2019-08-22,15:35:27.930000,10491,10492,10491,9
2019-08-22,15:35:28.878000,10490,10491,10491,1
2019-08-22,15:35:33.731000,10490,10491,10491,1
2019-08-22,15:35:48.393000,10490,10491,10490,1
2019-08-22,15:35:50.069000,10490,10491,10490,1
2019-08-22,15:35:52.686000,10490,10491,10490,1
2019-08-22,15:35:53.990000,10490,10491,10490,1
2019-08-22,15:35:54.423000,10490,10491,10490,17
2019-08-22,15:35:54.585000,10490,10491,10491,1
2019-08-22,15:35:58.153000,10490,10491,10490,1
2019-08-22,15:36:00.023000,10490,10491,10490,1
2019-08-22,15:36:10.737000,10490,10491,10490,1
2019-08-22,15:36:11.930000,10490,10491,10491,1
2019-08-22,15:36:15.102000,10490,10491,10490,1
2019-08-22,15:36:16.068000,10490,10491,10490,13
2019-08-22,15:36:18.032000,10489,10490,10489,3
2019-08-22,15:36:18.033000,10489,10490,10489,8
2019-08-22,15:36:18.033000,10489,10490,10489,2
2019-08-22,15:36:21.979000,10488,10489,10488,3
2019-08-22,15:36:22.193000,10488,10489,10488,1
2019-08-22,15:36:25.035000,10488,10489,10489,1
2019-08-22,15:36:25.083000,10488,10489,10489,8
2019-08-22,15:36:33.429000,10489,10490,10489,1
2019-08-22,15:36:34.100000,10489,10490,10489,10
2019-08-22,15:36:42.168000,10489,10490,10489,1
2019-08-22,15:36:42.348000,10489,10490,10489,2
2019-08-22,15:36:42.845000,10489,10490,10489,1
2019-08-22,15:36:43.469000,10489,10490,10489,1
2019-08-22,15:36:45.259000,10489,10490,10489,1
2019-08-22,15:36:45.342000,10489,10490,10489,1
2019-08-22,15:36:49.172000,10489,10490,10489,1
2019-08-22,15:36:51.267000,10489,10490,10490,2
2019-08-22,15:36:51.430000,10489,10490,10490,17
2019-08-22,15:36:51.555000,10489,10490,10490,16
2019-08-22,15:36:53.577000,10490,10491,10490,1
2019-08-22,15:36:55.499000,10490,10491,10491,2
2019-08-22,15:36:55.499000,10490,10491,10491,7
2019-08-22,15:36:55.572000,10491,10492,10492,1
2019-08-22,15:36:55.720000,10491,10492,10492,1
2019-08-22,15:37:00.476000,10491,10492,10491,2
2019-08-22,15:37:01.268000,10490,10491,10491,1
2019-08-22,15:37:09.521000,10490,10491,10491,1
2019-08-22,15:37:09.690000,10490,10491,10491,1
2019-08-22,15:37:12.926000,10490,10491,10491,1
2019-08-22,15:37:16.684000,10490,10492,10490,1
2019-08-22,15:37:28.680000,10490,10491,10490,2
2019-08-22,15:37:31.048000,10490,10491,10490,1
2019-08-22,15:37:34.547000,10490,10491,10490,17
2019-08-22,15:37:34.555000,10490,10491,10490,6
2019-08-22,15:37:37.577000,10489,10490,10489,1
2019-08-22,15:37:43.834000,10489,10490,10489,2
2019-08-22,15:37:54.381000,10489,10490,10489,1
2019-08-22,15:37:56.525000,10489,10490,10489,3
2019-08-22,15:37:58.212000,10489,10490,10488,4
2019-08-22,15:38:03.486000,10488,10490,10490,1
2019-08-22,15:38:10.005000,10489,10490,10489,1
2019-08-22,15:38:17.002000,10488,10489,10488,1
2019-08-22,15:38:23.912000,10488,10489,10489,1
2019-08-22,15:38:29.954000,10488,10489,10489,1
2019-08-22,15:38:32.996000,10488,10489,10489,3
2019-08-22,15:38:35.579000,10488,10489,10489,9
2019-08-22,15:38:35.680000,10489,10490,10489,1
2019-08-22,15:38:38.102000,10488,10490,10488,2
2019-08-22,15:38:40.896000,10488,10490,10490,1
2019-08-22,15:38:44.493000,10489,10490,10489,1
2019-08-22,15:38:45.521000,10489,10490,10489,1
2019-08-22,15:38:45.602000,10488,10489,10489,1
2019-08-22,15:38:49.158000,10488,10489,10489,1
2019-08-22,15:38:56.722000,10488,10489,10489,2
2019-08-22,15:38:56.805000,10489,10490,10489,3
2019-08-22,15:38:56.930000,10488,10489,10489,1
2019-08-22,15:39:08.025000,10489,10490,10489,5
2019-08-22,15:39:22.828000,10489,10490,10490,1
2019-08-22,15:39:34.402000,10489,10490,10490,1
2019-08-22,15:39:35.437000,10489,10490,10489,5
2019-08-22,15:39:38.999000,10489,10490,10490,1
2019-08-22,15:39:46.574000,10489,10490,10490,1
2019-08-22,15:39:55.963000,10489,10490,10490,1
2019-08-22,15:40:04.384000,10489,10490,10489,1
2019-08-22,15:40:08.041000,10489,10490,10489,1
2019-08-22,15:40:10.664000,10489,10490,10489,1
2019-08-22,15:40:10.703000,10489,10490,10489,1
2019-08-22,15:40:16.703000,10489,10490,10489,1
2019-08-22,15:40:25.378000,10489,10490,10490,1
2019-08-22,15:40:32.944000,10489,10490,10490,1
2019-08-22,15:40:36.967000,10489,10490,10489,2
2019-08-22,15:40:36.968000,10489,10490,10489,1
2019-08-22,15:40:36.968000,10489,10490,10489,1
2019-08-22,15:40:36.968000,10489,10490,10489,9
2019-08-22,15:40:49.985000,10488,10489,10489,2
2019-08-22,15:40:52.528000,10489,10490,10489,1
2019-08-22,15:41:08.302000,10489,10490,10489,1
2019-08-22,15:41:09.043000,10489,10490,10489,1
2019-08-22,15:41:15.743000,10489,10490,10489,5
2019-08-22,15:41:16.319000,10489,10490,10489,3
2019-08-22,15:41:17.601000,10488,10489,10489,3
2019-08-22,15:41:43.701000,10488,10489,10489,2
2019-08-22,15:41:46.980000,10488,10489,10489,2
2019-08-22,15:41:53.717000,10488,10489,10489,2
2019-08-22,15:41:57.735000,10488,10489,10488,1
2019-08-22,15:42:00.268000,10488,10489,10488,1
2019-08-22,15:42:06.175000,10488,10489,10488,2
2019-08-22,15:42:07.938000,10488,10489,10488,1
2019-08-22,15:42:12.267000,10488,10489,10489,2
2019-08-22,15:42:12.267000,10488,10489,10489,13
2019-08-22,15:42:16.214000,10489,10490,10489,1
2019-08-22,15:42:17.403000,10489,10490,10489,1
2019-08-22,15:42:19.931000,10488,10490,10490,2
2019-08-22,15:42:20.773000,10488,10490,10489,1
2019-08-22,15:42:23.041000,10488,10490,10490,1
2019-08-22,15:42:23.709000,10488,10490,10490,1
2019-08-22,15:42:31.762000,10488,10489,10489,1
2019-08-22,15:42:32.018000,10489,10490,10490,2
2019-08-22,15:42:32.027000,10489,10490,10490,2
2019-08-22,15:42:32.033000,10489,10490,10490,2
2019-08-22,15:42:32.055000,10489,10490,10490,6
2019-08-22,15:42:37.820000,10489,10490,10490,2
2019-08-22,15:42:40.863000,10489,10490,10490,1
2019-08-22,15:42:41.550000,10489,10490,10489,2
2019-08-22,15:42:49.677000,10489,10490,10489,1
2019-08-22,15:42:50.302000,10489,10490,10489,1
2019-08-22,15:42:51.239000,10489,10490,10490,1
2019-08-22,15:42:55.351000,10489,10490,10490,1
2019-08-22,15:43:01.730000,10489,10490,10490,1
2019-08-22,15:43:02.943000,10489,10490,10490,2
2019-08-22,15:43:03.417000,10489,10490,10489,1
2019-08-22,15:43:19.179000,10489,10490,10489,12
2019-08-22,15:43:22.873000,10488,10489,10488,13
2019-08-22,15:43:22.930000,10488,10489,10488,6
2019-08-22,15:43:23.055000,10488,10489,10488,3
2019-08-22,15:43:23.952000,10488,10489,10488,2
2019-08-22,15:43:24.351000,10488,10489,10488,2
2019-08-22,15:43:26.543000,10488,10489,10488,2
2019-08-22,15:43:27.811000,10488,10489,10488,1
2019-08-22,15:43:28.591000,10488,10489,10488,2
2019-08-22,15:43:32.737000,10488,10489,10488,1
2019-08-22,15:43:38.616000,10488,10489,10488,1
2019-08-22,15:43:43.118000,10488,10489,10488,1
2019-08-22,15:43:48.742000,10488,10489,10488,1
2019-08-22,15:43:48.742000,10488,10489,10488,3
2019-08-22,15:44:01.377000,10487,10488,10488,5
2019-08-22,15:44:02.728000,10487,10488,10488,4
2019-08-22,15:44:10.430000,10487,10488,10488,1
2019-08-22,15:44:11.912000,10487,10488,10488,4
2019-08-22,15:44:22.869000,10487,10488,10488,1
2019-08-22,15:44:23.980000,10487,10488,10488,1
2019-08-22,15:44:24.726000,10487,10488,10488,2
2019-08-22,15:44:24.726000,10487,10488,10488,2
2019-08-22,15:44:24.759000,10487,10488,10488,1
2019-08-22,15:44:25.945000,10488,10489,10488,1
2019-08-22,15:44:32.085000,10488,10489,10488,1
2019-08-22,15:44:51.307000,10488,10489,10488,1
2019-08-22,15:45:11.522000,10487,10488,10488,4
2019-08-22,15:45:11.555000,10487,10488,10488,2
2019-08-22,15:45:11.974000,10488,10489,10489,1
2019-08-22,15:45:12.213000,10488,10489,10488,1
2019-08-22,15:45:12.354000,10488,10489,10489,1
2019-08-22,15:45:12.950000,10488,10489,10489,1
2019-08-22,15:45:12.950000,10488,10489,10489,4
2019-08-22,15:45:12.950000,10488,10489,10489,3
2019-08-22,15:45:12.950000,10488,10489,10489,12
2019-08-22,15:45:18.931000,10489,10490,10490,2
2019-08-22,15:45:19.055000,10489,10490,10490,3
2019-08-22,15:45:25.052000,10489,10490,10489,1
2019-08-22,15:45:28.055000,10489,10490,10490,1
2019-08-22,15:45:29.125000,10489,10490,10490,1
2019-08-22,15:45:33.219000,10489,10490,10489,2
2019-08-22,15:45:33.219000,10489,10490,10489,1
2019-08-22,15:45:54.134000,10488,10489,10488,2
2019-08-22,15:45:58.698000,10488,10489,10488,5
2019-08-22,15:46:02.214000,10488,10489,10489,3
2019-08-22,15:46:11.555000,10489,10490,10489,1
2019-08-22,15:46:15.751000,10488,10489,10488,1
2019-08-22,15:46:23.567000,10487,10488,10488,1
2019-08-22,15:46:24.984000,10487,10488,10488,2
2019-08-22,15:46:29.120000,10487,10488,10488,1
2019-08-22,15:46:31.166000,10488,10489,10488,1
2019-08-22,15:46:44.616000,10488,10489,10488,5
2019-08-22,15:46:51.856000,10488,10489,10488,1
2019-08-22,15:46:53.309000,10488,10489,10488,1
2019-08-22,15:47:03.628000,10488,10489,10488,1
2019-08-22,15:47:04.234000,10488,10489,10488,1
2019-08-22,15:47:24.401000,10488,10489,10488,5
2019-08-22,15:47:24.401000,10488,10489,10488,13
2019-08-22,15:47:28.465000,10487,10488,10488,1
2019-08-22,15:47:33.179000,10487,10488,10488,3
2019-08-22,15:47:46.027000,10488,10489,10488,1
2019-08-22,15:47:55.575000,10487,10488,10487,14
2019-08-22,15:47:55.680000,10487,10488,10487,4
2019-08-22,15:47:55.722000,10487,10488,10487,4
2019-08-22,15:47:56.029000,10486,10487,10487,1
2019-08-22,15:48:08.595000,10486,10487,10486,24
2019-08-22,15:48:08.595000,10486,10487,10486,4
2019-08-22,15:48:08.600000,10486,10487,10486,8
2019-08-22,15:48:08.600000,10486,10487,10486,5
2019-08-22,15:48:08.601000,10486,10487,10486,1
2019-08-22,15:48:08.680000,10486,10487,10486,6
2019-08-22,15:48:10.841000,10485,10486,10485,1
2019-08-22,15:48:11.256000,10485,10486,10485,3
2019-08-22,15:48:13.774000,10485,10486,10485,25
2019-08-22,15:48:13.805000,10485,10486,10485,6
2019-08-22,15:48:13.805000,10485,10486,10485,2
2019-08-22,15:48:13.806000,10485,10486,10485,3
2019-08-22,15:48:13.806000,10485,10486,10485,1
2019-08-22,15:48:14.015000,10484,10485,10485,2
2019-08-22,15:48:18.291000,10484,10485,10485,1
2019-08-22,15:48:22.707000,10484,10486,10484,1
2019-08-22,15:48:23.126000,10484,10486,10484,2
2019-08-22,15:48:23.817000,10485,10486,10485,3
2019-08-22,15:48:26.478000,10485,10486,10485,3
2019-08-22,15:48:27.192000,10485,10486,10485,1
2019-08-22,15:48:28.985000,10485,10486,10485,2
2019-08-22,15:48:29.983000,10484,10485,10485,1
2019-08-22,15:48:34.878000,10484,10485,10485,3
2019-08-22,15:48:36.025000,10484,10485,10485,3
2019-08-22,15:48:38.041000,10484,10485,10484,1
2019-08-22,15:48:39.033000,10484,10485,10485,1
2019-08-22,15:48:40.598000,10484,10485,10485,1
2019-08-22,15:48:41.347000,10484,10485,10485,1
2019-08-22,15:48:43.059000,10484,10485,10484,1
2019-08-22,15:48:43.795000,10484,10485,10485,1
2019-08-22,15:48:44.288000,10484,10485,10484,1
2019-08-22,15:48:45.654000,10484,10485,10484,20
2019-08-22,15:48:48.074000,10484,10485,10484,6
2019-08-22,15:48:48.074000,10484,10485,10484,4
2019-08-22,15:48:48.074000,10484,10485,10484,4
2019-08-22,15:48:48.074000,10484,10485,10484,1
2019-08-22,15:48:48.077000,10484,10485,10484,2
2019-08-22,15:48:48.077000,10484,10485,10484,1
2019-08-22,15:48:48.077000,10484,10485,10484,1
2019-08-22,15:48:52.390000,10483,10484,10483,1
2019-08-22,15:48:52.455000,10483,10484,10483,1
2019-08-22,15:48:52.593000,10483,10484,10483,1
2019-08-22,15:48:52.628000,10483,10484,10483,1
2019-08-22,15:48:52.679000,10483,10484,10483,3
2019-08-22,15:48:53.782000,10483,10484,10483,1
2019-08-22,15:48:54.489000,10483,10484,10483,1
2019-08-22,15:48:56.760000,10483,10484,10484,2
2019-08-22,15:48:57.891000,10483,10484,10483,3
2019-08-22,15:49:03.443000,10483,10484,10484,8
2019-08-22,15:49:11.474000,10484,10485,10484,1
2019-08-22,15:49:13.003000,10484,10485,10484,3
2019-08-22,15:49:14.581000,10484,10485,10484,3
2019-08-22,15:49:15.044000,10484,10485,10484,3
2019-08-22,15:49:18.437000,10484,10485,10484,3
2019-08-22,15:49:21.081000,10484,10485,10484,3
2019-08-22,15:49:27.126000,10484,10485,10485,3
2019-08-22,15:49:27.127000,10484,10485,10485,3
2019-08-22,15:49:27.127000,10484,10485,10485,2
2019-08-22,15:49:46.347000,10485,10486,10485,1
2019-08-22,15:49:50.176000,10485,10486,10486,2
2019-08-22,15:49:53.397000,10485,10486,10485,1
2019-08-22,15:50:02.386000,10485,10486,10486,1
2019-08-22,15:50:07.805000,10485,10486,10485,4
2019-08-22,15:50:11.634000,10485,10486,10486,3
2019-08-22,15:50:14.524000,10485,10487,10485,2
2019-08-22,15:50:16.541000,10485,10486,10485,1
2019-08-22,15:50:43.105000,10485,10486,10485,1
2019-08-22,15:50:50.964000,10485,10486,10485,12
2019-08-22,15:50:54.495000,10484,10485,10485,1
2019-08-22,15:50:56.157000,10484,10485,10485,1
2019-08-22,15:50:57.218000,10484,10485,10485,1
2019-08-22,15:50:57.305000,10484,10485,10485,2
2019-08-22,15:50:59.257000,10485,10486,10485,1
2019-08-22,15:51:06.590000,10485,10486,10485,2
2019-08-22,15:51:13.326000,10485,10486,10485,3
2019-08-22,15:51:13.430000,10484,10485,10484,2
2019-08-22,15:51:13.517000,10484,10485,10484,2
2019-08-22,15:51:13.554000,10484,10485,10484,2
2019-08-22,15:51:16.128000,10483,10485,10485,2
2019-08-22,15:51:18.260000,10484,10485,10485,2
2019-08-22,15:51:28.302000,10484,10485,10484,1
2019-08-22,15:51:31.143000,10484,10485,10485,3
2019-08-22,15:51:31.428000,10485,10486,10485,1
2019-08-22,15:51:33.854000,10485,10486,10486,4
2019-08-22,15:51:33.876000,10485,10486,10486,2
2019-08-22,15:51:35.820000,10485,10487,10485,4
2019-08-22,15:51:39.248000,10485,10486,10486,1
2019-08-22,15:51:42.310000,10485,10486,10485,2
2019-08-22,15:51:59.692000,10484,10485,10485,2
2019-08-22,15:52:04.931000,10485,10486,10485,2
2019-08-22,15:52:16.043000,10485,10486,10485,1
2019-08-22,15:52:17.988000,10485,10486,10485,1
2019-08-22,15:52:29.677000,10485,10486,10485,1
2019-08-22,15:52:30.961000,10485,10486,10485,1
2019-08-22,15:52:33.213000,10485,10486,10485,2
2019-08-22,15:53:00.378000,10485,10486,10485,7
2019-08-22,15:53:00.430000,10485,10486,10485,3
2019-08-22,15:53:21.554000,10485,10486,10485,1
2019-08-22,15:53:42.886000,10485,10486,10486,3
2019-08-22,15:53:47.956000,10485,10486,10486,3
2019-08-22,15:53:47.958000,10485,10486,10486,1
2019-08-22,15:53:57.428000,10486,10487,10486,1
2019-08-22,15:54:01.039000,10485,10486,10486,1
2019-08-22,15:54:12.831000,10486,10487,10487,2
2019-08-22,15:54:24.383000,10486,10487,10487,2
2019-08-22,15:54:37.185000,10486,10487,10487,1
2019-08-22,15:55:03.693000,10486,10487,10487,1
2019-08-22,15:55:09.509000,10486,10487,10487,1
2019-08-22,15:55:30.337000,10486,10487,10486,10
2019-08-22,15:55:32.189000,10485,10486,10486,2
2019-08-22,15:55:39.556000,10485,10486,10485,11
2019-08-22,15:55:47.175000,10484,10485,10484,5
2019-08-22,15:55:47.208000,10484,10485,10484,1
2019-08-22,15:55:47.216000,10484,10485,10484,2
2019-08-22,15:55:56.950000,10483,10484,10484,5
2019-08-22,15:55:59.034000,10484,10485,10484,1
2019-08-22,15:56:04.283000,10484,10485,10484,1
2019-08-22,15:56:05.031000,10484,10485,10484,1
2019-08-22,15:56:17.286000,10484,10485,10485,1
2019-08-22,15:56:17.490000,10484,10485,10485,1
2019-08-22,15:56:21.029000,10484,10485,10485,1
2019-08-22,15:56:28.111000,10484,10485,10485,2
2019-08-22,15:56:31.950000,10485,10486,10485,1
2019-08-22,15:56:35.922000,10485,10486,10485,1
2019-08-22,15:56:37.528000,10485,10486,10485,1
2019-08-22,15:56:38.012000,10485,10486,10485,1
2019-08-22,15:56:38.292000,10485,10486,10485,1
2019-08-22,15:56:38.792000,10485,10486,10485,1
2019-08-22,15:56:39.396000,10485,10486,10485,1
2019-08-22,15:56:45.461000,10485,10486,10486,3
2019-08-22,15:56:47.009000,10485,10487,10485,1
2019-08-22,15:56:49.419000,10485,10486,10486,1
2019-08-22,15:57:07.390000,10486,10487,10486,3
2019-08-22,15:57:13.684000,10486,10487,10486,2
2019-08-22,15:57:17.038000,10486,10487,10487,2
2019-08-22,15:57:30.187000,10486,10487,10486,2
2019-08-22,15:57:32.603000,10486,10487,10486,1
2019-08-22,15:57:37.294000,10485,10486,10486,1
2019-08-22,15:57:45.569000,10485,10487,10485,3
2019-08-22,15:57:49.735000,10485,10486,10486,2
2019-08-22,15:58:08.685000,10485,10486,10486,3
2019-08-22,15:58:10.541000,10485,10486,10486,2
2019-08-22,15:58:29.780000,10486,10487,10486,1
2019-08-22,15:58:47.819000,10486,10487,10486,1
2019-08-22,15:58:56.038000,10486,10487,10486,1
2019-08-22,15:58:57.743000,10486,10487,10486,1
2019-08-22,15:59:02.597000,10486,10487,10486,1
2019-08-22,15:59:03.603000,10486,10487,10486,7
2019-08-22,15:59:24.970000,10486,10487,10486,1
2019-08-22,15:59:31.802000,10486,10487,10486,3
2019-08-22,15:59:40.690000,10486,10487,10486,1
2019-08-22,15:59:42.904000,10486,10487,10486,2
2019-08-22,15:59:42.972000,10486,10487,10486,1
2019-08-22,15:59:47.192000,10486,10487,10486,1
2019-08-22,15:59:58.765000,10486,10487,10486,1
2019-08-22,16:00:00.747000,10486,10487,10486,1
2019-08-22,16:00:01.164000,10486,10487,10487,1
2019-08-22,16:00:02.216000,10486,10487,10487,1
2019-08-22,16:00:02.542000,10486,10487,10487,11
2019-08-22,16:00:02.542000,10486,10487,10487,2
2019-08-22,16:00:02.555000,10486,10487,10487,17
2019-08-22,16:00:02.555000,10486,10487,10487,1
2019-08-22,16:00:20.748000,10487,10488,10488,5
2019-08-22,16:00:28.454000,10487,10488,10488,2
2019-08-22,16:00:32.805000,10487,10488,10488,2
2019-08-22,16:00:32.805000,10487,10488,10488,2
2019-08-22,16:00:32.805000,10487,10488,10488,1
2019-08-22,16:00:32.806000,10487,10488,10488,7
2019-08-22,16:00:35.535000,10488,10489,10489,5
2019-08-22,16:00:35.737000,10488,10489,10489,1
2019-08-22,16:00:36.379000,10488,10489,10489,1
2019-08-22,16:00:39.753000,10488,10489,10488,1
2019-08-22,16:00:39.761000,10488,10489,10489,1
2019-08-22,16:00:40.307000,10488,10489,10489,5
2019-08-22,16:00:40.312000,10488,10489,10489,6
2019-08-22,16:00:40.956000,10489,10490,10489,6
2019-08-22,16:00:48.551000,10488,10489,10488,1
2019-08-22,16:00:53.041000,10488,10489,10488,1
2019-08-22,16:00:58.328000,10488,10489,10488,1
2019-08-22,16:01:02.188000,10488,10489,10488,2
2019-08-22,16:01:02.188000,10488,10489,10488,5
2019-08-22,16:01:02.190000,10488,10489,10488,2
2019-08-22,16:01:02.191000,10488,10489,10488,5
2019-08-22,16:01:02.191000,10488,10489,10488,4
2019-08-22,16:01:02.191000,10488,10489,10488,6
2019-08-22,16:01:02.192000,10488,10489,10488,2
2019-08-22,16:01:02.192000,10488,10489,10488,2
2019-08-22,16:01:02.193000,10488,10489,10488,1
2019-08-22,16:01:03.441000,10487,10488,10487,6
2019-08-22,16:01:28.479000,10486,10487,10486,12
2019-08-22,16:01:34.564000,10485,10486,10486,2
2019-08-22,16:01:44.458000,10485,10486,10486,1
2019-08-22,16:02:00.637000,10485,10486,10485,1
2019-08-22,16:02:01.689000,10485,10486,10486,1
2019-08-22,16:02:02.854000,10485,10486,10485,2
2019-08-22,16:02:05.400000,10485,10486,10485,5
2019-08-22,16:02:05.401000,10485,10486,10485,5
2019-08-22,16:02:07.094000,10485,10486,10485,1
2019-08-22,16:02:07.180000,10485,10486,10485,1
2019-08-22,16:02:08.444000,10485,10486,10485,1
2019-08-22,16:02:09.603000,10485,10486,10485,2
2019-08-22,16:02:11.665000,10485,10486,10485,3
2019-08-22,16:02:12.062000,10484,10485,10484,1
2019-08-22,16:02:12.426000,10484,10485,10484,2
2019-08-22,16:02:13.867000,10484,10485,10484,1
2019-08-22,16:02:19.680000,10484,10485,10485,3
2019-08-22,16:02:27.314000,10484,10485,10485,1
2019-08-22,16:02:37.770000,10484,10485,10484,1
2019-08-22,16:02:44.240000,10484,10485,10484,1
2019-08-22,16:02:52.663000,10484,10485,10484,1
2019-08-22,16:02:55.296000,10484,10485,10484,9
2019-08-22,16:02:55.296000,10484,10485,10484,1
2019-08-22,16:02:55.296000,10484,10485,10484,2
2019-08-22,16:02:55.297000,10484,10485,10484,3
2019-08-22,16:02:55.297000,10484,10485,10484,1
2019-08-22,16:02:55.297000,10484,10485,10484,1
2019-08-22,16:02:55.297000,10484,10485,10484,4
2019-08-22,16:02:55.305000,10484,10485,10484,5
2019-08-22,16:03:05.862000,10483,10484,10483,2
2019-08-22,16:03:07.376000,10483,10484,10484,1
2019-08-22,16:03:07.850000,10483,10484,10484,7
2019-08-22,16:03:07.851000,10483,10484,10484,1
2019-08-22,16:03:08.128000,10484,10485,10484,1
2019-08-22,16:03:10.170000,10484,10485,10485,1
2019-08-22,16:03:16.094000,10484,10485,10484,1
2019-08-22,16:03:21.213000,10484,10485,10485,1
2019-08-22,16:03:25.683000,10484,10485,10485,2
2019-08-22,16:03:25.684000,10484,10485,10485,1
2019-08-22,16:03:25.684000,10484,10485,10485,1
2019-08-22,16:03:25.685000,10484,10485,10485,1
2019-08-22,16:03:38.145000,10484,10485,10485,4
2019-08-22,16:03:44.610000,10484,10485,10484,1
2019-08-22,16:03:50.073000,10484,10485,10485,3
2019-08-22,16:03:51.658000,10485,10486,10485,1
2019-08-22,16:03:58.335000,10485,10486,10485,1
2019-08-22,16:04:03.997000,10485,10486,10485,1
2019-08-22,16:04:09.108000,10485,10486,10485,2
2019-08-22,16:04:10.789000,10485,10486,10486,1
2019-08-22,16:04:11.772000,10485,10486,10485,1
2019-08-22,16:04:20.235000,10485,10486,10486,1
2019-08-22,16:04:20.235000,10485,10486,10486,2
2019-08-22,16:04:20.673000,10486,10487,10486,10
2019-08-22,16:04:32.162000,10486,10487,10487,1
2019-08-22,16:04:33.246000,10486,10487,10487,3
2019-08-22,16:04:36.576000,10486,10487,10486,1
2019-08-22,16:04:39.331000,10486,10487,10487,2
2019-08-22,16:04:45.857000,10486,10487,10487,1
2019-08-22,16:04:53.015000,10486,10487,10487,1
2019-08-22,16:04:54.518000,10486,10487,10487,1
2019-08-22,16:05:03.713000,10486,10487,10487,1
2019-08-22,16:05:08.969000,10486,10487,10487,1
2019-08-22,16:05:12.891000,10486,10487,10486,2
2019-08-22,16:05:20.103000,10486,10487,10487,2
2019-08-22,16:05:28.615000,10486,10487,10486,1
2019-08-22,16:05:47.967000,10486,10487,10486,2
2019-08-22,16:05:55.419000,10486,10487,10486,1
2019-08-22,16:06:03.171000,10486,10487,10486,1
2019-08-22,16:06:03.415000,10486,10487,10486,1
2019-08-22,16:06:08.031000,10486,10487,10486,1
2019-08-22,16:06:15.320000,10486,10487,10486,1
2019-08-22,16:06:20.681000,10486,10487,10486,1
2019-08-22,16:06:21.866000,10486,10487,10486,1
2019-08-22,16:06:21.866000,10486,10487,10485,4
2019-08-22,16:06:41.923000,10485,10486,10485,9
2019-08-22,16:06:41.930000,10485,10486,10485,10
2019-08-22,16:06:42.692000,10484,10485,10485,1
2019-08-22,16:06:46.621000,10484,10485,10484,3
2019-08-22,16:06:46.621000,10484,10485,10484,2
2019-08-22,16:06:52.065000,10483,10484,10484,1
2019-08-22,16:06:55.606000,10484,10485,10484,2
2019-08-22,16:06:58.228000,10484,10485,10484,4
2019-08-22,16:07:02.103000,10483,10484,10484,1
2019-08-22,16:07:09.305000,10484,10485,10484,1
2019-08-22,16:07:12.667000,10484,10485,10484,1
2019-08-22,16:07:24.180000,10484,10485,10484,1
2019-08-22,16:07:24.574000,10484,10485,10484,5
2019-08-22,16:07:47.964000,10484,10485,10485,2
2019-08-22,16:07:53.740000,10484,10485,10485,1
2019-08-22,16:08:04.651000,10484,10485,10484,1
2019-08-22,16:08:05.197000,10484,10485,10484,5
2019-08-22,16:08:10.519000,10484,10485,10485,2
2019-08-22,16:08:20.073000,10484,10485,10484,10
2019-08-22,16:08:22.766000,10483,10485,10483,5
2019-08-22,16:08:39.998000,10483,10484,10483,1
2019-08-22,16:08:51.123000,10483,10484,10483,1
2019-08-22,16:08:55.319000,10483,10484,10483,2
2019-08-22,16:08:56.646000,10483,10484,10483,1
2019-08-22,16:09:00.638000,10483,10484,10483,10
2019-08-22,16:09:13.240000,10483,10484,10483,1
2019-08-22,16:09:14.171000,10483,10484,10483,2
2019-08-22,16:09:19.811000,10483,10484,10484,3
2019-08-22,16:09:27.838000,10484,10485,10484,1
2019-08-22,16:09:27.887000,10484,10485,10484,1
2019-08-22,16:09:30.470000,10483,10484,10484,2
2019-08-22,16:09:44.519000,10483,10484,10484,1
2019-08-22,16:09:48.606000,10483,10484,10483,1
2019-08-22,16:10:02.379000,10483,10484,10484,2
2019-08-22,16:10:04.911000,10484,10485,10485,2
2019-08-22,16:10:06.494000,10485,10486,10485,1
2019-08-22,16:10:40.635000,10484,10485,10484,1
2019-08-22,16:10:57.373000,10484,10485,10484,2
2019-08-22,16:10:59.562000,10484,10485,10485,1
2019-08-22,16:11:01.809000,10485,10486,10485,1
2019-08-22,16:11:06.009000,10485,10486,10485,1
2019-08-22,16:11:09.799000,10485,10486,10485,1
2019-08-22,16:11:16.227000,10485,10486,10486,4
2019-08-22,16:11:16.227000,10485,10486,10486,1
2019-08-22,16:11:16.228000,10485,10486,10486,1
2019-08-22,16:11:23.975000,10486,10487,10487,4
2019-08-22,16:11:32.749000,10486,10487,10486,1
2019-08-22,16:12:05.351000,10486,10487,10486,1
2019-08-22,16:12:24.654000,10486,10487,10486,1
2019-08-22,16:12:25.390000,10486,10487,10486,5
2019-08-22,16:12:25.390000,10486,10487,10486,1
2019-08-22,16:12:25.390000,10486,10487,10486,1
2019-08-22,16:13:12.334000,10485,10486,10485,1
2019-08-22,16:13:16.646000,10485,10486,10485,1
2019-08-22,16:13:43.888000,10485,10486,10486,3
2019-08-22,16:14:08.417000,10485,10486,10486,2
2019-08-22,16:14:08.594000,10485,10486,10485,1
2019-08-22,16:14:16.105000,10485,10486,10485,1
2019-08-22,16:14:20.516000,10485,10486,10485,2
2019-08-22,16:14:26.755000,10485,10486,10486,1
2019-08-22,16:14:26.762000,10485,10486,10486,2
2019-08-22,16:14:31.757000,10485,10486,10486,1
2019-08-22,16:14:37.951000,10485,10487,10485,1
2019-08-22,16:15:00.618000,10485,10486,10485,1
2019-08-22,16:15:11.271000,10485,10486,10485,1
2019-08-22,16:15:52.605000,10485,10486,10485,1
2019-08-22,16:16:04.146000,10485,10486,10485,1
2019-08-22,16:16:08.106000,10485,10486,10485,5
2019-08-22,16:16:22.704000,10484,10485,10484,3
2019-08-22,16:16:22.704000,10484,10485,10484,2
2019-08-22,16:16:22.705000,10484,10485,10484,6
2019-08-22,16:16:22.705000,10484,10485,10484,10
2019-08-22,16:16:22.705000,10484,10485,10484,1
2019-08-22,16:16:22.705000,10484,10485,10484,1
2019-08-22,16:16:22.705000,10484,10485,10484,2
2019-08-22,16:16:22.805000,10484,10485,10484,2
2019-08-22,16:16:23.064000,10483,10484,10484,2
2019-08-22,16:16:24.575000,10484,10485,10484,1
2019-08-22,16:16:28.371000,10483,10484,10484,1
2019-08-22,16:16:32.919000,10484,10485,10484,4
2019-08-22,16:16:44.663000,10484,10485,10484,1
2019-08-22,16:16:47.530000,10484,10485,10485,2
2019-08-22,16:16:47.531000,10484,10485,10485,1
2019-08-22,16:16:47.531000,10484,10485,10485,1
2019-08-22,16:16:47.532000,10484,10485,10485,1
2019-08-22,16:17:36.656000,10484,10485,10484,1
2019-08-22,16:17:56.441000,10484,10485,10484,10
2019-08-22,16:18:11.831000,10483,10484,10483,1
2019-08-22,16:18:11.833000,10483,10484,10483,3
2019-08-22,16:18:11.848000,10483,10484,10483,3
2019-08-22,16:18:11.889000,10483,10484,10483,2
2019-08-22,16:18:11.910000,10483,10484,10483,3
2019-08-22,16:18:11.922000,10483,10484,10483,3
2019-08-22,16:18:11.930000,10483,10484,10483,1
2019-08-22,16:18:11.930000,10483,10484,10483,2
2019-08-22,16:18:11.930000,10483,10484,10483,16
2019-08-22,16:18:11.931000,10483,10484,10483,1
2019-08-22,16:18:28.018000,10482,10483,10483,2
2019-08-22,16:18:28.019000,10482,10483,10483,1
2019-08-22,16:18:28.019000,10482,10483,10483,2
2019-08-22,16:18:28.585000,10483,10484,10483,1
2019-08-22,16:18:46.379000,10483,10484,10483,1
2019-08-22,16:18:49.851000,10483,10484,10483,6
2019-08-22,16:18:51.835000,10482,10483,10482,1
2019-08-22,16:18:58.723000,10482,10483,10483,1
2019-08-22,16:19:04.759000,10482,10483,10482,1
2019-08-22,16:19:11.391000,10482,10483,10483,5
2019-08-22,16:19:11.391000,10482,10483,10483,1
2019-08-22,16:19:11.392000,10482,10483,10483,3
2019-08-22,16:19:20.717000,10483,10484,10483,1
2019-08-22,16:19:21.091000,10483,10484,10483,2
2019-08-22,16:19:22.503000,10482,10484,10482,30
2019-08-22,16:19:28.626000,10482,10483,10482,10
2019-08-22,16:19:31.470000,10482,10483,10482,2
2019-08-22,16:19:49.032000,10482,10483,10483,1
2019-08-22,16:19:49.928000,10482,10483,10483,2
2019-08-22,16:19:57.596000,10483,10484,10483,1
2019-08-22,16:20:12.659000,10483,10484,10483,1
2019-08-22,16:20:54.787000,10483,10484,10484,2
2019-08-22,16:20:54.963000,10483,10484,10484,2
2019-08-22,16:20:55.055000,10483,10484,10484,1
2019-08-22,16:20:58.196000,10484,10485,10484,1
2019-08-22,16:20:58.585000,10484,10485,10484,4
2019-08-22,16:20:58.585000,10484,10485,10484,5
2019-08-22,16:20:59.563000,10483,10484,10484,2
2019-08-22,16:21:02.643000,10483,10484,10484,2
2019-08-22,16:21:02.939000,10483,10484,10484,2
2019-08-22,16:21:03.163000,10483,10484,10484,2
2019-08-22,16:21:04.047000,10483,10484,10484,2
2019-08-22,16:21:04.430000,10484,10485,10484,2
2019-08-22,16:21:04.653000,10483,10485,10483,1
2019-08-22,16:21:10.114000,10484,10485,10484,5
2019-08-22,16:21:14.324000,10483,10484,10483,4
2019-08-22,16:21:16.658000,10483,10484,10484,2
2019-08-22,16:21:19.273000,10483,10484,10484,2
2019-08-22,16:21:23.804000,10483,10484,10484,2
2019-08-22,16:21:47.103000,10483,10484,10483,10
2019-08-22,16:21:50.193000,10483,10484,10483,2
2019-08-22,16:21:50.193000,10483,10484,10483,2
2019-08-22,16:21:50.193000,10483,10484,10483,1
2019-08-22,16:21:50.193000,10483,10484,10483,6
2019-08-22,16:21:50.193000,10483,10484,10483,2
2019-08-22,16:21:50.193000,10483,10484,10483,1
2019-08-22,16:21:56.625000,10482,10483,10482,1
2019-08-22,16:22:06.256000,10482,10484,10482,1
2019-08-22,16:22:12.770000,10482,10484,10482,1
2019-08-22,16:22:15.491000,10482,10483,10482,1
2019-08-22,16:22:15.760000,10482,10483,10482,4
2019-08-22,16:22:19.498000,10482,10483,10482,1
2019-08-22,16:22:26.129000,10482,10483,10482,2
2019-08-22,16:22:33.976000,10482,10483,10483,1
2019-08-22,16:22:48.582000,10482,10483,10482,5
2019-08-22,16:22:48.676000,10482,10483,10482,1
2019-08-22,16:22:51.671000,10482,10483,10482,1
2019-08-22,16:22:52.172000,10482,10483,10482,15
2019-08-22,16:22:52.898000,10481,10482,10482,1
2019-08-22,16:22:53.357000,10482,10483,10482,1
2019-08-22,16:22:53.607000,10482,10483,10482,1
2019-08-22,16:22:54.608000,10481,10483,10481,1
2019-08-22,16:22:54.753000,10481,10483,10481,1
2019-08-22,16:23:05.166000,10481,10482,10481,1
2019-08-22,16:23:05.271000,10481,10482,10481,1
2019-08-22,16:23:11.734000,10481,10482,10481,1
2019-08-22,16:23:12.370000,10481,10482,10481,1
2019-08-22,16:23:13.230000,10481,10482,10481,1
2019-08-22,16:23:13.651000,10481,10482,10481,1
2019-08-22,16:23:16.437000,10481,10482,10481,1
2019-08-22,16:23:16.642000,10481,10482,10482,1
2019-08-22,16:23:17.145000,10481,10482,10481,1
2019-08-22,16:23:17.615000,10481,10482,10481,2
2019-08-22,16:23:22.458000,10481,10482,10482,2
2019-08-22,16:23:30.528000,10481,10482,10481,2
2019-08-22,16:23:40.705000,10481,10482,10481,1
2019-08-22,16:23:43.044000,10481,10482,10482,1
2019-08-22,16:23:43.391000,10481,10482,10482,1
2019-08-22,16:23:44.924000,10481,10482,10482,1
2019-08-22,16:23:53.585000,10481,10482,10481,2
2019-08-22,16:23:53.681000,10481,10482,10481,18
2019-08-22,16:23:53.805000,10481,10482,10481,2
2019-08-22,16:23:53.805000,10481,10482,10481,2
2019-08-22,16:23:53.805000,10481,10482,10481,2
2019-08-22,16:23:55.165000,10480,10481,10481,1
2019-08-22,16:23:59.728000,10480,10481,10481,1
2019-08-22,16:24:04.966000,10480,10481,10481,1
2019-08-22,16:24:05.381000,10480,10481,10481,1
2019-08-22,16:24:08.442000,10481,10482,10481,2
2019-08-22,16:24:10.450000,10481,10482,10481,2
2019-08-22,16:24:10.866000,10481,10482,10481,2
2019-08-22,16:24:11.218000,10481,10482,10481,1
2019-08-22,16:24:11.782000,10481,10482,10481,1
2019-08-22,16:24:12.641000,10481,10482,10481,2
2019-08-22,16:24:19.124000,10481,10482,10481,1
2019-08-22,16:24:22.406000,10481,10482,10481,1
2019-08-22,16:24:32.625000,10481,10482,10481,1
2019-08-22,16:24:32.930000,10481,10482,10482,9
2019-08-22,16:24:33.425000,10481,10482,10481,1
2019-08-22,16:24:34.044000,10481,10482,10482,1
2019-08-22,16:24:36.693000,10481,10482,10482,1
2019-08-22,16:24:36.693000,10481,10482,10483,3
2019-08-22,16:24:37.038000,10481,10483,10481,1
2019-08-22,16:24:48.684000,10481,10482,10481,1
2019-08-22,16:24:48.940000,10481,10482,10481,1
2019-08-22,16:24:58.561000,10481,10482,10481,2
2019-08-22,16:25:03.991000,10481,10482,10482,3
2019-08-22,16:25:13.009000,10481,10482,10481,2
2019-08-22,16:25:15.515000,10481,10482,10482,1
2019-08-22,16:25:16.745000,10481,10482,10481,2
2019-08-22,16:25:16.921000,10481,10482,10481,2
2019-08-22,16:25:17.282000,10481,10482,10481,1
2019-08-22,16:25:17.569000,10481,10482,10481,2
2019-08-22,16:25:17.680000,10481,10482,10481,1
2019-08-22,16:25:18.157000,10481,10482,10481,1
2019-08-22,16:25:23.659000,10481,10482,10481,2
2019-08-22,16:25:24.603000,10481,10482,10481,1
2019-08-22,16:25:25.097000,10481,10482,10481,1
2019-08-22,16:25:37.840000,10481,10482,10481,3
2019-08-22,16:25:45.148000,10481,10482,10482,4
2019-08-22,16:26:02.733000,10481,10482,10481,1
2019-08-22,16:26:03.812000,10481,10482,10482,1
2019-08-22,16:26:07.887000,10481,10482,10481,1
2019-08-22,16:26:07.890000,10481,10482,10481,3
2019-08-22,16:26:07.894000,10481,10482,10481,2
2019-08-22,16:26:07.895000,10481,10482,10481,1
2019-08-22,16:26:07.895000,10481,10482,10481,3
2019-08-22,16:26:09.570000,10480,10481,10480,2
2019-08-22,16:26:09.727000,10480,10481,10480,1
2019-08-22,16:26:09.870000,10480,10481,10480,2
2019-08-22,16:26:09.952000,10480,10481,10480,1
2019-08-22,16:26:10.012000,10480,10481,10480,1
2019-08-22,16:26:10.017000,10480,10481,10480,2
2019-08-22,16:26:10.111000,10480,10481,10480,2
2019-08-22,16:26:11.966000,10480,10481,10480,2
2019-08-22,16:26:12.241000,10480,10481,10480,2
2019-08-22,16:26:12.598000,10480,10481,10480,1
2019-08-22,16:26:12.617000,10480,10481,10480,2
2019-08-22,16:26:14.096000,10480,10481,10480,2
2019-08-22,16:26:14.410000,10480,10481,10480,2
2019-08-22,16:26:15.185000,10480,10481,10480,2
2019-08-22,16:26:15.601000,10480,10481,10480,2
2019-08-22,16:26:15.904000,10480,10481,10480,2
2019-08-22,16:26:15.930000,10480,10481,10480,2
2019-08-22,16:26:16.055000,10480,10481,10480,1
2019-08-22,16:26:16.451000,10480,10481,10480,1
2019-08-22,16:26:16.555000,10480,10481,10480,7
2019-08-22,16:26:16.579000,10480,10481,10480,1
2019-08-22,16:26:17.447000,10480,10481,10480,2
2019-08-22,16:26:17.841000,10480,10481,10480,2
2019-08-22,16:26:18.281000,10480,10481,10480,2
2019-08-22,16:26:20.050000,10480,10481,10480,2
2019-08-22,16:26:22.242000,10480,10481,10480,1
2019-08-22,16:26:25.852000,10480,10481,10480,6
2019-08-22,16:26:28.812000,10480,10481,10480,2
2019-08-22,16:26:30.221000,10480,10481,10480,27
2019-08-22,16:26:31.859000,10479,10480,10480,2
2019-08-22,16:26:39.201000,10479,10480,10480,2
2019-08-22,16:26:43.163000,10479,10480,10479,2
2019-08-22,16:26:43.192000,10479,10480,10479,1
2019-08-22,16:26:45.225000,10479,10480,10479,1
2019-08-22,16:26:45.425000,10479,10480,10479,1
2019-08-22,16:26:45.601000,10479,10480,10479,1
2019-08-22,16:26:47.013000,10479,10480,10479,1
2019-08-22,16:26:48.428000,10479,10480,10480,1
2019-08-22,16:26:48.481000,10479,10480,10479,2
2019-08-22,16:26:50.636000,10479,10480,10479,1
2019-08-22,16:26:53.601000,10479,10480,10479,1
2019-08-22,16:26:54.967000,10479,10480,10479,1
2019-08-22,16:27:02.847000,10479,10480,10479,6
2019-08-22,16:27:03.324000,10479,10480,10479,1
2019-08-22,16:27:08.245000,10479,10480,10479,1
2019-08-22,16:27:08.648000,10479,10480,10479,1
2019-08-22,16:27:09.338000,10479,10480,10479,1
2019-08-22,16:27:10.375000,10479,10480,10479,3
2019-08-22,16:27:13.061000,10479,10480,10479,1
2019-08-22,16:27:14.006000,10479,10480,10479,1
2019-08-22,16:27:14.505000,10479,10480,10479,1
2019-08-22,16:27:16.369000,10479,10480,10479,2
2019-08-22,16:27:16.724000,10479,10480,10479,1
2019-08-22,16:27:18.386000,10479,10480,10479,1
2019-08-22,16:27:20.435000,10479,10480,10479,1
2019-08-22,16:27:21.150000,10479,10480,10479,1
2019-08-22,16:27:21.153000,10479,10480,10479,1
2019-08-22,16:27:21.197000,10479,10480,10479,1
2019-08-22,16:27:29.722000,10479,10480,10479,4
2019-08-22,16:27:48.451000,10478,10479,10479,1
2019-08-22,16:27:53.177000,10478,10479,10479,2
2019-08-22,16:27:53.911000,10478,10479,10479,1
2019-08-22,16:27:57.172000,10478,10479,10479,1
2019-08-22,16:28:00.701000,10478,10479,10478,1
2019-08-22,16:28:01.073000,10478,10479,10478,3
2019-08-22,16:28:01.690000,10478,10479,10478,4
2019-08-22,16:28:01.947000,10478,10479,10479,1
2019-08-22,16:28:02.892000,10478,10479,10478,5
2019-08-22,16:28:04.787000,10478,10479,10478,2
2019-08-22,16:28:07.985000,10478,10479,10478,1
2019-08-22,16:28:13.607000,10478,10479,10478,5
2019-08-22,16:28:15.239000,10478,10479,10478,1
2019-08-22,16:28:16.557000,10478,10479,10478,2
2019-08-22,16:28:17.861000,10478,10479,10478,1
2019-08-22,16:28:26.402000,10477,10478,10478,1
2019-08-22,16:28:31.497000,10477,10478,10478,6
2019-08-22,16:28:31.497000,10477,10478,10478,7
2019-08-22,16:28:40.581000,10478,10479,10479,9
2019-08-22,16:28:40.857000,10478,10479,10478,1
2019-08-22,16:28:43.210000,10478,10479,10478,1
2019-08-22,16:28:43.331000,10478,10479,10478,1
2019-08-22,16:28:44.570000,10478,10479,10478,1
2019-08-22,16:28:45.813000,10478,10479,10478,2
2019-08-22,16:28:48.800000,10478,10479,10478,6
2019-08-22,16:28:49.061000,10477,10478,10478,1
2019-08-22,16:28:52.676000,10477,10478,10477,1
2019-08-22,16:28:52.708000,10477,10478,10477,1
2019-08-22,16:28:52.728000,10477,10478,10477,1
2019-08-22,16:28:52.742000,10477,10478,10477,1
2019-08-22,16:28:52.787000,10477,10478,10477,1
2019-08-22,16:29:01.252000,10477,10478,10477,1
2019-08-22,16:29:03.772000,10477,10478,10477,30
2019-08-22,16:29:05.969000,10476,10477,10476,1
2019-08-22,16:29:06.290000,10476,10477,10476,1
2019-08-22,16:29:08.019000,10476,10477,10476,5
2019-08-22,16:29:08.664000,10476,10477,10476,1
2019-08-22,16:29:08.960000,10476,10477,10476,5
2019-08-22,16:29:12.099000,10476,10477,10476,1
2019-08-22,16:29:12.101000,10476,10477,10476,1
2019-08-22,16:29:12.101000,10476,10477,10476,8
2019-08-22,16:29:12.101000,10476,10477,10476,1
2019-08-22,16:29:12.101000,10476,10477,10476,7
2019-08-22,16:29:12.640000,10475,10476,10475,1
