2020-11-05,15:00:00.014000,12891,12893,12891,47
2020-11-05,15:00:00.047000,12891,12892,12891,1
2020-11-05,15:00:00.047000,12891,12892,12891,1
2020-11-05,15:00:00.369000,12891,12892,12892,1
2020-11-05,15:00:00.398000,12891,12892,12891,2
2020-11-05,15:00:00.453000,12891,12892,12891,1
2020-11-05,15:00:00.487000,12891,12892,12892,1
2020-11-05,15:00:00.532000,12891,12892,12892,2
2020-11-05,15:00:00.541000,12891,12892,12891,1
2020-11-05,15:00:00.548000,12891,12892,12891,1
2020-11-05,15:00:00.565000,12891,12892,12891,3
2020-11-05,15:00:00.671000,12891,12892,12892,3
2020-11-05,15:00:00.671000,12891,12892,12893,2
2020-11-05,15:00:00.776000,12892,12893,12893,1
2020-11-05,15:00:00.974000,12892,12893,12893,1
2020-11-05,15:00:00.987000,12892,12893,12893,1
2020-11-05,15:00:00.995000,12892,12893,12893,1
2020-11-05,15:00:01.001000,12892,12893,12892,1
2020-11-05,15:00:01.049000,12892,12893,12892,1
2020-11-05,15:00:01.050000,12892,12893,12892,2
2020-11-05,15:00:01.065000,12892,12893,12893,1
2020-11-05,15:00:01.226000,12892,12893,12892,1
2020-11-05,15:00:01.239000,12892,12893,12892,1
2020-11-05,15:00:01.295000,12892,12893,12892,1
2020-11-05,15:00:01.339000,12892,12893,12892,1
2020-11-05,15:00:01.383000,12891,12893,12891,2
2020-11-05,15:00:01.385000,12891,12893,12891,1
2020-11-05,15:00:01.745000,12892,12893,12893,4
2020-11-05,15:00:01.800000,12892,12893,12892,1
2020-11-05,15:00:01.829000,12892,12893,12893,4
2020-11-05,15:00:01.858000,12892,12894,12892,4
2020-11-05,15:00:01.859000,12892,12894,12893,4
2020-11-05,15:00:02.605000,12892,12893,12893,1
2020-11-05,15:00:03.073000,12893,12894,12893,2
2020-11-05,15:00:03.121000,12893,12894,12893,1
2020-11-05,15:00:03.557000,12893,12894,12894,2
2020-11-05,15:00:03.568000,12893,12894,12894,2
2020-11-05,15:00:03.795000,12893,12894,12893,10
2020-11-05,15:00:04.106000,12892,12893,12892,1
2020-11-05,15:00:04.117000,12892,12893,12891,1
2020-11-05,15:00:04.256000,12891,12892,12891,1
2020-11-05,15:00:04.536000,12891,12892,12891,2
2020-11-05,15:00:04.740000,12891,12892,12891,4
2020-11-05,15:00:04.741000,12891,12892,12891,5
2020-11-05,15:00:04.896000,12890,12891,12891,2
2020-11-05,15:00:05.091000,12890,12891,12891,2
2020-11-05,15:00:05.181000,12890,12891,12890,2
2020-11-05,15:00:05.185000,12890,12891,12890,2
2020-11-05,15:00:05.186000,12890,12891,12890,6
2020-11-05,15:00:05.187000,12890,12891,12890,12
2020-11-05,15:00:05.187000,12890,12891,12890,4
2020-11-05,15:00:05.187000,12890,12891,12890,19
2020-11-05,15:00:05.305000,12889,12890,12889,5
2020-11-05,15:00:05.312000,12889,12890,12889,1
2020-11-05,15:00:05.429000,12889,12890,12890,1
2020-11-05,15:00:05.464000,12889,12890,12889,2
2020-11-05,15:00:05.476000,12889,12890,12890,2
2020-11-05,15:00:05.497000,12889,12890,12890,2
2020-11-05,15:00:05.543000,12889,12890,12889,2
2020-11-05,15:00:05.642000,12889,12890,12889,2
2020-11-05,15:00:06.178000,12888,12890,12888,1
2020-11-05,15:00:07.023000,12889,12890,12890,1
2020-11-05,15:00:08.118000,12890,12891,12890,1
2020-11-05,15:00:08.518000,12889,12891,12889,2
2020-11-05,15:00:08.938000,12889,12890,12889,1
2020-11-05,15:00:09.071000,12889,12890,12890,1
2020-11-05,15:00:09.352000,12889,12890,12889,1
2020-11-05,15:00:09.868000,12888,12890,12888,1
2020-11-05,15:00:10.795000,12888,12889,12889,1
2020-11-05,15:00:10.826000,12888,12889,12889,1
2020-11-05,15:00:11.491000,12889,12890,12889,1
2020-11-05,15:00:13.095000,12888,12890,12888,2
2020-11-05,15:00:13.848000,12888,12889,12889,3
2020-11-05,15:00:13.866000,12888,12889,12888,4
2020-11-05,15:00:14.348000,12888,12889,12889,2
2020-11-05,15:00:17.314000,12888,12889,12888,1
2020-11-05,15:00:17.651000,12888,12889,12889,3
2020-11-05,15:00:18.297000,12888,12889,12889,1
2020-11-05,15:00:18.530000,12888,12889,12889,1
2020-11-05,15:00:19.160000,12888,12889,12888,1
2020-11-05,15:00:19.453000,12888,12889,12889,1
2020-11-05,15:00:19.454000,12888,12889,12889,13
2020-11-05,15:00:20.466000,12889,12890,12889,1
2020-11-05,15:00:21.070000,12889,12890,12889,1
2020-11-05,15:00:21.192000,12889,12890,12889,1
2020-11-05,15:00:21.693000,12889,12890,12890,1
2020-11-05,15:00:21.804000,12889,12890,12889,1
2020-11-05,15:00:22.208000,12889,12890,12889,3
2020-11-05,15:00:25.628000,12889,12890,12889,2
2020-11-05,15:00:26.289000,12889,12890,12890,2
2020-11-05,15:00:28.219000,12889,12890,12890,3
2020-11-05,15:00:29.699000,12889,12890,12890,1
2020-11-05,15:00:29.992000,12889,12890,12890,18
2020-11-05,15:00:29.992000,12889,12890,12890,20
2020-11-05,15:00:30.158000,12890,12891,12890,1
2020-11-05,15:00:30.370000,12890,12891,12891,2
2020-11-05,15:00:30.514000,12891,12892,12891,1
2020-11-05,15:00:31.218000,12891,12892,12891,1
2020-11-05,15:00:33.474000,12891,12892,12891,2
2020-11-05,15:00:36.773000,12891,12892,12891,1
2020-11-05,15:00:37.342000,12891,12892,12892,1
2020-11-05,15:00:37.364000,12891,12892,12892,4
2020-11-05,15:00:37.691000,12892,12893,12892,1
2020-11-05,15:00:38.748000,12892,12893,12892,1
2020-11-05,15:00:40.577000,12892,12893,12892,2
2020-11-05,15:00:41.295000,12892,12893,12893,1
2020-11-05,15:00:42.627000,12892,12893,12893,1
2020-11-05,15:00:43.673000,12892,12893,12893,2
2020-11-05,15:00:49.992000,12892,12893,12893,1
2020-11-05,15:00:51.351000,12892,12893,12893,2
2020-11-05,15:00:51.577000,12892,12893,12893,1
2020-11-05,15:00:53.999000,12892,12893,12892,1
2020-11-05,15:00:54.271000,12892,12893,12892,4
2020-11-05,15:00:54.271000,12892,12893,12892,2
2020-11-05,15:00:54.363000,12891,12892,12892,1
2020-11-05,15:00:56.909000,12891,12892,12892,3
2020-11-05,15:01:00.110000,12891,12892,12892,1
2020-11-05,15:01:00.964000,12891,12892,12892,1
2020-11-05,15:01:01.823000,12891,12892,12891,4
2020-11-05,15:01:02.812000,12891,12892,12891,1
2020-11-05,15:01:02.812000,12891,12892,12891,1
2020-11-05,15:01:04.723000,12890,12891,12891,5
2020-11-05,15:01:05.117000,12890,12892,12891,2
2020-11-05,15:01:12.521000,12891,12892,12891,2
2020-11-05,15:01:12.918000,12890,12891,12891,1
2020-11-05,15:01:17.994000,12890,12891,12891,1
2020-11-05,15:01:18.098000,12890,12892,12890,1
2020-11-05,15:01:18.099000,12890,12892,12890,1
2020-11-05,15:01:19.789000,12890,12891,12890,1
2020-11-05,15:01:25.578000,12890,12891,12890,1
2020-11-05,15:01:26.944000,12890,12891,12891,2
2020-11-05,15:01:28.072000,12890,12891,12891,1
2020-11-05,15:01:28.099000,12890,12891,12890,1
2020-11-05,15:01:30.160000,12890,12891,12891,1
2020-11-05,15:01:31.298000,12890,12891,12891,1
2020-11-05,15:01:31.298000,12890,12891,12891,3
2020-11-05,15:01:31.604000,12891,12892,12892,1
2020-11-05,15:01:33.076000,12891,12892,12891,1
2020-11-05,15:01:33.251000,12891,12892,12891,1
2020-11-05,15:01:40.203000,12891,12892,12891,1
2020-11-05,15:01:42.265000,12891,12892,12891,1
2020-11-05,15:01:42.349000,12891,12892,12891,1
2020-11-05,15:01:42.350000,12891,12892,12891,1
2020-11-05,15:01:43.136000,12891,12892,12892,1
2020-11-05,15:01:43.625000,12891,12892,12891,3
2020-11-05,15:01:44.462000,12891,12892,12891,1
2020-11-05,15:01:44.519000,12891,12892,12891,1
2020-11-05,15:01:55.115000,12891,12892,12892,8
2020-11-05,15:01:57.349000,12891,12892,12892,1
2020-11-05,15:01:58.385000,12892,12893,12892,1
2020-11-05,15:02:02.510000,12892,12893,12893,6
2020-11-05,15:02:04.865000,12892,12893,12893,1
2020-11-05,15:02:06.450000,12892,12893,12892,2
2020-11-05,15:02:08.033000,12892,12893,12893,10
2020-11-05,15:02:13.604000,12892,12893,12893,6
2020-11-05,15:02:14.720000,12893,12894,12893,2
2020-11-05,15:02:16.409000,12893,12894,12893,1
2020-11-05,15:02:17.499000,12893,12894,12894,1
2020-11-05,15:02:17.607000,12893,12894,12893,1
2020-11-05,15:02:20.279000,12893,12894,12893,6
2020-11-05,15:02:22.795000,12893,12894,12893,1
2020-11-05,15:02:24.347000,12893,12894,12894,8
2020-11-05,15:02:24.988000,12894,12895,12895,1
2020-11-05,15:02:25.770000,12894,12895,12895,1
2020-11-05,15:02:27.496000,12894,12895,12895,14
2020-11-05,15:02:27.598000,12895,12896,12896,32
2020-11-05,15:02:27.599000,12895,12896,12896,1
2020-11-05,15:02:27.599000,12895,12896,12896,2
2020-11-05,15:02:28.021000,12896,12897,12896,1
2020-11-05,15:02:28.275000,12896,12897,12897,16
2020-11-05,15:02:28.368000,12896,12898,12896,2
2020-11-05,15:02:28.533000,12896,12898,12896,1
2020-11-05,15:02:28.698000,12896,12898,12898,1
2020-11-05,15:02:29.294000,12897,12898,12898,5
2020-11-05,15:02:29.303000,12897,12898,12898,9
2020-11-05,15:02:30.405000,12898,12899,12899,8
2020-11-05,15:02:30.701000,12898,12899,12899,1
2020-11-05,15:02:30.764000,12898,12899,12899,1
2020-11-05,15:02:30.779000,12898,12899,12899,1
2020-11-05,15:02:30.850000,12898,12899,12899,1
2020-11-05,15:02:31.110000,12898,12900,12900,1
2020-11-05,15:02:31.124000,12898,12900,12898,1
2020-11-05,15:02:31.243000,12898,12900,12900,2
2020-11-05,15:02:31.299000,12898,12900,12899,2
2020-11-05,15:02:31.346000,12898,12900,12900,1
2020-11-05,15:02:31.373000,12898,12900,12900,2
2020-11-05,15:02:31.462000,12898,12900,12900,1
2020-11-05,15:02:31.470000,12898,12900,12900,1
2020-11-05,15:02:31.472000,12899,12900,12900,2
2020-11-05,15:02:31.605000,12899,12900,12900,1
2020-11-05,15:02:31.718000,12899,12900,12901,1
2020-11-05,15:02:31.746000,12899,12901,12899,2
2020-11-05,15:02:31.997000,12899,12901,12901,1
2020-11-05,15:02:32.028000,12899,12901,12901,3
2020-11-05,15:02:32.030000,12899,12901,12901,2
2020-11-05,15:02:32.043000,12899,12901,12901,1
2020-11-05,15:02:32.071000,12899,12901,12901,1
2020-11-05,15:02:32.156000,12899,12901,12901,1
2020-11-05,15:02:32.285000,12899,12901,12901,1
2020-11-05,15:02:32.913000,12899,12901,12899,2
2020-11-05,15:02:32.927000,12899,12901,12899,1
2020-11-05,15:02:33.616000,12899,12900,12900,1
2020-11-05,15:02:34.270000,12899,12901,12899,1
2020-11-05,15:02:35.413000,12899,12900,12900,1
2020-11-05,15:02:36.106000,12900,12901,12900,1
2020-11-05,15:02:36.119000,12900,12901,12900,2
2020-11-05,15:02:37.924000,12900,12901,12900,1
2020-11-05,15:02:38.223000,12900,12901,12901,1
2020-11-05,15:02:38.269000,12900,12901,12900,3
2020-11-05,15:02:38.316000,12900,12901,12900,1
2020-11-05,15:02:38.317000,12900,12901,12900,4
2020-11-05,15:02:38.352000,12899,12901,12901,1
2020-11-05,15:02:39.565000,12900,12901,12900,1
2020-11-05,15:02:39.764000,12900,12901,12901,1
2020-11-05,15:02:41.139000,12900,12901,12901,1
2020-11-05,15:02:41.472000,12900,12901,12900,1
2020-11-05,15:02:42.201000,12900,12901,12901,1
2020-11-05,15:02:43.071000,12900,12901,12901,6
2020-11-05,15:02:43.302000,12901,12902,12902,1
2020-11-05,15:02:43.303000,12901,12902,12902,7
2020-11-05,15:02:43.421000,12902,12903,12903,2
2020-11-05,15:02:43.421000,12902,12903,12903,7
2020-11-05,15:02:43.503000,12903,12904,12904,1
2020-11-05,15:02:43.602000,12903,12904,12904,1
2020-11-05,15:02:43.635000,12903,12904,12904,2
2020-11-05,15:02:43.641000,12903,12904,12904,8
2020-11-05,15:02:43.642000,12903,12904,12904,10
2020-11-05,15:02:43.644000,12903,12904,12905,2
2020-11-05,15:02:43.729000,12903,12905,12905,3
2020-11-05,15:02:43.777000,12903,12905,12905,3
2020-11-05,15:02:43.963000,12903,12905,12905,1
2020-11-05,15:02:44.272000,12903,12905,12905,1
2020-11-05,15:02:44.308000,12903,12905,12905,3
2020-11-05,15:02:44.350000,12903,12905,12903,1
2020-11-05,15:02:44.352000,12903,12905,12905,1
2020-11-05,15:02:44.448000,12903,12905,12905,1
2020-11-05,15:02:44.953000,12904,12905,12905,4
2020-11-05,15:02:45.588000,12905,12906,12905,1
2020-11-05,15:02:45.919000,12904,12905,12904,3
2020-11-05,15:02:46.306000,12903,12905,12903,1
2020-11-05,15:02:46.343000,12903,12905,12905,1
2020-11-05,15:02:46.363000,12903,12905,12903,4
2020-11-05,15:02:46.365000,12903,12905,12903,4
2020-11-05,15:02:46.832000,12903,12905,12904,1
2020-11-05,15:02:46.910000,12903,12905,12903,1
2020-11-05,15:02:47.105000,12903,12905,12904,1
2020-11-05,15:02:47.734000,12903,12905,12903,1
2020-11-05,15:02:47.970000,12903,12905,12903,1
2020-11-05,15:02:49.190000,12903,12905,12905,1
2020-11-05,15:02:49.483000,12903,12905,12905,4
2020-11-05,15:02:49.863000,12903,12905,12903,1
2020-11-05,15:02:50.924000,12903,12904,12904,1
2020-11-05,15:02:51.750000,12904,12905,12904,1
2020-11-05,15:02:53.300000,12904,12905,12904,1
2020-11-05,15:02:53.302000,12904,12905,12904,1
2020-11-05,15:02:54.535000,12904,12905,12905,1
2020-11-05,15:02:54.580000,12904,12905,12905,2
2020-11-05,15:02:54.601000,12904,12905,12905,2
2020-11-05,15:02:54.602000,12904,12905,12905,2
2020-11-05,15:02:55.129000,12905,12906,12905,2
2020-11-05,15:02:56.286000,12905,12906,12905,1
2020-11-05,15:02:56.513000,12905,12906,12906,3
2020-11-05,15:02:56.964000,12905,12906,12905,1
2020-11-05,15:02:57.116000,12905,12906,12906,4
2020-11-05,15:02:57.116000,12905,12906,12907,1
2020-11-05,15:02:57.541000,12906,12907,12907,2
2020-11-05,15:02:57.872000,12906,12907,12906,1
2020-11-05,15:02:58.489000,12906,12907,12906,3
2020-11-05,15:02:58.520000,12906,12907,12906,1
2020-11-05,15:02:58.952000,12905,12906,12906,1
2020-11-05,15:02:59.137000,12906,12907,12906,2
2020-11-05,15:02:59.834000,12906,12907,12907,9
2020-11-05,15:02:59.835000,12906,12907,12907,4
2020-11-05,15:03:00.237000,12906,12908,12906,1
2020-11-05,15:03:00.362000,12906,12907,12907,1
2020-11-05,15:03:00.362000,12906,12907,12908,1
2020-11-05,15:03:00.362000,12906,12907,12908,2
2020-11-05,15:03:00.379000,12906,12907,12908,2
2020-11-05,15:03:00.653000,12907,12908,12908,1
2020-11-05,15:03:00.717000,12907,12908,12908,1
2020-11-05,15:03:00.846000,12907,12908,12908,1
2020-11-05,15:03:01.199000,12906,12907,12907,1
2020-11-05,15:03:01.224000,12906,12908,12908,1
2020-11-05,15:03:01.224000,12906,12908,12908,1
2020-11-05,15:03:01.227000,12906,12908,12908,1
2020-11-05,15:03:01.566000,12906,12907,12907,1
2020-11-05,15:03:01.667000,12906,12907,12907,1
2020-11-05,15:03:01.701000,12906,12907,12907,1
2020-11-05,15:03:01.701000,12906,12907,12908,2
2020-11-05,15:03:01.852000,12906,12907,12906,1
2020-11-05,15:03:02.486000,12906,12907,12907,1
2020-11-05,15:03:02.508000,12906,12907,12907,2
2020-11-05,15:03:02.650000,12906,12907,12907,3
2020-11-05,15:03:02.664000,12906,12907,12908,1
2020-11-05,15:03:03.494000,12906,12907,12907,3
2020-11-05,15:03:04.598000,12906,12907,12907,1
2020-11-05,15:03:05.222000,12906,12907,12907,1
2020-11-05,15:03:05.598000,12906,12907,12906,4
2020-11-05,15:03:06.117000,12905,12906,12906,2
2020-11-05,15:03:07.188000,12905,12906,12906,1
2020-11-05,15:03:07.224000,12905,12906,12906,2
2020-11-05,15:03:07.224000,12905,12906,12906,1
2020-11-05,15:03:07.224000,12905,12906,12907,1
2020-11-05,15:03:07.344000,12905,12906,12907,1
2020-11-05,15:03:07.580000,12906,12907,12907,1
2020-11-05,15:03:07.602000,12906,12907,12907,2
2020-11-05,15:03:08.661000,12906,12907,12907,1
2020-11-05,15:03:09.616000,12906,12908,12906,1
2020-11-05,15:03:10.833000,12906,12907,12906,1
2020-11-05,15:03:10.885000,12906,12907,12907,3
2020-11-05,15:03:12.210000,12906,12908,12908,2
2020-11-05,15:03:13.664000,12906,12907,12907,1
2020-11-05,15:03:14.096000,12906,12908,12907,1
2020-11-05,15:03:14.873000,12907,12908,12907,1
2020-11-05,15:03:15.961000,12906,12908,12908,1
2020-11-05,15:03:16.924000,12906,12907,12906,2
2020-11-05,15:03:17.217000,12906,12907,12907,1
2020-11-05,15:03:17.224000,12906,12907,12907,2
2020-11-05,15:03:17.225000,12906,12907,12907,2
2020-11-05,15:03:17.225000,12906,12907,12908,1
2020-11-05,15:03:17.225000,12906,12907,12908,1
2020-11-05,15:03:17.226000,12906,12907,12908,1
2020-11-05,15:03:17.226000,12906,12907,12908,1
2020-11-05,15:03:17.226000,12906,12907,12908,1
2020-11-05,15:03:17.228000,12906,12907,12908,1
2020-11-05,15:03:17.229000,12906,12907,12908,1
2020-11-05,15:03:17.229000,12906,12907,12908,1
2020-11-05,15:03:17.230000,12906,12907,12908,1
2020-11-05,15:03:17.232000,12906,12907,12908,1
2020-11-05,15:03:17.233000,12906,12907,12908,1
2020-11-05,15:03:17.233000,12906,12907,12908,1
2020-11-05,15:03:17.301000,12906,12907,12908,6
2020-11-05,15:03:17.328000,12906,12907,12907,1
2020-11-05,15:03:17.686000,12907,12909,12907,2
2020-11-05,15:03:18.899000,12907,12909,12907,1
2020-11-05,15:03:20.189000,12907,12909,12908,1
2020-11-05,15:03:21.456000,12908,12909,12908,1
2020-11-05,15:03:23.479000,12908,12909,12909,1
2020-11-05,15:03:23.834000,12908,12909,12908,2
2020-11-05,15:03:24.095000,12908,12909,12909,4
2020-11-05,15:03:24.096000,12908,12909,12909,9
2020-11-05,15:03:24.096000,12908,12909,12909,1
2020-11-05,15:03:24.096000,12908,12909,12909,1
2020-11-05,15:03:24.123000,12909,12910,12910,2
2020-11-05,15:03:24.164000,12909,12910,12909,1
2020-11-05,15:03:24.169000,12909,12910,12909,1
2020-11-05,15:03:24.733000,12908,12910,12908,1
2020-11-05,15:03:25.218000,12908,12910,12910,3
2020-11-05,15:03:25.411000,12909,12910,12910,15
2020-11-05,15:03:26.102000,12909,12911,12909,1
2020-11-05,15:03:26.487000,12909,12911,12911,1
2020-11-05,15:03:26.667000,12909,12911,12911,1
2020-11-05,15:03:26.681000,12909,12911,12911,1
2020-11-05,15:03:26.701000,12909,12911,12911,1
2020-11-05,15:03:26.761000,12909,12911,12911,1
2020-11-05,15:03:26.801000,12909,12911,12912,1
2020-11-05,15:03:26.807000,12909,12911,12912,1
2020-11-05,15:03:26.812000,12909,12911,12912,2
2020-11-05,15:03:26.920000,12910,12912,12912,2
2020-11-05,15:03:26.989000,12910,12912,12912,1
2020-11-05,15:03:27.114000,12911,12912,12912,5
2020-11-05,15:03:27.146000,12911,12912,12912,1
2020-11-05,15:03:27.172000,12911,12912,12912,2
2020-11-05,15:03:27.224000,12911,12912,12912,2
2020-11-05,15:03:27.224000,12911,12912,12912,2
2020-11-05,15:03:27.227000,12911,12912,12912,1
2020-11-05,15:03:27.288000,12911,12912,12913,4
2020-11-05,15:03:27.294000,12911,12912,12913,1
2020-11-05,15:03:27.433000,12912,12913,12912,1
2020-11-05,15:03:27.486000,12912,12913,12913,1
2020-11-05,15:03:27.511000,12912,12913,12912,3
2020-11-05,15:03:27.523000,12912,12913,12912,1
2020-11-05,15:03:27.674000,12911,12913,12913,1
2020-11-05,15:03:27.688000,12911,12913,12913,1
2020-11-05,15:03:28.091000,12912,12914,12914,2
2020-11-05,15:03:28.134000,12912,12914,12914,5
2020-11-05,15:03:28.434000,12912,12914,12914,1
2020-11-05,15:03:28.654000,12912,12913,12913,2
2020-11-05,15:03:28.803000,12912,12914,12912,1
2020-11-05,15:03:30.263000,12912,12913,12913,3
2020-11-05,15:03:30.514000,12912,12913,12912,1
2020-11-05,15:03:30.719000,12912,12913,12912,1
2020-11-05,15:03:32.600000,12912,12913,12913,1
2020-11-05,15:03:32.927000,12912,12913,12913,1
2020-11-05,15:03:33.657000,12912,12913,12912,2
2020-11-05,15:03:33.737000,12911,12912,12912,1
2020-11-05,15:03:34.049000,12912,12913,12913,1
2020-11-05,15:03:34.230000,12912,12913,12913,1
2020-11-05,15:03:34.314000,12912,12913,12912,1
2020-11-05,15:03:35.094000,12912,12913,12912,1
2020-11-05,15:03:35.266000,12912,12913,12913,1
2020-11-05,15:03:36.130000,12912,12913,12913,1
2020-11-05,15:03:36.642000,12912,12913,12912,1
2020-11-05,15:03:37.608000,12912,12913,12912,1
2020-11-05,15:03:37.723000,12912,12913,12913,1
2020-11-05,15:03:37.723000,12912,12913,12913,2
2020-11-05,15:03:37.724000,12912,12913,12913,2
2020-11-05,15:03:37.724000,12912,12913,12914,1
2020-11-05,15:03:37.724000,12912,12913,12914,1
2020-11-05,15:03:37.724000,12912,12913,12914,1
2020-11-05,15:03:37.725000,12912,12913,12914,1
2020-11-05,15:03:37.725000,12912,12913,12914,1
2020-11-05,15:03:37.725000,12912,12913,12914,1
2020-11-05,15:03:37.726000,12912,12913,12914,1
2020-11-05,15:03:37.727000,12912,12913,12914,1
2020-11-05,15:03:37.727000,12912,12913,12914,1
2020-11-05,15:03:37.727000,12912,12913,12914,1
2020-11-05,15:03:37.728000,12912,12913,12914,1
2020-11-05,15:03:38.208000,12913,12914,12914,9
2020-11-05,15:03:39.018000,12913,12915,12913,3
2020-11-05,15:03:39.491000,12913,12915,12914,1
2020-11-05,15:03:40.480000,12913,12914,12913,1
2020-11-05,15:03:41.753000,12913,12914,12913,2
2020-11-05,15:03:42.123000,12912,12914,12913,1
2020-11-05,15:03:42.163000,12912,12914,12912,1
2020-11-05,15:03:42.729000,12912,12914,12913,1
2020-11-05,15:03:43.590000,12913,12914,12913,4
2020-11-05,15:03:43.931000,12913,12914,12914,1
2020-11-05,15:03:45.018000,12913,12914,12914,2
2020-11-05,15:03:45.241000,12913,12914,12914,1
2020-11-05,15:03:46.429000,12913,12914,12913,1
2020-11-05,15:03:46.884000,12913,12914,12913,1
2020-11-05,15:03:47.174000,12913,12914,12914,3
2020-11-05,15:03:47.223000,12913,12914,12914,1
2020-11-05,15:03:47.226000,12913,12914,12914,1
2020-11-05,15:03:48.355000,12913,12914,12914,3
2020-11-05,15:03:49.565000,12913,12915,12915,1
2020-11-05,15:03:50.041000,12913,12914,12914,1
2020-11-05,15:03:52.069000,12913,12914,12913,4
2020-11-05,15:03:52.718000,12912,12914,12914,5
2020-11-05,15:03:54.532000,12912,12913,12912,20
2020-11-05,15:03:54.532000,12912,12913,12912,1
2020-11-05,15:03:54.532000,12912,12913,12912,4
2020-11-05,15:03:54.574000,12912,12913,12912,2
2020-11-05,15:03:54.851000,12911,12912,12911,1
2020-11-05,15:03:56.807000,12910,12911,12910,1
2020-11-05,15:03:56.811000,12910,12911,12911,1
2020-11-05,15:03:57.643000,12910,12911,12911,1
2020-11-05,15:04:00.356000,12912,12913,12912,1
2020-11-05,15:04:01.181000,12913,12914,12913,1
2020-11-05,15:04:01.224000,12913,12914,12914,1
2020-11-05,15:04:01.536000,12913,12914,12913,1
2020-11-05,15:04:02.088000,12913,12914,12913,3
2020-11-05,15:04:02.405000,12913,12914,12913,1
2020-11-05,15:04:02.494000,12913,12914,12914,1
2020-11-05,15:04:02.753000,12913,12914,12913,1
2020-11-05,15:04:06.446000,12912,12913,12912,1
2020-11-05,15:04:07.248000,12911,12913,12912,1
2020-11-05,15:04:08.565000,12911,12912,12912,1
2020-11-05,15:04:09.430000,12911,12913,12913,1
2020-11-05,15:04:11.725000,12912,12913,12913,1
2020-11-05,15:04:12.100000,12912,12913,12912,1
2020-11-05,15:04:12.262000,12911,12912,12912,1
2020-11-05,15:04:12.386000,12911,12912,12911,1
2020-11-05,15:04:13.360000,12911,12912,12911,1
2020-11-05,15:04:14.294000,12911,12912,12911,4
2020-11-05,15:04:14.294000,12911,12912,12911,8
2020-11-05,15:04:15.597000,12911,12912,12911,2
2020-11-05,15:04:15.772000,12910,12912,12910,3
2020-11-05,15:04:18.492000,12910,12911,12910,1
2020-11-05,15:04:18.669000,12910,12911,12910,1
2020-11-05,15:04:18.957000,12910,12911,12910,1
2020-11-05,15:04:19.973000,12910,12911,12910,1
2020-11-05,15:04:22.228000,12910,12911,12911,1
2020-11-05,15:04:22.423000,12910,12911,12910,2
2020-11-05,15:04:23.484000,12910,12911,12910,1
2020-11-05,15:04:24.112000,12909,12910,12909,2
2020-11-05,15:04:24.112000,12909,12910,12909,7
2020-11-05,15:04:26.055000,12908,12909,12909,1
2020-11-05,15:04:26.055000,12908,12909,12910,1
2020-11-05,15:04:26.849000,12909,12910,12910,4
2020-11-05,15:04:29.317000,12909,12910,12909,1
2020-11-05,15:04:31.842000,12909,12910,12909,1
2020-11-05,15:04:32.858000,12909,12910,12909,2
2020-11-05,15:04:33.707000,12909,12910,12910,3
2020-11-05,15:04:33.761000,12909,12910,12909,11
2020-11-05,15:04:33.762000,12909,12910,12909,4
2020-11-05,15:04:34.713000,12908,12909,12909,2
2020-11-05,15:04:34.961000,12908,12910,12910,5
2020-11-05,15:04:43.636000,12909,12910,12909,1
2020-11-05,15:04:49.862000,12909,12910,12910,4
2020-11-05,15:04:50.908000,12909,12910,12910,2
2020-11-05,15:04:53.877000,12909,12910,12909,1
2020-11-05,15:04:55.001000,12909,12910,12909,1
2020-11-05,15:05:00.563000,12909,12910,12909,1
2020-11-05,15:05:01.415000,12909,12910,12909,4
2020-11-05,15:05:01.415000,12909,12910,12909,2
2020-11-05,15:05:01.420000,12909,12910,12909,1
2020-11-05,15:05:01.822000,12908,12909,12908,9
2020-11-05,15:05:06.403000,12908,12909,12908,1
2020-11-05,15:05:06.620000,12907,12909,12908,1
2020-11-05,15:05:07.978000,12908,12909,12908,1
2020-11-05,15:05:10.803000,12908,12909,12908,1
2020-11-05,15:05:12.416000,12908,12909,12908,2
2020-11-05,15:05:14.805000,12907,12909,12908,1
2020-11-05,15:05:16.039000,12908,12909,12908,1
2020-11-05,15:05:18.453000,12908,12909,12909,6
2020-11-05,15:05:27.355000,12909,12910,12909,2
2020-11-05,15:05:30.100000,12909,12910,12909,1
2020-11-05,15:05:31.088000,12909,12910,12910,14
2020-11-05,15:05:31.088000,12909,12910,12910,4
2020-11-05,15:05:31.089000,12909,12910,12910,2
2020-11-05,15:05:38.135000,12910,12911,12910,1
2020-11-05,15:05:42.664000,12910,12911,12910,1
2020-11-05,15:05:54.701000,12909,12910,12910,11
2020-11-05,15:05:56.650000,12910,12911,12910,1
2020-11-05,15:05:57.219000,12910,12911,12910,1
2020-11-05,15:05:57.219000,12910,12911,12910,2
2020-11-05,15:05:57.907000,12909,12910,12910,2
2020-11-05,15:05:58.254000,12909,12910,12910,1
2020-11-05,15:06:00.100000,12909,12911,12911,1
2020-11-05,15:06:00.107000,12909,12911,12911,1
2020-11-05,15:06:00.123000,12909,12911,12911,1
2020-11-05,15:06:00.125000,12909,12911,12911,1
2020-11-05,15:06:00.131000,12909,12911,12911,1
2020-11-05,15:06:00.143000,12909,12911,12911,1
2020-11-05,15:06:00.155000,12909,12911,12911,1
2020-11-05,15:06:00.480000,12910,12911,12911,1
2020-11-05,15:06:00.480000,12910,12911,12911,3
2020-11-05,15:06:00.628000,12910,12912,12910,1
2020-11-05,15:06:01.079000,12910,12911,12911,1
2020-11-05,15:06:01.296000,12910,12911,12910,1
2020-11-05,15:06:02.894000,12910,12912,12912,1
2020-11-05,15:06:13.570000,12910,12911,12911,1
2020-11-05,15:06:17.725000,12910,12911,12911,1
2020-11-05,15:06:19.420000,12910,12912,12910,1
2020-11-05,15:06:20.191000,12910,12911,12911,1
2020-11-05,15:06:21.547000,12910,12911,12910,1
2020-11-05,15:06:24.132000,12910,12911,12910,1
2020-11-05,15:06:24.858000,12910,12911,12911,1
2020-11-05,15:06:30.433000,12910,12911,12911,1
2020-11-05,15:06:31.933000,12910,12911,12910,1
2020-11-05,15:06:31.973000,12910,12911,12911,1
2020-11-05,15:06:32.231000,12910,12911,12911,1
2020-11-05,15:06:32.231000,12910,12911,12911,1
2020-11-05,15:06:32.231000,12910,12911,12911,3
2020-11-05,15:06:33.142000,12911,12912,12912,2
2020-11-05,15:06:33.143000,12911,12912,12912,18
2020-11-05,15:06:34.059000,12912,12913,12912,1
2020-11-05,15:06:34.789000,12912,12913,12912,1
2020-11-05,15:06:37.533000,12911,12912,12911,3
2020-11-05,15:06:40.959000,12911,12912,12911,1
2020-11-05,15:06:42.783000,12910,12911,12911,9
2020-11-05,15:06:45.756000,12911,12912,12912,1
2020-11-05,15:06:46.800000,12911,12912,12912,3
2020-11-05,15:06:50.926000,12911,12912,12911,2
2020-11-05,15:06:52.472000,12911,12912,12911,1
2020-11-05,15:06:53.888000,12910,12911,12911,2
2020-11-05,15:07:00.512000,12910,12911,12911,1
2020-11-05,15:07:00.600000,12910,12911,12911,5
2020-11-05,15:07:03.966000,12910,12911,12910,11
2020-11-05,15:07:04.722000,12909,12910,12910,1
2020-11-05,15:07:05.594000,12909,12910,12909,1
2020-11-05,15:07:05.675000,12909,12910,12910,2
2020-11-05,15:07:05.840000,12909,12911,12911,1
2020-11-05,15:07:09.415000,12910,12911,12911,2
2020-11-05,15:07:16.303000,12910,12911,12911,2
2020-11-05,15:07:17.942000,12911,12912,12911,1
2020-11-05,15:07:22.705000,12911,12912,12912,1
2020-11-05,15:07:23.035000,12911,12912,12912,1
2020-11-05,15:07:23.036000,12911,12912,12912,7
2020-11-05,15:07:23.090000,12911,12912,12912,1
2020-11-05,15:07:23.619000,12912,12913,12912,1
2020-11-05,15:07:25.303000,12912,12913,12912,1
2020-11-05,15:07:26.351000,12911,12913,12911,2
2020-11-05,15:07:32.500000,12911,12912,12911,1
2020-11-05,15:07:32.501000,12911,12912,12911,4
2020-11-05,15:07:33.942000,12910,12911,12910,1
2020-11-05,15:07:34.204000,12910,12911,12910,4
2020-11-05,15:07:34.317000,12909,12910,12910,1
2020-11-05,15:07:38.416000,12909,12911,12911,1
2020-11-05,15:07:39.860000,12910,12911,12910,1
2020-11-05,15:07:50.158000,12909,12910,12910,1
2020-11-05,15:07:50.537000,12909,12910,12909,4
2020-11-05,15:07:50.537000,12909,12910,12909,2
2020-11-05,15:07:52.210000,12908,12909,12909,2
2020-11-05,15:07:57.550000,12908,12909,12909,3
2020-11-05,15:08:06.652000,12909,12910,12909,2
2020-11-05,15:08:06.652000,12909,12910,12909,5
2020-11-05,15:08:09.399000,12908,12909,12908,3
2020-11-05,15:08:09.704000,12908,12909,12908,1
2020-11-05,15:08:14.138000,12908,12909,12909,1
2020-11-05,15:08:15.250000,12909,12910,12909,1
2020-11-05,15:08:15.379000,12909,12910,12909,1
2020-11-05,15:08:17.864000,12908,12909,12908,1
2020-11-05,15:08:18.699000,12908,12909,12908,1
2020-11-05,15:08:20.012000,12908,12909,12908,4
2020-11-05,15:08:20.012000,12908,12909,12908,6
2020-11-05,15:08:21.436000,12907,12908,12907,1
2020-11-05,15:08:21.673000,12907,12908,12907,1
2020-11-05,15:08:21.733000,12907,12908,12907,5
2020-11-05,15:08:21.742000,12907,12908,12907,1
2020-11-05,15:08:26.839000,12907,12908,12907,1
2020-11-05,15:08:27.697000,12907,12908,12907,1
2020-11-05,15:08:27.865000,12907,12908,12907,1
2020-11-05,15:08:27.960000,12907,12908,12907,1
2020-11-05,15:08:28.342000,12907,12908,12907,2
2020-11-05,15:08:28.342000,12907,12908,12907,3
2020-11-05,15:08:30.138000,12906,12907,12906,1
2020-11-05,15:08:30.455000,12906,12907,12906,1
2020-11-05,15:08:30.628000,12906,12907,12906,1
2020-11-05,15:08:33.345000,12906,12907,12906,2
2020-11-05,15:08:33.411000,12906,12907,12906,1
2020-11-05,15:08:35.344000,12905,12906,12905,1
2020-11-05,15:08:35.392000,12905,12906,12905,3
2020-11-05,15:08:36.240000,12905,12906,12905,1
2020-11-05,15:08:36.460000,12905,12906,12905,2
2020-11-05,15:08:38.426000,12905,12906,12905,1
2020-11-05,15:08:43.544000,12904,12905,12904,1
2020-11-05,15:08:43.806000,12904,12905,12904,3
2020-11-05,15:08:43.810000,12904,12905,12903,16
2020-11-05,15:08:44.380000,12903,12904,12903,1
2020-11-05,15:08:46.291000,12903,12904,12903,1
2020-11-05,15:08:46.448000,12903,12904,12903,1
2020-11-05,15:08:48.999000,12903,12904,12903,1
2020-11-05,15:08:50.561000,12903,12904,12903,1
2020-11-05,15:08:52.012000,12903,12904,12904,1
2020-11-05,15:08:52.326000,12903,12904,12904,1
2020-11-05,15:08:52.347000,12903,12904,12904,2
2020-11-05,15:08:53.477000,12903,12904,12903,1
2020-11-05,15:08:55.003000,12903,12904,12903,1
2020-11-05,15:08:56.018000,12903,12904,12903,1
2020-11-05,15:08:58.225000,12903,12904,12904,1
2020-11-05,15:09:05.618000,12903,12904,12904,1
2020-11-05,15:09:06.508000,12903,12904,12903,2
2020-11-05,15:09:06.597000,12903,12904,12903,3
2020-11-05,15:09:07.161000,12902,12903,12903,1
2020-11-05,15:09:07.172000,12902,12903,12902,3
2020-11-05,15:09:07.398000,12902,12903,12902,1
2020-11-05,15:09:09.995000,12902,12903,12903,1
2020-11-05,15:09:10.097000,12902,12903,12903,3
2020-11-05,15:09:10.515000,12903,12904,12903,4
2020-11-05,15:09:11.490000,12903,12904,12903,1
2020-11-05,15:09:14.881000,12903,12904,12903,2
2020-11-05,15:09:18.990000,12903,12904,12903,2
2020-11-05,15:09:20.161000,12903,12904,12903,1
2020-11-05,15:09:21.852000,12902,12903,12902,1
2020-11-05,15:09:23.722000,12902,12903,12903,3
2020-11-05,15:09:24.002000,12903,12904,12903,1
2020-11-05,15:09:24.988000,12903,12904,12903,2
2020-11-05,15:09:28.568000,12902,12903,12902,1
2020-11-05,15:09:30.593000,12902,12903,12903,1
2020-11-05,15:09:35.451000,12902,12903,12903,25
2020-11-05,15:09:35.516000,12903,12904,12903,1
2020-11-05,15:09:37.423000,12903,12904,12904,3
2020-11-05,15:09:39.089000,12903,12904,12904,1
2020-11-05,15:09:40.523000,12903,12904,12904,2
2020-11-05,15:09:40.523000,12903,12904,12904,1
2020-11-05,15:09:40.523000,12903,12904,12904,4
2020-11-05,15:09:40.523000,12903,12904,12904,2
2020-11-05,15:09:40.523000,12903,12904,12904,3
2020-11-05,15:09:45.372000,12904,12905,12904,1
2020-11-05,15:09:45.907000,12903,12904,12903,1
2020-11-05,15:09:47.906000,12903,12904,12904,1
2020-11-05,15:09:49.790000,12903,12904,12903,4
2020-11-05,15:09:53.507000,12903,12904,12904,1
2020-11-05,15:09:53.764000,12903,12904,12903,1
2020-11-05,15:09:55.467000,12903,12904,12903,2
2020-11-05,15:10:01.978000,12903,12904,12903,1
2020-11-05,15:10:01.979000,12903,12904,12903,5
2020-11-05,15:10:01.979000,12903,12904,12903,3
2020-11-05,15:10:02.518000,12902,12903,12903,4
2020-11-05,15:10:02.613000,12902,12903,12903,1
2020-11-05,15:10:02.613000,12902,12903,12904,1
2020-11-05,15:10:02.745000,12902,12904,12904,2
2020-11-05,15:10:02.936000,12902,12903,12903,2
2020-11-05,15:10:02.936000,12902,12903,12904,2
2020-11-05,15:10:03.363000,12903,12904,12904,2
2020-11-05,15:10:03.414000,12903,12904,12905,2
2020-11-05,15:10:03.448000,12903,12904,12905,2
2020-11-05,15:10:03.452000,12903,12904,12905,2
2020-11-05,15:10:03.486000,12903,12905,12905,1
2020-11-05,15:10:03.512000,12903,12905,12905,1
2020-11-05,15:10:09.183000,12903,12904,12904,3
2020-11-05,15:10:09.183000,12903,12904,12904,2
2020-11-05,15:10:14.050000,12904,12905,12905,8
2020-11-05,15:10:14.050000,12904,12905,12905,1
2020-11-05,15:10:19.508000,12905,12906,12906,1
2020-11-05,15:10:19.509000,12905,12906,12906,1
2020-11-05,15:10:25.733000,12906,12907,12907,2
2020-11-05,15:10:30.121000,12906,12907,12907,1
2020-11-05,15:10:30.157000,12906,12907,12907,1
2020-11-05,15:10:30.624000,12907,12908,12908,1
2020-11-05,15:10:30.624000,12907,12908,12908,2
2020-11-05,15:10:30.624000,12907,12908,12908,1
2020-11-05,15:10:31.257000,12908,12909,12909,1
2020-11-05,15:10:36.195000,12908,12909,12909,1
2020-11-05,15:10:36.195000,12908,12909,12909,1
2020-11-05,15:10:37.289000,12907,12909,12907,1
2020-11-05,15:10:50.017000,12908,12909,12908,1
2020-11-05,15:10:52.325000,12908,12909,12908,4
2020-11-05,15:10:56.482000,12907,12908,12908,5
2020-11-05,15:10:57.814000,12907,12908,12908,2
2020-11-05,15:11:00.557000,12907,12908,12908,2
2020-11-05,15:11:03.596000,12908,12909,12909,1
2020-11-05,15:11:03.596000,12908,12909,12909,5
2020-11-05,15:11:06.277000,12908,12910,12910,1
2020-11-05,15:11:11.650000,12908,12909,12909,2
2020-11-05,15:11:11.650000,12908,12909,12909,3
2020-11-05,15:11:12.296000,12909,12910,12909,1
2020-11-05,15:11:12.545000,12909,12910,12910,4
2020-11-05,15:11:12.545000,12909,12910,12910,9
2020-11-05,15:11:12.713000,12910,12911,12910,1
2020-11-05,15:11:12.912000,12910,12911,12910,1
2020-11-05,15:11:15.919000,12910,12911,12910,1
2020-11-05,15:11:17.783000,12910,12911,12910,4
2020-11-05,15:11:17.783000,12910,12911,12910,1
2020-11-05,15:11:17.783000,12910,12911,12910,11
2020-11-05,15:11:19.207000,12908,12910,12908,1
2020-11-05,15:11:22.518000,12908,12910,12910,1
2020-11-05,15:11:29.894000,12908,12909,12909,4
2020-11-05,15:11:30.145000,12909,12910,12909,8
2020-11-05,15:11:36.804000,12908,12909,12908,4
2020-11-05,15:11:36.804000,12908,12909,12908,4
2020-11-05,15:11:37.762000,12907,12908,12907,2
2020-11-05,15:11:40.326000,12908,12909,12909,3
2020-11-05,15:11:41.005000,12909,12910,12909,1
2020-11-05,15:11:41.427000,12909,12910,12910,5
2020-11-05,15:11:42.223000,12910,12911,12910,1
2020-11-05,15:11:43.136000,12910,12911,12910,1
2020-11-05,15:11:44.369000,12910,12911,12911,1
2020-11-05,15:11:44.928000,12910,12911,12910,1
2020-11-05,15:11:47.343000,12910,12911,12911,1
2020-11-05,15:11:50.650000,12910,12911,12911,2
2020-11-05,15:11:50.650000,12910,12911,12911,2
2020-11-05,15:11:53.820000,12911,12912,12912,2
2020-11-05,15:11:54.521000,12911,12912,12912,1
2020-11-05,15:11:54.706000,12911,12912,12912,1
2020-11-05,15:12:00.075000,12911,12912,12912,4
2020-11-05,15:12:00.191000,12912,12913,12913,3
2020-11-05,15:12:00.226000,12912,12913,12913,1
2020-11-05,15:12:00.266000,12912,12913,12913,2
2020-11-05,15:12:00.578000,12912,12913,12912,2
2020-11-05,15:12:00.800000,12912,12913,12912,1
2020-11-05,15:12:00.971000,12912,12913,12912,1
2020-11-05,15:12:02.780000,12912,12913,12912,4
2020-11-05,15:12:02.780000,12912,12913,12912,10
2020-11-05,15:12:03.497000,12911,12912,12911,2
2020-11-05,15:12:04.847000,12911,12912,12911,2
2020-11-05,15:12:04.848000,12911,12912,12911,6
2020-11-05,15:12:04.848000,12911,12912,12911,1
2020-11-05,15:12:05.266000,12910,12912,12910,1
2020-11-05,15:12:06.495000,12910,12912,12910,2
2020-11-05,15:12:09.672000,12910,12911,12910,2
2020-11-05,15:12:10.377000,12910,12911,12910,1
2020-11-05,15:12:13.550000,12910,12911,12911,1
2020-11-05,15:12:17.425000,12911,12912,12911,1
2020-11-05,15:12:19.253000,12911,12912,12911,2
2020-11-05,15:12:19.389000,12910,12911,12910,2
2020-11-05,15:12:21.148000,12909,12910,12909,1
2020-11-05,15:12:28.945000,12908,12909,12908,1
2020-11-05,15:12:29.455000,12908,12909,12908,1
2020-11-05,15:12:29.632000,12908,12909,12908,1
2020-11-05,15:12:31.649000,12908,12909,12908,1
2020-11-05,15:12:33.455000,12907,12908,12907,1
2020-11-05,15:12:39.407000,12907,12909,12907,1
2020-11-05,15:12:39.864000,12907,12909,12907,1
2020-11-05,15:12:40.976000,12908,12909,12908,4
2020-11-05,15:12:44.493000,12908,12909,12909,2
2020-11-05,15:12:45.240000,12908,12910,12908,1
2020-11-05,15:12:54.932000,12907,12908,12907,1
2020-11-05,15:12:55.727000,12907,12908,12908,1
2020-11-05,15:12:56.886000,12907,12908,12908,1
2020-11-05,15:12:56.886000,12907,12908,12909,9
2020-11-05,15:12:58.966000,12908,12909,12909,1
2020-11-05,15:13:00.211000,12908,12910,12908,1
2020-11-05,15:13:01.213000,12908,12910,12910,3
2020-11-05,15:13:04.206000,12909,12910,12910,1
2020-11-05,15:13:05.004000,12910,12911,12910,1
2020-11-05,15:13:13.390000,12911,12912,12912,6
2020-11-05,15:13:15.887000,12911,12912,12911,1
2020-11-05,15:13:16.415000,12911,12912,12912,6
2020-11-05,15:13:21.185000,12911,12912,12911,1
2020-11-05,15:13:28.992000,12910,12911,12911,3
2020-11-05,15:13:30.362000,12910,12911,12911,2
2020-11-05,15:13:32.895000,12910,12911,12910,1
2020-11-05,15:13:33.857000,12910,12911,12910,1
2020-11-05,15:13:35.612000,12910,12911,12911,8
2020-11-05,15:13:35.612000,12910,12911,12912,8
2020-11-05,15:13:35.810000,12911,12912,12911,1
2020-11-05,15:13:39.182000,12910,12911,12911,1
2020-11-05,15:13:39.767000,12911,12912,12911,1
2020-11-05,15:13:39.822000,12911,12912,12911,1
2020-11-05,15:13:40.644000,12910,12912,12910,3
2020-11-05,15:13:46.167000,12911,12912,12911,1
2020-11-05,15:13:47.038000,12911,12912,12912,6
2020-11-05,15:13:51.987000,12912,12913,12912,1
2020-11-05,15:13:53.494000,12911,12913,12913,12
2020-11-05,15:13:56.179000,12912,12913,12912,1
2020-11-05,15:13:56.421000,12912,12913,12912,1
2020-11-05,15:14:04.371000,12912,12913,12912,1
2020-11-05,15:14:06.706000,12912,12913,12912,3
2020-11-05,15:14:06.919000,12911,12912,12912,1
2020-11-05,15:14:08.947000,12911,12913,12913,8
2020-11-05,15:14:09.501000,12912,12913,12912,1
2020-11-05,15:14:10.294000,12911,12913,12912,1
2020-11-05,15:14:11.282000,12912,12913,12913,2
2020-11-05,15:14:12.499000,12911,12912,12912,1
2020-11-05,15:14:16.096000,12912,12913,12913,2
2020-11-05,15:14:17.544000,12912,12913,12912,1
2020-11-05,15:14:20.181000,12912,12913,12913,1
2020-11-05,15:14:21.496000,12912,12913,12913,3
2020-11-05,15:14:22.760000,12912,12913,12913,5
2020-11-05,15:14:22.937000,12913,12914,12913,1
2020-11-05,15:14:24.925000,12913,12914,12913,1
2020-11-05,15:14:25.484000,12913,12914,12914,1
2020-11-05,15:14:26.951000,12913,12914,12914,1
2020-11-05,15:14:27.271000,12913,12914,12913,1
2020-11-05,15:14:29.045000,12913,12914,12913,2
2020-11-05,15:14:29.677000,12912,12913,12913,1
2020-11-05,15:14:32.844000,12912,12913,12913,5
2020-11-05,15:14:32.844000,12912,12913,12914,1
2020-11-05,15:14:34.166000,12913,12914,12913,3
2020-11-05,15:14:36.913000,12913,12914,12914,2
2020-11-05,15:14:39.206000,12913,12914,12914,3
2020-11-05,15:14:39.206000,12913,12914,12914,11
2020-11-05,15:14:39.207000,12913,12914,12914,1
2020-11-05,15:14:41.406000,12914,12915,12914,2
2020-11-05,15:14:47.213000,12914,12915,12915,1
2020-11-05,15:14:47.246000,12914,12915,12915,5
2020-11-05,15:14:47.250000,12914,12915,12915,10
2020-11-05,15:14:47.323000,12914,12915,12914,1
2020-11-05,15:14:47.401000,12914,12915,12915,6
2020-11-05,15:14:47.426000,12914,12915,12915,2
2020-11-05,15:14:47.443000,12914,12915,12915,4
2020-11-05,15:14:47.886000,12914,12915,12915,1
2020-11-05,15:14:50.322000,12915,12916,12915,1
2020-11-05,15:14:53.032000,12915,12916,12915,1
2020-11-05,15:14:53.271000,12914,12915,12915,3
2020-11-05,15:14:53.435000,12914,12916,12916,3
2020-11-05,15:14:53.562000,12914,12916,12916,1
2020-11-05,15:14:53.575000,12914,12916,12916,1
2020-11-05,15:14:53.632000,12915,12916,12916,1
2020-11-05,15:14:53.827000,12915,12916,12915,1
2020-11-05,15:14:54.099000,12915,12916,12916,1
2020-11-05,15:14:56.783000,12915,12916,12916,5
2020-11-05,15:14:57.748000,12915,12916,12916,10
2020-11-05,15:14:57.749000,12915,12916,12916,4
2020-11-05,15:14:57.749000,12915,12916,12916,5
2020-11-05,15:14:57.749000,12915,12916,12916,8
2020-11-05,15:14:58.133000,12916,12917,12916,1
2020-11-05,15:14:58.516000,12916,12917,12916,1
2020-11-05,15:15:00.333000,12916,12917,12917,1
2020-11-05,15:15:00.431000,12916,12917,12917,10
2020-11-05,15:15:00.480000,12916,12917,12917,1
2020-11-05,15:15:00.561000,12916,12917,12917,6
2020-11-05,15:15:00.566000,12916,12917,12917,4
2020-11-05,15:15:00.566000,12916,12917,12917,3
2020-11-05,15:15:00.598000,12917,12918,12918,2
2020-11-05,15:15:00.617000,12917,12918,12918,4
2020-11-05,15:15:00.838000,12917,12918,12918,4
2020-11-05,15:15:00.896000,12916,12918,12918,1
2020-11-05,15:15:01.058000,12916,12918,12918,1
2020-11-05,15:15:01.686000,12917,12918,12918,3
2020-11-05,15:15:01.826000,12917,12918,12917,1
2020-11-05,15:15:02.193000,12917,12918,12918,2
2020-11-05,15:15:02.194000,12917,12918,12917,1
2020-11-05,15:15:02.277000,12917,12918,12918,3
2020-11-05,15:15:02.331000,12917,12918,12918,1
2020-11-05,15:15:02.348000,12917,12918,12917,5
2020-11-05,15:15:02.407000,12917,12918,12918,1
2020-11-05,15:15:03.128000,12917,12918,12917,1
2020-11-05,15:15:03.378000,12916,12917,12917,1
2020-11-05,15:15:04.330000,12916,12917,12917,1
2020-11-05,15:15:04.820000,12916,12917,12917,1
2020-11-05,15:15:05.058000,12916,12917,12917,2
2020-11-05,15:15:07.165000,12916,12917,12917,3
2020-11-05,15:15:10.821000,12917,12918,12918,2
2020-11-05,15:15:11.069000,12917,12918,12918,6
2020-11-05,15:15:11.339000,12917,12918,12918,1
2020-11-05,15:15:11.367000,12917,12918,12918,1
2020-11-05,15:15:13.007000,12917,12918,12918,1
2020-11-05,15:15:14.845000,12917,12918,12917,1
2020-11-05,15:15:14.992000,12917,12918,12918,5
2020-11-05,15:15:15.033000,12917,12918,12917,2
2020-11-05,15:15:18.607000,12917,12918,12918,2
2020-11-05,15:15:20.528000,12917,12918,12918,1
2020-11-05,15:15:21.790000,12917,12918,12918,2
2020-11-05,15:15:21.880000,12918,12919,12919,1
2020-11-05,15:15:21.898000,12918,12919,12919,3
2020-11-05,15:15:21.912000,12918,12919,12919,9
2020-11-05,15:15:21.932000,12918,12919,12919,1
2020-11-05,15:15:22.163000,12918,12919,12918,1
2020-11-05,15:15:23.094000,12918,12919,12918,1
2020-11-05,15:15:23.521000,12918,12919,12918,3
2020-11-05,15:15:25.165000,12918,12919,12918,1
2020-11-05,15:15:25.725000,12918,12919,12918,1
2020-11-05,15:15:26.543000,12918,12919,12918,2
2020-11-05,15:15:29.954000,12918,12919,12918,1
2020-11-05,15:15:29.974000,12917,12919,12919,1
2020-11-05,15:15:30.443000,12917,12919,12919,1
2020-11-05,15:15:31.759000,12917,12918,12918,1
2020-11-05,15:15:32.813000,12918,12919,12918,3
2020-11-05,15:15:33.013000,12917,12918,12917,1
2020-11-05,15:15:36.988000,12917,12918,12918,1
2020-11-05,15:15:37.092000,12917,12918,12918,4
2020-11-05,15:15:37.093000,12917,12918,12918,1
2020-11-05,15:15:37.456000,12917,12918,12918,4
2020-11-05,15:15:37.456000,12917,12918,12919,6
2020-11-05,15:15:38.156000,12917,12918,12917,1
2020-11-05,15:15:39.027000,12917,12918,12918,3
2020-11-05,15:15:40.532000,12917,12918,12917,10
2020-11-05,15:15:40.846000,12916,12917,12917,1
2020-11-05,15:15:40.856000,12916,12917,12917,1
2020-11-05,15:15:42.793000,12917,12918,12917,5
2020-11-05,15:15:43.083000,12916,12918,12917,1
2020-11-05,15:15:46.959000,12916,12917,12916,1
2020-11-05,15:15:47.680000,12916,12917,12916,1
2020-11-05,15:15:47.681000,12916,12917,12916,4
2020-11-05,15:15:47.681000,12916,12917,12916,7
2020-11-05,15:15:50.613000,12915,12916,12915,1
2020-11-05,15:15:52.040000,12915,12916,12916,1
2020-11-05,15:15:54.896000,12916,12917,12916,1
2020-11-05,15:15:59.594000,12915,12916,12915,2
2020-11-05,15:15:59.762000,12915,12916,12915,1
2020-11-05,15:16:02.442000,12915,12916,12916,1
2020-11-05,15:16:05.516000,12916,12917,12916,1
2020-11-05,15:16:09.082000,12916,12917,12917,3
2020-11-05,15:16:09.439000,12917,12918,12917,1
2020-11-05,15:16:10.332000,12916,12918,12916,1
2020-11-05,15:16:10.349000,12916,12918,12918,1
2020-11-05,15:16:18.808000,12916,12917,12917,1
2020-11-05,15:16:19.465000,12916,12917,12917,1
2020-11-05,15:16:19.474000,12916,12917,12917,1
2020-11-05,15:16:19.475000,12916,12917,12917,1
2020-11-05,15:16:19.477000,12916,12917,12917,1
2020-11-05,15:16:25.116000,12916,12917,12917,2
2020-11-05,15:16:26.272000,12916,12917,12917,1
2020-11-05,15:16:27.967000,12916,12917,12916,2
2020-11-05,15:16:27.974000,12915,12916,12916,1
2020-11-05,15:16:27.974000,12915,12916,12916,1
2020-11-05,15:16:31.197000,12915,12916,12916,2
2020-11-05,15:16:37.588000,12915,12916,12916,2
2020-11-05,15:16:43.378000,12915,12916,12916,1
2020-11-05,15:16:47.124000,12915,12917,12915,17
2020-11-05,15:16:47.125000,12915,12917,12915,2
2020-11-05,15:16:47.125000,12915,12917,12915,1
2020-11-05,15:16:52.328000,12914,12916,12914,9
2020-11-05,15:16:52.329000,12914,12916,12914,1
2020-11-05,15:16:52.329000,12914,12916,12914,10
2020-11-05,15:16:57.529000,12913,12914,12914,1
2020-11-05,15:17:00.054000,12913,12915,12913,11
2020-11-05,15:17:00.055000,12913,12915,12913,6
2020-11-05,15:17:01.505000,12913,12914,12914,1
2020-11-05,15:17:12.679000,12913,12914,12914,1
2020-11-05,15:17:13.231000,12914,12915,12914,1
2020-11-05,15:17:13.799000,12913,12914,12914,1
2020-11-05,15:17:15.883000,12913,12914,12914,4
2020-11-05,15:17:15.883000,12913,12914,12915,14
2020-11-05,15:17:15.884000,12913,12914,12915,2
2020-11-05,15:17:18.182000,12913,12914,12913,1
2020-11-05,15:17:18.395000,12913,12914,12913,1
2020-11-05,15:17:19.096000,12913,12914,12913,2
2020-11-05,15:17:20.077000,12912,12913,12912,1
2020-11-05,15:17:20.079000,12912,12913,12912,10
2020-11-05,15:17:22.655000,12912,12913,12913,1
2020-11-05,15:17:25.843000,12912,12913,12913,1
2020-11-05,15:17:26.068000,12912,12914,12912,1
2020-11-05,15:17:27.828000,12912,12913,12913,1
2020-11-05,15:17:27.828000,12912,12913,12914,11
2020-11-05,15:17:27.829000,12912,12913,12914,1
2020-11-05,15:17:27.830000,12912,12913,12914,1
2020-11-05,15:17:27.830000,12912,12913,12914,1
2020-11-05,15:17:27.830000,12912,12913,12914,6
2020-11-05,15:17:27.830000,12912,12913,12914,2
2020-11-05,15:17:37.663000,12912,12914,12914,4
2020-11-05,15:17:38.660000,12912,12913,12913,4
2020-11-05,15:17:40.668000,12912,12914,12914,1
2020-11-05,15:17:42.001000,12912,12914,12914,2
2020-11-05,15:17:43.050000,12912,12913,12913,1
2020-11-05,15:17:45.171000,12913,12914,12914,3
2020-11-05,15:17:49.712000,12913,12915,12915,5
2020-11-05,15:17:49.713000,12913,12915,12915,1
2020-11-05,15:17:52.732000,12914,12916,12916,6
2020-11-05,15:17:53.283000,12914,12916,12916,2
2020-11-05,15:17:53.646000,12914,12916,12915,1
2020-11-05,15:17:54.497000,12914,12916,12915,1
2020-11-05,15:17:55.335000,12914,12916,12914,1
2020-11-05,15:17:57.069000,12915,12916,12915,6
2020-11-05,15:17:57.479000,12914,12915,12915,1
2020-11-05,15:17:57.748000,12914,12916,12916,2
2020-11-05,15:18:02.626000,12914,12915,12915,1
2020-11-05,15:18:03.128000,12914,12916,12916,2
2020-11-05,15:18:03.610000,12914,12916,12915,1
2020-11-05,15:18:03.825000,12914,12916,12914,1
2020-11-05,15:18:05.074000,12914,12916,12916,1
2020-11-05,15:18:07.282000,12914,12916,12916,1
2020-11-05,15:18:11.306000,12915,12916,12915,1
2020-11-05,15:18:13.151000,12914,12916,12916,1
2020-11-05,15:18:16.498000,12914,12915,12915,1
2020-11-05,15:18:18.312000,12915,12916,12915,1
2020-11-05,15:18:18.695000,12914,12916,12916,2
2020-11-05,15:18:18.702000,12914,12916,12916,2
2020-11-05,15:18:18.714000,12914,12916,12916,1
2020-11-05,15:18:18.838000,12916,12917,12917,2
2020-11-05,15:18:21.060000,12916,12917,12916,1
2020-11-05,15:18:27.696000,12915,12917,12915,2
2020-11-05,15:18:33.489000,12915,12916,12915,3
2020-11-05,15:18:37.336000,12915,12916,12916,1
2020-11-05,15:18:39.735000,12915,12916,12915,1
2020-11-05,15:18:45.306000,12915,12916,12915,1
2020-11-05,15:18:49.230000,12915,12916,12916,2
2020-11-05,15:18:56.299000,12915,12916,12915,1
2020-11-05,15:18:57.834000,12915,12916,12915,6
2020-11-05,15:18:59.518000,12914,12915,12915,1
2020-11-05,15:19:02.257000,12914,12915,12914,1
2020-11-05,15:19:03.186000,12914,12915,12915,1
2020-11-05,15:19:05.834000,12914,12915,12914,5
2020-11-05,15:19:06.886000,12913,12914,12913,3
2020-11-05,15:19:07.037000,12912,12913,12913,2
2020-11-05,15:19:07.248000,12912,12913,12913,2
2020-11-05,15:19:07.791000,12912,12913,12913,3
2020-11-05,15:19:12.587000,12912,12913,12913,1
2020-11-05,15:19:23.779000,12913,12914,12914,1
2020-11-05,15:19:24.883000,12914,12915,12914,1
2020-11-05,15:19:26.312000,12914,12915,12915,1
2020-11-05,15:19:32.801000,12914,12916,12914,1
2020-11-05,15:19:38.079000,12913,12915,12913,1
2020-11-05,15:19:42.561000,12913,12915,12914,1
2020-11-05,15:19:43.488000,12914,12915,12914,1
2020-11-05,15:19:44.948000,12914,12915,12914,1
2020-11-05,15:19:48.618000,12913,12914,12914,1
2020-11-05,15:19:55.323000,12913,12915,12913,1
2020-11-05,15:20:02.705000,12913,12914,12914,3
2020-11-05,15:20:02.736000,12913,12914,12914,1
2020-11-05,15:20:08.213000,12913,12914,12913,2
2020-11-05,15:20:08.550000,12913,12914,12914,1
2020-11-05,15:20:09.788000,12914,12915,12914,1
2020-11-05,15:20:09.849000,12914,12915,12915,1
2020-11-05,15:20:09.849000,12914,12915,12915,1
2020-11-05,15:20:09.849000,12914,12915,12915,1
2020-11-05,15:20:09.850000,12914,12915,12915,1
2020-11-05,15:20:09.850000,12914,12915,12915,1
2020-11-05,15:20:09.850000,12914,12915,12915,1
2020-11-05,15:20:09.851000,12914,12915,12916,1
2020-11-05,15:20:09.851000,12914,12915,12915,2
2020-11-05,15:20:09.851000,12914,12915,12916,1
2020-11-05,15:20:09.908000,12914,12915,12914,2
2020-11-05,15:20:15.352000,12914,12915,12914,1
2020-11-05,15:20:15.530000,12914,12915,12915,1
2020-11-05,15:20:16.955000,12914,12915,12914,1
2020-11-05,15:20:24.568000,12914,12915,12914,1
2020-11-05,15:20:25.747000,12914,12915,12915,1
2020-11-05,15:20:26.429000,12914,12916,12914,2
2020-11-05,15:20:33.486000,12914,12915,12914,4
2020-11-05,15:20:33.599000,12913,12914,12914,1
2020-11-05,15:20:33.599000,12913,12914,12915,1
2020-11-05,15:20:49.389000,12915,12916,12916,4
2020-11-05,15:20:49.390000,12915,12916,12916,4
2020-11-05,15:20:51.369000,12916,12917,12916,1
2020-11-05,15:21:01.767000,12916,12917,12916,1
2020-11-05,15:21:02.055000,12915,12917,12917,1
2020-11-05,15:21:02.171000,12915,12917,12917,4
2020-11-05,15:21:02.470000,12916,12917,12917,2
2020-11-05,15:21:02.471000,12916,12917,12917,4
2020-11-05,15:21:02.471000,12916,12917,12917,1
2020-11-05,15:21:02.472000,12916,12917,12917,2
2020-11-05,15:21:02.472000,12916,12917,12917,1
2020-11-05,15:21:06.031000,12916,12918,12916,1
2020-11-05,15:21:09.934000,12916,12917,12916,2
2020-11-05,15:21:12.623000,12915,12917,12915,2
2020-11-05,15:21:19.966000,12915,12917,12915,1
2020-11-05,15:21:37.313000,12915,12916,12915,4
2020-11-05,15:21:47.566000,12914,12915,12915,1
2020-11-05,15:21:48.581000,12914,12915,12915,1
2020-11-05,15:21:49.597000,12915,12916,12915,1
2020-11-05,15:21:56.424000,12914,12915,12915,1
2020-11-05,15:22:01.436000,12914,12915,12914,1
2020-11-05,15:22:01.819000,12914,12915,12914,4
2020-11-05,15:22:07.675000,12914,12915,12914,1
2020-11-05,15:22:08.154000,12914,12915,12915,1
2020-11-05,15:22:09.258000,12914,12915,12914,5
2020-11-05,15:22:10.963000,12914,12915,12915,1
2020-11-05,15:22:16.505000,12914,12915,12914,1
2020-11-05,15:22:16.505000,12914,12915,12913,1
2020-11-05,15:22:18.789000,12914,12915,12915,5
2020-11-05,15:22:19.728000,12914,12916,12916,2
2020-11-05,15:22:23.932000,12914,12916,12916,1
2020-11-05,15:22:24.007000,12914,12916,12916,2
2020-11-05,15:22:24.024000,12914,12916,12916,1
2020-11-05,15:22:24.237000,12915,12917,12917,2
2020-11-05,15:22:24.448000,12915,12917,12917,2
2020-11-05,15:22:24.564000,12915,12917,12917,2
2020-11-05,15:22:24.658000,12915,12917,12915,1
2020-11-05,15:22:25.493000,12915,12917,12917,2
2020-11-05,15:22:25.648000,12915,12917,12917,2
2020-11-05,15:22:30.662000,12915,12917,12915,1
2020-11-05,15:22:38.649000,12915,12916,12915,2
2020-11-05,15:22:51.766000,12915,12916,12915,1
2020-11-05,15:22:51.849000,12914,12915,12915,1
2020-11-05,15:22:55.299000,12914,12915,12915,1
2020-11-05,15:22:59.850000,12915,12916,12915,1
2020-11-05,15:23:08.131000,12915,12916,12916,6
2020-11-05,15:23:08.132000,12915,12916,12916,1
2020-11-05,15:23:14.800000,12915,12917,12915,1
2020-11-05,15:23:15.204000,12915,12917,12915,1
2020-11-05,15:23:20.716000,12915,12917,12915,1
2020-11-05,15:23:24.056000,12915,12917,12916,1
2020-11-05,15:23:24.099000,12915,12917,12917,1
2020-11-05,15:23:32.639000,12916,12917,12917,2
2020-11-05,15:23:32.870000,12916,12917,12917,2
2020-11-05,15:23:32.915000,12916,12917,12917,2
2020-11-05,15:23:33.120000,12916,12917,12917,1
2020-11-05,15:23:33.177000,12916,12917,12917,2
2020-11-05,15:23:33.177000,12916,12917,12917,1
2020-11-05,15:23:33.177000,12916,12917,12917,1
2020-11-05,15:23:33.407000,12917,12918,12918,2
2020-11-05,15:23:33.538000,12917,12918,12918,1
2020-11-05,15:23:33.623000,12917,12918,12918,2
2020-11-05,15:23:35.589000,12917,12918,12918,16
2020-11-05,15:23:35.590000,12917,12918,12918,1
2020-11-05,15:23:43.087000,12918,12919,12919,1
2020-11-05,15:23:43.104000,12918,12919,12919,5
2020-11-05,15:23:43.909000,12918,12919,12919,1
2020-11-05,15:23:45.216000,12918,12919,12919,1
2020-11-05,15:23:49.995000,12918,12919,12919,1
2020-11-05,15:23:50.085000,12918,12919,12919,12
2020-11-05,15:23:52.199000,12919,12920,12920,2
2020-11-05,15:23:52.199000,12919,12920,12920,4
2020-11-05,15:23:52.199000,12919,12920,12920,21
2020-11-05,15:23:52.200000,12919,12920,12920,6
2020-11-05,15:23:52.200000,12919,12920,12920,2
2020-11-05,15:23:52.200000,12919,12920,12920,2
2020-11-05,15:23:52.200000,12919,12920,12920,1
2020-11-05,15:23:52.200000,12919,12920,12920,1
2020-11-05,15:23:52.200000,12919,12920,12920,4
2020-11-05,15:23:52.718000,12920,12921,12921,2
2020-11-05,15:23:52.744000,12920,12921,12921,1
2020-11-05,15:23:52.796000,12920,12921,12921,1
2020-11-05,15:23:52.872000,12920,12921,12921,1
2020-11-05,15:23:53.091000,12920,12921,12921,1
2020-11-05,15:23:53.239000,12920,12921,12921,1
2020-11-05,15:23:53.397000,12920,12921,12921,2
2020-11-05,15:23:54.069000,12919,12921,12921,1
2020-11-05,15:23:54.498000,12919,12921,12919,1
2020-11-05,15:23:54.503000,12919,12921,12921,1
2020-11-05,15:23:58.418000,12920,12921,12921,1
2020-11-05,15:23:58.610000,12920,12921,12921,4
2020-11-05,15:23:59.691000,12921,12922,12921,1
2020-11-05,15:24:00.125000,12921,12922,12922,1
2020-11-05,15:24:00.244000,12921,12922,12922,2
2020-11-05,15:24:00.447000,12921,12922,12922,1
2020-11-05,15:24:00.554000,12921,12922,12922,2
2020-11-05,15:24:00.633000,12921,12922,12922,1
2020-11-05,15:24:00.734000,12921,12922,12922,2
2020-11-05,15:24:00.790000,12921,12922,12922,1
2020-11-05,15:24:00.924000,12921,12922,12921,1
2020-11-05,15:24:00.950000,12921,12922,12922,4
2020-11-05,15:24:01.136000,12921,12922,12922,2
2020-11-05,15:24:01.136000,12921,12922,12922,2
2020-11-05,15:24:01.180000,12921,12922,12923,2
2020-11-05,15:24:01.180000,12921,12922,12923,2
2020-11-05,15:24:01.255000,12922,12923,12922,1
2020-11-05,15:24:01.267000,12922,12923,12923,1
2020-11-05,15:24:01.267000,12922,12923,12923,1
2020-11-05,15:24:01.267000,12922,12923,12923,1
2020-11-05,15:24:01.267000,12922,12923,12923,1
2020-11-05,15:24:01.269000,12922,12923,12922,1
2020-11-05,15:24:01.277000,12922,12923,12923,1
2020-11-05,15:24:01.870000,12922,12923,12923,1
2020-11-05,15:24:02.834000,12922,12923,12923,1
2020-11-05,15:24:03.089000,12922,12923,12922,1
2020-11-05,15:24:04.399000,12921,12922,12922,1
2020-11-05,15:24:06.495000,12921,12922,12922,1
2020-11-05,15:24:08.306000,12921,12922,12922,2
2020-11-05,15:24:08.349000,12922,12923,12923,1
2020-11-05,15:24:08.352000,12922,12923,12923,1
2020-11-05,15:24:08.352000,12922,12923,12923,1
2020-11-05,15:24:08.354000,12922,12923,12923,1
2020-11-05,15:24:08.947000,12922,12923,12922,1
2020-11-05,15:24:10.637000,12921,12922,12922,5
2020-11-05,15:24:10.782000,12922,12923,12922,1
2020-11-05,15:24:11.812000,12922,12923,12923,1
2020-11-05,15:24:12.028000,12922,12923,12923,3
2020-11-05,15:24:12.924000,12922,12923,12923,5
2020-11-05,15:24:12.948000,12922,12923,12923,1
2020-11-05,15:24:12.948000,12922,12923,12924,1
2020-11-05,15:24:12.999000,12922,12924,12924,4
2020-11-05,15:24:13.116000,12922,12924,12924,2
2020-11-05,15:24:13.164000,12922,12924,12924,1
2020-11-05,15:24:13.172000,12922,12924,12922,1
2020-11-05,15:24:13.233000,12922,12924,12924,1
2020-11-05,15:24:13.321000,12922,12924,12924,1
2020-11-05,15:24:13.324000,12922,12924,12924,1
2020-11-05,15:24:13.324000,12922,12924,12924,1
2020-11-05,15:24:13.349000,12922,12924,12922,1
2020-11-05,15:24:13.431000,12922,12924,12924,1
2020-11-05,15:24:13.445000,12922,12924,12924,1
2020-11-05,15:24:14.649000,12922,12924,12924,1
2020-11-05,15:24:15.116000,12922,12923,12923,1
2020-11-05,15:24:15.116000,12922,12923,12924,1
2020-11-05,15:24:16.893000,12922,12924,12924,1
2020-11-05,15:24:19.736000,12922,12923,12922,1
2020-11-05,15:24:21.320000,12922,12923,12923,1
2020-11-05,15:24:21.561000,12922,12924,12924,2
2020-11-05,15:24:23.873000,12922,12923,12923,2
2020-11-05,15:24:24.004000,12922,12923,12923,1
2020-11-05,15:24:25.045000,12923,12924,12923,2
2020-11-05,15:24:25.164000,12923,12924,12923,1
2020-11-05,15:24:25.164000,12923,12924,12923,1
2020-11-05,15:24:25.164000,12923,12924,12923,2
2020-11-05,15:24:25.625000,12922,12923,12923,1
2020-11-05,15:24:27.130000,12923,12924,12924,3
2020-11-05,15:24:29.691000,12923,12924,12923,1
2020-11-05,15:24:29.724000,12923,12924,12924,1
2020-11-05,15:24:30.049000,12923,12924,12924,12
2020-11-05,15:24:31.310000,12923,12924,12923,1
2020-11-05,15:24:31.850000,12923,12924,12924,2
2020-11-05,15:24:34.209000,12923,12924,12924,1
2020-11-05,15:24:34.559000,12923,12924,12923,2
2020-11-05,15:24:36.613000,12923,12924,12923,1
2020-11-05,15:24:36.613000,12923,12924,12923,1
2020-11-05,15:24:36.613000,12923,12924,12923,3
2020-11-05,15:24:36.613000,12923,12924,12923,3
2020-11-05,15:24:37.211000,12922,12924,12924,1
2020-11-05,15:24:37.282000,12922,12924,12924,4
2020-11-05,15:24:38.996000,12922,12924,12924,2
2020-11-05,15:24:39.061000,12922,12924,12924,2
2020-11-05,15:24:39.184000,12922,12924,12924,2
2020-11-05,15:24:39.315000,12922,12924,12923,2
2020-11-05,15:24:39.429000,12922,12924,12924,2
2020-11-05,15:24:39.510000,12922,12924,12924,1
2020-11-05,15:24:40.028000,12922,12924,12924,1
2020-11-05,15:24:40.604000,12922,12924,12924,1
2020-11-05,15:24:40.734000,12922,12924,12924,1
2020-11-05,15:24:41.875000,12922,12924,12924,1
2020-11-05,15:24:44.169000,12923,12924,12923,1
2020-11-05,15:24:45.212000,12923,12924,12924,1
2020-11-05,15:24:45.212000,12923,12924,12924,3
2020-11-05,15:24:45.212000,12923,12924,12924,1
2020-11-05,15:24:45.617000,12923,12924,12924,1
2020-11-05,15:24:47.577000,12924,12925,12924,1
2020-11-05,15:24:47.581000,12924,12925,12925,1
2020-11-05,15:24:47.610000,12924,12925,12925,3
2020-11-05,15:24:47.630000,12924,12925,12925,2
2020-11-05,15:24:47.756000,12924,12925,12925,1
2020-11-05,15:24:47.796000,12924,12925,12924,1
2020-11-05,15:24:48.120000,12924,12925,12925,1
2020-11-05,15:24:48.161000,12924,12925,12925,7
2020-11-05,15:24:49.565000,12924,12925,12924,2
2020-11-05,15:24:49.872000,12924,12925,12925,2
2020-11-05,15:24:51.622000,12924,12925,12925,1
2020-11-05,15:24:52.281000,12924,12925,12925,17
2020-11-05,15:24:52.347000,12924,12925,12925,1
2020-11-05,15:24:52.779000,12924,12926,12926,5
2020-11-05,15:24:52.877000,12925,12926,12926,51
2020-11-05,15:24:52.878000,12925,12926,12926,1
2020-11-05,15:24:53.053000,12925,12927,12927,1
2020-11-05,15:24:53.096000,12925,12927,12927,1
2020-11-05,15:24:53.103000,12925,12927,12927,25
2020-11-05,15:24:53.104000,12925,12927,12928,5
2020-11-05,15:24:53.105000,12925,12927,12928,5
2020-11-05,15:24:53.247000,12927,12928,12928,3
2020-11-05,15:24:53.266000,12927,12928,12928,1
2020-11-05,15:24:53.300000,12927,12928,12928,2
2020-11-05,15:24:53.373000,12927,12928,12928,1
2020-11-05,15:24:53.473000,12927,12928,12928,2
2020-11-05,15:24:53.483000,12927,12928,12928,4
2020-11-05,15:24:53.490000,12927,12928,12928,6
2020-11-05,15:24:53.490000,12927,12928,12928,9
2020-11-05,15:24:53.490000,12927,12928,12928,2
2020-11-05,15:24:53.490000,12927,12928,12928,2
2020-11-05,15:24:53.509000,12927,12928,12929,1
2020-11-05,15:24:53.540000,12927,12928,12929,1
2020-11-05,15:24:53.560000,12927,12928,12929,2
2020-11-05,15:24:53.630000,12927,12929,12929,3
2020-11-05,15:24:53.696000,12927,12929,12929,2
2020-11-05,15:24:53.698000,12927,12929,12929,1
2020-11-05,15:24:53.750000,12927,12929,12929,1
2020-11-05,15:24:53.755000,12927,12929,12929,1
2020-11-05,15:24:53.786000,12927,12929,12929,1
2020-11-05,15:24:53.789000,12927,12929,12929,2
2020-11-05,15:24:53.809000,12927,12929,12929,1
2020-11-05,15:24:53.845000,12927,12929,12929,2
2020-11-05,15:24:53.865000,12927,12929,12929,1
2020-11-05,15:24:53.933000,12927,12929,12929,1
2020-11-05,15:24:53.955000,12927,12929,12929,2
2020-11-05,15:24:53.970000,12927,12929,12929,2
2020-11-05,15:24:54.005000,12927,12929,12929,2
2020-11-05,15:24:54.142000,12927,12929,12929,1
2020-11-05,15:24:54.210000,12927,12929,12929,1
2020-11-05,15:24:54.354000,12927,12929,12929,1
2020-11-05,15:24:54.496000,12927,12929,12929,1
2020-11-05,15:24:54.560000,12927,12929,12929,2
2020-11-05,15:24:54.775000,12927,12929,12927,1
2020-11-05,15:24:54.967000,12927,12928,12928,1
2020-11-05,15:24:55.014000,12927,12928,12928,1
2020-11-05,15:24:55.181000,12927,12929,12929,1
2020-11-05,15:24:55.982000,12927,12929,12929,1
2020-11-05,15:24:56.099000,12927,12929,12929,1
2020-11-05,15:24:56.130000,12927,12929,12929,2
2020-11-05,15:24:56.167000,12927,12929,12929,1
2020-11-05,15:24:56.294000,12927,12929,12929,1
2020-11-05,15:24:57.349000,12927,12928,12928,4
2020-11-05,15:24:57.349000,12927,12928,12929,29
2020-11-05,15:24:57.350000,12927,12928,12929,1
2020-11-05,15:24:57.474000,12927,12929,12929,1
2020-11-05,15:25:00.351000,12927,12928,12928,2
2020-11-05,15:25:00.351000,12927,12928,12929,1
2020-11-05,15:25:00.732000,12927,12928,12928,1
2020-11-05,15:25:00.732000,12927,12928,12929,1
2020-11-05,15:25:01.195000,12927,12928,12927,1
2020-11-05,15:25:01.421000,12927,12928,12927,1
2020-11-05,15:25:01.627000,12926,12928,12928,1
2020-11-05,15:25:01.627000,12926,12928,12928,1
2020-11-05,15:25:01.937000,12926,12928,12927,1
2020-11-05,15:25:02.224000,12926,12927,12927,1
2020-11-05,15:25:02.354000,12926,12927,12926,5
2020-11-05,15:25:02.423000,12926,12927,12927,1
2020-11-05,15:25:02.594000,12926,12927,12926,5
2020-11-05,15:25:02.835000,12926,12927,12925,5
2020-11-05,15:25:03.074000,12925,12926,12925,5
2020-11-05,15:25:03.197000,12925,12926,12926,1
2020-11-05,15:25:04.221000,12925,12926,12925,5
2020-11-05,15:25:04.448000,12925,12926,12926,3
2020-11-05,15:25:04.832000,12925,12926,12926,1
2020-11-05,15:25:04.957000,12925,12926,12925,5
2020-11-05,15:25:05.551000,12925,12926,12925,4
2020-11-05,15:25:05.552000,12925,12926,12925,1
2020-11-05,15:25:05.931000,12924,12926,12926,1
2020-11-05,15:25:07.443000,12925,12926,12926,1
2020-11-05,15:25:07.505000,12925,12926,12926,1
2020-11-05,15:25:08.042000,12926,12927,12926,1
2020-11-05,15:25:09.971000,12926,12927,12926,1
2020-11-05,15:25:10.043000,12925,12926,12926,2
2020-11-05,15:25:10.120000,12925,12927,12925,1
2020-11-05,15:25:12.417000,12925,12926,12925,9
2020-11-05,15:25:12.638000,12924,12925,12925,1
2020-11-05,15:25:13.381000,12924,12926,12925,1
2020-11-05,15:25:13.417000,12924,12926,12926,2
2020-11-05,15:25:13.603000,12925,12926,12926,1
2020-11-05,15:25:14.522000,12925,12926,12926,3
2020-11-05,15:25:16.181000,12925,12926,12925,1
2020-11-05,15:25:17.820000,12925,12926,12926,1
2020-11-05,15:25:22.104000,12925,12926,12925,1
2020-11-05,15:25:22.146000,12925,12926,12926,3
2020-11-05,15:25:22.396000,12925,12926,12926,1
2020-11-05,15:25:24.718000,12925,12926,12925,5
2020-11-05,15:25:24.720000,12925,12926,12925,4
2020-11-05,15:25:26.310000,12924,12925,12924,5
2020-11-05,15:25:28.300000,12924,12925,12925,3
2020-11-05,15:25:29.728000,12924,12925,12925,3
2020-11-05,15:25:29.728000,12924,12925,12926,7
2020-11-05,15:25:30.690000,12925,12926,12925,1
2020-11-05,15:25:31.332000,12924,12925,12925,1
2020-11-05,15:25:34.364000,12924,12925,12924,8
2020-11-05,15:25:34.807000,12923,12924,12924,1
2020-11-05,15:25:35.140000,12923,12924,12923,1
2020-11-05,15:25:35.186000,12923,12924,12924,2
2020-11-05,15:25:36.182000,12923,12924,12924,1
2020-11-05,15:25:36.599000,12923,12925,12923,1
2020-11-05,15:25:36.612000,12923,12925,12923,20
2020-11-05,15:25:38.627000,12923,12924,12924,1
2020-11-05,15:25:38.723000,12923,12925,12925,1
2020-11-05,15:25:39.828000,12923,12924,12924,1
2020-11-05,15:25:44.211000,12924,12925,12924,4
2020-11-05,15:25:44.212000,12924,12925,12924,5
2020-11-05,15:25:46.384000,12924,12925,12924,1
2020-11-05,15:25:49.754000,12924,12925,12924,1
2020-11-05,15:25:50.969000,12923,12924,12924,1
2020-11-05,15:25:51.494000,12923,12924,12924,1
2020-11-05,15:25:53.297000,12923,12925,12925,1
2020-11-05,15:25:58.202000,12923,12924,12924,1
2020-11-05,15:26:00.233000,12923,12924,12923,1
2020-11-05,15:26:01.807000,12923,12924,12923,2
2020-11-05,15:26:02.395000,12923,12924,12924,3
2020-11-05,15:26:04.930000,12923,12924,12924,1
2020-11-05,15:26:06.072000,12923,12924,12923,1
2020-11-05,15:26:06.072000,12923,12924,12923,1
2020-11-05,15:26:06.122000,12923,12924,12923,1
2020-11-05,15:26:06.123000,12923,12924,12923,1
2020-11-05,15:26:06.801000,12923,12924,12923,2
2020-11-05,15:26:09.688000,12923,12924,12923,7
2020-11-05,15:26:12.291000,12922,12923,12922,1
2020-11-05,15:26:14.572000,12922,12923,12923,1
2020-11-05,15:26:14.759000,12922,12923,12922,1
2020-11-05,15:26:14.895000,12922,12923,12922,1
2020-11-05,15:26:15.373000,12922,12923,12923,1
2020-11-05,15:26:22.624000,12922,12923,12923,1
2020-11-05,15:26:23.224000,12922,12923,12923,2
2020-11-05,15:26:23.349000,12922,12923,12923,1
2020-11-05,15:26:24.985000,12922,12923,12923,4
2020-11-05,15:26:24.986000,12922,12923,12923,7
2020-11-05,15:26:25.812000,12923,12924,12923,1
2020-11-05,15:26:26.713000,12923,12924,12923,4
2020-11-05,15:26:26.713000,12923,12924,12922,23
2020-11-05,15:26:26.747000,12922,12923,12922,1
2020-11-05,15:26:26.798000,12922,12923,12922,1
2020-11-05,15:26:26.848000,12922,12923,12922,1
2020-11-05,15:26:26.848000,12922,12923,12922,1
2020-11-05,15:26:34.949000,12923,12924,12923,1
2020-11-05,15:26:35.012000,12922,12923,12922,1
2020-11-05,15:26:35.391000,12922,12923,12922,1
2020-11-05,15:26:35.868000,12922,12923,12922,1
2020-11-05,15:26:37.248000,12922,12923,12923,1
2020-11-05,15:26:38.481000,12922,12923,12923,1
2020-11-05,15:26:42.079000,12922,12923,12922,1
2020-11-05,15:26:51.047000,12922,12923,12922,1
2020-11-05,15:26:54.799000,12922,12923,12922,2
2020-11-05,15:26:56.877000,12922,12923,12922,1
2020-11-05,15:26:57.719000,12922,12923,12922,1
2020-11-05,15:26:58.254000,12922,12923,12922,2
2020-11-05,15:26:58.671000,12922,12923,12922,2
2020-11-05,15:26:59.720000,12921,12922,12922,2
2020-11-05,15:27:00.273000,12921,12923,12922,1
2020-11-05,15:27:03.329000,12921,12922,12922,1
2020-11-05,15:27:07.212000,12922,12923,12922,1
2020-11-05,15:27:12.003000,12922,12923,12923,1
2020-11-05,15:27:14.033000,12922,12923,12922,1
2020-11-05,15:27:21.148000,12922,12923,12923,1
2020-11-05,15:27:21.978000,12922,12923,12923,1
2020-11-05,15:27:24.830000,12922,12923,12923,1
2020-11-05,15:27:24.850000,12922,12923,12923,1
2020-11-05,15:27:25.431000,12922,12923,12923,1
2020-11-05,15:27:26.148000,12922,12923,12922,1
2020-11-05,15:27:31.106000,12922,12923,12923,2
2020-11-05,15:27:31.106000,12922,12923,12923,1
2020-11-05,15:27:31.224000,12923,12924,12924,1
2020-11-05,15:27:31.224000,12923,12924,12924,1
2020-11-05,15:27:31.224000,12923,12924,12924,1
2020-11-05,15:27:31.224000,12923,12924,12924,1
2020-11-05,15:27:31.226000,12923,12924,12924,1
2020-11-05,15:27:31.226000,12923,12924,12925,1
2020-11-05,15:27:31.226000,12923,12924,12925,1
2020-11-05,15:27:31.226000,12923,12924,12925,1
2020-11-05,15:27:31.226000,12923,12924,12925,1
2020-11-05,15:27:31.226000,12923,12924,12925,1
2020-11-05,15:27:31.271000,12923,12924,12925,1
2020-11-05,15:27:38.096000,12923,12924,12924,1
2020-11-05,15:27:41.397000,12924,12925,12924,1
2020-11-05,15:27:44.553000,12924,12925,12925,1
2020-11-05,15:27:45.358000,12924,12925,12925,1
2020-11-05,15:27:48.405000,12924,12925,12925,1
2020-11-05,15:27:49.839000,12924,12925,12925,1
2020-11-05,15:27:50.310000,12924,12925,12925,1
2020-11-05,15:27:50.456000,12924,12925,12925,1
2020-11-05,15:27:50.456000,12924,12925,12925,1
2020-11-05,15:27:50.605000,12924,12925,12925,3
2020-11-05,15:27:50.884000,12924,12926,12924,1
2020-11-05,15:27:52.820000,12925,12926,12925,1
2020-11-05,15:27:55.063000,12925,12926,12926,5
2020-11-05,15:27:58.888000,12925,12926,12926,8
2020-11-05,15:28:01.536000,12925,12926,12926,1
2020-11-05,15:28:01.814000,12925,12926,12926,1
2020-11-05,15:28:01.814000,12925,12926,12926,1
2020-11-05,15:28:02.009000,12925,12927,12927,4
2020-11-05,15:28:02.011000,12925,12927,12927,1
2020-11-05,15:28:02.702000,12926,12927,12926,1
2020-11-05,15:28:05.224000,12926,12927,12927,1
2020-11-05,15:28:05.433000,12926,12927,12927,3
2020-11-05,15:28:05.717000,12926,12927,12927,1
2020-11-05,15:28:05.730000,12926,12927,12927,2
2020-11-05,15:28:05.736000,12926,12927,12927,1
2020-11-05,15:28:05.736000,12926,12927,12928,2
2020-11-05,15:28:06.224000,12927,12928,12928,1
2020-11-05,15:28:06.230000,12927,12928,12928,1
2020-11-05,15:28:06.260000,12927,12928,12928,2
2020-11-05,15:28:06.261000,12927,12928,12928,1
2020-11-05,15:28:06.544000,12927,12928,12928,1
2020-11-05,15:28:06.808000,12927,12928,12928,2
2020-11-05,15:28:06.910000,12927,12928,12928,2
2020-11-05,15:28:09.218000,12926,12928,12928,1
2020-11-05,15:28:12.403000,12927,12928,12928,1
2020-11-05,15:28:16.621000,12927,12928,12927,1
2020-11-05,15:28:16.621000,12927,12928,12927,2
2020-11-05,15:28:16.622000,12927,12928,12927,5
2020-11-05,15:28:16.622000,12927,12928,12927,2
2020-11-05,15:28:18.195000,12926,12927,12927,2
2020-11-05,15:28:20.885000,12926,12927,12926,1
2020-11-05,15:28:21.212000,12925,12926,12926,1
2020-11-05,15:28:23.096000,12925,12927,12925,14
2020-11-05,15:28:23.097000,12924,12926,12925,2
2020-11-05,15:28:33.443000,12924,12925,12925,1
2020-11-05,15:28:34.184000,12924,12925,12925,1
2020-11-05,15:28:34.803000,12925,12926,12925,1
2020-11-05,15:28:35.267000,12925,12926,12925,1
2020-11-05,15:28:35.560000,12925,12926,12926,4
2020-11-05,15:28:41.074000,12925,12926,12926,1
2020-11-05,15:28:43.637000,12925,12927,12927,3
2020-11-05,15:28:50.631000,12926,12927,12927,1
2020-11-05,15:28:53.561000,12925,12927,12926,1
2020-11-05,15:28:53.616000,12926,12927,12926,4
2020-11-05,15:28:56.328000,12926,12927,12926,1
2020-11-05,15:28:56.698000,12926,12927,12927,1
2020-11-05,15:28:57.934000,12926,12927,12926,1
2020-11-05,15:28:59.877000,12926,12927,12927,1
2020-11-05,15:29:00.568000,12926,12927,12926,1
2020-11-05,15:29:00.821000,12926,12927,12927,1
2020-11-05,15:29:02.486000,12926,12927,12927,5
2020-11-05,15:29:02.891000,12927,12928,12927,4
2020-11-05,15:29:05.995000,12926,12927,12926,1
2020-11-05,15:29:11.216000,12926,12927,12926,7
2020-11-05,15:29:12.357000,12925,12926,12926,1
2020-11-05,15:29:17.666000,12926,12927,12927,1
2020-11-05,15:29:18.342000,12926,12927,12926,1
2020-11-05,15:29:21.698000,12926,12927,12927,1
2020-11-05,15:29:21.699000,12926,12927,12927,3
2020-11-05,15:29:21.699000,12926,12927,12927,4
2020-11-05,15:29:29.587000,12927,12928,12927,2
2020-11-05,15:29:30.578000,12926,12927,12926,5
2020-11-05,15:29:30.599000,12926,12927,12927,1
2020-11-05,15:29:33.171000,12926,12927,12926,1
2020-11-05,15:29:34.036000,12926,12927,12926,1
2020-11-05,15:29:34.069000,12926,12927,12926,1
2020-11-05,15:29:34.089000,12926,12927,12926,1
2020-11-05,15:29:34.105000,12926,12927,12926,1
2020-11-05,15:29:34.126000,12926,12927,12926,2
2020-11-05,15:29:34.126000,12926,12927,12926,1
2020-11-05,15:29:34.131000,12926,12927,12925,2
2020-11-05,15:29:36.582000,12925,12926,12926,1
2020-11-05,15:29:47.713000,12926,12927,12927,2
2020-11-05,15:29:47.714000,12926,12927,12927,3
2020-11-05,15:29:48.026000,12927,12928,12927,1
2020-11-05,15:29:48.044000,12927,12928,12927,1
2020-11-05,15:29:56.305000,12926,12927,12927,6
2020-11-05,15:30:01.071000,12926,12927,12927,1
2020-11-05,15:30:01.073000,12926,12927,12927,1
2020-11-05,15:30:01.259000,12926,12927,12927,1
2020-11-05,15:30:01.339000,12926,12927,12928,1
2020-11-05,15:30:01.355000,12926,12928,12928,1
2020-11-05,15:30:01.423000,12926,12928,12927,1
2020-11-05,15:30:01.711000,12926,12928,12928,1
2020-11-05,15:30:01.750000,12926,12928,12928,1
2020-11-05,15:30:02.157000,12926,12928,12928,4
2020-11-05,15:30:03.514000,12927,12928,12928,1
2020-11-05,15:30:08.417000,12927,12928,12927,1
2020-11-05,15:30:08.417000,12927,12928,12927,2
2020-11-05,15:30:08.417000,12927,12928,12927,2
2020-11-05,15:30:08.417000,12927,12928,12927,4
2020-11-05,15:30:08.417000,12927,12928,12927,1
2020-11-05,15:30:08.541000,12926,12927,12927,3
2020-11-05,15:30:08.801000,12926,12927,12927,4
2020-11-05,15:30:10.016000,12926,12927,12927,5
2020-11-05,15:30:10.017000,12926,12927,12927,3
2020-11-05,15:30:10.017000,12926,12927,12927,1
2020-11-05,15:30:10.017000,12926,12927,12927,9
2020-11-05,15:30:10.017000,12926,12927,12927,2
2020-11-05,15:30:19.648000,12926,12927,12927,6
2020-11-05,15:30:20.458000,12926,12927,12927,2
2020-11-05,15:30:20.563000,12926,12927,12926,1
2020-11-05,15:30:21.319000,12926,12927,12926,2
2020-11-05,15:30:21.740000,12926,12927,12926,1
2020-11-05,15:30:21.740000,12926,12927,12926,3
2020-11-05,15:30:21.740000,12926,12927,12926,5
2020-11-05,15:30:23.672000,12925,12926,12926,1
2020-11-05,15:30:27.139000,12926,12927,12926,1
2020-11-05,15:30:28.357000,12925,12926,12926,1
2020-11-05,15:30:29.780000,12925,12926,12925,23
2020-11-05,15:30:30.521000,12924,12926,12926,17
2020-11-05,15:30:30.521000,12924,12926,12927,8
2020-11-05,15:30:30.544000,12924,12926,12926,1
2020-11-05,15:30:30.847000,12925,12927,12925,2
2020-11-05,15:30:32.013000,12925,12927,12925,1
2020-11-05,15:30:36.187000,12926,12927,12926,1
2020-11-05,15:30:36.187000,12926,12927,12925,1
2020-11-05,15:30:39.507000,12925,12927,12925,1
2020-11-05,15:30:40.519000,12925,12926,12925,1
2020-11-05,15:30:41.050000,12925,12926,12926,4
2020-11-05,15:30:41.050000,12925,12926,12927,2
2020-11-05,15:30:44.918000,12925,12926,12926,1
2020-11-05,15:30:46.410000,12926,12927,12927,2
2020-11-05,15:30:47.650000,12926,12927,12926,1
2020-11-05,15:30:48.830000,12926,12927,12926,1
2020-11-05,15:30:49.315000,12926,12927,12926,1
2020-11-05,15:30:54.097000,12925,12926,12926,1
2020-11-05,15:30:55.050000,12925,12926,12926,1
2020-11-05,15:30:58.302000,12926,12927,12926,1
2020-11-05,15:31:01.295000,12926,12927,12926,1
2020-11-05,15:31:01.371000,12925,12926,12925,1
2020-11-05,15:31:02.259000,12925,12926,12926,1
2020-11-05,15:31:02.479000,12925,12926,12926,4
2020-11-05,15:31:07.050000,12925,12926,12925,1
2020-11-05,15:31:07.059000,12925,12926,12925,1
2020-11-05,15:31:07.522000,12924,12925,12925,3
2020-11-05,15:31:07.522000,12924,12925,12926,1
2020-11-05,15:31:07.586000,12924,12925,12926,2
2020-11-05,15:31:10.768000,12924,12926,12925,1
2020-11-05,15:31:17.227000,12924,12925,12925,1
2020-11-05,15:31:17.426000,12924,12926,12926,2
2020-11-05,15:31:18.731000,12924,12925,12925,1
2020-11-05,15:31:22.474000,12925,12926,12926,8
2020-11-05,15:31:23.570000,12925,12926,12926,1
2020-11-05,15:31:33.728000,12926,12927,12926,1
2020-11-05,15:31:35.755000,12926,12927,12926,3
2020-11-05,15:31:35.756000,12926,12927,12926,3
2020-11-05,15:31:38.111000,12926,12927,12927,5
2020-11-05,15:31:38.143000,12926,12927,12927,1
2020-11-05,15:31:38.375000,12926,12927,12926,1
2020-11-05,15:31:39.861000,12926,12927,12926,1
2020-11-05,15:31:44.435000,12926,12927,12927,1
2020-11-05,15:31:45.456000,12926,12927,12927,4
2020-11-05,15:31:45.457000,12926,12927,12927,1
2020-11-05,15:31:45.457000,12926,12927,12927,1
2020-11-05,15:31:45.668000,12926,12928,12926,1
2020-11-05,15:31:50.665000,12926,12927,12926,1
2020-11-05,15:31:50.666000,12926,12927,12926,13
2020-11-05,15:31:51.775000,12925,12926,12925,1
2020-11-05,15:31:51.952000,12925,12926,12925,1
2020-11-05,15:31:51.952000,12925,12926,12925,1
2020-11-05,15:31:51.952000,12925,12926,12925,4
2020-11-05,15:31:51.952000,12925,12926,12925,2
2020-11-05,15:31:56.740000,12924,12925,12924,1
2020-11-05,15:31:57.274000,12924,12925,12924,1
2020-11-05,15:31:57.275000,12924,12925,12924,2
2020-11-05,15:31:57.520000,12924,12925,12924,2
2020-11-05,15:31:57.837000,12924,12925,12924,2
2020-11-05,15:31:57.837000,12924,12925,12924,2
2020-11-05,15:31:57.837000,12924,12925,12924,1
2020-11-05,15:31:58.173000,12923,12924,12924,1
2020-11-05,15:32:04.936000,12923,12924,12924,6
2020-11-05,15:32:05.059000,12923,12924,12924,1
2020-11-05,15:32:05.209000,12923,12924,12924,3
2020-11-05,15:32:06.428000,12923,12924,12923,1
2020-11-05,15:32:10.203000,12923,12924,12923,1
2020-11-05,15:32:12.546000,12923,12924,12923,1
2020-11-05,15:32:13.714000,12923,12924,12924,1
2020-11-05,15:32:13.917000,12923,12924,12924,2
2020-11-05,15:32:13.918000,12923,12924,12924,2
2020-11-05,15:32:22.055000,12923,12924,12924,2
2020-11-05,15:32:22.820000,12923,12925,12925,1
2020-11-05,15:32:24.737000,12924,12925,12924,1
2020-11-05,15:32:25.408000,12924,12925,12925,2
2020-11-05,15:32:25.408000,12924,12925,12925,1
2020-11-05,15:32:28.685000,12924,12925,12925,2
2020-11-05,15:32:28.685000,12924,12925,12926,2
2020-11-05,15:32:30.809000,12924,12926,12925,1
2020-11-05,15:32:31.820000,12925,12926,12925,1
2020-11-05,15:32:33.377000,12925,12926,12926,1
2020-11-05,15:32:33.378000,12925,12926,12926,2
2020-11-05,15:32:33.378000,12925,12926,12926,16
2020-11-05,15:32:33.378000,12925,12926,12926,1
2020-11-05,15:32:33.378000,12925,12926,12926,1
2020-11-05,15:32:33.943000,12926,12927,12926,1
2020-11-05,15:32:37.785000,12926,12927,12926,1
2020-11-05,15:32:38.086000,12926,12927,12926,2
2020-11-05,15:32:44.080000,12926,12927,12926,1
2020-11-05,15:32:44.692000,12926,12927,12926,2
2020-11-05,15:32:46.280000,12924,12926,12926,5
2020-11-05,15:32:51.216000,12924,12925,12925,1
2020-11-05,15:32:51.287000,12924,12925,12925,1
2020-11-05,15:32:57.399000,12924,12925,12924,13
2020-11-05,15:32:57.769000,12923,12924,12923,1
2020-11-05,15:32:57.826000,12923,12924,12923,1
2020-11-05,15:32:57.956000,12923,12924,12923,2
2020-11-05,15:32:58.537000,12923,12924,12923,1
2020-11-05,15:33:00.112000,12922,12923,12923,1
2020-11-05,15:33:01.078000,12922,12924,12923,1
2020-11-05,15:33:02.456000,12922,12923,12922,5
2020-11-05,15:33:02.457000,12922,12923,12922,4
2020-11-05,15:33:02.837000,12921,12923,12921,1
2020-11-05,15:33:03.007000,12921,12923,12921,1
2020-11-05,15:33:03.127000,12921,12923,12921,1
2020-11-05,15:33:04.073000,12921,12923,12921,4
2020-11-05,15:33:04.343000,12921,12923,12921,2
2020-11-05,15:33:05.355000,12921,12923,12923,1
2020-11-05,15:33:11.601000,12922,12923,12923,4
2020-11-05,15:33:12.804000,12923,12924,12924,5
2020-11-05,15:33:14.752000,12923,12924,12924,5
2020-11-05,15:33:14.752000,12923,12924,12924,2
2020-11-05,15:33:16.638000,12925,12926,12925,1
2020-11-05,15:33:17.150000,12924,12925,12925,1
2020-11-05,15:33:18.635000,12925,12926,12925,1
2020-11-05,15:33:20.715000,12924,12925,12924,1
2020-11-05,15:33:20.770000,12924,12925,12924,2
2020-11-05,15:33:23.234000,12923,12924,12923,1
2020-11-05,15:33:26.104000,12923,12924,12924,1
2020-11-05,15:33:28.951000,12923,12924,12923,2
2020-11-05,15:33:34.482000,12923,12924,12924,1
2020-11-05,15:33:34.537000,12923,12924,12923,1
2020-11-05,15:33:36.611000,12923,12924,12923,1
2020-11-05,15:33:37.257000,12923,12924,12923,1
2020-11-05,15:33:42.660000,12923,12924,12923,2
2020-11-05,15:33:51.155000,12923,12924,12923,2
2020-11-05,15:33:51.323000,12923,12924,12923,1
2020-11-05,15:33:52.731000,12923,12924,12923,1
2020-11-05,15:33:52.731000,12923,12924,12922,1
2020-11-05,15:33:57.472000,12922,12923,12923,1
2020-11-05,15:33:59.173000,12922,12923,12922,1
2020-11-05,15:34:01.667000,12922,12923,12923,1
2020-11-05,15:34:02.295000,12922,12923,12922,3
2020-11-05,15:34:04.953000,12922,12923,12922,1
2020-11-05,15:34:05.736000,12922,12923,12923,1
2020-11-05,15:34:05.737000,12922,12923,12923,3
2020-11-05,15:34:06.016000,12923,12924,12923,1
2020-11-05,15:34:08.592000,12923,12924,12924,1
2020-11-05,15:34:09.197000,12923,12924,12923,3
2020-11-05,15:34:10.509000,12923,12924,12923,1
2020-11-05,15:34:10.843000,12923,12924,12924,4
2020-11-05,15:34:10.843000,12923,12924,12924,1
2020-11-05,15:34:11.395000,12924,12925,12924,2
2020-11-05,15:34:18.446000,12923,12925,12923,1
2020-11-05,15:34:30.038000,12923,12924,12923,1
2020-11-05,15:34:30.262000,12923,12924,12923,1
2020-11-05,15:34:33.476000,12923,12924,12923,1
2020-11-05,15:34:33.566000,12923,12924,12923,1
2020-11-05,15:34:39.929000,12923,12924,12923,1
2020-11-05,15:34:43.019000,12923,12924,12923,1
2020-11-05,15:34:47.278000,12922,12924,12922,3
2020-11-05,15:34:49.508000,12923,12924,12923,1
2020-11-05,15:34:51.091000,12923,12924,12923,1
2020-11-05,15:34:54.328000,12923,12924,12923,1
2020-11-05,15:35:07.545000,12923,12924,12923,1
2020-11-05,15:35:07.793000,12923,12924,12924,1
2020-11-05,15:35:08.083000,12923,12924,12923,2
2020-11-05,15:35:08.099000,12923,12924,12924,1
2020-11-05,15:35:08.100000,12923,12924,12924,1
2020-11-05,15:35:08.100000,12923,12924,12925,1
2020-11-05,15:35:17.622000,12924,12925,12925,1
2020-11-05,15:35:22.738000,12922,12924,12924,2
2020-11-05,15:35:22.848000,12923,12925,12925,1
2020-11-05,15:35:23.138000,12923,12925,12923,1
2020-11-05,15:35:33.169000,12924,12925,12925,1
2020-11-05,15:35:33.169000,12924,12925,12925,2
2020-11-05,15:35:41.744000,12925,12926,12925,1
2020-11-05,15:35:46.842000,12925,12926,12925,1
2020-11-05,15:35:52.460000,12925,12926,12926,1
2020-11-05,15:36:00.544000,12923,12925,12925,1
2020-11-05,15:36:00.604000,12923,12925,12925,1
2020-11-05,15:36:00.605000,12923,12925,12925,1
2020-11-05,15:36:00.605000,12923,12925,12925,1
2020-11-05,15:36:00.606000,12923,12925,12925,1
2020-11-05,15:36:00.848000,12923,12925,12925,2
2020-11-05,15:36:00.864000,12923,12925,12926,1
2020-11-05,15:36:00.898000,12923,12925,12926,1
2020-11-05,15:36:00.916000,12923,12925,12926,1
2020-11-05,15:36:00.978000,12924,12926,12926,1
2020-11-05,15:36:00.979000,12924,12926,12926,1
2020-11-05,15:36:01.075000,12924,12926,12926,1
2020-11-05,15:36:01.079000,12924,12926,12926,1
2020-11-05,15:36:01.099000,12925,12926,12926,1
2020-11-05,15:36:01.100000,12925,12926,12926,1
2020-11-05,15:36:01.121000,12925,12926,12926,1
2020-11-05,15:36:01.465000,12925,12926,12926,4
2020-11-05,15:36:01.587000,12925,12926,12926,1
2020-11-05,15:36:01.919000,12925,12926,12926,1
2020-11-05,15:36:05.934000,12923,12925,12925,1
2020-11-05,15:36:21.107000,12924,12925,12925,2
2020-11-05,15:36:24.536000,12925,12926,12925,1
2020-11-05,15:36:24.598000,12924,12925,12925,2
2020-11-05,15:36:24.599000,12924,12925,12925,2
2020-11-05,15:36:24.601000,12924,12925,12926,1
2020-11-05,15:36:24.602000,12924,12925,12926,1
2020-11-05,15:36:24.936000,12925,12926,12925,1
2020-11-05,15:36:30.778000,12925,12926,12926,3
2020-11-05,15:36:37.584000,12926,12927,12927,7
2020-11-05,15:36:37.584000,12926,12927,12927,3
2020-11-05,15:36:37.584000,12926,12927,12927,1
2020-11-05,15:36:37.599000,12927,12928,12928,2
2020-11-05,15:36:37.599000,12927,12928,12928,2
2020-11-05,15:36:37.599000,12927,12928,12928,1
2020-11-05,15:36:37.600000,12927,12928,12928,1
2020-11-05,15:36:37.600000,12927,12928,12928,1
2020-11-05,15:36:37.601000,12927,12928,12928,1
2020-11-05,15:36:37.602000,12927,12928,12928,1
2020-11-05,15:36:37.603000,12927,12928,12928,1
2020-11-05,15:36:37.844000,12927,12928,12927,4
2020-11-05,15:36:39.431000,12926,12927,12926,1
2020-11-05,15:36:39.861000,12926,12927,12927,1
2020-11-05,15:36:44.252000,12925,12927,12927,3
2020-11-05,15:36:46.916000,12926,12927,12927,3
2020-11-05,15:36:49.969000,12926,12927,12927,1
2020-11-05,15:36:49.973000,12926,12927,12927,1
2020-11-05,15:36:49.974000,12926,12927,12927,1
2020-11-05,15:37:02.138000,12926,12927,12927,1
2020-11-05,15:37:02.287000,12926,12927,12927,1
2020-11-05,15:37:02.517000,12926,12927,12927,1
2020-11-05,15:37:02.606000,12926,12927,12927,1
2020-11-05,15:37:04.277000,12926,12927,12927,1
2020-11-05,15:37:05.394000,12926,12927,12926,1
2020-11-05,15:37:05.394000,12926,12927,12926,2
2020-11-05,15:37:05.394000,12926,12927,12926,2
2020-11-05,15:37:08.754000,12925,12926,12925,3
2020-11-05,15:37:13.209000,12924,12925,12925,1
2020-11-05,15:37:15.897000,12924,12925,12925,1
2020-11-05,15:37:18.091000,12924,12926,12924,1
2020-11-05,15:37:19.031000,12924,12925,12924,1
2020-11-05,15:37:19.764000,12924,12925,12925,1
2020-11-05,15:37:21.212000,12924,12925,12924,1
2020-11-05,15:37:22.566000,12923,12924,12923,1
2020-11-05,15:37:23.998000,12923,12924,12923,2
2020-11-05,15:37:24.713000,12922,12924,12923,1
2020-11-05,15:37:34.853000,12923,12925,12923,1
2020-11-05,15:37:42.077000,12924,12925,12925,1
2020-11-05,15:37:49.680000,12924,12926,12926,1
2020-11-05,15:38:12.005000,12924,12925,12925,1
2020-11-05,15:38:22.723000,12924,12925,12925,1
2020-11-05,15:38:26.766000,12924,12926,12926,5
2020-11-05,15:38:28.412000,12925,12926,12925,1
2020-11-05,15:38:31.556000,12924,12926,12926,1
2020-11-05,15:38:35.928000,12924,12926,12924,1
2020-11-05,15:38:54.828000,12924,12925,12924,3
2020-11-05,15:38:55.659000,12924,12925,12924,1
2020-11-05,15:39:02.120000,12923,12924,12923,1
2020-11-05,15:39:02.120000,12923,12924,12923,7
2020-11-05,15:39:02.120000,12923,12924,12923,1
2020-11-05,15:39:02.120000,12923,12924,12923,4
2020-11-05,15:39:02.817000,12922,12923,12922,1
2020-11-05,15:39:03.004000,12922,12923,12922,2
2020-11-05,15:39:05.209000,12922,12923,12922,1
2020-11-05,15:39:08.215000,12922,12923,12922,1
2020-11-05,15:39:13.711000,12922,12923,12922,4
2020-11-05,15:39:20.277000,12922,12923,12922,2
2020-11-05,15:39:25.844000,12922,12923,12922,1
2020-11-05,15:39:28.590000,12922,12923,12922,1
2020-11-05,15:39:30.471000,12921,12922,12922,1
2020-11-05,15:39:32.502000,12922,12923,12922,1
2020-11-05,15:39:33.226000,12922,12923,12922,1
2020-11-05,15:39:36.880000,12922,12923,12922,1
2020-11-05,15:39:43.854000,12922,12923,12922,2
2020-11-05,15:39:45.330000,12922,12923,12923,1
2020-11-05,15:39:46.212000,12922,12923,12923,1
2020-11-05,15:39:46.212000,12922,12923,12923,3
2020-11-05,15:39:46.212000,12922,12923,12923,2
2020-11-05,15:39:46.212000,12922,12923,12923,1
2020-11-05,15:39:46.212000,12922,12923,12923,2
2020-11-05,15:39:46.212000,12922,12923,12923,2
2020-11-05,15:39:46.752000,12923,12924,12923,5
2020-11-05,15:39:47.019000,12923,12924,12923,2
2020-11-05,15:39:54.704000,12922,12923,12923,1
2020-11-05,15:40:05.866000,12922,12923,12923,1
2020-11-05,15:40:05.981000,12923,12924,12923,1
2020-11-05,15:40:05.983000,12923,12924,12923,1
2020-11-05,15:40:05.983000,12923,12924,12923,1
2020-11-05,15:40:06.368000,12923,12924,12923,1
2020-11-05,15:40:06.474000,12923,12924,12923,1
2020-11-05,15:40:06.474000,12923,12924,12923,1
2020-11-05,15:40:08.156000,12923,12924,12923,1
2020-11-05,15:40:08.223000,12923,12924,12923,1
2020-11-05,15:40:08.224000,12923,12924,12923,1
2020-11-05,15:40:10.619000,12922,12923,12923,1
2020-11-05,15:40:10.997000,12923,12924,12924,3
2020-11-05,15:40:11.136000,12924,12925,12924,1
2020-11-05,15:40:17.439000,12924,12925,12924,1
2020-11-05,15:40:18.429000,12924,12925,12925,6
2020-11-05,15:40:18.474000,12924,12925,12924,1
2020-11-05,15:40:18.474000,12924,12925,12924,1
2020-11-05,15:40:18.476000,12924,12925,12924,1
2020-11-05,15:40:18.476000,12924,12925,12924,1
2020-11-05,15:40:18.476000,12924,12925,12924,1
2020-11-05,15:40:18.478000,12924,12925,12923,1
2020-11-05,15:40:25.923000,12923,12924,12924,1
2020-11-05,15:40:34.087000,12924,12925,12925,2
2020-11-05,15:40:42.953000,12925,12926,12926,5
2020-11-05,15:40:42.953000,12925,12926,12926,14
2020-11-05,15:40:42.953000,12925,12926,12926,3
2020-11-05,15:40:42.974000,12926,12927,12926,1
2020-11-05,15:40:42.976000,12926,12927,12926,1
2020-11-05,15:40:44.210000,12926,12927,12926,2
2020-11-05,15:40:44.223000,12926,12927,12926,1
2020-11-05,15:40:46.358000,12926,12927,12926,2
2020-11-05,15:40:51.735000,12925,12926,12926,1
2020-11-05,15:41:02.232000,12925,12926,12926,3
2020-11-05,15:41:02.987000,12925,12926,12926,6
2020-11-05,15:41:03.013000,12925,12926,12926,1
2020-11-05,15:41:05.029000,12925,12926,12925,2
2020-11-05,15:41:05.101000,12925,12926,12926,2
2020-11-05,15:41:07.257000,12925,12926,12925,3
2020-11-05,15:41:11.703000,12924,12925,12924,1
2020-11-05,15:41:12.293000,12923,12924,12924,1
2020-11-05,15:41:12.293000,12923,12924,12925,2
2020-11-05,15:41:12.809000,12924,12925,12925,1
2020-11-05,15:41:13.837000,12924,12925,12925,1
2020-11-05,15:41:20.416000,12924,12925,12925,1
2020-11-05,15:41:28.814000,12925,12926,12925,1
2020-11-05,15:41:28.849000,12924,12925,12924,1
2020-11-05,15:41:28.851000,12924,12925,12924,1
2020-11-05,15:41:28.854000,12924,12925,12923,1
2020-11-05,15:41:37.323000,12924,12925,12925,1
2020-11-05,15:41:38.515000,12925,12926,12926,1
2020-11-05,15:41:38.515000,12925,12926,12926,3
2020-11-05,15:41:38.515000,12925,12926,12926,2
2020-11-05,15:41:39.961000,12925,12927,12925,2
2020-11-05,15:41:46.917000,12925,12926,12925,1
2020-11-05,15:41:47.361000,12924,12925,12925,1
2020-11-05,15:41:53.595000,12925,12926,12925,1
2020-11-05,15:42:02.333000,12924,12925,12924,1
2020-11-05,15:42:02.333000,12924,12925,12924,4
2020-11-05,15:42:02.557000,12923,12925,12925,1
2020-11-05,15:42:02.572000,12923,12925,12925,1
2020-11-05,15:42:02.610000,12923,12925,12925,2
2020-11-05,15:42:05.831000,12923,12924,12923,2
2020-11-05,15:42:05.831000,12923,12924,12923,1
2020-11-05,15:42:11.252000,12922,12923,12923,2
2020-11-05,15:42:15.897000,12922,12923,12923,1
2020-11-05,15:42:18.404000,12922,12923,12923,2
2020-11-05,15:42:25.870000,12922,12923,12923,1
2020-11-05,15:42:25.870000,12922,12923,12923,3
2020-11-05,15:42:25.870000,12922,12923,12923,1
2020-11-05,15:42:27.735000,12923,12924,12924,1
2020-11-05,15:42:33.071000,12923,12924,12923,1
2020-11-05,15:42:48.417000,12922,12923,12923,1
2020-11-05,15:42:49.067000,12922,12923,12923,2
2020-11-05,15:42:52.117000,12922,12923,12923,1
2020-11-05,15:42:53.107000,12922,12924,12922,10
2020-11-05,15:43:01.262000,12922,12923,12922,1
2020-11-05,15:43:02.274000,12922,12923,12922,3
2020-11-05,15:43:02.762000,12922,12923,12922,3
2020-11-05,15:43:02.762000,12922,12923,12922,2
2020-11-05,15:43:10.977000,12921,12922,12921,2
2020-11-05,15:43:11.105000,12921,12922,12921,2
2020-11-05,15:43:11.127000,12921,12922,12922,1
2020-11-05,15:43:11.127000,12921,12922,12923,3
2020-11-05,15:43:17.416000,12922,12923,12923,1
2020-11-05,15:43:22.371000,12921,12923,12923,1
2020-11-05,15:43:29.025000,12922,12923,12922,1
2020-11-05,15:43:36.921000,12921,12922,12921,18
2020-11-05,15:43:36.922000,12921,12922,12921,4
2020-11-05,15:43:36.922000,12921,12922,12921,2
2020-11-05,15:43:36.922000,12921,12922,12921,4
2020-11-05,15:43:38.774000,12920,12921,12920,7
2020-11-05,15:43:38.775000,12920,12921,12920,33
2020-11-05,15:43:38.775000,12920,12921,12920,1
2020-11-05,15:43:38.775000,12920,12921,12920,1
2020-11-05,15:43:38.881000,12919,12920,12919,1
2020-11-05,15:43:38.897000,12919,12920,12919,1
2020-11-05,15:43:38.942000,12919,12920,12919,1
2020-11-05,15:43:39.035000,12919,12920,12919,3
2020-11-05,15:43:39.048000,12919,12920,12918,1
2020-11-05,15:43:39.198000,12918,12920,12918,1
2020-11-05,15:43:39.240000,12918,12920,12918,1
2020-11-05,15:43:40.551000,12918,12920,12919,1
2020-11-05,15:43:41.949000,12918,12920,12918,1
2020-11-05,15:43:42.829000,12918,12920,12918,1
2020-11-05,15:43:44.193000,12918,12919,12918,1
2020-11-05,15:43:44.541000,12918,12919,12918,1
2020-11-05,15:43:45.154000,12918,12919,12919,1
2020-11-05,15:43:45.797000,12919,12921,12921,1
2020-11-05,15:43:54.288000,12921,12922,12921,1
2020-11-05,15:43:54.919000,12921,12922,12921,1
2020-11-05,15:43:54.919000,12921,12922,12920,1
2020-11-05,15:44:03.743000,12920,12921,12920,1
2020-11-05,15:44:03.855000,12920,12921,12921,1
2020-11-05,15:44:03.856000,12920,12921,12921,1
2020-11-05,15:44:03.857000,12920,12921,12922,1
2020-11-05,15:44:08.990000,12920,12921,12921,1
2020-11-05,15:44:09.098000,12920,12921,12921,1
2020-11-05,15:44:09.099000,12920,12921,12921,1
2020-11-05,15:44:09.101000,12920,12921,12921,1
2020-11-05,15:44:09.101000,12920,12921,12921,1
2020-11-05,15:44:09.223000,12920,12921,12921,1
2020-11-05,15:44:09.224000,12920,12921,12921,1
2020-11-05,15:44:09.224000,12920,12921,12922,1
2020-11-05,15:44:09.225000,12920,12921,12921,1
2020-11-05,15:44:09.225000,12920,12921,12922,1
2020-11-05,15:44:09.225000,12920,12921,12922,1
2020-11-05,15:44:09.226000,12920,12921,12922,1
2020-11-05,15:44:09.227000,12920,12921,12922,1
2020-11-05,15:44:10.512000,12920,12922,12922,1
2020-11-05,15:44:11.736000,12921,12923,12921,2
2020-11-05,15:44:13.071000,12921,12923,12923,1
2020-11-05,15:44:15.037000,12922,12923,12923,2
2020-11-05,15:44:16.162000,12922,12923,12923,1
2020-11-05,15:44:20.217000,12922,12923,12923,4
2020-11-05,15:44:20.223000,12923,12924,12924,1
2020-11-05,15:44:20.224000,12923,12924,12924,1
2020-11-05,15:44:25.572000,12922,12923,12923,3
2020-11-05,15:44:27.691000,12922,12924,12924,1
2020-11-05,15:44:43.722000,12922,12923,12923,1
2020-11-05,15:44:43.849000,12922,12924,12924,1
2020-11-05,15:44:43.851000,12922,12924,12924,1
2020-11-05,15:44:43.851000,12922,12924,12924,1
2020-11-05,15:44:52.174000,12922,12924,12924,1
2020-11-05,15:44:52.223000,12922,12924,12924,1
2020-11-05,15:45:20.085000,12923,12924,12924,11
2020-11-05,15:45:20.655000,12924,12925,12925,1
2020-11-05,15:45:20.667000,12924,12925,12925,1
2020-11-05,15:45:20.750000,12924,12925,12925,2
2020-11-05,15:45:24.326000,12924,12925,12925,2
2020-11-05,15:45:25.251000,12925,12926,12926,1
2020-11-05,15:45:29.930000,12925,12926,12926,10
2020-11-05,15:45:30.730000,12925,12926,12926,1
2020-11-05,15:45:30.935000,12925,12926,12926,1
2020-11-05,15:45:31.613000,12925,12926,12926,3
2020-11-05,15:45:37.832000,12925,12926,12925,1
2020-11-05,15:45:51.734000,12924,12925,12925,1
2020-11-05,15:45:51.849000,12924,12926,12926,1
2020-11-05,15:45:58.332000,12924,12925,12925,1
2020-11-05,15:45:59.101000,12924,12925,12925,1
2020-11-05,15:46:06.548000,12924,12925,12924,1
2020-11-05,15:46:06.549000,12924,12925,12924,2
2020-11-05,15:46:06.549000,12924,12925,12924,4
2020-11-05,15:46:20.416000,12924,12925,12924,1
2020-11-05,15:46:24.191000,12923,12924,12925,1
2020-11-05,15:46:30.583000,12924,12925,12925,4
2020-11-05,15:46:34.204000,12925,12926,12925,1
2020-11-05,15:46:34.210000,12925,12926,12925,1
2020-11-05,15:46:36.625000,12925,12926,12926,1
2020-11-05,15:46:37.360000,12925,12926,12925,1
2020-11-05,15:46:39.667000,12925,12926,12926,2
2020-11-05,15:46:39.668000,12925,12926,12926,5
2020-11-05,15:46:41.475000,12926,12927,12926,5
2020-11-05,15:46:49.978000,12925,12926,12925,1
2020-11-05,15:46:53.852000,12925,12926,12926,4
2020-11-05,15:46:56.833000,12926,12927,12926,1
2020-11-05,15:47:01.301000,12926,12927,12927,1
2020-11-05,15:47:01.527000,12926,12927,12927,1
2020-11-05,15:47:01.687000,12926,12927,12926,1
2020-11-05,15:47:01.687000,12926,12927,12926,3
2020-11-05,15:47:02.265000,12925,12926,12926,1
2020-11-05,15:47:05.996000,12925,12926,12926,5
2020-11-05,15:47:05.996000,12925,12926,12927,7
2020-11-05,15:47:06.689000,12926,12927,12927,2
2020-11-05,15:47:06.689000,12926,12927,12927,6
2020-11-05,15:47:08.296000,12927,12928,12927,1
2020-11-05,15:47:08.423000,12927,12928,12927,1
2020-11-05,15:47:08.692000,12927,12928,12927,1
2020-11-05,15:47:11.336000,12926,12927,12927,1
2020-11-05,15:47:11.336000,12926,12927,12928,5
2020-11-05,15:47:11.727000,12926,12928,12928,2
2020-11-05,15:47:16.461000,12927,12928,12928,4
2020-11-05,15:47:16.641000,12927,12928,12928,1
2020-11-05,15:47:16.696000,12927,12928,12928,1
2020-11-05,15:47:17.540000,12927,12928,12928,1
2020-11-05,15:47:17.540000,12927,12928,12928,1
2020-11-05,15:47:17.540000,12927,12928,12928,4
2020-11-05,15:47:17.540000,12927,12928,12928,2
2020-11-05,15:47:22.542000,12927,12929,12929,1
2020-11-05,15:47:22.546000,12927,12929,12929,1
2020-11-05,15:47:22.674000,12927,12929,12929,1
2020-11-05,15:47:22.678000,12927,12929,12929,1
2020-11-05,15:47:22.847000,12928,12929,12929,1
2020-11-05,15:47:22.996000,12928,12929,12929,3
2020-11-05,15:47:23.151000,12928,12929,12929,1
2020-11-05,15:47:23.298000,12928,12929,12928,1
2020-11-05,15:47:23.311000,12928,12929,12928,1
2020-11-05,15:47:23.760000,12928,12929,12929,2
2020-11-05,15:47:27.226000,12927,12929,12929,3
2020-11-05,15:47:27.234000,12927,12929,12929,1
2020-11-05,15:47:27.527000,12927,12929,12929,1
2020-11-05,15:47:28.515000,12927,12929,12927,1
2020-11-05,15:47:33.252000,12926,12928,12928,1
2020-11-05,15:47:38.888000,12926,12928,12928,1
2020-11-05,15:47:44.471000,12927,12928,12927,1
2020-11-05,15:47:53.112000,12926,12927,12926,1
2020-11-05,15:47:53.112000,12926,12927,12926,2
2020-11-05,15:47:53.112000,12926,12927,12926,4
2020-11-05,15:47:53.247000,12925,12926,12925,1
2020-11-05,15:47:55.255000,12925,12926,12926,1
2020-11-05,15:47:55.646000,12925,12926,12926,1
2020-11-05,15:47:58.593000,12925,12926,12925,1
2020-11-05,15:47:58.951000,12924,12926,12926,1
2020-11-05,15:48:04.879000,12925,12926,12926,1
2020-11-05,15:48:14.256000,12925,12926,12926,1
2020-11-05,15:48:23.532000,12925,12926,12926,3
2020-11-05,15:48:24.535000,12926,12927,12926,1
2020-11-05,15:48:26.294000,12926,12927,12927,1
2020-11-05,15:48:26.450000,12926,12927,12926,1
2020-11-05,15:48:26.451000,12926,12927,12926,1
2020-11-05,15:48:26.452000,12926,12927,12926,1
2020-11-05,15:48:26.452000,12926,12927,12926,3
2020-11-05,15:48:32.701000,12925,12926,12925,1
2020-11-05,15:48:32.712000,12925,12926,12925,1
2020-11-05,15:48:36.409000,12925,12926,12925,1
2020-11-05,15:48:37.417000,12924,12926,12924,1
2020-11-05,15:48:51.759000,12924,12925,12924,3
2020-11-05,15:48:56.775000,12923,12924,12923,4
2020-11-05,15:48:56.776000,12923,12924,12923,2
2020-11-05,15:49:00.757000,12923,12924,12923,1
2020-11-05,15:49:02.366000,12923,12924,12924,3
2020-11-05,15:49:07.345000,12922,12923,12922,1
2020-11-05,15:49:07.711000,12922,12923,12922,1
2020-11-05,15:49:12.908000,12922,12923,12922,1
2020-11-05,15:49:13.999000,12922,12923,12922,1
2020-11-05,15:49:16.886000,12922,12923,12923,1
2020-11-05,15:49:18.463000,12922,12923,12922,5
2020-11-05,15:49:19.450000,12922,12923,12922,1
2020-11-05,15:49:31.404000,12923,12924,12924,1
2020-11-05,15:49:33.022000,12923,12924,12924,1
2020-11-05,15:49:33.022000,12923,12924,12924,4
2020-11-05,15:49:40.380000,12923,12924,12924,1
2020-11-05,15:49:53.626000,12923,12924,12924,1
2020-11-05,15:50:08.580000,12922,12923,12922,1
2020-11-05,15:50:08.581000,12922,12923,12922,2
2020-11-05,15:50:08.581000,12922,12923,12922,2
2020-11-05,15:50:19.022000,12921,12922,12922,1
2020-11-05,15:50:19.347000,12922,12923,12922,1
2020-11-05,15:50:21.282000,12922,12923,12922,1
2020-11-05,15:50:21.335000,12922,12923,12922,1
2020-11-05,15:50:22.830000,12922,12923,12922,1
2020-11-05,15:50:24.682000,12922,12923,12922,1
2020-11-05,15:50:44.350000,12922,12923,12923,1
2020-11-05,15:50:46.879000,12922,12923,12923,1
2020-11-05,15:50:50.660000,12922,12923,12922,1
2020-11-05,15:50:51.532000,12922,12923,12923,1
2020-11-05,15:50:54.002000,12923,12924,12923,1
2020-11-05,15:51:06.567000,12922,12923,12922,1
2020-11-05,15:51:06.568000,12922,12923,12922,2
2020-11-05,15:51:07.795000,12921,12922,12921,1
2020-11-05,15:51:07.795000,12921,12922,12921,4
2020-11-05,15:51:07.795000,12921,12922,12921,1
2020-11-05,15:51:07.796000,12921,12922,12921,1
2020-11-05,15:51:07.796000,12921,12922,12921,1
2020-11-05,15:51:13.548000,12921,12923,12923,1
2020-11-05,15:51:15.704000,12921,12923,12921,5
2020-11-05,15:51:26.468000,12921,12923,12921,1
2020-11-05,15:51:31.162000,12921,12922,12921,1
2020-11-05,15:51:31.232000,12920,12921,12921,1
2020-11-05,15:51:37.976000,12921,12922,12922,1
2020-11-05,15:51:37.976000,12921,12922,12922,1
2020-11-05,15:51:38.384000,12922,12923,12922,1
2020-11-05,15:51:38.815000,12922,12923,12922,1
2020-11-05,15:51:42.164000,12921,12922,12922,2
2020-11-05,15:51:49.719000,12922,12923,12923,1
2020-11-05,15:51:49.719000,12922,12923,12923,1
2020-11-05,15:51:49.719000,12922,12923,12923,1
2020-11-05,15:51:49.719000,12922,12923,12923,3
2020-11-05,15:52:00.409000,12921,12922,12922,1
2020-11-05,15:52:02.640000,12921,12922,12922,1
2020-11-05,15:52:15.032000,12921,12922,12921,3
2020-11-05,15:52:15.032000,12921,12922,12921,2
2020-11-05,15:52:17.623000,12920,12921,12920,5
2020-11-05,15:52:17.623000,12920,12921,12920,4
2020-11-05,15:52:17.623000,12920,12921,12920,1
2020-11-05,15:52:17.623000,12920,12921,12920,1
2020-11-05,15:52:17.624000,12920,12921,12920,2
2020-11-05,15:52:32.270000,12919,12920,12919,3
2020-11-05,15:52:39.324000,12919,12920,12919,10
2020-11-05,15:52:41.219000,12919,12920,12919,1
2020-11-05,15:52:42.283000,12919,12920,12919,1
2020-11-05,15:52:44.477000,12919,12920,12919,3
2020-11-05,15:52:45.207000,12919,12920,12920,1
2020-11-05,15:52:46.535000,12919,12920,12920,1
2020-11-05,15:52:51.007000,12919,12920,12919,4
2020-11-05,15:52:51.007000,12919,12920,12919,1
2020-11-05,15:52:53.604000,12918,12919,12919,2
2020-11-05,15:52:54.679000,12918,12919,12918,2
