2019-05-29,15:00:00.035000,10267,10268,10268,153
2019-05-29,15:00:00.162000,10267,10268,10267,1
2019-05-29,15:00:00.171000,10267,10268,10268,1
2019-05-29,15:00:00.185000,10267,10268,10267,10
2019-05-29,15:00:00.281000,10267,10268,10267,9
2019-05-29,15:00:00.321000,10266,10267,10266,2
2019-05-29,15:00:00.382000,10266,10267,10266,2
2019-05-29,15:00:00.480000,10266,10267,10266,4
2019-05-29,15:00:00.493000,10266,10267,10267,2
2019-05-29,15:00:00.636000,10266,10267,10266,1
2019-05-29,15:00:00.644000,10266,10267,10266,10
2019-05-29,15:00:00.868000,10266,10267,10267,2
2019-05-29,15:00:00.926000,10266,10267,10267,2
2019-05-29,15:00:01.017000,10266,10267,10266,1
2019-05-29,15:00:01.199000,10266,10267,10267,2
2019-05-29,15:00:01.207000,10266,10267,10267,3
2019-05-29,15:00:01.228000,10266,10267,10267,2
2019-05-29,15:00:01.228000,10266,10267,10267,2
2019-05-29,15:00:01.229000,10266,10267,10267,1
2019-05-29,15:00:01.339000,10266,10268,10267,1
2019-05-29,15:00:01.344000,10266,10268,10268,2
2019-05-29,15:00:01.434000,10266,10268,10267,1
2019-05-29,15:00:01.442000,10266,10268,10267,1
2019-05-29,15:00:01.442000,10266,10268,10267,1
2019-05-29,15:00:01.442000,10266,10268,10267,1
2019-05-29,15:00:01.564000,10267,10268,10268,1
2019-05-29,15:00:01.662000,10267,10268,10268,12
2019-05-29,15:00:01.728000,10267,10268,10267,1
2019-05-29,15:00:02.057000,10267,10269,10269,1
2019-05-29,15:00:02.162000,10267,10269,10269,4
2019-05-29,15:00:02.180000,10267,10269,10267,7
2019-05-29,15:00:02.189000,10267,10269,10267,3
2019-05-29,15:00:02.275000,10267,10269,10267,1
2019-05-29,15:00:02.275000,10267,10269,10266,9
2019-05-29,15:00:02.612000,10267,10268,10268,1
2019-05-29,15:00:02.775000,10267,10268,10267,1
2019-05-29,15:00:02.889000,10267,10269,10267,1
2019-05-29,15:00:02.930000,10267,10269,10267,1
2019-05-29,15:00:03.108000,10266,10268,10266,1
2019-05-29,15:00:03.402000,10266,10268,10266,1
2019-05-29,15:00:03.541000,10267,10268,10268,1
2019-05-29,15:00:03.944000,10267,10268,10268,1
2019-05-29,15:00:04.097000,10267,10268,10268,1
2019-05-29,15:00:04.313000,10267,10268,10267,2
2019-05-29,15:00:04.314000,10267,10268,10267,1
2019-05-29,15:00:04.393000,10267,10268,10267,1
2019-05-29,15:00:04.393000,10267,10268,10266,1
2019-05-29,15:00:05.154000,10266,10268,10268,1
2019-05-29,15:00:05.844000,10267,10268,10268,2
2019-05-29,15:00:05.971000,10267,10268,10268,1
2019-05-29,15:00:06.032000,10267,10268,10268,1
2019-05-29,15:00:06.105000,10267,10268,10267,5
2019-05-29,15:00:06.287000,10267,10268,10268,3
2019-05-29,15:00:06.412000,10267,10268,10268,1
2019-05-29,15:00:06.467000,10267,10268,10267,1
2019-05-29,15:00:06.856000,10267,10269,10268,4
2019-05-29,15:00:06.856000,10267,10269,10267,4
2019-05-29,15:00:07.062000,10267,10269,10268,1
2019-05-29,15:00:07.110000,10267,10269,10267,5
2019-05-29,15:00:07.571000,10268,10269,10268,5
2019-05-29,15:00:07.621000,10268,10269,10268,3
2019-05-29,15:00:07.827000,10267,10268,10268,1
2019-05-29,15:00:08.053000,10267,10269,10267,4
2019-05-29,15:00:08.620000,10268,10269,10268,1
2019-05-29,15:00:09.083000,10267,10268,10267,3
2019-05-29,15:00:09.941000,10267,10268,10267,1
2019-05-29,15:00:10.098000,10267,10268,10268,1
2019-05-29,15:00:10.299000,10267,10268,10267,1
2019-05-29,15:00:10.588000,10267,10268,10268,1
2019-05-29,15:00:10.650000,10267,10268,10268,3
2019-05-29,15:00:10.650000,10267,10268,10269,1
2019-05-29,15:00:12.166000,10267,10268,10267,1
2019-05-29,15:00:12.268000,10267,10268,10267,2
2019-05-29,15:00:13.348000,10267,10268,10267,1
2019-05-29,15:00:13.601000,10267,10268,10268,3
2019-05-29,15:00:14.465000,10267,10268,10268,1
2019-05-29,15:00:15.500000,10268,10269,10268,1
2019-05-29,15:00:15.621000,10268,10269,10268,2
2019-05-29,15:00:15.737000,10267,10268,10267,1
2019-05-29,15:00:15.806000,10267,10268,10268,1
2019-05-29,15:00:15.960000,10267,10268,10268,1
2019-05-29,15:00:16.568000,10267,10269,10267,2
2019-05-29,15:00:17.121000,10268,10269,10268,1
2019-05-29,15:00:17.246000,10267,10268,10267,1
2019-05-29,15:00:17.733000,10267,10269,10268,1
2019-05-29,15:00:18.178000,10268,10269,10268,5
2019-05-29,15:00:18.406000,10267,10268,10268,2
2019-05-29,15:00:19.111000,10267,10268,10268,1
2019-05-29,15:00:19.143000,10267,10268,10267,2
2019-05-29,15:00:19.467000,10268,10269,10268,7
2019-05-29,15:00:19.467000,10268,10269,10267,18
2019-05-29,15:00:20.075000,10267,10269,10267,1
2019-05-29,15:00:20.228000,10267,10269,10267,7
2019-05-29,15:00:20.228000,10267,10269,10266,8
2019-05-29,15:00:20.818000,10267,10268,10268,1
2019-05-29,15:00:21.024000,10267,10269,10267,1
2019-05-29,15:00:21.247000,10267,10269,10268,1
2019-05-29,15:00:21.500000,10268,10269,10268,1
2019-05-29,15:00:22.006000,10268,10269,10268,1
2019-05-29,15:00:22.846000,10267,10268,10268,1
2019-05-29,15:00:23.274000,10267,10268,10268,1
2019-05-29,15:00:23.669000,10267,10268,10267,1
2019-05-29,15:00:23.870000,10267,10268,10268,1
2019-05-29,15:00:24.096000,10267,10268,10267,2
2019-05-29,15:00:24.590000,10267,10268,10267,1
2019-05-29,15:00:25.338000,10267,10268,10267,2
2019-05-29,15:00:25.779000,10267,10268,10268,1
2019-05-29,15:00:25.864000,10267,10268,10268,1
2019-05-29,15:00:26.244000,10267,10268,10268,1
2019-05-29,15:00:26.310000,10267,10269,10267,1
2019-05-29,15:00:26.367000,10267,10269,10267,1
2019-05-29,15:00:27.271000,10267,10269,10267,1
2019-05-29,15:00:27.413000,10267,10269,10267,2
2019-05-29,15:00:27.595000,10267,10269,10267,25
2019-05-29,15:00:28.232000,10267,10268,10268,1
2019-05-29,15:00:29.039000,10267,10268,10268,1
2019-05-29,15:00:29.070000,10267,10268,10267,1
2019-05-29,15:00:30.004000,10267,10268,10267,1
2019-05-29,15:00:30.502000,10267,10268,10267,1
2019-05-29,15:00:34.230000,10267,10268,10267,1
2019-05-29,15:00:34.860000,10267,10268,10267,1
2019-05-29,15:00:36.544000,10267,10268,10267,2
2019-05-29,15:00:38.031000,10267,10268,10267,8
2019-05-29,15:00:39.749000,10267,10268,10268,1
2019-05-29,15:00:39.903000,10267,10268,10267,6
2019-05-29,15:00:40.312000,10267,10268,10268,1
2019-05-29,15:00:40.381000,10267,10268,10267,1
2019-05-29,15:00:40.449000,10267,10268,10268,1
2019-05-29,15:00:40.506000,10267,10268,10268,1
2019-05-29,15:00:41.379000,10267,10268,10267,1
2019-05-29,15:00:41.757000,10267,10268,10268,1
2019-05-29,15:00:42.486000,10267,10268,10267,1
2019-05-29,15:00:43.013000,10267,10268,10267,2
2019-05-29,15:00:43.323000,10267,10268,10267,3
2019-05-29,15:00:43.966000,10267,10268,10267,1
2019-05-29,15:00:44.600000,10266,10267,10267,2
2019-05-29,15:00:44.910000,10266,10268,10267,1
2019-05-29,15:00:45.528000,10267,10268,10268,2
2019-05-29,15:00:46.520000,10267,10268,10268,5
2019-05-29,15:00:47.340000,10267,10268,10267,2
2019-05-29,15:00:49.284000,10267,10268,10268,1
2019-05-29,15:00:51.353000,10267,10268,10268,1
2019-05-29,15:00:51.969000,10267,10268,10268,1
2019-05-29,15:00:52.771000,10267,10268,10268,2
2019-05-29,15:00:53.510000,10267,10268,10268,1
2019-05-29,15:00:53.537000,10267,10268,10268,1
2019-05-29,15:00:53.596000,10267,10268,10268,1
2019-05-29,15:00:55.262000,10267,10268,10267,3
2019-05-29,15:00:55.362000,10267,10268,10268,12
2019-05-29,15:00:55.827000,10268,10269,10268,1
2019-05-29,15:00:55.849000,10268,10269,10269,1
2019-05-29,15:00:56.167000,10268,10269,10269,1
2019-05-29,15:00:56.943000,10268,10269,10268,1
2019-05-29,15:00:58.498000,10268,10269,10269,1
2019-05-29,15:00:58.954000,10268,10269,10268,1
2019-05-29,15:00:58.980000,10268,10269,10268,1
2019-05-29,15:00:59.901000,10268,10269,10269,13
2019-05-29,15:00:59.901000,10268,10269,10270,15
2019-05-29,15:01:00.156000,10269,10270,10270,1
2019-05-29,15:01:00.299000,10269,10270,10269,1
2019-05-29,15:01:00.662000,10269,10270,10269,3
2019-05-29,15:01:01.355000,10268,10269,10268,5
2019-05-29,15:01:01.452000,10268,10269,10268,7
2019-05-29,15:01:01.452000,10268,10269,10267,3
2019-05-29,15:01:01.987000,10268,10269,10268,3
2019-05-29,15:01:02.030000,10268,10269,10268,2
2019-05-29,15:01:02.030000,10268,10269,10267,3
2019-05-29,15:01:02.033000,10268,10269,10268,1
2019-05-29,15:01:02.636000,10268,10269,10269,1
2019-05-29,15:01:02.978000,10268,10269,10268,4
2019-05-29,15:01:03.066000,10268,10269,10269,1
2019-05-29,15:01:03.169000,10268,10269,10268,1
2019-05-29,15:01:03.828000,10267,10268,10268,7
2019-05-29,15:01:08.948000,10268,10269,10268,1
2019-05-29,15:01:09.124000,10268,10269,10268,1
2019-05-29,15:01:14.665000,10268,10269,10268,10
2019-05-29,15:01:16.662000,10268,10269,10269,1
2019-05-29,15:01:18.538000,10268,10269,10268,1
2019-05-29,15:01:19.550000,10268,10269,10269,1
2019-05-29,15:01:19.800000,10268,10269,10269,1
2019-05-29,15:01:22.039000,10268,10269,10269,1
2019-05-29,15:01:24.448000,10268,10269,10268,10
2019-05-29,15:01:25.471000,10268,10269,10269,1
2019-05-29,15:01:25.892000,10268,10269,10268,2
2019-05-29,15:01:26.176000,10268,10269,10269,1
2019-05-29,15:01:27.285000,10268,10269,10269,2
2019-05-29,15:01:27.458000,10268,10269,10269,3
2019-05-29,15:01:28.073000,10268,10269,10269,1
2019-05-29,15:01:28.675000,10268,10269,10269,1
2019-05-29,15:01:28.881000,10268,10269,10268,1
2019-05-29,15:01:29.555000,10268,10269,10269,1
2019-05-29,15:01:29.711000,10268,10269,10268,4
2019-05-29,15:01:29.733000,10268,10269,10268,1
2019-05-29,15:01:31.017000,10268,10269,10268,1
2019-05-29,15:01:31.042000,10268,10269,10269,1
2019-05-29,15:01:31.221000,10268,10269,10268,1
2019-05-29,15:01:31.965000,10268,10269,10268,2
2019-05-29,15:01:33.507000,10268,10269,10269,2
2019-05-29,15:01:35.615000,10268,10269,10268,2
2019-05-29,15:01:36.483000,10268,10269,10269,3
2019-05-29,15:01:36.583000,10268,10269,10268,2
2019-05-29,15:01:37.238000,10268,10269,10269,1
2019-05-29,15:01:38.275000,10268,10269,10268,1
2019-05-29,15:01:39.912000,10268,10269,10268,1
2019-05-29,15:01:40.084000,10268,10269,10268,1
2019-05-29,15:01:40.765000,10268,10269,10269,8
2019-05-29,15:01:40.765000,10268,10269,10269,1
2019-05-29,15:01:47.101000,10269,10270,10270,1
2019-05-29,15:01:49.008000,10269,10270,10270,1
2019-05-29,15:01:52.438000,10269,10270,10270,2
2019-05-29,15:01:53.888000,10269,10270,10270,5
2019-05-29,15:01:54.700000,10269,10270,10270,1
2019-05-29,15:01:57.781000,10269,10270,10270,1
2019-05-29,15:01:58.769000,10269,10270,10269,10
2019-05-29,15:01:59.838000,10269,10270,10269,1
2019-05-29,15:02:00.564000,10269,10270,10270,1
2019-05-29,15:02:00.638000,10269,10270,10270,1
2019-05-29,15:02:00.679000,10269,10270,10270,6
2019-05-29,15:02:01.756000,10269,10270,10270,1
2019-05-29,15:02:02.621000,10269,10270,10269,2
2019-05-29,15:02:03.103000,10269,10270,10269,3
2019-05-29,15:02:04.030000,10269,10270,10270,15
2019-05-29,15:02:04.044000,10269,10270,10270,1
2019-05-29,15:02:04.369000,10269,10270,10269,1
2019-05-29,15:02:05.663000,10269,10270,10269,1
2019-05-29,15:02:05.913000,10269,10270,10269,1
2019-05-29,15:02:05.982000,10269,10270,10269,8
2019-05-29,15:02:09.107000,10269,10270,10270,1
2019-05-29,15:02:09.400000,10269,10270,10270,1
2019-05-29,15:02:13.768000,10269,10270,10269,1
2019-05-29,15:02:15.198000,10269,10270,10269,1
2019-05-29,15:02:15.250000,10269,10270,10270,1
2019-05-29,15:02:22.765000,10269,10270,10269,1
2019-05-29,15:02:24.036000,10269,10270,10269,1
2019-05-29,15:02:24.961000,10269,10270,10270,1
2019-05-29,15:02:25.904000,10269,10270,10269,1
2019-05-29,15:02:27.537000,10269,10270,10269,4
2019-05-29,15:02:27.641000,10269,10270,10269,4
2019-05-29,15:02:27.662000,10269,10270,10269,6
2019-05-29,15:02:28.236000,10268,10269,10269,1
2019-05-29,15:02:28.611000,10268,10269,10268,10
2019-05-29,15:02:28.852000,10268,10269,10269,5
2019-05-29,15:02:29.818000,10268,10269,10269,1
2019-05-29,15:02:32.774000,10268,10269,10269,1
2019-05-29,15:02:33.939000,10268,10269,10269,2
2019-05-29,15:02:39.469000,10268,10269,10268,2
2019-05-29,15:02:39.674000,10268,10269,10269,1
2019-05-29,15:02:40.300000,10268,10269,10269,1
2019-05-29,15:02:40.360000,10268,10269,10268,1
2019-05-29,15:02:41.042000,10268,10269,10268,3
2019-05-29,15:02:41.475000,10268,10269,10268,1
2019-05-29,15:02:43.249000,10268,10269,10269,1
2019-05-29,15:02:45.661000,10268,10269,10268,1
2019-05-29,15:02:47.082000,10268,10269,10268,5
2019-05-29,15:02:47.847000,10268,10269,10269,1
2019-05-29,15:02:48.868000,10268,10269,10269,2
2019-05-29,15:02:49.095000,10268,10269,10269,1
2019-05-29,15:02:49.278000,10268,10269,10269,1
2019-05-29,15:02:49.829000,10268,10269,10269,1
2019-05-29,15:02:50.849000,10268,10269,10269,2
2019-05-29,15:02:55.794000,10268,10269,10269,1
2019-05-29,15:02:59.436000,10268,10269,10268,2
2019-05-29,15:03:00.088000,10268,10269,10268,1
2019-05-29,15:03:00.143000,10268,10269,10268,1
2019-05-29,15:03:01.587000,10268,10269,10269,1
2019-05-29,15:03:02.189000,10268,10269,10268,10
2019-05-29,15:03:02.346000,10268,10269,10269,1
2019-05-29,15:03:02.383000,10268,10269,10268,10
2019-05-29,15:03:02.575000,10268,10269,10268,3
2019-05-29,15:03:04.327000,10268,10269,10268,3
2019-05-29,15:03:04.888000,10268,10269,10268,1
2019-05-29,15:03:04.926000,10268,10269,10268,2
2019-05-29,15:03:06.534000,10268,10269,10268,2
2019-05-29,15:03:06.714000,10268,10269,10269,2
2019-05-29,15:03:08.316000,10268,10269,10268,1
2019-05-29,15:03:09.654000,10268,10269,10268,2
2019-05-29,15:03:12.131000,10268,10269,10268,1
2019-05-29,15:03:12.520000,10268,10269,10268,1
2019-05-29,15:03:12.704000,10268,10269,10269,1
2019-05-29,15:03:13.784000,10268,10269,10268,1
2019-05-29,15:03:14.025000,10268,10269,10268,2
2019-05-29,15:03:14.220000,10268,10269,10268,1
2019-05-29,15:03:15.097000,10268,10269,10269,1
2019-05-29,15:03:19.174000,10268,10269,10269,1
2019-05-29,15:03:19.754000,10268,10269,10268,2
2019-05-29,15:03:23.711000,10268,10269,10269,2
2019-05-29,15:03:24.113000,10268,10269,10269,1
2019-05-29,15:03:25.808000,10268,10269,10269,1
2019-05-29,15:03:25.941000,10268,10269,10269,1
2019-05-29,15:03:27.038000,10268,10269,10269,2
2019-05-29,15:03:29.624000,10268,10269,10269,7
2019-05-29,15:03:29.684000,10269,10270,10270,1
2019-05-29,15:03:31.870000,10269,10270,10269,1
2019-05-29,15:03:32.736000,10269,10270,10269,2
2019-05-29,15:03:33.572000,10269,10270,10269,1
2019-05-29,15:03:36.368000,10269,10270,10269,1
2019-05-29,15:03:39.308000,10269,10270,10270,1
2019-05-29,15:03:39.646000,10269,10270,10269,1
2019-05-29,15:03:40.381000,10269,10270,10270,5
2019-05-29,15:03:43.360000,10269,10270,10270,1
2019-05-29,15:03:44.785000,10269,10270,10270,29
2019-05-29,15:03:44.803000,10269,10271,10270,2
2019-05-29,15:03:50.741000,10270,10271,10271,1
2019-05-29,15:03:50.831000,10270,10271,10271,1
2019-05-29,15:03:50.853000,10270,10271,10271,1
2019-05-29,15:03:51.894000,10271,10272,10271,1
2019-05-29,15:03:53.314000,10270,10271,10271,1
2019-05-29,15:03:58.645000,10270,10271,10270,3
2019-05-29,15:03:59.561000,10270,10271,10271,1
2019-05-29,15:04:00.674000,10270,10271,10271,1
2019-05-29,15:04:00.809000,10270,10271,10271,1
2019-05-29,15:04:01.929000,10270,10271,10271,1
2019-05-29,15:04:02.692000,10270,10271,10271,1
2019-05-29,15:04:03.677000,10270,10271,10271,1
2019-05-29,15:04:04.018000,10270,10271,10271,1
2019-05-29,15:04:08.527000,10271,10272,10272,1
2019-05-29,15:04:08.773000,10271,10272,10272,1
2019-05-29,15:04:10.284000,10271,10272,10272,1
2019-05-29,15:04:11.076000,10271,10272,10272,1
2019-05-29,15:04:12.289000,10271,10272,10271,3
2019-05-29,15:04:18.001000,10271,10272,10271,1
2019-05-29,15:04:23.464000,10271,10272,10271,1
2019-05-29,15:04:24.278000,10271,10272,10271,1
2019-05-29,15:04:26.480000,10271,10272,10271,1
2019-05-29,15:04:26.746000,10271,10272,10271,3
2019-05-29,15:04:26.809000,10271,10272,10272,1
2019-05-29,15:04:29.558000,10271,10272,10272,1
2019-05-29,15:04:30.043000,10271,10272,10272,1
2019-05-29,15:04:33.918000,10271,10272,10272,1
2019-05-29,15:04:35.523000,10271,10272,10272,2
2019-05-29,15:04:36.158000,10271,10272,10272,1
2019-05-29,15:04:36.402000,10271,10272,10272,2
2019-05-29,15:04:37.181000,10271,10272,10272,1
2019-05-29,15:04:38.229000,10271,10272,10272,3
2019-05-29,15:04:38.865000,10272,10273,10272,2
2019-05-29,15:04:39.867000,10272,10273,10273,2
2019-05-29,15:04:39.939000,10272,10273,10273,1
2019-05-29,15:04:40.015000,10272,10273,10273,2
2019-05-29,15:04:41.684000,10272,10273,10272,1
2019-05-29,15:04:46.450000,10272,10273,10273,2
2019-05-29,15:04:48.102000,10272,10273,10273,1
2019-05-29,15:04:48.193000,10272,10273,10273,3
2019-05-29,15:04:49.720000,10272,10273,10272,2
2019-05-29,15:04:50.257000,10272,10273,10273,1
2019-05-29,15:04:52.174000,10272,10273,10273,1
2019-05-29,15:04:52.660000,10272,10273,10273,1
2019-05-29,15:04:55.042000,10272,10273,10272,1
2019-05-29,15:04:55.205000,10272,10273,10273,1
2019-05-29,15:04:56.164000,10272,10273,10273,2
2019-05-29,15:04:57.481000,10272,10273,10273,2
2019-05-29,15:04:59.189000,10272,10273,10272,2
2019-05-29,15:04:59.201000,10272,10273,10272,2
2019-05-29,15:04:59.287000,10272,10273,10272,10
2019-05-29,15:04:59.287000,10272,10273,10272,4
2019-05-29,15:04:59.287000,10272,10273,10272,13
2019-05-29,15:04:59.287000,10272,10273,10272,1
2019-05-29,15:04:59.288000,10272,10273,10272,4
2019-05-29,15:04:59.288000,10272,10273,10273,1
2019-05-29,15:04:59.555000,10271,10273,10273,1
2019-05-29,15:04:59.734000,10271,10273,10273,1
2019-05-29,15:05:02.245000,10272,10273,10272,1
2019-05-29,15:05:02.335000,10271,10272,10273,4
2019-05-29,15:05:02.918000,10271,10272,10272,2
2019-05-29,15:05:07.312000,10271,10272,10271,1
2019-05-29,15:05:07.487000,10271,10272,10272,1
2019-05-29,15:05:07.566000,10271,10272,10271,1
2019-05-29,15:05:07.658000,10271,10272,10272,10
2019-05-29,15:05:08.121000,10271,10272,10272,6
2019-05-29,15:05:10.457000,10271,10272,10272,1
2019-05-29,15:05:12.168000,10271,10272,10272,3
2019-05-29,15:05:12.202000,10271,10272,10272,1
2019-05-29,15:05:12.255000,10271,10272,10272,3
2019-05-29,15:05:12.287000,10271,10272,10272,11
2019-05-29,15:05:18.704000,10272,10273,10273,3
2019-05-29,15:05:19.017000,10272,10273,10273,1
2019-05-29,15:05:19.918000,10272,10273,10273,2
2019-05-29,15:05:24.374000,10272,10273,10273,1
2019-05-29,15:05:25.612000,10272,10273,10273,1
2019-05-29,15:05:27.135000,10272,10273,10273,1
2019-05-29,15:05:29.725000,10272,10273,10273,2
2019-05-29,15:05:30.009000,10272,10273,10273,2
2019-05-29,15:05:32.568000,10272,10273,10272,12
2019-05-29,15:05:34.335000,10271,10272,10272,1
2019-05-29,15:05:38.122000,10271,10272,10272,6
2019-05-29,15:05:40.478000,10271,10272,10272,3
2019-05-29,15:05:42.365000,10271,10272,10272,15
2019-05-29,15:05:47.072000,10272,10273,10272,2
2019-05-29,15:05:58.305000,10272,10273,10273,2
2019-05-29,15:06:03.749000,10272,10273,10273,2
2019-05-29,15:06:03.787000,10272,10273,10273,4
2019-05-29,15:06:03.787000,10272,10273,10273,2
2019-05-29,15:06:04.038000,10273,10274,10273,1
2019-05-29,15:06:11.413000,10273,10274,10273,1
2019-05-29,15:06:11.962000,10273,10274,10274,1
2019-05-29,15:06:15.164000,10273,10274,10273,3
2019-05-29,15:06:16.727000,10272,10273,10272,2
2019-05-29,15:06:18.679000,10272,10273,10272,25
2019-05-29,15:06:23.868000,10272,10273,10273,3
2019-05-29,15:06:23.868000,10272,10273,10274,2
2019-05-29,15:06:24.106000,10272,10274,10273,2
2019-05-29,15:06:25.046000,10272,10274,10272,1
2019-05-29,15:06:31.066000,10272,10273,10273,2
2019-05-29,15:06:37.147000,10272,10273,10273,1
2019-05-29,15:06:37.814000,10272,10273,10273,1
2019-05-29,15:06:38.333000,10272,10273,10273,2
2019-05-29,15:06:43.486000,10272,10273,10273,3
2019-05-29,15:06:43.538000,10273,10274,10273,1
2019-05-29,15:06:43.539000,10273,10274,10273,1
2019-05-29,15:06:47.560000,10272,10273,10272,1
2019-05-29,15:06:49.186000,10272,10273,10273,1
2019-05-29,15:06:50.409000,10272,10273,10272,10
2019-05-29,15:06:56.265000,10272,10273,10273,1
2019-05-29,15:06:57.760000,10272,10273,10272,2
2019-05-29,15:06:57.953000,10272,10273,10272,1
2019-05-29,15:07:01.570000,10272,10273,10272,1
2019-05-29,15:07:02.388000,10272,10273,10272,2
2019-05-29,15:07:04.159000,10272,10273,10272,1
2019-05-29,15:07:04.729000,10272,10273,10272,1
2019-05-29,15:07:07.736000,10272,10273,10272,11
2019-05-29,15:07:07.736000,10272,10273,10273,1
2019-05-29,15:07:08.087000,10271,10272,10272,1
2019-05-29,15:07:09.912000,10271,10272,10272,1
2019-05-29,15:07:14.977000,10271,10272,10272,1
2019-05-29,15:07:15.108000,10271,10272,10272,1
2019-05-29,15:07:20.990000,10271,10272,10272,10
2019-05-29,15:07:21.426000,10271,10272,10272,1
2019-05-29,15:07:21.647000,10271,10272,10272,2
2019-05-29,15:07:24.052000,10271,10272,10272,4
2019-05-29,15:07:25.135000,10271,10272,10272,4
2019-05-29,15:07:29.376000,10271,10272,10272,1
2019-05-29,15:07:29.461000,10271,10272,10272,1
2019-05-29,15:07:31.481000,10271,10272,10272,5
2019-05-29,15:07:33.412000,10271,10272,10272,2
2019-05-29,15:07:34.443000,10271,10272,10272,2
2019-05-29,15:07:35.355000,10271,10272,10272,2
2019-05-29,15:07:37.701000,10271,10272,10271,1
2019-05-29,15:07:37.714000,10271,10272,10271,1
2019-05-29,15:07:37.727000,10271,10272,10271,4
2019-05-29,15:07:37.787000,10271,10272,10271,25
2019-05-29,15:07:38.051000,10270,10272,10271,1
2019-05-29,15:07:40.640000,10270,10272,10272,2
2019-05-29,15:07:56.746000,10270,10271,10271,1
2019-05-29,15:07:58.414000,10270,10271,10270,9
2019-05-29,15:07:58.766000,10270,10271,10271,1
2019-05-29,15:08:00.829000,10270,10271,10270,21
2019-05-29,15:08:01.312000,10269,10270,10269,10
2019-05-29,15:08:03.283000,10268,10270,10269,1
2019-05-29,15:08:03.685000,10268,10270,10269,1
2019-05-29,15:08:03.877000,10268,10270,10270,1
2019-05-29,15:08:08.385000,10269,10270,10270,1
2019-05-29,15:08:08.848000,10269,10270,10269,1
2019-05-29,15:08:12.585000,10269,10270,10270,1
2019-05-29,15:08:12.662000,10269,10270,10270,1
2019-05-29,15:08:12.913000,10270,10271,10270,1
2019-05-29,15:08:14.554000,10269,10270,10270,1
2019-05-29,15:08:16.387000,10270,10271,10270,1
2019-05-29,15:08:16.493000,10270,10271,10270,1
2019-05-29,15:08:16.751000,10270,10271,10270,1
2019-05-29,15:08:25.512000,10270,10271,10270,2
2019-05-29,15:08:27.412000,10270,10271,10271,4
2019-05-29,15:08:36.370000,10270,10271,10271,1
2019-05-29,15:08:38.343000,10270,10271,10271,1
2019-05-29,15:08:39.669000,10270,10271,10270,1
2019-05-29,15:08:39.669000,10270,10271,10270,1
2019-05-29,15:08:39.681000,10270,10271,10270,5
2019-05-29,15:08:40.554000,10269,10271,10271,2
2019-05-29,15:08:42.055000,10269,10271,10271,2
2019-05-29,15:08:43.460000,10269,10271,10269,4
2019-05-29,15:08:46.113000,10270,10271,10270,4
2019-05-29,15:08:47.991000,10270,10271,10271,1
2019-05-29,15:08:49.128000,10270,10271,10271,8
2019-05-29,15:08:52.334000,10270,10271,10270,1
2019-05-29,15:08:54.652000,10270,10271,10270,5
2019-05-29,15:08:57.679000,10270,10271,10270,5
2019-05-29,15:09:00.310000,10270,10271,10270,1
2019-05-29,15:09:01.201000,10269,10270,10270,1
2019-05-29,15:09:02.885000,10269,10270,10269,7
2019-05-29,15:09:04.428000,10269,10270,10270,2
2019-05-29,15:09:11.274000,10269,10270,10270,2
2019-05-29,15:09:15.550000,10269,10270,10269,1
2019-05-29,15:09:16.139000,10269,10270,10269,2
2019-05-29,15:09:21.329000,10269,10270,10270,5
2019-05-29,15:09:29.832000,10269,10270,10269,2
2019-05-29,15:09:36.328000,10269,10270,10270,2
2019-05-29,15:09:37.881000,10269,10270,10270,1
2019-05-29,15:09:41.412000,10269,10270,10270,2
2019-05-29,15:09:41.537000,10269,10270,10270,14
2019-05-29,15:09:41.828000,10270,10271,10270,5
2019-05-29,15:09:42.441000,10270,10271,10270,1
2019-05-29,15:09:44.563000,10270,10271,10270,1
2019-05-29,15:09:49.341000,10270,10271,10270,3
2019-05-29,15:09:49.439000,10269,10270,10270,2
2019-05-29,15:09:49.825000,10269,10271,10270,2
2019-05-29,15:09:57.022000,10270,10271,10270,1
2019-05-29,15:10:10.186000,10270,10271,10270,1
2019-05-29,15:10:15.354000,10270,10271,10271,2
2019-05-29,15:10:15.761000,10270,10271,10270,2
2019-05-29,15:10:25.491000,10270,10271,10270,1
2019-05-29,15:10:28.970000,10270,10271,10270,1
2019-05-29,15:10:29.521000,10270,10271,10270,1
2019-05-29,15:10:29.904000,10270,10271,10270,1
2019-05-29,15:10:31.150000,10270,10271,10270,1
2019-05-29,15:10:34.125000,10270,10271,10271,2
2019-05-29,15:10:36.840000,10270,10271,10270,1
2019-05-29,15:10:39.826000,10270,10271,10270,1
2019-05-29,15:10:42.528000,10270,10271,10270,4
2019-05-29,15:10:55.315000,10269,10270,10270,1
2019-05-29,15:10:59.792000,10269,10270,10270,1
2019-05-29,15:11:00.453000,10269,10270,10270,7
2019-05-29,15:11:03.919000,10270,10271,10271,1
2019-05-29,15:11:04.056000,10270,10271,10270,1
2019-05-29,15:11:07.747000,10270,10271,10270,1
2019-05-29,15:11:07.756000,10270,10271,10271,1
2019-05-29,15:11:09.720000,10270,10271,10270,10
2019-05-29,15:11:10.434000,10270,10271,10270,10
2019-05-29,15:11:11.596000,10270,10271,10270,1
2019-05-29,15:11:12.310000,10270,10271,10270,1
2019-05-29,15:11:14.931000,10270,10271,10271,15
2019-05-29,15:11:15.346000,10271,10272,10271,5
2019-05-29,15:11:15.468000,10271,10272,10271,5
2019-05-29,15:11:17.312000,10271,10272,10271,1
2019-05-29,15:11:24.370000,10270,10271,10271,1
2019-05-29,15:11:29.602000,10270,10271,10271,3
2019-05-29,15:11:29.797000,10270,10271,10270,5
2019-05-29,15:11:37.290000,10270,10271,10271,1
2019-05-29,15:11:38.734000,10270,10271,10271,1
2019-05-29,15:11:39.173000,10270,10271,10270,1
2019-05-29,15:11:43.436000,10270,10271,10270,1
2019-05-29,15:11:49.964000,10270,10271,10271,1
2019-05-29,15:11:50.990000,10270,10271,10271,6
2019-05-29,15:11:52.287000,10271,10272,10272,3
2019-05-29,15:11:52.412000,10271,10272,10272,13
2019-05-29,15:11:52.825000,10272,10273,10272,5
2019-05-29,15:11:59.123000,10272,10273,10272,5
2019-05-29,15:12:01.723000,10272,10273,10272,5
2019-05-29,15:12:04.065000,10272,10273,10272,1
2019-05-29,15:12:04.539000,10272,10273,10273,1
2019-05-29,15:12:05.994000,10272,10273,10272,1
2019-05-29,15:12:10.450000,10272,10273,10273,2
2019-05-29,15:12:10.874000,10272,10273,10273,1
2019-05-29,15:12:17.317000,10272,10273,10273,1
2019-05-29,15:12:17.479000,10272,10273,10273,1
2019-05-29,15:12:18.958000,10272,10273,10273,1
2019-05-29,15:12:19.540000,10272,10273,10272,1
2019-05-29,15:12:27.426000,10272,10273,10273,1
2019-05-29,15:12:30.287000,10272,10273,10272,2
2019-05-29,15:12:31.792000,10272,10273,10273,2
2019-05-29,15:12:32.037000,10272,10273,10273,1
2019-05-29,15:12:32.164000,10272,10273,10273,18
2019-05-29,15:12:33.715000,10273,10274,10274,1
2019-05-29,15:12:35.246000,10273,10274,10274,1
2019-05-29,15:12:35.417000,10273,10274,10273,1
2019-05-29,15:12:35.485000,10273,10274,10273,1
2019-05-29,15:12:36.807000,10273,10274,10273,1
2019-05-29,15:12:39.277000,10272,10273,10273,1
2019-05-29,15:12:47.413000,10272,10273,10273,2
2019-05-29,15:12:47.872000,10272,10273,10273,3
2019-05-29,15:12:58.671000,10273,10274,10274,1
2019-05-29,15:13:01.143000,10273,10274,10273,1
2019-05-29,15:13:01.397000,10273,10274,10274,1
2019-05-29,15:13:03.594000,10273,10274,10273,5
2019-05-29,15:13:06.788000,10273,10274,10273,1
2019-05-29,15:13:10.121000,10273,10274,10273,1
2019-05-29,15:13:14.237000,10273,10274,10273,5
2019-05-29,15:13:17.656000,10273,10274,10274,1
2019-05-29,15:13:20.067000,10273,10274,10273,1
2019-05-29,15:13:22.383000,10273,10274,10273,1
2019-05-29,15:13:23.360000,10273,10274,10273,5
2019-05-29,15:13:27.416000,10273,10274,10273,5
2019-05-29,15:13:28.072000,10273,10274,10274,1
2019-05-29,15:13:28.102000,10273,10274,10273,4
2019-05-29,15:13:28.944000,10272,10273,10273,1
2019-05-29,15:13:31.294000,10272,10273,10273,1
2019-05-29,15:13:31.723000,10272,10273,10272,1
2019-05-29,15:13:33.512000,10272,10273,10272,5
2019-05-29,15:13:39.025000,10272,10273,10273,1
2019-05-29,15:13:39.434000,10272,10273,10273,2
2019-05-29,15:13:44.760000,10272,10273,10272,10
2019-05-29,15:13:46.867000,10272,10273,10272,1
2019-05-29,15:13:47.017000,10272,10273,10272,1
2019-05-29,15:13:47.630000,10272,10273,10272,1
2019-05-29,15:13:47.766000,10272,10273,10272,1
2019-05-29,15:13:51.489000,10272,10273,10272,1
2019-05-29,15:13:51.496000,10272,10273,10272,3
2019-05-29,15:13:51.582000,10271,10272,10272,1
2019-05-29,15:13:52.184000,10271,10272,10272,3
2019-05-29,15:14:00.616000,10271,10272,10272,1
2019-05-29,15:14:00.646000,10271,10272,10271,10
2019-05-29,15:14:02.390000,10271,10272,10271,1
2019-05-29,15:14:03.337000,10271,10272,10271,1
2019-05-29,15:14:04.594000,10271,10272,10271,1
2019-05-29,15:14:05.280000,10271,10272,10271,1
2019-05-29,15:14:07.095000,10271,10272,10271,1
2019-05-29,15:14:09.120000,10270,10271,10271,1
2019-05-29,15:14:10.405000,10271,10272,10272,1
2019-05-29,15:14:11.118000,10271,10272,10271,3
2019-05-29,15:14:13.633000,10270,10271,10270,10
2019-05-29,15:14:16.070000,10270,10271,10271,1
2019-05-29,15:14:18.424000,10270,10271,10271,4
2019-05-29,15:14:26.760000,10271,10272,10271,1
2019-05-29,15:14:26.972000,10270,10271,10271,1
2019-05-29,15:14:37.400000,10270,10271,10270,1
2019-05-29,15:14:37.537000,10270,10271,10270,23
2019-05-29,15:14:37.580000,10270,10271,10270,1
2019-05-29,15:14:37.580000,10270,10271,10270,1
2019-05-29,15:14:37.662000,10270,10271,10270,19
2019-05-29,15:14:37.662000,10270,10271,10270,2
2019-05-29,15:14:37.662000,10270,10271,10270,4
2019-05-29,15:14:37.976000,10270,10271,10271,1
2019-05-29,15:14:41.055000,10270,10271,10270,3
2019-05-29,15:14:43.305000,10270,10271,10270,40
2019-05-29,15:14:43.795000,10269,10270,10269,9
2019-05-29,15:14:43.911000,10269,10270,10269,7
2019-05-29,15:14:43.911000,10269,10270,10269,7
2019-05-29,15:14:43.911000,10269,10270,10269,8
2019-05-29,15:14:43.911000,10269,10270,10269,8
2019-05-29,15:14:44.198000,10268,10269,10268,4
2019-05-29,15:14:44.213000,10268,10269,10268,4
2019-05-29,15:14:44.234000,10268,10269,10268,4
2019-05-29,15:14:44.278000,10268,10269,10268,4
2019-05-29,15:14:44.333000,10268,10269,10268,1
2019-05-29,15:14:44.424000,10268,10269,10268,1
2019-05-29,15:14:44.675000,10268,10269,10268,5
2019-05-29,15:14:45.065000,10268,10269,10269,2
2019-05-29,15:14:46.181000,10268,10269,10269,1
2019-05-29,15:14:48.309000,10268,10269,10269,1
2019-05-29,15:14:49.857000,10268,10269,10269,9
2019-05-29,15:14:50.828000,10268,10269,10268,1
2019-05-29,15:14:53.606000,10268,10269,10268,1
2019-05-29,15:14:56.083000,10268,10269,10268,3
2019-05-29,15:14:56.764000,10268,10269,10268,1
2019-05-29,15:14:57.204000,10268,10269,10268,10
2019-05-29,15:14:58.044000,10268,10269,10269,1
2019-05-29,15:14:58.443000,10268,10269,10268,1
2019-05-29,15:15:01.932000,10268,10269,10268,1
2019-05-29,15:15:02.119000,10268,10269,10268,1
2019-05-29,15:15:02.588000,10268,10269,10268,4
2019-05-29,15:15:03.542000,10268,10269,10268,1
2019-05-29,15:15:04.187000,10268,10269,10268,1
2019-05-29,15:15:04.187000,10268,10269,10268,2
2019-05-29,15:15:04.193000,10268,10269,10268,18
2019-05-29,15:15:04.677000,10267,10268,10268,3
2019-05-29,15:15:05.230000,10267,10268,10268,1
2019-05-29,15:15:05.346000,10267,10268,10268,1
2019-05-29,15:15:05.512000,10267,10268,10268,3
2019-05-29,15:15:05.565000,10267,10268,10268,2
2019-05-29,15:15:05.565000,10267,10268,10268,1
2019-05-29,15:15:05.784000,10268,10269,10269,1
2019-05-29,15:15:10.307000,10268,10269,10268,1
2019-05-29,15:15:10.339000,10268,10269,10268,4
2019-05-29,15:15:11.584000,10267,10268,10267,1
2019-05-29,15:15:11.752000,10267,10268,10267,1
2019-05-29,15:15:12.542000,10267,10268,10267,2
2019-05-29,15:15:12.723000,10267,10268,10268,1
2019-05-29,15:15:13.581000,10267,10268,10268,1
2019-05-29,15:15:14.538000,10267,10268,10267,1
2019-05-29,15:15:15.217000,10267,10268,10268,1
2019-05-29,15:15:15.790000,10267,10268,10267,1
2019-05-29,15:15:18.317000,10267,10268,10268,1
2019-05-29,15:15:19.335000,10267,10268,10268,5
2019-05-29,15:15:19.418000,10267,10268,10268,1
2019-05-29,15:15:20.489000,10267,10268,10268,2
2019-05-29,15:15:26.122000,10267,10268,10267,1
2019-05-29,15:15:29.653000,10267,10268,10268,1
2019-05-29,15:15:29.699000,10267,10268,10268,1
2019-05-29,15:15:29.795000,10267,10268,10268,1
2019-05-29,15:15:31.371000,10267,10268,10268,4
2019-05-29,15:15:35.095000,10267,10268,10268,1
2019-05-29,15:15:39.256000,10267,10268,10268,16
2019-05-29,15:15:45.195000,10268,10269,10269,4
2019-05-29,15:15:45.287000,10268,10269,10269,7
2019-05-29,15:15:46.583000,10268,10269,10269,3
2019-05-29,15:15:49.466000,10268,10269,10269,1
2019-05-29,15:15:57.583000,10268,10269,10268,2
2019-05-29,15:15:57.606000,10268,10269,10268,10
2019-05-29,15:15:57.643000,10268,10269,10268,4
2019-05-29,15:15:58.196000,10267,10268,10268,1
2019-05-29,15:15:58.374000,10267,10268,10268,1
2019-05-29,15:15:58.402000,10267,10268,10267,2
2019-05-29,15:15:59.246000,10267,10268,10267,1
2019-05-29,15:16:01.167000,10267,10268,10268,1
2019-05-29,15:16:02.045000,10267,10268,10267,1
2019-05-29,15:16:02.774000,10267,10268,10268,3
2019-05-29,15:16:03.022000,10267,10268,10268,5
2019-05-29,15:16:08.282000,10268,10269,10268,2
2019-05-29,15:16:10.150000,10268,10269,10268,2
2019-05-29,15:16:10.150000,10268,10269,10268,2
2019-05-29,15:16:12.059000,10267,10268,10267,2
2019-05-29,15:16:12.162000,10267,10268,10267,4
2019-05-29,15:16:12.287000,10267,10268,10267,14
2019-05-29,15:16:12.288000,10267,10268,10268,2
2019-05-29,15:16:13.757000,10267,10268,10268,2
2019-05-29,15:16:13.864000,10267,10268,10268,1
2019-05-29,15:16:14.182000,10267,10268,10268,1
2019-05-29,15:16:17.401000,10267,10268,10267,34
2019-05-29,15:16:25.809000,10266,10267,10266,4
2019-05-29,15:16:26.088000,10266,10267,10266,1
2019-05-29,15:16:26.273000,10266,10267,10266,1
2019-05-29,15:16:26.608000,10266,10267,10266,1
2019-05-29,15:16:27.390000,10266,10267,10266,41
2019-05-29,15:16:30.811000,10265,10266,10265,1
2019-05-29,15:16:31.085000,10265,10266,10265,1
2019-05-29,15:16:32.137000,10265,10266,10265,1
2019-05-29,15:16:32.991000,10265,10266,10265,3
2019-05-29,15:16:34.705000,10265,10266,10266,2
2019-05-29,15:16:35.323000,10265,10266,10265,1
2019-05-29,15:16:35.483000,10265,10266,10265,2
2019-05-29,15:16:35.848000,10265,10266,10265,25
2019-05-29,15:16:37.472000,10265,10266,10265,3
2019-05-29,15:16:38.458000,10265,10266,10266,1
2019-05-29,15:16:40.601000,10265,10266,10265,1
2019-05-29,15:16:42.236000,10265,10266,10265,1
2019-05-29,15:16:42.825000,10265,10266,10266,1
2019-05-29,15:16:42.964000,10265,10266,10265,1
2019-05-29,15:16:46.645000,10265,10266,10265,1
2019-05-29,15:16:47.240000,10265,10266,10265,1
2019-05-29,15:16:49.264000,10265,10266,10265,2
2019-05-29,15:16:49.725000,10265,10266,10265,1
2019-05-29,15:16:50.391000,10265,10266,10266,1
2019-05-29,15:16:50.771000,10265,10266,10266,1
2019-05-29,15:16:58.390000,10265,10266,10265,1
2019-05-29,15:16:59.292000,10265,10266,10266,1
2019-05-29,15:17:03.858000,10265,10266,10265,3
2019-05-29,15:17:04.805000,10265,10266,10266,2
2019-05-29,15:17:05.121000,10265,10266,10265,1
2019-05-29,15:17:06.216000,10265,10266,10266,1
2019-05-29,15:17:06.379000,10265,10266,10265,8
2019-05-29,15:17:06.412000,10265,10266,10265,2
2019-05-29,15:17:06.412000,10265,10266,10265,1
2019-05-29,15:17:06.414000,10265,10266,10265,9
2019-05-29,15:17:07.560000,10264,10265,10265,1
2019-05-29,15:17:07.941000,10264,10265,10265,1
2019-05-29,15:17:09.229000,10264,10265,10265,1
2019-05-29,15:17:10.633000,10264,10265,10264,3
2019-05-29,15:17:11.361000,10264,10265,10265,1
2019-05-29,15:17:13.785000,10264,10265,10265,1
2019-05-29,15:17:13.839000,10264,10265,10264,1
2019-05-29,15:17:14.388000,10264,10265,10264,1
2019-05-29,15:17:15.115000,10264,10265,10265,1
2019-05-29,15:17:15.843000,10264,10265,10265,16
2019-05-29,15:17:16.193000,10265,10266,10265,1
2019-05-29,15:17:16.764000,10265,10266,10265,2
2019-05-29,15:17:16.890000,10265,10266,10265,1
2019-05-29,15:17:17.735000,10265,10266,10265,1
2019-05-29,15:17:21.235000,10265,10266,10265,1
2019-05-29,15:17:21.258000,10265,10266,10265,1
2019-05-29,15:17:22.968000,10265,10266,10265,1
2019-05-29,15:17:23.511000,10265,10266,10266,2
2019-05-29,15:17:26.158000,10265,10266,10265,17
2019-05-29,15:17:29.412000,10265,10266,10265,2
2019-05-29,15:17:30.450000,10265,10266,10265,1
2019-05-29,15:17:34.015000,10265,10266,10265,1
2019-05-29,15:17:34.467000,10265,10266,10265,1
2019-05-29,15:17:35.014000,10265,10266,10265,1
2019-05-29,15:17:38.669000,10265,10266,10265,1
2019-05-29,15:17:42.558000,10265,10266,10265,1
2019-05-29,15:17:43.289000,10265,10266,10266,1
2019-05-29,15:17:49.165000,10265,10266,10266,24
2019-05-29,15:17:49.458000,10266,10267,10267,1
2019-05-29,15:17:50.746000,10266,10267,10267,1
2019-05-29,15:17:52.657000,10266,10267,10266,1
2019-05-29,15:17:58.867000,10266,10267,10267,2
2019-05-29,15:18:01.609000,10266,10267,10266,1
2019-05-29,15:18:02.144000,10266,10267,10266,1
2019-05-29,15:18:02.175000,10266,10267,10266,1
2019-05-29,15:18:02.856000,10266,10267,10266,1
2019-05-29,15:18:10.312000,10266,10267,10266,20
2019-05-29,15:18:15.121000,10266,10267,10267,2
2019-05-29,15:18:18.477000,10266,10267,10266,1
2019-05-29,15:18:19.341000,10266,10267,10266,1
2019-05-29,15:18:20.714000,10266,10267,10267,1
2019-05-29,15:18:21.116000,10266,10267,10267,1
2019-05-29,15:18:21.382000,10266,10267,10266,1
2019-05-29,15:18:24.447000,10266,10267,10267,1
2019-05-29,15:18:24.600000,10266,10267,10266,10
2019-05-29,15:18:27.552000,10265,10267,10265,1
2019-05-29,15:18:35.620000,10266,10267,10267,1
2019-05-29,15:18:38.707000,10266,10267,10266,1
2019-05-29,15:18:43.677000,10266,10267,10266,1
2019-05-29,15:18:58.681000,10266,10267,10266,1
2019-05-29,15:18:59.589000,10266,10267,10266,1
2019-05-29,15:18:59.640000,10266,10267,10266,1
2019-05-29,15:18:59.643000,10266,10267,10266,1
2019-05-29,15:19:01.214000,10266,10267,10266,2
2019-05-29,15:19:05.458000,10266,10267,10266,1
2019-05-29,15:19:06.642000,10265,10267,10265,1
2019-05-29,15:19:09.396000,10266,10267,10267,1
2019-05-29,15:19:13.787000,10266,10267,10267,1
2019-05-29,15:19:16.299000,10266,10267,10266,2
2019-05-29,15:19:16.940000,10265,10267,10267,1
2019-05-29,15:19:17.541000,10266,10267,10266,1
2019-05-29,15:19:17.946000,10265,10266,10266,2
2019-05-29,15:19:18.989000,10265,10266,10266,1
2019-05-29,15:19:22.798000,10265,10266,10266,1
2019-05-29,15:19:25.024000,10265,10266,10265,10
2019-05-29,15:19:25.037000,10265,10266,10265,1
2019-05-29,15:19:25.037000,10265,10266,10265,2
2019-05-29,15:19:25.037000,10265,10266,10265,10
2019-05-29,15:19:25.424000,10264,10265,10264,2
2019-05-29,15:19:26.234000,10264,10265,10264,1
2019-05-29,15:19:30.819000,10264,10265,10265,1
2019-05-29,15:19:33.480000,10264,10265,10264,2
2019-05-29,15:19:37.082000,10264,10265,10264,1
2019-05-29,15:19:41.486000,10264,10265,10265,3
2019-05-29,15:19:42.976000,10264,10265,10265,1
2019-05-29,15:19:47.197000,10264,10265,10265,1
2019-05-29,15:19:48.751000,10264,10265,10265,2
2019-05-29,15:19:53.243000,10264,10265,10265,1
2019-05-29,15:19:53.982000,10264,10265,10264,1
2019-05-29,15:19:54.525000,10264,10265,10265,1
2019-05-29,15:19:54.723000,10264,10265,10264,3
2019-05-29,15:19:56.644000,10264,10265,10264,1
2019-05-29,15:20:00.924000,10264,10265,10265,8
2019-05-29,15:20:00.924000,10264,10265,10265,4
2019-05-29,15:20:00.925000,10264,10265,10265,8
2019-05-29,15:20:01.309000,10265,10266,10265,12
2019-05-29,15:20:01.843000,10265,10266,10265,1
2019-05-29,15:20:01.855000,10265,10266,10265,1
2019-05-29,15:20:01.894000,10265,10266,10265,3
2019-05-29,15:20:03.088000,10265,10266,10265,1
2019-05-29,15:20:03.394000,10265,10266,10265,1
2019-05-29,15:20:04.378000,10265,10266,10265,1
2019-05-29,15:20:05.179000,10265,10266,10265,3
2019-05-29,15:20:06.731000,10265,10266,10265,1
2019-05-29,15:20:07.591000,10265,10266,10265,1
2019-05-29,15:20:07.640000,10265,10266,10265,1
2019-05-29,15:20:08.136000,10264,10265,10264,1
2019-05-29,15:20:08.313000,10264,10265,10264,12
2019-05-29,15:20:09.884000,10264,10265,10265,1
2019-05-29,15:20:10.070000,10264,10265,10264,2
2019-05-29,15:20:10.075000,10264,10265,10264,1
2019-05-29,15:20:13.232000,10265,10266,10265,1
2019-05-29,15:20:19.418000,10265,10266,10265,1
2019-05-29,15:20:22.742000,10265,10266,10265,1
2019-05-29,15:20:26.602000,10265,10266,10266,1
2019-05-29,15:20:26.604000,10265,10266,10266,8
2019-05-29,15:20:27.022000,10266,10267,10266,2
2019-05-29,15:20:37.608000,10266,10267,10267,13
2019-05-29,15:20:37.789000,10267,10268,10267,1
2019-05-29,15:20:38.033000,10266,10267,10267,1
2019-05-29,15:20:39.649000,10266,10268,10266,1
2019-05-29,15:20:43.729000,10267,10268,10267,1
2019-05-29,15:20:45.990000,10267,10268,10267,1
2019-05-29,15:20:47.147000,10267,10268,10268,1
2019-05-29,15:20:50.952000,10267,10268,10268,1
2019-05-29,15:20:51.338000,10267,10268,10267,5
2019-05-29,15:20:51.787000,10267,10268,10268,1
2019-05-29,15:20:54.655000,10267,10268,10268,4
2019-05-29,15:20:55.541000,10267,10268,10267,2
2019-05-29,15:20:55.718000,10267,10268,10268,1
2019-05-29,15:20:55.721000,10267,10268,10268,2
2019-05-29,15:20:56.713000,10267,10268,10268,1
2019-05-29,15:20:58.284000,10267,10268,10267,10
2019-05-29,15:21:07.641000,10267,10268,10268,1
2019-05-29,15:21:07.869000,10267,10268,10267,2
2019-05-29,15:21:10.080000,10267,10268,10267,1
2019-05-29,15:21:11.337000,10267,10268,10268,1
2019-05-29,15:21:21.442000,10267,10268,10268,1
2019-05-29,15:21:21.878000,10267,10268,10267,4
2019-05-29,15:21:22.070000,10267,10268,10267,1
2019-05-29,15:21:25.896000,10267,10268,10268,1
2019-05-29,15:21:26.826000,10267,10268,10268,1
2019-05-29,15:21:27.395000,10267,10268,10268,1
2019-05-29,15:21:29.523000,10267,10268,10268,1
2019-05-29,15:21:32.044000,10267,10268,10268,1
2019-05-29,15:21:36.472000,10267,10268,10267,20
2019-05-29,15:21:43.425000,10267,10268,10267,2
2019-05-29,15:21:47.936000,10267,10268,10267,10
2019-05-29,15:21:50.252000,10267,10268,10267,5
2019-05-29,15:21:50.842000,10267,10268,10267,1
2019-05-29,15:21:52.084000,10266,10267,10267,2
2019-05-29,15:21:52.195000,10266,10267,10267,1
2019-05-29,15:21:53.744000,10266,10267,10267,1
2019-05-29,15:21:54.964000,10266,10267,10267,3
2019-05-29,15:21:55.844000,10266,10267,10267,5
2019-05-29,15:21:56.085000,10267,10268,10267,2
2019-05-29,15:22:05.872000,10267,10268,10267,1
2019-05-29,15:22:11.416000,10267,10268,10268,2
2019-05-29,15:22:14.109000,10267,10268,10268,1
2019-05-29,15:22:19.580000,10267,10268,10268,2
2019-05-29,15:22:22.631000,10267,10268,10268,1
2019-05-29,15:22:22.848000,10267,10268,10268,2
2019-05-29,15:22:26.152000,10267,10268,10268,5
2019-05-29,15:22:27.347000,10267,10268,10268,1
2019-05-29,15:22:28.611000,10267,10268,10268,1
2019-05-29,15:22:28.698000,10267,10268,10268,1
2019-05-29,15:22:29.750000,10267,10268,10267,6
2019-05-29,15:22:30.152000,10267,10268,10268,1
2019-05-29,15:22:45.832000,10267,10268,10267,10
2019-05-29,15:22:48.303000,10267,10268,10267,10
2019-05-29,15:22:48.969000,10267,10268,10268,1
2019-05-29,15:22:49.293000,10267,10268,10268,1
2019-05-29,15:22:52.940000,10267,10268,10267,5
2019-05-29,15:22:55.318000,10267,10268,10268,8
2019-05-29,15:22:55.664000,10268,10269,10268,2
2019-05-29,15:23:08.869000,10268,10269,10269,1
2019-05-29,15:23:09.372000,10268,10269,10269,1
2019-05-29,15:23:09.828000,10268,10269,10269,1
2019-05-29,15:23:11.427000,10268,10269,10269,1
2019-05-29,15:23:11.450000,10268,10269,10269,1
2019-05-29,15:23:11.977000,10268,10269,10269,1
2019-05-29,15:23:12.636000,10268,10269,10269,1
2019-05-29,15:23:12.776000,10268,10269,10269,1
2019-05-29,15:23:16.912000,10268,10269,10269,1
2019-05-29,15:23:17.037000,10268,10269,10269,1
2019-05-29,15:23:17.162000,10268,10269,10269,1
2019-05-29,15:23:23.471000,10269,10270,10269,1
2019-05-29,15:23:23.910000,10268,10270,10268,1
2019-05-29,15:23:25.203000,10269,10270,10269,1
2019-05-29,15:23:26.136000,10268,10269,10269,3
2019-05-29,15:23:28.058000,10268,10269,10269,1
2019-05-29,15:23:29.676000,10268,10269,10269,1
2019-05-29,15:23:35.471000,10268,10269,10269,1
2019-05-29,15:23:38.859000,10268,10269,10269,3
2019-05-29,15:23:39.269000,10268,10269,10269,1
2019-05-29,15:23:40.060000,10268,10269,10268,5
2019-05-29,15:23:50.870000,10268,10269,10268,1
2019-05-29,15:24:05.069000,10268,10269,10269,1
2019-05-29,15:24:26.110000,10268,10269,10269,1
2019-05-29,15:24:29.059000,10268,10269,10268,5
2019-05-29,15:24:34.242000,10268,10269,10269,1
2019-05-29,15:24:38.073000,10268,10269,10269,1
2019-05-29,15:24:38.940000,10268,10269,10269,1
2019-05-29,15:24:44.109000,10268,10269,10268,2
2019-05-29,15:24:44.162000,10268,10269,10268,11
2019-05-29,15:24:53.048000,10267,10268,10267,1
2019-05-29,15:25:00.085000,10267,10268,10267,2
2019-05-29,15:25:00.162000,10267,10268,10267,3
2019-05-29,15:25:00.203000,10267,10268,10267,5
2019-05-29,15:25:00.266000,10267,10268,10267,1
2019-05-29,15:25:00.560000,10266,10267,10266,1
2019-05-29,15:25:01.558000,10266,10267,10266,1
2019-05-29,15:25:01.559000,10266,10267,10266,2
2019-05-29,15:25:01.559000,10266,10267,10266,1
2019-05-29,15:25:01.562000,10266,10267,10266,2
2019-05-29,15:25:01.564000,10266,10267,10266,1
2019-05-29,15:25:01.597000,10266,10267,10266,2
2019-05-29,15:25:01.618000,10266,10267,10266,2
2019-05-29,15:25:01.619000,10266,10267,10266,5
2019-05-29,15:25:01.662000,10266,10267,10266,3
2019-05-29,15:25:02.489000,10265,10266,10265,1
2019-05-29,15:25:07.057000,10265,10266,10265,1
2019-05-29,15:25:07.363000,10265,10266,10266,1
2019-05-29,15:25:07.364000,10265,10266,10266,10
2019-05-29,15:25:07.603000,10266,10267,10266,2
2019-05-29,15:25:07.611000,10266,10267,10266,2
2019-05-29,15:25:09.303000,10266,10267,10266,1
2019-05-29,15:25:10.687000,10266,10267,10266,1
2019-05-29,15:25:17.204000,10266,10267,10266,10
2019-05-29,15:25:19.184000,10265,10266,10266,12
2019-05-29,15:25:19.421000,10266,10267,10266,2
2019-05-29,15:25:23.078000,10266,10267,10266,1
2019-05-29,15:25:28.007000,10266,10267,10266,1
2019-05-29,15:25:28.190000,10266,10267,10267,1
2019-05-29,15:25:37.141000,10266,10267,10267,2
2019-05-29,15:25:44.207000,10266,10267,10267,1
2019-05-29,15:25:46.471000,10266,10267,10267,1
2019-05-29,15:25:49.162000,10266,10267,10267,4
2019-05-29,15:25:56.534000,10266,10267,10267,1
2019-05-29,15:26:04.171000,10266,10267,10266,1
2019-05-29,15:26:06.887000,10266,10267,10267,14
2019-05-29,15:26:26.796000,10266,10267,10266,1
2019-05-29,15:26:27.177000,10266,10267,10267,1
2019-05-29,15:26:36.383000,10266,10267,10266,1
2019-05-29,15:26:36.678000,10266,10267,10267,6
2019-05-29,15:26:37.869000,10266,10267,10266,1
2019-05-29,15:26:40.347000,10266,10267,10267,1
2019-05-29,15:26:42.299000,10266,10267,10267,3
2019-05-29,15:26:43.916000,10267,10268,10267,1
2019-05-29,15:26:55.630000,10267,10268,10268,1
2019-05-29,15:26:59.787000,10267,10268,10268,7
2019-05-29,15:27:00.039000,10268,10269,10268,2
2019-05-29,15:27:07.633000,10267,10268,10267,1
2019-05-29,15:27:13.075000,10267,10268,10267,1
2019-05-29,15:27:17.352000,10268,10269,10268,1
2019-05-29,15:27:27.062000,10267,10268,10268,1
2019-05-29,15:27:30.473000,10267,10268,10268,5
2019-05-29,15:27:35.662000,10267,10268,10268,1
2019-05-29,15:27:38.824000,10267,10268,10268,5
2019-05-29,15:27:38.825000,10267,10268,10268,2
2019-05-29,15:27:38.825000,10267,10268,10268,2
2019-05-29,15:27:40.089000,10268,10269,10268,1
2019-05-29,15:27:43.430000,10268,10269,10269,6
2019-05-29,15:27:43.430000,10268,10269,10269,2
2019-05-29,15:27:43.432000,10268,10269,10269,2
2019-05-29,15:27:44.154000,10269,10270,10269,1
2019-05-29,15:27:50.104000,10268,10269,10269,1
2019-05-29,15:27:50.987000,10268,10269,10269,1
2019-05-29,15:27:58.046000,10268,10269,10269,1
2019-05-29,15:28:03.417000,10268,10269,10268,1
2019-05-29,15:28:07.487000,10268,10269,10269,2
2019-05-29,15:28:14.235000,10268,10269,10269,3
2019-05-29,15:28:21.555000,10268,10269,10269,1
2019-05-29,15:28:33.721000,10268,10269,10269,4
2019-05-29,15:28:41.017000,10268,10269,10269,1
2019-05-29,15:28:42.527000,10268,10269,10269,2
2019-05-29,15:28:47.513000,10268,10269,10269,1
2019-05-29,15:28:52.519000,10269,10270,10269,1
2019-05-29,15:28:52.674000,10269,10270,10269,1
2019-05-29,15:29:01.969000,10268,10269,10269,1
2019-05-29,15:29:06.174000,10268,10269,10269,2
2019-05-29,15:29:09.133000,10268,10269,10268,1
2019-05-29,15:29:22.317000,10268,10269,10269,4
2019-05-29,15:29:30.462000,10269,10270,10270,1
2019-05-29,15:29:34.232000,10269,10270,10269,1
2019-05-29,15:29:37.538000,10269,10270,10270,5
2019-05-29,15:29:37.551000,10269,10270,10270,1
2019-05-29,15:29:49.979000,10269,10270,10270,1
2019-05-29,15:29:50.710000,10269,10270,10270,1
2019-05-29,15:29:54.949000,10269,10270,10270,1
2019-05-29,15:30:01.070000,10269,10270,10269,2
2019-05-29,15:30:01.170000,10269,10270,10270,27
2019-05-29,15:30:01.271000,10269,10270,10270,11
2019-05-29,15:30:01.287000,10269,10270,10270,2
2019-05-29,15:30:01.287000,10269,10270,10270,8
2019-05-29,15:30:01.415000,10270,10271,10270,2
2019-05-29,15:30:01.704000,10270,10271,10270,2
2019-05-29,15:30:02.417000,10270,10271,10271,2
2019-05-29,15:30:02.433000,10270,10271,10271,2
2019-05-29,15:30:02.457000,10270,10271,10271,3
2019-05-29,15:30:02.458000,10270,10271,10271,13
2019-05-29,15:30:02.483000,10270,10271,10271,1
2019-05-29,15:30:02.483000,10270,10271,10271,4
2019-05-29,15:30:02.537000,10270,10271,10271,4
2019-05-29,15:30:02.537000,10270,10271,10271,1
2019-05-29,15:30:02.878000,10271,10272,10272,17
2019-05-29,15:30:02.915000,10272,10273,10272,2
2019-05-29,15:30:03.097000,10272,10273,10273,1
2019-05-29,15:30:03.316000,10272,10273,10272,1
2019-05-29,15:30:03.317000,10272,10273,10272,2
2019-05-29,15:30:03.317000,10272,10273,10272,5
2019-05-29,15:30:04.038000,10271,10272,10271,2
2019-05-29,15:30:05.117000,10271,10272,10272,1
2019-05-29,15:30:05.623000,10271,10272,10271,1
2019-05-29,15:30:05.999000,10270,10271,10270,3
2019-05-29,15:30:06.609000,10270,10271,10271,1
2019-05-29,15:30:08.991000,10269,10270,10270,1
2019-05-29,15:30:12.211000,10270,10271,10271,4
2019-05-29,15:30:12.308000,10270,10271,10271,2
2019-05-29,15:30:12.342000,10270,10271,10271,3
2019-05-29,15:30:14.692000,10270,10271,10271,1
2019-05-29,15:30:16.539000,10271,10272,10271,1
2019-05-29,15:30:19.271000,10270,10271,10271,1
2019-05-29,15:30:20.776000,10270,10271,10270,3
2019-05-29,15:30:25.068000,10270,10271,10271,1
2019-05-29,15:30:31.349000,10271,10272,10272,5
2019-05-29,15:30:45.329000,10271,10272,10272,2
2019-05-29,15:30:45.329000,10271,10272,10272,5
2019-05-29,15:30:49.777000,10271,10273,10273,1
2019-05-29,15:30:55.698000,10271,10273,10273,1
2019-05-29,15:31:00.421000,10271,10272,10272,1
2019-05-29,15:31:01.134000,10272,10273,10272,1
2019-05-29,15:31:02.242000,10271,10272,10272,5
2019-05-29,15:31:02.453000,10271,10272,10271,1
2019-05-29,15:31:02.507000,10271,10272,10271,2
2019-05-29,15:31:02.536000,10271,10272,10271,1
2019-05-29,15:31:02.536000,10271,10272,10271,2
2019-05-29,15:31:02.537000,10271,10272,10271,2
2019-05-29,15:31:05,10271,10272,10271,2
2019-05-29,15:31:10.405000,10270,10271,10271,1
2019-05-29,15:31:10.407000,10270,10271,10271,1
2019-05-29,15:31:17.332000,10270,10271,10271,1
2019-05-29,15:31:17.720000,10270,10271,10271,1
2019-05-29,15:31:17.968000,10270,10271,10271,2
2019-05-29,15:31:21.331000,10270,10271,10271,1
2019-05-29,15:31:23.162000,10271,10272,10271,3
2019-05-29,15:31:27.430000,10270,10271,10271,1
2019-05-29,15:31:27.598000,10270,10271,10271,1
2019-05-29,15:31:28.837000,10270,10271,10271,1
2019-05-29,15:31:30.539000,10270,10271,10271,2
2019-05-29,15:31:31.150000,10270,10271,10271,1
2019-05-29,15:31:32.047000,10270,10271,10271,1
2019-05-29,15:31:34.833000,10271,10272,10271,1
2019-05-29,15:31:35.841000,10271,10272,10271,1
2019-05-29,15:31:45.217000,10270,10271,10271,3
2019-05-29,15:31:47.226000,10271,10272,10271,1
2019-05-29,15:31:53.291000,10271,10272,10271,1
2019-05-29,15:31:55.674000,10270,10272,10270,1
2019-05-29,15:32:19.278000,10270,10271,10270,18
2019-05-29,15:32:19.287000,10270,10271,10270,1
2019-05-29,15:32:19.287000,10270,10271,10270,3
2019-05-29,15:32:19.287000,10270,10271,10270,4
2019-05-29,15:32:19.415000,10269,10270,10269,1
2019-05-29,15:32:19.612000,10269,10270,10269,3
2019-05-29,15:32:20.024000,10269,10270,10269,10
2019-05-29,15:32:32.300000,10269,10270,10270,1
2019-05-29,15:32:37.748000,10269,10270,10270,1
2019-05-29,15:32:50.123000,10269,10270,10270,2
2019-05-29,15:32:55.426000,10269,10270,10270,1
2019-05-29,15:32:59.004000,10269,10270,10270,1
2019-05-29,15:33:10.615000,10269,10270,10269,1
2019-05-29,15:33:16.147000,10269,10270,10270,1
2019-05-29,15:33:16.147000,10269,10270,10270,6
2019-05-29,15:33:16.148000,10269,10270,10270,2
2019-05-29,15:33:18.220000,10270,10271,10271,1
2019-05-29,15:33:43.516000,10270,10271,10270,1
2019-05-29,15:33:44.043000,10270,10271,10270,1
2019-05-29,15:33:47.475000,10269,10270,10270,1
2019-05-29,15:33:49.123000,10270,10271,10271,1
2019-05-29,15:33:52.172000,10269,10271,10271,1
2019-05-29,15:34:02.742000,10270,10271,10270,1
2019-05-29,15:34:02.818000,10269,10271,10269,5
2019-05-29,15:34:03.195000,10269,10270,10269,2
2019-05-29,15:34:07.753000,10269,10270,10270,1
2019-05-29,15:34:07.753000,10269,10270,10271,4
2019-05-29,15:34:26.333000,10269,10270,10270,1
2019-05-29,15:34:30.093000,10269,10270,10270,2
2019-05-29,15:34:37.124000,10270,10271,10270,1
2019-05-29,15:34:57.615000,10269,10270,10269,3
2019-05-29,15:35:01.597000,10269,10270,10270,2
2019-05-29,15:35:01.854000,10270,10271,10270,1
2019-05-29,15:35:02.023000,10270,10271,10270,2
2019-05-29,15:35:17.720000,10270,10271,10270,1
2019-05-29,15:35:25.537000,10269,10270,10270,1
2019-05-29,15:35:30.334000,10269,10270,10270,1
2019-05-29,15:35:35.097000,10269,10270,10270,1
2019-05-29,15:35:35.140000,10269,10270,10270,1
2019-05-29,15:35:46.560000,10270,10271,10270,1
2019-05-29,15:35:47.074000,10270,10271,10271,2
2019-05-29,15:35:53.827000,10270,10271,10271,1
2019-05-29,15:35:53.827000,10270,10271,10271,2
2019-05-29,15:35:53.827000,10270,10271,10271,2
2019-05-29,15:35:53.831000,10270,10271,10271,3
2019-05-29,15:35:55.897000,10271,10272,10271,1
2019-05-29,15:35:56.387000,10271,10272,10271,1
2019-05-29,15:36:06.278000,10270,10272,10270,2
2019-05-29,15:36:13.619000,10270,10271,10270,1
2019-05-29,15:36:14.993000,10270,10271,10271,1
2019-05-29,15:36:15.652000,10271,10272,10271,1
2019-05-29,15:36:27.677000,10271,10272,10272,1
2019-05-29,15:36:36.610000,10271,10272,10271,1
2019-05-29,15:36:38.153000,10271,10272,10272,7
2019-05-29,15:36:38.822000,10271,10272,10271,4
2019-05-29,15:36:52.388000,10271,10272,10272,1
2019-05-29,15:36:52.396000,10271,10272,10272,23
2019-05-29,15:36:55.538000,10272,10273,10273,1
2019-05-29,15:36:55.554000,10272,10273,10273,1
2019-05-29,15:37:02.827000,10272,10273,10273,1
2019-05-29,15:37:04.140000,10272,10273,10273,2
2019-05-29,15:37:07.894000,10272,10273,10272,3
2019-05-29,15:37:07.894000,10272,10273,10272,1
2019-05-29,15:37:08.296000,10271,10272,10272,1
2019-05-29,15:37:10.414000,10271,10272,10272,1
2019-05-29,15:37:15.114000,10271,10272,10272,4
2019-05-29,15:37:16.028000,10271,10272,10272,4
2019-05-29,15:38:06.253000,10271,10272,10271,1
2019-05-29,15:38:06.393000,10271,10272,10271,1
2019-05-29,15:38:06.393000,10271,10272,10271,1
2019-05-29,15:38:06.436000,10271,10272,10272,1
2019-05-29,15:38:07.131000,10271,10272,10271,1
2019-05-29,15:38:08.936000,10271,10272,10271,2
2019-05-29,15:38:09.154000,10271,10272,10271,1
2019-05-29,15:38:09.201000,10271,10272,10271,1
2019-05-29,15:38:10.097000,10270,10271,10270,1
2019-05-29,15:38:14.585000,10270,10271,10271,1
2019-05-29,15:38:38.858000,10270,10271,10270,1
2019-05-29,15:38:41.811000,10270,10271,10270,6
2019-05-29,15:38:42.410000,10270,10271,10270,3
2019-05-29,15:38:43.452000,10270,10271,10271,1
2019-05-29,15:38:53.817000,10270,10271,10270,1
2019-05-29,15:39:04.383000,10270,10271,10270,1
2019-05-29,15:39:22.352000,10270,10271,10270,1
2019-05-29,15:39:28.773000,10270,10271,10270,1
2019-05-29,15:39:39.571000,10270,10271,10271,1
2019-05-29,15:39:41.543000,10270,10271,10270,1
2019-05-29,15:39:44.245000,10270,10271,10271,4
2019-05-29,15:39:44.245000,10270,10271,10271,2
2019-05-29,15:39:53.293000,10271,10272,10271,1
2019-05-29,15:40:02.537000,10271,10272,10271,2
2019-05-29,15:40:02.537000,10271,10272,10271,1
2019-05-29,15:40:19.502000,10270,10271,10270,17
2019-05-29,15:40:19.502000,10270,10271,10270,2
2019-05-29,15:40:19.537000,10270,10271,10270,8
2019-05-29,15:40:45.602000,10269,10270,10269,1
2019-05-29,15:40:49.498000,10269,10270,10270,1
2019-05-29,15:40:51.907000,10269,10270,10269,10
2019-05-29,15:40:54.326000,10269,10270,10269,1
2019-05-29,15:41:01.408000,10269,10270,10269,1
2019-05-29,15:41:02.032000,10269,10270,10269,1
2019-05-29,15:41:23.033000,10269,10270,10270,1
2019-05-29,15:41:23.033000,10269,10270,10270,1
2019-05-29,15:41:23.033000,10269,10270,10270,2
2019-05-29,15:41:23.033000,10269,10270,10270,2
2019-05-29,15:41:34.251000,10270,10271,10270,1
2019-05-29,15:41:44.145000,10269,10271,10269,1
2019-05-29,15:41:48.384000,10269,10270,10270,1
2019-05-29,15:41:51.997000,10270,10271,10271,1
2019-05-29,15:42:15.048000,10270,10271,10270,1
2019-05-29,15:42:15.122000,10270,10271,10270,1
2019-05-29,15:42:15.529000,10270,10271,10270,1
2019-05-29,15:43:13.824000,10269,10270,10270,1
2019-05-29,15:43:13.827000,10269,10270,10270,2
2019-05-29,15:43:13.844000,10269,10270,10270,2
2019-05-29,15:43:13.844000,10269,10270,10270,2
2019-05-29,15:43:13.846000,10269,10270,10270,2
2019-05-29,15:43:13.846000,10269,10270,10270,2
2019-05-29,15:43:13.846000,10269,10270,10270,5
2019-05-29,15:43:27.568000,10270,10271,10271,2
2019-05-29,15:43:48.181000,10270,10271,10270,1
2019-05-29,15:43:49.087000,10270,10271,10270,1
2019-05-29,15:43:50.338000,10269,10270,10270,1
2019-05-29,15:44:04.768000,10270,10271,10270,2
2019-05-29,15:44:08.524000,10270,10271,10271,1
2019-05-29,15:44:08.988000,10270,10271,10270,1
2019-05-29,15:44:23.245000,10270,10271,10270,5
2019-05-29,15:44:26.028000,10269,10270,10270,7
2019-05-29,15:44:26.251000,10270,10271,10270,1
2019-05-29,15:44:41.935000,10270,10271,10270,1
2019-05-29,15:44:58.552000,10269,10270,10270,1
2019-05-29,15:45:04.045000,10269,10270,10269,4
2019-05-29,15:45:04.439000,10269,10270,10269,1
2019-05-29,15:45:04.459000,10269,10270,10269,1
2019-05-29,15:45:04.548000,10269,10270,10269,1
2019-05-29,15:45:11.228000,10269,10270,10269,2
2019-05-29,15:45:11.229000,10269,10270,10269,11
2019-05-29,15:45:11.229000,10269,10270,10269,5
2019-05-29,15:45:11.229000,10269,10270,10269,6
2019-05-29,15:45:11.229000,10269,10270,10269,1
2019-05-29,15:45:31.260000,10269,10270,10270,1
2019-05-29,15:45:41.248000,10269,10270,10269,1
2019-05-29,15:45:48.098000,10269,10270,10269,1
2019-05-29,15:46:03.282000,10269,10270,10269,2
2019-05-29,15:46:03.801000,10269,10270,10269,5
2019-05-29,15:46:37.423000,10269,10270,10269,2
2019-05-29,15:46:37.424000,10269,10270,10269,4
2019-05-29,15:46:49.901000,10268,10269,10269,1
2019-05-29,15:47:25.535000,10268,10269,10269,1
2019-05-29,15:47:25.535000,10268,10269,10269,6
2019-05-29,15:47:25.536000,10268,10269,10269,2
2019-05-29,15:47:25.537000,10268,10269,10269,4
2019-05-29,15:47:26.197000,10269,10270,10269,10
2019-05-29,15:48:09.131000,10269,10270,10269,1
2019-05-29,15:48:16.770000,10268,10269,10268,1
2019-05-29,15:48:16.820000,10268,10269,10268,5
2019-05-29,15:48:18.829000,10268,10269,10268,1
2019-05-29,15:48:19.842000,10268,10269,10268,1
2019-05-29,15:48:22.310000,10268,10269,10269,1
2019-05-29,15:48:33.375000,10268,10269,10269,1
2019-05-29,15:48:36.239000,10269,10270,10269,2
2019-05-29,15:49:00.290000,10268,10269,10269,1
2019-05-29,15:49:09.185000,10269,10270,10270,5
2019-05-29,15:49:24.975000,10269,10270,10270,1
2019-05-29,15:49:30.633000,10269,10270,10270,4
2019-05-29,15:49:35.806000,10269,10270,10270,1
2019-05-29,15:49:54.470000,10269,10270,10270,1
2019-05-29,15:49:59.441000,10269,10270,10269,5
2019-05-29,15:50:08.658000,10268,10270,10269,1
2019-05-29,15:50:16.188000,10269,10270,10269,1
2019-05-29,15:50:18.905000,10269,10270,10269,1
2019-05-29,15:50:37.412000,10269,10270,10269,4
2019-05-29,15:50:37.537000,10269,10270,10269,4
2019-05-29,15:50:37.537000,10269,10270,10269,1
2019-05-29,15:50:37.537000,10269,10270,10269,18
2019-05-29,15:50:50.448000,10269,10270,10269,1
2019-05-29,15:50:59.588000,10268,10269,10269,1
2019-05-29,15:51:02.483000,10268,10269,10268,1
2019-05-29,15:51:13.253000,10268,10269,10269,2
2019-05-29,15:51:14.270000,10268,10269,10268,1
2019-05-29,15:51:20.658000,10268,10269,10268,4
2019-05-29,15:51:23.980000,10268,10269,10268,50
2019-05-29,15:51:24.162000,10268,10269,10268,4
2019-05-29,15:51:26.415000,10267,10268,10268,1
2019-05-29,15:51:29.174000,10267,10268,10268,1
2019-05-29,15:51:34.535000,10267,10268,10268,1
2019-05-29,15:51:36.023000,10267,10269,10267,1
2019-05-29,15:51:36.182000,10267,10268,10267,1
2019-05-29,15:51:41.644000,10267,10268,10267,5
2019-05-29,15:51:42.937000,10267,10268,10268,1
2019-05-29,15:51:44.731000,10267,10269,10267,1
2019-05-29,15:52:10.454000,10268,10269,10268,5
2019-05-29,15:52:10.883000,10267,10269,10267,1
2019-05-29,15:52:20.153000,10267,10268,10268,1
2019-05-29,15:52:21.514000,10267,10268,10267,1
2019-05-29,15:52:28.692000,10267,10268,10267,1
2019-05-29,15:52:38.569000,10267,10268,10267,2
2019-05-29,15:52:38.668000,10267,10268,10267,2
2019-05-29,15:52:47.333000,10267,10268,10267,1
2019-05-29,15:52:49.143000,10267,10268,10267,5
2019-05-29,15:52:50.632000,10267,10268,10268,5
2019-05-29,15:52:51.301000,10267,10268,10267,2
2019-05-29,15:52:51.301000,10267,10268,10267,2
2019-05-29,15:52:51.301000,10267,10268,10267,4
2019-05-29,15:52:51.302000,10267,10268,10267,4
2019-05-29,15:52:51.302000,10267,10268,10267,1
2019-05-29,15:53:08.696000,10267,10268,10267,7
2019-05-29,15:53:08.743000,10267,10268,10267,5
2019-05-29,15:53:19.168000,10266,10267,10267,5
2019-05-29,15:53:24.841000,10266,10267,10266,10
2019-05-29,15:53:26.197000,10266,10267,10266,2
2019-05-29,15:53:26.240000,10266,10267,10266,2
2019-05-29,15:53:26.267000,10266,10267,10266,10
2019-05-29,15:53:26.271000,10266,10267,10266,2
2019-05-29,15:53:26.302000,10266,10267,10266,2
2019-05-29,15:53:26.334000,10266,10267,10266,2
2019-05-29,15:53:26.353000,10266,10267,10266,2
2019-05-29,15:53:26.412000,10266,10267,10266,1
2019-05-29,15:53:26.412000,10266,10267,10266,3
2019-05-29,15:53:26.412000,10266,10267,10266,4
2019-05-29,15:53:26.685000,10265,10266,10265,2
2019-05-29,15:53:26.930000,10265,10266,10265,10
2019-05-29,15:53:27.089000,10265,10266,10265,10
2019-05-29,15:53:27.387000,10265,10266,10265,1
2019-05-29,15:53:29.041000,10265,10266,10265,3
2019-05-29,15:53:30.421000,10265,10266,10266,1
2019-05-29,15:53:34.819000,10265,10266,10265,1
2019-05-29,15:53:41.041000,10265,10266,10266,2
2019-05-29,15:53:41.041000,10265,10266,10266,3
2019-05-29,15:53:41.041000,10265,10266,10266,3
2019-05-29,15:53:41.041000,10265,10266,10266,2
2019-05-29,15:53:41.041000,10265,10266,10266,11
2019-05-29,15:53:45.702000,10265,10267,10265,1
2019-05-29,15:53:46.057000,10265,10267,10267,5
2019-05-29,15:53:47.451000,10266,10267,10266,1
2019-05-29,15:53:51.178000,10266,10267,10266,1
2019-05-29,15:53:51.495000,10266,10267,10267,5
2019-05-29,15:53:53.363000,10266,10267,10266,2
2019-05-29,15:53:58.336000,10266,10267,10267,5
2019-05-29,15:54:02.240000,10266,10268,10266,1
2019-05-29,15:54:10.334000,10266,10267,10266,10
2019-05-29,15:54:10.706000,10266,10267,10266,10
2019-05-29,15:54:11.082000,10266,10267,10266,8
2019-05-29,15:54:13.127000,10265,10266,10266,1
2019-05-29,15:54:21.645000,10265,10266,10266,2
2019-05-29,15:54:22.120000,10266,10267,10266,9
2019-05-29,15:54:22.495000,10265,10266,10265,2
2019-05-29,15:54:23.678000,10265,10267,10267,1
2019-05-29,15:54:24.985000,10265,10266,10265,5
2019-05-29,15:54:27.053000,10265,10266,10265,1
2019-05-29,15:54:28.146000,10265,10266,10265,1
2019-05-29,15:54:38.915000,10265,10266,10266,3
2019-05-29,15:54:39.341000,10266,10267,10266,1
2019-05-29,15:54:45.106000,10266,10267,10266,2
2019-05-29,15:54:45.564000,10266,10267,10266,1
2019-05-29,15:54:47.686000,10266,10267,10266,5
2019-05-29,15:54:55.856000,10266,10267,10266,5
2019-05-29,15:55:01.846000,10266,10267,10266,1
2019-05-29,15:55:04.226000,10266,10267,10267,1
2019-05-29,15:55:04.228000,10266,10267,10267,2
2019-05-29,15:55:04.232000,10266,10267,10267,1
2019-05-29,15:55:04.235000,10266,10267,10267,1
2019-05-29,15:55:04.235000,10266,10267,10267,1
2019-05-29,15:55:04.236000,10266,10267,10267,1
2019-05-29,15:55:08.806000,10266,10268,10266,1
2019-05-29,15:55:13.370000,10266,10267,10266,2
2019-05-29,15:55:22.037000,10266,10267,10267,6
2019-05-29,15:55:22.504000,10267,10268,10267,1
2019-05-29,15:55:36.763000,10267,10268,10267,1
2019-05-29,15:55:37.260000,10266,10268,10266,4
2019-05-29,15:55:40.382000,10267,10268,10267,1
2019-05-29,15:55:42.759000,10267,10268,10267,1
2019-05-29,15:55:52.679000,10267,10268,10267,1
2019-05-29,15:56:01.529000,10267,10268,10267,1
2019-05-29,15:56:04.504000,10267,10268,10267,1
2019-05-29,15:56:11.143000,10267,10268,10267,2
2019-05-29,15:56:21.725000,10266,10267,10267,1
2019-05-29,15:56:30.365000,10266,10267,10267,1
2019-05-29,15:56:33.803000,10266,10267,10266,1
2019-05-29,15:56:34.960000,10266,10267,10267,4
2019-05-29,15:56:37.037000,10266,10267,10266,3
2019-05-29,15:56:37.079000,10266,10267,10266,3
2019-05-29,15:56:37.082000,10266,10267,10266,2
2019-05-29,15:56:42.262000,10265,10266,10266,3
2019-05-29,15:56:42.266000,10265,10266,10266,1
2019-05-29,15:56:42.287000,10265,10266,10266,1
2019-05-29,15:56:52.975000,10266,10267,10266,3
2019-05-29,15:56:53.971000,10265,10266,10266,4
2019-05-29,15:56:55.854000,10265,10267,10265,3
2019-05-29,15:56:56.002000,10265,10267,10265,3
2019-05-29,15:56:56.735000,10265,10266,10265,2
2019-05-29,15:56:57.165000,10265,10266,10266,1
2019-05-29,15:57:03.124000,10265,10266,10265,1
2019-05-29,15:57:06.924000,10265,10266,10265,1
2019-05-29,15:57:08.150000,10265,10266,10266,1
2019-05-29,15:57:11.004000,10266,10267,10266,1
2019-05-29,15:57:11.594000,10265,10266,10265,20
2019-05-29,15:57:12.476000,10265,10266,10265,1
2019-05-29,15:57:15.337000,10265,10266,10266,1
2019-05-29,15:57:15.481000,10265,10266,10266,2
2019-05-29,15:57:27.777000,10265,10266,10265,1
2019-05-29,15:57:39.636000,10265,10266,10266,2
2019-05-29,15:57:39.636000,10265,10266,10266,4
2019-05-29,15:57:39.638000,10265,10266,10266,2
2019-05-29,15:57:39.638000,10265,10266,10266,5
2019-05-29,15:57:40.611000,10266,10267,10266,1
2019-05-29,15:57:43.125000,10266,10267,10266,3
2019-05-29,15:57:45.961000,10266,10267,10266,13
2019-05-29,15:58:05.016000,10265,10266,10265,2
2019-05-29,15:58:09.820000,10265,10266,10265,5
2019-05-29,15:58:12.412000,10265,10266,10265,5
2019-05-29,15:58:14.516000,10265,10266,10265,3
2019-05-29,15:58:14.585000,10264,10265,10265,1
2019-05-29,15:58:14.662000,10264,10265,10265,1
2019-05-29,15:58:20.559000,10265,10266,10266,1
2019-05-29,15:58:20.559000,10265,10266,10266,4
2019-05-29,15:58:20.559000,10265,10266,10266,4
2019-05-29,15:58:20.559000,10265,10266,10266,1
2019-05-29,15:58:20.561000,10265,10266,10266,4
2019-05-29,15:58:20.563000,10265,10266,10266,14
2019-05-29,15:58:20.737000,10266,10267,10266,1
2019-05-29,15:58:21.163000,10266,10267,10266,8
2019-05-29,15:58:41.029000,10266,10267,10267,1
2019-05-29,15:58:43.710000,10266,10267,10267,2
2019-05-29,15:58:43.711000,10266,10267,10267,2
2019-05-29,15:58:43.713000,10266,10267,10267,3
2019-05-29,15:58:43.714000,10266,10267,10267,2
2019-05-29,15:58:56.229000,10267,10268,10267,1
2019-05-29,15:59:50.256000,10266,10267,10267,1
2019-05-29,15:59:58.712000,10266,10267,10266,2
2019-05-29,16:00:00.758000,10266,10267,10267,2
2019-05-29,16:00:00.758000,10266,10267,10267,1
2019-05-29,16:00:01.053000,10267,10268,10267,1
2019-05-29,16:00:01.099000,10267,10268,10267,1
2019-05-29,16:00:01.271000,10267,10268,10267,1
2019-05-29,16:00:01.314000,10267,10268,10266,1
2019-05-29,16:00:01.317000,10267,10268,10266,1
2019-05-29,16:00:01.373000,10267,10268,10267,1
2019-05-29,16:00:01.380000,10267,10268,10266,1
2019-05-29,16:00:01.998000,10266,10267,10266,2
2019-05-29,16:00:02.814000,10266,10267,10266,3
2019-05-29,16:00:03.910000,10266,10267,10266,1
2019-05-29,16:00:03.970000,10266,10267,10266,1
2019-05-29,16:00:04.973000,10266,10267,10266,1
2019-05-29,16:00:07.728000,10266,10267,10266,1
2019-05-29,16:00:26.151000,10266,10267,10266,5
2019-05-29,16:00:29.412000,10266,10267,10266,1
2019-05-29,16:00:30.502000,10266,10267,10267,1
2019-05-29,16:00:36.523000,10266,10267,10267,1
2019-05-29,16:00:39.350000,10266,10267,10266,14
2019-05-29,16:00:39.350000,10266,10267,10265,24
2019-05-29,16:00:40.640000,10265,10266,10266,3
2019-05-29,16:00:40.647000,10265,10266,10265,1
2019-05-29,16:00:41.941000,10265,10266,10266,2
2019-05-29,16:00:46.408000,10265,10266,10266,1
2019-05-29,16:00:47.623000,10265,10266,10266,9
2019-05-29,16:00:50.287000,10266,10267,10266,1
2019-05-29,16:00:52.016000,10265,10266,10266,1
2019-05-29,16:01:04.804000,10265,10266,10266,2
2019-05-29,16:01:20.997000,10266,10267,10266,1
2019-05-29,16:01:22.312000,10266,10267,10266,2
2019-05-29,16:01:28.545000,10266,10267,10266,1
2019-05-29,16:01:28.916000,10266,10267,10266,1
2019-05-29,16:01:38.198000,10266,10267,10266,3
2019-05-29,16:01:43.516000,10266,10267,10266,10
2019-05-29,16:01:45.795000,10266,10267,10266,9
2019-05-29,16:01:47.892000,10265,10266,10266,1
2019-05-29,16:01:51.285000,10265,10266,10266,1
2019-05-29,16:02:24.876000,10266,10267,10266,9
2019-05-29,16:02:25.211000,10265,10266,10266,1
2019-05-29,16:02:28.739000,10265,10266,10265,3
2019-05-29,16:02:29.388000,10265,10266,10266,1
2019-05-29,16:02:34.331000,10265,10266,10266,1
2019-05-29,16:02:36.670000,10265,10266,10266,1
2019-05-29,16:02:42.184000,10265,10266,10266,1
2019-05-29,16:02:42.287000,10265,10266,10266,1
2019-05-29,16:02:42.406000,10265,10266,10266,1
2019-05-29,16:02:47.678000,10265,10266,10266,1
2019-05-29,16:02:50.466000,10265,10266,10266,1
2019-05-29,16:02:56.423000,10265,10266,10266,1
2019-05-29,16:02:57.318000,10265,10266,10266,1
2019-05-29,16:02:58.391000,10265,10266,10266,1
2019-05-29,16:03:04.750000,10265,10266,10266,1
2019-05-29,16:03:06.414000,10265,10266,10266,5
2019-05-29,16:03:35.095000,10265,10266,10265,2
2019-05-29,16:03:47.638000,10265,10266,10266,3
2019-05-29,16:04:01.054000,10265,10266,10266,1
2019-05-29,16:04:02.170000,10265,10266,10266,1
2019-05-29,16:04:09.227000,10265,10266,10266,10
2019-05-29,16:04:20.252000,10265,10266,10265,1
2019-05-29,16:04:46.587000,10265,10266,10265,4
2019-05-29,16:04:59.518000,10265,10266,10266,2
2019-05-29,16:05:00.101000,10265,10266,10265,2
2019-05-29,16:05:00.572000,10265,10266,10265,1
2019-05-29,16:05:01.330000,10265,10266,10265,2
2019-05-29,16:05:01.727000,10265,10266,10265,3
2019-05-29,16:05:01.798000,10265,10266,10265,1
2019-05-29,16:05:10.912000,10265,10266,10265,6
2019-05-29,16:05:11.037000,10265,10266,10265,2
2019-05-29,16:05:11.037000,10265,10266,10265,11
2019-05-29,16:05:20.992000,10264,10265,10265,1
2019-05-29,16:05:22.522000,10264,10265,10265,1
2019-05-29,16:05:23.292000,10264,10265,10265,1
2019-05-29,16:05:36.419000,10264,10265,10265,2
2019-05-29,16:05:36.537000,10264,10265,10265,3
2019-05-29,16:05:36.625000,10264,10265,10266,1
2019-05-29,16:05:36.662000,10264,10265,10265,1
2019-05-29,16:05:36.770000,10264,10265,10265,2
2019-05-29,16:05:37.004000,10265,10266,10265,2
2019-05-29,16:05:37.242000,10265,10266,10265,2
2019-05-29,16:05:54.137000,10265,10266,10265,1
2019-05-29,16:05:57.363000,10265,10266,10265,1
2019-05-29,16:06:03.350000,10265,10266,10266,2
2019-05-29,16:06:03.351000,10265,10266,10266,3
2019-05-29,16:06:03.351000,10265,10266,10266,2
2019-05-29,16:06:03.351000,10265,10266,10266,2
2019-05-29,16:06:03.351000,10265,10266,10266,2
2019-05-29,16:06:27.994000,10266,10267,10267,10
2019-05-29,16:06:28.458000,10266,10267,10266,6
2019-05-29,16:06:46.498000,10266,10267,10267,1
2019-05-29,16:06:50.321000,10266,10267,10267,8
2019-05-29,16:06:50.412000,10266,10267,10267,4
2019-05-29,16:06:50.412000,10266,10267,10267,5
2019-05-29,16:06:55.329000,10267,10268,10268,10
2019-05-29,16:06:55.493000,10267,10268,10268,1
2019-05-29,16:06:57.277000,10267,10268,10268,10
2019-05-29,16:06:58.665000,10268,10269,10269,1
2019-05-29,16:06:58.812000,10268,10269,10269,1
2019-05-29,16:07:03.186000,10268,10269,10269,10
2019-05-29,16:07:03.295000,10268,10269,10269,1
2019-05-29,16:07:07.360000,10269,10270,10269,3
2019-05-29,16:07:20.578000,10268,10269,10269,1
2019-05-29,16:07:26.902000,10268,10269,10268,2
2019-05-29,16:07:26.902000,10268,10269,10268,1
2019-05-29,16:07:26.922000,10267,10268,10268,1
2019-05-29,16:07:27.071000,10267,10268,10268,1
2019-05-29,16:07:28.801000,10267,10268,10268,1
2019-05-29,16:07:44.511000,10267,10268,10268,2
2019-05-29,16:08:07.419000,10267,10268,10268,1
2019-05-29,16:08:08.627000,10267,10268,10268,1
2019-05-29,16:08:15.882000,10267,10268,10268,2
2019-05-29,16:08:19.642000,10267,10268,10267,1
2019-05-29,16:08:28.052000,10267,10268,10268,1
2019-05-29,16:08:28.611000,10267,10268,10268,2
2019-05-29,16:08:28.611000,10267,10268,10268,2
2019-05-29,16:08:28.612000,10267,10268,10268,3
2019-05-29,16:08:28.612000,10267,10268,10268,3
2019-05-29,16:08:28.612000,10267,10268,10268,1
2019-05-29,16:08:28.613000,10267,10268,10268,2
2019-05-29,16:08:59.219000,10268,10269,10268,4
2019-05-29,16:08:59.544000,10267,10268,10268,1
2019-05-29,16:09:00.498000,10267,10268,10267,1
2019-05-29,16:09:00.525000,10267,10268,10267,2
2019-05-29,16:09:00.540000,10267,10268,10267,1
2019-05-29,16:09:00.553000,10267,10268,10267,1
2019-05-29,16:09:00.567000,10267,10268,10267,2
2019-05-29,16:09:00.843000,10267,10268,10267,1
2019-05-29,16:09:08.608000,10267,10268,10267,1
2019-05-29,16:09:13.497000,10267,10268,10268,10
2019-05-29,16:09:25.181000,10267,10268,10268,1
2019-05-29,16:09:41.714000,10267,10268,10267,2
2019-05-29,16:09:41.747000,10267,10268,10267,1
2019-05-29,16:09:41.787000,10267,10268,10267,1
2019-05-29,16:09:54.104000,10266,10267,10266,2
2019-05-29,16:09:54.660000,10266,10267,10266,3
2019-05-29,16:10:16.281000,10267,10268,10267,1
2019-05-29,16:10:39.179000,10267,10268,10267,1
2019-05-29,16:10:43.139000,10267,10268,10268,1
2019-05-29,16:10:43.139000,10267,10268,10268,1
2019-05-29,16:11:09.861000,10268,10269,10268,1
2019-05-29,16:11:09.964000,10268,10269,10269,1
2019-05-29,16:11:26.014000,10268,10269,10268,1
2019-05-29,16:11:57.454000,10268,10269,10268,1
2019-05-29,16:13:07.070000,10268,10269,10269,4
2019-05-29,16:13:11.149000,10268,10269,10269,1
2019-05-29,16:13:16.036000,10268,10269,10269,1
2019-05-29,16:13:38.243000,10268,10269,10268,8
2019-05-29,16:13:39.800000,10268,10269,10269,1
2019-05-29,16:13:55.302000,10268,10269,10268,1
2019-05-29,16:14:01.611000,10268,10269,10268,1
2019-05-29,16:14:01.875000,10268,10269,10268,1
2019-05-29,16:14:03.488000,10268,10269,10268,1
2019-05-29,16:14:03.624000,10268,10269,10268,1
2019-05-29,16:14:03.627000,10268,10269,10268,1
2019-05-29,16:14:03.627000,10268,10269,10268,4
2019-05-29,16:14:14.081000,10267,10268,10268,1
2019-05-29,16:14:19.733000,10267,10268,10268,1
2019-05-29,16:14:37.155000,10267,10268,10267,1
2019-05-29,16:14:42.763000,10267,10268,10268,1
2019-05-29,16:14:46.323000,10268,10269,10269,8
2019-05-29,16:14:47.280000,10269,10270,10269,2
2019-05-29,16:14:51.633000,10269,10270,10269,2
2019-05-29,16:15:00.909000,10269,10270,10269,3
2019-05-29,16:15:01.209000,10269,10270,10269,3
2019-05-29,16:15:11.006000,10268,10269,10269,1
2019-05-29,16:15:14.638000,10268,10269,10269,3
2019-05-29,16:15:15.217000,10268,10269,10268,1
2019-05-29,16:15:15.340000,10268,10269,10268,1
2019-05-29,16:15:18.611000,10267,10269,10268,1
2019-05-29,16:15:18.611000,10267,10269,10269,2
2019-05-29,16:15:20.169000,10268,10269,10269,1
2019-05-29,16:15:23.463000,10268,10269,10268,2
2019-05-29,16:16:10.064000,10268,10269,10269,4
2019-05-29,16:16:25.223000,10268,10269,10269,1
2019-05-29,16:16:52.826000,10268,10269,10268,10
2019-05-29,16:16:52.930000,10268,10269,10268,1
2019-05-29,16:16:52.930000,10268,10269,10268,1
2019-05-29,16:16:52.930000,10268,10269,10268,2
2019-05-29,16:16:59.777000,10268,10269,10268,5
2019-05-29,16:17:05.786000,10268,10269,10269,1
2019-05-29,16:17:21.037000,10268,10269,10268,1
2019-05-29,16:17:21.162000,10268,10269,10268,1
2019-05-29,16:17:21.287000,10268,10269,10268,1
2019-05-29,16:17:40.247000,10268,10269,10268,2
2019-05-29,16:17:44.618000,10268,10269,10268,1
2019-05-29,16:17:45.580000,10267,10269,10268,3
2019-05-29,16:17:48.554000,10268,10269,10268,10
2019-05-29,16:17:49.189000,10268,10269,10269,1
2019-05-29,16:17:53.852000,10268,10269,10269,16
2019-05-29,16:17:53.875000,10268,10269,10269,11
2019-05-29,16:18:03.896000,10269,10270,10270,1
2019-05-29,16:18:03.947000,10269,10270,10270,1
2019-05-29,16:18:04.289000,10269,10270,10270,1
2019-05-29,16:18:04.905000,10269,10270,10270,2
2019-05-29,16:18:04.905000,10269,10270,10270,2
2019-05-29,16:18:04.905000,10269,10270,10270,1
2019-05-29,16:18:04.905000,10269,10270,10270,4
2019-05-29,16:18:04.906000,10269,10270,10270,2
2019-05-29,16:18:04.906000,10269,10270,10270,1
2019-05-29,16:18:04.906000,10269,10270,10270,1
2019-05-29,16:18:04.907000,10269,10270,10270,4
2019-05-29,16:18:04.912000,10269,10270,10270,5
2019-05-29,16:18:25.439000,10269,10270,10270,1
2019-05-29,16:18:29.303000,10269,10270,10270,2
2019-05-29,16:18:34.986000,10269,10270,10270,1
2019-05-29,16:18:36.312000,10269,10270,10270,2
2019-05-29,16:18:49.363000,10269,10270,10270,2
2019-05-29,16:19:02.968000,10269,10270,10270,10
2019-05-29,16:19:05.075000,10269,10270,10270,1
2019-05-29,16:19:17.174000,10270,10271,10270,6
2019-05-29,16:19:17.198000,10270,10271,10270,2
2019-05-29,16:19:17.287000,10270,10271,10270,1
2019-05-29,16:19:35.148000,10269,10270,10270,1
2019-05-29,16:19:39.732000,10269,10270,10269,2
2019-05-29,16:19:39.734000,10269,10270,10269,3
2019-05-29,16:19:39.734000,10269,10270,10269,4
2019-05-29,16:19:39.734000,10269,10270,10269,1
2019-05-29,16:19:39.738000,10269,10270,10269,2
2019-05-29,16:19:42.894000,10268,10269,10269,1
2019-05-29,16:19:49.809000,10268,10269,10268,3
2019-05-29,16:19:51.934000,10267,10268,10268,2
2019-05-29,16:19:54.600000,10267,10268,10268,1
2019-05-29,16:20:07.877000,10268,10269,10269,1
2019-05-29,16:20:09.029000,10268,10269,10268,1
2019-05-29,16:20:17.922000,10267,10268,10267,1
2019-05-29,16:20:48.631000,10267,10268,10267,1
2019-05-29,16:20:52.327000,10267,10268,10268,2
2019-05-29,16:20:52.328000,10267,10268,10268,1
2019-05-29,16:20:52.512000,10268,10269,10268,1
2019-05-29,16:20:54.979000,10268,10269,10268,1
2019-05-29,16:21:02.125000,10267,10268,10268,2
2019-05-29,16:21:18.097000,10267,10268,10268,1
2019-05-29,16:21:33.736000,10267,10268,10268,2
2019-05-29,16:22:45.213000,10268,10269,10269,1
2019-05-29,16:22:45.465000,10268,10269,10269,1
2019-05-29,16:23:08.840000,10268,10269,10268,1
2019-05-29,16:23:10.854000,10268,10269,10268,2
2019-05-29,16:23:11.093000,10268,10269,10268,2
2019-05-29,16:23:11.330000,10268,10269,10268,1
2019-05-29,16:23:12.753000,10267,10268,10268,2
2019-05-29,16:23:22.386000,10268,10269,10268,1
2019-05-29,16:23:25.245000,10267,10268,10268,1
2019-05-29,16:23:34.218000,10268,10269,10268,8
2019-05-29,16:23:37.400000,10267,10268,10268,2
2019-05-29,16:23:52.393000,10267,10268,10268,1
2019-05-29,16:23:53.724000,10267,10268,10268,2
2019-05-29,16:24:08.295000,10267,10268,10267,2
2019-05-29,16:24:08.295000,10267,10268,10267,18
2019-05-29,16:24:08.295000,10267,10268,10267,1
2019-05-29,16:24:08.296000,10267,10268,10267,1
2019-05-29,16:24:08.297000,10267,10268,10267,14
2019-05-29,16:24:22.214000,10266,10267,10267,1
2019-05-29,16:24:29.576000,10266,10267,10267,3
2019-05-29,16:24:29.577000,10266,10267,10267,3
2019-05-29,16:24:29.577000,10266,10267,10267,1
2019-05-29,16:24:29.577000,10266,10267,10267,1
2019-05-29,16:24:37.419000,10267,10268,10267,1
2019-05-29,16:24:58.974000,10267,10268,10267,2
2019-05-29,16:25:01.983000,10267,10268,10267,1
2019-05-29,16:25:05.432000,10266,10267,10266,20
2019-05-29,16:25:08.419000,10266,10267,10266,1
2019-05-29,16:25:12.291000,10266,10267,10266,1
2019-05-29,16:25:26.447000,10266,10267,10266,1
2019-05-29,16:25:42.173000,10266,10267,10266,1
2019-05-29,16:25:47.766000,10266,10267,10267,2
2019-05-29,16:25:59.248000,10266,10267,10267,1
2019-05-29,16:26:08.305000,10266,10267,10266,10
2019-05-29,16:26:08.720000,10266,10267,10266,10
2019-05-29,16:26:09.099000,10266,10267,10266,6
2019-05-29,16:26:17.032000,10266,10267,10266,1
2019-05-29,16:26:30.581000,10266,10267,10266,1
2019-05-29,16:26:30.587000,10266,10267,10267,1
2019-05-29,16:26:30.662000,10265,10267,10266,1
2019-05-29,16:26:35.745000,10265,10267,10266,1
2019-05-29,16:26:41.848000,10265,10266,10266,1
2019-05-29,16:26:46.830000,10265,10266,10266,1
2019-05-29,16:26:52.478000,10265,10266,10266,1
2019-05-29,16:26:55.630000,10265,10266,10266,2
2019-05-29,16:26:57.860000,10265,10266,10266,1
2019-05-29,16:26:59.423000,10265,10266,10266,8
2019-05-29,16:26:59.537000,10265,10266,10266,10
2019-05-29,16:27:00.364000,10266,10267,10266,1
2019-05-29,16:27:04.373000,10266,10267,10266,2
2019-05-29,16:27:09.172000,10266,10267,10266,2
2019-05-29,16:27:09.173000,10266,10267,10266,2
2019-05-29,16:27:09.174000,10266,10267,10266,2
2019-05-29,16:27:09.287000,10266,10267,10266,1
2019-05-29,16:27:24.321000,10265,10266,10266,2
2019-05-29,16:27:34.093000,10265,10266,10266,1
2019-05-29,16:27:35.739000,10265,10266,10266,1
2019-05-29,16:27:39.663000,10265,10266,10266,1
2019-05-29,16:27:41.754000,10265,10266,10266,1
2019-05-29,16:27:47.590000,10266,10267,10266,2
2019-05-29,16:27:47.736000,10265,10266,10266,1
2019-05-29,16:27:54.427000,10265,10266,10266,1
2019-05-29,16:28:15.390000,10265,10266,10266,1
2019-05-29,16:28:15.620000,10266,10267,10266,2
2019-05-29,16:28:36.662000,10266,10267,10267,2
2019-05-29,16:28:36.787000,10266,10267,10267,1
2019-05-29,16:28:36.787000,10266,10267,10267,1
2019-05-29,16:28:36.787000,10266,10267,10267,1
2019-05-29,16:28:36.912000,10266,10267,10267,1
2019-05-29,16:28:48.226000,10267,10268,10267,1
2019-05-29,16:29:21.389000,10266,10267,10267,2
2019-05-29,16:29:23.013000,10266,10267,10267,1
2019-05-29,16:30:21.111000,10266,10267,10267,1
2019-05-29,16:30:21.418000,10266,10267,10267,1
2019-05-29,16:30:23.957000,10266,10267,10267,1
2019-05-29,16:30:25.970000,10266,10267,10267,1
2019-05-29,16:30:25.984000,10266,10267,10267,1
2019-05-29,16:30:28.780000,10266,10267,10267,2
2019-05-29,16:30:28.781000,10266,10267,10267,1
2019-05-29,16:30:28.782000,10266,10267,10267,1
2019-05-29,16:30:28.787000,10266,10267,10267,1
2019-05-29,16:30:29.515000,10266,10267,10267,2
2019-05-29,16:30:29.516000,10266,10267,10267,2
2019-05-29,16:30:30.314000,10267,10268,10268,1
2019-05-29,16:30:30.688000,10267,10268,10267,1
2019-05-29,16:30:42.453000,10267,10268,10268,6
2019-05-29,16:30:42.537000,10267,10268,10268,1
2019-05-29,16:30:42.537000,10267,10268,10268,1
2019-05-29,16:30:58.189000,10267,10268,10268,3
2019-05-29,16:31:02.708000,10267,10268,10268,3
2019-05-29,16:31:02.895000,10267,10268,10268,4
2019-05-29,16:31:05.021000,10267,10268,10268,3
2019-05-29,16:31:26.756000,10268,10269,10269,1
2019-05-29,16:31:26.760000,10268,10269,10269,2
2019-05-29,16:31:26.760000,10268,10269,10269,2
2019-05-29,16:31:26.761000,10268,10269,10269,4
2019-05-29,16:31:26.762000,10268,10269,10269,11
2019-05-29,16:31:27.170000,10269,10270,10270,3
2019-05-29,16:31:27.170000,10269,10270,10270,1
2019-05-29,16:31:27.328000,10269,10270,10270,1
2019-05-29,16:31:27.351000,10269,10270,10270,1
2019-05-29,16:31:27.702000,10269,10270,10270,1
2019-05-29,16:31:27.727000,10269,10270,10270,1
2019-05-29,16:31:27.727000,10269,10270,10270,1
2019-05-29,16:31:27.787000,10269,10270,10270,5
2019-05-29,16:31:27.987000,10269,10270,10270,2
2019-05-29,16:31:28.213000,10269,10270,10270,2
2019-05-29,16:31:28.346000,10269,10270,10270,1
2019-05-29,16:31:28.632000,10269,10270,10270,2
2019-05-29,16:31:28.632000,10269,10270,10270,1
2019-05-29,16:31:29.727000,10269,10271,10271,1
2019-05-29,16:31:29.814000,10269,10271,10271,1
2019-05-29,16:31:44.922000,10268,10270,10270,1
2019-05-29,16:31:46.013000,10269,10270,10270,1
2019-05-29,16:32:07.737000,10269,10270,10270,3
2019-05-29,16:32:20.374000,10269,10270,10270,1
2019-05-29,16:32:46.224000,10269,10270,10270,1
2019-05-29,16:32:49.904000,10269,10270,10270,2
2019-05-29,16:32:53.913000,10270,10271,10270,1
2019-05-29,16:32:55.256000,10269,10270,10270,1
2019-05-29,16:32:57.522000,10270,10271,10270,1
2019-05-29,16:33:07.710000,10270,10271,10270,1
2019-05-29,16:33:25.183000,10270,10271,10270,2
2019-05-29,16:33:38.238000,10270,10271,10270,1
2019-05-29,16:33:53.263000,10270,10271,10270,1
2019-05-29,16:33:57.420000,10270,10271,10271,43
2019-05-29,16:34:01.974000,10271,10272,10271,1
2019-05-29,16:34:23.435000,10271,10272,10271,4
2019-05-29,16:34:23.537000,10271,10272,10271,2
2019-05-29,16:34:26.967000,10270,10271,10270,1
2019-05-29,16:34:31.300000,10270,10271,10271,1
2019-05-29,16:34:38.981000,10271,10272,10271,1
2019-05-29,16:34:41.641000,10271,10272,10271,1
2019-05-29,16:34:49.433000,10270,10271,10271,1
2019-05-29,16:35:08.313000,10270,10271,10271,1
2019-05-29,16:35:14.714000,10270,10271,10271,1
2019-05-29,16:35:19.210000,10270,10271,10271,2
2019-05-29,16:35:22.361000,10270,10271,10270,1
2019-05-29,16:35:24.675000,10270,10271,10270,3
2019-05-29,16:35:25.760000,10270,10271,10271,1
2019-05-29,16:35:27.529000,10270,10271,10270,1
2019-05-29,16:35:41.658000,10270,10271,10270,1
2019-05-29,16:35:41.659000,10270,10271,10270,5
2019-05-29,16:35:45.391000,10269,10270,10270,2
2019-05-29,16:35:56.739000,10269,10270,10269,1
2019-05-29,16:36:03.060000,10269,10270,10270,2
2019-05-29,16:36:18.955000,10270,10271,10270,1
2019-05-29,16:37:26.426000,10269,10270,10270,2
2019-05-29,16:37:50.117000,10269,10270,10270,1
2019-05-29,16:37:57.936000,10269,10270,10270,1
2019-05-29,16:38:02.015000,10269,10270,10270,1
2019-05-29,16:38:02.548000,10270,10271,10270,3
2019-05-29,16:38:05.823000,10269,10270,10270,1
2019-05-29,16:38:07.042000,10269,10270,10269,1
2019-05-29,16:38:07.163000,10269,10270,10269,1
2019-05-29,16:38:14.468000,10269,10270,10269,1
2019-05-29,16:38:17.314000,10269,10270,10270,1
2019-05-29,16:38:23.474000,10269,10270,10269,1
2019-05-29,16:39:03.780000,10269,10270,10270,1
2019-05-29,16:39:08.179000,10269,10270,10270,1
2019-05-29,16:39:20.922000,10269,10270,10270,1
2019-05-29,16:39:23.394000,10270,10271,10270,1
2019-05-29,16:39:38.288000,10270,10271,10270,1
2019-05-29,16:39:40.088000,10270,10271,10270,2
2019-05-29,16:39:41.294000,10269,10270,10270,1
2019-05-29,16:39:44.223000,10269,10270,10269,1
2019-05-29,16:40:18.973000,10269,10270,10270,1
2019-05-29,16:40:18.975000,10269,10270,10270,1
2019-05-29,16:40:30.537000,10269,10270,10270,1
2019-05-29,16:40:43.076000,10270,10271,10270,1
2019-05-29,16:40:52.496000,10270,10271,10270,1
2019-05-29,16:41:13.889000,10270,10271,10271,1
2019-05-29,16:41:20.231000,10270,10271,10270,1
2019-05-29,16:41:20.873000,10270,10271,10270,1
2019-05-29,16:41:20.873000,10270,10271,10270,1
2019-05-29,16:41:20.892000,10270,10271,10270,1
2019-05-29,16:41:20.912000,10270,10271,10270,1
2019-05-29,16:41:20.912000,10270,10271,10270,1
2019-05-29,16:41:21.018000,10270,10271,10270,1
2019-05-29,16:41:31.370000,10270,10271,10271,5
2019-05-29,16:41:31.689000,10270,10271,10271,5
2019-05-29,16:41:58.914000,10270,10271,10270,1
2019-05-29,16:42:16.977000,10270,10271,10271,1
2019-05-29,16:42:17.114000,10270,10271,10270,1
2019-05-29,16:42:18.844000,10270,10271,10270,1
2019-05-29,16:42:26.343000,10270,10271,10270,1
2019-05-29,16:42:26.920000,10270,10271,10270,5
2019-05-29,16:42:29.908000,10269,10270,10269,3
2019-05-29,16:42:29.908000,10269,10270,10269,1
2019-05-29,16:42:29.914000,10269,10270,10269,4
2019-05-29,16:42:39.622000,10269,10270,10269,1
2019-05-29,16:42:53.951000,10269,10270,10269,6
2019-05-29,16:43:06.051000,10268,10269,10268,3
2019-05-29,16:43:06.531000,10268,10269,10268,1
2019-05-29,16:43:06.531000,10268,10269,10268,2
2019-05-29,16:43:06.537000,10268,10269,10268,4
2019-05-29,16:43:17.546000,10267,10268,10267,20
2019-05-29,16:43:21.272000,10267,10268,10267,1
2019-05-29,16:43:29.312000,10267,10268,10268,4
2019-05-29,16:43:30.839000,10267,10268,10267,2
2019-05-29,16:43:38.287000,10267,10268,10268,9
2019-05-29,16:43:47.095000,10268,10269,10268,1
2019-05-29,16:44:04.504000,10268,10269,10268,10
2019-05-29,16:44:28.746000,10268,10269,10269,1
2019-05-29,16:44:30.731000,10268,10269,10268,2
2019-05-29,16:45:08.528000,10268,10269,10268,1
2019-05-29,16:45:22.057000,10268,10269,10268,1
2019-05-29,16:45:27.052000,10268,10269,10269,1
2019-05-29,16:45:27.855000,10269,10270,10269,2
2019-05-29,16:45:27.855000,10269,10270,10269,2
2019-05-29,16:45:30.162000,10268,10269,10269,1
2019-05-29,16:45:30.220000,10268,10269,10269,2
2019-05-29,16:45:39.573000,10269,10270,10269,3
2019-05-29,16:45:39.787000,10268,10269,10269,1
2019-05-29,16:46:10.399000,10269,10270,10269,1
2019-05-29,16:46:10.531000,10268,10270,10268,1
2019-05-29,16:46:46.306000,10268,10269,10269,2
2019-05-29,16:47:36.158000,10268,10269,10269,4
2019-05-29,16:47:41.026000,10268,10269,10269,5
2019-05-29,16:47:50.198000,10269,10270,10270,5
2019-05-29,16:48:09.154000,10269,10270,10269,1
2019-05-29,16:48:10.324000,10269,10270,10270,1
2019-05-29,16:48:11.359000,10269,10270,10269,1
2019-05-29,16:48:12.601000,10269,10270,10269,3
2019-05-29,16:49:44.664000,10268,10269,10268,2
2019-05-29,16:49:44.728000,10268,10269,10268,10
2019-05-29,16:49:44.787000,10268,10269,10268,8
2019-05-29,16:49:44.787000,10268,10269,10268,5
2019-05-29,16:49:44.787000,10268,10269,10268,1
2019-05-29,16:49:44.787000,10268,10269,10268,9
2019-05-29,16:49:46.234000,10267,10268,10267,1
2019-05-29,16:50:04.387000,10267,10268,10268,1
2019-05-29,16:50:30.449000,10267,10268,10268,2
2019-05-29,16:50:54.551000,10267,10268,10268,3
2019-05-29,16:50:54.551000,10267,10268,10268,2
2019-05-29,16:50:54.756000,10268,10269,10268,1
2019-05-29,16:51:22.265000,10267,10268,10268,1
2019-05-29,16:51:33.742000,10267,10268,10268,1
2019-05-29,16:51:35.690000,10267,10268,10268,1
2019-05-29,16:51:50.297000,10267,10268,10268,3
2019-05-29,16:51:51.101000,10267,10268,10267,1
2019-05-29,16:52:39.398000,10267,10268,10267,1
2019-05-29,16:53:12.227000,10267,10268,10267,1
2019-05-29,16:53:14.114000,10267,10268,10267,2
2019-05-29,16:53:17.589000,10267,10268,10267,10
2019-05-29,16:53:17.662000,10267,10268,10267,3
2019-05-29,16:53:24.339000,10266,10267,10267,1
2019-05-29,16:53:42.717000,10267,10268,10267,1
2019-05-29,16:53:42.795000,10267,10268,10267,1
2019-05-29,16:54:01.328000,10266,10267,10267,2
2019-05-29,16:54:42.240000,10266,10267,10267,2
2019-05-29,16:54:44.174000,10266,10267,10267,20
2019-05-29,16:54:53.222000,10266,10267,10266,10
2019-05-29,16:54:53.558000,10266,10267,10266,1
2019-05-29,16:54:53.977000,10266,10267,10266,3
2019-05-29,16:54:57.718000,10266,10267,10266,15
2019-05-29,16:54:57.787000,10266,10267,10266,1
2019-05-29,16:55:14.706000,10265,10266,10265,5
2019-05-29,16:55:36.256000,10265,10266,10265,1
2019-05-29,16:55:43.269000,10265,10266,10266,1
2019-05-29,16:55:49.037000,10265,10266,10266,15
2019-05-29,16:55:51.191000,10266,10267,10266,1
2019-05-29,16:55:58.579000,10266,10267,10266,1
2019-05-29,16:56:48.473000,10266,10267,10267,7
2019-05-29,16:56:48.478000,10266,10267,10267,1
2019-05-29,16:56:48.478000,10266,10267,10267,1
2019-05-29,16:56:48.481000,10266,10267,10267,2
2019-05-29,16:56:48.537000,10266,10267,10267,2
2019-05-29,16:56:48.537000,10266,10267,10267,2
2019-05-29,16:56:48.700000,10267,10268,10267,1
2019-05-29,16:56:49.056000,10267,10268,10267,1
2019-05-29,16:57:07.451000,10267,10268,10267,2
2019-05-29,16:57:18.135000,10267,10268,10268,1
2019-05-29,16:57:18.262000,10267,10268,10268,1
2019-05-29,16:57:18.264000,10267,10268,10268,1
2019-05-29,16:57:18.287000,10267,10268,10268,2
2019-05-29,16:57:18.412000,10267,10268,10268,2
2019-05-29,16:57:26.919000,10268,10269,10268,8
2019-05-29,16:57:50.033000,10268,10269,10268,1
2019-05-29,16:58:36.089000,10267,10268,10268,1
2019-05-29,16:58:39.984000,10267,10268,10267,1
2019-05-29,16:59:01.482000,10267,10268,10267,3
2019-05-29,16:59:10.165000,10267,10268,10267,1
2019-05-29,17:00:55.519000,10267,10268,10268,5
2019-05-29,17:00:56.123000,10268,10269,10269,5
2019-05-29,17:01:33.543000,10268,10269,10269,1
2019-05-29,17:01:49.816000,10268,10269,10268,5
2019-05-29,17:02:00.725000,10267,10268,10268,1
2019-05-29,17:02:36.853000,10267,10268,10268,1
2019-05-29,17:03:37.914000,10267,10268,10268,2
2019-05-29,17:04:09.339000,10267,10268,10268,2
2019-05-29,17:04:22.633000,10268,10269,10269,2
2019-05-29,17:04:46.505000,10268,10269,10268,1
2019-05-29,17:04:46.507000,10268,10269,10268,1
2019-05-29,17:04:46.577000,10268,10269,10268,1
2019-05-29,17:04:46.579000,10268,10269,10268,1
2019-05-29,17:04:47.641000,10267,10269,10269,2
2019-05-29,17:05:10.545000,10268,10269,10268,1
2019-05-29,17:05:16.039000,10268,10269,10269,1
2019-05-29,17:05:41.488000,10268,10269,10268,2
2019-05-29,17:05:41.488000,10268,10269,10268,2
2019-05-29,17:05:41.488000,10268,10269,10268,1
2019-05-29,17:06:01.240000,10267,10268,10267,2
2019-05-29,17:06:01.240000,10267,10268,10267,5
2019-05-29,17:06:01.574000,10267,10268,10267,1
2019-05-29,17:06:01.576000,10267,10268,10267,2
2019-05-29,17:06:01.577000,10267,10268,10267,1
2019-05-29,17:06:01.659000,10267,10268,10267,2
2019-05-29,17:06:01.662000,10267,10268,10267,11
2019-05-29,17:06:14.892000,10266,10267,10266,2
2019-05-29,17:06:14.903000,10266,10267,10266,2
2019-05-29,17:06:14.912000,10266,10267,10266,1
2019-05-29,17:06:14.925000,10266,10267,10266,1
2019-05-29,17:06:14.946000,10266,10267,10266,2
2019-05-29,17:06:26.698000,10266,10267,10266,2
2019-05-29,17:06:36.559000,10266,10267,10267,4
2019-05-29,17:06:37.598000,10266,10267,10267,2
2019-05-29,17:06:51.244000,10266,10267,10266,2
2019-05-29,17:07:08.224000,10266,10267,10267,2
2019-05-29,17:07:56.685000,10266,10267,10267,1
2019-05-29,17:07:56.991000,10266,10267,10267,1
2019-05-29,17:08:10.541000,10266,10267,10267,1
2019-05-29,17:08:38.730000,10266,10267,10267,5
2019-05-29,17:08:40.034000,10266,10267,10267,2
2019-05-29,17:08:42.037000,10266,10267,10266,3
2019-05-29,17:08:55.432000,10266,10267,10266,1
2019-05-29,17:09:11.938000,10266,10267,10266,1
2019-05-29,17:09:36.430000,10266,10267,10266,1
2019-05-29,17:09:40.885000,10266,10267,10266,1
2019-05-29,17:10:03.896000,10266,10267,10267,1
2019-05-29,17:10:03.896000,10266,10267,10267,1
2019-05-29,17:10:03.912000,10266,10267,10267,1
2019-05-29,17:10:03.912000,10266,10267,10267,1
2019-05-29,17:10:03.912000,10266,10267,10267,1
2019-05-29,17:10:03.912000,10266,10267,10267,2
2019-05-29,17:10:03.913000,10266,10267,10267,1
2019-05-29,17:10:04.089000,10267,10268,10267,1
2019-05-29,17:10:05.120000,10266,10268,10266,1
2019-05-29,17:10:23.822000,10267,10268,10267,5
2019-05-29,17:10:28.300000,10266,10267,10267,1
2019-05-29,17:10:32.779000,10266,10267,10267,2
2019-05-29,17:11:10.338000,10267,10268,10268,9
2019-05-29,17:11:10.412000,10267,10268,10268,2
2019-05-29,17:11:10.663000,10268,10269,10268,2
2019-05-29,17:11:10.670000,10268,10269,10268,1
2019-05-29,17:12:15.808000,10267,10268,10268,5
2019-05-29,17:13:02.698000,10268,10269,10268,1
2019-05-29,17:13:16.152000,10267,10268,10268,3
2019-05-29,17:14:34.993000,10268,10269,10268,1
2019-05-29,17:14:34.993000,10268,10269,10268,1
2019-05-29,17:14:34.993000,10268,10269,10268,1
2019-05-29,17:14:34.993000,10268,10269,10268,2
2019-05-29,17:14:34.993000,10268,10269,10268,1
2019-05-29,17:14:34.999000,10268,10269,10268,3
2019-05-29,17:14:35.001000,10268,10269,10268,2
2019-05-29,17:14:35.020000,10268,10269,10268,10
2019-05-29,17:15:35.662000,10267,10268,10268,3
2019-05-29,17:15:53.488000,10268,10269,10268,1
2019-05-29,17:15:55.156000,10268,10269,10268,1
2019-05-29,17:16:40.346000,10267,10268,10268,1
2019-05-29,17:17:02.933000,10267,10268,10268,1
2019-05-29,17:17:27.206000,10267,10268,10268,1
2019-05-29,17:17:45.358000,10267,10268,10268,5
2019-05-29,17:17:51.924000,10267,10268,10267,5
2019-05-29,17:18:18.244000,10267,10268,10267,1
2019-05-29,17:18:20.056000,10266,10267,10267,1
2019-05-29,17:18:42.700000,10266,10267,10267,1
2019-05-29,17:18:56.870000,10266,10267,10267,1
2019-05-29,17:18:57.785000,10266,10267,10266,1
2019-05-29,17:19:15.234000,10266,10267,10266,1
2019-05-29,17:19:26.480000,10266,10267,10266,10
2019-05-29,17:19:49.889000,10266,10267,10267,1
2019-05-29,17:19:51.270000,10267,10268,10267,1
2019-05-29,17:19:54.973000,10267,10268,10267,1
2019-05-29,17:19:58.745000,10266,10267,10266,10
2019-05-29,17:20:16.652000,10266,10267,10266,10
2019-05-29,17:20:16.662000,10266,10267,10266,1
2019-05-29,17:20:26.356000,10266,10267,10266,2
2019-05-29,17:20:26.613000,10266,10267,10266,1
2019-05-29,17:20:49.662000,10266,10267,10266,1
2019-05-29,17:20:49.787000,10266,10267,10266,9
2019-05-29,17:20:50.313000,10265,10266,10266,2
2019-05-29,17:21:08.299000,10265,10266,10265,4
2019-05-29,17:21:11.137000,10265,10266,10266,1
2019-05-29,17:21:19.307000,10265,10266,10266,2
2019-05-29,17:21:20.680000,10265,10266,10266,1
2019-05-29,17:21:28.840000,10265,10266,10266,1
2019-05-29,17:21:34.377000,10265,10266,10265,4
2019-05-29,17:21:55.198000,10265,10266,10265,1
2019-05-29,17:22:05.817000,10265,10266,10266,1
2019-05-29,17:22:14.347000,10265,10266,10266,1
2019-05-29,17:22:19.025000,10265,10266,10265,2
2019-05-29,17:22:27.984000,10265,10266,10266,3
2019-05-29,17:22:37.080000,10265,10266,10266,1
2019-05-29,17:22:37.115000,10265,10266,10266,1
2019-05-29,17:22:37.115000,10265,10266,10267,1
2019-05-29,17:22:37.642000,10265,10267,10266,1
2019-05-29,17:22:41.046000,10265,10266,10266,1
2019-05-29,17:22:41.299000,10265,10266,10266,1
2019-05-29,17:22:42.603000,10266,10267,10266,1
2019-05-29,17:22:47.664000,10266,10267,10266,2
2019-05-29,17:22:50.817000,10266,10267,10266,1
2019-05-29,17:23:03.456000,10266,10267,10266,6
2019-05-29,17:23:12.401000,10265,10266,10265,50
2019-05-29,17:23:26.310000,10265,10266,10265,1
2019-05-29,17:23:26.311000,10265,10266,10265,1
2019-05-29,17:23:26.412000,10265,10266,10265,6
2019-05-29,17:23:26.412000,10265,10266,10265,4
2019-05-29,17:23:26.465000,10265,10266,10265,10
2019-05-29,17:23:26.546000,10265,10266,10265,3
2019-05-29,17:23:28.585000,10265,10266,10265,5
2019-05-29,17:23:28.664000,10265,10266,10265,1
2019-05-29,17:23:30.454000,10265,10266,10265,1
2019-05-29,17:23:32.402000,10264,10265,10264,4
2019-05-29,17:23:32.430000,10264,10265,10264,5
2019-05-29,17:23:32.442000,10264,10265,10264,1
2019-05-29,17:23:32.529000,10264,10265,10264,1
2019-05-29,17:23:32.596000,10264,10265,10264,1
2019-05-29,17:23:32.637000,10264,10265,10264,10
2019-05-29,17:23:32.814000,10264,10265,10264,1
2019-05-29,17:23:40.613000,10264,10265,10264,2
2019-05-29,17:23:41.922000,10264,10265,10265,1
2019-05-29,17:23:43.193000,10264,10265,10264,5
2019-05-29,17:23:43.415000,10264,10265,10264,5
2019-05-29,17:23:43.614000,10264,10265,10264,2
2019-05-29,17:23:43.791000,10263,10264,10263,5
2019-05-29,17:23:44.112000,10263,10264,10263,1
2019-05-29,17:23:44.280000,10263,10264,10263,1
2019-05-29,17:23:50.607000,10263,10264,10263,2
2019-05-29,17:23:51.566000,10263,10264,10264,1
2019-05-29,17:23:53.354000,10263,10264,10264,2
2019-05-29,17:23:55.150000,10263,10264,10264,3
2019-05-29,17:23:56.018000,10264,10265,10264,1
2019-05-29,17:23:58.119000,10264,10265,10264,1
2019-05-29,17:24:00.618000,10264,10265,10264,1
2019-05-29,17:24:00.904000,10264,10265,10264,1
2019-05-29,17:24:01.463000,10264,10265,10264,5
2019-05-29,17:24:02.666000,10263,10264,10264,2
2019-05-29,17:24:05.811000,10263,10264,10263,2
2019-05-29,17:24:10.106000,10263,10264,10263,1
2019-05-29,17:24:11.620000,10263,10264,10263,1
2019-05-29,17:24:13.089000,10263,10264,10263,1
2019-05-29,17:24:14.273000,10263,10264,10263,3
2019-05-29,17:24:14.349000,10263,10264,10263,3
2019-05-29,17:24:14.349000,10263,10264,10263,10
2019-05-29,17:24:14.349000,10263,10264,10263,2
2019-05-29,17:24:14.349000,10263,10264,10263,4
2019-05-29,17:24:14.349000,10263,10264,10263,5
2019-05-29,17:24:20.321000,10262,10263,10263,1
2019-05-29,17:24:21.465000,10262,10263,10262,1
2019-05-29,17:24:21.547000,10262,10263,10262,1
2019-05-29,17:24:21.567000,10262,10263,10262,2
2019-05-29,17:24:21.607000,10262,10263,10262,4
2019-05-29,17:24:21.608000,10262,10263,10262,5
2019-05-29,17:24:21.683000,10262,10263,10262,2
2019-05-29,17:24:21.712000,10262,10263,10262,2
2019-05-29,17:24:21.719000,10262,10263,10262,2
2019-05-29,17:24:21.732000,10262,10263,10262,2
2019-05-29,17:24:21.733000,10262,10263,10262,1
2019-05-29,17:24:21.746000,10262,10263,10262,2
2019-05-29,17:24:21.771000,10262,10263,10262,2
2019-05-29,17:24:21.776000,10262,10263,10262,2
2019-05-29,17:24:21.821000,10262,10263,10262,4
2019-05-29,17:24:21.826000,10262,10263,10262,4
2019-05-29,17:24:21.830000,10262,10263,10262,1
2019-05-29,17:24:21.875000,10262,10263,10262,4
2019-05-29,17:24:22.402000,10262,10263,10263,1
2019-05-29,17:24:22.438000,10262,10263,10262,1
2019-05-29,17:24:22.587000,10262,10263,10262,1
2019-05-29,17:24:28.666000,10262,10263,10262,1
2019-05-29,17:24:31.204000,10262,10263,10262,1
2019-05-29,17:24:35.975000,10262,10263,10262,1
2019-05-29,17:24:53.887000,10262,10263,10263,2
2019-05-29,17:24:53.912000,10262,10263,10263,2
2019-05-29,17:24:54.318000,10263,10264,10263,1
2019-05-29,17:24:55.710000,10263,10264,10263,1
2019-05-29,17:24:56.235000,10263,10264,10263,1
2019-05-29,17:24:59.999000,10263,10264,10263,1
2019-05-29,17:25:06.407000,10263,10264,10264,1
2019-05-29,17:25:16.747000,10263,10264,10263,1
2019-05-29,17:25:17.821000,10263,10264,10263,1
2019-05-29,17:25:18.828000,10263,10264,10263,1
2019-05-29,17:25:30.889000,10263,10264,10263,1
