2020-12-07,15:00:00.037000,14212,14213,14214,63
2020-12-07,15:00:00.175000,14214,14215,14214,1
2020-12-07,15:00:00.185000,14214,14215,14214,1
2020-12-07,15:00:00.236000,14214,14215,14215,2
2020-12-07,15:00:00.306000,14215,14216,14215,1
2020-12-07,15:00:00.321000,14215,14216,14216,2
2020-12-07,15:00:00.331000,14215,14216,14216,1
2020-12-07,15:00:00.331000,14215,14216,14217,2
2020-12-07,15:00:00.337000,14215,14216,14217,2
2020-12-07,15:00:00.342000,14215,14216,14217,2
2020-12-07,15:00:00.350000,14215,14216,14217,4
2020-12-07,15:00:00.351000,14215,14216,14218,3
2020-12-07,15:00:00.360000,14215,14216,14218,1
2020-12-07,15:00:00.367000,14215,14216,14218,3
2020-12-07,15:00:00.367000,14215,14216,14219,1
2020-12-07,15:00:00.389000,14215,14216,14219,2
2020-12-07,15:00:00.390000,14215,14216,14219,1
2020-12-07,15:00:00.393000,14215,14216,14219,5
2020-12-07,15:00:00.393000,14215,14216,14220,1
2020-12-07,15:00:00.397000,14215,14216,14220,1
2020-12-07,15:00:00.401000,14215,14216,14220,2
2020-12-07,15:00:00.406000,14215,14216,14220,2
2020-12-07,15:00:00.406000,14215,14216,14220,4
2020-12-07,15:00:00.433000,14219,14220,14219,3
2020-12-07,15:00:00.456000,14219,14220,14219,2
2020-12-07,15:00:00.458000,14219,14220,14215,1
2020-12-07,15:00:00.471000,14219,14220,14219,2
2020-12-07,15:00:00.471000,14219,14220,14220,1
2020-12-07,15:00:00.575000,14215,14220,14220,2
2020-12-07,15:00:00.579000,14215,14220,14220,4
2020-12-07,15:00:00.579000,14215,14220,14221,2
2020-12-07,15:00:00.617000,14215,14220,14219,1
2020-12-07,15:00:00.617000,14215,14220,14222,2
2020-12-07,15:00:00.621000,14215,14220,14222,2
2020-12-07,15:00:00.641000,14215,14220,14222,6
2020-12-07,15:00:00.657000,14215,14220,14220,1
2020-12-07,15:00:00.658000,14215,14220,14220,1
2020-12-07,15:00:00.658000,14215,14220,14222,2
2020-12-07,15:00:00.676000,14215,14220,14223,4
2020-12-07,15:00:00.679000,14215,14220,14223,1
2020-12-07,15:00:00.680000,14220,14224,14224,2
2020-12-07,15:00:00.680000,14220,14224,14225,2
2020-12-07,15:00:00.686000,14220,14224,14225,2
2020-12-07,15:00:00.707000,14220,14224,14225,1
2020-12-07,15:00:00.708000,14220,14224,14225,1
2020-12-07,15:00:00.709000,14220,14224,14225,2
2020-12-07,15:00:00.714000,14220,14224,14225,2
2020-12-07,15:00:00.719000,14220,14224,14225,1
2020-12-07,15:00:00.739000,14220,14224,14225,2
2020-12-07,15:00:00.804000,14220,14224,14225,1
2020-12-07,15:00:00.816000,14220,14225,14225,6
2020-12-07,15:00:00.827000,14220,14225,14220,1
2020-12-07,15:00:00.897000,14220,14225,14225,2
2020-12-07,15:00:00.897000,14220,14225,14226,1
2020-12-07,15:00:00.914000,14220,14225,14224,2
2020-12-07,15:00:00.948000,14223,14226,14226,2
2020-12-07,15:00:00.951000,14223,14226,14226,2
2020-12-07,15:00:00.958000,14223,14226,14226,1
2020-12-07,15:00:00.959000,14223,14226,14226,1
2020-12-07,15:00:00.971000,14223,14226,14226,1
2020-12-07,15:00:01.001000,14223,14226,14226,2
2020-12-07,15:00:01.016000,14223,14226,14227,2
2020-12-07,15:00:01.029000,14223,14226,14227,1
2020-12-07,15:00:01.031000,14223,14226,14228,1
2020-12-07,15:00:01.052000,14223,14226,14228,1
2020-12-07,15:00:01.056000,14226,14228,14228,3
2020-12-07,15:00:01.104000,14226,14228,14229,1
2020-12-07,15:00:01.128000,14226,14228,14229,2
2020-12-07,15:00:01.156000,14226,14228,14229,1
2020-12-07,15:00:01.192000,14228,14230,14230,1
2020-12-07,15:00:01.192000,14228,14230,14230,2
2020-12-07,15:00:01.192000,14228,14230,14230,12
2020-12-07,15:00:01.199000,14228,14230,14231,3
2020-12-07,15:00:01.200000,14228,14230,14232,1
2020-12-07,15:00:01.221000,14228,14230,14232,1
2020-12-07,15:00:01.244000,14228,14230,14233,2
2020-12-07,15:00:01.246000,14228,14230,14233,1
2020-12-07,15:00:01.252000,14228,14230,14234,1
2020-12-07,15:00:01.254000,14228,14230,14232,5
2020-12-07,15:00:01.254000,14228,14230,14230,5
2020-12-07,15:00:01.255000,14228,14230,14229,1
2020-12-07,15:00:01.255000,14228,14230,14228,4
2020-12-07,15:00:01.255000,14228,14230,14227,1
2020-12-07,15:00:01.255000,14228,14230,14226,4
2020-12-07,15:00:01.255000,14228,14230,14225,1
2020-12-07,15:00:01.272000,14228,14230,14228,2
2020-12-07,15:00:01.305000,14224,14233,14232,1
2020-12-07,15:00:01.312000,14224,14233,14233,1
2020-12-07,15:00:01.384000,14224,14233,14233,1
2020-12-07,15:00:01.403000,14224,14233,14230,1
2020-12-07,15:00:01.415000,14224,14233,14225,1
2020-12-07,15:00:01.425000,14224,14233,14224,4
2020-12-07,15:00:01.425000,14224,14233,14223,1
2020-12-07,15:00:01.447000,14222,14228,14228,1
2020-12-07,15:00:01.462000,14222,14228,14229,1
2020-12-07,15:00:01.476000,14222,14228,14229,2
2020-12-07,15:00:01.490000,14222,14228,14229,1
2020-12-07,15:00:01.496000,14222,14228,14229,1
2020-12-07,15:00:01.582000,14222,14229,14225,3
2020-12-07,15:00:01.594000,14222,14229,14229,2
2020-12-07,15:00:01.610000,14222,14229,14232,1
2020-12-07,15:00:01.610000,14222,14229,14233,1
2020-12-07,15:00:01.663000,14222,14229,14233,1
2020-12-07,15:00:01.664000,14222,14229,14233,1
2020-12-07,15:00:01.667000,14222,14229,14227,1
2020-12-07,15:00:01.696000,14226,14232,14232,1
2020-12-07,15:00:01.739000,14226,14232,14227,1
2020-12-07,15:00:01.765000,14226,14232,14232,1
2020-12-07,15:00:01.810000,14227,14231,14231,1
2020-12-07,15:00:01.810000,14227,14231,14231,4
2020-12-07,15:00:01.811000,14227,14231,14231,1
2020-12-07,15:00:01.826000,14227,14231,14230,1
2020-12-07,15:00:01.843000,14227,14231,14233,1
2020-12-07,15:00:01.853000,14227,14231,14234,1
2020-12-07,15:00:01.859000,14227,14231,14229,1
2020-12-07,15:00:01.859000,14227,14231,14228,3
2020-12-07,15:00:01.860000,14227,14231,14228,2
2020-12-07,15:00:01.860000,14227,14231,14227,5
2020-12-07,15:00:01.867000,14227,14231,14231,1
2020-12-07,15:00:01.888000,14227,14231,14234,1
2020-12-07,15:00:01.895000,14227,14231,14235,1
2020-12-07,15:00:01.932000,14227,14235,14227,1
2020-12-07,15:00:01.932000,14227,14235,14226,1
2020-12-07,15:00:01.968000,14227,14235,14234,1
2020-12-07,15:00:01.968000,14227,14235,14235,1
2020-12-07,15:00:01.985000,14227,14235,14235,2
2020-12-07,15:00:01.989000,14227,14235,14235,2
2020-12-07,15:00:02.004000,14227,14235,14226,1
2020-12-07,15:00:02.031000,14227,14235,14235,1
2020-12-07,15:00:02.062000,14226,14235,14226,1
2020-12-07,15:00:02.064000,14226,14235,14234,1
2020-12-07,15:00:02.064000,14226,14235,14235,1
2020-12-07,15:00:02.086000,14226,14235,14227,1
2020-12-07,15:00:02.106000,14226,14235,14234,1
2020-12-07,15:00:02.276000,14227,14235,14227,1
2020-12-07,15:00:02.302000,14227,14235,14232,1
2020-12-07,15:00:02.334000,14227,14233,14227,2
2020-12-07,15:00:02.334000,14227,14233,14226,2
2020-12-07,15:00:02.353000,14227,14233,14229,1
2020-12-07,15:00:02.389000,14227,14233,14230,1
2020-12-07,15:00:02.421000,14227,14233,14230,1
2020-12-07,15:00:02.553000,14226,14230,14227,1
2020-12-07,15:00:02.553000,14226,14230,14229,1
2020-12-07,15:00:02.696000,14226,14230,14230,4
2020-12-07,15:00:02.696000,14226,14230,14232,2
2020-12-07,15:00:02.716000,14226,14230,14232,1
2020-12-07,15:00:02.728000,14226,14230,14232,1
2020-12-07,15:00:02.786000,14226,14230,14232,1
2020-12-07,15:00:02.846000,14227,14232,14232,1
2020-12-07,15:00:02.916000,14227,14232,14232,1
2020-12-07,15:00:02.957000,14227,14232,14232,1
2020-12-07,15:00:03.075000,14227,14232,14232,1
2020-12-07,15:00:03.183000,14227,14232,14232,2
2020-12-07,15:00:03.267000,14227,14232,14233,2
2020-12-07,15:00:03.281000,14227,14232,14234,2
2020-12-07,15:00:03.327000,14230,14234,14231,3
2020-12-07,15:00:03.329000,14230,14234,14228,3
2020-12-07,15:00:03.357000,14230,14234,14231,2
2020-12-07,15:00:03.357000,14230,14234,14234,2
2020-12-07,15:00:03.357000,14230,14234,14235,4
2020-12-07,15:00:03.380000,14230,14234,14234,1
2020-12-07,15:00:03.388000,14230,14234,14234,2
2020-12-07,15:00:03.408000,14230,14234,14234,1
2020-12-07,15:00:03.443000,14229,14234,14234,2
2020-12-07,15:00:03.492000,14229,14234,14229,1
2020-12-07,15:00:03.492000,14229,14234,14228,2
2020-12-07,15:00:03.510000,14229,14234,14234,1
2020-12-07,15:00:03.535000,14229,14234,14234,1
2020-12-07,15:00:03.550000,14229,14234,14230,1
2020-12-07,15:00:03.560000,14228,14234,14234,4
2020-12-07,15:00:03.596000,14228,14234,14235,1
2020-12-07,15:00:03.602000,14228,14234,14228,1
2020-12-07,15:00:03.741000,14229,14234,14229,1
2020-12-07,15:00:03.759000,14229,14234,14233,1
2020-12-07,15:00:03.759000,14229,14234,14234,4
2020-12-07,15:00:03.759000,14229,14234,14235,7
2020-12-07,15:00:03.839000,14229,14235,14229,1
2020-12-07,15:00:03.878000,14229,14235,14234,1
2020-12-07,15:00:03.878000,14229,14235,14235,1
2020-12-07,15:00:03.962000,14229,14235,14235,1
2020-12-07,15:00:04.043000,14229,14235,14236,4
2020-12-07,15:00:04.217000,14229,14236,14236,1
2020-12-07,15:00:04.217000,14229,14236,14237,1
2020-12-07,15:00:04.270000,14229,14236,14237,1
2020-12-07,15:00:04.274000,14229,14236,14237,2
2020-12-07,15:00:04.341000,14231,14238,14238,2
2020-12-07,15:00:04.402000,14231,14238,14238,1
2020-12-07,15:00:04.402000,14231,14238,14239,3
2020-12-07,15:00:04.466000,14233,14239,14239,1
2020-12-07,15:00:04.520000,14233,14239,14239,2
2020-12-07,15:00:04.576000,14233,14239,14233,1
2020-12-07,15:00:04.576000,14233,14239,14232,2
2020-12-07,15:00:04.635000,14233,14239,14238,2
2020-12-07,15:00:04.658000,14233,14239,14238,2
2020-12-07,15:00:04.714000,14234,14239,14239,1
2020-12-07,15:00:05.083000,14234,14239,14234,1
2020-12-07,15:00:05.083000,14234,14239,14233,1
2020-12-07,15:00:05.083000,14234,14239,14232,2
2020-12-07,15:00:05.112000,14234,14239,14233,1
2020-12-07,15:00:05.241000,14233,14237,14237,1
2020-12-07,15:00:05.253000,14233,14237,14234,1
2020-12-07,15:00:05.253000,14233,14237,14233,3
2020-12-07,15:00:05.509000,14234,14237,14237,1
2020-12-07,15:00:05.561000,14234,14237,14237,2
2020-12-07,15:00:05.663000,14234,14237,14234,1
2020-12-07,15:00:05.671000,14234,14237,14233,2
2020-12-07,15:00:05.945000,14233,14235,14235,1
2020-12-07,15:00:05.945000,14233,14235,14236,1
2020-12-07,15:00:06.118000,14233,14236,14233,2
2020-12-07,15:00:06.118000,14233,14236,14232,2
2020-12-07,15:00:06.131000,14233,14236,14233,1
2020-12-07,15:00:06.131000,14233,14236,14234,1
2020-12-07,15:00:06.156000,14233,14236,14234,1
2020-12-07,15:00:06.232000,14230,14234,14232,1
2020-12-07,15:00:06.232000,14230,14234,14231,1
2020-12-07,15:00:06.232000,14230,14234,14230,1
2020-12-07,15:00:06.244000,14230,14234,14234,1
2020-12-07,15:00:06.253000,14230,14234,14230,3
2020-12-07,15:00:06.257000,14230,14234,14233,1
2020-12-07,15:00:06.307000,14229,14234,14234,1
2020-12-07,15:00:06.334000,14229,14234,14234,1
2020-12-07,15:00:06.392000,14229,14234,14234,1
2020-12-07,15:00:06.447000,14229,14235,14229,1
2020-12-07,15:00:06.447000,14229,14235,14228,1
2020-12-07,15:00:06.574000,14228,14235,14235,1
2020-12-07,15:00:06.574000,14228,14235,14236,2
2020-12-07,15:00:06.684000,14228,14231,14228,1
2020-12-07,15:00:06.684000,14228,14231,14227,2
2020-12-07,15:00:06.732000,14228,14231,14230,1
2020-12-07,15:00:07.107000,14227,14230,14230,1
2020-12-07,15:00:07.121000,14227,14230,14231,1
2020-12-07,15:00:07.137000,14227,14230,14231,1
2020-12-07,15:00:07.158000,14227,14230,14231,1
2020-12-07,15:00:07.172000,14227,14230,14232,1
2020-12-07,15:00:07.387000,14228,14232,14232,1
2020-12-07,15:00:07.715000,14228,14232,14232,1
2020-12-07,15:00:09.188000,14230,14231,14230,3
2020-12-07,15:00:09.507000,14229,14231,14231,1
2020-12-07,15:00:10.039000,14230,14232,14232,4
2020-12-07,15:00:11.093000,14230,14233,14229,1
2020-12-07,15:00:11.429000,14229,14232,14232,2
2020-12-07,15:00:11.648000,14229,14230,14229,1
2020-12-07,15:00:12.822000,14229,14230,14230,1
2020-12-07,15:00:12.969000,14229,14231,14229,4
2020-12-07,15:00:13.155000,14227,14229,14227,1
2020-12-07,15:00:13.155000,14227,14229,14226,2
2020-12-07,15:00:13.338000,14227,14229,14227,1
2020-12-07,15:00:13.338000,14227,14229,14226,2
2020-12-07,15:00:13.752000,14226,14228,14228,1
2020-12-07,15:00:13.752000,14226,14228,14229,2
2020-12-07,15:00:13.752000,14226,14228,14230,3
2020-12-07,15:00:14.059000,14226,14229,14229,1
2020-12-07,15:00:14.180000,14227,14229,14229,1
2020-12-07,15:00:14.341000,14227,14230,14227,5
2020-12-07,15:00:14.341000,14227,14230,14227,5
2020-12-07,15:00:14.437000,14226,14229,14229,1
2020-12-07,15:00:14.656000,14227,14229,14229,1
2020-12-07,15:00:14.728000,14227,14230,14227,2
2020-12-07,15:00:14.728000,14227,14230,14226,1
2020-12-07,15:00:15.668000,14227,14229,14227,1
2020-12-07,15:00:15.674000,14227,14229,14226,1
2020-12-07,15:00:15.841000,14226,14228,14226,2
2020-12-07,15:00:15.841000,14226,14228,14226,2
2020-12-07,15:00:16.050000,14225,14226,14225,1
2020-12-07,15:00:16.564000,14224,14226,14226,2
2020-12-07,15:00:17.038000,14224,14226,14224,2
2020-12-07,15:00:17.038000,14224,14226,14223,1
2020-12-07,15:00:18.434000,14223,14224,14224,2
2020-12-07,15:00:18.532000,14223,14224,14223,1
2020-12-07,15:00:20.555000,14222,14223,14223,2
2020-12-07,15:00:21.035000,14222,14225,14222,6
2020-12-07,15:00:21.055000,14221,14222,14222,8
2020-12-07,15:00:22.481000,14223,14226,14226,1
2020-12-07,15:00:23.293000,14223,14226,14223,2
2020-12-07,15:00:23.613000,14223,14226,14223,4
2020-12-07,15:00:24.597000,14224,14226,14224,1
2020-12-07,15:00:29.139000,14224,14225,14224,1
2020-12-07,15:00:29.488000,14224,14225,14225,3
2020-12-07,15:00:29.530000,14224,14225,14226,2
2020-12-07,15:00:29.555000,14225,14226,14226,2
2020-12-07,15:00:29.617000,14225,14226,14225,2
2020-12-07,15:00:30.484000,14224,14226,14226,1
2020-12-07,15:00:30.756000,14225,14227,14225,1
2020-12-07,15:00:31.562000,14224,14226,14224,1
2020-12-07,15:00:31.949000,14224,14226,14224,1
2020-12-07,15:00:32.455000,14223,14225,14225,1
2020-12-07,15:00:32.477000,14223,14225,14225,1
2020-12-07,15:00:33.900000,14223,14225,14225,1
2020-12-07,15:00:34.532000,14223,14225,14223,1
2020-12-07,15:00:35.348000,14223,14225,14223,4
2020-12-07,15:00:37.180000,14223,14224,14224,1
2020-12-07,15:00:41.134000,14223,14224,14224,1
2020-12-07,15:00:42.507000,14223,14224,14224,1
2020-12-07,15:00:42.507000,14223,14224,14225,2
2020-12-07,15:00:42.757000,14224,14225,14224,1
2020-12-07,15:00:43.357000,14224,14225,14224,3
2020-12-07,15:00:43.358000,14224,14225,14224,1
2020-12-07,15:00:43.358000,14224,14225,14224,1
2020-12-07,15:00:43.359000,14224,14225,14224,1
2020-12-07,15:00:46.288000,14223,14224,14224,6
2020-12-07,15:00:46.489000,14224,14225,14224,1
2020-12-07,15:00:47.724000,14224,14225,14224,1
2020-12-07,15:00:47.841000,14224,14225,14224,1
2020-12-07,15:00:48.687000,14224,14225,14224,2
2020-12-07,15:00:49.234000,14223,14225,14223,1
2020-12-07,15:00:49.735000,14223,14224,14223,2
2020-12-07,15:00:49.915000,14223,14224,14224,1
2020-12-07,15:00:52.617000,14223,14224,14224,1
2020-12-07,15:00:52.937000,14223,14225,14225,1
2020-12-07,15:00:52.991000,14223,14225,14225,3
2020-12-07,15:00:53.867000,14224,14225,14224,1
2020-12-07,15:00:55.923000,14224,14225,14224,2
2020-12-07,15:00:56.160000,14223,14225,14223,1
2020-12-07,15:00:56.782000,14224,14225,14224,1
2020-12-07,15:00:57.005000,14223,14224,14223,1
2020-12-07,15:00:57.351000,14223,14224,14223,2
2020-12-07,15:00:57.426000,14223,14224,14223,2
2020-12-07,15:00:59.703000,14222,14224,14222,1
2020-12-07,15:00:59.714000,14222,14224,14222,1
2020-12-07,15:00:59.853000,14222,14224,14222,2
2020-12-07,15:00:59.854000,14222,14224,14222,2
2020-12-07,15:00:59.854000,14222,14224,14222,4
2020-12-07,15:00:59.875000,14222,14224,14222,3
2020-12-07,15:00:59.992000,14221,14222,14221,1
2020-12-07,15:01:00.014000,14221,14222,14222,1
2020-12-07,15:01:00.014000,14221,14222,14223,1
2020-12-07,15:01:00.017000,14221,14222,14224,1
2020-12-07,15:01:00.030000,14221,14222,14224,1
2020-12-07,15:01:00.031000,14221,14222,14222,1
2020-12-07,15:01:00.049000,14221,14222,14222,3
2020-12-07,15:01:00.063000,14222,14224,14224,1
2020-12-07,15:01:00.072000,14222,14224,14224,1
2020-12-07,15:01:00.083000,14222,14224,14224,4
2020-12-07,15:01:00.090000,14222,14224,14224,1
2020-12-07,15:01:00.095000,14222,14224,14224,1
2020-12-07,15:01:00.121000,14222,14224,14222,3
2020-12-07,15:01:00.127000,14222,14224,14224,6
2020-12-07,15:01:00.127000,14222,14224,14225,2
2020-12-07,15:01:00.128000,14222,14224,14225,5
2020-12-07,15:01:00.128000,14222,14224,14224,2
2020-12-07,15:01:00.128000,14222,14224,14224,2
2020-12-07,15:01:00.128000,14222,14224,14225,2
2020-12-07,15:01:00.129000,14222,14224,14225,2
2020-12-07,15:01:00.131000,14222,14224,14223,1
2020-12-07,15:01:00.151000,14222,14224,14223,1
2020-12-07,15:01:00.154000,14222,14224,14225,1
2020-12-07,15:01:00.156000,14222,14224,14223,3
2020-12-07,15:01:00.156000,14222,14224,14225,2
2020-12-07,15:01:00.175000,14222,14224,14223,1
2020-12-07,15:01:00.177000,14222,14224,14223,2
2020-12-07,15:01:00.184000,14223,14225,14223,2
2020-12-07,15:01:00.184000,14223,14225,14222,2
2020-12-07,15:01:00.203000,14223,14225,14222,2
2020-12-07,15:01:00.205000,14223,14225,14224,2
2020-12-07,15:01:00.205000,14223,14225,14225,1
2020-12-07,15:01:00.205000,14223,14225,14225,2
2020-12-07,15:01:00.206000,14223,14225,14225,4
2020-12-07,15:01:00.211000,14223,14225,14225,3
2020-12-07,15:01:00.255000,14223,14225,14224,2
2020-12-07,15:01:00.295000,14223,14225,14223,1
2020-12-07,15:01:00.312000,14223,14225,14223,1
2020-12-07,15:01:00.312000,14223,14225,14222,2
2020-12-07,15:01:00.317000,14223,14225,14222,1
2020-12-07,15:01:00.509000,14222,14224,14224,1
2020-12-07,15:01:00.679000,14222,14224,14224,1
2020-12-07,15:01:01.315000,14222,14224,14224,1
2020-12-07,15:01:02.444000,14222,14223,14223,1
2020-12-07,15:01:02.718000,14223,14224,14223,1
2020-12-07,15:01:02.718000,14223,14224,14222,1
2020-12-07,15:01:03.781000,14222,14224,14224,2
2020-12-07,15:01:04.177000,14223,14224,14223,1
2020-12-07,15:01:05.024000,14223,14224,14223,2
2020-12-07,15:01:05.044000,14223,14224,14223,1
2020-12-07,15:01:05.226000,14223,14224,14223,2
2020-12-07,15:01:08.348000,14223,14224,14224,2
2020-12-07,15:01:11.463000,14224,14225,14224,2
2020-12-07,15:01:11.603000,14224,14225,14224,2
2020-12-07,15:01:17.554000,14223,14224,14224,1
2020-12-07,15:01:17.673000,14223,14224,14224,1
2020-12-07,15:01:17.673000,14223,14224,14224,1
2020-12-07,15:01:17.673000,14223,14224,14224,1
2020-12-07,15:01:17.673000,14223,14224,14224,1
2020-12-07,15:01:17.956000,14224,14225,14224,1
2020-12-07,15:01:18.129000,14224,14225,14224,1
2020-12-07,15:01:18.998000,14224,14225,14224,1
2020-12-07,15:01:19.677000,14224,14225,14225,1
2020-12-07,15:01:20.171000,14223,14225,14223,5
2020-12-07,15:01:20.225000,14223,14224,14224,1
2020-12-07,15:01:21.531000,14223,14224,14223,2
2020-12-07,15:01:22.827000,14223,14224,14223,1
2020-12-07,15:01:22.827000,14223,14224,14223,3
2020-12-07,15:01:23.410000,14222,14224,14224,1
2020-12-07,15:01:25.715000,14222,14223,14223,1
2020-12-07,15:01:25.820000,14222,14223,14222,3
2020-12-07,15:01:27.344000,14221,14222,14221,1
2020-12-07,15:01:28.913000,14221,14222,14221,1
2020-12-07,15:01:28.929000,14221,14222,14221,5
2020-12-07,15:01:29.475000,14220,14222,14222,2
2020-12-07,15:01:30.203000,14220,14222,14220,1
2020-12-07,15:01:31.905000,14220,14221,14220,2
2020-12-07,15:01:31.906000,14220,14221,14220,2
2020-12-07,15:01:31.962000,14219,14220,14219,1
2020-12-07,15:01:32.290000,14219,14220,14219,1
2020-12-07,15:01:32.339000,14219,14220,14219,1
2020-12-07,15:01:32.340000,14219,14220,14219,1
2020-12-07,15:01:32.340000,14219,14220,14219,3
2020-12-07,15:01:33.079000,14218,14220,14220,1
2020-12-07,15:01:34.789000,14218,14220,14218,2
2020-12-07,15:01:36.400000,14218,14220,14218,1
2020-12-07,15:01:37.119000,14218,14220,14220,1
2020-12-07,15:01:37.629000,14218,14220,14218,1
2020-12-07,15:01:38.489000,14218,14220,14220,1
2020-12-07,15:01:38.537000,14218,14220,14218,1
2020-12-07,15:01:39.007000,14218,14220,14218,1
2020-12-07,15:01:40.212000,14219,14220,14220,2
2020-12-07,15:01:43.522000,14220,14221,14220,1
2020-12-07,15:01:44.052000,14219,14220,14219,3
2020-12-07,15:01:47.402000,14218,14219,14219,1
2020-12-07,15:01:50.558000,14218,14219,14219,1
2020-12-07,15:01:51.112000,14218,14219,14219,2
2020-12-07,15:01:56.320000,14218,14219,14218,2
2020-12-07,15:01:56.321000,14218,14219,14218,3
2020-12-07,15:01:58.084000,14217,14218,14218,1
2020-12-07,15:01:58.729000,14217,14218,14217,1
2020-12-07,15:01:58.730000,14217,14218,14217,4
2020-12-07,15:01:58.853000,14216,14218,14216,5
2020-12-07,15:01:59.072000,14215,14217,14215,1
2020-12-07,15:01:59.325000,14215,14217,14215,1
2020-12-07,15:01:59.394000,14215,14217,14217,2
2020-12-07,15:01:59.433000,14215,14217,14215,1
2020-12-07,15:01:59.506000,14215,14217,14215,1
2020-12-07,15:01:59.904000,14215,14217,14215,1
2020-12-07,15:02:00.150000,14215,14217,14218,1
2020-12-07,15:02:00.159000,14215,14217,14218,1
2020-12-07,15:02:00.219000,14216,14218,14218,1
2020-12-07,15:02:02.430000,14218,14219,14218,1
2020-12-07,15:02:02.784000,14218,14219,14218,2
2020-12-07,15:02:04.481000,14218,14219,14218,1
2020-12-07,15:02:04.482000,14218,14219,14218,1
2020-12-07,15:02:05.462000,14217,14218,14217,1
2020-12-07,15:02:05.894000,14217,14218,14217,3
2020-12-07,15:02:07.172000,14216,14218,14216,5
2020-12-07,15:02:07.383000,14216,14217,14217,6
2020-12-07,15:02:07.768000,14217,14218,14217,2
2020-12-07,15:02:07.898000,14217,14218,14217,1
2020-12-07,15:02:08.478000,14217,14218,14217,2
2020-12-07,15:02:09.886000,14217,14218,14217,2
2020-12-07,15:02:13.476000,14217,14218,14218,1
2020-12-07,15:02:13.551000,14217,14218,14218,1
2020-12-07,15:02:15.451000,14217,14218,14217,4
2020-12-07,15:02:15.764000,14216,14218,14218,1
2020-12-07,15:02:15.795000,14216,14218,14218,1
2020-12-07,15:02:16.392000,14216,14218,14217,1
2020-12-07,15:02:17.656000,14217,14218,14217,2
2020-12-07,15:02:20.584000,14217,14218,14218,1
2020-12-07,15:02:21.223000,14217,14218,14218,1
2020-12-07,15:02:21.616000,14217,14218,14217,1
2020-12-07,15:02:22.177000,14217,14218,14217,1
2020-12-07,15:02:27.417000,14217,14218,14217,1
2020-12-07,15:02:29.667000,14217,14218,14217,1
2020-12-07,15:02:30.376000,14217,14218,14217,1
2020-12-07,15:02:34.636000,14217,14218,14217,1
2020-12-07,15:02:34.897000,14217,14218,14217,1
2020-12-07,15:02:34.897000,14217,14218,14216,1
2020-12-07,15:02:38.090000,14216,14217,14217,1
2020-12-07,15:02:43.840000,14217,14218,14217,1
2020-12-07,15:02:47.720000,14217,14218,14218,2
2020-12-07,15:02:47.720000,14217,14218,14218,5
2020-12-07,15:02:52.327000,14218,14219,14219,4
2020-12-07,15:02:52.327000,14218,14219,14219,6
2020-12-07,15:02:52.633000,14219,14220,14219,3
2020-12-07,15:02:53.982000,14219,14220,14220,1
2020-12-07,15:02:54.217000,14219,14220,14220,1
2020-12-07,15:02:55.689000,14219,14220,14220,1
2020-12-07,15:02:56.083000,14219,14220,14220,1
2020-12-07,15:02:59.003000,14219,14220,14219,1
2020-12-07,15:02:59.003000,14219,14220,14219,1
2020-12-07,15:02:59.028000,14219,14220,14220,1
2020-12-07,15:02:59.064000,14219,14220,14219,1
2020-12-07,15:02:59.064000,14219,14220,14219,1
2020-12-07,15:03:00.142000,14219,14220,14220,1
2020-12-07,15:03:00.390000,14219,14220,14220,1
2020-12-07,15:03:00.452000,14219,14220,14220,2
2020-12-07,15:03:00.454000,14219,14220,14220,30
2020-12-07,15:03:00.458000,14219,14220,14221,2
2020-12-07,15:03:00.947000,14220,14222,14222,1
2020-12-07,15:03:01.541000,14220,14222,14222,1
2020-12-07,15:03:02.689000,14221,14222,14222,4
2020-12-07,15:03:03.562000,14222,14223,14223,6
2020-12-07,15:03:03.562000,14222,14223,14223,1
2020-12-07,15:03:03.701000,14223,14224,14224,4
2020-12-07,15:03:03.740000,14223,14224,14222,1
2020-12-07,15:03:03.756000,14223,14224,14223,3
2020-12-07,15:03:04.820000,14222,14223,14223,1
2020-12-07,15:03:04.820000,14222,14223,14223,2
2020-12-07,15:03:05.726000,14222,14223,14223,1
2020-12-07,15:03:05.727000,14222,14223,14223,2
2020-12-07,15:03:06.196000,14222,14223,14222,1
2020-12-07,15:03:06.345000,14222,14223,14223,1
2020-12-07,15:03:07.311000,14222,14223,14223,3
2020-12-07,15:03:07.666000,14222,14223,14223,1
2020-12-07,15:03:08.005000,14222,14223,14223,1
2020-12-07,15:03:08.611000,14222,14223,14223,2
2020-12-07,15:03:08.611000,14222,14223,14223,4
2020-12-07,15:03:09.370000,14222,14224,14224,3
2020-12-07,15:03:10.678000,14223,14224,14224,1
2020-12-07,15:03:10.679000,14223,14224,14224,6
2020-12-07,15:03:12.637000,14223,14224,14224,2
2020-12-07,15:03:12.638000,14223,14224,14224,2
2020-12-07,15:03:12.792000,14223,14225,14224,3
2020-12-07,15:03:14.993000,14223,14224,14224,1
2020-12-07,15:03:14.994000,14223,14224,14224,1
2020-12-07,15:03:15.505000,14223,14224,14224,2
2020-12-07,15:03:15.505000,14223,14224,14224,2
2020-12-07,15:03:15.543000,14223,14224,14224,1
2020-12-07,15:03:15.682000,14223,14224,14223,2
2020-12-07,15:03:17.905000,14223,14224,14223,1
2020-12-07,15:03:19.443000,14223,14224,14224,1
2020-12-07,15:03:20.688000,14223,14224,14223,1
2020-12-07,15:03:21.314000,14223,14224,14224,3
2020-12-07,15:03:23.470000,14223,14224,14223,1
2020-12-07,15:03:23.471000,14223,14224,14223,5
2020-12-07,15:03:23.797000,14222,14224,14222,1
2020-12-07,15:03:26.312000,14222,14223,14223,1
2020-12-07,15:03:28.323000,14222,14223,14223,2
2020-12-07,15:03:29.703000,14222,14223,14223,1
2020-12-07,15:03:32.433000,14222,14223,14223,1
2020-12-07,15:03:35.174000,14222,14223,14223,2
2020-12-07,15:03:35.978000,14223,14224,14223,1
2020-12-07,15:03:38.889000,14223,14224,14223,1
2020-12-07,15:03:40.913000,14223,14224,14223,1
2020-12-07,15:03:44.263000,14222,14224,14222,1
2020-12-07,15:03:48.951000,14222,14223,14222,1
2020-12-07,15:03:49.207000,14221,14222,14222,2
2020-12-07,15:03:50.873000,14221,14222,14222,1
2020-12-07,15:03:51.818000,14222,14224,14222,1
2020-12-07,15:03:55.356000,14222,14224,14224,8
2020-12-07,15:03:56.249000,14222,14224,14223,2
2020-12-07,15:04:03.275000,14222,14224,14223,1
2020-12-07,15:04:10.561000,14222,14223,14223,1
2020-12-07,15:04:11.007000,14223,14224,14223,1
2020-12-07,15:04:19.332000,14223,14224,14224,1
2020-12-07,15:04:19.455000,14223,14224,14224,1
2020-12-07,15:04:19.630000,14223,14224,14223,1
2020-12-07,15:04:25.724000,14223,14224,14223,3
2020-12-07,15:04:26.343000,14222,14223,14223,4
2020-12-07,15:04:26.343000,14222,14223,14224,1
2020-12-07,15:04:27.146000,14223,14224,14223,1
2020-12-07,15:04:28.450000,14223,14224,14223,1
2020-12-07,15:04:28.850000,14223,14224,14224,1
2020-12-07,15:04:32.092000,14223,14224,14224,1
2020-12-07,15:04:32.093000,14223,14224,14224,3
2020-12-07,15:04:33.936000,14224,14225,14225,1
2020-12-07,15:04:34.952000,14224,14225,14225,1
2020-12-07,15:04:35.769000,14224,14225,14225,1
2020-12-07,15:04:35.878000,14224,14225,14224,1
2020-12-07,15:04:36.809000,14223,14225,14225,1
2020-12-07,15:04:40.881000,14224,14225,14225,1
2020-12-07,15:04:41.225000,14224,14225,14225,5
2020-12-07,15:04:43.172000,14224,14225,14225,3
2020-12-07,15:04:47.951000,14224,14225,14225,1
2020-12-07,15:04:53.129000,14224,14225,14225,1
2020-12-07,15:04:58.032000,14224,14225,14225,1
2020-12-07,15:04:58.032000,14224,14225,14225,6
2020-12-07,15:05:05.588000,14225,14226,14225,1
2020-12-07,15:05:05.888000,14225,14226,14226,1
2020-12-07,15:05:05.909000,14225,14226,14226,1
2020-12-07,15:05:06.049000,14225,14226,14226,2
2020-12-07,15:05:06.049000,14225,14226,14226,7
2020-12-07,15:05:13.841000,14226,14227,14227,1
2020-12-07,15:05:13.842000,14226,14227,14227,8
2020-12-07,15:05:14.423000,14226,14228,14227,2
2020-12-07,15:05:16.934000,14227,14228,14228,1
2020-12-07,15:05:16.934000,14227,14228,14228,7
2020-12-07,15:05:18.123000,14227,14229,14227,1
2020-12-07,15:05:18.587000,14227,14229,14229,1
2020-12-07,15:05:21.492000,14228,14229,14229,1
2020-12-07,15:05:21.492000,14228,14229,14229,7
2020-12-07,15:05:23.797000,14228,14229,14229,1
2020-12-07,15:05:23.797000,14228,14229,14229,3
2020-12-07,15:05:23.797000,14228,14229,14229,3
2020-12-07,15:05:24.307000,14229,14230,14229,1
2020-12-07,15:05:24.559000,14228,14230,14229,2
2020-12-07,15:05:25.532000,14229,14230,14230,1
2020-12-07,15:05:25.532000,14229,14230,14230,1
2020-12-07,15:05:25.718000,14229,14230,14230,1
2020-12-07,15:05:26.796000,14229,14230,14230,3
2020-12-07,15:05:27.023000,14229,14230,14230,2
2020-12-07,15:05:27.023000,14229,14230,14230,2
2020-12-07,15:05:27.023000,14229,14230,14230,4
2020-12-07,15:05:27.024000,14229,14230,14230,4
2020-12-07,15:05:27.508000,14230,14231,14230,1
2020-12-07,15:05:27.918000,14229,14230,14230,1
2020-12-07,15:05:28.327000,14229,14230,14230,1
2020-12-07,15:05:29.003000,14229,14230,14230,5
2020-12-07,15:05:29.003000,14229,14230,14231,8
2020-12-07,15:05:32.942000,14230,14231,14231,1
2020-12-07,15:05:33.195000,14230,14231,14231,1
2020-12-07,15:05:33.201000,14230,14231,14231,1
2020-12-07,15:05:33.854000,14230,14232,14231,1
2020-12-07,15:05:38.278000,14230,14231,14231,1
2020-12-07,15:05:39.162000,14230,14231,14231,1
2020-12-07,15:05:39.257000,14230,14231,14231,1
2020-12-07,15:05:40.947000,14230,14231,14230,1
2020-12-07,15:05:43.799000,14230,14231,14231,2
2020-12-07,15:05:45.044000,14230,14231,14230,1
2020-12-07,15:05:47.648000,14230,14231,14230,1
2020-12-07,15:05:47.954000,14230,14231,14230,4
2020-12-07,15:05:47.954000,14230,14231,14230,4
2020-12-07,15:05:47.980000,14230,14231,14229,1
2020-12-07,15:05:48.648000,14229,14230,14229,1
2020-12-07,15:05:49.322000,14229,14230,14229,2
2020-12-07,15:05:49.322000,14229,14230,14229,1
2020-12-07,15:05:49.322000,14229,14230,14229,1
2020-12-07,15:05:49.532000,14228,14230,14230,1
2020-12-07,15:05:50.478000,14228,14229,14228,5
2020-12-07,15:05:51.027000,14227,14228,14228,1
2020-12-07,15:05:53.196000,14227,14229,14227,2
2020-12-07,15:05:56.726000,14227,14228,14227,1
2020-12-07,15:05:56.767000,14227,14228,14227,1
2020-12-07,15:06:00.027000,14227,14228,14228,1
2020-12-07,15:06:00.030000,14227,14228,14228,1
2020-12-07,15:06:00.062000,14227,14228,14228,1
2020-12-07,15:06:00.065000,14227,14228,14228,1
2020-12-07,15:06:00.068000,14227,14228,14228,1
2020-12-07,15:06:00.076000,14227,14228,14229,1
2020-12-07,15:06:00.080000,14227,14228,14229,1
2020-12-07,15:06:00.389000,14227,14229,14229,1
2020-12-07,15:06:00.681000,14227,14229,14227,1
2020-12-07,15:06:01.094000,14227,14229,14229,1
2020-12-07,15:06:01.181000,14227,14229,14229,1
2020-12-07,15:06:03.497000,14228,14229,14228,1
2020-12-07,15:06:04.498000,14227,14228,14228,2
2020-12-07,15:06:06.349000,14227,14229,14227,1
2020-12-07,15:06:10.334000,14227,14228,14227,1
2020-12-07,15:06:10.932000,14227,14228,14227,1
2020-12-07,15:06:14.208000,14227,14228,14228,1
2020-12-07,15:06:15.022000,14227,14228,14228,2
2020-12-07,15:06:18.047000,14227,14228,14228,1
2020-12-07,15:06:20.234000,14227,14228,14227,1
2020-12-07,15:06:20.306000,14227,14228,14228,1
2020-12-07,15:06:27.484000,14227,14228,14227,1
2020-12-07,15:06:32.021000,14227,14228,14227,1
2020-12-07,15:06:33.971000,14227,14228,14227,1
2020-12-07,15:06:35.755000,14227,14228,14227,2
2020-12-07,15:06:35.756000,14227,14228,14227,6
2020-12-07,15:06:42.698000,14227,14228,14227,1
2020-12-07,15:06:43.031000,14227,14228,14227,2
2020-12-07,15:06:43.056000,14227,14228,14228,1
2020-12-07,15:06:43.057000,14227,14228,14228,1
2020-12-07,15:06:43.058000,14227,14228,14228,1
2020-12-07,15:06:43.058000,14227,14228,14228,1
2020-12-07,15:06:43.058000,14227,14228,14228,1
2020-12-07,15:06:43.060000,14227,14228,14228,1
2020-12-07,15:06:43.060000,14227,14228,14228,1
2020-12-07,15:06:43.061000,14227,14228,14228,4
2020-12-07,15:06:45.380000,14228,14229,14229,1
2020-12-07,15:06:46.263000,14228,14229,14229,1
2020-12-07,15:06:48.355000,14228,14229,14229,1
2020-12-07,15:06:48.848000,14228,14229,14228,1
2020-12-07,15:06:51.106000,14227,14228,14227,4
2020-12-07,15:06:55.521000,14227,14228,14228,1
2020-12-07,15:06:55.521000,14227,14228,14229,3
2020-12-07,15:06:58.231000,14227,14229,14227,4
2020-12-07,15:06:58.231000,14227,14229,14226,1
2020-12-07,15:06:59.559000,14227,14228,14228,1
2020-12-07,15:07:01.176000,14227,14228,14227,1
2020-12-07,15:07:02.207000,14227,14228,14228,3
2020-12-07,15:07:04.565000,14227,14228,14228,1
2020-12-07,15:07:04.565000,14227,14228,14229,1
2020-12-07,15:07:05.279000,14227,14229,14228,1
2020-12-07,15:07:05.404000,14227,14229,14228,1
2020-12-07,15:07:08.885000,14227,14228,14227,1
2020-12-07,15:07:13.772000,14226,14228,14228,1
2020-12-07,15:07:14.779000,14226,14228,14226,6
2020-12-07,15:07:14.961000,14225,14227,14226,1
2020-12-07,15:07:17.255000,14225,14226,14226,1
2020-12-07,15:07:17.255000,14225,14226,14227,2
2020-12-07,15:07:23.310000,14225,14226,14225,8
2020-12-07,15:07:23.435000,14224,14225,14224,1
2020-12-07,15:07:23.626000,14223,14224,14224,1
2020-12-07,15:07:23.626000,14223,14224,14225,1
2020-12-07,15:07:29.041000,14223,14225,14223,2
2020-12-07,15:07:32.192000,14223,14225,14223,6
2020-12-07,15:07:35.381000,14222,14223,14223,1
2020-12-07,15:07:37.681000,14222,14223,14222,3
2020-12-07,15:07:38.543000,14222,14223,14222,2
2020-12-07,15:07:38.822000,14222,14223,14222,1
2020-12-07,15:07:43.118000,14222,14223,14222,3
2020-12-07,15:07:43.118000,14222,14223,14221,4
2020-12-07,15:07:43.168000,14222,14223,14222,2
2020-12-07,15:07:44.947000,14222,14223,14222,1
2020-12-07,15:07:45.160000,14222,14223,14222,1
2020-12-07,15:07:45.441000,14221,14222,14222,1
2020-12-07,15:07:47.007000,14221,14222,14221,1
2020-12-07,15:07:47.760000,14221,14222,14222,1
2020-12-07,15:07:48.980000,14221,14222,14221,1
2020-12-07,15:07:49.439000,14221,14222,14222,1
2020-12-07,15:07:50.371000,14222,14223,14222,1
2020-12-07,15:07:52.989000,14222,14223,14222,1
2020-12-07,15:07:55.790000,14222,14223,14222,1
2020-12-07,15:07:57.467000,14222,14223,14222,1
2020-12-07,15:07:58.007000,14222,14223,14223,5
2020-12-07,15:07:58.007000,14222,14223,14223,1
2020-12-07,15:07:58.546000,14223,14224,14223,1
2020-12-07,15:08:01.897000,14223,14224,14223,1
2020-12-07,15:08:02.373000,14223,14224,14224,1
2020-12-07,15:08:05.571000,14223,14224,14224,1
2020-12-07,15:08:17.267000,14223,14224,14223,1
2020-12-07,15:08:20.771000,14223,14224,14224,1
2020-12-07,15:08:22.787000,14223,14224,14224,7
2020-12-07,15:08:24.408000,14224,14225,14224,5
2020-12-07,15:08:24.408000,14224,14225,14224,1
2020-12-07,15:08:26.740000,14224,14225,14224,2
2020-12-07,15:08:29.784000,14224,14225,14224,1
2020-12-07,15:08:40.222000,14223,14224,14223,5
2020-12-07,15:08:42.686000,14223,14224,14223,1
2020-12-07,15:08:42.686000,14223,14224,14222,1
2020-12-07,15:08:43.673000,14222,14224,14223,1
2020-12-07,15:08:48.216000,14222,14223,14223,1
2020-12-07,15:08:48.457000,14222,14223,14222,1
2020-12-07,15:08:50.646000,14221,14222,14222,4
2020-12-07,15:08:51.009000,14221,14223,14223,1
2020-12-07,15:08:51.528000,14222,14223,14222,1
2020-12-07,15:08:53.290000,14222,14223,14222,5
2020-12-07,15:08:54.110000,14221,14222,14222,1
2020-12-07,15:08:57.538000,14221,14222,14222,2
2020-12-07,15:08:58.080000,14221,14222,14222,5
2020-12-07,15:09:01.272000,14222,14223,14222,1
2020-12-07,15:09:01.272000,14222,14223,14222,4
2020-12-07,15:09:01.425000,14221,14222,14221,1
2020-12-07,15:09:01.571000,14221,14222,14222,1
2020-12-07,15:09:01.580000,14221,14222,14221,1
2020-12-07,15:09:01.706000,14221,14222,14221,1
2020-12-07,15:09:01.985000,14221,14222,14221,1
2020-12-07,15:09:02.275000,14221,14222,14221,1
2020-12-07,15:09:02.280000,14221,14222,14222,3
2020-12-07,15:09:03.078000,14221,14222,14222,2
2020-12-07,15:09:10.614000,14221,14222,14222,1
2020-12-07,15:09:10.630000,14221,14222,14221,2
2020-12-07,15:09:10.630000,14221,14222,14220,18
2020-12-07,15:09:10.835000,14220,14221,14220,1
2020-12-07,15:09:11.488000,14220,14221,14220,1
2020-12-07,15:09:13.656000,14220,14221,14221,2
2020-12-07,15:09:17.367000,14220,14222,14221,1
2020-12-07,15:09:18.474000,14220,14222,14222,1
2020-12-07,15:09:25.692000,14221,14222,14222,1
2020-12-07,15:09:32.711000,14221,14222,14222,1
2020-12-07,15:09:36.981000,14221,14222,14222,1
2020-12-07,15:09:48.059000,14221,14222,14221,2
2020-12-07,15:09:56.511000,14221,14222,14221,1
2020-12-07,15:09:56.795000,14221,14222,14221,1
2020-12-07,15:09:57.977000,14221,14222,14221,1
2020-12-07,15:09:58.983000,14220,14221,14220,11
2020-12-07,15:09:59.384000,14219,14221,14221,1
2020-12-07,15:10:06.140000,14220,14221,14220,2
2020-12-07,15:10:06.440000,14219,14221,14221,2
2020-12-07,15:10:06.627000,14219,14221,14219,1
2020-12-07,15:10:06.742000,14219,14221,14221,1
2020-12-07,15:10:06.751000,14219,14221,14219,1
2020-12-07,15:10:06.807000,14219,14220,14219,7
2020-12-07,15:10:09.324000,14218,14220,14218,1
2020-12-07,15:10:09.635000,14218,14220,14218,1
2020-12-07,15:10:14.281000,14218,14219,14219,1
2020-12-07,15:10:14.281000,14218,14219,14220,1
2020-12-07,15:10:15.121000,14218,14219,14218,1
2020-12-07,15:10:16.046000,14218,14219,14219,1
2020-12-07,15:10:23.434000,14219,14220,14220,7
2020-12-07,15:10:23.545000,14219,14220,14219,1
2020-12-07,15:10:23.778000,14219,14220,14220,1
2020-12-07,15:10:26.070000,14219,14220,14220,5
2020-12-07,15:10:26.070000,14219,14220,14221,2
2020-12-07,15:10:29.707000,14220,14221,14221,1
2020-12-07,15:10:31.046000,14221,14222,14221,1
2020-12-07,15:10:32.751000,14221,14222,14221,5
2020-12-07,15:10:32.751000,14221,14222,14220,5
2020-12-07,15:10:33.062000,14220,14222,14220,1
2020-12-07,15:10:35.922000,14220,14221,14220,1
2020-12-07,15:10:35.949000,14219,14221,14220,2
2020-12-07,15:10:36.076000,14219,14221,14221,1
2020-12-07,15:10:38.584000,14220,14221,14220,1
2020-12-07,15:10:38.841000,14218,14220,14218,1
2020-12-07,15:10:38.843000,14218,14220,14218,1
2020-12-07,15:10:44.762000,14218,14220,14218,1
2020-12-07,15:10:50.638000,14219,14220,14219,2
2020-12-07,15:10:51.522000,14219,14220,14219,1
2020-12-07,15:11:02.365000,14219,14220,14220,6
2020-12-07,15:11:03.367000,14219,14220,14219,1
2020-12-07,15:11:09.569000,14219,14220,14220,3
2020-12-07,15:11:10.856000,14220,14221,14220,1
2020-12-07,15:11:12.746000,14220,14221,14220,1
2020-12-07,15:11:14.976000,14220,14221,14220,1
2020-12-07,15:11:16.298000,14220,14221,14220,2
2020-12-07,15:11:33.585000,14220,14221,14220,2
2020-12-07,15:11:34.442000,14220,14221,14221,1
2020-12-07,15:11:34.442000,14220,14221,14221,1
2020-12-07,15:11:36.941000,14221,14222,14221,1
2020-12-07,15:11:43.992000,14221,14222,14222,1
2020-12-07,15:11:43.992000,14221,14222,14222,1
2020-12-07,15:11:47.384000,14222,14223,14223,2
2020-12-07,15:11:53.217000,14223,14224,14223,1
2020-12-07,15:11:56.378000,14223,14224,14223,1
2020-12-07,15:11:57.133000,14222,14224,14224,2
2020-12-07,15:12:01.146000,14223,14224,14223,1
2020-12-07,15:12:01.184000,14223,14224,14224,1
2020-12-07,15:12:01.185000,14223,14224,14224,1
2020-12-07,15:12:01.194000,14223,14224,14224,3
2020-12-07,15:12:03.333000,14224,14225,14224,1
2020-12-07,15:12:03.431000,14223,14225,14225,1
2020-12-07,15:12:05.561000,14223,14224,14224,1
2020-12-07,15:12:06.717000,14223,14224,14224,1
2020-12-07,15:12:08.010000,14223,14224,14223,1
2020-12-07,15:12:08.057000,14223,14224,14224,1
2020-12-07,15:12:08.059000,14223,14224,14224,1
2020-12-07,15:12:08.301000,14223,14224,14224,1
2020-12-07,15:12:17.300000,14223,14224,14224,1
2020-12-07,15:12:17.464000,14223,14224,14224,2
2020-12-07,15:12:18.593000,14224,14225,14225,12
2020-12-07,15:12:18.681000,14224,14226,14226,2
2020-12-07,15:12:18.683000,14224,14226,14226,1
2020-12-07,15:12:27.710000,14224,14225,14225,1
2020-12-07,15:12:29.044000,14224,14225,14225,2
2020-12-07,15:12:29.056000,14224,14225,14225,1
2020-12-07,15:12:29.057000,14224,14225,14225,1
2020-12-07,15:12:29.057000,14224,14225,14225,1
2020-12-07,15:12:29.057000,14224,14225,14226,1
2020-12-07,15:12:29.057000,14224,14225,14226,1
2020-12-07,15:12:29.058000,14224,14225,14226,1
2020-12-07,15:12:29.058000,14224,14225,14226,1
2020-12-07,15:12:29.058000,14224,14225,14226,1
2020-12-07,15:12:29.059000,14224,14225,14226,1
2020-12-07,15:12:29.059000,14224,14225,14226,1
2020-12-07,15:12:29.060000,14224,14225,14226,1
2020-12-07,15:12:29.060000,14224,14225,14226,1
2020-12-07,15:12:29.061000,14224,14225,14226,1
2020-12-07,15:12:29.062000,14224,14225,14226,1
2020-12-07,15:12:29.063000,14224,14225,14226,1
2020-12-07,15:12:29.064000,14224,14225,14226,1
2020-12-07,15:12:29.065000,14224,14225,14226,1
2020-12-07,15:12:29.065000,14224,14225,14227,1
2020-12-07,15:12:37.311000,14224,14225,14225,2
2020-12-07,15:12:40.901000,14223,14225,14225,2
2020-12-07,15:12:42.552000,14223,14225,14225,4
2020-12-07,15:12:45.651000,14224,14225,14225,1
2020-12-07,15:12:52.459000,14224,14225,14224,1
2020-12-07,15:12:52.510000,14224,14225,14225,2
2020-12-07,15:12:52.774000,14224,14225,14225,1
2020-12-07,15:12:53.372000,14224,14225,14225,1
2020-12-07,15:12:53.431000,14224,14225,14225,1
2020-12-07,15:13:02.430000,14224,14225,14225,1
2020-12-07,15:13:10.855000,14224,14225,14224,1
2020-12-07,15:13:22.832000,14224,14225,14224,1
2020-12-07,15:13:47.264000,14224,14225,14225,1
2020-12-07,15:13:47.405000,14224,14225,14225,2
2020-12-07,15:13:49.074000,14225,14226,14226,1
2020-12-07,15:13:49.326000,14225,14226,14226,1
2020-12-07,15:13:53.225000,14226,14227,14227,2
2020-12-07,15:13:54.002000,14226,14227,14227,1
2020-12-07,15:13:54.449000,14226,14227,14227,1
2020-12-07,15:14:12.151000,14226,14227,14226,2
2020-12-07,15:14:20.005000,14226,14227,14226,1
2020-12-07,15:14:24.253000,14226,14227,14226,1
2020-12-07,15:14:29.499000,14226,14227,14226,1
2020-12-07,15:14:38.059000,14225,14226,14226,5
2020-12-07,15:14:46.030000,14225,14226,14226,2
2020-12-07,15:14:51.171000,14225,14226,14226,1
2020-12-07,15:14:53.909000,14225,14226,14226,1
2020-12-07,15:14:59.268000,14226,14227,14226,1
2020-12-07,15:15:02.263000,14226,14227,14227,1
2020-12-07,15:15:02.981000,14226,14227,14227,3
2020-12-07,15:15:03.761000,14226,14227,14227,2
2020-12-07,15:15:03.972000,14226,14227,14227,1
2020-12-07,15:15:12.460000,14226,14227,14227,1
2020-12-07,15:15:14.477000,14226,14227,14226,1
2020-12-07,15:15:20.941000,14226,14227,14227,1
2020-12-07,15:15:21.855000,14226,14227,14227,1
2020-12-07,15:15:27.163000,14226,14227,14226,1
2020-12-07,15:15:27.163000,14226,14227,14226,1
2020-12-07,15:15:27.163000,14226,14227,14226,1
2020-12-07,15:15:27.163000,14226,14227,14226,1
2020-12-07,15:15:27.163000,14226,14227,14226,1
2020-12-07,15:15:36.178000,14225,14226,14225,10
2020-12-07,15:15:46.112000,14224,14225,14224,1
2020-12-07,15:15:54.370000,14224,14225,14224,1
2020-12-07,15:15:56.305000,14224,14225,14224,1
2020-12-07,15:15:56.682000,14224,14225,14224,2
2020-12-07,15:15:56.820000,14224,14225,14225,1
2020-12-07,15:15:58.692000,14224,14225,14225,2
2020-12-07,15:16:03.052000,14224,14226,14225,1
2020-12-07,15:16:04.441000,14224,14226,14225,1
2020-12-07,15:16:19.423000,14224,14225,14224,2
2020-12-07,15:16:23.027000,14224,14225,14224,9
2020-12-07,15:16:24.131000,14223,14224,14223,2
2020-12-07,15:16:25.294000,14222,14223,14222,1
2020-12-07,15:16:28.286000,14222,14223,14222,4
2020-12-07,15:16:28.286000,14222,14223,14221,1
2020-12-07,15:16:28.531000,14221,14223,14221,1
2020-12-07,15:16:30.757000,14221,14222,14221,4
2020-12-07,15:16:30.759000,14221,14222,14221,1
2020-12-07,15:16:31.737000,14220,14222,14220,1
2020-12-07,15:16:33.180000,14220,14222,14220,1
2020-12-07,15:16:43.918000,14221,14222,14221,1
2020-12-07,15:16:47.882000,14221,14222,14221,2
2020-12-07,15:17:01.906000,14221,14222,14222,4
2020-12-07,15:17:01.907000,14221,14222,14222,5
2020-12-07,15:17:01.932000,14222,14223,14223,1
2020-12-07,15:17:02.193000,14222,14224,14222,2
2020-12-07,15:17:02.343000,14222,14223,14223,3
2020-12-07,15:17:10.471000,14222,14223,14223,1
2020-12-07,15:17:18.457000,14223,14224,14223,1
2020-12-07,15:17:18.485000,14223,14224,14224,10
2020-12-07,15:17:19.544000,14223,14224,14224,1
2020-12-07,15:17:19.545000,14223,14224,14224,2
2020-12-07,15:17:21.116000,14223,14224,14224,8
2020-12-07,15:17:23.278000,14224,14225,14224,2
2020-12-07,15:17:23.278000,14224,14225,14223,4
2020-12-07,15:17:23.497000,14224,14225,14225,1
2020-12-07,15:17:27.555000,14224,14225,14224,1
2020-12-07,15:17:29.008000,14224,14225,14225,5
2020-12-07,15:17:29.701000,14225,14226,14225,3
2020-12-07,15:17:31.775000,14224,14225,14225,3
2020-12-07,15:17:31.776000,14224,14225,14225,2
2020-12-07,15:17:34.315000,14225,14226,14225,2
2020-12-07,15:17:34.424000,14225,14226,14225,1
2020-12-07,15:17:34.727000,14225,14226,14225,1
2020-12-07,15:17:35.783000,14225,14226,14226,5
2020-12-07,15:17:37.663000,14225,14226,14226,5
2020-12-07,15:17:37.664000,14225,14226,14226,4
2020-12-07,15:17:37.664000,14225,14226,14226,1
2020-12-07,15:17:37.665000,14225,14226,14226,3
2020-12-07,15:17:38.056000,14226,14227,14226,2
2020-12-07,15:17:38.057000,14226,14227,14226,1
2020-12-07,15:17:38.057000,14226,14227,14226,1
2020-12-07,15:17:44.835000,14226,14227,14227,5
2020-12-07,15:17:47.187000,14226,14227,14227,5
2020-12-07,15:17:48.997000,14226,14227,14227,5
2020-12-07,15:17:48.997000,14226,14227,14228,1
2020-12-07,15:17:48.998000,14226,14227,14227,2
2020-12-07,15:17:50.357000,14226,14227,14227,3
2020-12-07,15:17:50.904000,14227,14228,14227,1
2020-12-07,15:17:51.832000,14227,14228,14227,1
2020-12-07,15:17:57.864000,14227,14228,14227,1
2020-12-07,15:17:59.039000,14227,14228,14228,5
2020-12-07,15:18:03.199000,14227,14228,14228,5
2020-12-07,15:18:03.199000,14227,14228,14228,2
2020-12-07,15:18:03.257000,14227,14228,14228,1
2020-12-07,15:18:03.976000,14228,14229,14228,2
2020-12-07,15:18:04.717000,14228,14229,14228,5
2020-12-07,15:18:05.111000,14227,14228,14228,1
2020-12-07,15:18:05.934000,14227,14228,14228,1
2020-12-07,15:18:07.725000,14227,14228,14228,5
2020-12-07,15:18:08.362000,14227,14228,14228,1
2020-12-07,15:18:14.762000,14228,14229,14228,4
2020-12-07,15:18:18.078000,14227,14228,14228,1
2020-12-07,15:18:18.791000,14227,14228,14228,5
2020-12-07,15:18:22.467000,14227,14228,14227,1
2020-12-07,15:18:24.871000,14227,14228,14228,4
2020-12-07,15:18:24.871000,14227,14228,14228,1
2020-12-07,15:18:25.417000,14227,14228,14227,1
2020-12-07,15:18:25.540000,14227,14228,14227,1
2020-12-07,15:18:26.120000,14227,14228,14228,4
2020-12-07,15:18:26.120000,14227,14228,14228,1
2020-12-07,15:18:27.237000,14227,14228,14228,5
2020-12-07,15:18:28.436000,14227,14228,14228,3
2020-12-07,15:18:28.437000,14227,14228,14228,2
2020-12-07,15:18:28.995000,14227,14228,14227,1
2020-12-07,15:18:29.870000,14227,14228,14228,5
2020-12-07,15:18:31.569000,14227,14229,14227,2
2020-12-07,15:18:37.961000,14228,14229,14228,1
2020-12-07,15:18:39.100000,14228,14229,14229,5
2020-12-07,15:18:41.681000,14228,14229,14228,1
2020-12-07,15:18:42.420000,14228,14229,14229,1
2020-12-07,15:18:48.675000,14228,14229,14229,1
2020-12-07,15:18:48.710000,14228,14229,14229,1
2020-12-07,15:18:51.581000,14228,14229,14229,5
2020-12-07,15:18:53.224000,14228,14229,14228,1
2020-12-07,15:18:53.531000,14228,14229,14229,1
2020-12-07,15:18:55.228000,14228,14229,14229,5
2020-12-07,15:18:56.213000,14228,14229,14229,1
2020-12-07,15:18:57.637000,14228,14229,14229,4
2020-12-07,15:18:58.305000,14228,14229,14228,1
2020-12-07,15:19:00.062000,14228,14229,14229,1
2020-12-07,15:19:02.459000,14228,14229,14229,1
2020-12-07,15:19:02.580000,14228,14229,14229,1
2020-12-07,15:19:03.996000,14228,14229,14228,3
2020-12-07,15:19:13.461000,14227,14228,14228,5
2020-12-07,15:19:15.570000,14227,14228,14228,2
2020-12-07,15:19:15.744000,14228,14229,14228,1
2020-12-07,15:19:17.756000,14228,14229,14228,1
2020-12-07,15:19:18.069000,14228,14229,14228,1
2020-12-07,15:19:18.524000,14228,14229,14229,1
2020-12-07,15:19:18.693000,14228,14229,14228,1
2020-12-07,15:19:19.002000,14228,14229,14228,1
2020-12-07,15:19:19.317000,14228,14229,14228,1
2020-12-07,15:19:19.430000,14228,14229,14229,2
2020-12-07,15:19:21.583000,14228,14229,14228,1
2020-12-07,15:19:23.923000,14227,14229,14227,1
2020-12-07,15:19:32.169000,14228,14229,14228,1
2020-12-07,15:19:32.592000,14228,14229,14228,2
2020-12-07,15:19:43.018000,14227,14228,14227,5
2020-12-07,15:19:49.880000,14227,14228,14228,1
2020-12-07,15:19:55.742000,14227,14228,14227,5
2020-12-07,15:19:55.743000,14227,14228,14227,1
2020-12-07,15:20:06.196000,14226,14227,14226,5
2020-12-07,15:20:15.698000,14225,14227,14225,1
2020-12-07,15:20:27.096000,14225,14226,14225,4
2020-12-07,15:20:27.096000,14225,14226,14225,1
2020-12-07,15:20:27.096000,14225,14226,14225,5
2020-12-07,15:20:27.126000,14225,14226,14224,1
2020-12-07,15:20:30.571000,14224,14225,14224,1
2020-12-07,15:20:31.077000,14224,14225,14224,1
2020-12-07,15:20:44.268000,14223,14224,14223,5
2020-12-07,15:20:45.887000,14223,14224,14223,2
2020-12-07,15:20:45.887000,14223,14224,14222,4
2020-12-07,15:20:47.713000,14222,14223,14223,2
2020-12-07,15:20:47.713000,14222,14223,14223,1
2020-12-07,15:21:02.256000,14223,14224,14224,1
2020-12-07,15:21:07.326000,14223,14224,14224,6
2020-12-07,15:21:11.490000,14223,14225,14223,4
2020-12-07,15:21:14.759000,14224,14225,14224,2
2020-12-07,15:21:14.759000,14224,14225,14223,6
2020-12-07,15:21:14.760000,14224,14225,14223,2
2020-12-07,15:21:25.071000,14223,14224,14224,1
2020-12-07,15:21:28.033000,14223,14224,14223,2
2020-12-07,15:21:29.185000,14223,14224,14224,1
2020-12-07,15:21:33.547000,14223,14224,14224,1
2020-12-07,15:21:38.577000,14224,14225,14224,1
2020-12-07,15:21:43.862000,14224,14225,14224,2
2020-12-07,15:21:44.880000,14224,14225,14225,10
2020-12-07,15:21:44.993000,14224,14226,14226,1
2020-12-07,15:21:53.786000,14225,14226,14225,1
2020-12-07,15:21:53.842000,14225,14226,14226,1
2020-12-07,15:21:57.824000,14225,14226,14226,1
2020-12-07,15:22:03.746000,14226,14227,14227,6
2020-12-07,15:22:04.704000,14226,14227,14227,4
2020-12-07,15:22:07.754000,14227,14228,14227,6
2020-12-07,15:22:07.754000,14227,14228,14227,1
2020-12-07,15:22:09.025000,14226,14228,14226,3
2020-12-07,15:22:13.554000,14226,14227,14226,4
2020-12-07,15:22:13.555000,14226,14227,14226,1
2020-12-07,15:22:14.262000,14225,14227,14227,1
2020-12-07,15:22:15.172000,14225,14227,14227,10
2020-12-07,15:22:24.242000,14226,14227,14227,1
2020-12-07,15:22:31.133000,14226,14227,14227,1
2020-12-07,15:22:31.474000,14226,14227,14227,2
2020-12-07,15:22:37.140000,14226,14228,14228,2
2020-12-07,15:22:38.678000,14227,14228,14228,1
2020-12-07,15:22:38.680000,14227,14228,14228,1
2020-12-07,15:22:38.682000,14227,14228,14228,1
2020-12-07,15:22:38.713000,14227,14228,14228,1
2020-12-07,15:22:41.240000,14227,14228,14228,1
2020-12-07,15:22:42.118000,14227,14228,14228,1
2020-12-07,15:22:42.891000,14227,14228,14228,1
2020-12-07,15:22:48.282000,14227,14228,14228,1
2020-12-07,15:22:57.871000,14227,14228,14227,1
2020-12-07,15:22:58.702000,14227,14228,14227,1
2020-12-07,15:22:58.702000,14227,14228,14227,1
2020-12-07,15:23:02.330000,14226,14227,14227,3
2020-12-07,15:23:08.443000,14226,14227,14226,4
2020-12-07,15:23:10.046000,14225,14226,14225,2
2020-12-07,15:23:12.453000,14225,14226,14226,1
2020-12-07,15:23:13.446000,14225,14226,14225,1
2020-12-07,15:23:18.895000,14225,14227,14227,1
2020-12-07,15:23:20.200000,14225,14226,14226,1
2020-12-07,15:23:22.461000,14225,14226,14225,2
2020-12-07,15:23:28.984000,14224,14225,14224,1
2020-12-07,15:23:37.303000,14224,14225,14224,5
2020-12-07,15:23:40.845000,14223,14224,14223,2
2020-12-07,15:23:45.319000,14224,14225,14224,1
2020-12-07,15:23:46.174000,14224,14225,14224,5
2020-12-07,15:23:50.904000,14223,14224,14224,5
2020-12-07,15:23:52.162000,14224,14225,14224,6
2020-12-07,15:24:02.243000,14224,14225,14225,2
2020-12-07,15:24:02.801000,14224,14225,14225,1
2020-12-07,15:24:02.801000,14224,14225,14225,1
2020-12-07,15:24:02.802000,14224,14225,14225,6
2020-12-07,15:24:05.343000,14224,14226,14224,1
2020-12-07,15:24:10.047000,14225,14226,14225,3
2020-12-07,15:24:10.050000,14225,14226,14225,2
2020-12-07,15:24:11.238000,14224,14226,14224,1
2020-12-07,15:24:22.959000,14225,14226,14225,1
2020-12-07,15:24:22.960000,14225,14226,14225,4
2020-12-07,15:24:26.850000,14224,14225,14225,1
2020-12-07,15:24:26.911000,14224,14225,14226,1
2020-12-07,15:24:27.018000,14224,14226,14226,1
2020-12-07,15:24:37.723000,14225,14227,14227,1
2020-12-07,15:24:38.411000,14226,14227,14227,1
2020-12-07,15:24:41.400000,14226,14227,14226,5
2020-12-07,15:24:52.985000,14225,14226,14225,1
2020-12-07,15:24:53.456000,14224,14226,14226,1
2020-12-07,15:24:59.470000,14224,14226,14224,2
2020-12-07,15:25:01.382000,14224,14225,14225,1
2020-12-07,15:25:01.845000,14224,14225,14225,1
2020-12-07,15:25:01.858000,14224,14225,14226,1
2020-12-07,15:25:02.080000,14224,14226,14226,1
2020-12-07,15:25:16.177000,14225,14226,14226,2
2020-12-07,15:25:16.365000,14225,14226,14225,5
2020-12-07,15:25:16.366000,14225,14226,14225,1
2020-12-07,15:25:16.431000,14224,14225,14225,1
2020-12-07,15:25:16.440000,14224,14225,14225,1
2020-12-07,15:25:32.308000,14224,14225,14225,2
2020-12-07,15:25:32.308000,14224,14225,14226,1
2020-12-07,15:25:32.310000,14224,14225,14226,1
2020-12-07,15:25:32.311000,14224,14225,14226,1
2020-12-07,15:25:32.312000,14224,14225,14226,1
2020-12-07,15:25:39.922000,14225,14226,14226,1
2020-12-07,15:25:47.664000,14225,14226,14226,2
2020-12-07,15:25:52.929000,14225,14226,14225,1
2020-12-07,15:26:02.331000,14224,14225,14225,3
2020-12-07,15:26:02.331000,14224,14225,14225,1
2020-12-07,15:26:02.331000,14224,14225,14225,1
2020-12-07,15:26:02.331000,14224,14225,14225,1
2020-12-07,15:26:02.331000,14224,14225,14225,1
2020-12-07,15:26:02.332000,14224,14225,14225,1
2020-12-07,15:26:02.872000,14225,14226,14225,3
2020-12-07,15:26:11.114000,14225,14226,14225,1
2020-12-07,15:26:27.346000,14224,14225,14224,3
2020-12-07,15:26:48.326000,14224,14225,14224,1
2020-12-07,15:26:54.363000,14224,14225,14224,2
2020-12-07,15:26:54.426000,14224,14225,14224,4
2020-12-07,15:27:00.884000,14224,14225,14225,10
2020-12-07,15:27:00.885000,14224,14225,14225,1
2020-12-07,15:27:04.733000,14225,14226,14225,2
2020-12-07,15:27:20.982000,14223,14224,14224,2
2020-12-07,15:27:20.982000,14223,14224,14225,2
2020-12-07,15:27:39.555000,14224,14225,14224,1
2020-12-07,15:27:40.298000,14223,14224,14224,1
2020-12-07,15:27:44.904000,14224,14225,14224,1
2020-12-07,15:27:49.407000,14223,14224,14224,1
2020-12-07,15:28:07.220000,14223,14224,14223,1
2020-12-07,15:28:07.220000,14223,14224,14223,2
2020-12-07,15:28:07.220000,14223,14224,14223,4
2020-12-07,15:28:07.220000,14223,14224,14223,2
2020-12-07,15:28:07.221000,14223,14224,14223,1
2020-12-07,15:28:07.221000,14223,14224,14223,3
2020-12-07,15:28:10.286000,14222,14223,14223,2
2020-12-07,15:28:10.389000,14222,14223,14223,1
2020-12-07,15:28:17.254000,14222,14223,14222,1
2020-12-07,15:28:27.515000,14222,14223,14222,2
2020-12-07,15:28:29.651000,14222,14223,14222,6
2020-12-07,15:28:38.481000,14222,14223,14222,2
2020-12-07,15:28:38.993000,14222,14223,14222,1
2020-12-07,15:28:40.786000,14222,14223,14223,1
2020-12-07,15:28:48.228000,14222,14223,14222,1
2020-12-07,15:28:48.717000,14222,14223,14223,1
2020-12-07,15:28:54.937000,14222,14223,14222,1
2020-12-07,15:28:57.213000,14222,14223,14222,1
2020-12-07,15:28:57.602000,14222,14223,14222,1
2020-12-07,15:28:58.182000,14222,14223,14222,1
2020-12-07,15:28:58.988000,14222,14223,14222,1
2020-12-07,15:29:02.362000,14222,14223,14222,2
2020-12-07,15:29:07.444000,14221,14222,14222,2
2020-12-07,15:29:07.560000,14222,14223,14222,2
2020-12-07,15:29:07.683000,14222,14223,14222,3
2020-12-07,15:29:07.683000,14222,14223,14221,1
2020-12-07,15:29:07.737000,14222,14223,14223,1
2020-12-07,15:29:07.915000,14222,14223,14223,1
2020-12-07,15:29:08.043000,14222,14224,14222,1
2020-12-07,15:29:09.127000,14222,14224,14222,1
2020-12-07,15:29:36.831000,14222,14223,14222,1
2020-12-07,15:29:42.171000,14222,14223,14223,1
2020-12-07,15:30:03.318000,14222,14223,14222,8
2020-12-07,15:30:03.942000,14221,14222,14222,1
2020-12-07,15:30:04.061000,14221,14223,14223,1
2020-12-07,15:30:07.171000,14221,14223,14223,2
2020-12-07,15:30:07.174000,14221,14223,14223,2
2020-12-07,15:30:07.214000,14222,14223,14223,4
2020-12-07,15:30:07.298000,14222,14223,14223,2
2020-12-07,15:30:07.574000,14222,14223,14223,1
2020-12-07,15:30:10.992000,14222,14223,14222,4
2020-12-07,15:30:12.043000,14221,14222,14221,10
2020-12-07,15:30:12.043000,14221,14222,14221,2
2020-12-07,15:30:12.044000,14221,14222,14220,3
2020-12-07,15:30:12.099000,14220,14222,14220,1
2020-12-07,15:30:12.197000,14220,14222,14220,1
2020-12-07,15:30:12.537000,14220,14221,14220,1
2020-12-07,15:30:13.332000,14220,14221,14220,9
2020-12-07,15:30:13.333000,14220,14221,14220,4
2020-12-07,15:30:13.333000,14220,14221,14220,1
2020-12-07,15:30:13.333000,14220,14221,14220,1
2020-12-07,15:30:13.333000,14220,14221,14220,1
2020-12-07,15:30:13.333000,14220,14221,14220,1
2020-12-07,15:30:13.333000,14220,14221,14220,6
2020-12-07,15:30:13.420000,14220,14221,14220,2
2020-12-07,15:30:13.421000,14220,14221,14220,13
2020-12-07,15:30:13.421000,14220,14221,14220,1
2020-12-07,15:30:13.421000,14220,14221,14220,1
2020-12-07,15:30:13.421000,14220,14221,14220,1
2020-12-07,15:30:13.421000,14220,14221,14220,1
2020-12-07,15:30:13.421000,14220,14221,14220,3
2020-12-07,15:30:13.465000,14220,14221,14221,2
2020-12-07,15:30:13.465000,14220,14221,14221,1
2020-12-07,15:30:13.598000,14221,14222,14222,2
2020-12-07,15:30:13.599000,14221,14222,14222,2
2020-12-07,15:30:14.474000,14222,14223,14222,1
2020-12-07,15:30:14.705000,14222,14223,14222,1
2020-12-07,15:30:20.012000,14221,14222,14222,1
2020-12-07,15:30:21.555000,14221,14222,14221,1
2020-12-07,15:30:33.574000,14219,14221,14219,2
2020-12-07,15:30:46.005000,14219,14220,14220,1
2020-12-07,15:30:46.255000,14219,14220,14219,5
2020-12-07,15:30:53.570000,14219,14220,14219,1
2020-12-07,15:30:56.376000,14219,14220,14219,2
2020-12-07,15:30:58.340000,14219,14220,14219,1
2020-12-07,15:30:59.574000,14219,14220,14219,2
2020-12-07,15:31:02.681000,14219,14220,14219,1
2020-12-07,15:31:05.806000,14219,14220,14219,1
2020-12-07,15:31:06.860000,14219,14220,14219,3
2020-12-07,15:31:08.667000,14218,14219,14219,1
2020-12-07,15:31:09.617000,14218,14219,14218,1
2020-12-07,15:31:09.912000,14218,14219,14218,10
2020-12-07,15:31:09.912000,14218,14219,14218,1
2020-12-07,15:31:09.913000,14218,14219,14218,5
2020-12-07,15:31:11.671000,14217,14218,14218,8
2020-12-07,15:31:11.733000,14217,14218,14218,4
2020-12-07,15:31:12.114000,14217,14218,14218,1
2020-12-07,15:31:13.085000,14218,14219,14218,1
2020-12-07,15:31:14.617000,14218,14219,14218,1
2020-12-07,15:31:14.664000,14218,14219,14218,1
2020-12-07,15:31:15.729000,14218,14219,14219,1
2020-12-07,15:31:20.081000,14218,14219,14219,1
2020-12-07,15:31:20.617000,14218,14219,14218,1
2020-12-07,15:31:23.862000,14218,14219,14219,1
2020-12-07,15:31:26.381000,14218,14219,14218,1
2020-12-07,15:31:26.986000,14218,14219,14219,1
2020-12-07,15:31:28.562000,14218,14219,14218,1
2020-12-07,15:31:32.532000,14218,14219,14219,4
2020-12-07,15:31:32.532000,14218,14219,14219,3
2020-12-07,15:31:32.763000,14218,14220,14219,1
2020-12-07,15:31:32.763000,14218,14220,14219,1
2020-12-07,15:31:36.195000,14218,14220,14220,3
2020-12-07,15:31:38.816000,14220,14221,14220,1
2020-12-07,15:31:42.462000,14220,14221,14221,3
2020-12-07,15:31:42.462000,14220,14221,14221,2
2020-12-07,15:31:43.497000,14220,14222,14220,1
2020-12-07,15:31:45.777000,14220,14222,14222,2
2020-12-07,15:31:53.686000,14220,14221,14221,1
2020-12-07,15:31:55.507000,14220,14221,14221,1
2020-12-07,15:31:55.508000,14220,14221,14221,1
2020-12-07,15:32:08.503000,14221,14222,14222,1
2020-12-07,15:32:12.039000,14222,14223,14223,1
2020-12-07,15:32:16.654000,14222,14223,14222,8
2020-12-07,15:32:20.347000,14221,14222,14222,1
2020-12-07,15:32:24.293000,14221,14222,14221,1
2020-12-07,15:32:25.826000,14221,14222,14221,1
2020-12-07,15:32:29.534000,14221,14222,14221,1
2020-12-07,15:32:37.196000,14221,14222,14222,2
2020-12-07,15:32:38.127000,14221,14222,14221,1
2020-12-07,15:32:38.127000,14221,14222,14221,1
2020-12-07,15:32:38.187000,14221,14222,14221,1
2020-12-07,15:32:38.188000,14221,14222,14221,1
2020-12-07,15:32:38.248000,14221,14222,14221,1
2020-12-07,15:32:39.026000,14221,14222,14221,1
2020-12-07,15:32:39.027000,14221,14222,14221,3
2020-12-07,15:32:44.065000,14221,14222,14221,1
2020-12-07,15:32:46.080000,14220,14222,14220,6
2020-12-07,15:32:59.698000,14220,14221,14220,3
2020-12-07,15:33:06.487000,14220,14221,14220,1
2020-12-07,15:33:06.487000,14220,14221,14220,1
2020-12-07,15:33:06.753000,14219,14221,14219,1
2020-12-07,15:33:11.293000,14220,14221,14220,1
2020-12-07,15:33:11.293000,14220,14221,14220,2
2020-12-07,15:33:13.554000,14219,14220,14219,1
2020-12-07,15:33:16.473000,14219,14220,14220,3
2020-12-07,15:33:18.580000,14219,14220,14220,1
2020-12-07,15:33:21.264000,14219,14220,14219,4
2020-12-07,15:33:21.265000,14219,14220,14219,1
2020-12-07,15:33:26.586000,14218,14219,14218,1
2020-12-07,15:33:29.608000,14218,14219,14218,5
2020-12-07,15:33:35.174000,14217,14218,14218,1
2020-12-07,15:33:45.345000,14217,14218,14218,3
2020-12-07,15:33:47.849000,14217,14218,14217,2
2020-12-07,15:33:48.488000,14217,14218,14217,2
2020-12-07,15:33:49.222000,14217,14218,14218,1
2020-12-07,15:33:53.570000,14217,14218,14218,1
2020-12-07,15:33:56.675000,14217,14218,14218,1
2020-12-07,15:33:56.848000,14217,14218,14218,2
2020-12-07,15:34:04.537000,14218,14220,14218,1
2020-12-07,15:34:05.194000,14218,14220,14218,1
2020-12-07,15:34:07.293000,14218,14220,14218,1
2020-12-07,15:34:12.367000,14218,14220,14219,1
2020-12-07,15:34:12.412000,14218,14220,14219,2
2020-12-07,15:34:12.412000,14218,14220,14218,11
2020-12-07,15:34:12.413000,14218,14220,14219,1
2020-12-07,15:34:17.906000,14218,14220,14218,1
2020-12-07,15:34:18.574000,14218,14220,14218,1
2020-12-07,15:34:19.191000,14218,14220,14218,1
2020-12-07,15:34:19.798000,14218,14220,14218,1
2020-12-07,15:34:21.747000,14218,14220,14218,1
2020-12-07,15:34:21.969000,14218,14220,14218,1
2020-12-07,15:34:22.176000,14218,14219,14218,1
2020-12-07,15:34:22.346000,14218,14219,14218,1
2020-12-07,15:34:22.896000,14218,14219,14218,1
2020-12-07,15:34:28.867000,14219,14220,14219,1
2020-12-07,15:34:29.058000,14218,14220,14218,1
2020-12-07,15:34:29.235000,14218,14220,14218,1
2020-12-07,15:34:29.652000,14218,14220,14218,1
2020-12-07,15:34:29.807000,14218,14220,14218,1
2020-12-07,15:34:29.970000,14218,14220,14218,1
2020-12-07,15:34:30.630000,14218,14220,14218,1
2020-12-07,15:34:31.924000,14218,14220,14218,1
2020-12-07,15:34:32.080000,14218,14220,14218,1
2020-12-07,15:34:32.256000,14218,14220,14218,1
2020-12-07,15:34:32.830000,14218,14220,14218,1
2020-12-07,15:34:33.554000,14218,14220,14218,1
2020-12-07,15:34:34.539000,14218,14219,14218,1
2020-12-07,15:34:41.710000,14218,14219,14218,1
2020-12-07,15:34:41.710000,14218,14219,14218,1
2020-12-07,15:34:44.351000,14217,14218,14218,1
2020-12-07,15:34:47.286000,14217,14218,14217,3
2020-12-07,15:34:49.459000,14216,14217,14217,2
2020-12-07,15:34:56.174000,14216,14217,14217,1
2020-12-07,15:35:10.820000,14217,14218,14217,1
2020-12-07,15:35:12.529000,14217,14218,14217,1
2020-12-07,15:35:16.443000,14217,14218,14217,10
2020-12-07,15:35:16.464000,14217,14218,14216,1
2020-12-07,15:35:16.525000,14217,14218,14216,1
2020-12-07,15:35:16.556000,14216,14217,14216,1
2020-12-07,15:35:16.556000,14216,14217,14216,4
2020-12-07,15:35:16.557000,14216,14217,14216,1
2020-12-07,15:35:16.557000,14216,14217,14216,13
2020-12-07,15:35:16.597000,14216,14217,14215,1
2020-12-07,15:35:20.241000,14215,14216,14215,1
2020-12-07,15:35:23.798000,14215,14216,14215,17
2020-12-07,15:35:24.539000,14214,14215,14214,1
2020-12-07,15:35:24.617000,14214,14215,14215,1
2020-12-07,15:35:24.756000,14214,14215,14214,1
2020-12-07,15:35:25.801000,14214,14215,14214,2
2020-12-07,15:35:28.931000,14214,14215,14214,18
2020-12-07,15:35:28.931000,14214,14215,14214,4
2020-12-07,15:35:28.931000,14214,14215,14214,6
2020-12-07,15:35:28.931000,14214,14215,14214,1
2020-12-07,15:35:28.931000,14214,14215,14214,6
2020-12-07,15:35:28.931000,14214,14215,14214,1
2020-12-07,15:35:28.931000,14214,14215,14214,7
2020-12-07,15:35:28.931000,14214,14215,14214,22
2020-12-07,15:35:28.931000,14214,14215,14214,6
2020-12-07,15:35:28.931000,14214,14215,14214,1
2020-12-07,15:35:28.932000,14214,14215,14214,1
2020-12-07,15:35:28.932000,14214,14215,14214,6
2020-12-07,15:35:28.932000,14214,14215,14214,1
2020-12-07,15:35:28.932000,14214,14215,14214,12
2020-12-07,15:35:28.932000,14214,14215,14214,1
2020-12-07,15:35:28.932000,14214,14215,14214,10
2020-12-07,15:35:29.186000,14213,14214,14213,3
2020-12-07,15:35:29.335000,14213,14214,14213,1
2020-12-07,15:35:29.340000,14213,14214,14213,2
2020-12-07,15:35:29.344000,14213,14214,14213,1
2020-12-07,15:35:29.345000,14213,14214,14212,5
2020-12-07,15:35:29.470000,14212,14214,14212,2
2020-12-07,15:35:29.503000,14212,14214,14212,1
2020-12-07,15:35:29.516000,14212,14214,14212,2
2020-12-07,15:35:30.527000,14212,14213,14212,1
2020-12-07,15:35:30.539000,14212,14213,14213,1
2020-12-07,15:35:31.444000,14212,14213,14212,1
2020-12-07,15:35:32.463000,14212,14213,14212,1
2020-12-07,15:35:33.492000,14212,14213,14212,1
2020-12-07,15:35:34.066000,14211,14213,14213,3
2020-12-07,15:35:34.205000,14212,14213,14213,1
2020-12-07,15:35:34.218000,14212,14213,14212,1
2020-12-07,15:35:38.568000,14212,14214,14214,1
2020-12-07,15:35:41.258000,14213,14214,14213,5
2020-12-07,15:35:42.624000,14213,14214,14214,9
2020-12-07,15:35:44.966000,14214,14215,14214,1
2020-12-07,15:35:48.545000,14214,14215,14214,5
2020-12-07,15:35:52.696000,14214,14215,14215,1
2020-12-07,15:35:52.696000,14214,14215,14215,9
2020-12-07,15:35:52.696000,14214,14215,14215,4
2020-12-07,15:35:52.722000,14214,14215,14216,1
2020-12-07,15:35:53.251000,14215,14216,14215,1
2020-12-07,15:35:53.262000,14215,14216,14215,1
2020-12-07,15:35:53.285000,14215,14216,14215,4
2020-12-07,15:35:53.286000,14215,14216,14216,1
2020-12-07,15:35:54.509000,14215,14216,14215,1
2020-12-07,15:36:00.064000,14215,14216,14215,1
2020-12-07,15:36:00.064000,14215,14216,14215,2
2020-12-07,15:36:02.366000,14214,14215,14214,2
2020-12-07,15:36:02.366000,14214,14215,14213,3
2020-12-07,15:36:02.590000,14214,14215,14215,1
2020-12-07,15:36:02.703000,14214,14215,14215,1
2020-12-07,15:36:02.988000,14214,14215,14215,3
2020-12-07,15:36:03.020000,14214,14215,14214,2
2020-12-07,15:36:03.020000,14214,14215,14213,1
2020-12-07,15:36:03.068000,14213,14215,14215,1
2020-12-07,15:36:04.074000,14214,14215,14215,1
2020-12-07,15:36:05.934000,14215,14216,14216,1
2020-12-07,15:36:06.356000,14215,14216,14215,1
2020-12-07,15:36:08.114000,14214,14215,14214,3
2020-12-07,15:36:09.496000,14214,14215,14214,3
2020-12-07,15:36:09.496000,14214,14215,14213,2
2020-12-07,15:36:13.708000,14213,14215,14213,2
2020-12-07,15:36:14.495000,14213,14215,14213,3
2020-12-07,15:36:15.506000,14213,14214,14214,1
2020-12-07,15:36:18.580000,14213,14214,14213,1
2020-12-07,15:36:20.303000,14213,14214,14213,2
2020-12-07,15:36:20.942000,14213,14214,14213,1
2020-12-07,15:36:23.316000,14213,14214,14213,1
2020-12-07,15:36:27.119000,14212,14214,14212,2
2020-12-07,15:36:27.436000,14212,14214,14212,1
2020-12-07,15:36:30.733000,14212,14214,14212,1
2020-12-07,15:36:34.477000,14212,14214,14212,4
2020-12-07,15:36:37.397000,14212,14214,14212,6
2020-12-07,15:36:37.398000,14212,14214,14212,19
2020-12-07,15:36:37.399000,14212,14214,14212,1
2020-12-07,15:36:40.230000,14212,14214,14212,1
2020-12-07,15:36:46.185000,14212,14214,14212,5
2020-12-07,15:36:47.025000,14212,14214,14212,3
2020-12-07,15:36:50.908000,14212,14214,14212,1
2020-12-07,15:36:54.716000,14212,14213,14212,1
2020-12-07,15:36:58.202000,14211,14213,14212,1
2020-12-07,15:36:59.297000,14211,14213,14213,1
2020-12-07,15:37:00.777000,14212,14213,14212,1
2020-12-07,15:37:03.191000,14212,14213,14213,2
2020-12-07,15:37:03.631000,14212,14214,14214,4
2020-12-07,15:37:04.036000,14212,14214,14212,2
2020-12-07,15:37:07.242000,14213,14214,14213,2
2020-12-07,15:37:07.513000,14212,14214,14212,1
2020-12-07,15:37:08.324000,14213,14214,14214,2
2020-12-07,15:37:08.342000,14213,14214,14214,2
2020-12-07,15:37:14.989000,14213,14214,14214,1
2020-12-07,15:37:18.147000,14214,14215,14215,2
2020-12-07,15:37:19.383000,14214,14215,14214,1
2020-12-07,15:37:19.388000,14214,14215,14214,1
2020-12-07,15:37:21.318000,14214,14215,14215,2
2020-12-07,15:37:24.575000,14214,14215,14214,1
2020-12-07,15:37:25.392000,14214,14215,14215,1
2020-12-07,15:37:41.071000,14214,14215,14214,4
2020-12-07,15:37:45.119000,14213,14214,14214,1
2020-12-07,15:37:46.930000,14213,14214,14214,1
2020-12-07,15:37:47.677000,14213,14214,14214,1
2020-12-07,15:37:51.235000,14213,14214,14214,1
2020-12-07,15:37:59.297000,14214,14215,14214,1
2020-12-07,15:38:14.465000,14214,14215,14215,15
2020-12-07,15:38:14.465000,14214,14215,14215,1
2020-12-07,15:38:14.466000,14214,14215,14215,1
2020-12-07,15:38:15.548000,14214,14216,14214,1
2020-12-07,15:38:17.993000,14214,14215,14215,1
2020-12-07,15:38:19.947000,14214,14215,14214,1
2020-12-07,15:38:19.948000,14214,14215,14214,2
2020-12-07,15:38:19.948000,14214,14215,14214,1
2020-12-07,15:38:21.116000,14213,14214,14213,2
2020-12-07,15:38:21.116000,14213,14214,14213,1
2020-12-07,15:38:21.117000,14213,14214,14213,1
2020-12-07,15:38:30.306000,14213,14215,14213,10
2020-12-07,15:38:35.911000,14213,14214,14214,7
2020-12-07,15:38:36.601000,14214,14215,14214,1
2020-12-07,15:38:42.043000,14215,14216,14215,1
2020-12-07,15:38:42.479000,14215,14216,14215,1
2020-12-07,15:38:43.628000,14215,14216,14215,1
2020-12-07,15:38:44.072000,14215,14216,14215,1
2020-12-07,15:38:53.297000,14215,14216,14216,2
2020-12-07,15:38:53.336000,14215,14216,14215,1
2020-12-07,15:38:53.400000,14215,14216,14216,1
2020-12-07,15:38:57.483000,14215,14216,14215,1
2020-12-07,15:39:11.720000,14214,14215,14214,1
2020-12-07,15:39:18.405000,14214,14215,14214,2
2020-12-07,15:39:18.408000,14214,14215,14214,1
2020-12-07,15:39:18.408000,14214,14215,14214,3
2020-12-07,15:39:32.650000,14214,14215,14215,1
2020-12-07,15:39:35.486000,14214,14216,14214,2
2020-12-07,15:40:02.443000,14214,14215,14215,1
2020-12-07,15:40:06.295000,14214,14215,14214,1
2020-12-07,15:40:19.753000,14214,14215,14214,2
2020-12-07,15:40:21.549000,14214,14215,14214,1
2020-12-07,15:40:25.432000,14214,14215,14214,3
2020-12-07,15:40:33.061000,14213,14214,14213,1
2020-12-07,15:40:37.741000,14213,14214,14213,1
2020-12-07,15:40:37.742000,14213,14214,14213,4
2020-12-07,15:40:49.140000,14212,14213,14213,1
2020-12-07,15:40:49.140000,14212,14213,14213,1
2020-12-07,15:40:49.140000,14212,14213,14213,1
2020-12-07,15:41:02.979000,14212,14213,14212,2
2020-12-07,15:41:07.427000,14212,14213,14212,1
2020-12-07,15:41:07.861000,14212,14213,14212,1
2020-12-07,15:41:08.242000,14212,14213,14212,1
2020-12-07,15:41:11.349000,14212,14213,14212,2
2020-12-07,15:41:22.876000,14212,14213,14212,1
2020-12-07,15:41:23.904000,14212,14213,14213,1
2020-12-07,15:41:24.761000,14212,14213,14212,1
2020-12-07,15:41:26.394000,14212,14213,14212,5
2020-12-07,15:41:28.114000,14211,14213,14211,1
2020-12-07,15:41:28.253000,14211,14212,14211,5
2020-12-07,15:41:28.295000,14211,14212,14211,1
2020-12-07,15:41:28.334000,14211,14212,14211,1
2020-12-07,15:41:28.521000,14211,14212,14211,1
2020-12-07,15:41:28.931000,14211,14212,14211,1
2020-12-07,15:41:29.356000,14211,14212,14212,1
2020-12-07,15:41:37.239000,14211,14212,14212,1
2020-12-07,15:41:46.329000,14211,14212,14211,3
2020-12-07,15:41:49.708000,14211,14212,14211,1
2020-12-07,15:41:50.240000,14211,14212,14211,2
2020-12-07,15:41:51.099000,14211,14212,14211,1
2020-12-07,15:41:53.328000,14211,14212,14211,1
2020-12-07,15:41:53.920000,14211,14212,14211,1
2020-12-07,15:41:54.550000,14211,14212,14211,1
2020-12-07,15:41:55.407000,14211,14212,14211,1
2020-12-07,15:41:56.705000,14211,14212,14211,5
2020-12-07,15:41:59.517000,14211,14212,14211,4
2020-12-07,15:42:01.204000,14210,14211,14210,1
2020-12-07,15:42:01.327000,14210,14211,14210,4
2020-12-07,15:42:01.409000,14210,14211,14210,6
2020-12-07,15:42:01.416000,14210,14211,14210,1
2020-12-07,15:42:01.544000,14210,14211,14210,1
2020-12-07,15:42:01.561000,14210,14211,14210,1
2020-12-07,15:42:01.586000,14210,14211,14210,1
2020-12-07,15:42:01.628000,14210,14211,14210,1
2020-12-07,15:42:01.629000,14210,14211,14210,1
2020-12-07,15:42:01.677000,14210,14211,14210,2
2020-12-07,15:42:01.731000,14210,14211,14210,1
2020-12-07,15:42:01.742000,14210,14211,14210,1
2020-12-07,15:42:01.742000,14210,14211,14210,4
2020-12-07,15:42:01.773000,14210,14211,14209,1
2020-12-07,15:42:01.788000,14210,14211,14209,1
2020-12-07,15:42:01.789000,14210,14211,14209,1
2020-12-07,15:42:01.821000,14209,14210,14209,1
2020-12-07,15:42:01.835000,14209,14210,14209,1
2020-12-07,15:42:01.855000,14209,14210,14209,1
2020-12-07,15:42:01.862000,14209,14210,14209,4
2020-12-07,15:42:01.884000,14209,14210,14209,2
2020-12-07,15:42:02.014000,14209,14210,14209,1
2020-12-07,15:42:02.045000,14209,14210,14209,2
2020-12-07,15:42:02.105000,14208,14210,14208,1
2020-12-07,15:42:02.201000,14208,14210,14208,2
2020-12-07,15:42:02.205000,14208,14210,14208,2
2020-12-07,15:42:02.213000,14208,14210,14208,2
2020-12-07,15:42:02.250000,14208,14210,14208,2
2020-12-07,15:42:02.263000,14208,14210,14208,2
2020-12-07,15:42:02.451000,14208,14209,14208,1
2020-12-07,15:42:02.457000,14208,14209,14208,1
2020-12-07,15:42:02.580000,14208,14209,14208,1
2020-12-07,15:42:02.726000,14208,14209,14208,1
2020-12-07,15:42:02.741000,14208,14209,14208,2
2020-12-07,15:42:02.756000,14208,14209,14208,3
2020-12-07,15:42:02.834000,14208,14209,14208,1
2020-12-07,15:42:03.321000,14208,14209,14208,2
2020-12-07,15:42:03.403000,14208,14209,14209,1
2020-12-07,15:42:03.927000,14208,14210,14208,2
2020-12-07,15:42:06.019000,14209,14210,14210,1
2020-12-07,15:42:07.296000,14210,14211,14211,1
2020-12-07,15:42:07.296000,14210,14211,14211,1
2020-12-07,15:42:08.034000,14210,14211,14210,1
2020-12-07,15:42:11.541000,14210,14211,14210,1
2020-12-07,15:42:11.542000,14210,14211,14210,2
2020-12-07,15:42:14.843000,14209,14210,14210,3
2020-12-07,15:42:20.932000,14209,14210,14209,1
2020-12-07,15:42:21.022000,14209,14210,14209,1
2020-12-07,15:42:21.022000,14209,14210,14209,1
2020-12-07,15:42:24.300000,14209,14210,14209,1
2020-12-07,15:42:25.519000,14208,14210,14210,1
2020-12-07,15:42:25.808000,14209,14210,14209,2
2020-12-07,15:42:29.008000,14209,14210,14209,1
2020-12-07,15:42:29.946000,14209,14210,14209,2
2020-12-07,15:42:32.106000,14208,14209,14209,1
2020-12-07,15:42:32.359000,14208,14209,14209,1
2020-12-07,15:42:33.552000,14208,14209,14209,1
2020-12-07,15:42:34.416000,14208,14209,14209,2
2020-12-07,15:42:35.974000,14208,14209,14208,6
2020-12-07,15:42:37.576000,14207,14208,14208,1
2020-12-07,15:42:37.641000,14207,14208,14208,1
2020-12-07,15:42:37.929000,14207,14208,14208,2
2020-12-07,15:42:37.930000,14207,14208,14208,1
2020-12-07,15:42:39.638000,14208,14209,14208,1
2020-12-07,15:42:42.110000,14208,14209,14208,1
2020-12-07,15:42:43.573000,14207,14208,14208,5
2020-12-07,15:42:43.695000,14208,14209,14208,1
2020-12-07,15:42:46.010000,14208,14209,14208,1
2020-12-07,15:42:48.679000,14208,14209,14208,1
2020-12-07,15:42:50.681000,14208,14209,14208,1
2020-12-07,15:42:53.171000,14208,14209,14209,1
2020-12-07,15:42:53.171000,14208,14209,14209,9
2020-12-07,15:42:53.171000,14208,14209,14209,3
2020-12-07,15:42:53.171000,14208,14209,14209,2
2020-12-07,15:42:53.171000,14208,14209,14209,4
2020-12-07,15:42:53.171000,14208,14209,14209,8
2020-12-07,15:42:55.642000,14209,14210,14210,2
2020-12-07,15:42:55.642000,14209,14210,14210,1
2020-12-07,15:42:55.642000,14209,14210,14210,3
2020-12-07,15:42:55.643000,14209,14210,14210,3
2020-12-07,15:42:55.643000,14209,14210,14210,3
2020-12-07,15:42:55.643000,14209,14210,14210,1
2020-12-07,15:42:55.643000,14209,14210,14210,1
2020-12-07,15:42:55.643000,14209,14210,14210,1
2020-12-07,15:42:55.643000,14209,14210,14210,1
2020-12-07,15:42:55.643000,14209,14210,14210,18
2020-12-07,15:42:55.643000,14209,14210,14210,11
2020-12-07,15:42:55.643000,14209,14210,14210,6
2020-12-07,15:42:55.648000,14209,14210,14210,4
2020-12-07,15:42:55.664000,14209,14210,14210,4
2020-12-07,15:42:55.710000,14209,14211,14210,4
2020-12-07,15:42:56.159000,14209,14210,14209,1
2020-12-07,15:42:56.334000,14209,14210,14210,1
2020-12-07,15:43:00.444000,14209,14210,14210,7
2020-12-07,15:43:00.444000,14209,14210,14211,14
2020-12-07,15:43:00.444000,14209,14210,14212,17
2020-12-07,15:43:02.126000,14210,14211,14211,1
2020-12-07,15:43:02.507000,14210,14211,14211,4
2020-12-07,15:43:03.040000,14211,14212,14212,1
2020-12-07,15:43:04.988000,14211,14212,14212,1
2020-12-07,15:43:06.685000,14211,14212,14212,2
2020-12-07,15:43:08.047000,14211,14212,14212,2
2020-12-07,15:43:08.429000,14211,14212,14212,1
2020-12-07,15:43:09.311000,14211,14212,14212,1
2020-12-07,15:43:09.367000,14211,14212,14213,1
2020-12-07,15:43:09.505000,14211,14213,14213,2
2020-12-07,15:43:09.725000,14211,14213,14211,2
2020-12-07,15:43:10.285000,14211,14212,14212,1
2020-12-07,15:43:17.485000,14211,14212,14212,1
2020-12-07,15:43:20.449000,14212,14213,14213,3
2020-12-07,15:43:22.239000,14212,14213,14213,1
2020-12-07,15:43:24.151000,14212,14213,14213,1
2020-12-07,15:43:24.899000,14213,14214,14214,2
2020-12-07,15:43:31.469000,14212,14214,14214,1
2020-12-07,15:43:32.116000,14212,14214,14214,1
2020-12-07,15:43:36.364000,14213,14214,14214,5
2020-12-07,15:43:46.259000,14212,14214,14214,1
2020-12-07,15:43:52.163000,14213,14214,14214,1
2020-12-07,15:43:53.095000,14213,14214,14214,1
2020-12-07,15:43:55.360000,14213,14214,14214,2
2020-12-07,15:43:58.475000,14213,14214,14214,1
2020-12-07,15:43:59.045000,14213,14214,14213,2
2020-12-07,15:43:59.403000,14212,14213,14213,1
2020-12-07,15:44:07.578000,14212,14213,14212,2
2020-12-07,15:44:30.418000,14212,14213,14212,1
2020-12-07,15:44:30.635000,14212,14213,14212,1
2020-12-07,15:44:30.750000,14212,14213,14212,1
2020-12-07,15:44:30.750000,14212,14213,14212,6
2020-12-07,15:44:31.771000,14211,14212,14212,1
2020-12-07,15:44:46.314000,14211,14213,14213,1
2020-12-07,15:44:47.127000,14212,14213,14212,1
2020-12-07,15:44:50.373000,14211,14212,14212,1
2020-12-07,15:44:54.854000,14212,14213,14212,1
2020-12-07,15:44:54.960000,14212,14213,14212,1
2020-12-07,15:44:55.947000,14212,14213,14212,2
2020-12-07,15:45:02.574000,14211,14212,14212,1
2020-12-07,15:45:08.779000,14212,14213,14212,1
2020-12-07,15:45:12.812000,14212,14213,14212,1
2020-12-07,15:45:13.235000,14211,14213,14211,3
2020-12-07,15:45:23.328000,14211,14212,14212,1
2020-12-07,15:45:26.154000,14211,14212,14211,1
2020-12-07,15:45:31.030000,14211,14212,14211,1
2020-12-07,15:45:33.303000,14211,14212,14211,6
2020-12-07,15:45:33.304000,14211,14212,14211,1
2020-12-07,15:45:33.304000,14211,14212,14211,1
2020-12-07,15:45:33.304000,14211,14212,14211,1
2020-12-07,15:45:33.304000,14211,14212,14211,1
2020-12-07,15:45:40.309000,14210,14211,14211,1
2020-12-07,15:45:40.320000,14210,14211,14210,1
2020-12-07,15:45:41.382000,14210,14211,14210,1
2020-12-07,15:45:50.979000,14210,14211,14210,1
2020-12-07,15:45:53.878000,14210,14211,14210,1
2020-12-07,15:45:53.878000,14210,14211,14210,3
2020-12-07,15:45:53.878000,14210,14211,14210,5
2020-12-07,15:45:53.878000,14210,14211,14210,3
2020-12-07,15:46:08.571000,14209,14210,14210,1
2020-12-07,15:46:22.450000,14209,14210,14210,2
2020-12-07,15:46:24.876000,14209,14210,14210,2
2020-12-07,15:46:24.971000,14210,14211,14211,2
2020-12-07,15:46:24.972000,14210,14211,14211,4
2020-12-07,15:46:25.678000,14210,14212,14210,10
2020-12-07,15:46:27.124000,14210,14212,14210,5
2020-12-07,15:46:32.620000,14210,14212,14210,1
2020-12-07,15:46:33.611000,14210,14212,14210,1
2020-12-07,15:46:34.574000,14210,14212,14212,2
2020-12-07,15:47:03.545000,14211,14212,14212,3
2020-12-07,15:47:03.545000,14211,14212,14212,1
2020-12-07,15:47:05.940000,14212,14213,14213,1
2020-12-07,15:47:05.940000,14212,14213,14213,5
2020-12-07,15:47:12.292000,14213,14214,14214,1
2020-12-07,15:47:12.646000,14213,14214,14213,1
2020-12-07,15:47:14.493000,14213,14214,14214,1
2020-12-07,15:47:14.723000,14213,14214,14214,1
2020-12-07,15:47:15.721000,14213,14214,14214,1
2020-12-07,15:47:16.950000,14213,14214,14214,1
2020-12-07,15:47:17.227000,14213,14215,14215,2
2020-12-07,15:47:24,14214,14215,14214,3
2020-12-07,15:47:24.309000,14214,14215,14214,1
2020-12-07,15:47:24.309000,14214,14215,14213,1
2020-12-07,15:47:24.332000,14214,14215,14214,4
2020-12-07,15:47:24.332000,14214,14215,14215,2
2020-12-07,15:47:24.530000,14214,14215,14215,1
2020-12-07,15:47:26.397000,14214,14215,14215,1
2020-12-07,15:47:55.178000,14214,14215,14215,1
2020-12-07,15:48:09.377000,14214,14215,14215,2
2020-12-07,15:48:23.909000,14214,14215,14215,1
2020-12-07,15:48:24.998000,14214,14215,14215,1
2020-12-07,15:48:26.501000,14214,14215,14215,2
2020-12-07,15:48:35.935000,14215,14216,14216,3
2020-12-07,15:48:36.082000,14215,14216,14216,1
2020-12-07,15:48:37.005000,14215,14216,14216,1
2020-12-07,15:48:42.674000,14215,14216,14216,1
2020-12-07,15:48:44.768000,14215,14216,14216,1
2020-12-07,15:48:45.421000,14215,14216,14216,1
2020-12-07,15:48:49.101000,14215,14216,14216,1
2020-12-07,15:48:51.613000,14215,14216,14216,1
2020-12-07,15:48:52.992000,14216,14217,14216,1
2020-12-07,15:48:56.383000,14215,14216,14216,1
2020-12-07,15:48:56.692000,14216,14217,14217,1
2020-12-07,15:49:00.527000,14216,14217,14217,1
2020-12-07,15:49:00.706000,14216,14217,14216,5
2020-12-07,15:49:04.183000,14216,14217,14217,1
2020-12-07,15:49:04.460000,14216,14217,14217,1
2020-12-07,15:49:07.407000,14216,14217,14217,1
2020-12-07,15:49:09.451000,14216,14217,14217,1
2020-12-07,15:49:09.583000,14216,14217,14217,1
2020-12-07,15:49:09.873000,14216,14217,14217,1
2020-12-07,15:49:14.312000,14217,14218,14217,1
2020-12-07,15:49:19.525000,14217,14218,14217,2
2020-12-07,15:49:33.582000,14217,14218,14217,1
2020-12-07,15:49:38.644000,14217,14218,14217,2
2020-12-07,15:49:38.644000,14217,14218,14217,1
2020-12-07,15:49:38.644000,14217,14218,14217,3
2020-12-07,15:49:38.750000,14216,14217,14217,1
2020-12-07,15:49:40.807000,14216,14217,14217,1
2020-12-07,15:49:42.805000,14216,14217,14217,2
2020-12-07,15:50:07.019000,14217,14218,14218,6
2020-12-07,15:50:07.064000,14217,14218,14218,1
2020-12-07,15:50:07.571000,14217,14218,14218,1
2020-12-07,15:50:07.655000,14217,14218,14218,1
2020-12-07,15:50:07.655000,14217,14218,14218,3
2020-12-07,15:50:09.717000,14217,14219,14217,1
2020-12-07,15:50:09.796000,14217,14219,14217,1
2020-12-07,15:50:09.803000,14217,14219,14219,2
2020-12-07,15:50:09.865000,14217,14219,14217,1
2020-12-07,15:50:09.883000,14217,14219,14219,6
2020-12-07,15:50:10.006000,14217,14219,14217,4
2020-12-07,15:50:10.502000,14217,14219,14219,1
2020-12-07,15:50:13.904000,14218,14219,14219,2
2020-12-07,15:50:13.904000,14218,14219,14219,3
2020-12-07,15:50:16.847000,14219,14220,14220,1
2020-12-07,15:50:19.891000,14219,14220,14220,4
2020-12-07,15:50:20.045000,14219,14220,14220,1
2020-12-07,15:50:20.088000,14219,14220,14220,4
2020-12-07,15:50:20.088000,14219,14220,14220,8
2020-12-07,15:50:20.088000,14219,14220,14220,1
2020-12-07,15:50:22.851000,14220,14221,14221,1
2020-12-07,15:50:23.296000,14220,14221,14220,3
2020-12-07,15:50:27.598000,14220,14221,14220,1
2020-12-07,15:50:27.963000,14219,14221,14220,2
2020-12-07,15:50:29.627000,14220,14221,14220,1
2020-12-07,15:50:29.682000,14220,14221,14221,1
2020-12-07,15:50:34.635000,14220,14221,14220,1
2020-12-07,15:50:35.358000,14219,14220,14220,3
2020-12-07,15:50:37.340000,14219,14221,14221,1
2020-12-07,15:50:38.509000,14219,14221,14219,1
2020-12-07,15:50:40.257000,14219,14220,14220,1
2020-12-07,15:50:44.463000,14219,14220,14219,4
2020-12-07,15:50:44.464000,14219,14220,14219,3
2020-12-07,15:50:45.002000,14218,14219,14219,6
2020-12-07,15:50:45.003000,14218,14219,14219,1
2020-12-07,15:50:46.055000,14218,14220,14218,3
2020-12-07,15:50:47.653000,14218,14219,14219,2
2020-12-07,15:50:58.422000,14218,14219,14219,1
2020-12-07,15:50:58.946000,14218,14219,14219,1
2020-12-07,15:50:59.438000,14218,14219,14219,1
2020-12-07,15:51:08.685000,14219,14220,14219,1
2020-12-07,15:51:09.037000,14219,14220,14220,1
2020-12-07,15:51:09.178000,14219,14220,14220,2
2020-12-07,15:51:09.307000,14219,14220,14220,2
2020-12-07,15:51:09.888000,14219,14220,14219,1
2020-12-07,15:51:29.686000,14219,14220,14219,1
2020-12-07,15:51:48.720000,14219,14220,14220,2
2020-12-07,15:51:51.121000,14219,14220,14220,1
2020-12-07,15:51:53.650000,14219,14220,14220,1
2020-12-07,15:51:54.610000,14219,14220,14219,3
2020-12-07,15:51:59.759000,14219,14220,14219,3
2020-12-07,15:51:59.759000,14219,14220,14219,6
2020-12-07,15:52:00.473000,14218,14219,14218,4
2020-12-07,15:52:00.701000,14218,14219,14219,1
2020-12-07,15:52:03.226000,14218,14219,14219,2
2020-12-07,15:52:03.272000,14218,14219,14219,1
2020-12-07,15:52:10.340000,14218,14220,14220,1
2020-12-07,15:52:16.061000,14218,14219,14219,1
2020-12-07,15:52:31.406000,14218,14219,14219,2
2020-12-07,15:52:31.406000,14218,14219,14220,10
2020-12-07,15:52:43.157000,14219,14220,14220,1
2020-12-07,15:52:46.949000,14219,14220,14220,1
2020-12-07,15:52:47.057000,14219,14220,14220,1
2020-12-07,15:52:47.057000,14219,14220,14220,3
2020-12-07,15:52:52.184000,14220,14221,14220,1
2020-12-07,15:53:06.123000,14220,14221,14220,1
2020-12-07,15:53:07.217000,14220,14221,14220,4
2020-12-07,15:53:11.825000,14219,14220,14220,1
2020-12-07,15:53:17.658000,14219,14220,14220,1
2020-12-07,15:53:18.750000,14219,14220,14220,1
2020-12-07,15:53:50.363000,14219,14220,14220,2
2020-12-07,15:53:52.230000,14220,14221,14220,1
2020-12-07,15:53:58.531000,14220,14221,14220,1
2020-12-07,15:54:07.458000,14220,14221,14220,1
2020-12-07,15:54:07.836000,14220,14221,14221,3
2020-12-07,15:54:07.932000,14220,14221,14221,1
2020-12-07,15:54:07.935000,14220,14221,14221,1
2020-12-07,15:54:07.977000,14220,14221,14221,1
2020-12-07,15:54:12.710000,14220,14221,14221,2
2020-12-07,15:54:16.691000,14220,14221,14221,1
2020-12-07,15:54:16.691000,14220,14221,14221,1
2020-12-07,15:54:16.691000,14220,14221,14221,2
2020-12-07,15:54:16.691000,14220,14221,14221,2
2020-12-07,15:54:16.691000,14220,14221,14221,3
2020-12-07,15:54:20.835000,14221,14222,14222,4
2020-12-07,15:54:22.200000,14221,14222,14222,1
2020-12-07,15:54:24.002000,14221,14222,14221,1
2020-12-07,15:54:36.492000,14221,14222,14222,1
2020-12-07,15:54:53.499000,14221,14222,14222,1
2020-12-07,15:54:55.757000,14221,14222,14221,1
2020-12-07,15:54:56.161000,14221,14222,14222,2
2020-12-07,15:55:00.471000,14221,14222,14222,1
2020-12-07,15:55:04.911000,14221,14222,14221,1
2020-12-07,15:55:08.777000,14221,14222,14221,1
2020-12-07,15:55:13.206000,14220,14221,14221,2
2020-12-07,15:55:15.824000,14220,14221,14221,1
2020-12-07,15:55:34.513000,14220,14221,14221,1
2020-12-07,15:55:36.737000,14220,14221,14221,2
2020-12-07,15:55:46.038000,14220,14221,14220,1
2020-12-07,15:55:46.742000,14220,14221,14221,1
2020-12-07,15:55:47.948000,14220,14221,14220,1
2020-12-07,15:56:02.419000,14220,14221,14221,1
2020-12-07,15:56:02.436000,14220,14221,14221,1
2020-12-07,15:56:02.444000,14220,14221,14221,1
2020-12-07,15:56:02.758000,14220,14221,14220,2
2020-12-07,15:56:03.166000,14220,14221,14221,4
2020-12-07,15:56:03.337000,14220,14221,14221,1
2020-12-07,15:56:03.377000,14220,14221,14220,1
2020-12-07,15:56:03.411000,14220,14221,14222,1
2020-12-07,15:56:03.604000,14220,14222,14222,3
2020-12-07,15:56:03.648000,14220,14222,14222,1
2020-12-07,15:56:03.653000,14220,14222,14222,2
2020-12-07,15:56:03.653000,14220,14222,14222,5
2020-12-07,15:56:03.686000,14221,14223,14223,1
2020-12-07,15:56:03.754000,14221,14223,14223,2
2020-12-07,15:56:03.764000,14221,14223,14223,2
2020-12-07,15:56:03.764000,14221,14223,14223,6
2020-12-07,15:56:03.767000,14221,14223,14223,4
2020-12-07,15:56:03.820000,14222,14224,14224,2
2020-12-07,15:56:03.876000,14222,14224,14224,1
2020-12-07,15:56:03.901000,14222,14224,14224,1
2020-12-07,15:56:03.941000,14223,14224,14224,2
2020-12-07,15:56:04.068000,14223,14224,14224,2
2020-12-07,15:56:04.205000,14223,14224,14224,2
2020-12-07,15:56:04.206000,14223,14224,14224,2
2020-12-07,15:56:04.206000,14223,14224,14224,2
2020-12-07,15:56:04.282000,14223,14224,14225,1
2020-12-07,15:56:04.363000,14223,14225,14225,1
2020-12-07,15:56:04.423000,14223,14225,14225,2
2020-12-07,15:56:04.441000,14223,14225,14225,2
2020-12-07,15:56:04.484000,14223,14225,14225,1
2020-12-07,15:56:04.873000,14223,14225,14223,1
2020-12-07,15:56:05.282000,14223,14225,14225,1
2020-12-07,15:56:14.321000,14222,14224,14224,1
2020-12-07,15:56:15.756000,14222,14224,14224,1
2020-12-07,15:56:15.806000,14222,14224,14224,1
2020-12-07,15:56:16.140000,14222,14224,14222,1
2020-12-07,15:56:30.740000,14222,14223,14222,1
2020-12-07,15:56:38.087000,14222,14223,14222,1
2020-12-07,15:56:38.181000,14222,14223,14223,1
2020-12-07,15:56:38.182000,14222,14223,14223,1
2020-12-07,15:56:41.072000,14223,14224,14223,4
2020-12-07,15:56:41.072000,14223,14224,14222,2
2020-12-07,15:56:47.241000,14223,14224,14223,1
2020-12-07,15:56:58.185000,14223,14224,14223,1
2020-12-07,15:57:10.991000,14223,14224,14224,1
2020-12-07,15:57:24.520000,14223,14224,14224,1
2020-12-07,15:57:34.332000,14223,14224,14224,1
2020-12-07,15:57:38.222000,14223,14224,14223,4
2020-12-07,15:57:51.180000,14222,14223,14222,1
2020-12-07,15:57:51.181000,14222,14223,14222,2
2020-12-07,15:57:51.181000,14222,14223,14222,1
2020-12-07,15:57:58.871000,14222,14223,14222,1
2020-12-07,15:58:15.304000,14221,14222,14222,1
2020-12-07,15:58:15.984000,14221,14222,14222,1
2020-12-07,15:58:23.772000,14221,14222,14221,1
2020-12-07,15:58:24.198000,14221,14222,14222,1
2020-12-07,15:58:24.539000,14222,14223,14222,1
2020-12-07,15:58:29.091000,14222,14223,14223,1
2020-12-07,15:58:32.175000,14222,14223,14223,1
2020-12-07,15:58:41.411000,14222,14223,14222,2
2020-12-07,15:58:46.564000,14222,14223,14222,2
2020-12-07,15:59:06.134000,14222,14223,14223,1
2020-12-07,15:59:06.563000,14222,14223,14223,1
2020-12-07,15:59:16.334000,14222,14223,14223,2
2020-12-07,15:59:17.744000,14222,14223,14223,1
2020-12-07,15:59:18.406000,14222,14223,14223,4
2020-12-07,15:59:20.152000,14223,14224,14224,1
2020-12-07,15:59:25.153000,14223,14224,14224,1
2020-12-07,15:59:25.311000,14223,14224,14224,1
2020-12-07,15:59:25.511000,14223,14224,14224,1
2020-12-07,15:59:25.652000,14223,14224,14224,1
2020-12-07,15:59:25.817000,14223,14224,14224,1
2020-12-07,15:59:25.953000,14223,14224,14224,1
2020-12-07,15:59:26.107000,14223,14224,14224,1
2020-12-07,15:59:26.108000,14223,14224,14224,9
2020-12-07,15:59:26.404000,14223,14225,14225,1
2020-12-07,15:59:26.409000,14223,14225,14224,1
2020-12-07,15:59:29.214000,14224,14225,14225,1
2020-12-07,15:59:29.388000,14224,14225,14225,1
2020-12-07,15:59:29.617000,14224,14225,14225,1
2020-12-07,15:59:30.428000,14224,14225,14225,1
2020-12-07,15:59:30.511000,14224,14225,14225,1
2020-12-07,15:59:31.469000,14224,14225,14225,1
2020-12-07,15:59:31.677000,14224,14225,14225,1
2020-12-07,15:59:31.920000,14224,14225,14225,1
2020-12-07,15:59:33.031000,14224,14225,14225,1
2020-12-07,15:59:40.556000,14224,14225,14225,2
2020-12-07,15:59:42.622000,14224,14225,14225,1
2020-12-07,15:59:48.048000,14224,14225,14225,2
2020-12-07,16:00:02.270000,14224,14225,14225,2
2020-12-07,16:00:02.547000,14224,14225,14225,1
2020-12-07,16:00:02.567000,14224,14225,14225,3
2020-12-07,16:00:02.588000,14224,14225,14226,1
2020-12-07,16:00:02.616000,14224,14225,14226,2
2020-12-07,16:00:02.623000,14224,14225,14226,1
2020-12-07,16:00:02.911000,14224,14225,14225,1
2020-12-07,16:00:02.943000,14224,14225,14225,1
2020-12-07,16:00:02.948000,14224,14225,14225,1
2020-12-07,16:00:11.523000,14225,14226,14226,1
2020-12-07,16:00:14.143000,14225,14226,14225,1
2020-12-07,16:00:14.691000,14225,14226,14225,1
2020-12-07,16:00:16.195000,14225,14226,14225,1
2020-12-07,16:00:16.195000,14225,14226,14225,3
2020-12-07,16:00:17.388000,14224,14225,14224,4
2020-12-07,16:00:17.389000,14224,14225,14224,10
2020-12-07,16:00:17.551000,14223,14225,14223,7
2020-12-07,16:00:17.551000,14223,14225,14222,3
2020-12-07,16:00:18.889000,14222,14224,14224,1
2020-12-07,16:00:26.339000,14222,14223,14222,1
2020-12-07,16:00:30.480000,14221,14222,14222,1
2020-12-07,16:00:30.480000,14221,14222,14223,5
2020-12-07,16:00:33.815000,14222,14224,14222,1
2020-12-07,16:00:47.643000,14223,14224,14223,1
2020-12-07,16:00:54.360000,14222,14223,14223,2
2020-12-07,16:00:57.434000,14223,14224,14223,1
2020-12-07,16:00:58.818000,14223,14224,14224,2
2020-12-07,16:01:03.598000,14223,14225,14223,1
2020-12-07,16:01:09.308000,14224,14225,14225,1
2020-12-07,16:01:30.979000,14224,14225,14224,1
2020-12-07,16:01:34.280000,14223,14224,14224,1
2020-12-07,16:01:39.553000,14223,14224,14223,1
2020-12-07,16:01:45.978000,14222,14223,14223,1
2020-12-07,16:01:51.240000,14223,14224,14224,1
2020-12-07,16:02:00.041000,14223,14224,14224,1
2020-12-07,16:02:03.057000,14224,14225,14224,1
2020-12-07,16:02:09.060000,14224,14225,14224,6
2020-12-07,16:02:09.088000,14224,14225,14224,1
2020-12-07,16:02:11.427000,14223,14224,14223,1
2020-12-07,16:02:11.847000,14222,14223,14222,1
2020-12-07,16:02:11.869000,14222,14223,14222,1
2020-12-07,16:02:16.164000,14221,14222,14222,4
2020-12-07,16:02:21.124000,14221,14223,14221,1
2020-12-07,16:02:22.276000,14221,14222,14221,3
2020-12-07,16:02:23.351000,14220,14222,14221,1
2020-12-07,16:02:23.621000,14220,14221,14220,1
2020-12-07,16:02:23.716000,14220,14221,14220,1
2020-12-07,16:02:23.943000,14220,14221,14220,1
2020-12-07,16:02:25.843000,14220,14221,14221,2
2020-12-07,16:02:29.473000,14221,14222,14222,1
2020-12-07,16:02:29.596000,14222,14223,14222,1
2020-12-07,16:02:29.596000,14222,14223,14221,2
2020-12-07,16:02:32.671000,14221,14223,14221,1
2020-12-07,16:02:37.783000,14221,14222,14221,1
2020-12-07,16:02:37.783000,14221,14222,14220,4
2020-12-07,16:02:38.912000,14220,14221,14221,1
2020-12-07,16:02:45.288000,14219,14220,14219,2
2020-12-07,16:02:46.468000,14218,14220,14218,1
2020-12-07,16:02:48.289000,14219,14220,14219,1
2020-12-07,16:02:48.289000,14219,14220,14218,1
2020-12-07,16:02:55.061000,14218,14220,14218,1
2020-12-07,16:02:55.425000,14218,14220,14218,1
2020-12-07,16:03:00.953000,14218,14219,14219,1
2020-12-07,16:03:01.974000,14218,14220,14218,10
2020-12-07,16:03:02.437000,14217,14219,14217,2
2020-12-07,16:03:06.503000,14217,14218,14217,1
2020-12-07,16:03:06.784000,14217,14218,14217,1
2020-12-07,16:03:11.108000,14217,14218,14217,1
2020-12-07,16:03:11.109000,14217,14218,14217,1
2020-12-07,16:03:11.109000,14217,14218,14217,3
2020-12-07,16:03:13.914000,14216,14217,14216,1
2020-12-07,16:03:13.962000,14216,14217,14216,1
2020-12-07,16:03:14.020000,14216,14217,14216,1
2020-12-07,16:03:14.183000,14215,14217,14215,1
2020-12-07,16:03:14.323000,14215,14217,14215,1
2020-12-07,16:03:14.467000,14215,14217,14215,1
2020-12-07,16:03:14.468000,14215,14217,14216,4
2020-12-07,16:03:14.624000,14215,14217,14215,1
2020-12-07,16:03:14.747000,14215,14217,14215,1
2020-12-07,16:03:14.907000,14215,14217,14215,1
2020-12-07,16:03:15.026000,14215,14216,14215,1
2020-12-07,16:03:15.164000,14215,14216,14215,1
2020-12-07,16:03:15.178000,14215,14216,14215,2
2020-12-07,16:03:15.342000,14215,14216,14215,1
2020-12-07,16:03:15.446000,14215,14216,14215,1
2020-12-07,16:03:15.446000,14215,14216,14215,3
2020-12-07,16:03:15.590000,14214,14216,14214,1
2020-12-07,16:03:15.774000,14214,14216,14214,1
2020-12-07,16:03:16.399000,14214,14216,14214,1
2020-12-07,16:03:16.485000,14214,14216,14215,1
2020-12-07,16:03:16.876000,14214,14216,14214,1
2020-12-07,16:03:17.085000,14214,14216,14215,1
2020-12-07,16:03:17.784000,14214,14216,14215,1
2020-12-07,16:03:18.165000,14214,14216,14214,2
2020-12-07,16:03:19.046000,14214,14215,14214,2
2020-12-07,16:03:19.383000,14214,14215,14214,2
2020-12-07,16:03:19.450000,14214,14215,14214,1
2020-12-07,16:03:19.596000,14214,14215,14214,1
2020-12-07,16:03:19.758000,14214,14215,14214,1
2020-12-07,16:03:19.888000,14214,14215,14214,3
2020-12-07,16:03:19.888000,14214,14215,14213,2
2020-12-07,16:03:19.905000,14214,14215,14213,1
2020-12-07,16:03:19.941000,14213,14215,14213,1
2020-12-07,16:03:20.090000,14213,14215,14213,1
2020-12-07,16:03:20.241000,14213,14215,14213,1
2020-12-07,16:03:20.396000,14213,14215,14213,1
2020-12-07,16:03:20.557000,14213,14214,14213,1
2020-12-07,16:03:20.717000,14212,14213,14212,1
2020-12-07,16:03:20.879000,14212,14213,14212,1
2020-12-07,16:03:22.369000,14212,14213,14212,1
2020-12-07,16:03:22.524000,14212,14213,14212,1
2020-12-07,16:03:22.699000,14212,14213,14212,1
2020-12-07,16:03:22.875000,14212,14213,14212,1
2020-12-07,16:03:23.420000,14212,14214,14212,1
2020-12-07,16:03:23.586000,14212,14214,14212,1
2020-12-07,16:03:23.834000,14212,14214,14212,1
2020-12-07,16:03:23.902000,14212,14214,14212,2
2020-12-07,16:03:24.142000,14212,14214,14212,1
2020-12-07,16:03:24.527000,14212,14214,14214,2
2020-12-07,16:03:24.606000,14213,14214,14213,1
2020-12-07,16:03:25.224000,14213,14214,14213,1
2020-12-07,16:03:26.921000,14213,14214,14213,1
2020-12-07,16:03:27.437000,14213,14214,14213,2
2020-12-07,16:03:27.439000,14213,14214,14213,3
2020-12-07,16:03:28.124000,14212,14213,14212,3
2020-12-07,16:03:28.248000,14212,14213,14212,2
2020-12-07,16:03:28.364000,14212,14213,14212,3
2020-12-07,16:03:29.139000,14211,14212,14212,1
2020-12-07,16:03:29.140000,14211,14212,14212,1
2020-12-07,16:03:29.261000,14212,14213,14213,1
2020-12-07,16:03:29.261000,14212,14213,14213,1
2020-12-07,16:03:29.261000,14212,14213,14213,1
2020-12-07,16:03:29.261000,14212,14213,14213,1
2020-12-07,16:03:29.790000,14213,14214,14213,5
2020-12-07,16:03:31.633000,14212,14213,14212,1
2020-12-07,16:03:33.583000,14211,14213,14212,1
2020-12-07,16:03:33.846000,14212,14213,14212,1
2020-12-07,16:03:34.096000,14211,14212,14211,5
2020-12-07,16:03:34.162000,14211,14212,14211,1
2020-12-07,16:03:34.285000,14210,14212,14210,1
2020-12-07,16:03:35.303000,14211,14212,14211,1
2020-12-07,16:03:35.303000,14211,14212,14210,1
2020-12-07,16:03:36.190000,14210,14212,14212,1
2020-12-07,16:03:38.331000,14211,14212,14212,2
2020-12-07,16:03:38.356000,14211,14212,14211,1
2020-12-07,16:03:38.586000,14211,14212,14212,2
2020-12-07,16:03:40.009000,14212,14213,14212,2
2020-12-07,16:03:40.426000,14212,14213,14212,1
2020-12-07,16:03:40.562000,14212,14213,14212,1
2020-12-07,16:03:41.885000,14212,14213,14212,1
2020-12-07,16:03:42.462000,14212,14213,14212,1
2020-12-07,16:03:43.587000,14212,14213,14213,5
2020-12-07,16:03:48.500000,14213,14215,14215,1
2020-12-07,16:03:50.216000,14214,14215,14214,3
2020-12-07,16:03:55.011000,14213,14215,14214,4
2020-12-07,16:03:55.432000,14213,14214,14214,1
2020-12-07,16:03:56.653000,14213,14214,14214,1
2020-12-07,16:04:00.166000,14213,14214,14213,3
2020-12-07,16:04:00.167000,14213,14214,14213,1
2020-12-07,16:04:00.663000,14212,14213,14212,1
2020-12-07,16:04:01.677000,14212,14213,14212,3
2020-12-07,16:04:02.301000,14211,14212,14212,8
2020-12-07,16:04:02.301000,14211,14212,14213,5
2020-12-07,16:04:05.561000,14212,14213,14213,10
2020-12-07,16:04:06.158000,14213,14214,14213,1
2020-12-07,16:04:08.826000,14213,14214,14213,1
2020-12-07,16:04:13.611000,14212,14213,14212,1
2020-12-07,16:04:18.949000,14211,14213,14211,1
2020-12-07,16:04:20.124000,14211,14213,14212,1
2020-12-07,16:04:32.726000,14211,14212,14212,1
2020-12-07,16:04:32.795000,14211,14212,14212,4
2020-12-07,16:04:34.926000,14212,14213,14212,1
2020-12-07,16:04:36.223000,14211,14212,14211,1
2020-12-07,16:04:38.061000,14211,14212,14212,4
2020-12-07,16:04:43.162000,14212,14213,14212,1
2020-12-07,16:04:44.162000,14212,14213,14213,1
2020-12-07,16:04:44.989000,14212,14213,14213,8
2020-12-07,16:04:44.989000,14212,14213,14213,11
2020-12-07,16:04:45.059000,14213,14214,14213,1
2020-12-07,16:04:45.555000,14213,14214,14214,1
2020-12-07,16:04:45.556000,14213,14214,14214,4
2020-12-07,16:04:47.931000,14214,14215,14215,3
2020-12-07,16:04:47.933000,14214,14215,14215,1
2020-12-07,16:04:50.846000,14215,14216,14216,1
2020-12-07,16:04:58.883000,14215,14216,14215,3
2020-12-07,16:05:04.503000,14214,14215,14214,1
2020-12-07,16:05:04.504000,14214,14215,14214,1
2020-12-07,16:05:05.023000,14213,14215,14215,3
2020-12-07,16:05:05.613000,14214,14215,14214,2
2020-12-07,16:05:09.446000,14214,14215,14214,1
2020-12-07,16:05:12.761000,14213,14215,14213,1
2020-12-07,16:05:19.135000,14212,14213,14213,1
2020-12-07,16:05:20.932000,14212,14213,14212,2
2020-12-07,16:05:23.207000,14211,14212,14212,4
2020-12-07,16:05:23.292000,14211,14212,14211,1
2020-12-07,16:05:25.379000,14211,14212,14212,1
2020-12-07,16:05:25.584000,14211,14212,14211,2
2020-12-07,16:05:29.426000,14211,14212,14211,1
2020-12-07,16:05:30.520000,14211,14212,14212,1
2020-12-07,16:05:30.578000,14211,14213,14211,1
2020-12-07,16:05:33.238000,14211,14212,14211,3
2020-12-07,16:05:33.238000,14211,14212,14211,1
2020-12-07,16:05:33.238000,14211,14212,14211,1
2020-12-07,16:05:33.238000,14211,14212,14211,2
2020-12-07,16:05:34.033000,14210,14211,14211,1
2020-12-07,16:05:34.039000,14210,14211,14211,6
2020-12-07,16:05:34.317000,14210,14211,14210,2
2020-12-07,16:05:34.379000,14210,14211,14210,12
2020-12-07,16:05:35.968000,14209,14210,14209,2
2020-12-07,16:05:36.261000,14209,14210,14209,1
2020-12-07,16:05:36.535000,14209,14210,14210,1
2020-12-07,16:05:37.838000,14210,14212,14210,1
2020-12-07,16:05:38.933000,14210,14212,14210,1
2020-12-07,16:05:42.787000,14210,14212,14210,8
2020-12-07,16:05:42.787000,14210,14212,14210,1
2020-12-07,16:05:42.787000,14210,14212,14210,3
2020-12-07,16:05:44.144000,14210,14212,14210,1
2020-12-07,16:05:44.963000,14210,14212,14210,1
2020-12-07,16:05:46.735000,14210,14212,14210,1
2020-12-07,16:05:53.888000,14211,14212,14211,1
2020-12-07,16:05:54.763000,14211,14212,14212,2
2020-12-07,16:05:54.763000,14211,14212,14212,2
2020-12-07,16:05:54.763000,14211,14212,14212,1
