2020-02-13,15:00:00.019000,11773,11774,11775,57
2020-02-13,15:00:00.300000,11774,11775,11774,1
2020-02-13,15:00:00.903000,11774,11775,11774,2
2020-02-13,15:00:00.958000,11774,11775,11774,1
2020-02-13,15:00:01.172000,11774,11775,11774,2
2020-02-13,15:00:01.272000,11774,11775,11774,5
2020-02-13,15:00:01.404000,11773,11775,11774,1
2020-02-13,15:00:01.424000,11773,11775,11775,1
2020-02-13,15:00:01.647000,11774,11775,11774,1
2020-02-13,15:00:01.647000,11774,11775,11774,1
2020-02-13,15:00:01.649000,11774,11775,11774,1
2020-02-13,15:00:01.650000,11774,11775,11774,1
2020-02-13,15:00:01.772000,11774,11775,11774,1
2020-02-13,15:00:01.772000,11774,11775,11773,1
2020-02-13,15:00:01.772000,11774,11775,11773,2
2020-02-13,15:00:01.848000,11774,11775,11775,1
2020-02-13,15:00:02.174000,11773,11774,11773,2
2020-02-13,15:00:02.606000,11773,11774,11773,4
2020-02-13,15:00:02.774000,11773,11774,11773,5
2020-02-13,15:00:02.974000,11773,11774,11773,4
2020-02-13,15:00:03.350000,11772,11774,11774,2
2020-02-13,15:00:03.390000,11772,11774,11772,2
2020-02-13,15:00:03.703000,11772,11774,11774,1
2020-02-13,15:00:04.194000,11772,11774,11774,1
2020-02-13,15:00:06.400000,11773,11774,11773,2
2020-02-13,15:00:06.860000,11773,11774,11773,1
2020-02-13,15:00:06.860000,11773,11774,11772,5
2020-02-13,15:00:07.268000,11772,11774,11773,4
2020-02-13,15:00:07.268000,11772,11774,11772,8
2020-02-13,15:00:09.514000,11772,11773,11772,5
2020-02-13,15:00:09.647000,11772,11773,11773,1
2020-02-13,15:00:10.538000,11772,11773,11773,2
2020-02-13,15:00:13.279000,11773,11774,11773,1
2020-02-13,15:00:13.297000,11773,11774,11773,1
2020-02-13,15:00:15.871000,11773,11774,11773,1
2020-02-13,15:00:17.105000,11773,11774,11773,1
2020-02-13,15:00:17.267000,11773,11774,11773,1
2020-02-13,15:00:17.569000,11773,11774,11774,3
2020-02-13,15:00:17.856000,11773,11774,11773,1
2020-02-13,15:00:18.162000,11773,11774,11774,3
2020-02-13,15:00:18.609000,11774,11775,11774,1
2020-02-13,15:00:19.969000,11773,11774,11773,1
2020-02-13,15:00:20.421000,11773,11774,11773,1
2020-02-13,15:00:21.644000,11773,11774,11774,1
2020-02-13,15:00:21.864000,11774,11775,11774,2
2020-02-13,15:00:21.947000,11774,11775,11774,1
2020-02-13,15:00:22.031000,11774,11775,11774,1
2020-02-13,15:00:24.213000,11774,11775,11774,1
2020-02-13,15:00:25.913000,11774,11775,11775,5
2020-02-13,15:00:28.174000,11774,11776,11776,1
2020-02-13,15:00:29.887000,11774,11776,11775,1
2020-02-13,15:00:29.913000,11774,11775,11775,1
2020-02-13,15:00:33.077000,11774,11776,11775,1
2020-02-13,15:00:33.147000,11775,11776,11775,1
2020-02-13,15:00:34.701000,11774,11775,11775,1
2020-02-13,15:00:34.788000,11774,11775,11775,4
2020-02-13,15:00:35.026000,11774,11776,11776,4
2020-02-13,15:00:38.621000,11774,11775,11775,1
2020-02-13,15:00:41.626000,11774,11775,11775,2
2020-02-13,15:00:42.591000,11774,11775,11774,1
2020-02-13,15:00:43.135000,11774,11775,11775,1
2020-02-13,15:00:43.839000,11774,11775,11774,1
2020-02-13,15:00:46.517000,11774,11775,11775,1
2020-02-13,15:00:46.806000,11774,11775,11775,2
2020-02-13,15:00:46.912000,11774,11775,11775,1
2020-02-13,15:00:49.302000,11775,11776,11775,1
2020-02-13,15:00:49.938000,11775,11776,11775,1
2020-02-13,15:00:54.688000,11775,11776,11775,5
2020-02-13,15:00:55.585000,11775,11776,11775,1
2020-02-13,15:00:58.335000,11775,11776,11776,1
2020-02-13,15:01:00.126000,11775,11776,11775,1
2020-02-13,15:01:00.192000,11775,11776,11775,2
2020-02-13,15:01:00.293000,11775,11776,11775,1
2020-02-13,15:01:00.293000,11775,11776,11775,3
2020-02-13,15:01:00.756000,11774,11776,11774,1
2020-02-13,15:01:01.033000,11774,11775,11774,1
2020-02-13,15:01:04.402000,11775,11776,11775,1
2020-02-13,15:01:04.530000,11775,11776,11776,1
2020-02-13,15:01:04.531000,11775,11776,11776,2
2020-02-13,15:01:04.531000,11775,11776,11776,2
2020-02-13,15:01:04.531000,11775,11776,11776,2
2020-02-13,15:01:04.531000,11775,11776,11776,1
2020-02-13,15:01:04.532000,11775,11776,11776,3
2020-02-13,15:01:04.532000,11775,11776,11777,3
2020-02-13,15:01:04.532000,11775,11776,11777,2
2020-02-13,15:01:04.539000,11775,11776,11777,2
2020-02-13,15:01:04.539000,11775,11776,11777,2
2020-02-13,15:01:04.540000,11775,11776,11777,1
2020-02-13,15:01:04.540000,11775,11776,11777,1
2020-02-13,15:01:04.541000,11775,11776,11777,2
2020-02-13,15:01:04.542000,11775,11776,11777,2
2020-02-13,15:01:04.543000,11775,11776,11777,2
2020-02-13,15:01:04.543000,11775,11776,11777,3
2020-02-13,15:01:04.543000,11775,11776,11777,1
2020-02-13,15:01:04.544000,11775,11776,11777,1
2020-02-13,15:01:04.544000,11775,11776,11777,1
2020-02-13,15:01:04.552000,11775,11776,11777,1
2020-02-13,15:01:04.582000,11775,11776,11777,1
2020-02-13,15:01:04.772000,11776,11777,11777,1
2020-02-13,15:01:04.787000,11776,11777,11777,1
2020-02-13,15:01:04.787000,11776,11777,11777,9
2020-02-13,15:01:04.897000,11776,11777,11777,4
2020-02-13,15:01:11.027000,11776,11777,11777,1
2020-02-13,15:01:11.804000,11776,11777,11776,1
2020-02-13,15:01:11.852000,11776,11777,11776,1
2020-02-13,15:01:15.216000,11776,11777,11776,1
2020-02-13,15:01:17.845000,11776,11777,11777,1
2020-02-13,15:01:17.897000,11776,11777,11777,2
2020-02-13,15:01:18.240000,11776,11778,11777,1
2020-02-13,15:01:18.240000,11776,11778,11776,1
2020-02-13,15:01:18.482000,11776,11778,11776,2
2020-02-13,15:01:19.024000,11776,11778,11776,1
2020-02-13,15:01:21.649000,11777,11778,11777,1
2020-02-13,15:01:23.397000,11777,11778,11778,1
2020-02-13,15:01:25.105000,11777,11778,11778,6
2020-02-13,15:01:25.147000,11777,11778,11778,1
2020-02-13,15:01:25.813000,11777,11779,11777,1
2020-02-13,15:01:35.881000,11778,11779,11778,1
2020-02-13,15:01:36.036000,11778,11779,11778,8
2020-02-13,15:01:36.272000,11777,11778,11777,1
2020-02-13,15:01:36.600000,11777,11778,11778,2
2020-02-13,15:01:37.449000,11777,11778,11778,1
2020-02-13,15:01:37.813000,11777,11778,11777,1
2020-02-13,15:01:41.189000,11777,11778,11778,20
2020-02-13,15:01:43.608000,11777,11778,11778,4
2020-02-13,15:01:44.222000,11777,11778,11778,15
2020-02-13,15:01:46.483000,11778,11779,11778,6
2020-02-13,15:01:51.758000,11778,11779,11778,1
2020-02-13,15:01:53.096000,11778,11779,11779,1
2020-02-13,15:01:53.588000,11778,11779,11778,2
2020-02-13,15:01:57.416000,11778,11779,11779,1
2020-02-13,15:02:02.869000,11778,11779,11779,1
2020-02-13,15:02:03.080000,11778,11779,11779,2
2020-02-13,15:02:06.576000,11778,11779,11779,1
2020-02-13,15:02:06.654000,11778,11779,11779,2
2020-02-13,15:02:06.655000,11778,11779,11779,1
2020-02-13,15:02:06.658000,11778,11779,11779,2
2020-02-13,15:02:06.659000,11778,11779,11779,2
2020-02-13,15:02:06.664000,11778,11779,11779,2
2020-02-13,15:02:06.664000,11778,11779,11779,2
2020-02-13,15:02:06.664000,11778,11779,11779,3
2020-02-13,15:02:06.665000,11778,11779,11779,4
2020-02-13,15:02:06.668000,11778,11779,11779,1
2020-02-13,15:02:06.670000,11778,11779,11779,2
2020-02-13,15:02:06.670000,11778,11779,11779,1
2020-02-13,15:02:06.670000,11778,11779,11780,1
2020-02-13,15:02:06.671000,11778,11779,11780,2
2020-02-13,15:02:06.671000,11778,11779,11780,7
2020-02-13,15:02:06.672000,11778,11779,11780,1
2020-02-13,15:02:06.826000,11778,11780,11780,1
2020-02-13,15:02:06.897000,11779,11780,11780,1
2020-02-13,15:02:06.910000,11779,11780,11780,1
2020-02-13,15:02:07.578000,11780,11781,11780,1
2020-02-13,15:02:07.779000,11780,11781,11780,1
2020-02-13,15:02:07.849000,11780,11781,11779,1
2020-02-13,15:02:08.933000,11780,11781,11780,4
2020-02-13,15:02:09.881000,11780,11781,11780,1
2020-02-13,15:02:09.944000,11780,11781,11780,1
2020-02-13,15:02:12.614000,11780,11781,11781,1
2020-02-13,15:02:12.705000,11780,11781,11780,1
2020-02-13,15:02:12.707000,11780,11781,11780,1
2020-02-13,15:02:12.710000,11780,11781,11780,1
2020-02-13,15:02:12.715000,11780,11781,11780,1
2020-02-13,15:02:12.716000,11780,11781,11780,1
2020-02-13,15:02:13.188000,11779,11780,11780,2
2020-02-13,15:02:14.664000,11779,11780,11780,1
2020-02-13,15:02:15.977000,11779,11780,11780,2
2020-02-13,15:02:19.364000,11779,11780,11779,2
2020-02-13,15:02:19.684000,11779,11780,11779,1
2020-02-13,15:02:21.645000,11779,11780,11779,1
2020-02-13,15:02:21.922000,11778,11779,11779,1
2020-02-13,15:02:23.606000,11778,11779,11779,1
2020-02-13,15:02:25.763000,11778,11779,11779,6
2020-02-13,15:02:27.926000,11778,11779,11779,1
2020-02-13,15:02:27.980000,11778,11779,11780,1
2020-02-13,15:02:28.266000,11779,11780,11779,2
2020-02-13,15:02:36.307000,11778,11779,11779,1
2020-02-13,15:02:36.525000,11778,11779,11779,1
2020-02-13,15:02:36.899000,11778,11779,11779,6
2020-02-13,15:02:37.167000,11778,11779,11779,1
2020-02-13,15:02:37.167000,11778,11779,11780,2
2020-02-13,15:02:38.065000,11779,11780,11779,1
2020-02-13,15:02:38.686000,11778,11779,11779,1
2020-02-13,15:02:44.124000,11778,11779,11779,1
2020-02-13,15:02:44.367000,11778,11779,11779,1
2020-02-13,15:02:47.866000,11778,11779,11779,2
2020-02-13,15:02:52.485000,11778,11779,11778,3
2020-02-13,15:02:52.990000,11778,11779,11779,1
2020-02-13,15:02:56.262000,11778,11779,11779,2
2020-02-13,15:02:59.129000,11778,11779,11779,2
2020-02-13,15:03:02.117000,11778,11779,11778,2
2020-02-13,15:03:04.257000,11778,11779,11778,5
2020-02-13,15:03:04.272000,11778,11779,11778,1
2020-02-13,15:03:05.312000,11778,11779,11778,23
2020-02-13,15:03:05.312000,11778,11779,11778,11
2020-02-13,15:03:08.800000,11777,11778,11777,1
2020-02-13,15:03:11.655000,11777,11778,11777,2
2020-02-13,15:03:12.360000,11777,11778,11777,6
2020-02-13,15:03:12.632000,11777,11778,11777,2
2020-02-13,15:03:13.010000,11777,11778,11777,1
2020-02-13,15:03:13.289000,11777,11778,11777,1
2020-02-13,15:03:14.651000,11777,11778,11777,2
2020-02-13,15:03:15.632000,11777,11778,11777,1
2020-02-13,15:03:16.655000,11777,11778,11777,5
2020-02-13,15:03:16.655000,11777,11778,11777,1
2020-02-13,15:03:18.378000,11776,11777,11776,1
2020-02-13,15:03:18.494000,11776,11777,11776,1
2020-02-13,15:03:19.157000,11776,11777,11776,1
2020-02-13,15:03:19.845000,11776,11777,11777,1
2020-02-13,15:03:21.949000,11776,11777,11776,1
2020-02-13,15:03:23.971000,11776,11777,11776,4
2020-02-13,15:03:25.037000,11776,11777,11776,1
2020-02-13,15:03:26.559000,11775,11776,11776,1
2020-02-13,15:03:26.897000,11775,11776,11776,1
2020-02-13,15:03:31.456000,11775,11776,11775,25
2020-02-13,15:03:36.353000,11775,11776,11775,3
2020-02-13,15:03:37.435000,11775,11776,11776,13
2020-02-13,15:03:37.915000,11775,11776,11775,3
2020-02-13,15:03:37.951000,11775,11776,11775,1
2020-02-13,15:03:39.253000,11775,11776,11775,1
2020-02-13,15:03:41.330000,11775,11776,11775,2
2020-02-13,15:03:42.939000,11775,11776,11775,2
2020-02-13,15:03:43.272000,11775,11776,11775,1
2020-02-13,15:03:43.725000,11775,11776,11775,1
2020-02-13,15:03:43.884000,11775,11776,11775,1
2020-02-13,15:03:44.224000,11775,11776,11775,12
2020-02-13,15:03:46.163000,11774,11775,11774,1
2020-02-13,15:03:46.759000,11774,11775,11775,1
2020-02-13,15:03:46.818000,11774,11775,11774,1
2020-02-13,15:03:51.822000,11774,11775,11774,1
2020-02-13,15:03:53.571000,11774,11775,11774,1
2020-02-13,15:03:54.687000,11774,11775,11774,2
2020-02-13,15:03:55.311000,11774,11775,11774,2
2020-02-13,15:03:55.738000,11774,11775,11774,1
2020-02-13,15:03:56.091000,11774,11775,11774,1
2020-02-13,15:03:58.631000,11774,11775,11774,1
2020-02-13,15:04:01.636000,11774,11775,11774,1
2020-02-13,15:04:06.763000,11773,11774,11774,1
2020-02-13,15:04:08.446000,11773,11774,11774,4
2020-02-13,15:04:12.743000,11774,11775,11775,2
2020-02-13,15:04:16.330000,11774,11775,11775,1
2020-02-13,15:04:16.332000,11774,11775,11775,1
2020-02-13,15:04:16.333000,11774,11775,11775,1
2020-02-13,15:04:16.397000,11774,11775,11775,3
2020-02-13,15:04:16.416000,11774,11775,11775,5
2020-02-13,15:04:17.820000,11775,11776,11776,1
2020-02-13,15:04:21.741000,11775,11776,11775,1
2020-02-13,15:04:23.384000,11775,11776,11775,4
2020-02-13,15:04:24.722000,11775,11776,11775,3
2020-02-13,15:04:26.638000,11774,11775,11774,2
2020-02-13,15:04:26.739000,11774,11775,11774,2
2020-02-13,15:04:27.136000,11773,11774,11774,1
2020-02-13,15:04:41.921000,11773,11774,11774,1
2020-02-13,15:04:50.896000,11773,11774,11774,1
2020-02-13,15:04:54.306000,11773,11774,11774,1
2020-02-13,15:04:54.627000,11773,11774,11774,1
2020-02-13,15:04:59.831000,11773,11774,11773,1
2020-02-13,15:05:03.133000,11773,11774,11773,1
2020-02-13,15:05:04.479000,11773,11774,11773,1
2020-02-13,15:05:13.631000,11773,11774,11774,9
2020-02-13,15:05:14.688000,11773,11774,11774,2
2020-02-13,15:05:15.426000,11773,11774,11774,1
2020-02-13,15:05:16.762000,11773,11774,11773,1
2020-02-13,15:05:17.015000,11773,11774,11774,1
2020-02-13,15:05:17.729000,11773,11774,11774,5
2020-02-13,15:05:18.474000,11773,11774,11774,1
2020-02-13,15:05:18.513000,11773,11774,11773,1
2020-02-13,15:05:24.237000,11773,11774,11774,1
2020-02-13,15:05:29.389000,11774,11775,11774,2
2020-02-13,15:05:37.143000,11774,11775,11774,5
2020-02-13,15:05:38.741000,11774,11775,11774,1
2020-02-13,15:05:38.920000,11774,11775,11774,1
2020-02-13,15:05:39.215000,11774,11775,11774,1
2020-02-13,15:05:47.633000,11774,11775,11774,3
2020-02-13,15:05:49.730000,11774,11775,11774,1
2020-02-13,15:06:04.416000,11774,11775,11775,1
2020-02-13,15:06:08.321000,11774,11775,11775,1
2020-02-13,15:06:08.326000,11774,11775,11775,1
2020-02-13,15:06:10.119000,11774,11775,11775,3
2020-02-13,15:06:10.119000,11774,11775,11775,2
2020-02-13,15:06:10.119000,11774,11775,11775,3
2020-02-13,15:06:10.119000,11774,11775,11775,3
2020-02-13,15:06:10.120000,11774,11775,11775,1
2020-02-13,15:06:10.120000,11774,11775,11775,3
2020-02-13,15:06:10.122000,11774,11775,11775,4
2020-02-13,15:06:10.824000,11775,11776,11776,1
2020-02-13,15:06:12.147000,11775,11776,11776,2
2020-02-13,15:06:14.982000,11776,11777,11776,2
2020-02-13,15:06:17.261000,11775,11776,11775,3
2020-02-13,15:06:17.886000,11775,11776,11775,1
2020-02-13,15:06:19.105000,11775,11776,11775,1
2020-02-13,15:06:20.434000,11774,11776,11776,1
2020-02-13,15:06:21.647000,11775,11776,11776,3
2020-02-13,15:06:41.119000,11775,11776,11776,2
2020-02-13,15:06:41.182000,11775,11776,11776,3
2020-02-13,15:06:41.757000,11775,11776,11775,1
2020-02-13,15:06:42.195000,11775,11776,11776,1
2020-02-13,15:06:42.253000,11775,11776,11776,1
2020-02-13,15:06:49.876000,11775,11776,11776,3
2020-02-13,15:06:50.543000,11776,11777,11776,1
2020-02-13,15:06:55.078000,11776,11777,11776,1
2020-02-13,15:06:56.967000,11776,11777,11776,1
2020-02-13,15:06:59.273000,11775,11776,11776,1
2020-02-13,15:07:01.517000,11775,11777,11777,1
2020-02-13,15:07:03.965000,11776,11777,11776,2
2020-02-13,15:07:07.762000,11776,11777,11776,1
2020-02-13,15:07:09.757000,11776,11777,11776,2
2020-02-13,15:07:09.865000,11776,11777,11776,1
2020-02-13,15:07:09.899000,11775,11776,11776,2
2020-02-13,15:07:11.772000,11775,11776,11776,3
2020-02-13,15:07:13.133000,11776,11777,11776,2
2020-02-13,15:07:15.147000,11775,11776,11776,1
2020-02-13,15:07:15.315000,11775,11776,11776,1
2020-02-13,15:07:15.759000,11776,11777,11776,2
2020-02-13,15:07:25.078000,11776,11777,11776,1
2020-02-13,15:07:26.920000,11776,11777,11776,1
2020-02-13,15:07:28.147000,11776,11777,11776,1
2020-02-13,15:07:47.331000,11776,11777,11776,1
2020-02-13,15:07:55.537000,11776,11777,11777,1
2020-02-13,15:07:55.682000,11776,11777,11777,2
2020-02-13,15:08:02.114000,11776,11777,11777,1
2020-02-13,15:08:10.647000,11776,11777,11777,7
2020-02-13,15:08:10.772000,11776,11777,11777,1
2020-02-13,15:08:10.772000,11776,11777,11777,2
2020-02-13,15:08:10.772000,11776,11777,11777,16
2020-02-13,15:08:13.306000,11777,11778,11778,1
2020-02-13,15:08:16.789000,11777,11778,11778,5
2020-02-13,15:08:19.429000,11777,11778,11778,1
2020-02-13,15:08:19.522000,11777,11778,11778,1
2020-02-13,15:08:40.695000,11778,11779,11778,1
2020-02-13,15:08:41.724000,11778,11779,11778,1
2020-02-13,15:08:51.594000,11778,11779,11779,1
2020-02-13,15:08:51.773000,11778,11779,11779,1
2020-02-13,15:08:51.794000,11778,11779,11779,1
2020-02-13,15:08:52.658000,11778,11779,11779,18
2020-02-13,15:08:54.789000,11779,11780,11780,15
2020-02-13,15:08:54.897000,11779,11780,11780,2
2020-02-13,15:08:54.897000,11779,11780,11780,1
2020-02-13,15:08:54.926000,11779,11780,11781,1
2020-02-13,15:08:54.941000,11779,11780,11781,4
2020-02-13,15:08:55.134000,11780,11781,11781,5
2020-02-13,15:08:55.491000,11780,11781,11781,1
2020-02-13,15:08:56.544000,11780,11781,11780,1
2020-02-13,15:09:05.462000,11780,11781,11780,2
2020-02-13,15:09:07.676000,11780,11781,11781,1
2020-02-13,15:09:08.367000,11780,11781,11781,8
2020-02-13,15:09:08.859000,11781,11782,11782,2
2020-02-13,15:09:08.975000,11781,11782,11782,2
2020-02-13,15:09:09.138000,11781,11782,11782,1
2020-02-13,15:09:11.485000,11781,11782,11782,1
2020-02-13,15:09:13.098000,11781,11782,11782,1
2020-02-13,15:09:13.337000,11781,11782,11782,1
2020-02-13,15:09:16.611000,11781,11782,11782,2
2020-02-13,15:09:20.219000,11781,11782,11782,3
2020-02-13,15:09:21.736000,11781,11782,11782,1
2020-02-13,15:09:22.796000,11781,11782,11782,2
2020-02-13,15:09:25.228000,11781,11782,11782,1
2020-02-13,15:09:25.291000,11781,11782,11782,1
2020-02-13,15:09:25.955000,11781,11782,11782,1
2020-02-13,15:09:28.027000,11781,11782,11782,2
2020-02-13,15:09:30.119000,11781,11782,11782,2
2020-02-13,15:09:30.147000,11781,11782,11782,4
2020-02-13,15:09:31.566000,11782,11783,11782,1
2020-02-13,15:09:32.995000,11782,11783,11782,1
2020-02-13,15:09:33.556000,11782,11783,11782,1
2020-02-13,15:09:34.307000,11782,11783,11782,1
2020-02-13,15:09:37.098000,11782,11783,11782,1
2020-02-13,15:09:40.023000,11782,11783,11782,4
2020-02-13,15:09:40.681000,11781,11782,11782,1
2020-02-13,15:09:41.274000,11781,11782,11782,3
2020-02-13,15:09:45.952000,11781,11782,11782,1
2020-02-13,15:09:48.939000,11781,11782,11781,1
2020-02-13,15:09:49.202000,11781,11782,11782,1
2020-02-13,15:09:54.566000,11781,11782,11781,1
2020-02-13,15:09:54.567000,11781,11782,11781,3
2020-02-13,15:09:54.567000,11781,11782,11781,2
2020-02-13,15:09:54.647000,11780,11781,11781,4
2020-02-13,15:10:00.225000,11780,11781,11781,1
2020-02-13,15:10:00.225000,11780,11781,11782,1
2020-02-13,15:10:00.644000,11780,11782,11782,1
2020-02-13,15:10:02.661000,11780,11781,11781,1
2020-02-13,15:10:02.812000,11780,11782,11780,1
2020-02-13,15:10:03.610000,11780,11782,11781,1
2020-02-13,15:10:03.652000,11781,11782,11782,2
2020-02-13,15:10:03.875000,11781,11782,11782,2
2020-02-13,15:10:04.009000,11781,11782,11781,1
2020-02-13,15:10:04.276000,11781,11782,11781,1
2020-02-13,15:10:06.360000,11781,11782,11781,1
2020-02-13,15:10:07.166000,11781,11782,11781,1
2020-02-13,15:10:08.846000,11780,11781,11780,1
2020-02-13,15:10:32.459000,11780,11781,11780,1
2020-02-13,15:10:33.635000,11780,11781,11780,1
2020-02-13,15:10:35.248000,11780,11781,11781,1
2020-02-13,15:10:35.296000,11780,11781,11780,1
2020-02-13,15:10:37.531000,11780,11781,11780,1
2020-02-13,15:10:59.825000,11780,11781,11780,5
2020-02-13,15:11:01.831000,11780,11781,11781,2
2020-02-13,15:11:01.888000,11780,11781,11780,1
2020-02-13,15:11:02.250000,11780,11781,11781,6
2020-02-13,15:11:15.869000,11780,11781,11781,1
2020-02-13,15:11:23.484000,11780,11781,11780,3
2020-02-13,15:11:28.237000,11780,11781,11780,5
2020-02-13,15:11:28.937000,11780,11781,11780,5
2020-02-13,15:11:29.329000,11779,11780,11780,1
2020-02-13,15:11:29.397000,11780,11781,11780,1
2020-02-13,15:11:30.593000,11779,11780,11780,1
2020-02-13,15:11:34.505000,11778,11780,11778,1
2020-02-13,15:11:34.886000,11778,11780,11780,1
2020-02-13,15:11:40.965000,11778,11779,11778,2
2020-02-13,15:11:46.297000,11777,11779,11777,1
2020-02-13,15:11:46.640000,11777,11778,11778,1
2020-02-13,15:11:46.890000,11778,11779,11779,1
2020-02-13,15:11:47.105000,11778,11779,11779,1
2020-02-13,15:11:47.572000,11778,11779,11778,5
2020-02-13,15:11:48.285000,11778,11779,11778,1
2020-02-13,15:11:49.341000,11778,11779,11778,1
2020-02-13,15:11:49.669000,11778,11779,11778,11
2020-02-13,15:11:49.765000,11778,11779,11778,1
2020-02-13,15:12:05.047000,11777,11778,11778,2
2020-02-13,15:12:06.058000,11777,11778,11777,1
2020-02-13,15:12:06.523000,11777,11778,11777,1
2020-02-13,15:12:06.582000,11777,11778,11777,1
2020-02-13,15:12:06.594000,11777,11778,11777,1
2020-02-13,15:12:06.598000,11777,11778,11777,1
2020-02-13,15:12:06.599000,11777,11778,11777,1
2020-02-13,15:12:06.892000,11777,11778,11777,1
2020-02-13,15:12:06.894000,11777,11778,11777,1
2020-02-13,15:12:06.974000,11777,11778,11777,1
2020-02-13,15:12:06.981000,11777,11778,11777,1
2020-02-13,15:12:06.986000,11777,11778,11777,1
2020-02-13,15:12:14.043000,11777,11778,11777,5
2020-02-13,15:12:15.256000,11777,11778,11777,5
2020-02-13,15:12:18.174000,11777,11778,11778,1
2020-02-13,15:12:29.219000,11777,11778,11777,2
2020-02-13,15:12:38.975000,11776,11777,11776,3
2020-02-13,15:12:39.944000,11776,11777,11777,1
2020-02-13,15:13:09.386000,11776,11777,11777,1
2020-02-13,15:13:27.148000,11776,11777,11776,8
2020-02-13,15:13:37.284000,11775,11776,11775,1
2020-02-13,15:13:42.082000,11775,11776,11776,1
2020-02-13,15:13:43.480000,11775,11776,11776,2
2020-02-13,15:13:43.759000,11776,11777,11776,1
2020-02-13,15:13:44.611000,11776,11777,11776,2
2020-02-13,15:13:44.611000,11776,11777,11775,1
2020-02-13,15:13:50.381000,11775,11776,11775,1
2020-02-13,15:13:50.713000,11775,11776,11776,1
2020-02-13,15:14:12.555000,11775,11776,11776,5
2020-02-13,15:14:12.647000,11775,11776,11776,2
2020-02-13,15:14:20.350000,11775,11776,11776,1
2020-02-13,15:14:21.096000,11775,11776,11775,1
2020-02-13,15:14:29.148000,11775,11776,11775,1
2020-02-13,15:14:48.817000,11775,11776,11776,1
2020-02-13,15:14:52.709000,11775,11776,11776,16
2020-02-13,15:14:52.813000,11776,11777,11777,1
2020-02-13,15:14:53.586000,11776,11777,11777,1
2020-02-13,15:15:01.284000,11776,11777,11776,6
2020-02-13,15:15:01.397000,11776,11777,11776,3
2020-02-13,15:15:01.500000,11776,11777,11775,1
2020-02-13,15:15:01.705000,11775,11776,11775,1
2020-02-13,15:15:02.110000,11775,11776,11775,1
2020-02-13,15:15:02.207000,11775,11776,11775,2
2020-02-13,15:15:03.257000,11775,11776,11775,21
2020-02-13,15:15:03.272000,11775,11776,11775,8
2020-02-13,15:15:03.459000,11774,11775,11774,1
2020-02-13,15:15:03.591000,11774,11775,11774,1
2020-02-13,15:15:04.525000,11774,11775,11774,1
2020-02-13,15:15:04.601000,11774,11775,11774,1
2020-02-13,15:15:11.112000,11774,11775,11775,1
2020-02-13,15:15:27.038000,11774,11775,11775,1
2020-02-13,15:15:27.665000,11774,11775,11775,1
2020-02-13,15:15:29.772000,11774,11775,11775,1
2020-02-13,15:15:35.541000,11774,11775,11775,1
2020-02-13,15:15:40.213000,11775,11776,11775,1
2020-02-13,15:15:41.530000,11775,11776,11775,2
2020-02-13,15:15:47.885000,11775,11776,11775,2
2020-02-13,15:15:49.071000,11774,11775,11775,2
2020-02-13,15:15:49.386000,11775,11776,11775,1
2020-02-13,15:16:11.808000,11775,11776,11775,1
2020-02-13,15:16:15.361000,11775,11776,11775,1
2020-02-13,15:16:17.544000,11775,11776,11775,1
2020-02-13,15:16:17.655000,11775,11776,11776,1
2020-02-13,15:16:17.655000,11775,11776,11776,3
2020-02-13,15:16:17.662000,11775,11776,11776,2
2020-02-13,15:16:17.662000,11775,11776,11776,1
2020-02-13,15:16:17.662000,11775,11776,11776,2
2020-02-13,15:16:17.663000,11775,11776,11776,2
2020-02-13,15:16:17.664000,11775,11776,11776,2
2020-02-13,15:16:17.664000,11775,11776,11776,1
2020-02-13,15:16:17.665000,11775,11776,11776,2
2020-02-13,15:16:17.665000,11775,11776,11776,1
2020-02-13,15:16:17.666000,11775,11776,11776,3
2020-02-13,15:16:17.666000,11775,11776,11776,1
2020-02-13,15:16:17.666000,11775,11776,11776,1
2020-02-13,15:16:17.666000,11775,11776,11776,2
2020-02-13,15:16:17.666000,11775,11776,11776,2
2020-02-13,15:16:17.666000,11775,11776,11776,2
2020-02-13,15:16:17.666000,11775,11776,11776,4
2020-02-13,15:16:17.666000,11775,11776,11777,2
2020-02-13,15:16:27.471000,11775,11776,11776,1
2020-02-13,15:16:28.057000,11775,11776,11775,1
2020-02-13,15:16:29.383000,11775,11776,11775,1
2020-02-13,15:16:37.897000,11775,11776,11775,7
2020-02-13,15:16:38.114000,11774,11775,11774,5
2020-02-13,15:16:38.253000,11774,11775,11774,3
2020-02-13,15:16:38.960000,11774,11775,11775,1
2020-02-13,15:16:39.201000,11774,11775,11775,1
2020-02-13,15:16:39.233000,11774,11775,11774,1
2020-02-13,15:16:44.646000,11774,11775,11774,1
2020-02-13,15:16:50.373000,11774,11775,11775,5
2020-02-13,15:16:51.220000,11775,11776,11775,1
2020-02-13,15:16:59.768000,11775,11776,11775,2
2020-02-13,15:17:08.914000,11775,11776,11775,1
2020-02-13,15:17:13.728000,11774,11776,11774,1
2020-02-13,15:17:17.553000,11774,11775,11775,1
2020-02-13,15:17:22.993000,11775,11776,11775,1
2020-02-13,15:17:26.168000,11774,11775,11775,1
2020-02-13,15:17:27.153000,11775,11776,11776,4
2020-02-13,15:17:35.955000,11775,11776,11776,1
2020-02-13,15:17:47.290000,11775,11776,11776,1
2020-02-13,15:17:47.647000,11775,11776,11776,2
2020-02-13,15:18:01.547000,11775,11776,11776,1
2020-02-13,15:18:04.179000,11775,11776,11776,1
2020-02-13,15:18:07.186000,11776,11777,11776,1
2020-02-13,15:18:12.394000,11775,11776,11776,2
2020-02-13,15:18:28.473000,11776,11777,11777,1
2020-02-13,15:18:28.679000,11776,11777,11777,1
2020-02-13,15:18:31.508000,11776,11777,11777,2
2020-02-13,15:18:31.522000,11776,11777,11777,4
2020-02-13,15:18:46.041000,11776,11777,11777,1
2020-02-13,15:19:04.152000,11776,11777,11777,3
2020-02-13,15:19:15.574000,11776,11777,11777,1
2020-02-13,15:19:16.850000,11776,11777,11777,4
2020-02-13,15:19:20.893000,11777,11778,11777,1
2020-02-13,15:19:30.193000,11777,11778,11777,1
2020-02-13,15:19:32.502000,11777,11778,11777,1
2020-02-13,15:20:36.243000,11777,11778,11778,1
2020-02-13,15:20:36.342000,11777,11778,11778,1
2020-02-13,15:20:36.409000,11777,11778,11778,1
2020-02-13,15:20:42.024000,11777,11778,11777,2
2020-02-13,15:20:42.024000,11777,11778,11777,1
2020-02-13,15:20:42.134000,11777,11778,11777,4
2020-02-13,15:20:42.139000,11777,11778,11777,1
2020-02-13,15:20:42.147000,11777,11778,11777,2
2020-02-13,15:20:42.147000,11777,11778,11777,3
2020-02-13,15:20:42.397000,11776,11777,11776,1
2020-02-13,15:20:42.404000,11776,11777,11776,1
2020-02-13,15:20:42.615000,11776,11777,11776,1
2020-02-13,15:20:42.641000,11776,11777,11776,4
2020-02-13,15:20:44.791000,11775,11776,11775,2
2020-02-13,15:20:44.796000,11775,11776,11775,2
2020-02-13,15:20:59.712000,11775,11776,11775,1
2020-02-13,15:21:00.227000,11775,11776,11775,1
2020-02-13,15:21:03.144000,11775,11776,11775,1
2020-02-13,15:21:04.007000,11775,11776,11776,2
2020-02-13,15:21:04.348000,11775,11776,11776,1
2020-02-13,15:21:04.349000,11775,11776,11776,1
2020-02-13,15:21:04.350000,11775,11776,11776,4
2020-02-13,15:21:04.397000,11775,11776,11776,1
2020-02-13,15:21:04.397000,11775,11776,11776,1
2020-02-13,15:21:04.766000,11776,11777,11776,2
2020-02-13,15:21:04.900000,11776,11777,11776,2
2020-02-13,15:21:05.137000,11775,11777,11776,1
2020-02-13,15:21:05.641000,11775,11777,11776,1
2020-02-13,15:21:06.017000,11776,11777,11776,1
2020-02-13,15:21:12.272000,11775,11776,11776,1
2020-02-13,15:21:12.888000,11776,11777,11776,1
2020-02-13,15:21:12.897000,11776,11777,11776,1
2020-02-13,15:21:19.737000,11776,11777,11776,1
2020-02-13,15:21:21.801000,11776,11777,11776,7
2020-02-13,15:21:30.307000,11776,11777,11777,1
2020-02-13,15:21:31.949000,11776,11777,11777,9
2020-02-13,15:21:32.950000,11777,11778,11777,1
2020-02-13,15:21:33.252000,11777,11778,11777,16
2020-02-13,15:21:33.252000,11777,11778,11776,9
2020-02-13,15:21:33.398000,11776,11777,11777,1
2020-02-13,15:22:08.205000,11776,11777,11776,1
2020-02-13,15:22:08.219000,11776,11777,11776,4
2020-02-13,15:22:08.241000,11776,11777,11776,2
2020-02-13,15:22:08.241000,11776,11777,11776,1
2020-02-13,15:22:08.241000,11776,11777,11776,2
2020-02-13,15:22:08.270000,11776,11777,11775,6
2020-02-13,15:22:27.014000,11775,11776,11775,4
2020-02-13,15:22:28.755000,11775,11776,11775,1
2020-02-13,15:22:30.719000,11775,11776,11775,3
2020-02-13,15:22:36.487000,11775,11776,11775,1
2020-02-13,15:22:38.833000,11775,11776,11776,5
2020-02-13,15:22:41.157000,11775,11776,11775,2
2020-02-13,15:22:47.605000,11775,11776,11775,1
2020-02-13,15:22:48.189000,11775,11776,11776,5
2020-02-13,15:22:48.958000,11775,11776,11775,1
2020-02-13,15:22:57.069000,11775,11776,11775,1
2020-02-13,15:23:05.690000,11775,11776,11776,5
2020-02-13,15:23:11.149000,11775,11776,11776,5
2020-02-13,15:23:20.839000,11775,11776,11776,1
2020-02-13,15:23:23.263000,11776,11777,11776,2
2020-02-13,15:23:29.889000,11776,11777,11776,1
2020-02-13,15:23:34.262000,11776,11777,11776,1
2020-02-13,15:23:36.516000,11776,11777,11776,1
2020-02-13,15:23:49.139000,11775,11777,11775,2
2020-02-13,15:23:49.818000,11775,11776,11776,3
2020-02-13,15:23:51.005000,11775,11776,11775,1
2020-02-13,15:24:23.297000,11775,11776,11775,1
2020-02-13,15:24:41.852000,11775,11776,11775,1
2020-02-13,15:25:01.220000,11775,11776,11775,3
2020-02-13,15:25:02.340000,11775,11776,11775,2
2020-02-13,15:25:06.930000,11775,11776,11775,1
2020-02-13,15:25:26.138000,11775,11776,11775,1
2020-02-13,15:25:27.388000,11775,11776,11776,1
2020-02-13,15:25:34.195000,11775,11776,11776,1
2020-02-13,15:25:46.731000,11775,11776,11776,4
2020-02-13,15:25:49.264000,11775,11776,11776,4
2020-02-13,15:25:53.728000,11775,11776,11775,1
2020-02-13,15:25:54.622000,11775,11776,11776,4
2020-02-13,15:25:54.887000,11776,11777,11776,6
2020-02-13,15:26:07.113000,11775,11776,11776,2
2020-02-13,15:26:07.393000,11775,11777,11775,1
2020-02-13,15:26:10.503000,11775,11776,11776,1
2020-02-13,15:26:10.538000,11775,11776,11775,2
2020-02-13,15:26:21.624000,11775,11776,11776,1
2020-02-13,15:26:56.375000,11776,11777,11776,2
2020-02-13,15:27:10.986000,11776,11777,11777,6
2020-02-13,15:27:11.022000,11776,11777,11777,20
2020-02-13,15:27:11.022000,11776,11777,11777,2
2020-02-13,15:27:11.022000,11776,11777,11777,1
2020-02-13,15:27:23.828000,11777,11778,11777,3
2020-02-13,15:27:39.870000,11776,11777,11777,7
2020-02-13,15:27:44.549000,11777,11778,11777,1
2020-02-13,15:27:56.125000,11777,11778,11777,2
2020-02-13,15:28:08.123000,11777,11778,11777,1
2020-02-13,15:28:44.908000,11777,11778,11778,1
2020-02-13,15:28:53.022000,11777,11778,11778,4
2020-02-13,15:28:53.147000,11777,11778,11778,7
2020-02-13,15:29:05.787000,11778,11779,11778,2
2020-02-13,15:29:05.897000,11777,11778,11778,1
2020-02-13,15:29:17.211000,11778,11779,11779,6
2020-02-13,15:29:17.211000,11778,11779,11779,5
2020-02-13,15:29:23.263000,11779,11780,11779,2
2020-02-13,15:29:24.081000,11779,11780,11779,5
2020-02-13,15:29:35.592000,11779,11780,11780,5
2020-02-13,15:29:38.463000,11779,11780,11780,1
2020-02-13,15:29:41.202000,11779,11780,11780,1
2020-02-13,15:29:43.704000,11779,11780,11779,1
2020-02-13,15:29:48.373000,11779,11780,11780,3
2020-02-13,15:29:52.272000,11779,11780,11780,5
2020-02-13,15:29:52.618000,11780,11781,11780,1
2020-02-13,15:29:54.851000,11780,11781,11780,1
2020-02-13,15:29:56.993000,11780,11781,11780,2
2020-02-13,15:30:00.227000,11780,11781,11780,1
2020-02-13,15:30:00.858000,11780,11781,11781,1
2020-02-13,15:30:01.123000,11780,11781,11781,5
2020-02-13,15:30:01.123000,11780,11781,11781,5
2020-02-13,15:30:01.561000,11780,11781,11781,1
2020-02-13,15:30:02.239000,11780,11781,11780,5
2020-02-13,15:30:04.300000,11780,11781,11781,3
2020-02-13,15:30:04.432000,11780,11781,11780,4
2020-02-13,15:30:05.404000,11780,11781,11781,1
2020-02-13,15:30:05.404000,11780,11781,11781,1
2020-02-13,15:30:05.404000,11780,11781,11781,2
2020-02-13,15:30:05.404000,11780,11781,11781,1
2020-02-13,15:30:05.404000,11780,11781,11781,1
2020-02-13,15:30:05.404000,11780,11781,11781,1
2020-02-13,15:30:08.135000,11781,11782,11781,1
2020-02-13,15:30:08.179000,11781,11782,11781,5
2020-02-13,15:30:09.054000,11781,11782,11781,1
2020-02-13,15:30:10.921000,11780,11781,11780,1
2020-02-13,15:30:14.375000,11780,11781,11781,3
2020-02-13,15:30:14.692000,11780,11781,11781,2
2020-02-13,15:30:16.202000,11780,11781,11781,4
2020-02-13,15:30:16.629000,11781,11782,11781,1
2020-02-13,15:30:16.629000,11781,11782,11781,6
2020-02-13,15:30:17.478000,11780,11781,11781,1
2020-02-13,15:30:19.768000,11780,11781,11781,1
2020-02-13,15:30:21.891000,11780,11781,11781,2
2020-02-13,15:30:23.126000,11780,11781,11781,1
2020-02-13,15:30:27.562000,11780,11781,11780,3
2020-02-13,15:30:29.725000,11780,11781,11781,5
2020-02-13,15:30:44.448000,11780,11781,11780,3
2020-02-13,15:30:44.448000,11780,11781,11780,3
2020-02-13,15:30:44.448000,11780,11781,11780,1
2020-02-13,15:30:44.448000,11780,11781,11780,1
2020-02-13,15:30:44.522000,11779,11780,11780,3
2020-02-13,15:30:44.751000,11779,11781,11781,1
2020-02-13,15:30:48.671000,11779,11780,11780,1
2020-02-13,15:30:58.906000,11780,11781,11780,1
2020-02-13,15:30:59.755000,11780,11781,11780,1
2020-02-13,15:31:17.615000,11780,11781,11780,2
2020-02-13,15:31:20.907000,11779,11780,11780,1
2020-02-13,15:31:42.410000,11779,11780,11780,1
2020-02-13,15:31:42.410000,11779,11780,11780,4
2020-02-13,15:31:42.530000,11780,11781,11781,1
2020-02-13,15:31:42.531000,11780,11781,11781,1
2020-02-13,15:31:42.532000,11780,11781,11781,1
2020-02-13,15:31:42.532000,11780,11781,11781,1
2020-02-13,15:31:42.532000,11780,11781,11781,1
2020-02-13,15:31:42.533000,11780,11781,11781,1
2020-02-13,15:31:42.534000,11780,11781,11781,1
2020-02-13,15:31:42.535000,11780,11781,11781,1
2020-02-13,15:31:42.536000,11780,11781,11781,1
2020-02-13,15:31:43.635000,11780,11781,11780,1
2020-02-13,15:31:46.272000,11780,11781,11780,1
2020-02-13,15:31:52.070000,11780,11781,11780,1
2020-02-13,15:32:01.601000,11780,11781,11780,1
2020-02-13,15:32:13.612000,11780,11781,11781,10
2020-02-13,15:32:13.612000,11780,11781,11781,1
2020-02-13,15:32:13.753000,11781,11782,11781,1
2020-02-13,15:32:24.449000,11781,11782,11781,1
2020-02-13,15:32:25.649000,11781,11782,11781,1
2020-02-13,15:32:37.286000,11781,11782,11782,1
2020-02-13,15:32:38.084000,11781,11782,11782,1
2020-02-13,15:32:38.705000,11781,11782,11782,1
2020-02-13,15:32:41.179000,11781,11782,11782,1
2020-02-13,15:32:54.249000,11781,11782,11782,3
2020-02-13,15:32:55.172000,11781,11782,11782,2
2020-02-13,15:32:57.038000,11781,11782,11782,1
2020-02-13,15:33:00.063000,11781,11782,11782,1
2020-02-13,15:33:08.104000,11781,11782,11782,1
2020-02-13,15:33:12.997000,11781,11782,11782,2
2020-02-13,15:33:15.419000,11781,11782,11782,1
2020-02-13,15:33:15.434000,11781,11782,11782,1
2020-02-13,15:33:15.961000,11781,11782,11782,10
2020-02-13,15:33:18.877000,11782,11783,11782,1
2020-02-13,15:33:19.522000,11782,11783,11783,1
2020-02-13,15:33:19.743000,11782,11783,11782,2
2020-02-13,15:33:19.856000,11782,11783,11783,2
2020-02-13,15:33:20.406000,11782,11783,11783,3
2020-02-13,15:33:20.522000,11782,11783,11783,1
2020-02-13,15:33:20.522000,11782,11783,11783,3
2020-02-13,15:33:22.021000,11782,11783,11782,4
2020-02-13,15:33:22.481000,11782,11783,11783,3
2020-02-13,15:33:23.133000,11782,11783,11782,1
2020-02-13,15:33:23.868000,11782,11783,11783,1
2020-02-13,15:33:24.034000,11782,11783,11783,1
2020-02-13,15:33:28.612000,11783,11784,11783,1
2020-02-13,15:33:28.680000,11782,11783,11783,1
2020-02-13,15:33:28.882000,11782,11783,11783,2
2020-02-13,15:33:29.404000,11782,11783,11783,1
2020-02-13,15:33:30.945000,11783,11784,11783,1
2020-02-13,15:33:36.485000,11783,11784,11783,1
2020-02-13,15:33:38.855000,11783,11784,11783,1
2020-02-13,15:33:40.994000,11783,11784,11784,1
2020-02-13,15:33:41.040000,11783,11784,11784,3
2020-02-13,15:33:41.058000,11783,11784,11784,1
2020-02-13,15:33:41.076000,11783,11784,11784,1
2020-02-13,15:33:45.040000,11783,11784,11784,5
2020-02-13,15:33:48.884000,11783,11784,11783,1
2020-02-13,15:33:50.574000,11783,11784,11784,1
2020-02-13,15:33:50.873000,11783,11784,11784,4
2020-02-13,15:33:50.922000,11783,11784,11784,2
2020-02-13,15:33:50.923000,11783,11784,11784,5
2020-02-13,15:33:50.924000,11783,11784,11784,4
2020-02-13,15:33:51.734000,11783,11784,11784,2
2020-02-13,15:33:51.734000,11783,11784,11785,48
2020-02-13,15:33:51.883000,11784,11786,11786,1
2020-02-13,15:33:51.897000,11785,11786,11786,5
2020-02-13,15:33:51.967000,11785,11786,11786,5
2020-02-13,15:33:52.175000,11785,11786,11786,5
2020-02-13,15:33:52.206000,11785,11786,11786,1
2020-02-13,15:33:52.218000,11785,11786,11786,2
2020-02-13,15:33:52.218000,11785,11786,11787,10
2020-02-13,15:33:52.272000,11785,11786,11786,1
2020-02-13,15:33:52.321000,11785,11786,11787,1
2020-02-13,15:33:52.326000,11785,11786,11787,1
2020-02-13,15:33:52.340000,11785,11786,11787,1
2020-02-13,15:33:52.405000,11786,11787,11787,1
2020-02-13,15:33:53.970000,11786,11787,11787,1
2020-02-13,15:33:54.353000,11786,11787,11787,2
2020-02-13,15:33:56.595000,11786,11787,11787,3
2020-02-13,15:33:58.288000,11786,11787,11787,6
2020-02-13,15:33:58.910000,11786,11787,11787,1
2020-02-13,15:33:59.786000,11786,11787,11787,1
2020-02-13,15:34:01.887000,11786,11787,11786,11
2020-02-13,15:34:02.957000,11785,11786,11786,5
2020-02-13,15:34:03.702000,11785,11786,11785,5
2020-02-13,15:34:03.710000,11785,11786,11786,1
2020-02-13,15:34:03.710000,11785,11786,11787,4
2020-02-13,15:34:05.775000,11785,11786,11785,1
2020-02-13,15:34:06.022000,11785,11786,11785,1
2020-02-13,15:34:07.118000,11784,11786,11786,1
2020-02-13,15:34:09.263000,11785,11786,11785,1
2020-02-13,15:34:14.204000,11785,11786,11786,1
2020-02-13,15:34:16.723000,11785,11786,11786,3
2020-02-13,15:34:18.503000,11785,11786,11786,1
2020-02-13,15:34:20.448000,11785,11786,11785,1
2020-02-13,15:34:25.083000,11785,11786,11785,3
2020-02-13,15:34:25.577000,11784,11785,11784,14
2020-02-13,15:34:26.091000,11783,11784,11784,1
2020-02-13,15:34:31.552000,11783,11784,11783,1
2020-02-13,15:34:32.386000,11783,11784,11783,1
2020-02-13,15:34:35.652000,11783,11784,11784,2
2020-02-13,15:34:40.153000,11783,11784,11784,1
2020-02-13,15:34:41.970000,11783,11784,11784,1
2020-02-13,15:34:42.430000,11783,11784,11784,1
2020-02-13,15:34:43.563000,11784,11785,11785,1
2020-02-13,15:34:46.655000,11784,11785,11784,1
2020-02-13,15:34:47.230000,11784,11785,11785,8
2020-02-13,15:34:48.338000,11785,11786,11785,1
2020-02-13,15:34:48.742000,11785,11786,11785,1
2020-02-13,15:34:50.375000,11785,11786,11785,1
2020-02-13,15:34:51.098000,11785,11786,11785,1
2020-02-13,15:35:02.352000,11785,11786,11786,10
2020-02-13,15:35:02.660000,11785,11786,11786,10
2020-02-13,15:35:05.950000,11785,11786,11786,5
2020-02-13,15:35:06.966000,11785,11786,11786,3
2020-02-13,15:35:07.625000,11785,11787,11787,1
2020-02-13,15:35:09.351000,11785,11786,11786,1
2020-02-13,15:35:10.071000,11785,11786,11786,1
2020-02-13,15:35:13.532000,11785,11786,11786,1
2020-02-13,15:35:14.928000,11785,11786,11786,1
2020-02-13,15:35:16.259000,11785,11786,11786,1
2020-02-13,15:35:17.407000,11786,11787,11786,2
2020-02-13,15:35:17.641000,11786,11787,11786,5
2020-02-13,15:35:17.949000,11786,11787,11787,2
2020-02-13,15:35:19.338000,11786,11787,11787,10
2020-02-13,15:35:21.247000,11786,11787,11787,5
2020-02-13,15:35:23.190000,11786,11787,11786,2
2020-02-13,15:35:25.034000,11786,11787,11786,2
2020-02-13,15:35:25.147000,11786,11787,11786,2
2020-02-13,15:35:25.314000,11785,11786,11785,1
2020-02-13,15:35:25.798000,11785,11786,11786,2
2020-02-13,15:35:26.239000,11785,11786,11786,1
2020-02-13,15:35:26.358000,11785,11786,11786,10
2020-02-13,15:35:28.996000,11785,11786,11785,1
2020-02-13,15:35:30.811000,11785,11786,11786,1
2020-02-13,15:35:31.413000,11785,11786,11785,1
2020-02-13,15:35:31.413000,11785,11786,11785,4
2020-02-13,15:35:31.413000,11785,11786,11785,4
2020-02-13,15:35:31.415000,11785,11786,11785,4
2020-02-13,15:35:31.415000,11785,11786,11785,2
2020-02-13,15:35:31.417000,11785,11786,11785,4
2020-02-13,15:35:31.522000,11785,11786,11785,1
2020-02-13,15:35:31.522000,11785,11786,11785,8
2020-02-13,15:35:33.389000,11784,11785,11784,7
2020-02-13,15:35:34.037000,11784,11785,11785,1
2020-02-13,15:35:34.153000,11784,11785,11784,1
2020-02-13,15:35:34.172000,11784,11785,11784,1
2020-02-13,15:35:34.172000,11784,11785,11785,1
2020-02-13,15:35:34.196000,11784,11785,11785,2
2020-02-13,15:35:34.528000,11784,11785,11785,2
2020-02-13,15:35:37.980000,11785,11786,11785,7
2020-02-13,15:35:37.980000,11785,11786,11784,15
2020-02-13,15:35:41.664000,11784,11785,11785,1
2020-02-13,15:35:42.542000,11784,11786,11784,1
2020-02-13,15:35:44.530000,11784,11785,11784,10
2020-02-13,15:35:45.629000,11784,11785,11784,10
2020-02-13,15:35:49.070000,11784,11785,11784,5
2020-02-13,15:35:50.197000,11784,11785,11784,1
2020-02-13,15:35:51.904000,11784,11785,11784,5
2020-02-13,15:35:52.392000,11784,11785,11784,6
2020-02-13,15:35:52.397000,11783,11784,11784,1
2020-02-13,15:35:55.119000,11784,11785,11784,1
2020-02-13,15:35:56.273000,11784,11785,11784,1
2020-02-13,15:36:01.671000,11784,11785,11784,1
2020-02-13,15:36:02.356000,11784,11785,11784,1
2020-02-13,15:36:14.811000,11784,11785,11785,1
2020-02-13,15:36:18.768000,11784,11785,11785,1
2020-02-13,15:36:26.816000,11784,11785,11785,1
2020-02-13,15:36:41.414000,11784,11785,11785,1
2020-02-13,15:36:53.597000,11784,11785,11785,1
2020-02-13,15:36:53.597000,11784,11785,11785,12
2020-02-13,15:36:59.225000,11785,11786,11786,2
2020-02-13,15:36:59.225000,11785,11786,11786,6
2020-02-13,15:36:59.226000,11785,11786,11786,2
2020-02-13,15:36:59.226000,11785,11786,11786,1
2020-02-13,15:37:01.297000,11785,11787,11785,1
2020-02-13,15:37:05.412000,11785,11787,11787,5
2020-02-13,15:37:05.439000,11785,11787,11787,1
2020-02-13,15:37:09.813000,11786,11787,11786,1
2020-02-13,15:37:20.158000,11786,11787,11786,1
2020-02-13,15:37:31.861000,11786,11787,11786,1
2020-02-13,15:37:32.792000,11786,11787,11786,2
2020-02-13,15:37:34.918000,11786,11787,11786,1
2020-02-13,15:37:40.100000,11786,11787,11786,5
2020-02-13,15:37:43.881000,11786,11787,11786,2
2020-02-13,15:37:43.899000,11786,11787,11786,2
2020-02-13,15:37:44.265000,11786,11787,11786,4
2020-02-13,15:37:44.272000,11786,11787,11786,2
2020-02-13,15:37:45.459000,11785,11786,11786,1
2020-02-13,15:37:50.166000,11785,11786,11785,2
2020-02-13,15:37:50.166000,11785,11786,11785,2
2020-02-13,15:38:01.004000,11785,11786,11785,1
2020-02-13,15:38:03.833000,11785,11786,11786,9
2020-02-13,15:38:10.446000,11786,11787,11786,1
2020-02-13,15:38:13.248000,11786,11787,11786,2
2020-02-13,15:38:22.017000,11786,11787,11786,2
2020-02-13,15:38:22.023000,11786,11787,11786,2
2020-02-13,15:38:23.744000,11786,11787,11786,2
2020-02-13,15:38:30.038000,11786,11787,11786,1
2020-02-13,15:38:31.007000,11786,11787,11786,2
2020-02-13,15:38:35.059000,11785,11786,11786,5
2020-02-13,15:38:35.059000,11785,11786,11787,18
2020-02-13,15:38:35.383000,11786,11787,11786,1
2020-02-13,15:38:39.801000,11786,11787,11787,3
2020-02-13,15:38:41.377000,11787,11788,11787,1
2020-02-13,15:38:43.863000,11787,11788,11787,15
2020-02-13,15:38:51.792000,11786,11787,11787,1
2020-02-13,15:38:53.068000,11786,11787,11787,1
2020-02-13,15:38:53.134000,11786,11787,11787,2
2020-02-13,15:38:53.368000,11786,11787,11786,3
2020-02-13,15:38:55.137000,11786,11787,11786,3
2020-02-13,15:38:58.515000,11785,11786,11785,5
2020-02-13,15:38:58.789000,11785,11786,11785,8
2020-02-13,15:38:59.298000,11784,11785,11784,1
2020-02-13,15:39:11.760000,11784,11785,11785,1
2020-02-13,15:39:20.685000,11784,11785,11784,5
2020-02-13,15:39:33.007000,11784,11785,11785,1
2020-02-13,15:39:33.756000,11784,11785,11784,5
2020-02-13,15:39:33.858000,11784,11785,11784,1
2020-02-13,15:39:37.598000,11784,11785,11784,1
2020-02-13,15:39:38.549000,11784,11785,11784,5
2020-02-13,15:39:40.067000,11784,11785,11784,1
2020-02-13,15:39:41.285000,11784,11785,11784,1
2020-02-13,15:39:53.889000,11784,11785,11784,1
2020-02-13,15:39:59.273000,11784,11785,11784,1
2020-02-13,15:39:59.999000,11784,11785,11785,2
2020-02-13,15:40:02.812000,11784,11785,11784,1
2020-02-13,15:40:14.195000,11784,11785,11785,2
2020-02-13,15:40:15.477000,11784,11785,11785,2
2020-02-13,15:40:19.691000,11784,11785,11785,26
2020-02-13,15:40:22.717000,11785,11786,11785,5
2020-02-13,15:40:23.017000,11784,11785,11785,1
2020-02-13,15:40:23.312000,11784,11785,11785,1
2020-02-13,15:40:39.568000,11784,11785,11785,2
2020-02-13,15:40:44.513000,11784,11785,11785,10
2020-02-13,15:40:47.436000,11785,11786,11786,1
2020-02-13,15:40:55.290000,11785,11786,11786,1
2020-02-13,15:41:03.795000,11785,11786,11786,1
2020-02-13,15:41:04.092000,11785,11786,11785,1
2020-02-13,15:41:40.501000,11785,11786,11785,1
2020-02-13,15:41:44.318000,11785,11786,11786,3
2020-02-13,15:41:55.342000,11785,11786,11786,1
2020-02-13,15:41:56.673000,11785,11786,11785,1
2020-02-13,15:41:56.826000,11785,11786,11785,2
2020-02-13,15:41:57.421000,11785,11786,11786,2
2020-02-13,15:41:57.792000,11785,11786,11785,2
2020-02-13,15:42:06.624000,11785,11786,11785,7
2020-02-13,15:42:10.262000,11784,11785,11784,1
2020-02-13,15:42:13.282000,11784,11785,11784,2
2020-02-13,15:42:27.719000,11784,11785,11784,1
2020-02-13,15:42:32.982000,11784,11785,11784,1
2020-02-13,15:42:53.532000,11784,11785,11784,1
2020-02-13,15:42:54.241000,11784,11785,11784,1
2020-02-13,15:42:54.526000,11784,11785,11784,1
2020-02-13,15:42:56.568000,11784,11785,11784,1
2020-02-13,15:43:05.010000,11784,11785,11784,1
2020-02-13,15:43:06.686000,11784,11785,11784,2
2020-02-13,15:43:12.790000,11784,11785,11784,21
2020-02-13,15:43:13.512000,11783,11784,11783,5
2020-02-13,15:43:18.491000,11782,11783,11783,1
2020-02-13,15:43:28.632000,11782,11783,11782,14
2020-02-13,15:43:28.632000,11782,11783,11782,5
2020-02-13,15:43:28.647000,11782,11783,11782,1
2020-02-13,15:43:29.431000,11781,11783,11781,1
2020-02-13,15:43:31.556000,11781,11782,11781,1
2020-02-13,15:43:31.901000,11781,11782,11781,1
2020-02-13,15:43:34.272000,11781,11782,11782,2
2020-02-13,15:43:43.732000,11781,11782,11782,2
2020-02-13,15:43:44.008000,11782,11783,11782,2
2020-02-13,15:43:44.013000,11782,11783,11782,1
2020-02-13,15:43:49.006000,11782,11783,11782,1
2020-02-13,15:43:59.947000,11782,11783,11782,5
2020-02-13,15:44:05.147000,11782,11783,11782,1
2020-02-13,15:44:06.038000,11781,11782,11781,1
2020-02-13,15:44:06.038000,11781,11782,11781,6
2020-02-13,15:44:06.065000,11781,11782,11781,1
2020-02-13,15:44:06.066000,11781,11782,11781,1
2020-02-13,15:44:06.070000,11781,11782,11781,1
2020-02-13,15:44:06.070000,11781,11782,11781,2
2020-02-13,15:44:06.070000,11781,11782,11781,1
2020-02-13,15:44:21.242000,11781,11782,11781,1
2020-02-13,15:44:22.877000,11780,11781,11781,2
2020-02-13,15:44:24.114000,11781,11782,11781,1
2020-02-13,15:44:24.897000,11781,11782,11781,1
2020-02-13,15:44:31.946000,11780,11781,11781,1
2020-02-13,15:44:32.147000,11780,11781,11781,2
2020-02-13,15:44:36.042000,11781,11782,11781,1
2020-02-13,15:44:40.761000,11781,11782,11781,1
2020-02-13,15:44:46.675000,11781,11782,11781,1
2020-02-13,15:44:53.393000,11781,11782,11781,1
2020-02-13,15:44:58.035000,11781,11782,11781,1
2020-02-13,15:44:59.639000,11781,11782,11781,1
2020-02-13,15:45:04.967000,11780,11781,11781,2
2020-02-13,15:45:04.968000,11780,11781,11781,9
2020-02-13,15:45:05.563000,11781,11782,11781,1
2020-02-13,15:45:07.414000,11781,11782,11781,1
2020-02-13,15:45:16.160000,11781,11782,11781,10
2020-02-13,15:45:16.773000,11780,11782,11780,1
2020-02-13,15:45:17.822000,11781,11782,11782,1
2020-02-13,15:45:19.873000,11781,11782,11781,5
2020-02-13,15:45:21.939000,11781,11782,11781,1
2020-02-13,15:45:25.665000,11781,11782,11781,1
2020-02-13,15:45:25.666000,11781,11782,11781,1
2020-02-13,15:45:25.667000,11781,11782,11781,3
2020-02-13,15:45:26.486000,11781,11782,11781,1
2020-02-13,15:45:27.550000,11781,11782,11781,1
2020-02-13,15:45:30.844000,11781,11782,11782,1
2020-02-13,15:45:31.123000,11781,11782,11781,1
2020-02-13,15:45:32.001000,11781,11782,11781,6
2020-02-13,15:45:34.603000,11781,11782,11781,1
2020-02-13,15:45:38.757000,11781,11782,11781,1
2020-02-13,15:45:40.540000,11781,11782,11781,1
2020-02-13,15:45:48.248000,11781,11782,11781,10
2020-02-13,15:45:55.905000,11780,11781,11781,1
2020-02-13,15:46:02.025000,11780,11781,11781,2
2020-02-13,15:46:05.573000,11780,11781,11781,1
2020-02-13,15:46:05.772000,11780,11781,11781,1
2020-02-13,15:46:06.252000,11780,11782,11780,1
2020-02-13,15:46:08.838000,11780,11781,11781,1
2020-02-13,15:46:09.897000,11780,11781,11781,1
2020-02-13,15:46:12.402000,11780,11782,11780,2
2020-02-13,15:46:18.522000,11780,11781,11781,5
2020-02-13,15:46:37.272000,11780,11781,11781,6
2020-02-13,15:46:37.397000,11780,11781,11781,2
2020-02-13,15:46:41.492000,11781,11782,11781,1
2020-02-13,15:46:51.887000,11780,11781,11780,5
2020-02-13,15:46:52.033000,11780,11781,11781,1
2020-02-13,15:46:57.540000,11781,11782,11781,1
2020-02-13,15:46:59.690000,11781,11782,11781,1
2020-02-13,15:47:01.284000,11780,11781,11781,1
2020-02-13,15:47:12.222000,11780,11781,11781,1
2020-02-13,15:47:12.222000,11780,11781,11781,7
2020-02-13,15:47:51.902000,11781,11782,11782,4
2020-02-13,15:47:52.022000,11781,11782,11782,8
2020-02-13,15:47:52.022000,11781,11782,11782,1
2020-02-13,15:47:52.022000,11781,11782,11782,2
2020-02-13,15:47:52.022000,11781,11782,11782,1
2020-02-13,15:47:52.022000,11781,11782,11782,15
2020-02-13,15:47:52.148000,11782,11783,11783,4
2020-02-13,15:47:52.272000,11782,11783,11783,1
2020-02-13,15:47:52.274000,11782,11783,11783,1
2020-02-13,15:47:52.286000,11782,11783,11783,1
2020-02-13,15:48:17.179000,11781,11782,11782,1
2020-02-13,15:48:19.093000,11781,11782,11782,1
2020-02-13,15:48:19.380000,11781,11782,11782,1
2020-02-13,15:48:19.595000,11782,11783,11783,1
2020-02-13,15:48:19.640000,11782,11783,11782,6
2020-02-13,15:48:25.412000,11782,11783,11782,1
2020-02-13,15:48:26.604000,11781,11782,11782,1
2020-02-13,15:48:41.820000,11781,11782,11782,1
2020-02-13,15:48:42.561000,11781,11782,11782,1
2020-02-13,15:48:43.552000,11781,11782,11782,1
2020-02-13,15:49:04.114000,11781,11782,11782,1
2020-02-13,15:49:20.272000,11781,11782,11781,16
2020-02-13,15:49:30.802000,11780,11781,11781,1
2020-02-13,15:49:50.870000,11780,11781,11781,1
2020-02-13,15:50:00.632000,11780,11781,11780,7
2020-02-13,15:50:00.854000,11780,11781,11781,1
2020-02-13,15:50:03.909000,11780,11781,11780,5
2020-02-13,15:50:04.039000,11780,11781,11780,1
2020-02-13,15:50:04.625000,11780,11781,11780,4
2020-02-13,15:50:07.346000,11780,11781,11780,2
2020-02-13,15:50:12.251000,11780,11781,11780,2
2020-02-13,15:50:14.824000,11780,11781,11780,14
2020-02-13,15:50:17.688000,11779,11780,11779,7
2020-02-13,15:50:24.588000,11778,11779,11778,4
2020-02-13,15:50:24.809000,11778,11779,11778,1
2020-02-13,15:50:25.179000,11778,11779,11779,1
2020-02-13,15:50:35.067000,11778,11779,11778,4
2020-02-13,15:50:35.075000,11778,11779,11778,4
2020-02-13,15:50:35.077000,11778,11779,11778,5
2020-02-13,15:50:47.327000,11777,11778,11778,1
2020-02-13,15:50:50.014000,11777,11778,11777,2
2020-02-13,15:50:53.051000,11777,11778,11777,6
2020-02-13,15:50:53.147000,11777,11778,11777,3
2020-02-13,15:50:58.497000,11776,11777,11777,1
2020-02-13,15:51:01.603000,11776,11777,11776,4
2020-02-13,15:51:01.921000,11776,11777,11776,1
2020-02-13,15:51:02.212000,11776,11777,11776,23
2020-02-13,15:51:10.025000,11775,11776,11775,1
2020-02-13,15:51:10.171000,11775,11776,11775,5
2020-02-13,15:51:10.426000,11775,11776,11775,1
2020-02-13,15:51:10.792000,11775,11776,11775,1
2020-02-13,15:51:11.052000,11775,11776,11775,1
2020-02-13,15:51:11.321000,11775,11776,11775,1
2020-02-13,15:51:11.578000,11775,11776,11775,1
2020-02-13,15:51:11.857000,11775,11776,11775,1
2020-02-13,15:51:12.420000,11775,11776,11775,1
2020-02-13,15:51:15.255000,11775,11776,11775,1
2020-02-13,15:51:17.532000,11775,11776,11775,1
2020-02-13,15:51:18.274000,11775,11776,11775,1
2020-02-13,15:51:18.366000,11775,11776,11775,2
2020-02-13,15:51:19.183000,11775,11776,11775,3
2020-02-13,15:51:20.545000,11775,11776,11775,1
2020-02-13,15:51:21.536000,11775,11776,11775,1
2020-02-13,15:51:21.536000,11775,11776,11775,1
2020-02-13,15:51:21.536000,11775,11776,11775,3
2020-02-13,15:51:21.536000,11775,11776,11775,3
2020-02-13,15:51:21.537000,11775,11776,11775,3
2020-02-13,15:51:21.537000,11775,11776,11775,1
2020-02-13,15:51:21.590000,11775,11776,11775,1
2020-02-13,15:51:21.592000,11775,11776,11775,1
2020-02-13,15:51:21.594000,11775,11776,11775,1
2020-02-13,15:51:21.647000,11775,11776,11775,4
2020-02-13,15:51:23.792000,11774,11775,11774,9
2020-02-13,15:51:24.135000,11774,11775,11774,7
2020-02-13,15:51:24.428000,11773,11774,11773,2
2020-02-13,15:51:24.878000,11773,11774,11773,1
2020-02-13,15:51:26.267000,11773,11774,11773,2
2020-02-13,15:51:27.216000,11773,11774,11773,1
2020-02-13,15:51:29.559000,11773,11774,11773,1
2020-02-13,15:51:31.196000,11773,11774,11773,25
2020-02-13,15:51:31.586000,11773,11774,11774,1
2020-02-13,15:51:31.755000,11773,11774,11773,1
2020-02-13,15:51:31.894000,11773,11774,11773,1
2020-02-13,15:51:32.654000,11773,11774,11773,1
2020-02-13,15:51:34.133000,11773,11774,11773,1
2020-02-13,15:51:34.264000,11773,11774,11773,2
2020-02-13,15:51:34.368000,11773,11774,11773,1
2020-02-13,15:51:34.387000,11773,11774,11773,1
2020-02-13,15:51:36.144000,11773,11774,11773,2
2020-02-13,15:51:36.647000,11773,11774,11774,9
2020-02-13,15:51:36.852000,11773,11775,11774,1
2020-02-13,15:51:37.389000,11774,11775,11774,1
2020-02-13,15:51:39.356000,11774,11775,11774,1
2020-02-13,15:51:41.471000,11774,11775,11775,1
2020-02-13,15:51:42.922000,11774,11775,11774,1
2020-02-13,15:51:45.552000,11774,11775,11775,1
2020-02-13,15:51:47.072000,11774,11775,11775,1
2020-02-13,15:51:52.006000,11774,11775,11774,1
2020-02-13,15:51:52.082000,11774,11775,11775,1
2020-02-13,15:51:52.269000,11774,11775,11775,1
2020-02-13,15:51:56.983000,11774,11775,11774,2
2020-02-13,15:52:01.135000,11774,11775,11774,1
2020-02-13,15:52:02.343000,11774,11775,11774,5
2020-02-13,15:52:02.375000,11774,11775,11774,5
2020-02-13,15:52:02.397000,11774,11775,11774,11
2020-02-13,15:52:02.397000,11774,11775,11774,3
2020-02-13,15:52:04.391000,11773,11775,11773,1
2020-02-13,15:52:05.110000,11773,11774,11774,3
2020-02-13,15:52:06.181000,11773,11774,11774,1
2020-02-13,15:52:06.181000,11773,11774,11775,1
2020-02-13,15:52:06.251000,11773,11774,11773,1
2020-02-13,15:52:09.016000,11773,11774,11774,4
2020-02-13,15:52:09.750000,11774,11775,11774,1
2020-02-13,15:52:09.972000,11774,11775,11774,1
2020-02-13,15:52:11.953000,11774,11775,11774,1
2020-02-13,15:52:12.677000,11773,11775,11773,1
2020-02-13,15:52:13.523000,11773,11774,11773,1
2020-02-13,15:52:14.205000,11773,11774,11774,1
2020-02-13,15:52:14.724000,11773,11774,11774,1
2020-02-13,15:52:16.911000,11774,11775,11775,1
2020-02-13,15:52:19.648000,11774,11775,11775,2
2020-02-13,15:52:19.648000,11774,11775,11775,3
2020-02-13,15:52:19.648000,11774,11775,11775,3
2020-02-13,15:52:19.648000,11774,11775,11775,14
2020-02-13,15:52:19.648000,11774,11775,11775,2
2020-02-13,15:52:19.648000,11774,11775,11775,1
2020-02-13,15:52:19.648000,11774,11775,11775,1
2020-02-13,15:52:19.648000,11774,11775,11775,3
2020-02-13,15:52:19.649000,11774,11775,11775,1
2020-02-13,15:52:19.649000,11774,11775,11775,3
2020-02-13,15:52:19.649000,11774,11775,11775,3
2020-02-13,15:52:19.649000,11774,11775,11775,3
2020-02-13,15:52:19.649000,11774,11775,11775,6
2020-02-13,15:52:19.649000,11774,11775,11775,1
2020-02-13,15:52:19.649000,11774,11775,11775,1
2020-02-13,15:52:19.649000,11774,11775,11775,3
2020-02-13,15:52:19.649000,11774,11775,11775,3
2020-02-13,15:52:19.710000,11774,11775,11775,1
2020-02-13,15:52:19.710000,11774,11775,11776,9
2020-02-13,15:52:19.710000,11774,11775,11776,14
2020-02-13,15:52:19.773000,11775,11776,11776,1
2020-02-13,15:52:19.773000,11775,11776,11776,11
2020-02-13,15:52:19.773000,11775,11776,11776,8
2020-02-13,15:52:19.891000,11775,11776,11776,1
2020-02-13,15:52:19.899000,11776,11777,11776,4
2020-02-13,15:52:19.918000,11776,11777,11776,2
2020-02-13,15:52:21.472000,11776,11777,11776,1
2020-02-13,15:52:23.472000,11775,11776,11776,1
2020-02-13,15:52:24.963000,11775,11776,11775,1
2020-02-13,15:52:25.410000,11775,11776,11776,2
2020-02-13,15:52:26.310000,11775,11776,11776,1
2020-02-13,15:52:27.272000,11776,11777,11776,1
2020-02-13,15:52:27.911000,11775,11776,11776,1
2020-02-13,15:52:35.408000,11775,11776,11776,1
2020-02-13,15:52:37.998000,11775,11776,11775,1
2020-02-13,15:52:39.085000,11775,11776,11776,4
2020-02-13,15:52:39.542000,11775,11777,11775,4
2020-02-13,15:52:39.847000,11776,11777,11776,1
2020-02-13,15:52:48.972000,11776,11777,11776,1
2020-02-13,15:52:50.505000,11775,11777,11776,1
2020-02-13,15:52:50.522000,11776,11777,11776,2
2020-02-13,15:52:50.882000,11775,11777,11777,2
2020-02-13,15:52:57.578000,11775,11777,11777,1
2020-02-13,15:52:58.369000,11776,11777,11776,4
2020-02-13,15:53:00.384000,11775,11776,11775,1
2020-02-13,15:53:05.634000,11775,11776,11775,7
2020-02-13,15:53:05.647000,11775,11776,11775,3
2020-02-13,15:53:12.022000,11775,11776,11775,2
2020-02-13,15:53:13.722000,11774,11776,11774,1
2020-02-13,15:53:18.772000,11775,11776,11775,2
2020-02-13,15:53:22.247000,11775,11776,11776,1
2020-02-13,15:53:27.608000,11775,11776,11776,1
2020-02-13,15:53:36.026000,11775,11776,11776,1
2020-02-13,15:53:44.613000,11775,11776,11775,1
2020-02-13,15:53:44.667000,11775,11776,11775,2
2020-02-13,15:53:44.667000,11775,11776,11775,1
2020-02-13,15:53:44.667000,11775,11776,11775,1
2020-02-13,15:53:44.667000,11775,11776,11775,5
2020-02-13,15:53:44.667000,11775,11776,11775,1
2020-02-13,15:53:45.153000,11774,11775,11774,10
2020-02-13,15:53:45.325000,11774,11775,11774,3
2020-02-13,15:53:45.397000,11774,11775,11774,13
2020-02-13,15:53:45.397000,11774,11775,11774,1
2020-02-13,15:53:45.397000,11774,11775,11774,1
2020-02-13,15:53:45.397000,11774,11775,11774,3
2020-02-13,15:53:45.407000,11774,11775,11774,4
2020-02-13,15:53:45.522000,11774,11775,11774,2
2020-02-13,15:53:45.522000,11774,11775,11774,19
2020-02-13,15:53:45.522000,11774,11775,11774,1
2020-02-13,15:53:45.522000,11774,11775,11774,4
2020-02-13,15:53:45.522000,11774,11775,11774,4
2020-02-13,15:53:45.522000,11774,11775,11774,12
2020-02-13,15:53:45.522000,11774,11775,11774,3
2020-02-13,15:53:46.052000,11773,11774,11773,9
2020-02-13,15:53:46.351000,11773,11774,11773,10
2020-02-13,15:53:46.777000,11772,11774,11772,1
2020-02-13,15:53:46.917000,11772,11774,11772,5
2020-02-13,15:53:47.256000,11772,11774,11772,1
2020-02-13,15:53:47.280000,11772,11774,11774,1
2020-02-13,15:53:51.773000,11772,11774,11772,1
2020-02-13,15:53:59.454000,11772,11773,11772,5
2020-02-13,15:54:01.415000,11772,11773,11772,1
2020-02-13,15:54:08.647000,11772,11773,11773,6
2020-02-13,15:54:09.142000,11773,11774,11773,8
2020-02-13,15:54:10.017000,11773,11774,11773,1
2020-02-13,15:54:10.389000,11772,11774,11773,2
2020-02-13,15:54:13.647000,11773,11774,11774,11
2020-02-13,15:54:13.972000,11774,11775,11774,1
2020-02-13,15:54:21.397000,11773,11774,11774,1
2020-02-13,15:54:29.816000,11774,11775,11774,1
2020-02-13,15:54:38.331000,11774,11775,11774,1
2020-02-13,15:54:51.395000,11774,11775,11774,1
2020-02-13,15:54:53.826000,11774,11775,11774,1
2020-02-13,15:54:57.938000,11773,11774,11774,1
2020-02-13,15:54:59.533000,11773,11774,11773,1
2020-02-13,15:55:04.165000,11773,11774,11773,5
2020-02-13,15:55:04.720000,11773,11774,11773,2
2020-02-13,15:55:06.666000,11773,11774,11773,1
2020-02-13,15:55:14.480000,11773,11774,11773,5
2020-02-13,15:55:14.501000,11773,11774,11774,1
2020-02-13,15:55:17.522000,11773,11774,11774,12
2020-02-13,15:55:28.102000,11773,11774,11774,1
2020-02-13,15:55:31.376000,11773,11774,11773,25
2020-02-13,15:55:32.124000,11773,11774,11773,5
2020-02-13,15:55:41.549000,11773,11774,11773,5
2020-02-13,15:55:43.772000,11773,11774,11774,3
2020-02-13,15:55:44.905000,11773,11775,11773,1
2020-02-13,15:55:50.955000,11773,11774,11774,5
2020-02-13,15:56:11.093000,11773,11774,11774,2
2020-02-13,15:56:14.897000,11773,11774,11774,3
2020-02-13,15:56:15.240000,11774,11775,11774,5
2020-02-13,15:56:24.759000,11774,11775,11774,5
2020-02-13,15:57:00.036000,11774,11775,11775,1
2020-02-13,15:57:00.962000,11774,11775,11775,4
2020-02-13,15:57:01.022000,11774,11775,11775,8
2020-02-13,15:57:01.022000,11774,11775,11775,1
2020-02-13,15:57:01.147000,11774,11775,11775,2
2020-02-13,15:57:06.940000,11775,11776,11775,1
2020-02-13,15:57:11.300000,11775,11776,11775,1
2020-02-13,15:57:16.875000,11775,11776,11775,1
2020-02-13,15:57:19.573000,11775,11776,11775,1
2020-02-13,15:57:31.930000,11774,11775,11775,1
2020-02-13,15:57:35.291000,11774,11775,11775,1
2020-02-13,15:58:26.041000,11774,11775,11775,1
2020-02-13,15:58:26.864000,11774,11775,11775,1
2020-02-13,15:58:27.785000,11774,11775,11775,1
2020-02-13,15:58:31.629000,11774,11775,11775,7
2020-02-13,15:58:32.480000,11775,11776,11775,1
2020-02-13,15:58:44.889000,11775,11776,11775,1
2020-02-13,15:58:47.034000,11775,11776,11775,2
2020-02-13,15:59:01.289000,11774,11775,11775,1
2020-02-13,15:59:01.687000,11774,11775,11774,1
2020-02-13,15:59:06.628000,11774,11775,11774,15
2020-02-13,15:59:06.647000,11774,11775,11774,16
2020-02-13,15:59:10.728000,11773,11774,11773,3
2020-02-13,15:59:10.728000,11773,11774,11773,1
2020-02-13,15:59:10.728000,11773,11774,11773,1
2020-02-13,15:59:10.729000,11773,11774,11773,5
2020-02-13,15:59:10.729000,11773,11774,11773,2
2020-02-13,15:59:10.729000,11773,11774,11773,5
2020-02-13,15:59:10.729000,11773,11774,11773,3
2020-02-13,15:59:10.729000,11773,11774,11773,3
2020-02-13,15:59:10.729000,11773,11774,11773,3
2020-02-13,15:59:10.730000,11773,11774,11773,4
2020-02-13,15:59:10.730000,11773,11774,11773,3
2020-02-13,15:59:10.730000,11773,11774,11773,1
2020-02-13,15:59:10.730000,11773,11774,11773,3
2020-02-13,15:59:10.730000,11773,11774,11773,3
2020-02-13,15:59:10.731000,11773,11774,11773,1
2020-02-13,15:59:10.733000,11773,11774,11773,1
2020-02-13,15:59:10.765000,11773,11774,11773,1
2020-02-13,15:59:10.768000,11773,11774,11773,5
2020-02-13,15:59:10.772000,11773,11774,11773,13
2020-02-13,15:59:10.772000,11773,11774,11773,3
2020-02-13,15:59:11.327000,11772,11773,11772,1
2020-02-13,15:59:11.327000,11772,11773,11772,2
2020-02-13,15:59:11.328000,11772,11773,11772,1
2020-02-13,15:59:11.357000,11772,11773,11772,1
2020-02-13,15:59:11.357000,11772,11773,11772,11
2020-02-13,15:59:11.357000,11772,11773,11772,2
2020-02-13,15:59:11.358000,11772,11773,11772,9
2020-02-13,15:59:11.397000,11772,11773,11772,1
2020-02-13,15:59:11.523000,11771,11773,11772,2
2020-02-13,15:59:12.065000,11771,11773,11771,1
2020-02-13,15:59:12.302000,11771,11773,11771,1
2020-02-13,15:59:12.359000,11771,11773,11771,1
2020-02-13,15:59:18.085000,11771,11772,11771,4
2020-02-13,15:59:18.105000,11771,11772,11771,2
2020-02-13,15:59:18.107000,11771,11772,11771,2
2020-02-13,15:59:18.118000,11771,11772,11771,1
2020-02-13,15:59:18.147000,11771,11772,11771,2
2020-02-13,15:59:18.162000,11771,11772,11771,1
2020-02-13,15:59:18.219000,11771,11772,11771,1
2020-02-13,15:59:18.265000,11771,11772,11771,2
2020-02-13,15:59:18.265000,11771,11772,11771,1
2020-02-13,15:59:18.265000,11771,11772,11771,1
2020-02-13,15:59:18.267000,11771,11772,11771,2
2020-02-13,15:59:18.267000,11771,11772,11771,4
2020-02-13,15:59:18.272000,11771,11772,11771,1
2020-02-13,15:59:18.272000,11771,11772,11771,4
2020-02-13,15:59:18.272000,11771,11772,11771,4
2020-02-13,15:59:18.330000,11771,11772,11771,1
2020-02-13,15:59:18.330000,11771,11772,11771,2
2020-02-13,15:59:18.330000,11771,11772,11771,1
2020-02-13,15:59:18.330000,11771,11772,11771,1
2020-02-13,15:59:18.330000,11771,11772,11771,1
2020-02-13,15:59:18.331000,11771,11772,11771,1
2020-02-13,15:59:18.331000,11771,11772,11771,1
2020-02-13,15:59:18.331000,11771,11772,11771,1
2020-02-13,15:59:18.331000,11771,11772,11771,7
2020-02-13,15:59:18.331000,11771,11772,11771,1
2020-02-13,15:59:18.332000,11771,11772,11771,2
2020-02-13,15:59:18.947000,11770,11771,11771,2
2020-02-13,15:59:19.592000,11770,11771,11770,1
2020-02-13,15:59:19.639000,11770,11771,11770,1
2020-02-13,15:59:19.696000,11770,11771,11770,1
2020-02-13,15:59:19.704000,11770,11771,11770,1
2020-02-13,15:59:19.821000,11770,11771,11770,1
2020-02-13,15:59:19.822000,11770,11771,11770,1
2020-02-13,15:59:19.833000,11770,11771,11770,2
2020-02-13,15:59:20.040000,11770,11771,11770,23
2020-02-13,15:59:20.049000,11770,11771,11770,2
2020-02-13,15:59:20.147000,11770,11771,11770,2
2020-02-13,15:59:20.147000,11770,11771,11770,1
2020-02-13,15:59:20.161000,11770,11771,11770,1
2020-02-13,15:59:20.209000,11770,11771,11770,2
2020-02-13,15:59:20.389000,11770,11771,11770,5
2020-02-13,15:59:22.189000,11769,11770,11770,1
2020-02-13,15:59:22.381000,11770,11771,11771,1
2020-02-13,15:59:22.578000,11769,11771,11769,1
2020-02-13,15:59:22.835000,11769,11771,11769,1
2020-02-13,15:59:24.004000,11769,11770,11770,1
2020-02-13,15:59:24.260000,11770,11771,11770,3
2020-02-13,15:59:26.032000,11770,11771,11771,1
2020-02-13,15:59:26.367000,11770,11771,11770,1
2020-02-13,15:59:27.466000,11769,11771,11769,1
2020-02-13,15:59:27.704000,11769,11771,11769,1
2020-02-13,15:59:28.568000,11769,11770,11770,1
2020-02-13,15:59:29.961000,11769,11770,11770,1
2020-02-13,15:59:30.646000,11769,11770,11770,1
2020-02-13,15:59:32.453000,11770,11771,11770,1
2020-02-13,15:59:35.943000,11770,11771,11770,1
2020-02-13,15:59:36.772000,11770,11771,11771,13
2020-02-13,15:59:37.279000,11771,11772,11771,1
2020-02-13,15:59:37.540000,11771,11772,11771,1
2020-02-13,15:59:38.617000,11771,11772,11771,1
2020-02-13,15:59:42.671000,11771,11772,11772,6
2020-02-13,15:59:42.671000,11771,11772,11772,2
2020-02-13,15:59:42.743000,11771,11772,11771,1
2020-02-13,15:59:44.037000,11771,11772,11771,7
2020-02-13,15:59:44.037000,11771,11772,11771,3
2020-02-13,15:59:46.635000,11771,11772,11771,1
2020-02-13,15:59:48.550000,11771,11772,11771,1
2020-02-13,15:59:51.019000,11771,11772,11771,1
2020-02-13,15:59:57.197000,11771,11772,11771,20
2020-02-13,15:59:57.393000,11770,11771,11771,5
2020-02-13,15:59:57.418000,11770,11771,11771,1
2020-02-13,16:00:00.090000,11770,11771,11771,1
2020-02-13,16:00:00.091000,11770,11771,11771,1
2020-02-13,16:00:00.091000,11770,11771,11771,1
2020-02-13,16:00:00.092000,11770,11771,11771,1
2020-02-13,16:00:00.095000,11770,11771,11771,1
2020-02-13,16:00:00.370000,11770,11771,11771,3
2020-02-13,16:00:00.370000,11770,11771,11770,1
2020-02-13,16:00:00.385000,11770,11771,11770,1
2020-02-13,16:00:00.466000,11770,11771,11770,1
2020-02-13,16:00:00.467000,11770,11771,11770,1
2020-02-13,16:00:00.476000,11770,11771,11770,1
2020-02-13,16:00:00.791000,11770,11771,11770,2
2020-02-13,16:00:02.027000,11770,11771,11771,10
2020-02-13,16:00:02.680000,11770,11772,11770,2
2020-02-13,16:00:02.695000,11770,11772,11770,2
2020-02-13,16:00:04.256000,11770,11771,11770,1
2020-02-13,16:00:05.302000,11770,11771,11770,1
2020-02-13,16:00:05.560000,11770,11771,11770,1
2020-02-13,16:00:05.733000,11770,11771,11770,1
2020-02-13,16:00:05.735000,11770,11771,11770,1
2020-02-13,16:00:05.770000,11770,11771,11770,1
2020-02-13,16:00:05.770000,11770,11771,11770,2
2020-02-13,16:00:05.770000,11770,11771,11770,2
2020-02-13,16:00:05.771000,11770,11771,11770,1
2020-02-13,16:00:07.841000,11769,11770,11770,1
2020-02-13,16:00:08.302000,11769,11770,11769,10
2020-02-13,16:00:08.371000,11769,11770,11770,1
2020-02-13,16:00:08.501000,11769,11770,11769,6
2020-02-13,16:00:11.712000,11768,11769,11769,2
2020-02-13,16:00:11.713000,11768,11769,11769,2
2020-02-13,16:00:11.713000,11768,11769,11769,3
2020-02-13,16:00:13.043000,11769,11770,11769,1
2020-02-13,16:00:14.855000,11769,11770,11769,1
2020-02-13,16:00:19.897000,11769,11770,11769,1
2020-02-13,16:00:20.022000,11769,11770,11769,1
2020-02-13,16:00:20.555000,11768,11769,11768,1
2020-02-13,16:00:20.755000,11768,11770,11768,1
2020-02-13,16:00:20.995000,11768,11769,11768,1
2020-02-13,16:00:21.530000,11768,11769,11769,2
2020-02-13,16:00:21.599000,11768,11769,11768,1
2020-02-13,16:00:22.384000,11768,11769,11769,1
2020-02-13,16:00:23.647000,11769,11770,11770,7
2020-02-13,16:00:23.879000,11770,11771,11770,1
2020-02-13,16:00:27.300000,11770,11771,11771,2
2020-02-13,16:00:27.300000,11770,11771,11771,1
2020-02-13,16:00:27.972000,11771,11772,11771,1
2020-02-13,16:00:28.027000,11771,11772,11772,1
2020-02-13,16:00:28.027000,11771,11772,11772,10
2020-02-13,16:00:28.755000,11771,11773,11771,1
2020-02-13,16:00:28.900000,11771,11773,11773,1
2020-02-13,16:00:29.471000,11772,11773,11773,1
2020-02-13,16:00:29.472000,11772,11773,11773,4
2020-02-13,16:00:29.472000,11772,11773,11773,4
2020-02-13,16:00:29.474000,11772,11773,11773,5
2020-02-13,16:00:29.482000,11772,11773,11773,1
2020-02-13,16:00:30.006000,11773,11774,11773,2
2020-02-13,16:00:30.221000,11773,11774,11773,1
2020-02-13,16:00:30.923000,11773,11774,11774,1
2020-02-13,16:00:31.469000,11773,11774,11774,1
2020-02-13,16:00:32.201000,11773,11774,11774,1
2020-02-13,16:00:32.450000,11773,11774,11773,1
2020-02-13,16:00:33.542000,11773,11774,11774,1
2020-02-13,16:00:33.963000,11773,11774,11773,1
2020-02-13,16:00:34.076000,11773,11774,11774,1
2020-02-13,16:00:34.310000,11773,11774,11774,2
2020-02-13,16:00:34.310000,11773,11774,11774,3
2020-02-13,16:00:35.147000,11774,11775,11774,1
2020-02-13,16:00:35.302000,11774,11775,11775,1
2020-02-13,16:00:36.001000,11774,11775,11775,1
2020-02-13,16:00:37.493000,11774,11775,11774,1
2020-02-13,16:00:41.835000,11773,11775,11773,1
2020-02-13,16:00:45.936000,11773,11774,11774,2
2020-02-13,16:00:45.937000,11773,11774,11774,1
2020-02-13,16:00:45.937000,11773,11774,11774,3
2020-02-13,16:00:45.937000,11773,11774,11774,1
2020-02-13,16:00:45.938000,11773,11774,11774,4
2020-02-13,16:00:45.938000,11773,11774,11774,1
2020-02-13,16:00:55.060000,11774,11775,11775,1
2020-02-13,16:01:03.021000,11774,11775,11774,1
2020-02-13,16:01:03.022000,11774,11775,11774,2
2020-02-13,16:01:03.704000,11773,11774,11774,2
2020-02-13,16:01:04.351000,11773,11774,11773,1
2020-02-13,16:01:07.890000,11773,11774,11774,1
2020-02-13,16:01:14.478000,11774,11775,11774,1
2020-02-13,16:01:22.019000,11773,11774,11774,2
2020-02-13,16:01:26.499000,11774,11775,11774,2
2020-02-13,16:01:30.411000,11774,11775,11774,6
2020-02-13,16:01:31.207000,11773,11774,11774,1
2020-02-13,16:01:34.843000,11773,11774,11774,1
2020-02-13,16:01:37.657000,11773,11774,11774,1
2020-02-13,16:01:48.397000,11773,11774,11773,12
2020-02-13,16:01:48.398000,11773,11774,11773,3
2020-02-13,16:01:55.186000,11772,11773,11773,1
2020-02-13,16:02:09.821000,11772,11773,11773,1
2020-02-13,16:02:12.147000,11772,11773,11772,1
2020-02-13,16:02:13.695000,11772,11773,11772,1
2020-02-13,16:02:14.284000,11772,11773,11772,1
2020-02-13,16:02:15.522000,11771,11772,11772,3
2020-02-13,16:02:20.918000,11772,11773,11772,1
2020-02-13,16:02:21.460000,11772,11773,11773,2
2020-02-13,16:02:33.477000,11772,11773,11773,2
2020-02-13,16:02:54.095000,11772,11773,11773,2
2020-02-13,16:02:54.725000,11773,11774,11773,1
2020-02-13,16:02:55.083000,11773,11774,11774,4
2020-02-13,16:02:56.248000,11773,11775,11773,1
2020-02-13,16:02:56.656000,11773,11775,11773,1
2020-02-13,16:02:56.729000,11773,11775,11773,1
2020-02-13,16:03:06.923000,11773,11774,11773,3
2020-02-13,16:03:06.924000,11773,11774,11773,3
2020-02-13,16:03:11.278000,11772,11773,11773,1
2020-02-13,16:03:11.397000,11772,11773,11773,10
2020-02-13,16:03:11.671000,11773,11774,11773,1
2020-02-13,16:03:52.119000,11773,11774,11774,3
2020-02-13,16:03:59.793000,11774,11775,11774,1
2020-02-13,16:04:03.226000,11774,11775,11774,2
2020-02-13,16:04:04.606000,11773,11774,11774,1
2020-02-13,16:04:10.260000,11773,11774,11774,1
2020-02-13,16:04:10.516000,11773,11774,11774,1
2020-02-13,16:04:10.673000,11773,11774,11774,1
2020-02-13,16:04:12.136000,11773,11774,11774,1
2020-02-13,16:04:12.462000,11773,11774,11774,4
2020-02-13,16:04:29.170000,11773,11774,11774,1
2020-02-13,16:04:44.283000,11773,11774,11773,4
2020-02-13,16:04:44.397000,11772,11773,11773,1
2020-02-13,16:04:47.104000,11773,11774,11773,1
2020-02-13,16:04:54.875000,11773,11774,11774,1
2020-02-13,16:04:56.457000,11773,11774,11774,1
2020-02-13,16:05:02.074000,11773,11774,11774,2
2020-02-13,16:05:06.587000,11774,11775,11774,1
2020-02-13,16:05:14.418000,11774,11775,11775,17
2020-02-13,16:05:14.458000,11774,11775,11775,2
2020-02-13,16:05:14.677000,11775,11776,11775,1
2020-02-13,16:05:16.328000,11775,11776,11775,1
2020-02-13,16:05:19.272000,11775,11776,11776,4
2020-02-13,16:05:19.415000,11775,11776,11776,1
2020-02-13,16:05:23.309000,11776,11777,11776,13
2020-02-13,16:05:25.239000,11775,11776,11776,10
2020-02-13,16:05:25.309000,11775,11776,11776,10
2020-02-13,16:05:32.745000,11776,11777,11776,1
2020-02-13,16:05:34.748000,11776,11777,11776,5
2020-02-13,16:05:34.980000,11776,11777,11776,3
2020-02-13,16:05:37.858000,11775,11776,11776,4
2020-02-13,16:05:39.697000,11775,11776,11775,2
2020-02-13,16:05:42.754000,11774,11775,11774,1
2020-02-13,16:05:43.204000,11774,11775,11774,1
2020-02-13,16:06:05.147000,11775,11776,11775,1
2020-02-13,16:06:07.149000,11774,11775,11775,1
2020-02-13,16:06:07.485000,11774,11775,11775,3
2020-02-13,16:06:11.358000,11774,11775,11774,4
2020-02-13,16:06:25.522000,11773,11774,11774,2
2020-02-13,16:06:25.636000,11773,11774,11774,1
2020-02-13,16:06:25.636000,11773,11774,11774,1
2020-02-13,16:06:28.791000,11773,11774,11774,1
2020-02-13,16:06:30.384000,11773,11774,11774,1
2020-02-13,16:06:32.458000,11774,11775,11774,1
2020-02-13,16:06:52.310000,11774,11775,11774,1
2020-02-13,16:07:01.599000,11774,11775,11775,1
2020-02-13,16:07:18.181000,11774,11775,11774,1
2020-02-13,16:07:21.268000,11774,11775,11774,1
2020-02-13,16:07:31.101000,11774,11775,11774,5
2020-02-13,16:07:35.341000,11774,11775,11775,3
2020-02-13,16:07:35.397000,11774,11775,11775,2
2020-02-13,16:07:35.522000,11774,11775,11775,7
2020-02-13,16:07:41.518000,11775,11776,11775,1
2020-02-13,16:07:47.609000,11775,11776,11775,1
2020-02-13,16:07:59.147000,11775,11776,11775,1
2020-02-13,16:08:05.030000,11775,11776,11775,3
2020-02-13,16:08:06.272000,11775,11776,11776,1
2020-02-13,16:08:06.305000,11775,11776,11776,2
2020-02-13,16:08:06.397000,11775,11776,11776,1
2020-02-13,16:08:06.397000,11775,11776,11776,11
2020-02-13,16:08:06.397000,11775,11776,11776,2
2020-02-13,16:08:06.411000,11775,11776,11776,1
2020-02-13,16:08:06.412000,11775,11776,11776,4
2020-02-13,16:08:06.412000,11775,11776,11776,1
2020-02-13,16:08:06.412000,11775,11776,11776,4
2020-02-13,16:08:06.413000,11775,11776,11776,4
2020-02-13,16:08:06.413000,11775,11776,11776,1
2020-02-13,16:08:06.414000,11775,11776,11776,2
2020-02-13,16:08:06.522000,11775,11776,11776,1
2020-02-13,16:08:08.897000,11776,11777,11777,2
2020-02-13,16:08:08.898000,11776,11777,11777,2
2020-02-13,16:08:09.065000,11776,11778,11778,1
2020-02-13,16:08:09.447000,11777,11778,11778,1
2020-02-13,16:08:12.790000,11777,11778,11778,1
2020-02-13,16:08:14.224000,11777,11778,11778,1
2020-02-13,16:08:14.224000,11777,11778,11778,4
2020-02-13,16:08:14.224000,11777,11778,11778,1
2020-02-13,16:08:14.225000,11777,11778,11778,1
2020-02-13,16:08:14.272000,11777,11778,11778,1
2020-02-13,16:08:14.272000,11777,11778,11778,5
2020-02-13,16:08:14.272000,11777,11778,11778,7
2020-02-13,16:08:14.989000,11778,11779,11778,1
2020-02-13,16:08:19.109000,11778,11779,11779,10
2020-02-13,16:08:23.244000,11778,11779,11778,2
2020-02-13,16:08:23.784000,11778,11779,11779,2
2020-02-13,16:08:29.044000,11778,11779,11778,5
2020-02-13,16:08:32.748000,11778,11779,11778,1
2020-02-13,16:08:33.515000,11778,11779,11778,2
2020-02-13,16:08:35.307000,11778,11779,11778,1
2020-02-13,16:08:36.750000,11778,11779,11778,1
2020-02-13,16:08:38.946000,11778,11779,11779,5
2020-02-13,16:08:43.189000,11778,11779,11779,1
2020-02-13,16:08:43.424000,11778,11779,11778,3
2020-02-13,16:08:46.406000,11778,11779,11779,1
2020-02-13,16:08:48.208000,11778,11779,11778,8
2020-02-13,16:08:48.272000,11777,11778,11778,2
2020-02-13,16:08:48.314000,11777,11778,11777,1
2020-02-13,16:08:48.750000,11777,11779,11777,5
2020-02-13,16:09:02.190000,11778,11779,11778,1
2020-02-13,16:09:02.469000,11778,11779,11778,2
2020-02-13,16:09:09.248000,11778,11779,11778,1
2020-02-13,16:09:09.397000,11778,11779,11778,2
2020-02-13,16:09:11.910000,11777,11778,11777,2
2020-02-13,16:09:11.911000,11777,11778,11777,1
2020-02-13,16:09:16.992000,11776,11777,11776,1
2020-02-13,16:09:32.550000,11776,11777,11777,3
2020-02-13,16:09:43.484000,11776,11777,11777,1
2020-02-13,16:09:46.147000,11777,11778,11777,1
2020-02-13,16:09:47.635000,11777,11778,11777,1
2020-02-13,16:09:49.647000,11777,11778,11777,2
2020-02-13,16:09:58.462000,11776,11777,11777,1
2020-02-13,16:10:00.485000,11776,11777,11776,2
2020-02-13,16:10:16.522000,11776,11777,11776,9
2020-02-13,16:10:30.022000,11775,11776,11775,27
2020-02-13,16:10:36.660000,11774,11775,11774,1
2020-02-13,16:10:36.876000,11774,11775,11774,1
2020-02-13,16:10:36.876000,11774,11775,11774,1
2020-02-13,16:10:37.385000,11773,11774,11774,1
2020-02-13,16:10:41.720000,11773,11774,11773,1
2020-02-13,16:10:42.142000,11773,11774,11774,1
2020-02-13,16:10:42.192000,11773,11775,11774,1
2020-02-13,16:10:42.193000,11773,11775,11774,1
2020-02-13,16:10:44.011000,11774,11775,11774,1
2020-02-13,16:10:44.011000,11774,11775,11773,2
2020-02-13,16:10:49.893000,11774,11776,11775,1
2020-02-13,16:10:52.313000,11775,11776,11775,1
2020-02-13,16:10:53.914000,11775,11776,11775,1
2020-02-13,16:11:02.234000,11775,11776,11776,4
2020-02-13,16:11:05.897000,11775,11776,11775,1
2020-02-13,16:11:06.022000,11775,11776,11775,2
2020-02-13,16:11:06.285000,11774,11775,11776,1
2020-02-13,16:11:12.897000,11775,11776,11775,1
2020-02-13,16:11:12.897000,11775,11776,11775,1
2020-02-13,16:11:23.969000,11775,11776,11775,1
2020-02-13,16:11:26.034000,11775,11776,11775,1
2020-02-13,16:11:31.992000,11775,11776,11775,1
2020-02-13,16:12:03.747000,11774,11775,11775,8
2020-02-13,16:12:25.962000,11775,11776,11775,1
2020-02-13,16:12:26.022000,11775,11776,11775,1
2020-02-13,16:12:26.022000,11775,11776,11775,1
2020-02-13,16:12:26.022000,11775,11776,11775,1
2020-02-13,16:13:12.208000,11774,11775,11774,10
2020-02-13,16:13:12.272000,11774,11775,11774,6
2020-02-13,16:13:21.545000,11773,11775,11773,1
2020-02-13,16:13:31.431000,11773,11774,11773,7
2020-02-13,16:13:36.920000,11773,11774,11773,1
2020-02-13,16:13:42.605000,11772,11773,11772,1
2020-02-13,16:13:46.872000,11772,11773,11772,1
2020-02-13,16:13:54.361000,11772,11773,11773,1
2020-02-13,16:13:54.362000,11772,11773,11773,4
2020-02-13,16:13:54.362000,11772,11773,11773,1
2020-02-13,16:14:03.254000,11772,11774,11773,1
2020-02-13,16:14:20.205000,11773,11774,11774,1
2020-02-13,16:14:20.897000,11773,11774,11774,4
2020-02-13,16:14:41.981000,11773,11774,11773,7
2020-02-13,16:14:42.122000,11772,11773,11773,1
2020-02-13,16:14:42.250000,11772,11773,11773,2
2020-02-13,16:14:42.274000,11772,11774,11772,10
2020-02-13,16:14:42.502000,11772,11774,11773,2
2020-02-13,16:14:42.773000,11773,11774,11773,3
2020-02-13,16:14:43.978000,11773,11774,11773,2
2020-02-13,16:14:44.160000,11772,11773,11773,2
2020-02-13,16:14:51.583000,11773,11774,11773,10
2020-02-13,16:15:20.669000,11773,11774,11773,4
2020-02-13,16:15:24.850000,11773,11774,11774,4
2020-02-13,16:15:35.130000,11774,11775,11775,1
2020-02-13,16:15:35.356000,11774,11775,11775,6
2020-02-13,16:15:40.296000,11775,11776,11776,2
2020-02-13,16:15:40.296000,11775,11776,11776,1
2020-02-13,16:15:50.347000,11776,11777,11776,1
2020-02-13,16:15:55.024000,11775,11776,11776,1
2020-02-13,16:16:06.452000,11775,11776,11775,2
2020-02-13,16:16:34.890000,11775,11776,11775,1
2020-02-13,16:16:45.041000,11775,11776,11776,1
2020-02-13,16:16:47.026000,11775,11776,11776,1
2020-02-13,16:16:47.171000,11775,11776,11776,1
2020-02-13,16:16:47.316000,11775,11776,11776,1
2020-02-13,16:16:48.409000,11775,11776,11776,1
2020-02-13,16:16:58.387000,11775,11776,11776,1
2020-02-13,16:17:00.248000,11775,11776,11776,5
2020-02-13,16:17:03.091000,11776,11777,11776,2
2020-02-13,16:17:03.949000,11776,11777,11776,1
2020-02-13,16:17:30.568000,11775,11776,11775,4
2020-02-13,16:18:00.720000,11774,11775,11775,1
2020-02-13,16:18:00.720000,11774,11775,11775,4
2020-02-13,16:18:00.720000,11774,11775,11775,1
2020-02-13,16:18:02.317000,11775,11776,11776,2
2020-02-13,16:18:13.006000,11774,11776,11776,4
2020-02-13,16:18:33.368000,11775,11776,11775,1
2020-02-13,16:18:36.899000,11775,11776,11776,8
2020-02-13,16:18:49.073000,11776,11777,11776,1
2020-02-13,16:18:50.272000,11775,11776,11776,7
2020-02-13,16:18:52.825000,11776,11777,11777,1
2020-02-13,16:18:59.140000,11776,11777,11776,4
2020-02-13,16:19:05.353000,11776,11777,11776,1
2020-02-13,16:19:16.125000,11776,11777,11776,1
2020-02-13,16:19:42.136000,11776,11777,11776,1
2020-02-13,16:20:12.790000,11776,11777,11776,1
2020-02-13,16:20:20.272000,11776,11777,11776,1
2020-02-13,16:20:29.938000,11776,11777,11776,1
2020-02-13,16:20:49.574000,11776,11777,11776,1
2020-02-13,16:21:01.382000,11776,11777,11776,1
2020-02-13,16:21:01.397000,11775,11776,11776,1
2020-02-13,16:21:04.437000,11776,11777,11777,4
2020-02-13,16:21:04.437000,11776,11777,11777,5
2020-02-13,16:21:11.308000,11777,11778,11778,3
2020-02-13,16:21:17.653000,11777,11778,11778,1
2020-02-13,16:21:23.224000,11778,11779,11778,1
2020-02-13,16:21:24.377000,11778,11779,11779,1
2020-02-13,16:21:24.626000,11778,11779,11779,1
2020-02-13,16:21:28.847000,11778,11779,11778,1
2020-02-13,16:21:30.399000,11778,11779,11779,12
2020-02-13,16:21:33.434000,11779,11780,11779,1
2020-02-13,16:21:33.440000,11779,11780,11780,1
2020-02-13,16:21:33.441000,11779,11780,11780,9
2020-02-13,16:21:33.441000,11779,11780,11780,3
2020-02-13,16:21:33.441000,11779,11780,11780,1
2020-02-13,16:21:33.441000,11779,11780,11780,1
2020-02-13,16:21:33.441000,11779,11780,11780,2
2020-02-13,16:21:33.442000,11779,11780,11780,2
2020-02-13,16:21:33.442000,11779,11780,11780,1
2020-02-13,16:21:33.443000,11779,11780,11780,2
2020-02-13,16:21:33.698000,11780,11781,11781,1
2020-02-13,16:21:33.772000,11780,11781,11781,8
2020-02-13,16:21:33.821000,11780,11781,11781,9
2020-02-13,16:21:33.821000,11780,11781,11782,1
2020-02-13,16:21:33.900000,11780,11782,11781,4
2020-02-13,16:21:33.901000,11780,11782,11781,2
2020-02-13,16:21:33.901000,11780,11782,11781,1
2020-02-13,16:21:33.902000,11780,11782,11781,2
2020-02-13,16:21:33.907000,11780,11782,11782,10
2020-02-13,16:21:33.907000,11780,11782,11782,1
2020-02-13,16:21:33.908000,11780,11782,11782,9
2020-02-13,16:21:33.908000,11780,11782,11782,1
2020-02-13,16:21:33.909000,11780,11782,11782,9
2020-02-13,16:21:34.030000,11781,11783,11782,4
2020-02-13,16:21:34.069000,11781,11783,11782,1
2020-02-13,16:21:34.128000,11781,11783,11781,1
2020-02-13,16:21:34.147000,11781,11782,11781,1
2020-02-13,16:21:34.148000,11781,11782,11782,1
2020-02-13,16:21:35.198000,11781,11782,11782,1
2020-02-13,16:21:35.454000,11781,11782,11781,1
2020-02-13,16:21:39.201000,11780,11781,11780,1
2020-02-13,16:21:51.011000,11780,11781,11781,5
2020-02-13,16:21:55.383000,11780,11781,11781,4
2020-02-13,16:21:57.562000,11780,11781,11781,1
2020-02-13,16:21:59.364000,11780,11781,11781,6
2020-02-13,16:22:02.194000,11780,11781,11781,1
2020-02-13,16:22:02.870000,11780,11782,11782,1
2020-02-13,16:22:09.462000,11781,11782,11782,1
2020-02-13,16:22:14.154000,11781,11782,11782,1
2020-02-13,16:22:15.212000,11781,11782,11782,2
2020-02-13,16:22:15.386000,11781,11782,11782,1
2020-02-13,16:22:17.084000,11781,11782,11782,1
2020-02-13,16:22:17.733000,11781,11782,11782,1
2020-02-13,16:22:18.062000,11781,11782,11782,1
2020-02-13,16:22:18.176000,11781,11782,11782,1
2020-02-13,16:22:19.800000,11781,11782,11782,1
2020-02-13,16:22:21.686000,11781,11782,11782,1
2020-02-13,16:22:27.786000,11782,11783,11782,2
2020-02-13,16:22:29.906000,11782,11783,11782,2
2020-02-13,16:22:33.060000,11782,11783,11783,5
2020-02-13,16:22:34.495000,11782,11783,11783,2
2020-02-13,16:22:34.496000,11782,11783,11783,1
2020-02-13,16:22:34.496000,11782,11783,11783,1
2020-02-13,16:22:34.496000,11782,11783,11783,4
2020-02-13,16:22:34.496000,11782,11783,11783,1
2020-02-13,16:22:34.496000,11782,11783,11783,2
2020-02-13,16:22:34.496000,11782,11783,11783,1
2020-02-13,16:22:37.584000,11783,11784,11783,1
2020-02-13,16:22:40.701000,11783,11784,11783,1
2020-02-13,16:22:40.701000,11783,11784,11782,2
2020-02-13,16:22:44.012000,11782,11784,11784,5
2020-02-13,16:22:44.056000,11782,11784,11784,1
2020-02-13,16:22:44.232000,11782,11784,11782,1
2020-02-13,16:22:47.918000,11783,11784,11782,1
2020-02-13,16:22:52.107000,11782,11783,11783,3
2020-02-13,16:22:54.806000,11782,11783,11783,1
2020-02-13,16:22:55.816000,11782,11783,11783,3
2020-02-13,16:23:00.059000,11782,11783,11783,1
2020-02-13,16:23:02.440000,11782,11783,11783,6
2020-02-13,16:23:02.645000,11782,11783,11782,4
2020-02-13,16:23:02.669000,11782,11783,11783,1
2020-02-13,16:23:14.899000,11782,11783,11783,2
2020-02-13,16:23:19.949000,11782,11783,11783,1
2020-02-13,16:23:23.738000,11782,11783,11783,2
2020-02-13,16:23:27.353000,11782,11783,11783,1
2020-02-13,16:23:29.289000,11782,11783,11783,1
2020-02-13,16:23:29.876000,11782,11783,11783,1
2020-02-13,16:23:34.307000,11782,11783,11783,1
2020-02-13,16:23:35.770000,11782,11783,11783,4
2020-02-13,16:23:41.560000,11782,11783,11783,2
2020-02-13,16:23:44.499000,11782,11783,11783,5
2020-02-13,16:23:46.621000,11782,11783,11783,5
2020-02-13,16:23:48.739000,11782,11783,11783,2
2020-02-13,16:23:49.326000,11783,11784,11784,1
2020-02-13,16:23:50.772000,11783,11784,11783,1
2020-02-13,16:23:52.822000,11783,11784,11783,1
2020-02-13,16:24:01.738000,11782,11783,11782,1
2020-02-13,16:24:03.370000,11782,11783,11783,4
2020-02-13,16:24:10.456000,11782,11783,11782,16
2020-02-13,16:24:10.456000,11782,11783,11782,1
2020-02-13,16:24:20.608000,11781,11782,11781,1
2020-02-13,16:24:22.314000,11781,11782,11781,1
2020-02-13,16:24:29.203000,11781,11782,11781,1
2020-02-13,16:24:38.541000,11780,11781,11781,1
2020-02-13,16:24:38.987000,11780,11781,11780,2
2020-02-13,16:24:41.864000,11780,11781,11780,1
2020-02-13,16:24:56.147000,11780,11781,11781,5
2020-02-13,16:24:56.272000,11780,11781,11781,1
2020-02-13,16:24:56.397000,11780,11781,11781,1
2020-02-13,16:25:01.397000,11780,11781,11781,2
2020-02-13,16:25:04.223000,11781,11782,11781,2
2020-02-13,16:25:04.223000,11781,11782,11781,1
2020-02-13,16:25:14.749000,11780,11781,11781,3
2020-02-13,16:25:27.917000,11781,11782,11781,2
2020-02-13,16:25:28.207000,11781,11782,11781,1
2020-02-13,16:25:30.763000,11781,11782,11781,1
2020-02-13,16:25:59.006000,11781,11782,11781,1
2020-02-13,16:26:02.317000,11781,11782,11782,2
2020-02-13,16:26:05.596000,11781,11782,11782,7
2020-02-13,16:26:05.596000,11781,11782,11782,5
2020-02-13,16:26:05.647000,11781,11782,11782,1
2020-02-13,16:26:05.816000,11782,11783,11783,10
2020-02-13,16:26:05.948000,11782,11784,11783,1
2020-02-13,16:26:05.948000,11782,11784,11784,6
2020-02-13,16:26:05.948000,11782,11784,11784,5
2020-02-13,16:26:05.960000,11782,11784,11783,1
2020-02-13,16:26:05.960000,11782,11784,11784,3
2020-02-13,16:26:05.962000,11782,11784,11784,4
2020-02-13,16:26:05.998000,11782,11784,11784,4
2020-02-13,16:26:06.022000,11782,11784,11784,4
2020-02-13,16:26:21.066000,11781,11783,11783,3
2020-02-13,16:26:27.977000,11781,11782,11782,1
2020-02-13,16:26:32.272000,11781,11782,11782,1
2020-02-13,16:26:32.482000,11781,11783,11783,1
2020-02-13,16:26:33.686000,11781,11782,11782,1
2020-02-13,16:26:41.512000,11781,11782,11782,1
2020-02-13,16:26:42.839000,11781,11782,11782,3
2020-02-13,16:26:45.372000,11782,11783,11782,1
2020-02-13,16:26:48.151000,11782,11783,11783,2
2020-02-13,16:26:48.152000,11782,11783,11783,2
2020-02-13,16:26:53.124000,11782,11783,11783,1
2020-02-13,16:27:02.226000,11782,11783,11783,2
2020-02-13,16:27:04.705000,11782,11783,11783,1
2020-02-13,16:27:07.716000,11782,11783,11783,2
2020-02-13,16:27:09.337000,11783,11784,11784,5
2020-02-13,16:27:10.713000,11783,11784,11784,5
2020-02-13,16:27:11.388000,11783,11784,11784,1
2020-02-13,16:27:12.068000,11783,11784,11784,4
2020-02-13,16:27:12.068000,11783,11784,11785,1
2020-02-13,16:27:12.180000,11783,11785,11785,1
2020-02-13,16:27:12.333000,11784,11785,11785,5
2020-02-13,16:27:12.386000,11784,11785,11785,1
2020-02-13,16:27:13.175000,11784,11785,11784,3
2020-02-13,16:27:13.758000,11783,11784,11783,1
2020-02-13,16:27:16.698000,11783,11784,11784,5
2020-02-13,16:27:16.979000,11783,11784,11784,1
2020-02-13,16:27:19.261000,11783,11784,11784,1
2020-02-13,16:27:25.142000,11783,11784,11784,3
2020-02-13,16:27:36.080000,11783,11784,11784,1
2020-02-13,16:27:39.408000,11783,11784,11784,4
2020-02-13,16:27:43.690000,11783,11784,11784,5
2020-02-13,16:27:54.272000,11783,11784,11783,8
2020-02-13,16:27:56.991000,11782,11783,11782,1
2020-02-13,16:27:56.991000,11782,11783,11782,17
2020-02-13,16:27:56.991000,11782,11783,11782,4
2020-02-13,16:27:56.993000,11782,11783,11782,4
2020-02-13,16:27:57.022000,11782,11783,11782,3
2020-02-13,16:27:59.918000,11781,11783,11781,1
2020-02-13,16:28:09.884000,11782,11783,11782,1
2020-02-13,16:28:22.177000,11782,11783,11782,2
2020-02-13,16:28:22.178000,11782,11783,11782,2
2020-02-13,16:28:27.282000,11781,11782,11782,1
2020-02-13,16:28:30.412000,11781,11782,11781,1
2020-02-13,16:28:30.412000,11781,11782,11781,2
2020-02-13,16:28:30.412000,11781,11782,11781,2
2020-02-13,16:28:30.413000,11781,11782,11781,1
2020-02-13,16:28:30.413000,11781,11782,11781,3
2020-02-13,16:28:30.413000,11781,11782,11781,1
2020-02-13,16:28:32.357000,11780,11781,11781,1
2020-02-13,16:28:42.391000,11780,11781,11781,1
2020-02-13,16:28:42.393000,11780,11781,11781,1
2020-02-13,16:28:42.393000,11780,11781,11781,1
2020-02-13,16:28:43.172000,11781,11782,11781,1
2020-02-13,16:28:43.443000,11781,11782,11781,1
2020-02-13,16:29:06.948000,11780,11781,11781,1
2020-02-13,16:29:20.800000,11780,11781,11780,11
2020-02-13,16:29:32.119000,11780,11781,11780,5
2020-02-13,16:29:41.697000,11780,11781,11780,4
2020-02-13,16:29:45.395000,11779,11780,11780,1
2020-02-13,16:29:46.272000,11779,11780,11780,1
2020-02-13,16:29:58.844000,11780,11781,11780,1
2020-02-13,16:30:03.490000,11780,11781,11780,1
2020-02-13,16:30:04.216000,11780,11781,11780,2
2020-02-13,16:30:04.879000,11780,11781,11781,1
2020-02-13,16:30:05.150000,11781,11782,11781,2
2020-02-13,16:30:06.160000,11780,11782,11781,1
2020-02-13,16:30:06.529000,11781,11782,11781,2
2020-02-13,16:30:22.159000,11780,11781,11781,3
2020-02-13,16:30:22.747000,11780,11781,11780,3
2020-02-13,16:30:23.390000,11780,11781,11781,1
2020-02-13,16:30:27.514000,11780,11781,11780,4
2020-02-13,16:30:27.515000,11780,11781,11780,1
2020-02-13,16:30:32.062000,11779,11781,11780,1
2020-02-13,16:30:33.725000,11780,11781,11781,1
2020-02-13,16:30:45.447000,11781,11782,11781,1
2020-02-13,16:30:49.144000,11781,11782,11781,1
2020-02-13,16:30:49.921000,11781,11782,11782,1
2020-02-13,16:30:49.921000,11781,11782,11782,8
2020-02-13,16:30:54.731000,11782,11783,11783,2
2020-02-13,16:30:54.731000,11782,11783,11783,1
2020-02-13,16:30:56.796000,11783,11784,11784,5
2020-02-13,16:30:57.503000,11783,11784,11784,5
2020-02-13,16:30:58.604000,11783,11784,11784,2
2020-02-13,16:30:58.605000,11783,11784,11784,8
2020-02-13,16:30:58.605000,11783,11784,11784,3
2020-02-13,16:31:03.325000,11783,11784,11784,1
2020-02-13,16:31:04.102000,11783,11784,11783,1
2020-02-13,16:31:05.040000,11783,11784,11784,5
2020-02-13,16:31:06.187000,11783,11784,11783,1
2020-02-13,16:31:06.188000,11783,11784,11783,1
2020-02-13,16:31:06.188000,11783,11784,11783,1
2020-02-13,16:31:06.645000,11782,11783,11783,2
2020-02-13,16:31:06.645000,11782,11783,11784,3
2020-02-13,16:31:07.115000,11782,11784,11784,2
2020-02-13,16:31:08.162000,11782,11784,11784,1
2020-02-13,16:31:10.236000,11782,11784,11784,2
2020-02-13,16:31:16.913000,11782,11783,11783,3
2020-02-13,16:31:17.023000,11783,11784,11783,3
2020-02-13,16:31:19.252000,11782,11783,11783,1
2020-02-13,16:31:29.792000,11783,11784,11783,1
2020-02-13,16:31:36.275000,11783,11784,11783,1
2020-02-13,16:31:40.320000,11783,11784,11784,1
2020-02-13,16:31:43.482000,11783,11784,11783,3
2020-02-13,16:31:47.400000,11782,11783,11783,2
2020-02-13,16:31:53.419000,11782,11783,11783,1
2020-02-13,16:31:56.522000,11783,11784,11783,1
2020-02-13,16:32:09.169000,11782,11783,11782,2
2020-02-13,16:32:14.385000,11781,11782,11782,2
2020-02-13,16:32:14.870000,11781,11783,11783,1
2020-02-13,16:32:18.026000,11781,11782,11782,1
2020-02-13,16:32:24.688000,11781,11782,11782,1
2020-02-13,16:32:27.648000,11782,11783,11782,1
2020-02-13,16:32:40.344000,11782,11783,11783,2
2020-02-13,16:32:41.126000,11782,11784,11782,1
2020-02-13,16:33:02.208000,11783,11784,11784,10
2020-02-13,16:33:02.464000,11783,11784,11784,9
2020-02-13,16:33:02.937000,11783,11784,11784,2
2020-02-13,16:33:05.883000,11783,11784,11784,2
2020-02-13,16:33:05.897000,11783,11784,11784,1
2020-02-13,16:33:11.780000,11783,11784,11783,3
2020-02-13,16:33:15.254000,11783,11784,11784,1
2020-02-13,16:33:18.020000,11783,11784,11784,1
2020-02-13,16:33:20.661000,11783,11784,11784,1
2020-02-13,16:33:24.696000,11784,11785,11784,1
2020-02-13,16:33:39.489000,11783,11784,11784,1
2020-02-13,16:33:39.579000,11783,11784,11783,4
2020-02-13,16:33:39.983000,11782,11783,11783,1
2020-02-13,16:33:47.592000,11782,11783,11782,2
2020-02-13,16:33:47.594000,11782,11783,11782,1
2020-02-13,16:33:47.647000,11782,11783,11782,2
2020-02-13,16:33:47.647000,11782,11783,11782,11
2020-02-13,16:33:49.814000,11781,11783,11783,1
2020-02-13,16:34:24.397000,11781,11782,11782,1
2020-02-13,16:34:25.049000,11782,11783,11783,5
2020-02-13,16:34:25.463000,11782,11783,11783,3
2020-02-13,16:34:25.463000,11782,11783,11784,2
2020-02-13,16:34:59.110000,11782,11783,11783,1
2020-02-13,16:35:00.553000,11782,11783,11782,2
2020-02-13,16:35:04.127000,11782,11783,11783,6
2020-02-13,16:35:05.266000,11782,11783,11783,1
2020-02-13,16:35:52.480000,11783,11784,11783,1
2020-02-13,16:35:53.871000,11783,11784,11783,2
2020-02-13,16:35:55.011000,11782,11783,11783,1
2020-02-13,16:35:55.384000,11782,11783,11783,7
2020-02-13,16:36:00.630000,11782,11783,11783,1
2020-02-13,16:36:02.450000,11782,11783,11783,6
2020-02-13,16:36:13.300000,11782,11783,11783,1
2020-02-13,16:36:13.737000,11782,11783,11783,1
2020-02-13,16:36:17.751000,11782,11783,11782,3
2020-02-13,16:36:32.244000,11781,11782,11781,3
2020-02-13,16:36:35.754000,11781,11782,11781,3
2020-02-13,16:36:38.566000,11781,11782,11781,1
2020-02-13,16:36:38.712000,11781,11782,11781,1
2020-02-13,16:36:38.752000,11781,11782,11781,1
2020-02-13,16:36:44.198000,11781,11782,11781,4
2020-02-13,16:36:44.224000,11781,11782,11781,2
2020-02-13,16:36:46.579000,11780,11781,11781,1
2020-02-13,16:36:50.199000,11780,11781,11781,1
2020-02-13,16:37:00.772000,11781,11782,11781,1
2020-02-13,16:37:14.020000,11780,11781,11781,1
2020-02-13,16:37:14.288000,11780,11782,11780,3
2020-02-13,16:37:14.428000,11780,11782,11780,1
2020-02-13,16:37:16.480000,11780,11782,11780,1
2020-02-13,16:37:18.575000,11780,11782,11780,1
2020-02-13,16:37:20.411000,11780,11781,11780,1
2020-02-13,16:37:24.095000,11780,11781,11780,7
2020-02-13,16:37:24.166000,11780,11781,11780,10
2020-02-13,16:37:24.272000,11780,11781,11780,1
2020-02-13,16:37:28.034000,11779,11780,11780,1
2020-02-13,16:37:29.223000,11779,11781,11779,1
2020-02-13,16:37:43.788000,11779,11780,11780,1
2020-02-13,16:37:53.648000,11780,11781,11780,1
2020-02-13,16:38:02.351000,11780,11781,11781,10
2020-02-13,16:38:02.608000,11780,11781,11781,2
2020-02-13,16:38:03.926000,11780,11781,11780,2
2020-02-13,16:38:08.232000,11780,11781,11780,2
2020-02-13,16:38:22.387000,11779,11780,11780,1
2020-02-13,16:38:27.564000,11779,11780,11780,1
2020-02-13,16:38:31.172000,11779,11780,11779,1
2020-02-13,16:38:41.371000,11779,11780,11780,9
2020-02-13,16:38:41.886000,11779,11780,11780,1
2020-02-13,16:38:47.848000,11779,11780,11780,1
2020-02-13,16:38:58.664000,11780,11781,11781,2
2020-02-13,16:39:05.618000,11779,11780,11780,1
2020-02-13,16:39:05.619000,11779,11780,11780,1
2020-02-13,16:39:05.619000,11779,11780,11780,2
2020-02-13,16:39:10.274000,11779,11781,11779,1
2020-02-13,16:39:10.630000,11779,11781,11779,1
2020-02-13,16:39:14.607000,11779,11780,11779,1
2020-02-13,16:39:20.284000,11779,11780,11779,2
2020-02-13,16:39:27.713000,11779,11780,11779,1
2020-02-13,16:39:31.545000,11779,11780,11779,1
2020-02-13,16:39:32.083000,11779,11780,11779,1
2020-02-13,16:39:41.165000,11779,11780,11779,1
2020-02-13,16:39:46.806000,11779,11780,11779,1
2020-02-13,16:39:52.778000,11779,11780,11779,2
2020-02-13,16:40:02.411000,11779,11780,11779,1
2020-02-13,16:40:12.421000,11778,11779,11778,6
2020-02-13,16:40:12.918000,11777,11778,11778,1
2020-02-13,16:40:21.283000,11777,11778,11778,1
2020-02-13,16:40:23.312000,11777,11778,11778,1
2020-02-13,16:40:39.733000,11778,11779,11778,1
2020-02-13,16:40:45.314000,11778,11779,11778,1
2020-02-13,16:40:53.014000,11778,11779,11778,1
2020-02-13,16:40:55.385000,11777,11779,11777,10
2020-02-13,16:40:57.995000,11777,11778,11777,1
2020-02-13,16:40:59.080000,11777,11778,11777,1
2020-02-13,16:41:01.452000,11777,11779,11777,1
2020-02-13,16:41:03.844000,11777,11778,11778,4
2020-02-13,16:41:05.050000,11778,11779,11778,1
2020-02-13,16:41:12.994000,11778,11779,11778,2
2020-02-13,16:41:40.366000,11778,11779,11778,1
2020-02-13,16:41:51.256000,11778,11779,11779,1
2020-02-13,16:41:53.725000,11778,11779,11778,1
2020-02-13,16:41:53.810000,11778,11779,11779,1
2020-02-13,16:42:06.405000,11778,11779,11779,1
2020-02-13,16:42:10.131000,11778,11779,11779,1
2020-02-13,16:42:10.252000,11778,11779,11779,1
2020-02-13,16:42:10.635000,11778,11779,11779,1
2020-02-13,16:42:22.459000,11778,11779,11779,1
2020-02-13,16:42:25.593000,11778,11779,11779,2
2020-02-13,16:42:25.593000,11778,11779,11779,10
2020-02-13,16:42:49.921000,11779,11780,11779,1
2020-02-13,16:42:52.409000,11779,11780,11779,1
2020-02-13,16:43:00.249000,11779,11780,11779,1
2020-02-13,16:43:15.026000,11779,11780,11780,1
2020-02-13,16:43:27.521000,11779,11780,11779,3
2020-02-13,16:43:32.011000,11779,11780,11779,1
2020-02-13,16:43:36.462000,11779,11780,11779,2
2020-02-13,16:43:41.592000,11778,11779,11778,10
2020-02-13,16:43:41.592000,11778,11779,11778,2
2020-02-13,16:43:41.592000,11778,11779,11778,5
2020-02-13,16:43:41.593000,11778,11779,11778,1
2020-02-13,16:43:41.593000,11778,11779,11778,1
2020-02-13,16:43:41.595000,11778,11779,11778,1
2020-02-13,16:43:52.802000,11778,11779,11778,3
2020-02-13,16:43:54.879000,11778,11779,11778,1
2020-02-13,16:43:54.879000,11778,11779,11778,1
2020-02-13,16:43:57.603000,11777,11778,11778,1
2020-02-13,16:44:01.079000,11777,11778,11778,1
2020-02-13,16:44:05.360000,11778,11779,11778,3
2020-02-13,16:44:12.148000,11778,11779,11778,1
2020-02-13,16:44:40.443000,11778,11779,11779,2
2020-02-13,16:44:47.073000,11779,11780,11780,6
2020-02-13,16:44:47.073000,11779,11780,11780,2
2020-02-13,16:44:47.073000,11779,11780,11780,1
2020-02-13,16:45:12.481000,11779,11780,11780,1
2020-02-13,16:45:12.908000,11779,11780,11780,1
2020-02-13,16:45:20.137000,11779,11780,11779,2
2020-02-13,16:45:31.832000,11779,11780,11780,4
2020-02-13,16:45:33.651000,11780,11781,11780,1
2020-02-13,16:46:09.344000,11780,11781,11781,1
2020-02-13,16:46:13.417000,11780,11781,11781,1
2020-02-13,16:46:13.946000,11780,11781,11781,1
2020-02-13,16:46:26.742000,11780,11781,11780,1
2020-02-13,16:46:28.272000,11780,11781,11780,6
2020-02-13,16:46:28.272000,11780,11781,11780,1
2020-02-13,16:46:28.272000,11780,11781,11780,4
2020-02-13,16:46:28.272000,11780,11781,11780,1
2020-02-13,16:46:28.272000,11780,11781,11780,2
2020-02-13,16:46:28.273000,11780,11781,11780,1
2020-02-13,16:46:33.933000,11779,11780,11780,1
2020-02-13,16:46:42.147000,11779,11780,11780,1
2020-02-13,16:46:48.640000,11780,11781,11781,1
2020-02-13,16:46:55.979000,11780,11781,11780,10
2020-02-13,16:47:00.438000,11780,11781,11781,2
2020-02-13,16:47:00.438000,11780,11781,11781,5
2020-02-13,16:47:00.438000,11780,11781,11781,2
2020-02-13,16:47:05.647000,11781,11782,11781,1
2020-02-13,16:47:06.471000,11780,11781,11781,1
2020-02-13,16:47:14.396000,11781,11782,11781,1
2020-02-13,16:47:20.301000,11781,11782,11781,1
2020-02-13,16:47:37.118000,11781,11782,11782,4
2020-02-13,16:47:40.570000,11781,11782,11782,3
2020-02-13,16:47:45.976000,11782,11783,11783,5
2020-02-13,16:47:46.445000,11782,11783,11783,2
2020-02-13,16:47:46.590000,11782,11784,11784,5
2020-02-13,16:47:46.671000,11783,11784,11784,1
2020-02-13,16:47:46.850000,11782,11784,11783,1
2020-02-13,16:47:51.190000,11783,11784,11783,1
2020-02-13,16:47:54.024000,11782,11783,11783,1
2020-02-13,16:47:54.399000,11782,11783,11783,5
2020-02-13,16:47:54.770000,11782,11783,11783,5
2020-02-13,16:47:57.850000,11782,11783,11783,5
2020-02-13,16:48:05.851000,11781,11782,11782,1
2020-02-13,16:48:19.941000,11782,11783,11782,5
2020-02-13,16:48:20.078000,11781,11782,11782,1
2020-02-13,16:48:22.042000,11781,11782,11782,1
2020-02-13,16:48:34.488000,11781,11782,11782,4
2020-02-13,16:48:34.488000,11781,11782,11783,1
2020-02-13,16:48:40.979000,11781,11783,11783,1
2020-02-13,16:48:43.077000,11781,11783,11783,1
2020-02-13,16:48:45.255000,11782,11783,11782,1
2020-02-13,16:48:49.051000,11782,11783,11783,1
2020-02-13,16:48:51.937000,11782,11783,11782,1
2020-02-13,16:49:10.763000,11781,11782,11782,1
2020-02-13,16:49:11.861000,11781,11782,11781,4
2020-02-13,16:49:15.147000,11781,11782,11781,4
2020-02-13,16:49:15.272000,11781,11782,11781,3
2020-02-13,16:49:20.205000,11780,11781,11780,10
2020-02-13,16:49:33.502000,11780,11781,11780,1
2020-02-13,16:49:38.400000,11779,11780,11780,1
2020-02-13,16:50:09.704000,11779,11780,11779,1
2020-02-13,16:50:23.770000,11779,11780,11780,1
2020-02-13,16:50:33.556000,11779,11780,11780,1
