2020-12-17,15:00:00.051000,14175,14176,14176,85
2020-12-17,15:00:00.052000,14175,14176,14175,11
2020-12-17,15:00:00.246000,14174,14175,14175,1
2020-12-17,15:00:00.262000,14174,14175,14174,2
2020-12-17,15:00:00.262000,14174,14175,14174,3
2020-12-17,15:00:00.262000,14174,14175,14173,5
2020-12-17,15:00:00.262000,14174,14175,14172,9
2020-12-17,15:00:00.262000,14174,14175,14171,13
2020-12-17,15:00:00.280000,14174,14175,14171,6
2020-12-17,15:00:00.280000,14174,14175,14170,9
2020-12-17,15:00:00.280000,14174,14175,14170,1
2020-12-17,15:00:00.294000,14174,14175,14170,1
2020-12-17,15:00:00.301000,14174,14175,14169,1
2020-12-17,15:00:00.306000,14174,14175,14170,1
2020-12-17,15:00:00.315000,14174,14175,14170,1
2020-12-17,15:00:00.330000,14174,14175,14170,2
2020-12-17,15:00:00.330000,14174,14175,14169,1
2020-12-17,15:00:00.331000,14174,14175,14169,1
2020-12-17,15:00:00.337000,14169,14175,14169,2
2020-12-17,15:00:00.383000,14169,14175,14169,1
2020-12-17,15:00:00.394000,14169,14175,14169,1
2020-12-17,15:00:00.394000,14169,14175,14168,1
2020-12-17,15:00:00.400000,14169,14175,14169,1
2020-12-17,15:00:00.439000,14169,14175,14170,3
2020-12-17,15:00:00.450000,14169,14175,14169,1
2020-12-17,15:00:00.451000,14169,14175,14169,1
2020-12-17,15:00:00.459000,14169,14175,14169,1
2020-12-17,15:00:00.507000,14168,14175,14168,1
2020-12-17,15:00:00.519000,14168,14175,14169,1
2020-12-17,15:00:00.532000,14168,14175,14171,1
2020-12-17,15:00:00.564000,14168,14175,14174,1
2020-12-17,15:00:00.564000,14168,14175,14175,1
2020-12-17,15:00:00.565000,14168,14175,14175,2
2020-12-17,15:00:00.574000,14168,14175,14171,1
2020-12-17,15:00:00.575000,14168,14175,14170,1
2020-12-17,15:00:00.580000,14168,14175,14170,1
2020-12-17,15:00:00.585000,14168,14175,14170,2
2020-12-17,15:00:00.588000,14169,14174,14169,3
2020-12-17,15:00:00.590000,14169,14174,14169,1
2020-12-17,15:00:00.601000,14169,14174,14169,3
2020-12-17,15:00:00.607000,14169,14174,14169,1
2020-12-17,15:00:00.621000,14169,14174,14169,1
2020-12-17,15:00:00.657000,14169,14174,14169,1
2020-12-17,15:00:00.665000,14169,14174,14169,1
2020-12-17,15:00:00.667000,14169,14174,14169,1
2020-12-17,15:00:00.682000,14169,14174,14169,1
2020-12-17,15:00:00.704000,14169,14174,14169,1
2020-12-17,15:00:00.708000,14169,14174,14172,1
2020-12-17,15:00:00.714000,14170,14173,14170,1
2020-12-17,15:00:00.720000,14170,14173,14169,2
2020-12-17,15:00:00.728000,14170,14173,14169,2
2020-12-17,15:00:00.730000,14170,14173,14169,1
2020-12-17,15:00:00.734000,14170,14173,14169,1
2020-12-17,15:00:00.770000,14170,14173,14169,1
2020-12-17,15:00:00.794000,14170,14173,14169,1
2020-12-17,15:00:00.794000,14170,14173,14168,2
2020-12-17,15:00:00.796000,14170,14173,14169,1
2020-12-17,15:00:00.810000,14170,14173,14169,1
2020-12-17,15:00:00.816000,14170,14173,14169,1
2020-12-17,15:00:00.879000,14169,14172,14169,1
2020-12-17,15:00:00.897000,14169,14172,14172,1
2020-12-17,15:00:00.897000,14169,14172,14173,2
2020-12-17,15:00:00.930000,14169,14172,14172,1
2020-12-17,15:00:00.932000,14169,14172,14170,1
2020-12-17,15:00:00.937000,14169,14172,14173,1
2020-12-17,15:00:00.951000,14169,14172,14171,1
2020-12-17,15:00:00.962000,14170,14173,14170,1
2020-12-17,15:00:00.965000,14170,14173,14170,1
2020-12-17,15:00:00.987000,14170,14173,14170,1
2020-12-17,15:00:00.989000,14170,14173,14169,1
2020-12-17,15:00:00.991000,14170,14173,14172,1
2020-12-17,15:00:00.991000,14170,14173,14173,1
2020-12-17,15:00:00.992000,14170,14173,14169,1
2020-12-17,15:00:01.006000,14170,14173,14173,1
2020-12-17,15:00:01.082000,14170,14173,14171,1
2020-12-17,15:00:01.082000,14170,14173,14170,1
2020-12-17,15:00:01.087000,14169,14172,14172,1
2020-12-17,15:00:01.160000,14169,14172,14173,1
2020-12-17,15:00:01.165000,14169,14172,14173,1
2020-12-17,15:00:01.174000,14169,14172,14170,1
2020-12-17,15:00:01.174000,14169,14172,14169,2
2020-12-17,15:00:01.179000,14169,14172,14173,1
2020-12-17,15:00:01.212000,14170,14173,14173,3
2020-12-17,15:00:01.221000,14170,14173,14174,1
2020-12-17,15:00:01.227000,14170,14173,14171,1
2020-12-17,15:00:01.337000,14172,14174,14174,1
2020-12-17,15:00:01.402000,14172,14174,14175,1
2020-12-17,15:00:01.527000,14172,14175,14172,1
2020-12-17,15:00:01.632000,14171,14174,14174,1
2020-12-17,15:00:02.064000,14172,14175,14172,1
2020-12-17,15:00:02.308000,14171,14175,14174,1
2020-12-17,15:00:02.417000,14172,14175,14174,1
2020-12-17,15:00:02.462000,14172,14175,14172,1
2020-12-17,15:00:02.759000,14173,14175,14175,1
2020-12-17,15:00:02.880000,14173,14175,14173,1
2020-12-17,15:00:02.895000,14173,14175,14174,1
2020-12-17,15:00:02.992000,14171,14175,14175,1
2020-12-17,15:00:03.302000,14172,14175,14173,1
2020-12-17,15:00:03.853000,14172,14175,14172,1
2020-12-17,15:00:03.952000,14172,14175,14173,1
2020-12-17,15:00:04.092000,14171,14173,14173,1
2020-12-17,15:00:04.793000,14172,14173,14173,1
2020-12-17,15:00:06.337000,14173,14174,14174,1
2020-12-17,15:00:06.922000,14173,14175,14175,1
2020-12-17,15:00:06.939000,14173,14175,14175,1
2020-12-17,15:00:06.983000,14173,14175,14175,1
2020-12-17,15:00:06.997000,14173,14175,14175,1
2020-12-17,15:00:07.014000,14173,14175,14175,1
2020-12-17,15:00:07.088000,14173,14175,14175,1
2020-12-17,15:00:07.089000,14173,14175,14175,1
2020-12-17,15:00:07.096000,14173,14175,14174,1
2020-12-17,15:00:07.096000,14173,14175,14175,2
2020-12-17,15:00:07.592000,14173,14174,14174,1
2020-12-17,15:00:07.768000,14173,14175,14174,1
2020-12-17,15:00:08.823000,14173,14175,14173,6
2020-12-17,15:00:08.860000,14173,14175,14173,1
2020-12-17,15:00:09.187000,14173,14175,14175,1
2020-12-17,15:00:09.285000,14173,14175,14174,1
2020-12-17,15:00:09.577000,14173,14175,14175,1
2020-12-17,15:00:09.578000,14173,14175,14173,3
2020-12-17,15:00:09.977000,14172,14174,14174,1
2020-12-17,15:00:10.651000,14172,14174,14173,1
2020-12-17,15:00:11.194000,14172,14174,14173,1
2020-12-17,15:00:11.715000,14172,14173,14173,1
2020-12-17,15:00:11.890000,14172,14174,14174,1
2020-12-17,15:00:12.962000,14173,14174,14174,5
2020-12-17,15:00:13.212000,14173,14174,14174,1
2020-12-17,15:00:13.981000,14173,14175,14175,1
2020-12-17,15:00:14.358000,14173,14175,14174,1
2020-12-17,15:00:15.213000,14173,14175,14175,1
2020-12-17,15:00:15.737000,14173,14175,14173,1
2020-12-17,15:00:16.459000,14174,14175,14175,1
2020-12-17,15:00:17.033000,14174,14175,14174,1
2020-12-17,15:00:17.090000,14173,14175,14175,1
2020-12-17,15:00:17.760000,14174,14175,14175,6
2020-12-17,15:00:17.760000,14174,14175,14176,5
2020-12-17,15:00:18.052000,14174,14176,14174,2
2020-12-17,15:00:18.052000,14174,14176,14173,9
2020-12-17,15:00:18.052000,14174,14176,14173,1
2020-12-17,15:00:18.052000,14174,14176,14173,3
2020-12-17,15:00:18.052000,14174,14176,14173,5
2020-12-17,15:00:18.657000,14174,14175,14175,1
2020-12-17,15:00:19.420000,14174,14175,14174,1
2020-12-17,15:00:20.109000,14173,14175,14175,2
2020-12-17,15:00:20.983000,14173,14175,14174,1
2020-12-17,15:00:22.127000,14173,14175,14175,2
2020-12-17,15:00:23.842000,14173,14174,14174,1
2020-12-17,15:00:24.087000,14173,14174,14174,1
2020-12-17,15:00:24.837000,14173,14174,14174,1
2020-12-17,15:00:27.243000,14174,14175,14175,1
2020-12-17,15:00:28.378000,14174,14175,14175,3
2020-12-17,15:00:28.464000,14174,14175,14175,1
2020-12-17,15:00:30.889000,14174,14175,14175,1
2020-12-17,15:00:31.030000,14174,14175,14175,1
2020-12-17,15:00:31.039000,14174,14175,14175,1
2020-12-17,15:00:31.087000,14174,14175,14175,9
2020-12-17,15:00:31.675000,14175,14176,14175,1
2020-12-17,15:00:32.027000,14175,14176,14176,2
2020-12-17,15:00:32.545000,14175,14176,14175,4
2020-12-17,15:00:32.548000,14175,14176,14175,5
2020-12-17,15:00:32.548000,14175,14176,14175,4
2020-12-17,15:00:32.548000,14175,14176,14175,33
2020-12-17,15:00:32.548000,14175,14176,14175,4
2020-12-17,15:00:32.548000,14175,14176,14175,4
2020-12-17,15:00:32.549000,14175,14176,14175,2
2020-12-17,15:00:32.549000,14175,14176,14175,6
2020-12-17,15:00:32.549000,14175,14176,14175,1
2020-12-17,15:00:32.549000,14175,14176,14175,1
2020-12-17,15:00:32.549000,14175,14176,14175,1
2020-12-17,15:00:32.549000,14175,14176,14175,1
2020-12-17,15:00:32.549000,14175,14176,14175,1
2020-12-17,15:00:32.587000,14175,14176,14176,3
2020-12-17,15:00:32.712000,14175,14177,14177,22
2020-12-17,15:00:32.837000,14177,14178,14178,1
2020-12-17,15:00:33.116000,14177,14178,14177,2
2020-12-17,15:00:36.297000,14177,14178,14177,3
2020-12-17,15:00:36.501000,14177,14178,14178,2
2020-12-17,15:00:36.732000,14177,14178,14177,1
2020-12-17,15:00:36.962000,14177,14178,14177,1
2020-12-17,15:00:37.034000,14177,14178,14177,1
2020-12-17,15:00:37.088000,14176,14178,14178,1
2020-12-17,15:00:37.769000,14176,14178,14176,1
2020-12-17,15:00:41.584000,14176,14178,14176,9
2020-12-17,15:00:41.589000,14175,14176,14176,1
2020-12-17,15:00:42.337000,14176,14177,14176,1
2020-12-17,15:00:42.673000,14176,14177,14176,1
2020-12-17,15:00:43.207000,14175,14177,14175,1
2020-12-17,15:00:44.243000,14175,14176,14176,1
2020-12-17,15:00:44.357000,14175,14176,14176,1
2020-12-17,15:00:49.133000,14175,14176,14175,10
2020-12-17,15:00:50.524000,14174,14175,14175,1
2020-12-17,15:00:50.589000,14174,14175,14175,1
2020-12-17,15:00:52.056000,14174,14175,14174,2
2020-12-17,15:00:52.899000,14174,14175,14175,2
2020-12-17,15:00:53.197000,14174,14175,14175,3
2020-12-17,15:00:53.334000,14174,14175,14174,1
2020-12-17,15:00:54.104000,14174,14175,14174,4
2020-12-17,15:00:54.887000,14174,14175,14175,1
2020-12-17,15:00:55.087000,14174,14175,14174,5
2020-12-17,15:00:55.327000,14173,14175,14174,1
2020-12-17,15:00:56.145000,14173,14174,14173,3
2020-12-17,15:00:56.434000,14173,14174,14173,1
2020-12-17,15:00:56.434000,14173,14174,14173,11
2020-12-17,15:00:56.462000,14172,14173,14172,23
2020-12-17,15:00:56.462000,14172,14173,14172,1
2020-12-17,15:00:56.463000,14172,14173,14172,1
2020-12-17,15:00:56.495000,14172,14173,14171,2
2020-12-17,15:00:56.500000,14172,14173,14171,1
2020-12-17,15:00:56.500000,14172,14173,14171,7
2020-12-17,15:00:56.754000,14170,14171,14171,1
2020-12-17,15:00:57.109000,14171,14172,14172,1
2020-12-17,15:00:57.572000,14171,14173,14173,1
2020-12-17,15:00:59.024000,14171,14172,14172,1
2020-12-17,15:01:00.080000,14171,14173,14171,2
2020-12-17,15:01:00.105000,14171,14173,14171,2
2020-12-17,15:01:00.105000,14171,14173,14171,1
2020-12-17,15:01:00.107000,14171,14173,14171,1
2020-12-17,15:01:00.114000,14171,14173,14171,1
2020-12-17,15:01:00.116000,14171,14173,14171,1
2020-12-17,15:01:00.337000,14171,14173,14173,7
2020-12-17,15:01:00.338000,14171,14173,14173,1
2020-12-17,15:01:01.548000,14172,14174,14172,2
2020-12-17,15:01:01.588000,14172,14174,14172,1
2020-12-17,15:01:01.588000,14172,14174,14172,1
2020-12-17,15:01:01.589000,14172,14174,14172,1
2020-12-17,15:01:01.591000,14172,14174,14171,1
2020-12-17,15:01:02.373000,14171,14172,14172,3
2020-12-17,15:01:02.373000,14171,14172,14172,1
2020-12-17,15:01:02.373000,14171,14172,14172,1
2020-12-17,15:01:02.374000,14171,14172,14172,2
2020-12-17,15:01:02.521000,14171,14173,14173,1
2020-12-17,15:01:03.495000,14172,14174,14174,1
2020-12-17,15:01:04.087000,14172,14173,14173,1
2020-12-17,15:01:04.916000,14172,14174,14172,1
2020-12-17,15:01:04.962000,14172,14173,14173,1
2020-12-17,15:01:06.216000,14173,14174,14173,1
2020-12-17,15:01:06.656000,14172,14173,14173,1
2020-12-17,15:01:08.587000,14172,14173,14172,7
2020-12-17,15:01:08.712000,14172,14173,14172,2
2020-12-17,15:01:08.713000,14172,14173,14171,2
2020-12-17,15:01:08.714000,14172,14173,14171,2
2020-12-17,15:01:08.714000,14172,14173,14171,1
2020-12-17,15:01:08.715000,14172,14173,14171,1
2020-12-17,15:01:08.715000,14172,14173,14171,1
2020-12-17,15:01:08.715000,14172,14173,14170,1
2020-12-17,15:01:08.715000,14172,14173,14170,1
2020-12-17,15:01:08.715000,14172,14173,14170,1
2020-12-17,15:01:09.136000,14170,14172,14170,3
2020-12-17,15:01:09.337000,14171,14172,14172,1
2020-12-17,15:01:09.712000,14171,14173,14173,6
2020-12-17,15:01:10.683000,14172,14174,14172,2
2020-12-17,15:01:11.674000,14171,14172,14171,10
2020-12-17,15:01:11.712000,14171,14172,14171,7
2020-12-17,15:01:11.712000,14171,14172,14171,3
2020-12-17,15:01:12.332000,14170,14172,14172,1
2020-12-17,15:01:12.376000,14170,14172,14170,3
2020-12-17,15:01:13.496000,14171,14172,14171,1
2020-12-17,15:01:13.863000,14170,14172,14171,1
2020-12-17,15:01:13.994000,14170,14171,14170,1
2020-12-17,15:01:15.001000,14169,14171,14169,1
2020-12-17,15:01:15.258000,14169,14171,14171,1
2020-12-17,15:01:15.455000,14170,14172,14170,3
2020-12-17,15:01:16.220000,14170,14172,14170,1
2020-12-17,15:01:18.271000,14171,14172,14171,1
2020-12-17,15:01:18.337000,14171,14172,14172,7
2020-12-17,15:01:18.338000,14171,14172,14171,2
2020-12-17,15:01:18.339000,14171,14172,14171,1
2020-12-17,15:01:18.339000,14171,14172,14171,1
2020-12-17,15:01:18.339000,14171,14172,14171,3
2020-12-17,15:01:18.340000,14171,14172,14171,1
2020-12-17,15:01:19.446000,14171,14173,14171,1
2020-12-17,15:01:19.536000,14171,14173,14171,4
2020-12-17,15:01:19.536000,14171,14173,14170,4
2020-12-17,15:01:19.537000,14171,14173,14170,1
2020-12-17,15:01:19.537000,14171,14173,14170,1
2020-12-17,15:01:19.537000,14171,14173,14170,1
2020-12-17,15:01:19.537000,14171,14173,14170,9
2020-12-17,15:01:19.537000,14171,14173,14171,1
2020-12-17,15:01:19.805000,14170,14172,14171,1
2020-12-17,15:01:19.837000,14170,14172,14172,3
2020-12-17,15:01:20.087000,14170,14172,14172,2
2020-12-17,15:01:20.826000,14170,14172,14171,2
2020-12-17,15:01:21.101000,14170,14171,14171,1
2020-12-17,15:01:21.212000,14170,14171,14171,1
2020-12-17,15:01:21.337000,14170,14172,14172,2
2020-12-17,15:01:22.087000,14171,14172,14172,1
2020-12-17,15:01:26.329000,14171,14173,14171,1
2020-12-17,15:01:26.720000,14172,14173,14172,1
2020-12-17,15:01:28.087000,14171,14172,14172,14
2020-12-17,15:01:28.087000,14171,14172,14172,3
2020-12-17,15:01:28.087000,14171,14172,14172,1
2020-12-17,15:01:28.088000,14171,14172,14172,1
2020-12-17,15:01:28.088000,14171,14172,14172,5
2020-12-17,15:01:28.088000,14171,14172,14172,2
2020-12-17,15:01:28.088000,14171,14172,14172,1
2020-12-17,15:01:28.088000,14171,14172,14172,2
2020-12-17,15:01:28.213000,14171,14173,14171,2
2020-12-17,15:01:28.214000,14171,14173,14171,1
2020-12-17,15:01:28.762000,14171,14173,14172,2
2020-12-17,15:01:32.593000,14171,14172,14172,4
2020-12-17,15:01:35.950000,14171,14173,14171,4
2020-12-17,15:01:35.950000,14171,14173,14170,4
2020-12-17,15:01:37.940000,14171,14172,14172,1
2020-12-17,15:01:40.206000,14172,14173,14172,1
2020-12-17,15:01:40.213000,14172,14173,14172,1
2020-12-17,15:01:40.214000,14172,14173,14172,1
2020-12-17,15:01:40.284000,14172,14173,14173,1
2020-12-17,15:01:41.046000,14172,14173,14172,2
2020-12-17,15:01:44.953000,14172,14173,14172,1
2020-12-17,15:01:46.752000,14172,14173,14172,1
2020-12-17,15:01:47.263000,14171,14172,14172,1
2020-12-17,15:01:47.339000,14171,14173,14171,1
2020-12-17,15:01:49.630000,14171,14172,14172,1
2020-12-17,15:01:49.727000,14171,14172,14172,3
2020-12-17,15:01:49.909000,14172,14173,14172,2
2020-12-17,15:01:50.197000,14171,14172,14171,1
2020-12-17,15:01:51.234000,14170,14171,14171,1
2020-12-17,15:01:51.421000,14170,14171,14171,1
2020-12-17,15:01:51.645000,14170,14171,14171,1
2020-12-17,15:01:53.212000,14170,14171,14170,17
2020-12-17,15:01:53.337000,14169,14171,14169,7
2020-12-17,15:01:53.494000,14168,14170,14170,1
2020-12-17,15:01:54.407000,14168,14170,14169,5
2020-12-17,15:01:56.637000,14168,14170,14168,1
2020-12-17,15:01:56.982000,14168,14170,14168,3
2020-12-17,15:01:57.925000,14168,14169,14169,1
2020-12-17,15:01:58.118000,14168,14170,14168,1
2020-12-17,15:01:58.125000,14168,14170,14168,1
2020-12-17,15:01:59.230000,14168,14170,14168,1
2020-12-17,15:01:59.337000,14168,14169,14168,6
2020-12-17,15:01:59.605000,14168,14169,14168,2
2020-12-17,15:02:00.072000,14168,14169,14168,1
2020-12-17,15:02:00.666000,14168,14169,14169,1
2020-12-17,15:02:00.851000,14168,14169,14169,1
2020-12-17,15:02:01.873000,14168,14169,14168,5
2020-12-17,15:02:02.290000,14168,14169,14169,2
2020-12-17,15:02:03.419000,14169,14170,14170,1
2020-12-17,15:02:03.655000,14169,14170,14169,1
2020-12-17,15:02:03.668000,14169,14170,14169,1
2020-12-17,15:02:05.009000,14169,14170,14170,1
2020-12-17,15:02:05.795000,14169,14170,14170,1
2020-12-17,15:02:05.795000,14169,14170,14170,6
2020-12-17,15:02:07.650000,14170,14171,14171,3
2020-12-17,15:02:08.500000,14171,14172,14171,1
2020-12-17,15:02:08.500000,14171,14172,14170,8
2020-12-17,15:02:08.500000,14171,14172,14170,1
2020-12-17,15:02:08.501000,14171,14172,14170,10
2020-12-17,15:02:08.502000,14171,14172,14170,10
2020-12-17,15:02:09.764000,14169,14170,14170,1
2020-12-17,15:02:09.959000,14169,14170,14170,2
2020-12-17,15:02:10.782000,14169,14171,14169,1
2020-12-17,15:02:12.465000,14170,14171,14170,1
2020-12-17,15:02:12.916000,14169,14171,14169,11
2020-12-17,15:02:13.223000,14169,14170,14170,2
2020-12-17,15:02:14.185000,14169,14171,14169,1
2020-12-17,15:02:14.349000,14169,14171,14169,4
2020-12-17,15:02:14.349000,14169,14171,14168,2
2020-12-17,15:02:14.698000,14168,14170,14170,1
2020-12-17,15:02:14.949000,14168,14170,14170,1
2020-12-17,15:02:16.883000,14169,14170,14169,1
2020-12-17,15:02:16.883000,14169,14170,14168,4
2020-12-17,15:02:17.529000,14168,14169,14169,1
2020-12-17,15:02:18.668000,14168,14169,14168,1
2020-12-17,15:02:19.356000,14168,14169,14169,4
2020-12-17,15:02:27.152000,14169,14170,14170,1
2020-12-17,15:02:30.590000,14169,14170,14169,5
2020-12-17,15:02:35.110000,14169,14170,14170,1
2020-12-17,15:02:38.198000,14169,14170,14169,1
2020-12-17,15:02:45.723000,14169,14170,14169,1
2020-12-17,15:02:45.966000,14169,14170,14169,1
2020-12-17,15:02:47.075000,14169,14170,14169,3
2020-12-17,15:02:48.572000,14169,14170,14170,3
2020-12-17,15:02:51.356000,14169,14170,14170,1
2020-12-17,15:02:51.506000,14169,14170,14169,2
2020-12-17,15:02:59.927000,14169,14170,14170,1
2020-12-17,15:02:59.938000,14169,14170,14170,1
2020-12-17,15:03:01.449000,14169,14170,14170,1
2020-12-17,15:03:02.204000,14169,14170,14170,2
2020-12-17,15:03:05.592000,14170,14171,14170,2
2020-12-17,15:03:06.473000,14169,14170,14170,1
2020-12-17,15:03:08.497000,14169,14170,14170,1
2020-12-17,15:03:08.716000,14169,14170,14170,1
2020-12-17,15:03:08.951000,14169,14170,14169,4
2020-12-17,15:03:10.069000,14169,14170,14170,1
2020-12-17,15:03:10.073000,14169,14170,14170,1
2020-12-17,15:03:10.076000,14169,14170,14170,1
2020-12-17,15:03:10.079000,14169,14170,14170,1
2020-12-17,15:03:10.533000,14169,14171,14170,1
2020-12-17,15:03:10.596000,14169,14170,14170,1
2020-12-17,15:03:11.463000,14169,14170,14170,3
2020-12-17,15:03:13.099000,14169,14170,14170,1
2020-12-17,15:03:19.664000,14169,14170,14170,1
2020-12-17,15:03:29.492000,14169,14170,14170,1
2020-12-17,15:03:36.860000,14169,14170,14170,1
2020-12-17,15:03:37.749000,14169,14170,14169,3
2020-12-17,15:03:38.533000,14169,14170,14169,2
2020-12-17,15:03:40.443000,14169,14170,14169,1
2020-12-17,15:03:42.021000,14169,14170,14169,1
2020-12-17,15:03:42.165000,14169,14170,14169,1
2020-12-17,15:03:45.929000,14169,14170,14169,1
2020-12-17,15:03:46.450000,14169,14170,14170,1
2020-12-17,15:03:46.649000,14169,14171,14169,3
2020-12-17,15:03:49.537000,14169,14170,14169,1
2020-12-17,15:03:50.248000,14169,14170,14169,1
2020-12-17,15:03:50.249000,14169,14170,14169,1
2020-12-17,15:03:51.177000,14168,14169,14169,1
2020-12-17,15:03:52.400000,14168,14170,14168,1
2020-12-17,15:03:54.202000,14168,14170,14168,1
2020-12-17,15:03:55.797000,14168,14169,14168,4
2020-12-17,15:03:56.127000,14168,14169,14169,1
2020-12-17,15:03:57.997000,14169,14170,14169,2
2020-12-17,15:03:59.376000,14169,14170,14169,1
2020-12-17,15:03:59.904000,14169,14170,14170,3
2020-12-17,15:04:00.807000,14169,14170,14169,1
2020-12-17,15:04:01.705000,14169,14170,14169,1
2020-12-17,15:04:02.389000,14169,14170,14169,1
2020-12-17,15:04:02.424000,14169,14170,14170,10
2020-12-17,15:04:02.605000,14169,14170,14170,4
2020-12-17,15:04:02.606000,14169,14170,14170,11
2020-12-17,15:04:02.784000,14170,14171,14170,1
2020-12-17,15:04:02.890000,14169,14171,14171,1
2020-12-17,15:04:02.899000,14169,14171,14169,1
2020-12-17,15:04:05.704000,14170,14171,14170,1
2020-12-17,15:04:07.134000,14170,14171,14171,1
2020-12-17,15:04:07.644000,14170,14171,14170,1
2020-12-17,15:04:07.904000,14170,14171,14171,6
2020-12-17,15:04:09.081000,14170,14171,14171,2
2020-12-17,15:04:14.371000,14170,14171,14171,1
2020-12-17,15:04:14.371000,14170,14171,14171,1
2020-12-17,15:04:14.371000,14170,14171,14171,2
2020-12-17,15:04:18.465000,14171,14172,14171,1
2020-12-17,15:04:19.040000,14171,14172,14172,1
2020-12-17,15:04:20.337000,14171,14172,14172,1
2020-12-17,15:04:22.123000,14172,14173,14172,1
2020-12-17,15:04:22.150000,14172,14173,14171,6
2020-12-17,15:04:22.299000,14171,14172,14171,1
2020-12-17,15:04:25.206000,14171,14172,14172,1
2020-12-17,15:04:28.702000,14172,14173,14172,2
2020-12-17,15:04:30.742000,14171,14172,14172,2
2020-12-17,15:04:33.271000,14171,14172,14172,1
2020-12-17,15:04:36.231000,14171,14172,14171,1
2020-12-17,15:04:37.857000,14171,14172,14172,5
2020-12-17,15:04:38.777000,14171,14172,14172,1
2020-12-17,15:04:40.212000,14171,14172,14172,3
2020-12-17,15:04:40.370000,14172,14173,14172,1
2020-12-17,15:04:41.121000,14172,14173,14172,1
2020-12-17,15:04:42.054000,14172,14173,14172,1
2020-12-17,15:04:43.587000,14172,14173,14173,11
2020-12-17,15:04:45.700000,14173,14174,14174,1
2020-12-17,15:04:45.712000,14173,14174,14174,15
2020-12-17,15:04:45.999000,14174,14175,14174,7
2020-12-17,15:04:46,14174,14175,14174,1
2020-12-17,15:04:47.505000,14173,14175,14175,4
2020-12-17,15:04:52.724000,14173,14174,14174,1
2020-12-17,15:04:55.894000,14173,14174,14173,1
2020-12-17,15:04:55.908000,14173,14174,14173,2
2020-12-17,15:04:56.346000,14173,14174,14174,4
2020-12-17,15:05:00.034000,14173,14174,14173,1
2020-12-17,15:05:00.252000,14173,14174,14174,4
2020-12-17,15:05:00.252000,14173,14174,14174,1
2020-12-17,15:05:00.253000,14173,14174,14174,3
2020-12-17,15:05:00.253000,14173,14174,14174,2
2020-12-17,15:05:04.399000,14174,14175,14174,3
2020-12-17,15:05:04.437000,14174,14175,14174,2
2020-12-17,15:05:05.182000,14173,14175,14175,1
2020-12-17,15:05:06.013000,14173,14175,14175,1
2020-12-17,15:05:06.145000,14173,14175,14175,1
2020-12-17,15:05:07.205000,14174,14175,14175,10
2020-12-17,15:05:07.997000,14174,14176,14174,1
2020-12-17,15:05:10.892000,14173,14174,14174,1
2020-12-17,15:05:12.112000,14173,14174,14174,1
2020-12-17,15:05:12.687000,14173,14174,14174,1
2020-12-17,15:05:12.712000,14173,14174,14173,4
2020-12-17,15:05:18.179000,14173,14174,14173,2
2020-12-17,15:05:28.156000,14173,14174,14173,3
2020-12-17,15:05:28.719000,14172,14173,14173,1
2020-12-17,15:05:34.054000,14172,14173,14173,2
2020-12-17,15:05:37.848000,14172,14173,14172,1
2020-12-17,15:05:37.850000,14172,14173,14172,3
2020-12-17,15:05:38.420000,14171,14172,14172,1
2020-12-17,15:05:38.689000,14171,14172,14171,1
2020-12-17,15:05:39.614000,14171,14172,14171,1
2020-12-17,15:05:42.436000,14171,14172,14172,1
2020-12-17,15:05:48.629000,14171,14172,14172,1
2020-12-17,15:05:55.257000,14171,14172,14172,2
2020-12-17,15:05:58.836000,14171,14172,14172,1
2020-12-17,15:05:59.726000,14171,14172,14172,1
2020-12-17,15:06:07.557000,14171,14172,14171,3
2020-12-17,15:06:09.233000,14171,14172,14171,1
2020-12-17,15:06:11.178000,14171,14172,14171,1
2020-12-17,15:06:15.800000,14171,14172,14171,3
2020-12-17,15:06:15.801000,14171,14172,14171,2
2020-12-17,15:06:17.358000,14170,14171,14171,5
2020-12-17,15:06:17.361000,14170,14171,14171,1
2020-12-17,15:06:17.583000,14171,14172,14171,5
2020-12-17,15:06:24.572000,14171,14172,14171,1
2020-12-17,15:06:25.548000,14171,14172,14171,1
2020-12-17,15:06:33.285000,14171,14172,14171,1
2020-12-17,15:06:37.172000,14171,14172,14171,1
2020-12-17,15:06:37.432000,14171,14172,14171,8
2020-12-17,15:06:46.894000,14170,14171,14170,1
2020-12-17,15:06:47.273000,14170,14171,14171,1
2020-12-17,15:06:50.825000,14170,14171,14170,5
2020-12-17,15:06:50.825000,14170,14171,14170,18
2020-12-17,15:06:54.868000,14169,14170,14169,2
2020-12-17,15:06:54.869000,14169,14170,14169,5
2020-12-17,15:06:54.869000,14169,14170,14169,2
2020-12-17,15:06:56.491000,14168,14169,14168,1
2020-12-17,15:06:56.587000,14168,14169,14168,14
2020-12-17,15:06:56.712000,14167,14169,14167,12
2020-12-17,15:06:56.746000,14167,14169,14167,1
2020-12-17,15:06:56.931000,14167,14168,14168,1
2020-12-17,15:06:57.387000,14167,14168,14167,1
2020-12-17,15:06:57.416000,14167,14168,14167,1
2020-12-17,15:07:02.027000,14167,14168,14167,1
2020-12-17,15:07:02.027000,14167,14168,14166,2
2020-12-17,15:07:03.678000,14166,14167,14166,2
2020-12-17,15:07:03.702000,14166,14167,14167,1
2020-12-17,15:07:03.994000,14166,14167,14167,1
2020-12-17,15:07:04.160000,14166,14168,14166,1
2020-12-17,15:07:06.442000,14166,14167,14167,1
2020-12-17,15:07:07.906000,14167,14168,14167,1
2020-12-17,15:07:09.033000,14167,14168,14167,1
2020-12-17,15:07:10.257000,14167,14168,14168,1
2020-12-17,15:07:10.257000,14167,14168,14168,1
2020-12-17,15:07:13.115000,14167,14169,14167,1
2020-12-17,15:07:17.965000,14167,14168,14168,1
2020-12-17,15:07:21.865000,14167,14168,14168,1
2020-12-17,15:07:26.416000,14167,14168,14167,1
2020-12-17,15:07:27.999000,14167,14168,14168,1
2020-12-17,15:07:28.159000,14167,14168,14168,1
2020-12-17,15:07:28.159000,14167,14168,14168,1
2020-12-17,15:07:29.647000,14168,14169,14168,4
2020-12-17,15:07:31.633000,14167,14169,14169,1
2020-12-17,15:07:35.927000,14167,14169,14167,2
2020-12-17,15:07:38.532000,14167,14169,14167,1
2020-12-17,15:07:39.593000,14167,14169,14167,4
2020-12-17,15:07:41.112000,14168,14169,14168,1
2020-12-17,15:07:52.204000,14167,14168,14167,2
2020-12-17,15:07:52.767000,14167,14168,14167,3
2020-12-17,15:07:54.307000,14166,14167,14166,3
2020-12-17,15:07:54.351000,14166,14167,14166,3
2020-12-17,15:07:54.351000,14166,14167,14166,7
2020-12-17,15:07:55.219000,14165,14166,14166,1
2020-12-17,15:07:55.337000,14165,14167,14165,1
2020-12-17,15:07:55.930000,14165,14167,14167,1
2020-12-17,15:07:57.773000,14165,14167,14167,1
2020-12-17,15:07:58.415000,14165,14167,14165,1
2020-12-17,15:07:58.454000,14165,14167,14165,1
2020-12-17,15:07:58.661000,14165,14167,14165,2
2020-12-17,15:08:01.200000,14166,14167,14166,1
2020-12-17,15:08:01.426000,14165,14167,14165,2
2020-12-17,15:08:01.432000,14165,14167,14165,2
2020-12-17,15:08:01.448000,14165,14167,14165,2
2020-12-17,15:08:02.591000,14165,14167,14167,1
2020-12-17,15:08:05.257000,14165,14167,14165,4
2020-12-17,15:08:11.558000,14165,14166,14165,1
2020-12-17,15:08:12.636000,14165,14166,14166,1
2020-12-17,15:08:12.845000,14165,14166,14166,1
2020-12-17,15:08:17.437000,14166,14167,14166,1
2020-12-17,15:08:19.825000,14165,14166,14166,1
2020-12-17,15:08:27.439000,14166,14167,14166,1
2020-12-17,15:08:27.907000,14166,14167,14167,5
2020-12-17,15:08:29.398000,14167,14168,14167,3
2020-12-17,15:08:37.359000,14166,14167,14167,1
2020-12-17,15:08:40.603000,14167,14168,14168,1
2020-12-17,15:08:40.603000,14167,14168,14168,5
2020-12-17,15:08:40.603000,14167,14168,14168,2
2020-12-17,15:08:40.604000,14167,14168,14168,4
2020-12-17,15:08:41.432000,14167,14169,14167,2
2020-12-17,15:08:41.712000,14167,14168,14168,1
2020-12-17,15:08:45.382000,14167,14168,14168,1
2020-12-17,15:08:53.202000,14167,14168,14167,3
2020-12-17,15:09:00.167000,14167,14168,14167,1
2020-12-17,15:09:06.391000,14166,14168,14166,3
2020-12-17,15:09:07.182000,14166,14167,14167,1
2020-12-17,15:09:11.454000,14166,14168,14166,9
2020-12-17,15:09:11.587000,14166,14167,14166,1
2020-12-17,15:09:12.251000,14166,14167,14167,2
2020-12-17,15:09:14.510000,14166,14167,14167,1
2020-12-17,15:09:18.258000,14166,14167,14166,2
2020-12-17,15:09:23.837000,14166,14167,14167,3
2020-12-17,15:09:41.408000,14167,14168,14167,1
2020-12-17,15:09:42.962000,14167,14168,14168,8
2020-12-17,15:09:45.264000,14167,14169,14167,1
2020-12-17,15:09:51.021000,14168,14169,14168,1
2020-12-17,15:09:51.021000,14168,14169,14167,1
2020-12-17,15:09:54.578000,14167,14169,14167,1
2020-12-17,15:09:57.506000,14167,14169,14169,1
2020-12-17,15:10:02.587000,14168,14169,14169,5
2020-12-17,15:10:02.712000,14168,14169,14169,1
2020-12-17,15:10:02.752000,14168,14169,14169,2
2020-12-17,15:10:02.879000,14169,14170,14169,1
2020-12-17,15:10:02.879000,14169,14170,14168,1
2020-12-17,15:10:02.921000,14169,14170,14168,2
2020-12-17,15:10:03.203000,14168,14170,14170,2
2020-12-17,15:10:03.240000,14168,14170,14170,1
2020-12-17,15:10:04.058000,14168,14170,14170,1
2020-12-17,15:10:11.034000,14170,14171,14170,1
2020-12-17,15:10:25.294000,14169,14170,14169,1
2020-12-17,15:10:25.704000,14169,14170,14169,1
2020-12-17,15:10:28.130000,14169,14170,14170,1
2020-12-17,15:10:28.287000,14169,14170,14169,9
2020-12-17,15:10:29.375000,14168,14169,14169,2
2020-12-17,15:10:32.431000,14169,14170,14169,1
2020-12-17,15:10:36.483000,14169,14170,14169,1
2020-12-17,15:10:40.640000,14168,14169,14169,1
2020-12-17,15:10:40.643000,14168,14169,14169,1
2020-12-17,15:10:46.021000,14168,14169,14169,1
2020-12-17,15:10:47.923000,14168,14169,14168,1
2020-12-17,15:10:47.923000,14168,14169,14168,2
2020-12-17,15:10:47.923000,14168,14169,14168,2
2020-12-17,15:10:48.903000,14167,14168,14168,1
2020-12-17,15:10:54.884000,14167,14169,14169,2
2020-12-17,15:10:56.056000,14168,14169,14168,2
2020-12-17,15:11:00.793000,14168,14169,14169,1
2020-12-17,15:11:01.315000,14168,14169,14168,1
2020-12-17,15:11:02.352000,14167,14169,14169,1
2020-12-17,15:11:03.913000,14168,14169,14168,1
2020-12-17,15:11:07.144000,14168,14169,14168,1
2020-12-17,15:11:10.494000,14168,14169,14168,1
2020-12-17,15:11:10.960000,14168,14169,14168,1
2020-12-17,15:11:14.695000,14167,14168,14167,3
2020-12-17,15:11:16.982000,14167,14168,14168,2
2020-12-17,15:11:17.085000,14167,14168,14167,3
2020-12-17,15:11:26.786000,14167,14168,14167,1
2020-12-17,15:11:26.786000,14167,14168,14166,4
2020-12-17,15:11:47.774000,14166,14167,14167,1
2020-12-17,15:11:49.033000,14166,14167,14167,1
2020-12-17,15:11:55.261000,14166,14167,14167,2
2020-12-17,15:11:58.895000,14166,14167,14167,1
2020-12-17,15:12:01.692000,14166,14168,14166,2
2020-12-17,15:12:02.291000,14166,14168,14168,1
2020-12-17,15:12:04.613000,14167,14168,14167,2
2020-12-17,15:12:37.245000,14167,14168,14168,11
2020-12-17,15:12:37.245000,14167,14168,14169,1
2020-12-17,15:12:42.330000,14167,14169,14169,1
2020-12-17,15:12:42.404000,14167,14169,14167,4
2020-12-17,15:12:50.126000,14167,14168,14168,1
2020-12-17,15:12:50.897000,14167,14168,14168,1
2020-12-17,15:13:19.555000,14168,14169,14168,1
2020-12-17,15:13:21.293000,14168,14169,14169,1
2020-12-17,15:13:21.337000,14168,14169,14169,4
2020-12-17,15:13:27.262000,14169,14170,14170,1
2020-12-17,15:13:31.399000,14169,14170,14170,1
2020-12-17,15:13:31.730000,14169,14170,14170,1
2020-12-17,15:13:34.287000,14169,14170,14170,1
2020-12-17,15:13:36.060000,14169,14170,14170,1
2020-12-17,15:13:36.060000,14169,14170,14170,3
2020-12-17,15:13:39.256000,14170,14171,14170,1
2020-12-17,15:13:42.763000,14170,14171,14171,1
2020-12-17,15:13:46.128000,14170,14171,14171,1
2020-12-17,15:13:46.212000,14170,14171,14171,6
2020-12-17,15:13:46.212000,14170,14171,14171,3
2020-12-17,15:13:48.518000,14171,14172,14172,4
2020-12-17,15:13:48.587000,14171,14172,14172,3
2020-12-17,15:13:50.340000,14171,14172,14172,1
2020-12-17,15:13:50.375000,14171,14172,14172,9
2020-12-17,15:13:50.955000,14172,14173,14172,1
2020-12-17,15:13:55.259000,14171,14172,14172,1
2020-12-17,15:14:01.523000,14171,14172,14172,4
2020-12-17,15:14:01.523000,14171,14172,14173,1
2020-12-17,15:14:02.315000,14171,14173,14172,1
2020-12-17,15:14:02.932000,14171,14173,14173,1
2020-12-17,15:14:09.138000,14171,14172,14172,1
2020-12-17,15:14:10.486000,14171,14172,14172,1
2020-12-17,15:14:16.429000,14171,14172,14172,1
2020-12-17,15:14:17.119000,14171,14172,14172,1
2020-12-17,15:14:17.410000,14171,14172,14172,1
2020-12-17,15:14:19.943000,14171,14172,14172,1
2020-12-17,15:14:25.515000,14171,14173,14173,1
2020-12-17,15:14:40.847000,14171,14172,14172,1
2020-12-17,15:14:41.448000,14171,14172,14171,5
2020-12-17,15:14:44.637000,14170,14171,14170,5
2020-12-17,15:14:45.993000,14170,14171,14171,1
2020-12-17,15:14:47.673000,14170,14171,14170,4
2020-12-17,15:14:50.538000,14169,14171,14169,1
2020-12-17,15:14:53.818000,14169,14170,14170,2
2020-12-17,15:14:53.965000,14169,14170,14170,1
2020-12-17,15:14:57.397000,14169,14170,14170,1
2020-12-17,15:15:06.748000,14169,14170,14169,2
2020-12-17,15:15:06.748000,14169,14170,14169,4
2020-12-17,15:15:07.032000,14168,14169,14168,3
2020-12-17,15:15:07.036000,14168,14169,14168,2
2020-12-17,15:15:07.041000,14168,14169,14169,2
2020-12-17,15:15:07.053000,14168,14169,14169,4
2020-12-17,15:15:07.076000,14168,14169,14170,2
2020-12-17,15:15:07.080000,14168,14169,14168,6
2020-12-17,15:15:07.080000,14168,14169,14167,13
2020-12-17,15:15:07.080000,14168,14169,14166,11
2020-12-17,15:15:07.081000,14168,14169,14166,2
2020-12-17,15:15:07.089000,14167,14169,14169,1
2020-12-17,15:15:07.092000,14167,14169,14167,6
2020-12-17,15:15:07.092000,14167,14169,14166,6
2020-12-17,15:15:07.092000,14167,14169,14165,3
2020-12-17,15:15:07.139000,14167,14169,14166,3
2020-12-17,15:15:07.149000,14167,14169,14167,1
2020-12-17,15:15:07.212000,14166,14168,14166,2
2020-12-17,15:15:07.549000,14165,14167,14167,1
2020-12-17,15:15:17.767000,14167,14168,14167,2
2020-12-17,15:15:20.747000,14166,14167,14166,1
2020-12-17,15:15:20.838000,14166,14167,14167,1
2020-12-17,15:15:20.839000,14166,14167,14167,1
2020-12-17,15:15:30.535000,14166,14168,14167,1
2020-12-17,15:15:33.887000,14167,14168,14167,4
2020-12-17,15:15:33.888000,14167,14168,14167,1
2020-12-17,15:15:33.966000,14166,14168,14168,1
2020-12-17,15:15:33.966000,14166,14168,14168,1
2020-12-17,15:15:34.731000,14167,14169,14167,1
2020-12-17,15:15:39.855000,14167,14169,14169,2
2020-12-17,15:15:40.014000,14167,14169,14167,1
2020-12-17,15:15:40.088000,14167,14169,14169,1
2020-12-17,15:15:43.584000,14167,14168,14167,10
2020-12-17,15:15:43.612000,14166,14168,14166,5
2020-12-17,15:15:43.765000,14166,14167,14167,1
2020-12-17,15:15:49.829000,14166,14167,14167,1
2020-12-17,15:15:51.702000,14166,14167,14166,5
2020-12-17,15:15:51.712000,14166,14167,14166,3
2020-12-17,15:15:51.908000,14165,14167,14165,5
2020-12-17,15:15:52.099000,14165,14166,14165,5
2020-12-17,15:15:52.212000,14165,14166,14165,5
2020-12-17,15:15:52.278000,14165,14166,14164,5
2020-12-17,15:15:52.439000,14164,14165,14164,5
2020-12-17,15:15:52.463000,14164,14165,14165,1
2020-12-17,15:15:57.912000,14164,14166,14164,6
2020-12-17,15:15:59.952000,14164,14165,14164,3
2020-12-17,15:15:59.952000,14164,14165,14163,3
2020-12-17,15:16:01.439000,14164,14165,14165,2
2020-12-17,15:16:02.373000,14164,14166,14166,1
2020-12-17,15:16:02.464000,14164,14166,14166,1
2020-12-17,15:16:06.382000,14165,14166,14165,5
2020-12-17,15:16:07.589000,14165,14166,14165,1
2020-12-17,15:16:07.713000,14164,14165,14165,1
2020-12-17,15:16:07.714000,14164,14165,14165,1
2020-12-17,15:16:07.714000,14164,14165,14165,1
2020-12-17,15:16:07.715000,14164,14165,14166,1
2020-12-17,15:16:12.145000,14165,14166,14165,1
2020-12-17,15:16:16.712000,14165,14166,14166,1
2020-12-17,15:16:19.587000,14165,14166,14166,2
2020-12-17,15:16:19.713000,14165,14167,14167,1
2020-12-17,15:16:24.827000,14166,14167,14167,1
2020-12-17,15:16:28.640000,14166,14167,14166,4
2020-12-17,15:16:28.640000,14166,14167,14165,1
2020-12-17,15:16:28.833000,14165,14166,14165,5
2020-12-17,15:16:28.833000,14165,14166,14165,3
2020-12-17,15:16:28.834000,14165,14166,14165,1
2020-12-17,15:16:29.012000,14164,14165,14164,4
2020-12-17,15:16:29.012000,14164,14165,14163,1
2020-12-17,15:16:29.088000,14163,14165,14165,1
2020-12-17,15:16:29.089000,14163,14165,14165,1
2020-12-17,15:16:29.188000,14163,14165,14164,4
2020-12-17,15:16:29.188000,14163,14165,14163,1
2020-12-17,15:16:29.345000,14163,14165,14163,5
2020-12-17,15:16:31.328000,14164,14165,14164,1
2020-12-17,15:16:31.328000,14164,14165,14163,1
2020-12-17,15:16:31.362000,14163,14165,14163,5
2020-12-17,15:16:31.554000,14163,14164,14164,2
2020-12-17,15:16:40.948000,14164,14165,14165,1
2020-12-17,15:16:42.399000,14164,14165,14165,1
2020-12-17,15:16:42.399000,14164,14165,14165,1
2020-12-17,15:16:45.134000,14166,14167,14166,1
2020-12-17,15:16:46.968000,14166,14168,14166,5
2020-12-17,15:16:46.968000,14166,14168,14165,4
2020-12-17,15:16:54.409000,14165,14167,14165,10
2020-12-17,15:16:54.410000,14165,14167,14165,1
2020-12-17,15:16:54.410000,14165,14167,14165,2
2020-12-17,15:16:58.527000,14164,14165,14165,1
2020-12-17,15:16:59.044000,14165,14166,14165,1
2020-12-17,15:16:59.088000,14165,14166,14166,1
2020-12-17,15:16:59.088000,14165,14166,14166,1
2020-12-17,15:16:59.089000,14165,14166,14167,1
2020-12-17,15:16:59.089000,14165,14166,14167,1
2020-12-17,15:16:59.089000,14165,14166,14167,1
2020-12-17,15:16:59.090000,14165,14166,14167,1
2020-12-17,15:16:59.090000,14165,14166,14167,1
2020-12-17,15:16:59.090000,14165,14166,14167,1
2020-12-17,15:17:10.749000,14166,14167,14167,1
2020-12-17,15:17:12.656000,14166,14167,14167,1
2020-12-17,15:17:18.008000,14167,14168,14167,3
2020-12-17,15:17:18.008000,14167,14168,14167,1
2020-12-17,15:17:20.126000,14167,14168,14168,2
2020-12-17,15:17:22.033000,14167,14168,14167,2
2020-12-17,15:17:24.315000,14166,14167,14167,1
2020-12-17,15:17:25.587000,14166,14167,14166,1
2020-12-17,15:17:27.377000,14165,14167,14165,1
2020-12-17,15:17:34.197000,14165,14167,14167,1
2020-12-17,15:17:47.362000,14166,14167,14166,1
2020-12-17,15:18:09.713000,14166,14167,14166,4
2020-12-17,15:18:10.384000,14165,14167,14167,1
2020-12-17,15:18:10.402000,14165,14167,14167,1
2020-12-17,15:18:11.350000,14165,14167,14167,1
2020-12-17,15:18:29.218000,14165,14166,14166,1
2020-12-17,15:18:39.139000,14165,14166,14166,1
2020-12-17,15:18:39.984000,14165,14166,14166,1
2020-12-17,15:18:39.999000,14165,14166,14165,2
2020-12-17,15:18:39.999000,14165,14166,14165,2
2020-12-17,15:18:39.999000,14165,14166,14165,7
2020-12-17,15:18:39.999000,14165,14166,14165,3
2020-12-17,15:18:40,14165,14166,14165,4
2020-12-17,15:18:40,14165,14166,14165,1
2020-12-17,15:18:42.310000,14164,14165,14165,2
2020-12-17,15:18:43.319000,14164,14165,14165,2
2020-12-17,15:18:43.379000,14164,14166,14165,2
2020-12-17,15:18:44.828000,14164,14166,14166,1
2020-12-17,15:18:53.570000,14165,14166,14166,1
2020-12-17,15:18:53.570000,14165,14166,14166,4
2020-12-17,15:18:53.570000,14165,14166,14166,1
2020-12-17,15:18:54.465000,14166,14167,14166,1
2020-12-17,15:18:56.999000,14166,14167,14166,3
2020-12-17,15:19:01.435000,14165,14166,14166,1
2020-12-17,15:19:02.464000,14165,14166,14166,1
2020-12-17,15:19:06.066000,14165,14166,14165,2
2020-12-17,15:19:08.162000,14165,14166,14165,4
2020-12-17,15:19:09.745000,14164,14165,14164,18
2020-12-17,15:19:09.745000,14164,14165,14163,32
2020-12-17,15:19:09.746000,14164,14165,14164,2
2020-12-17,15:19:09.746000,14164,14165,14164,1
2020-12-17,15:19:13.901000,14163,14165,14163,1
2020-12-17,15:19:15.215000,14163,14164,14163,1
2020-12-17,15:19:17.235000,14162,14164,14163,1
2020-12-17,15:19:18.734000,14162,14163,14162,10
2020-12-17,15:19:18.857000,14162,14163,14162,3
2020-12-17,15:19:20.226000,14162,14163,14163,1
2020-12-17,15:19:20.226000,14162,14163,14163,1
2020-12-17,15:19:24.805000,14162,14164,14163,1
2020-12-17,15:19:24.838000,14162,14163,14163,1
2020-12-17,15:19:24.898000,14162,14163,14163,1
2020-12-17,15:19:25.678000,14162,14163,14163,1
2020-12-17,15:19:26.148000,14162,14163,14163,1
2020-12-17,15:19:26.857000,14162,14163,14163,2
2020-12-17,15:19:28.456000,14162,14163,14163,2
2020-12-17,15:19:29.917000,14162,14163,14163,1
2020-12-17,15:19:30.404000,14162,14163,14163,1
2020-12-17,15:19:31.965000,14162,14163,14163,1
2020-12-17,15:19:33.044000,14162,14163,14163,2
2020-12-17,15:19:36.669000,14162,14163,14163,1
2020-12-17,15:19:36.756000,14162,14163,14163,1
2020-12-17,15:19:43.827000,14162,14163,14163,1
2020-12-17,15:19:44.726000,14162,14163,14163,3
2020-12-17,15:19:48.310000,14162,14163,14162,1
2020-12-17,15:19:48.337000,14162,14163,14162,22
2020-12-17,15:19:48.337000,14162,14163,14162,4
2020-12-17,15:19:48.338000,14162,14163,14162,10
2020-12-17,15:19:56.034000,14162,14163,14162,15
2020-12-17,15:19:56.053000,14162,14163,14161,1
2020-12-17,15:19:56.225000,14161,14162,14161,3
2020-12-17,15:19:56.287000,14161,14162,14161,1
2020-12-17,15:19:56.310000,14161,14162,14161,2
2020-12-17,15:19:56.321000,14161,14162,14161,1
2020-12-17,15:19:56.321000,14161,14162,14161,16
2020-12-17,15:19:56.503000,14160,14161,14160,2
2020-12-17,15:19:56.737000,14160,14161,14160,1
2020-12-17,15:19:57.956000,14160,14161,14161,1
2020-12-17,15:19:58.184000,14160,14161,14160,1
2020-12-17,15:19:58.956000,14160,14161,14160,2
2020-12-17,15:20:00.004000,14160,14161,14161,1
2020-12-17,15:20:00.507000,14160,14161,14160,2
2020-12-17,15:20:01.487000,14160,14161,14161,1
2020-12-17,15:20:01.562000,14160,14161,14160,1
2020-12-17,15:20:01.606000,14160,14161,14161,6
2020-12-17,15:20:02.014000,14161,14162,14161,1
2020-12-17,15:20:02.271000,14161,14162,14161,7
2020-12-17,15:20:02.271000,14161,14162,14160,39
2020-12-17,15:20:02.277000,14161,14162,14161,1
2020-12-17,15:20:02.282000,14161,14162,14161,4
2020-12-17,15:20:02.910000,14160,14161,14161,1
2020-12-17,15:20:02.946000,14160,14161,14161,1
2020-12-17,15:20:03.107000,14160,14162,14162,1
2020-12-17,15:20:03.850000,14160,14162,14160,1
2020-12-17,15:20:04.445000,14159,14161,14161,5
2020-12-17,15:20:04.858000,14160,14161,14161,2
2020-12-17,15:20:04.946000,14160,14161,14162,5
2020-12-17,15:20:07.691000,14160,14162,14160,2
2020-12-17,15:20:15.401000,14161,14162,14161,1
2020-12-17,15:20:19.469000,14160,14161,14160,7
2020-12-17,15:20:19.967000,14160,14161,14161,1
2020-12-17,15:20:20.360000,14160,14161,14161,2
2020-12-17,15:20:20.754000,14160,14161,14161,1
2020-12-17,15:20:21.419000,14160,14161,14161,1
2020-12-17,15:20:26.554000,14160,14161,14160,2
2020-12-17,15:20:33.139000,14160,14161,14161,1
2020-12-17,15:20:33.852000,14160,14161,14160,1
2020-12-17,15:20:37.381000,14160,14161,14161,4
2020-12-17,15:20:38.092000,14161,14162,14161,1
2020-12-17,15:20:40.099000,14161,14162,14161,1
2020-12-17,15:20:40.919000,14161,14162,14161,1
2020-12-17,15:20:40.945000,14161,14162,14162,1
2020-12-17,15:20:43.403000,14161,14162,14161,2
2020-12-17,15:20:44.866000,14161,14162,14161,9
2020-12-17,15:20:52.015000,14160,14161,14161,2
2020-12-17,15:20:52.255000,14160,14162,14160,1
2020-12-17,15:20:52.941000,14160,14162,14160,1
2020-12-17,15:20:57.679000,14161,14162,14161,1
2020-12-17,15:20:59.989000,14161,14162,14161,2
2020-12-17,15:21:01.314000,14161,14162,14161,1
2020-12-17,15:21:01.462000,14161,14162,14162,12
2020-12-17,15:21:01.515000,14161,14162,14162,1
2020-12-17,15:21:02.182000,14162,14163,14163,1
2020-12-17,15:21:04.998000,14162,14163,14163,1
2020-12-17,15:21:06.426000,14162,14163,14163,3
2020-12-17,15:21:14.996000,14162,14163,14163,1
2020-12-17,15:21:21.555000,14162,14163,14162,2
2020-12-17,15:21:21.556000,14162,14163,14162,3
2020-12-17,15:21:28.411000,14162,14163,14163,8
2020-12-17,15:21:31.052000,14163,14164,14163,1
2020-12-17,15:21:33.587000,14163,14164,14164,8
2020-12-17,15:21:33.718000,14164,14165,14165,2
2020-12-17,15:21:33.747000,14164,14165,14165,1
2020-12-17,15:21:33.940000,14164,14165,14165,1
2020-12-17,15:21:35.854000,14164,14165,14165,1
2020-12-17,15:21:41.769000,14164,14165,14165,2
2020-12-17,15:21:44.697000,14164,14165,14164,2
2020-12-17,15:21:44.697000,14164,14165,14164,1
2020-12-17,15:21:59.632000,14164,14165,14164,1
2020-12-17,15:22:03.637000,14164,14165,14165,1
2020-12-17,15:22:03.886000,14164,14165,14165,2
2020-12-17,15:22:03.886000,14164,14165,14165,1
2020-12-17,15:22:03.887000,14164,14165,14165,6
2020-12-17,15:22:06.761000,14165,14166,14165,2
2020-12-17,15:22:09.781000,14164,14165,14165,1
2020-12-17,15:22:10.923000,14165,14166,14165,1
2020-12-17,15:22:14.365000,14164,14165,14164,2
2020-12-17,15:22:19.305000,14164,14165,14165,1
2020-12-17,15:22:20.208000,14164,14165,14165,1
2020-12-17,15:22:23.607000,14164,14165,14165,2
2020-12-17,15:22:24.965000,14165,14166,14165,1
2020-12-17,15:22:28.476000,14165,14166,14165,2
2020-12-17,15:22:32.308000,14164,14165,14165,2
2020-12-17,15:22:32.715000,14164,14165,14165,5
2020-12-17,15:22:37.719000,14164,14165,14165,2
2020-12-17,15:22:45.264000,14165,14166,14166,1
2020-12-17,15:22:49.408000,14165,14166,14165,1
2020-12-17,15:22:55.870000,14165,14166,14165,1
2020-12-17,15:22:59.544000,14165,14166,14165,1
2020-12-17,15:23:03.804000,14165,14166,14166,1
2020-12-17,15:23:04.911000,14165,14166,14166,1
2020-12-17,15:23:05.763000,14165,14166,14165,1
2020-12-17,15:23:09.611000,14165,14166,14166,1
2020-12-17,15:23:11.407000,14165,14166,14166,1
2020-12-17,15:23:16.724000,14165,14166,14166,1
2020-12-17,15:23:20.357000,14165,14166,14165,1
2020-12-17,15:23:27.792000,14165,14166,14166,1
2020-12-17,15:23:31.697000,14165,14166,14166,12
2020-12-17,15:23:31.697000,14165,14166,14166,2
2020-12-17,15:23:34.572000,14166,14167,14167,1
2020-12-17,15:23:37.171000,14166,14167,14166,1
2020-12-17,15:23:37.601000,14166,14167,14166,5
2020-12-17,15:23:41.012000,14166,14167,14166,2
2020-12-17,15:23:41.026000,14166,14167,14166,1
2020-12-17,15:23:49.493000,14165,14166,14165,17
2020-12-17,15:23:49.494000,14165,14166,14165,1
2020-12-17,15:23:49.494000,14165,14166,14165,1
2020-12-17,15:23:49.494000,14165,14166,14165,1
2020-12-17,15:24:17.487000,14164,14165,14164,1
2020-12-17,15:24:17.761000,14164,14165,14165,1
2020-12-17,15:24:18.202000,14165,14166,14166,1
2020-12-17,15:24:18.615000,14165,14166,14166,1
2020-12-17,15:24:21.553000,14165,14166,14165,1
2020-12-17,15:24:24.158000,14165,14166,14166,2
2020-12-17,15:24:34.566000,14165,14166,14165,1
2020-12-17,15:24:45.583000,14165,14166,14166,1
2020-12-17,15:25:07.462000,14165,14166,14166,1
2020-12-17,15:25:08.780000,14165,14166,14166,3
2020-12-17,15:25:10.461000,14165,14166,14165,4
2020-12-17,15:25:10.468000,14165,14166,14165,1
2020-12-17,15:25:10.549000,14165,14166,14165,1
2020-12-17,15:25:10.614000,14165,14166,14165,1
2020-12-17,15:25:10.694000,14165,14166,14164,1
2020-12-17,15:25:10.874000,14164,14165,14164,1
2020-12-17,15:25:11.085000,14164,14165,14164,3
2020-12-17,15:25:11.640000,14164,14165,14165,2
2020-12-17,15:25:18.419000,14165,14166,14165,1
2020-12-17,15:25:20.823000,14165,14166,14165,1
2020-12-17,15:25:25.602000,14165,14166,14165,1
2020-12-17,15:25:27.286000,14165,14166,14165,1
2020-12-17,15:25:27.863000,14165,14166,14166,1
2020-12-17,15:25:28.811000,14165,14166,14166,1
2020-12-17,15:25:34.409000,14165,14166,14166,1
2020-12-17,15:25:40.438000,14165,14166,14166,1
2020-12-17,15:25:40.635000,14165,14166,14166,1
2020-12-17,15:25:40.884000,14165,14166,14166,1
2020-12-17,15:25:41.591000,14165,14166,14166,1
2020-12-17,15:25:50.771000,14166,14167,14167,2
2020-12-17,15:25:52.348000,14166,14167,14167,4
2020-12-17,15:25:53.428000,14166,14167,14167,5
2020-12-17,15:25:54.744000,14166,14167,14167,3
2020-12-17,15:25:54.977000,14166,14167,14167,3
2020-12-17,15:25:55.155000,14166,14167,14167,1
2020-12-17,15:25:55.194000,14166,14167,14167,3
2020-12-17,15:25:55.403000,14166,14167,14167,3
2020-12-17,15:25:57.519000,14166,14167,14167,4
2020-12-17,15:26:02.854000,14166,14167,14167,4
2020-12-17,15:26:04.256000,14166,14167,14167,1
2020-12-17,15:26:06.750000,14166,14167,14167,2
2020-12-17,15:26:07.829000,14167,14168,14167,1
2020-12-17,15:26:12.942000,14167,14168,14167,2
2020-12-17,15:26:19.003000,14166,14167,14167,1
2020-12-17,15:26:29.102000,14166,14167,14167,1
2020-12-17,15:26:32.440000,14166,14167,14167,1
2020-12-17,15:26:32.501000,14166,14167,14167,5
2020-12-17,15:26:39.240000,14167,14168,14168,3
2020-12-17,15:26:43.017000,14167,14168,14168,4
2020-12-17,15:26:43.401000,14167,14168,14168,1
2020-12-17,15:26:43.994000,14167,14168,14168,2
2020-12-17,15:26:44.835000,14167,14168,14168,1
2020-12-17,15:26:44.997000,14167,14168,14168,1
2020-12-17,15:26:45.126000,14167,14168,14168,1
2020-12-17,15:26:45.284000,14167,14168,14168,1
2020-12-17,15:26:45.337000,14167,14168,14168,10
2020-12-17,15:26:45.337000,14167,14168,14168,2
2020-12-17,15:26:51.970000,14168,14169,14169,1
2020-12-17,15:26:52.437000,14168,14169,14169,1
2020-12-17,15:26:52.954000,14168,14169,14169,1
2020-12-17,15:26:55.524000,14168,14169,14169,1
2020-12-17,15:26:58.648000,14168,14169,14169,2
2020-12-17,15:27:07.912000,14168,14169,14169,1
2020-12-17,15:27:08.167000,14168,14169,14168,1
2020-12-17,15:27:08.204000,14168,14169,14168,1
2020-12-17,15:27:08.234000,14168,14169,14168,1
2020-12-17,15:27:08.282000,14168,14169,14168,3
2020-12-17,15:27:08.296000,14168,14169,14168,1
2020-12-17,15:27:08.308000,14168,14169,14168,1
2020-12-17,15:27:08.319000,14168,14169,14168,1
2020-12-17,15:27:08.331000,14168,14169,14168,3
2020-12-17,15:27:08.346000,14168,14169,14168,1
2020-12-17,15:27:08.394000,14168,14169,14168,2
2020-12-17,15:27:08.439000,14168,14169,14168,1
2020-12-17,15:27:08.440000,14168,14169,14168,1
2020-12-17,15:27:08.450000,14168,14169,14168,1
2020-12-17,15:27:08.471000,14168,14169,14168,1
2020-12-17,15:27:08.477000,14168,14169,14168,2
2020-12-17,15:27:08.478000,14168,14169,14168,7
2020-12-17,15:27:08.478000,14168,14169,14168,4
2020-12-17,15:27:08.478000,14168,14169,14168,1
2020-12-17,15:27:08.478000,14168,14169,14168,7
2020-12-17,15:27:08.482000,14168,14169,14167,1
2020-12-17,15:27:08.512000,14168,14169,14167,2
2020-12-17,15:27:08.541000,14168,14169,14167,3
2020-12-17,15:27:08.563000,14168,14169,14167,3
2020-12-17,15:27:08.579000,14168,14169,14167,1
2020-12-17,15:27:08.657000,14167,14169,14167,2
2020-12-17,15:27:08.666000,14167,14169,14167,1
2020-12-17,15:27:08.744000,14167,14168,14167,1
2020-12-17,15:27:08.993000,14167,14168,14167,1
2020-12-17,15:27:09.135000,14167,14168,14167,1
2020-12-17,15:27:10.051000,14167,14169,14167,1
2020-12-17,15:27:10.108000,14167,14169,14169,1
2020-12-17,15:27:10.243000,14167,14169,14169,1
2020-12-17,15:27:11.799000,14167,14169,14168,5
2020-12-17,15:27:35,14167,14168,14168,1
2020-12-17,15:27:36.594000,14167,14168,14168,1
2020-12-17,15:27:37.056000,14167,14168,14168,1
2020-12-17,15:27:47.433000,14167,14168,14167,3
2020-12-17,15:27:52.690000,14166,14167,14167,1
2020-12-17,15:27:54.946000,14167,14168,14167,1
2020-12-17,15:27:56.581000,14167,14168,14168,1
2020-12-17,15:27:57.679000,14167,14168,14167,1
2020-12-17,15:27:59.934000,14167,14168,14168,1
2020-12-17,15:28:02.492000,14167,14168,14168,1
2020-12-17,15:28:02.860000,14167,14168,14168,1
2020-12-17,15:28:25.493000,14167,14168,14168,1
2020-12-17,15:28:35.571000,14167,14168,14167,14
2020-12-17,15:28:39.082000,14166,14167,14166,1
2020-12-17,15:28:49.240000,14166,14167,14166,1
2020-12-17,15:28:50.845000,14166,14167,14166,1
2020-12-17,15:28:51.425000,14166,14167,14166,1
2020-12-17,15:28:55.033000,14166,14167,14167,2
2020-12-17,15:28:55.749000,14166,14167,14167,1
2020-12-17,15:28:55.749000,14166,14167,14167,1
2020-12-17,15:28:55.749000,14166,14167,14167,3
2020-12-17,15:29:04.991000,14167,14168,14167,4
2020-12-17,15:29:06.235000,14167,14168,14168,1
2020-12-17,15:29:08.528000,14167,14168,14168,1
2020-12-17,15:29:18.756000,14167,14168,14168,10
2020-12-17,15:29:18.757000,14167,14168,14168,5
2020-12-17,15:29:28.386000,14168,14169,14169,2
2020-12-17,15:29:30.164000,14168,14169,14169,4
2020-12-17,15:29:41.624000,14169,14170,14170,23
2020-12-17,15:29:41.625000,14169,14170,14170,1
2020-12-17,15:29:42.748000,14169,14171,14170,4
2020-12-17,15:29:44.967000,14169,14170,14170,1
2020-12-17,15:29:45.143000,14170,14171,14171,1
2020-12-17,15:29:45.358000,14170,14171,14171,1
2020-12-17,15:29:45.987000,14170,14171,14170,2
2020-12-17,15:29:48.670000,14170,14171,14171,5
2020-12-17,15:29:50.020000,14170,14171,14171,1
2020-12-17,15:29:50.159000,14170,14171,14171,1
2020-12-17,15:29:51.969000,14170,14171,14171,1
2020-12-17,15:29:53.174000,14170,14171,14171,1
2020-12-17,15:29:53.802000,14170,14171,14171,1
2020-12-17,15:29:56.263000,14170,14171,14171,1
2020-12-17,15:29:58.929000,14170,14171,14171,1
2020-12-17,15:29:59.298000,14170,14171,14171,2
2020-12-17,15:30:01.421000,14171,14172,14171,1
2020-12-17,15:30:01.923000,14171,14172,14171,2
2020-12-17,15:30:02.916000,14170,14172,14172,1
2020-12-17,15:30:03.778000,14170,14171,14170,1
2020-12-17,15:30:04.731000,14170,14171,14171,1
2020-12-17,15:30:06.804000,14171,14172,14171,1
2020-12-17,15:30:10.333000,14171,14172,14171,1
2020-12-17,15:30:13.666000,14170,14171,14170,4
2020-12-17,15:30:13.666000,14170,14171,14170,4
2020-12-17,15:30:13.666000,14170,14171,14170,3
2020-12-17,15:30:13.666000,14170,14171,14170,15
2020-12-17,15:30:15.596000,14169,14170,14169,4
2020-12-17,15:30:26.709000,14169,14170,14170,1
2020-12-17,15:30:26.709000,14169,14170,14170,1
2020-12-17,15:30:27.191000,14169,14171,14169,2
2020-12-17,15:30:34.246000,14169,14170,14170,1
2020-12-17,15:30:39.762000,14169,14170,14170,1
2020-12-17,15:30:42.209000,14169,14170,14169,1
2020-12-17,15:30:44.040000,14169,14170,14169,1
2020-12-17,15:30:51.291000,14168,14169,14168,1
2020-12-17,15:30:58.427000,14168,14170,14170,1
2020-12-17,15:31:03.076000,14169,14170,14169,4
2020-12-17,15:31:03.076000,14169,14170,14168,6
2020-12-17,15:31:03.443000,14168,14169,14169,1
2020-12-17,15:31:04.260000,14168,14170,14170,1
2020-12-17,15:31:04.264000,14168,14170,14170,1
2020-12-17,15:31:08.391000,14170,14171,14170,1
2020-12-17,15:31:10.706000,14170,14171,14170,1
2020-12-17,15:31:14.490000,14169,14171,14171,1
2020-12-17,15:31:16.369000,14170,14171,14171,1
2020-12-17,15:31:22.671000,14171,14172,14171,1
2020-12-17,15:31:32.397000,14171,14172,14172,1
2020-12-17,15:31:33.524000,14171,14172,14172,1
2020-12-17,15:31:36.990000,14171,14172,14172,1
2020-12-17,15:31:41.135000,14171,14172,14171,11
2020-12-17,15:31:41.689000,14170,14171,14171,1
2020-12-17,15:31:58.837000,14170,14171,14170,2
2020-12-17,15:32:02.271000,14169,14170,14170,1
2020-12-17,15:32:02.762000,14169,14170,14170,1
2020-12-17,15:32:03.335000,14169,14170,14169,1
2020-12-17,15:32:18.293000,14169,14170,14169,1
2020-12-17,15:32:20.956000,14169,14170,14169,2
2020-12-17,15:32:25.897000,14169,14170,14169,1
2020-12-17,15:32:58.389000,14168,14169,14168,9
2020-12-17,15:32:58.390000,14168,14169,14168,1
2020-12-17,15:33:08.691000,14168,14169,14168,1
2020-12-17,15:33:17.536000,14167,14168,14168,1
2020-12-17,15:33:27.398000,14167,14168,14168,1
2020-12-17,15:33:40.815000,14168,14169,14168,2
2020-12-17,15:33:41.574000,14167,14168,14168,1
2020-12-17,15:33:49.457000,14167,14168,14168,2
2020-12-17,15:33:51.566000,14167,14168,14168,1
2020-12-17,15:34:06.631000,14168,14169,14168,4
2020-12-17,15:34:07.474000,14167,14169,14169,1
2020-12-17,15:34:19.654000,14168,14169,14169,1
2020-12-17,15:34:20.904000,14168,14169,14168,1
2020-12-17,15:34:31.473000,14168,14169,14168,1
2020-12-17,15:34:58.378000,14167,14168,14167,1
2020-12-17,15:35:06.750000,14167,14168,14168,1
2020-12-17,15:35:08.038000,14167,14169,14169,1
2020-12-17,15:35:16.132000,14167,14168,14168,1
2020-12-17,15:35:24.391000,14167,14168,14168,1
2020-12-17,15:35:40.981000,14168,14169,14168,1
2020-12-17,15:35:43.231000,14167,14168,14168,1
2020-12-17,15:35:52.049000,14167,14168,14168,2
2020-12-17,15:36:01.208000,14168,14169,14169,1
2020-12-17,15:36:02.192000,14168,14169,14169,1
2020-12-17,15:36:03.046000,14168,14169,14169,1
2020-12-17,15:36:17.113000,14168,14169,14169,3
2020-12-17,15:36:17.117000,14168,14169,14169,1
2020-12-17,15:36:18.642000,14169,14170,14170,1
2020-12-17,15:36:19.080000,14169,14170,14169,3
2020-12-17,15:36:27.817000,14168,14169,14169,2
2020-12-17,15:36:38.050000,14168,14169,14169,1
2020-12-17,15:36:39.149000,14168,14169,14169,1
2020-12-17,15:36:44.642000,14168,14169,14169,2
2020-12-17,15:37:01.608000,14169,14170,14169,1
2020-12-17,15:37:31.968000,14169,14170,14170,1
2020-12-17,15:37:50.715000,14169,14170,14170,1
2020-12-17,15:38:01.546000,14169,14170,14169,1
2020-12-17,15:38:02.284000,14169,14170,14170,1
2020-12-17,15:38:03.755000,14169,14170,14170,1
2020-12-17,15:38:08.866000,14169,14170,14170,1
2020-12-17,15:38:12.077000,14169,14170,14170,6
2020-12-17,15:38:12.078000,14169,14170,14170,4
2020-12-17,15:38:13.212000,14170,14171,14171,2
2020-12-17,15:38:35.746000,14171,14172,14171,1
2020-12-17,15:38:39.406000,14171,14172,14171,1
2020-12-17,15:38:41.526000,14171,14172,14171,4
2020-12-17,15:38:43.196000,14171,14172,14171,2
2020-12-17,15:38:43.210000,14171,14172,14171,1
2020-12-17,15:38:45.201000,14171,14172,14171,1
2020-12-17,15:38:46.713000,14170,14171,14171,2
2020-12-17,15:38:52.466000,14170,14171,14171,1
2020-12-17,15:38:54.987000,14170,14171,14171,1
2020-12-17,15:39:09.717000,14171,14172,14172,1
2020-12-17,15:39:10.987000,14171,14172,14172,1
2020-12-17,15:39:11.941000,14171,14172,14171,1
2020-12-17,15:39:16.400000,14171,14172,14172,2
2020-12-17,15:39:18.714000,14171,14172,14172,1
2020-12-17,15:39:21.238000,14171,14172,14172,1
2020-12-17,15:39:21.238000,14171,14172,14172,4
2020-12-17,15:39:21.238000,14171,14172,14172,9
2020-12-17,15:39:21.238000,14171,14172,14172,2
2020-12-17,15:39:21.424000,14172,14173,14173,2
2020-12-17,15:39:23.769000,14172,14173,14172,3
2020-12-17,15:39:24.337000,14171,14172,14171,1
2020-12-17,15:39:27.262000,14171,14172,14171,1
2020-12-17,15:39:32.676000,14171,14172,14172,1
2020-12-17,15:39:35.620000,14171,14172,14172,1
2020-12-17,15:39:41.758000,14171,14172,14172,1
2020-12-17,15:39:45.963000,14171,14172,14171,9
2020-12-17,15:39:58.403000,14170,14171,14170,4
2020-12-17,15:39:58.404000,14170,14171,14170,2
2020-12-17,15:40:02.987000,14169,14170,14170,2
2020-12-17,15:40:04.813000,14169,14170,14170,1
2020-12-17,15:40:14.782000,14169,14170,14170,1
2020-12-17,15:40:14.782000,14169,14170,14170,1
2020-12-17,15:40:32.566000,14170,14171,14171,1
2020-12-17,15:41:03.448000,14170,14171,14171,2
2020-12-17,15:41:03.448000,14170,14171,14171,4
2020-12-17,15:41:03.449000,14170,14171,14171,1
2020-12-17,15:41:03.449000,14170,14171,14171,5
2020-12-17,15:41:11.890000,14171,14172,14172,1
2020-12-17,15:41:34.157000,14171,14172,14172,1
2020-12-17,15:41:38.216000,14171,14172,14172,1
2020-12-17,15:41:39.913000,14171,14172,14171,10
2020-12-17,15:42:02.187000,14171,14172,14172,2
2020-12-17,15:42:03.157000,14171,14172,14172,2
2020-12-17,15:42:03.314000,14171,14172,14172,2
2020-12-17,15:42:03.450000,14171,14172,14172,2
2020-12-17,15:42:03.467000,14171,14172,14172,4
2020-12-17,15:42:03.468000,14171,14172,14172,4
2020-12-17,15:42:03.468000,14171,14172,14172,1
2020-12-17,15:42:03.537000,14171,14172,14173,2
2020-12-17,15:42:07.312000,14172,14173,14173,4
2020-12-17,15:42:09.998000,14172,14173,14173,1
2020-12-17,15:42:09.999000,14172,14173,14173,1
2020-12-17,15:42:09.999000,14172,14173,14173,2
2020-12-17,15:42:09.999000,14172,14173,14173,4
2020-12-17,15:42:09.999000,14172,14173,14173,4
2020-12-17,15:42:09.999000,14172,14173,14173,2
2020-12-17,15:42:09.999000,14172,14173,14173,2
2020-12-17,15:42:12.203000,14173,14174,14173,1
2020-12-17,15:42:13.303000,14172,14174,14172,1
2020-12-17,15:42:22.119000,14172,14173,14173,1
2020-12-17,15:42:25.595000,14172,14173,14173,1
2020-12-17,15:42:30.063000,14172,14173,14173,5
2020-12-17,15:42:30.163000,14172,14173,14173,2
2020-12-17,15:42:30.400000,14173,14174,14174,2
2020-12-17,15:42:30.614000,14173,14174,14174,18
2020-12-17,15:42:30.615000,14173,14174,14174,1
2020-12-17,15:42:30.692000,14173,14174,14175,1
2020-12-17,15:42:31.149000,14174,14175,14175,1
2020-12-17,15:42:31.252000,14174,14175,14175,1
2020-12-17,15:42:31.541000,14174,14175,14175,1
2020-12-17,15:42:31.724000,14174,14175,14175,1
2020-12-17,15:42:35.217000,14174,14175,14175,1
2020-12-17,15:42:35.690000,14174,14175,14175,1
2020-12-17,15:42:36.393000,14174,14175,14175,1
2020-12-17,15:42:38.638000,14174,14175,14175,1
2020-12-17,15:42:43.742000,14174,14175,14174,4
2020-12-17,15:42:54.658000,14173,14174,14174,1
2020-12-17,15:42:57.185000,14173,14174,14174,1
2020-12-17,15:43:01.002000,14173,14174,14174,1
2020-12-17,15:43:01.002000,14173,14174,14174,1
2020-12-17,15:43:01.002000,14173,14174,14174,1
2020-12-17,15:43:01.024000,14173,14174,14174,1
2020-12-17,15:43:01.388000,14174,14175,14175,2
2020-12-17,15:43:02.435000,14174,14175,14175,3
2020-12-17,15:43:03.460000,14174,14175,14175,1
2020-12-17,15:43:05.889000,14174,14175,14175,4
2020-12-17,15:43:08.414000,14174,14175,14175,1
2020-12-17,15:43:13.535000,14174,14175,14175,4
2020-12-17,15:43:14.962000,14174,14175,14175,1
2020-12-17,15:43:16.094000,14174,14175,14175,1
2020-12-17,15:43:17.510000,14174,14175,14174,7
2020-12-17,15:43:18.902000,14173,14174,14174,1
2020-12-17,15:43:22.430000,14173,14174,14174,1
2020-12-17,15:43:24.486000,14173,14174,14174,1
2020-12-17,15:43:25.134000,14173,14174,14173,3
2020-12-17,15:43:26.589000,14172,14174,14174,1
2020-12-17,15:43:31.146000,14173,14174,14173,1
2020-12-17,15:43:40.008000,14172,14173,14173,1
2020-12-17,15:43:41.590000,14172,14173,14173,1
2020-12-17,15:43:42.745000,14172,14173,14172,2
2020-12-17,15:43:42.745000,14172,14173,14172,3
2020-12-17,15:43:43.226000,14171,14172,14171,1
2020-12-17,15:43:49.178000,14171,14173,14171,3
2020-12-17,15:43:49.382000,14171,14172,14171,3
2020-12-17,15:43:50.858000,14171,14172,14171,1
2020-12-17,15:43:51.203000,14171,14173,14171,3
2020-12-17,15:43:52.539000,14171,14173,14171,5
2020-12-17,15:43:58.645000,14171,14172,14172,3
2020-12-17,15:43:58.645000,14171,14172,14172,4
2020-12-17,15:44:06.927000,14171,14172,14172,1
2020-12-17,15:44:08.213000,14171,14172,14172,1
2020-12-17,15:44:09.749000,14171,14172,14172,1
2020-12-17,15:44:09.749000,14171,14172,14172,4
2020-12-17,15:44:09.749000,14171,14172,14172,4
2020-12-17,15:44:09.749000,14171,14172,14172,1
2020-12-17,15:44:09.750000,14171,14172,14172,1
2020-12-17,15:44:15.416000,14172,14173,14172,1
2020-12-17,15:44:20.542000,14171,14172,14172,6
2020-12-17,15:44:23.152000,14171,14172,14172,1
2020-12-17,15:44:33.762000,14172,14173,14173,1
2020-12-17,15:44:37.699000,14172,14173,14173,2
2020-12-17,15:44:53.212000,14172,14173,14172,2
2020-12-17,15:44:56.722000,14171,14172,14172,2
2020-12-17,15:45:09.275000,14171,14172,14172,1
2020-12-17,15:45:21.918000,14172,14173,14173,1
2020-12-17,15:45:22.713000,14172,14173,14173,1
2020-12-17,15:45:36.240000,14172,14173,14172,11
2020-12-17,15:45:47.753000,14171,14172,14172,1
2020-12-17,15:45:57.431000,14171,14172,14172,1
2020-12-17,15:46:01.530000,14171,14172,14172,2
2020-12-17,15:46:01.594000,14171,14172,14172,1
2020-12-17,15:46:05.566000,14171,14172,14172,1
2020-12-17,15:46:10.405000,14171,14172,14172,1
2020-12-17,15:46:18.577000,14171,14172,14172,4
2020-12-17,15:46:18.578000,14171,14172,14172,1
2020-12-17,15:46:18.588000,14171,14172,14172,1
2020-12-17,15:46:18.589000,14171,14172,14172,1
2020-12-17,15:46:18.591000,14171,14172,14173,1
2020-12-17,15:46:34.186000,14171,14172,14172,1
2020-12-17,15:46:34.214000,14171,14172,14172,1
2020-12-17,15:46:41.145000,14171,14172,14172,1
2020-12-17,15:46:41.213000,14171,14172,14172,1
2020-12-17,15:46:41.214000,14171,14172,14172,1
2020-12-17,15:46:56.638000,14171,14172,14171,1
2020-12-17,15:46:56.638000,14171,14172,14171,7
2020-12-17,15:46:56.638000,14171,14172,14171,4
2020-12-17,15:46:56.714000,14170,14171,14171,1
2020-12-17,15:47:02.889000,14170,14171,14171,1
2020-12-17,15:47:11.566000,14170,14171,14170,1
2020-12-17,15:47:11.567000,14170,14171,14170,7
2020-12-17,15:47:11.567000,14170,14171,14170,4
2020-12-17,15:47:11.567000,14170,14171,14170,6
2020-12-17,15:47:11.567000,14170,14171,14170,13
2020-12-17,15:47:11.567000,14170,14171,14170,8
2020-12-17,15:47:11.567000,14170,14171,14170,2
2020-12-17,15:47:12.391000,14169,14170,14170,1
2020-12-17,15:47:23.656000,14169,14170,14170,1
2020-12-17,15:47:28.399000,14170,14171,14170,1
2020-12-17,15:47:35.354000,14170,14171,14170,1
2020-12-17,15:47:41.096000,14169,14170,14169,3
2020-12-17,15:47:49.809000,14168,14169,14169,1
2020-12-17,15:47:50.317000,14168,14169,14169,1
2020-12-17,15:47:56.005000,14169,14170,14170,1
2020-12-17,15:48:01.079000,14169,14170,14169,2
2020-12-17,15:48:01.081000,14169,14170,14169,1
2020-12-17,15:48:06.621000,14168,14170,14168,1
2020-12-17,15:48:07.024000,14168,14169,14168,1
2020-12-17,15:48:15.818000,14168,14169,14168,2
2020-12-17,15:48:24.778000,14168,14169,14168,5
2020-12-17,15:48:26.022000,14168,14169,14169,1
2020-12-17,15:48:39.172000,14168,14169,14168,5
2020-12-17,15:48:40.192000,14168,14169,14169,1
2020-12-17,15:48:46.774000,14168,14169,14168,1
2020-12-17,15:48:55.793000,14168,14169,14168,1
2020-12-17,15:49:02.775000,14168,14169,14168,5
2020-12-17,15:49:03.607000,14168,14169,14168,5
2020-12-17,15:49:03.942000,14167,14169,14168,1
2020-12-17,15:49:05.413000,14168,14169,14169,12
2020-12-17,15:49:10.280000,14168,14170,14168,1
2020-12-17,15:49:14.371000,14169,14170,14169,1
2020-12-17,15:49:16.191000,14169,14170,14169,2
2020-12-17,15:49:24.988000,14169,14170,14169,2
2020-12-17,15:49:31.371000,14168,14169,14168,2
2020-12-17,15:49:37.623000,14168,14169,14169,2
2020-12-17,15:49:44.427000,14169,14170,14169,1
2020-12-17,15:50:02.726000,14169,14170,14169,2
2020-12-17,15:50:03.255000,14169,14170,14170,1
2020-12-17,15:50:03.319000,14169,14170,14169,1
2020-12-17,15:50:03.592000,14169,14170,14170,2
2020-12-17,15:50:04.392000,14169,14170,14170,1
2020-12-17,15:50:34.031000,14169,14170,14170,7
2020-12-17,15:50:38.184000,14170,14171,14171,1
2020-12-17,15:51:06.776000,14170,14171,14171,4
2020-12-17,15:51:14.048000,14171,14172,14172,1
2020-12-17,15:51:21.688000,14171,14172,14172,1
2020-12-17,15:51:26.176000,14171,14172,14172,1
2020-12-17,15:51:28.889000,14171,14172,14172,1
2020-12-17,15:51:28.890000,14171,14172,14172,6
2020-12-17,15:51:28.976000,14172,14173,14173,1
2020-12-17,15:51:29.804000,14172,14173,14172,1
2020-12-17,15:51:43.890000,14172,14173,14173,1
2020-12-17,15:52:01.361000,14172,14173,14173,1
2020-12-17,15:52:12.799000,14172,14173,14172,2
2020-12-17,15:52:15.948000,14172,14173,14172,1
2020-12-17,15:52:29.312000,14172,14173,14173,6
2020-12-17,15:52:29.312000,14172,14173,14173,4
2020-12-17,15:52:29.312000,14172,14173,14173,1
2020-12-17,15:52:29.312000,14172,14173,14173,5
2020-12-17,15:52:29.312000,14172,14173,14173,10
2020-12-17,15:52:31.898000,14173,14174,14174,1
2020-12-17,15:52:36.718000,14173,14174,14173,1
2020-12-17,15:52:42.358000,14173,14174,14173,2
2020-12-17,15:52:45.185000,14172,14173,14172,4
2020-12-17,15:52:45.858000,14171,14172,14172,1
2020-12-17,15:52:57.672000,14171,14172,14172,1
2020-12-17,15:53:02.842000,14171,14172,14171,4
2020-12-17,15:53:02.842000,14171,14172,14171,1
2020-12-17,15:53:24.898000,14171,14172,14172,4
2020-12-17,15:53:24.898000,14171,14172,14172,4
2020-12-17,15:53:29.068000,14172,14173,14172,1
2020-12-17,15:53:29.552000,14172,14173,14172,1
2020-12-17,15:53:29.988000,14172,14173,14172,1
2020-12-17,15:53:30.758000,14171,14172,14172,2
2020-12-17,15:53:39.013000,14171,14172,14172,5
2020-12-17,15:53:51.084000,14172,14173,14172,1
2020-12-17,15:54:21.445000,14172,14173,14173,2
2020-12-17,15:54:22.147000,14172,14173,14173,2
2020-12-17,15:54:25.247000,14173,14174,14174,2
2020-12-17,15:54:40.788000,14173,14174,14173,3
2020-12-17,15:54:41.128000,14173,14174,14174,1
2020-12-17,15:54:43.643000,14173,14174,14174,7
2020-12-17,15:54:44.141000,14173,14174,14174,1
2020-12-17,15:54:46.179000,14173,14174,14173,1
2020-12-17,15:54:46.683000,14173,14174,14173,2
2020-12-17,15:54:57.659000,14173,14174,14174,2
2020-12-17,15:55:02.413000,14173,14174,14173,1
2020-12-17,15:55:02.998000,14173,14174,14173,1
2020-12-17,15:55:03.013000,14173,14174,14173,1
2020-12-17,15:55:07.332000,14173,14174,14173,4
2020-12-17,15:55:07.332000,14173,14174,14173,1
2020-12-17,15:55:15.484000,14172,14173,14173,1
2020-12-17,15:55:27.290000,14172,14173,14172,1
2020-12-17,15:55:41.271000,14171,14172,14171,3
2020-12-17,15:55:45.320000,14170,14171,14171,2
2020-12-17,15:55:50.706000,14170,14171,14171,4
2020-12-17,15:55:50.707000,14170,14171,14171,1
2020-12-17,15:56:06.014000,14171,14172,14171,1
2020-12-17,15:56:30.597000,14170,14171,14170,2
2020-12-17,15:56:41.598000,14170,14171,14170,2
2020-12-17,15:56:47.669000,14170,14171,14171,1
2020-12-17,15:57:11.608000,14170,14171,14171,1
2020-12-17,15:57:12.015000,14170,14171,14171,2
2020-12-17,15:57:46.880000,14170,14171,14171,1
2020-12-17,15:57:58.223000,14170,14171,14170,1
2020-12-17,15:58:08.946000,14170,14171,14170,1
2020-12-17,15:58:09.656000,14169,14170,14170,1
2020-12-17,15:58:21.932000,14169,14170,14170,4
2020-12-17,15:58:25.801000,14170,14171,14170,1
2020-12-17,15:58:33.763000,14169,14170,14170,1
2020-12-17,15:59:03.207000,14170,14171,14171,4
2020-12-17,15:59:03.208000,14170,14171,14171,9
2020-12-17,15:59:06.255000,14171,14172,14171,2
2020-12-17,15:59:15.678000,14170,14171,14171,1
2020-12-17,15:59:24.901000,14170,14171,14171,1
2020-12-17,15:59:49.496000,14170,14171,14171,1
2020-12-17,15:59:51.060000,14171,14172,14171,1
2020-12-17,15:59:59.113000,14170,14172,14172,4
2020-12-17,15:59:59.113000,14170,14172,14172,1
2020-12-17,15:59:59.113000,14170,14172,14172,1
2020-12-17,15:59:59.113000,14170,14172,14172,1
2020-12-17,15:59:59.113000,14170,14172,14172,1
2020-12-17,16:00:00.689000,14172,14173,14173,9
2020-12-17,16:00:00.690000,14172,14173,14173,1
2020-12-17,16:00:00.993000,14173,14174,14174,1
2020-12-17,16:00:00.993000,14173,14174,14174,1
2020-12-17,16:00:00.999000,14173,14174,14174,1
2020-12-17,16:00:01.013000,14173,14174,14174,1
2020-12-17,16:00:01.263000,14172,14174,14174,1
2020-12-17,16:00:01.265000,14172,14174,14174,1
2020-12-17,16:00:01.281000,14172,14174,14174,1
2020-12-17,16:00:01.355000,14172,14174,14174,1
2020-12-17,16:00:01.368000,14172,14174,14174,1
2020-12-17,16:00:01.431000,14172,14174,14174,1
2020-12-17,16:00:02.287000,14172,14174,14174,5
2020-12-17,16:00:02.321000,14172,14174,14174,1
2020-12-17,16:00:07.885000,14172,14174,14172,4
2020-12-17,16:00:08.588000,14172,14173,14173,2
2020-12-17,16:00:08.588000,14172,14173,14174,11
2020-12-17,16:00:09.006000,14173,14175,14175,1
2020-12-17,16:00:09.223000,14173,14174,14174,1
2020-12-17,16:00:09.254000,14173,14174,14174,1
2020-12-17,16:00:09.405000,14173,14174,14174,1
2020-12-17,16:00:09.586000,14173,14174,14174,1
2020-12-17,16:00:09.814000,14173,14174,14174,1
2020-12-17,16:00:09.817000,14173,14174,14174,1
2020-12-17,16:00:09.980000,14173,14174,14174,1
2020-12-17,16:00:09.984000,14173,14174,14175,1
2020-12-17,16:00:10.270000,14174,14175,14174,1
2020-12-17,16:00:11.084000,14173,14175,14175,3
2020-12-17,16:00:11.280000,14173,14175,14175,6
2020-12-17,16:00:12.149000,14173,14175,14175,1
2020-12-17,16:00:13.488000,14173,14174,14174,1
2020-12-17,16:00:13.619000,14173,14174,14173,3
2020-12-17,16:00:17.840000,14172,14173,14172,5
2020-12-17,16:00:18.120000,14171,14172,14172,4
2020-12-17,16:00:18.213000,14172,14173,14173,1
2020-12-17,16:00:18.214000,14172,14173,14173,1
2020-12-17,16:00:18.214000,14172,14173,14173,1
2020-12-17,16:00:18.214000,14172,14173,14173,2
2020-12-17,16:00:18.214000,14172,14173,14173,1
2020-12-17,16:00:18.215000,14172,14173,14174,1
2020-12-17,16:00:18.215000,14172,14173,14174,1
2020-12-17,16:00:18.215000,14172,14173,14174,1
2020-12-17,16:00:18.216000,14172,14173,14174,1
2020-12-17,16:00:18.216000,14172,14173,14174,1
2020-12-17,16:00:18.216000,14172,14173,14174,1
2020-12-17,16:00:18.216000,14172,14173,14174,1
2020-12-17,16:00:18.216000,14172,14173,14174,1
2020-12-17,16:00:21.735000,14172,14173,14173,1
2020-12-17,16:00:24.227000,14173,14174,14174,1
2020-12-17,16:00:24.227000,14173,14174,14174,2
2020-12-17,16:00:27.381000,14173,14174,14174,1
2020-12-17,16:00:32.069000,14175,14176,14175,1
2020-12-17,16:00:34.400000,14175,14176,14175,1
2020-12-17,16:00:34.942000,14175,14176,14175,1
2020-12-17,16:00:43.681000,14175,14176,14175,1
2020-12-17,16:00:45.608000,14175,14176,14175,2
2020-12-17,16:00:45.713000,14174,14175,14175,1
2020-12-17,16:00:47.510000,14174,14175,14175,1
2020-12-17,16:00:57.701000,14174,14175,14175,1
2020-12-17,16:00:57.714000,14174,14175,14175,1
2020-12-17,16:01:02.701000,14174,14175,14174,1
2020-12-17,16:01:03.067000,14173,14174,14174,1
2020-12-17,16:01:03.090000,14172,14174,14174,1
2020-12-17,16:01:03.380000,14172,14174,14174,4
2020-12-17,16:01:10.766000,14174,14175,14174,3
2020-12-17,16:01:12.363000,14174,14175,14174,1
2020-12-17,16:01:14.304000,14173,14175,14174,1
2020-12-17,16:01:15.118000,14174,14175,14175,13
2020-12-17,16:01:18.511000,14175,14176,14175,1
2020-12-17,16:01:22.512000,14174,14175,14175,2
2020-12-17,16:01:23.510000,14174,14176,14176,40
2020-12-17,16:01:23.615000,14175,14176,14176,1
2020-12-17,16:01:23.621000,14175,14176,14175,1
2020-12-17,16:01:23.736000,14175,14176,14176,1
2020-12-17,16:01:23.736000,14175,14176,14176,1
2020-12-17,16:01:23.736000,14175,14176,14176,3
2020-12-17,16:01:23.737000,14175,14176,14177,1
2020-12-17,16:01:23.764000,14175,14176,14177,1
2020-12-17,16:01:23.765000,14175,14176,14177,2
2020-12-17,16:01:23.768000,14175,14176,14177,1
2020-12-17,16:01:23.781000,14175,14176,14177,2
2020-12-17,16:01:23.910000,14175,14177,14177,1
2020-12-17,16:01:24.128000,14176,14177,14176,1
2020-12-17,16:01:26.791000,14176,14177,14177,1
2020-12-17,16:01:29.801000,14176,14177,14177,2
2020-12-17,16:01:30.153000,14176,14177,14176,1
2020-12-17,16:01:30.497000,14176,14177,14177,1
2020-12-17,16:01:40.503000,14176,14177,14176,1
2020-12-17,16:01:43.027000,14176,14177,14176,1
2020-12-17,16:01:43.027000,14176,14177,14176,1
2020-12-17,16:01:43.027000,14176,14177,14176,1
2020-12-17,16:01:43.027000,14176,14177,14176,1
2020-12-17,16:01:43.027000,14176,14177,14176,1
2020-12-17,16:01:43.027000,14176,14177,14176,1
2020-12-17,16:01:46.210000,14175,14176,14176,2
2020-12-17,16:01:47.732000,14175,14176,14176,2
2020-12-17,16:01:47.753000,14175,14176,14176,1
2020-12-17,16:01:47.754000,14175,14176,14176,1
2020-12-17,16:01:47.828000,14175,14176,14176,1
2020-12-17,16:01:50.845000,14176,14177,14176,5
2020-12-17,16:01:50.845000,14176,14177,14176,8
2020-12-17,16:01:54.439000,14175,14176,14176,1
2020-12-17,16:01:55.798000,14175,14176,14175,1
2020-12-17,16:01:59.410000,14175,14176,14176,1
2020-12-17,16:01:59.914000,14175,14176,14175,1
2020-12-17,16:02:03.779000,14175,14176,14176,1
2020-12-17,16:02:06.985000,14175,14176,14176,2
2020-12-17,16:02:08.193000,14175,14176,14176,2
2020-12-17,16:02:08.242000,14175,14176,14176,2
2020-12-17,16:02:08.247000,14175,14176,14176,2
2020-12-17,16:02:09.231000,14176,14177,14176,1
2020-12-17,16:02:10.732000,14176,14177,14176,3
2020-12-17,16:02:13.179000,14176,14177,14176,1
2020-12-17,16:02:13.180000,14176,14177,14176,1
2020-12-17,16:02:13.180000,14176,14177,14176,2
2020-12-17,16:02:13.180000,14176,14177,14176,1
2020-12-17,16:02:13.180000,14176,14177,14176,4
2020-12-17,16:02:15.069000,14176,14177,14176,1
2020-12-17,16:02:17.052000,14176,14177,14176,3
2020-12-17,16:02:18.510000,14176,14177,14177,9
2020-12-17,16:02:18.510000,14176,14177,14177,1
2020-12-17,16:02:18.510000,14176,14177,14177,1
2020-12-17,16:02:18.510000,14176,14177,14177,1
2020-12-17,16:02:18.510000,14176,14177,14177,1
2020-12-17,16:02:18.510000,14176,14177,14177,1
2020-12-17,16:02:21.167000,14176,14178,14177,1
2020-12-17,16:02:21.168000,14176,14178,14177,1
2020-12-17,16:02:21.657000,14176,14177,14177,2
2020-12-17,16:02:24.264000,14177,14178,14178,1
2020-12-17,16:02:24.264000,14177,14178,14178,3
2020-12-17,16:02:24.264000,14177,14178,14178,13
2020-12-17,16:02:24.264000,14177,14178,14178,5
2020-12-17,16:02:24.264000,14177,14178,14178,4
2020-12-17,16:02:24.392000,14178,14179,14179,1
2020-12-17,16:02:24.405000,14178,14179,14179,9
2020-12-17,16:02:24.405000,14178,14179,14179,1
2020-12-17,16:02:24.436000,14178,14179,14179,2
2020-12-17,16:02:24.437000,14178,14179,14179,1
2020-12-17,16:02:24.477000,14178,14180,14178,4
2020-12-17,16:02:24.486000,14178,14180,14180,1
2020-12-17,16:02:24.496000,14178,14180,14180,1
2020-12-17,16:02:24.539000,14178,14180,14179,3
2020-12-17,16:02:24.757000,14179,14180,14180,1
2020-12-17,16:02:24.804000,14179,14180,14180,1
2020-12-17,16:02:24.815000,14179,14180,14180,8
2020-12-17,16:02:24.816000,14179,14180,14180,1
2020-12-17,16:02:24.816000,14179,14180,14180,1
2020-12-17,16:02:24.816000,14179,14180,14180,2
2020-12-17,16:02:24.948000,14179,14180,14180,1
2020-12-17,16:02:25.427000,14179,14180,14180,1
2020-12-17,16:02:25.868000,14179,14180,14180,2
2020-12-17,16:02:26.491000,14179,14180,14180,2
2020-12-17,16:02:26.582000,14179,14180,14180,1
2020-12-17,16:02:26.676000,14179,14180,14180,1
2020-12-17,16:02:26.825000,14179,14180,14179,2
2020-12-17,16:02:26.825000,14179,14180,14179,1
2020-12-17,16:02:26.825000,14179,14180,14179,1
2020-12-17,16:02:26.825000,14179,14180,14179,1
2020-12-17,16:02:26.825000,14179,14180,14179,1
2020-12-17,16:02:26.826000,14179,14180,14179,1
2020-12-17,16:02:27.256000,14178,14179,14179,3
2020-12-17,16:02:27.505000,14178,14179,14179,1
2020-12-17,16:02:27.739000,14177,14179,14179,3
2020-12-17,16:02:27.739000,14177,14179,14180,1
2020-12-17,16:02:35.018000,14178,14179,14179,1
2020-12-17,16:02:35.018000,14178,14179,14179,1
2020-12-17,16:02:35.018000,14178,14179,14179,7
2020-12-17,16:02:35.914000,14179,14180,14180,13
2020-12-17,16:02:36.062000,14179,14180,14180,1
2020-12-17,16:02:36.669000,14179,14180,14179,1
2020-12-17,16:02:38.796000,14179,14180,14179,2
2020-12-17,16:02:40.316000,14179,14180,14180,1
2020-12-17,16:02:40.420000,14179,14180,14179,1
2020-12-17,16:02:43.614000,14179,14180,14179,1
2020-12-17,16:02:44.303000,14179,14180,14179,1
2020-12-17,16:02:45.177000,14179,14180,14179,2
2020-12-17,16:02:46.393000,14179,14180,14179,2
2020-12-17,16:02:47.677000,14178,14179,14179,1
2020-12-17,16:02:48.361000,14178,14179,14178,1
2020-12-17,16:02:50.436000,14178,14179,14178,9
2020-12-17,16:02:50.549000,14177,14179,14178,2
2020-12-17,16:02:51.935000,14177,14178,14178,1
2020-12-17,16:03:00.494000,14178,14179,14179,1
2020-12-17,16:03:06.134000,14178,14179,14179,12
2020-12-17,16:03:07.996000,14179,14180,14179,1
2020-12-17,16:03:08.425000,14179,14180,14180,1
2020-12-17,16:03:10.716000,14179,14180,14180,2
2020-12-17,16:03:14.548000,14179,14180,14180,1
2020-12-17,16:03:14.882000,14179,14180,14180,10
2020-12-17,16:03:14.883000,14179,14180,14180,5
2020-12-17,16:03:15.412000,14179,14180,14180,1
2020-12-17,16:03:17.347000,14179,14180,14180,1
2020-12-17,16:03:17.998000,14179,14180,14179,1
2020-12-17,16:03:18.294000,14179,14180,14180,2
2020-12-17,16:03:22.968000,14179,14180,14179,2
2020-12-17,16:03:23.192000,14179,14180,14180,1
2020-12-17,16:03:23.291000,14179,14180,14180,5
2020-12-17,16:03:28.906000,14179,14181,14180,3
2020-12-17,16:03:30.692000,14180,14181,14180,2
2020-12-17,16:03:32.558000,14180,14181,14180,1
2020-12-17,16:03:36.957000,14179,14180,14179,2
2020-12-17,16:03:37.164000,14179,14180,14179,6
2020-12-17,16:03:43.850000,14178,14180,14180,1
2020-12-17,16:03:44.042000,14178,14180,14178,2
2020-12-17,16:03:47.427000,14178,14180,14178,1
2020-12-17,16:03:49.739000,14178,14179,14178,2
2020-12-17,16:03:49.808000,14178,14179,14178,3
2020-12-17,16:03:55.447000,14177,14178,14178,1
2020-12-17,16:04:01.644000,14177,14178,14178,1
2020-12-17,16:04:06.498000,14177,14178,14177,1
2020-12-17,16:04:06.676000,14177,14178,14178,3
2020-12-17,16:04:06.676000,14177,14178,14179,2
2020-12-17,16:04:06.883000,14177,14179,14179,1
2020-12-17,16:04:22.285000,14178,14179,14179,1
2020-12-17,16:04:22.489000,14178,14179,14179,8
2020-12-17,16:04:22.568000,14178,14179,14180,2
2020-12-17,16:04:22.827000,14179,14180,14180,1
2020-12-17,16:04:25.321000,14179,14180,14180,1
2020-12-17,16:04:29.199000,14179,14180,14180,1
2020-12-17,16:04:30.379000,14179,14180,14180,1
2020-12-17,16:04:32.260000,14179,14180,14180,1
2020-12-17,16:04:33.211000,14179,14180,14180,1
2020-12-17,16:04:35.182000,14179,14180,14180,1
2020-12-17,16:04:36.815000,14179,14180,14180,2
2020-12-17,16:04:43.350000,14180,14181,14180,2
2020-12-17,16:04:43.538000,14180,14181,14180,1
2020-12-17,16:04:45.955000,14180,14181,14180,1
2020-12-17,16:04:47.434000,14179,14181,14179,1
2020-12-17,16:04:49.093000,14179,14180,14179,3
2020-12-17,16:04:55.852000,14178,14179,14178,1
2020-12-17,16:05:03.824000,14178,14180,14178,2
2020-12-17,16:05:04.101000,14178,14179,14179,5
2020-12-17,16:05:04.101000,14178,14179,14180,2
2020-12-17,16:05:04.313000,14178,14180,14180,1
2020-12-17,16:05:13.369000,14178,14179,14179,1
2020-12-17,16:05:18.113000,14178,14179,14179,5
2020-12-17,16:05:19.048000,14178,14179,14179,2
2020-12-17,16:05:21.242000,14179,14180,14179,1
2020-12-17,16:05:24.070000,14179,14180,14179,2
2020-12-17,16:05:29.587000,14178,14179,14178,4
2020-12-17,16:05:33.145000,14177,14178,14178,5
2020-12-17,16:05:33.793000,14177,14178,14178,3
2020-12-17,16:05:33.795000,14177,14178,14178,2
2020-12-17,16:05:41.586000,14177,14178,14178,5
2020-12-17,16:05:52.992000,14178,14179,14179,7
2020-12-17,16:05:52.993000,14178,14179,14179,6
2020-12-17,16:06:10.221000,14178,14179,14179,10
2020-12-17,16:06:10.692000,14179,14180,14180,1
2020-12-17,16:06:10.830000,14179,14180,14180,2
2020-12-17,16:06:10.845000,14179,14180,14180,4
2020-12-17,16:06:10.985000,14180,14181,14181,1
2020-12-17,16:06:10.994000,14180,14181,14181,1
2020-12-17,16:06:19.948000,14179,14180,14180,1
2020-12-17,16:06:27.875000,14179,14180,14180,2
2020-12-17,16:06:28.258000,14179,14180,14180,4
2020-12-17,16:06:28.733000,14180,14181,14180,1
2020-12-17,16:06:30.476000,14179,14180,14180,1
2020-12-17,16:06:35.830000,14180,14181,14180,2
2020-12-17,16:06:39.645000,14179,14181,14179,1
2020-12-17,16:06:50.567000,14179,14180,14180,1
2020-12-17,16:06:50.883000,14179,14180,14179,1
2020-12-17,16:06:51.192000,14179,14180,14179,2
2020-12-17,16:06:53.823000,14178,14179,14179,3
2020-12-17,16:07:06.772000,14179,14180,14179,4
2020-12-17,16:07:09.060000,14178,14179,14179,4
2020-12-17,16:07:19.916000,14178,14179,14179,1
2020-12-17,16:07:40.036000,14179,14180,14179,1
2020-12-17,16:07:43.996000,14179,14180,14179,2
2020-12-17,16:07:54.281000,14178,14179,14179,1
2020-12-17,16:08:04.352000,14178,14179,14179,1
2020-12-17,16:08:10.401000,14178,14179,14179,1
2020-12-17,16:08:13.507000,14178,14179,14179,1
2020-12-17,16:08:18.842000,14178,14179,14179,5
2020-12-17,16:08:19.410000,14178,14179,14178,1
2020-12-17,16:08:19.507000,14178,14179,14178,1
2020-12-17,16:08:25.276000,14178,14179,14178,1
2020-12-17,16:08:25.276000,14178,14179,14178,2
2020-12-17,16:08:27.813000,14177,14178,14178,4
2020-12-17,16:08:39.570000,14178,14179,14179,1
2020-12-17,16:08:47.727000,14178,14179,14179,5
2020-12-17,16:08:47.837000,14179,14180,14180,4
2020-12-17,16:08:52.579000,14179,14180,14179,1
2020-12-17,16:09:08.947000,14179,14180,14179,1
2020-12-17,16:09:25.119000,14179,14180,14179,1
2020-12-17,16:09:35.512000,14179,14180,14180,13
2020-12-17,16:09:35.864000,14180,14181,14180,1
2020-12-17,16:09:43.001000,14180,14181,14181,1
2020-12-17,16:09:43.231000,14180,14181,14181,1
2020-12-17,16:09:43.243000,14180,14181,14181,1
2020-12-17,16:09:45.917000,14180,14181,14181,1
2020-12-17,16:09:54.778000,14180,14181,14180,3
2020-12-17,16:09:59.029000,14179,14180,14179,3
2020-12-17,16:10:00.212000,14178,14179,14178,2
2020-12-17,16:10:02.587000,14177,14179,14179,1
2020-12-17,16:10:08.087000,14178,14179,14178,1
2020-12-17,16:10:08.367000,14177,14178,14178,4
2020-12-17,16:10:13.572000,14178,14179,14178,2
2020-12-17,16:10:14.877000,14177,14178,14178,1
2020-12-17,16:10:15.852000,14177,14178,14178,2
2020-12-17,16:10:15.951000,14177,14178,14178,1
2020-12-17,16:10:16.041000,14177,14178,14178,3
2020-12-17,16:10:16.042000,14177,14178,14178,2
2020-12-17,16:10:18.337000,14177,14178,14177,3
2020-12-17,16:10:26.671000,14176,14178,14178,1
2020-12-17,16:10:31.196000,14176,14177,14177,1
2020-12-17,16:10:35.164000,14176,14177,14177,5
2020-12-17,16:10:37.333000,14176,14178,14176,1
2020-12-17,16:10:37.589000,14176,14177,14177,1
2020-12-17,16:10:42.831000,14176,14177,14176,1
2020-12-17,16:10:43.774000,14176,14177,14177,1
2020-12-17,16:11:13.095000,14176,14178,14176,1
2020-12-17,16:11:27.237000,14176,14177,14176,7
2020-12-17,16:11:27.571000,14175,14176,14176,2
2020-12-17,16:11:36.688000,14175,14176,14177,1
2020-12-17,16:11:51.284000,14175,14176,14175,2
2020-12-17,16:11:54.786000,14175,14176,14175,3
2020-12-17,16:11:59.658000,14175,14176,14175,3
2020-12-17,16:12:00.863000,14175,14176,14175,1
2020-12-17,16:12:04.693000,14174,14176,14174,1
2020-12-17,16:12:20.555000,14174,14175,14174,1
2020-12-17,16:12:31.284000,14174,14175,14175,7
2020-12-17,16:12:31.337000,14175,14176,14176,1
2020-12-17,16:12:35.349000,14175,14176,14175,1
2020-12-17,16:12:36.233000,14175,14176,14176,4
2020-12-17,16:12:38.782000,14175,14177,14175,2
2020-12-17,16:12:43.632000,14175,14177,14175,2
2020-12-17,16:12:48.819000,14175,14177,14175,12
2020-12-17,16:12:58.470000,14174,14175,14174,2
2020-12-17,16:12:58.471000,14174,14175,14174,6
2020-12-17,16:12:58.883000,14173,14174,14174,2
2020-12-17,16:13:02.089000,14173,14174,14173,2
2020-12-17,16:13:02.365000,14173,14174,14173,2
2020-12-17,16:13:06.093000,14173,14174,14173,1
2020-12-17,16:13:07.841000,14173,14174,14173,1
2020-12-17,16:13:08.349000,14173,14174,14173,1
2020-12-17,16:13:08.492000,14173,14174,14173,1
2020-12-17,16:13:10.982000,14173,14174,14173,1
2020-12-17,16:13:11.043000,14173,14174,14173,1
2020-12-17,16:13:12.489000,14173,14174,14173,1
2020-12-17,16:13:12.494000,14173,14174,14173,1
2020-12-17,16:13:13.200000,14173,14174,14173,1
2020-12-17,16:13:13.808000,14173,14174,14174,1
2020-12-17,16:13:13.815000,14173,14174,14174,1
2020-12-17,16:13:15.005000,14173,14174,14173,1
2020-12-17,16:13:20.571000,14173,14174,14173,1
2020-12-17,16:13:22.175000,14173,14174,14174,2
2020-12-17,16:13:22.175000,14173,14174,14174,1
2020-12-17,16:13:29.577000,14174,14175,14174,2
2020-12-17,16:13:43.401000,14174,14175,14175,12
2020-12-17,16:13:43.401000,14174,14175,14175,1
2020-12-17,16:13:43.401000,14174,14175,14175,2
2020-12-17,16:13:43.401000,14174,14175,14175,1
2020-12-17,16:13:43.401000,14174,14175,14175,1
2020-12-17,16:13:43.401000,14174,14175,14175,1
2020-12-17,16:13:43.401000,14174,14175,14175,1
2020-12-17,16:13:43.401000,14174,14175,14175,1
2020-12-17,16:13:43.401000,14174,14175,14175,13
2020-12-17,16:14:01.625000,14174,14175,14175,1
2020-12-17,16:14:14.994000,14174,14175,14175,1
2020-12-17,16:14:51.822000,14174,14175,14175,1
2020-12-17,16:15:09.285000,14174,14175,14175,1
2020-12-17,16:15:10.942000,14174,14175,14174,7
2020-12-17,16:15:19.483000,14173,14174,14174,1
2020-12-17,16:15:25.212000,14174,14175,14174,1
2020-12-17,16:15:43.417000,14174,14175,14174,2
2020-12-17,16:15:43.417000,14174,14175,14174,1
2020-12-17,16:15:44.742000,14173,14174,14174,1
2020-12-17,16:15:56.656000,14173,14174,14174,2
2020-12-17,16:16:16.547000,14173,14174,14174,1
2020-12-17,16:16:16.719000,14174,14175,14174,2
2020-12-17,16:16:20.829000,14174,14175,14174,1
2020-12-17,16:16:20.838000,14173,14175,14175,1
2020-12-17,16:16:20.839000,14173,14175,14175,1
2020-12-17,16:16:55.378000,14174,14175,14174,1
2020-12-17,16:17:01.380000,14174,14175,14175,4
2020-12-17,16:17:40.234000,14174,14175,14174,1
2020-12-17,16:18:08.451000,14173,14174,14174,1
2020-12-17,16:18:18.466000,14173,14174,14174,1
2020-12-17,16:19:11.680000,14174,14175,14175,25
2020-12-17,16:19:13.391000,14175,14176,14176,7
2020-12-17,16:19:29.179000,14175,14176,14176,1
2020-12-17,16:19:37.586000,14175,14176,14176,1
2020-12-17,16:19:43.736000,14175,14176,14176,1
2020-12-17,16:19:54.809000,14175,14176,14176,2
2020-12-17,16:19:56.036000,14175,14176,14176,1
2020-12-17,16:19:58.722000,14175,14176,14176,2
2020-12-17,16:19:58.839000,14175,14177,14176,2
2020-12-17,16:19:58.839000,14175,14177,14176,1
2020-12-17,16:20:09.761000,14176,14177,14177,2
2020-12-17,16:20:22.710000,14176,14177,14176,2
2020-12-17,16:20:30.668000,14175,14176,14175,2
2020-12-17,16:20:30.670000,14175,14176,14175,4
2020-12-17,16:20:36.796000,14174,14176,14176,5
2020-12-17,16:20:51.791000,14175,14176,14176,1
2020-12-17,16:20:55.845000,14175,14176,14176,1
2020-12-17,16:21:16.594000,14176,14177,14176,3
2020-12-17,16:21:21.108000,14175,14176,14176,1
2020-12-17,16:21:21.212000,14176,14177,14177,4
2020-12-17,16:21:24.995000,14176,14178,14176,1
2020-12-17,16:21:30.481000,14176,14178,14178,1
2020-12-17,16:21:46.312000,14176,14178,14178,1
2020-12-17,16:22:21.564000,14177,14178,14177,1
2020-12-17,16:22:40.071000,14177,14178,14178,1
2020-12-17,16:22:47.538000,14177,14178,14178,6
2020-12-17,16:23:02.275000,14178,14179,14178,3
2020-12-17,16:23:03.589000,14178,14179,14179,1
2020-12-17,16:23:03.589000,14178,14179,14179,2
2020-12-17,16:23:03.643000,14178,14179,14180,1
2020-12-17,16:23:03.677000,14178,14179,14179,1
2020-12-17,16:23:03.899000,14178,14180,14180,1
2020-12-17,16:23:24.464000,14178,14179,14179,1
2020-12-17,16:23:39.933000,14178,14179,14179,1
2020-12-17,16:23:43.004000,14178,14179,14179,4
2020-12-17,16:23:49.601000,14178,14180,14178,5
2020-12-17,16:23:51.615000,14179,14180,14179,2
2020-12-17,16:23:51.713000,14178,14180,14180,1
2020-12-17,16:23:51.713000,14178,14180,14180,1
2020-12-17,16:23:51.714000,14178,14180,14180,1
2020-12-17,16:23:51.714000,14178,14180,14180,1
2020-12-17,16:23:51.714000,14178,14180,14180,1
2020-12-17,16:23:51.714000,14178,14180,14180,1
2020-12-17,16:23:51.715000,14178,14180,14180,1
2020-12-17,16:23:51.715000,14178,14180,14180,1
2020-12-17,16:23:51.715000,14178,14180,14180,1
2020-12-17,16:23:51.715000,14178,14180,14180,1
2020-12-17,16:23:51.715000,14178,14180,14180,1
2020-12-17,16:23:51.715000,14178,14180,14180,1
2020-12-17,16:23:51.715000,14178,14180,14180,1
2020-12-17,16:23:51.791000,14178,14180,14179,1
2020-12-17,16:23:57.009000,14178,14179,14179,1
2020-12-17,16:23:58.720000,14178,14179,14179,4
2020-12-17,16:24:05.745000,14178,14179,14178,1
2020-12-17,16:24:06.254000,14178,14179,14179,1
2020-12-17,16:24:08.185000,14178,14179,14178,1
2020-12-17,16:24:08.448000,14177,14179,14178,1
2020-12-17,16:24:08.512000,14177,14179,14179,4
2020-12-17,16:24:21.366000,14177,14178,14177,2
2020-12-17,16:24:21.366000,14177,14178,14177,1
2020-12-17,16:24:54.635000,14176,14177,14177,4
2020-12-17,16:25:02.356000,14177,14178,14177,1
2020-12-17,16:25:11.831000,14177,14178,14178,1
2020-12-17,16:25:18.629000,14177,14178,14178,3
2020-12-17,16:25:21.475000,14177,14178,14177,1
2020-12-17,16:25:28.656000,14176,14178,14178,5
2020-12-17,16:25:32.842000,14176,14178,14176,2
2020-12-17,16:25:41.803000,14176,14177,14177,2
2020-12-17,16:25:53.157000,14177,14178,14177,1
2020-12-17,16:25:57.715000,14177,14178,14178,1
2020-12-17,16:25:57.786000,14177,14178,14179,1
2020-12-17,16:26:03.555000,14177,14178,14178,4
2020-12-17,16:27:04.385000,14177,14178,14177,1
2020-12-17,16:27:12.631000,14176,14178,14177,1
2020-12-17,16:27:38.335000,14176,14177,14176,1
2020-12-17,16:27:51.758000,14176,14177,14177,1
2020-12-17,16:27:55.616000,14177,14178,14177,1
2020-12-17,16:28:02.468000,14177,14178,14177,1
2020-12-17,16:28:02.468000,14177,14178,14177,1
2020-12-17,16:28:27.712000,14177,14178,14178,1
2020-12-17,16:28:38.907000,14177,14178,14178,2
2020-12-17,16:28:39.454000,14177,14178,14177,2
2020-12-17,16:28:47.091000,14177,14178,14178,1
2020-12-17,16:28:54.142000,14177,14178,14178,12
2020-12-17,16:29:08.983000,14178,14179,14179,2
2020-12-17,16:29:30.782000,14178,14179,14178,1
2020-12-17,16:29:33.587000,14178,14179,14179,1
2020-12-17,16:29:52.863000,14178,14179,14179,4
2020-12-17,16:30:05.593000,14178,14179,14179,2
2020-12-17,16:30:06.050000,14178,14179,14178,1
2020-12-17,16:30:06.151000,14178,14179,14179,2
2020-12-17,16:30:06.228000,14178,14179,14179,1
2020-12-17,16:30:06.229000,14178,14179,14179,3
2020-12-17,16:30:06.260000,14178,14179,14180,2
2020-12-17,16:30:06.285000,14178,14179,14180,1
2020-12-17,16:30:07.194000,14179,14180,14180,1
2020-12-17,16:30:07.753000,14179,14180,14180,2
2020-12-17,16:30:08.431000,14179,14180,14180,5
2020-12-17,16:30:10.577000,14179,14181,14181,1
2020-12-17,16:30:10.608000,14179,14181,14181,2
2020-12-17,16:30:10.692000,14179,14181,14181,1
2020-12-17,16:30:10.788000,14179,14181,14181,1
2020-12-17,16:30:14.357000,14180,14181,14181,2
2020-12-17,16:30:14.357000,14180,14181,14181,5
2020-12-17,16:30:20.694000,14181,14182,14181,3
2020-12-17,16:30:29.501000,14181,14182,14182,10
2020-12-17,16:30:29.744000,14181,14182,14182,1
2020-12-17,16:30:34.076000,14181,14182,14182,1
2020-12-17,16:30:42.715000,14181,14182,14182,1
2020-12-17,16:30:44.909000,14181,14182,14181,1
2020-12-17,16:30:49.283000,14181,14182,14181,1
2020-12-17,16:30:53.177000,14181,14182,14182,1
2020-12-17,16:30:57.201000,14181,14182,14181,1
2020-12-17,16:31:00.672000,14181,14182,14182,7
2020-12-17,16:31:01.263000,14181,14182,14182,3
2020-12-17,16:31:01.263000,14181,14182,14183,1
2020-12-17,16:31:01.646000,14181,14183,14181,4
2020-12-17,16:31:02.357000,14181,14182,14181,1
2020-12-17,16:31:02.601000,14180,14181,14181,1
2020-12-17,16:31:03.400000,14180,14182,14181,3
2020-12-17,16:31:07.134000,14180,14181,14181,1
2020-12-17,16:31:07.877000,14180,14181,14181,2
2020-12-17,16:31:20.761000,14180,14181,14181,2
2020-12-17,16:31:20.807000,14180,14181,14181,1
2020-12-17,16:31:21.680000,14180,14181,14181,1
2020-12-17,16:31:25.232000,14180,14181,14181,1
2020-12-17,16:31:25.551000,14180,14181,14181,2
2020-12-17,16:31:25.598000,14180,14181,14181,1
2020-12-17,16:31:25.598000,14180,14181,14181,1
2020-12-17,16:31:26.268000,14181,14182,14182,1
2020-12-17,16:31:30.408000,14181,14182,14182,1
2020-12-17,16:31:30.494000,14181,14182,14182,1
2020-12-17,16:31:32.563000,14182,14183,14182,1
2020-12-17,16:31:55.781000,14182,14183,14182,1
2020-12-17,16:32:02.276000,14182,14183,14182,1
2020-12-17,16:32:42.116000,14182,14183,14182,1
2020-12-17,16:32:43.864000,14182,14183,14183,2
2020-12-17,16:32:44.069000,14182,14183,14183,1
2020-12-17,16:32:44.104000,14182,14183,14183,1
2020-12-17,16:32:44.360000,14182,14183,14183,1
2020-12-17,16:32:55.671000,14182,14183,14183,2
2020-12-17,16:33:02.203000,14182,14183,14182,1
2020-12-17,16:33:34.012000,14182,14183,14182,3
2020-12-17,16:33:39.098000,14182,14183,14182,1
2020-12-17,16:33:44.374000,14182,14183,14182,4
2020-12-17,16:33:44.375000,14182,14183,14182,10
2020-12-17,16:34:02.182000,14181,14182,14181,2
2020-12-17,16:34:09.273000,14181,14182,14181,1
2020-12-17,16:34:11.166000,14181,14182,14181,1
2020-12-17,16:34:18.651000,14181,14182,14181,1
2020-12-17,16:34:40.811000,14180,14181,14180,1
2020-12-17,16:34:48.008000,14180,14181,14181,3
2020-12-17,16:34:48.008000,14180,14181,14181,1
2020-12-17,16:34:48.175000,14180,14182,14180,1
2020-12-17,16:34:53.616000,14180,14181,14181,2
2020-12-17,16:35:02.289000,14181,14182,14181,1
2020-12-17,16:35:03.185000,14181,14182,14181,1
2020-12-17,16:35:03.185000,14181,14182,14181,1
2020-12-17,16:35:07.997000,14180,14181,14181,1
2020-12-17,16:35:14.854000,14180,14181,14181,2
2020-12-17,16:35:23.359000,14181,14182,14182,12
2020-12-17,16:35:31.086000,14182,14183,14183,2
2020-12-17,16:35:31.250000,14182,14183,14183,1
2020-12-17,16:35:31.264000,14182,14183,14183,1
2020-12-17,16:35:31.265000,14182,14183,14183,6
2020-12-17,16:35:40.457000,14183,14184,14184,2
2020-12-17,16:35:40.590000,14183,14184,14184,4
2020-12-17,16:35:45.803000,14183,14184,14184,1
2020-12-17,16:35:50.263000,14183,14184,14184,1
2020-12-17,16:35:53.347000,14183,14184,14184,1
2020-12-17,16:35:54.493000,14183,14184,14184,1
2020-12-17,16:35:55.516000,14183,14184,14184,1
2020-12-17,16:35:57.506000,14183,14184,14184,1
2020-12-17,16:36:06.926000,14183,14184,14183,8
2020-12-17,16:36:06.967000,14182,14183,14183,1
2020-12-17,16:36:12.564000,14182,14183,14183,1
2020-12-17,16:36:12.588000,14182,14184,14184,1
2020-12-17,16:36:12.589000,14182,14184,14184,1
2020-12-17,16:36:13.761000,14183,14184,14184,1
2020-12-17,16:36:15.978000,14183,14184,14183,1
2020-12-17,16:36:19.749000,14182,14183,14183,1
2020-12-17,16:36:35.364000,14182,14183,14183,1
2020-12-17,16:36:35.463000,14182,14183,14183,1
2020-12-17,16:36:35.464000,14182,14183,14184,2
2020-12-17,16:36:35.464000,14182,14183,14184,1
2020-12-17,16:36:44.623000,14182,14183,14183,2
2020-12-17,16:36:44.713000,14182,14184,14184,1
2020-12-17,16:36:44.714000,14182,14184,14184,1
2020-12-17,16:36:52.309000,14183,14184,14183,1
2020-12-17,16:36:52.338000,14182,14183,14183,1
2020-12-17,16:36:52.339000,14182,14183,14184,1
2020-12-17,16:37:07.814000,14182,14183,14183,1
2020-12-17,16:37:07.848000,14182,14183,14183,1
2020-12-17,16:37:07.848000,14182,14183,14183,1
2020-12-17,16:37:07.849000,14182,14183,14183,1
2020-12-17,16:37:07.855000,14182,14183,14183,1
2020-12-17,16:37:08.212000,14182,14183,14182,8
2020-12-17,16:37:08.338000,14181,14182,14182,2
2020-12-17,16:37:08.338000,14181,14182,14183,2
2020-12-17,16:37:08.339000,14181,14182,14183,1
2020-12-17,16:37:08.339000,14181,14182,14183,1
2020-12-17,16:37:08.339000,14181,14182,14183,1
2020-12-17,16:37:08.340000,14181,14182,14183,1
2020-12-17,16:37:08.340000,14181,14182,14183,1
2020-12-17,16:37:08.342000,14181,14182,14183,1
2020-12-17,16:37:08.447000,14181,14182,14183,1
2020-12-17,16:37:08.465000,14181,14183,14183,1
2020-12-17,16:37:08.798000,14181,14183,14181,2
2020-12-17,16:37:14.709000,14181,14182,14181,1
2020-12-17,16:37:15.420000,14181,14182,14181,1
2020-12-17,16:37:17.212000,14181,14182,14181,2
2020-12-17,16:37:18.824000,14180,14182,14180,1
2020-12-17,16:37:18.838000,14180,14182,14182,2
2020-12-17,16:37:18.839000,14180,14182,14182,3
2020-12-17,16:37:21.309000,14181,14182,14181,2
2020-12-17,16:37:39.853000,14181,14182,14181,1
2020-12-17,16:38:00.018000,14180,14181,14181,1
2020-12-17,16:38:00.089000,14180,14181,14181,2
2020-12-17,16:38:00.089000,14180,14181,14181,1
2020-12-17,16:38:00.089000,14180,14181,14182,1
2020-12-17,16:38:36.852000,14181,14182,14182,5
2020-12-17,16:38:37.246000,14182,14183,14183,4
2020-12-17,16:38:37.338000,14183,14184,14184,1
2020-12-17,16:38:37.338000,14183,14184,14184,1
2020-12-17,16:38:37.611000,14182,14184,14184,1
2020-12-17,16:38:37.837000,14183,14184,14184,3
2020-12-17,16:38:39.296000,14183,14184,14183,1
2020-12-17,16:38:43.768000,14182,14184,14184,1
2020-12-17,16:38:48.770000,14183,14184,14183,1
2020-12-17,16:38:50.004000,14182,14184,14184,2
2020-12-17,16:38:50.244000,14183,14184,14184,1
2020-12-17,16:38:53.195000,14183,14184,14183,3
2020-12-17,16:38:53.196000,14183,14184,14183,1
2020-12-17,16:38:59.117000,14183,14184,14183,1
2020-12-17,16:39:00.659000,14183,14184,14183,6
2020-12-17,16:39:00.857000,14182,14183,14182,1
2020-12-17,16:39:00.946000,14182,14183,14183,5
2020-12-17,16:39:01.496000,14182,14183,14183,1
2020-12-17,16:39:02.210000,14182,14183,14182,5
2020-12-17,16:39:03.512000,14182,14183,14182,2
2020-12-17,16:39:27.908000,14181,14182,14181,5
2020-12-17,16:39:29.341000,14181,14182,14181,4
2020-12-17,16:39:29.628000,14180,14181,14181,1
2020-12-17,16:39:30.899000,14181,14182,14182,1
2020-12-17,16:39:37.696000,14181,14182,14181,5
2020-12-17,16:39:39.398000,14181,14182,14181,1
2020-12-17,16:39:39.686000,14180,14181,14181,4
2020-12-17,16:39:45.841000,14180,14182,14182,10
2020-12-17,16:39:54.993000,14181,14182,14181,5
2020-12-17,16:39:57.888000,14180,14182,14180,1
2020-12-17,16:40:01.460000,14180,14181,14180,1
2020-12-17,16:40:01.627000,14180,14181,14180,1
2020-12-17,16:40:02.537000,14180,14181,14180,1
2020-12-17,16:40:08.559000,14180,14181,14180,2
2020-12-17,16:40:13.113000,14180,14181,14180,1
2020-12-17,16:40:34.022000,14180,14181,14180,4
2020-12-17,16:40:34.306000,14179,14180,14180,16
2020-12-17,16:40:43.975000,14180,14181,14180,1
2020-12-17,16:40:53.942000,14180,14181,14180,1
2020-12-17,16:40:57.360000,14180,14181,14180,2
2020-12-17,16:41:04.666000,14180,14181,14180,3
2020-12-17,16:41:04.935000,14180,14181,14180,1
2020-12-17,16:41:05.269000,14179,14180,14180,2
2020-12-17,16:41:12.698000,14179,14180,14180,1
2020-12-17,16:41:14.781000,14179,14180,14180,1
2020-12-17,16:41:22.045000,14179,14180,14179,1
2020-12-17,16:41:29.376000,14179,14180,14179,3
2020-12-17,16:41:41.680000,14179,14180,14179,1
2020-12-17,16:41:44.991000,14179,14180,14179,1
2020-12-17,16:41:49.344000,14179,14180,14179,10
2020-12-17,16:41:53.320000,14179,14180,14179,1
2020-12-17,16:41:55.360000,14179,14180,14179,1
2020-12-17,16:41:56.483000,14178,14179,14179,2
2020-12-17,16:42:19.059000,14179,14180,14179,1
2020-12-17,16:42:22.960000,14178,14180,14180,1
2020-12-17,16:42:39.616000,14179,14180,14179,1
2020-12-17,16:42:39.616000,14179,14180,14179,1
2020-12-17,16:43:14.589000,14178,14179,14179,1
2020-12-17,16:43:15.203000,14178,14179,14178,1
2020-12-17,16:43:33.597000,14178,14179,14178,1
2020-12-17,16:43:52.678000,14178,14179,14178,1
2020-12-17,16:44:00.085000,14178,14179,14178,2
2020-12-17,16:44:00.085000,14178,14179,14178,1
2020-12-17,16:44:02.293000,14177,14178,14177,1
2020-12-17,16:44:02.644000,14177,14178,14177,2
2020-12-17,16:44:06.115000,14177,14178,14177,1
2020-12-17,16:44:12.900000,14177,14178,14177,1
2020-12-17,16:44:17.581000,14176,14178,14176,5
2020-12-17,16:44:19.962000,14177,14178,14178,1
2020-12-17,16:44:35.462000,14178,14179,14179,3
2020-12-17,16:44:38.436000,14179,14180,14179,1
2020-12-17,16:44:46.299000,14179,14180,14179,1
2020-12-17,16:44:50.244000,14179,14180,14179,2
2020-12-17,16:44:52.457000,14179,14180,14179,1
2020-12-17,16:45:37.703000,14179,14180,14179,1
2020-12-17,16:45:37.726000,14179,14180,14180,1
2020-12-17,16:45:38.719000,14179,14180,14180,1
2020-12-17,16:45:38.838000,14179,14180,14180,1
