2020-11-02,15:00:00.032000,12509,12510,12510,65
2020-11-02,15:00:00.033000,12509,12510,12509,1
2020-11-02,15:00:00.094000,12508,12510,12510,5
2020-11-02,15:00:00.101000,12508,12510,12510,1
2020-11-02,15:00:00.133000,12508,12510,12508,2
2020-11-02,15:00:00.167000,12509,12510,12510,2
2020-11-02,15:00:00.224000,12509,12510,12510,1
2020-11-02,15:00:00.226000,12509,12510,12510,1
2020-11-02,15:00:00.229000,12509,12510,12510,1
2020-11-02,15:00:00.235000,12509,12510,12510,1
2020-11-02,15:00:00.235000,12509,12510,12510,5
2020-11-02,15:00:00.273000,12509,12510,12510,1
2020-11-02,15:00:00.279000,12509,12510,12511,1
2020-11-02,15:00:00.282000,12509,12510,12512,1
2020-11-02,15:00:00.291000,12509,12513,12513,1
2020-11-02,15:00:00.298000,12509,12513,12513,1
2020-11-02,15:00:00.429000,12509,12513,12509,1
2020-11-02,15:00:00.451000,12509,12513,12509,2
2020-11-02,15:00:00.563000,12508,12513,12513,4
2020-11-02,15:00:00.563000,12508,12513,12514,1
2020-11-02,15:00:00.577000,12508,12513,12514,3
2020-11-02,15:00:00.581000,12508,12513,12514,2
2020-11-02,15:00:00.598000,12508,12513,12508,1
2020-11-02,15:00:00.598000,12508,12513,12507,3
2020-11-02,15:00:01.155000,12511,12513,12510,1
2020-11-02,15:00:01.256000,12509,12511,12509,1
2020-11-02,15:00:01.303000,12508,12510,12510,1
2020-11-02,15:00:01.303000,12508,12510,12511,2
2020-11-02,15:00:01.329000,12508,12510,12510,1
2020-11-02,15:00:01.329000,12508,12510,12511,1
2020-11-02,15:00:01.467000,12508,12511,12511,1
2020-11-02,15:00:01.467000,12508,12511,12512,2
2020-11-02,15:00:02.590000,12508,12510,12508,3
2020-11-02,15:00:02.675000,12507,12509,12509,2
2020-11-02,15:00:03.316000,12508,12509,12508,3
2020-11-02,15:00:03.524000,12507,12508,12508,1
2020-11-02,15:00:03.589000,12507,12508,12506,1
2020-11-02,15:00:03.722000,12506,12507,12507,2
2020-11-02,15:00:03.847000,12506,12508,12506,1
2020-11-02,15:00:03.992000,12506,12508,12508,3
2020-11-02,15:00:04.118000,12506,12508,12508,1
2020-11-02,15:00:04.128000,12506,12508,12508,3
2020-11-02,15:00:04.599000,12507,12509,12507,1
2020-11-02,15:00:05.164000,12507,12509,12509,1
2020-11-02,15:00:05.996000,12507,12508,12507,3
2020-11-02,15:00:05.996000,12507,12508,12507,1
2020-11-02,15:00:05.999000,12507,12508,12507,2
2020-11-02,15:00:06.021000,12507,12508,12506,1
2020-11-02,15:00:06.207000,12506,12507,12506,1
2020-11-02,15:00:06.222000,12506,12507,12506,1
2020-11-02,15:00:06.284000,12506,12507,12506,5
2020-11-02,15:00:06.451000,12505,12507,12505,1
2020-11-02,15:00:06.660000,12506,12507,12506,1
2020-11-02,15:00:06.984000,12505,12507,12507,1
2020-11-02,15:00:07.882000,12506,12507,12507,3
2020-11-02,15:00:08.253000,12506,12507,12507,1
2020-11-02,15:00:08.318000,12506,12507,12507,1
2020-11-02,15:00:08.680000,12506,12507,12507,1
2020-11-02,15:00:09.026000,12506,12507,12506,1
2020-11-02,15:00:09.027000,12506,12507,12506,3
2020-11-02,15:00:09.027000,12506,12507,12506,2
2020-11-02,15:00:09.398000,12505,12506,12506,1
2020-11-02,15:00:10.366000,12505,12506,12506,1
2020-11-02,15:00:11.534000,12505,12506,12505,7
2020-11-02,15:00:11.593000,12505,12506,12506,1
2020-11-02,15:00:13.314000,12505,12506,12506,4
2020-11-02,15:00:13.569000,12505,12506,12505,1
2020-11-02,15:00:15.400000,12505,12506,12505,1
2020-11-02,15:00:15.774000,12505,12506,12506,1
2020-11-02,15:00:15.807000,12505,12506,12506,1
2020-11-02,15:00:15.862000,12505,12506,12506,1
2020-11-02,15:00:16.935000,12506,12507,12506,1
2020-11-02,15:00:17.469000,12505,12506,12506,1
2020-11-02,15:00:17.674000,12505,12507,12505,1
2020-11-02,15:00:19.158000,12505,12507,12506,1
2020-11-02,15:00:20.240000,12505,12507,12505,3
2020-11-02,15:00:20.285000,12505,12506,12505,4
2020-11-02,15:00:21.318000,12505,12506,12505,1
2020-11-02,15:00:21.503000,12504,12506,12505,1
2020-11-02,15:00:21.754000,12504,12505,12505,1
2020-11-02,15:00:22.342000,12504,12505,12504,1
2020-11-02,15:00:22.533000,12504,12505,12504,1
2020-11-02,15:00:24.420000,12504,12505,12505,1
2020-11-02,15:00:26.738000,12504,12505,12504,3
2020-11-02,15:00:26.784000,12504,12505,12504,5
2020-11-02,15:00:27.821000,12503,12504,12503,1
2020-11-02,15:00:28.284000,12503,12504,12503,11
2020-11-02,15:00:28.410000,12503,12504,12503,2
2020-11-02,15:00:28.477000,12503,12504,12502,5
2020-11-02,15:00:28.733000,12502,12503,12503,2
2020-11-02,15:00:28.736000,12502,12503,12504,4
2020-11-02,15:00:28.816000,12502,12504,12503,2
2020-11-02,15:00:29.070000,12502,12504,12504,1
2020-11-02,15:00:29.228000,12502,12504,12502,1
2020-11-02,15:00:29.520000,12503,12504,12503,1
2020-11-02,15:00:29.919000,12503,12504,12503,1
2020-11-02,15:00:30.541000,12503,12504,12503,1
2020-11-02,15:00:30.682000,12503,12504,12503,1
2020-11-02,15:00:31.080000,12502,12504,12502,1
2020-11-02,15:00:31.486000,12502,12504,12504,1
2020-11-02,15:00:32.565000,12502,12504,12502,11
2020-11-02,15:00:32.565000,12502,12504,12501,7
2020-11-02,15:00:32.762000,12501,12503,12501,1
2020-11-02,15:00:33.838000,12501,12503,12503,2
2020-11-02,15:00:33.945000,12502,12503,12503,1
2020-11-02,15:00:33.945000,12502,12503,12503,1
2020-11-02,15:00:35.945000,12503,12504,12503,3
2020-11-02,15:00:35.946000,12503,12504,12503,1
2020-11-02,15:00:36.769000,12502,12503,12503,6
2020-11-02,15:00:36.923000,12503,12504,12503,1
2020-11-02,15:00:36.923000,12503,12504,12502,1
2020-11-02,15:00:37.279000,12502,12504,12503,2
2020-11-02,15:00:38.275000,12503,12504,12503,1
2020-11-02,15:00:38.385000,12503,12504,12504,1
2020-11-02,15:00:39.609000,12503,12504,12503,1
2020-11-02,15:00:41.872000,12503,12504,12503,1
2020-11-02,15:00:41.872000,12503,12504,12502,9
2020-11-02,15:00:42.626000,12501,12503,12503,4
2020-11-02,15:00:42.626000,12501,12503,12504,1
2020-11-02,15:00:42.853000,12502,12504,12504,5
2020-11-02,15:00:43.108000,12502,12504,12504,5
2020-11-02,15:00:43.317000,12504,12505,12505,5
2020-11-02,15:00:43.612000,12504,12505,12505,1
2020-11-02,15:00:44.290000,12504,12505,12505,1
2020-11-02,15:00:45.190000,12504,12506,12504,1
2020-11-02,15:00:47.205000,12505,12506,12505,1
2020-11-02,15:00:48.545000,12504,12506,12504,1
2020-11-02,15:00:48.717000,12504,12506,12506,1
2020-11-02,15:00:49.027000,12504,12506,12504,1
2020-11-02,15:00:52.429000,12504,12505,12504,1
2020-11-02,15:00:53.482000,12503,12505,12505,1
2020-11-02,15:00:54.338000,12503,12505,12503,1
2020-11-02,15:00:55.142000,12503,12505,12504,8
2020-11-02,15:00:55.679000,12503,12504,12503,7
2020-11-02,15:00:55.679000,12503,12504,12502,11
2020-11-02,15:00:55.681000,12503,12504,12503,3
2020-11-02,15:00:56.593000,12503,12504,12504,2
2020-11-02,15:00:57.587000,12503,12504,12504,1
2020-11-02,15:00:59.516000,12503,12504,12504,1
2020-11-02,15:01:00.032000,12503,12504,12503,3
2020-11-02,15:01:00.064000,12502,12503,12502,1
2020-11-02,15:01:00.340000,12502,12503,12502,1
2020-11-02,15:01:00.749000,12502,12503,12503,1
2020-11-02,15:01:03.019000,12502,12503,12503,1
2020-11-02,15:01:03.730000,12502,12503,12503,1
2020-11-02,15:01:03.904000,12503,12504,12503,3
2020-11-02,15:01:04.658000,12503,12504,12504,3
2020-11-02,15:01:04.778000,12504,12505,12503,3
2020-11-02,15:01:06.853000,12502,12503,12502,1
2020-11-02,15:01:08.423000,12502,12503,12503,1
2020-11-02,15:01:08.460000,12502,12503,12502,2
2020-11-02,15:01:08.838000,12502,12504,12504,1
2020-11-02,15:01:10.108000,12502,12504,12502,1
2020-11-02,15:01:10.480000,12502,12504,12502,1
2020-11-02,15:01:10.586000,12502,12504,12502,2
2020-11-02,15:01:11.382000,12502,12503,12502,2
2020-11-02,15:01:11.449000,12502,12503,12503,1
2020-11-02,15:01:13.629000,12502,12503,12502,1
2020-11-02,15:01:13.870000,12502,12503,12502,3
2020-11-02,15:01:13.870000,12502,12503,12501,2
2020-11-02,15:01:16.909000,12503,12504,12503,1
2020-11-02,15:01:17.044000,12502,12504,12502,1
2020-11-02,15:01:17.291000,12502,12504,12502,1
2020-11-02,15:01:18.715000,12502,12504,12503,1
2020-11-02,15:01:19.512000,12502,12504,12504,1
2020-11-02,15:01:20.047000,12502,12504,12502,2
2020-11-02,15:01:20.239000,12502,12504,12503,2
2020-11-02,15:01:22.986000,12502,12503,12503,1
2020-11-02,15:01:22.986000,12502,12503,12503,1
2020-11-02,15:01:23.132000,12503,12504,12503,1
2020-11-02,15:01:23.268000,12503,12504,12503,3
2020-11-02,15:01:23.508000,12503,12504,12503,1
2020-11-02,15:01:24.823000,12502,12503,12503,1
2020-11-02,15:01:24.860000,12502,12503,12502,2
2020-11-02,15:01:27.445000,12502,12503,12503,1
2020-11-02,15:01:28.222000,12502,12503,12503,2
2020-11-02,15:01:28.222000,12502,12503,12503,4
2020-11-02,15:01:30.216000,12503,12504,12504,2
2020-11-02,15:01:30.909000,12503,12504,12504,20
2020-11-02,15:01:30.910000,12503,12504,12504,2
2020-11-02,15:01:31.404000,12504,12505,12504,1
2020-11-02,15:01:31.553000,12504,12505,12504,2
2020-11-02,15:01:34.973000,12504,12505,12505,3
2020-11-02,15:01:34.973000,12504,12505,12505,4
2020-11-02,15:01:35.396000,12505,12506,12505,9
2020-11-02,15:01:38.967000,12505,12506,12506,1
2020-11-02,15:01:38.967000,12505,12506,12506,11
2020-11-02,15:01:43.323000,12506,12507,12507,1
2020-11-02,15:01:43.323000,12506,12507,12508,2
2020-11-02,15:01:44.720000,12506,12507,12506,11
2020-11-02,15:01:44.720000,12506,12507,12505,9
2020-11-02,15:01:44.803000,12505,12506,12506,1
2020-11-02,15:01:48.592000,12506,12507,12507,1
2020-11-02,15:01:51.774000,12506,12507,12506,2
2020-11-02,15:01:53.270000,12506,12507,12507,1
2020-11-02,15:01:54.986000,12506,12507,12506,1
2020-11-02,15:01:55.674000,12506,12507,12506,1
2020-11-02,15:02:02.849000,12506,12507,12506,3
2020-11-02,15:02:02.927000,12506,12507,12506,1
2020-11-02,15:02:03.598000,12506,12507,12507,1
2020-11-02,15:02:03.945000,12506,12507,12507,2
2020-11-02,15:02:04.783000,12506,12507,12506,1
2020-11-02,15:02:06.663000,12506,12507,12506,1
2020-11-02,15:02:08.799000,12506,12507,12507,1
2020-11-02,15:02:09.204000,12507,12508,12507,1
2020-11-02,15:02:10.686000,12507,12508,12508,2
2020-11-02,15:02:10.686000,12507,12508,12508,3
2020-11-02,15:02:10.686000,12507,12508,12508,1
2020-11-02,15:02:11.354000,12508,12509,12509,1
2020-11-02,15:02:11.354000,12508,12509,12510,1
2020-11-02,15:02:14.396000,12508,12509,12508,1
2020-11-02,15:02:19.699000,12508,12509,12509,2
2020-11-02,15:02:21.085000,12508,12510,12510,1
2020-11-02,15:02:21.099000,12508,12510,12510,1
2020-11-02,15:02:23.406000,12508,12509,12508,2
2020-11-02,15:02:23.406000,12508,12509,12507,6
2020-11-02,15:02:23.885000,12507,12509,12509,1
2020-11-02,15:02:24.031000,12507,12509,12509,1
2020-11-02,15:02:24.319000,12507,12509,12509,1
2020-11-02,15:02:24.470000,12507,12509,12509,1
2020-11-02,15:02:24.591000,12507,12508,12508,1
2020-11-02,15:02:24.731000,12507,12508,12508,1
2020-11-02,15:02:24.852000,12507,12508,12508,1
2020-11-02,15:02:25.006000,12507,12509,12509,1
2020-11-02,15:02:25.120000,12507,12509,12509,1
2020-11-02,15:02:25.277000,12508,12509,12509,1
2020-11-02,15:02:25.424000,12508,12509,12509,1
2020-11-02,15:02:25.549000,12508,12509,12509,1
2020-11-02,15:02:25.719000,12508,12509,12509,1
2020-11-02,15:02:25.839000,12508,12509,12509,1
2020-11-02,15:02:25.997000,12508,12509,12509,1
2020-11-02,15:02:26.142000,12508,12509,12509,1
2020-11-02,15:02:26.265000,12508,12509,12509,1
2020-11-02,15:02:26.796000,12508,12509,12509,1
2020-11-02,15:02:27.203000,12508,12509,12509,1
2020-11-02,15:02:28.975000,12508,12509,12509,1
2020-11-02,15:02:30.218000,12508,12509,12509,2
2020-11-02,15:02:31.793000,12508,12509,12509,1
2020-11-02,15:02:32.602000,12508,12509,12509,1
2020-11-02,15:02:32.749000,12508,12510,12510,1
2020-11-02,15:02:32.798000,12509,12510,12509,2
2020-11-02,15:02:32.949000,12508,12509,12509,1
2020-11-02,15:02:33.103000,12508,12509,12509,1
2020-11-02,15:02:33.248000,12508,12509,12509,1
2020-11-02,15:02:33.420000,12508,12509,12509,1
2020-11-02,15:02:33.560000,12508,12509,12509,1
2020-11-02,15:02:33.712000,12508,12509,12509,1
2020-11-02,15:02:33.863000,12508,12509,12509,1
2020-11-02,15:02:34.006000,12508,12509,12509,1
2020-11-02,15:02:34.652000,12508,12509,12509,1
2020-11-02,15:02:35.520000,12508,12509,12509,1
2020-11-02,15:02:35.797000,12508,12509,12509,1
2020-11-02,15:02:35.967000,12508,12509,12509,1
2020-11-02,15:02:36.121000,12508,12509,12509,1
2020-11-02,15:02:36.316000,12508,12509,12509,1
2020-11-02,15:02:36.318000,12508,12509,12509,1
2020-11-02,15:02:36.318000,12508,12509,12509,3
2020-11-02,15:02:36.421000,12509,12510,12510,1
2020-11-02,15:02:36.797000,12509,12510,12510,1
2020-11-02,15:02:36.956000,12509,12510,12510,1
2020-11-02,15:02:37.115000,12509,12510,12510,1
2020-11-02,15:02:37.718000,12509,12510,12510,1
2020-11-02,15:02:40.670000,12509,12510,12510,1
2020-11-02,15:02:42.540000,12509,12510,12509,4
2020-11-02,15:02:47.199000,12509,12510,12510,5
2020-11-02,15:02:47.199000,12509,12510,12511,10
2020-11-02,15:02:47.343000,12509,12511,12511,1
2020-11-02,15:02:47.846000,12509,12511,12511,1
2020-11-02,15:02:50.974000,12510,12512,12512,1
2020-11-02,15:02:51.578000,12510,12512,12512,11
2020-11-02,15:02:51.610000,12510,12512,12513,1
2020-11-02,15:02:51.712000,12512,12513,12513,5
2020-11-02,15:02:54.425000,12513,12514,12514,1
2020-11-02,15:02:54.958000,12513,12514,12514,8
2020-11-02,15:02:54.958000,12513,12514,12515,8
2020-11-02,15:02:54.958000,12513,12514,12516,2
2020-11-02,15:02:54.962000,12513,12514,12515,3
2020-11-02,15:02:54.963000,12513,12514,12515,1
2020-11-02,15:02:55.244000,12513,12515,12515,1
2020-11-02,15:02:56.217000,12513,12514,12513,1
2020-11-02,15:02:56.285000,12513,12514,12513,1
2020-11-02,15:02:56.296000,12513,12514,12512,1
2020-11-02,15:02:56.346000,12513,12514,12512,1
2020-11-02,15:02:56.400000,12513,12514,12514,1
2020-11-02,15:02:56.413000,12512,12514,12512,1
2020-11-02,15:02:56.481000,12512,12514,12512,2
2020-11-02,15:02:59.249000,12513,12515,12513,2
2020-11-02,15:03:00.441000,12513,12515,12513,4
2020-11-02,15:03:00.442000,12513,12515,12513,1
2020-11-02,15:03:00.546000,12513,12515,12515,1
2020-11-02,15:03:00.546000,12513,12515,12515,1
2020-11-02,15:03:00.546000,12513,12515,12515,1
2020-11-02,15:03:00.552000,12513,12515,12515,1
2020-11-02,15:03:00.552000,12513,12515,12513,1
2020-11-02,15:03:01.135000,12513,12515,12513,1
2020-11-02,15:03:01.161000,12513,12515,12515,1
2020-11-02,15:03:01.163000,12513,12515,12515,1
2020-11-02,15:03:01.397000,12513,12515,12513,3
2020-11-02,15:03:01.414000,12513,12515,12513,3
2020-11-02,15:03:02.519000,12513,12514,12514,1
2020-11-02,15:03:02.644000,12513,12514,12513,1
2020-11-02,15:03:02.990000,12512,12514,12513,1
2020-11-02,15:03:03.385000,12512,12514,12514,1
2020-11-02,15:03:03.980000,12512,12514,12514,1
2020-11-02,15:03:05.736000,12513,12514,12513,1
2020-11-02,15:03:07.187000,12512,12514,12513,1
2020-11-02,15:03:07.420000,12512,12514,12513,1
2020-11-02,15:03:07.832000,12512,12514,12512,1
2020-11-02,15:03:11.758000,12512,12513,12512,2
2020-11-02,15:03:11.786000,12512,12513,12513,1
2020-11-02,15:03:11.786000,12512,12513,12513,1
2020-11-02,15:03:11.787000,12512,12513,12514,1
2020-11-02,15:03:11.788000,12512,12513,12514,1
2020-11-02,15:03:12.654000,12512,12513,12513,1
2020-11-02,15:03:12.804000,12512,12513,12513,1
2020-11-02,15:03:13.923000,12512,12513,12512,1
2020-11-02,15:03:13.975000,12512,12513,12512,1
2020-11-02,15:03:14.034000,12512,12513,12513,1
2020-11-02,15:03:14.718000,12512,12513,12513,1
2020-11-02,15:03:15.554000,12512,12513,12513,4
2020-11-02,15:03:15.554000,12512,12513,12514,4
2020-11-02,15:03:16.810000,12512,12513,12513,1
2020-11-02,15:03:20.714000,12512,12513,12513,2
2020-11-02,15:03:20.786000,12513,12514,12514,1
2020-11-02,15:03:20.839000,12513,12514,12514,1
2020-11-02,15:03:21.615000,12513,12514,12514,2
2020-11-02,15:03:23.114000,12513,12514,12513,1
2020-11-02,15:03:24.437000,12513,12514,12513,2
2020-11-02,15:03:26.363000,12513,12514,12514,2
2020-11-02,15:03:27.272000,12513,12514,12513,1
2020-11-02,15:03:27.286000,12512,12513,12513,1
2020-11-02,15:03:28.475000,12512,12513,12512,1
2020-11-02,15:03:28.475000,12512,12513,12512,1
2020-11-02,15:03:28.475000,12512,12513,12512,1
2020-11-02,15:03:28.475000,12512,12513,12512,4
2020-11-02,15:03:28.475000,12512,12513,12512,2
2020-11-02,15:03:28.511000,12512,12513,12511,4
2020-11-02,15:03:28.882000,12509,12511,12512,2
2020-11-02,15:03:31.983000,12510,12512,12510,1
2020-11-02,15:03:34.142000,12512,12513,12512,1
2020-11-02,15:03:35.946000,12512,12513,12513,1
2020-11-02,15:03:35.946000,12512,12513,12513,1
2020-11-02,15:03:37.442000,12512,12514,12512,3
2020-11-02,15:03:39.737000,12512,12513,12512,1
2020-11-02,15:03:39.914000,12512,12513,12512,2
2020-11-02,15:03:42.560000,12511,12512,12512,1
2020-11-02,15:03:43.318000,12511,12512,12512,1
2020-11-02,15:03:44.727000,12511,12512,12512,1
2020-11-02,15:03:46.402000,12511,12512,12511,1
2020-11-02,15:03:47.691000,12511,12512,12512,1
2020-11-02,15:03:48.989000,12512,12513,12512,1
2020-11-02,15:03:50.384000,12512,12513,12513,1
2020-11-02,15:03:50.384000,12512,12513,12513,2
2020-11-02,15:03:51.750000,12512,12514,12512,1
2020-11-02,15:03:58.224000,12512,12513,12512,1
2020-11-02,15:04:01.404000,12512,12513,12512,1
2020-11-02,15:04:01.427000,12511,12513,12511,1
2020-11-02,15:04:01.738000,12511,12513,12513,2
2020-11-02,15:04:04.686000,12512,12513,12512,2
2020-11-02,15:04:07.616000,12512,12513,12513,1
2020-11-02,15:04:07.616000,12512,12513,12513,1
2020-11-02,15:04:07.660000,12513,12514,12513,1
2020-11-02,15:04:13.252000,12513,12514,12513,1
2020-11-02,15:04:13.545000,12512,12514,12512,5
2020-11-02,15:04:22.937000,12512,12513,12512,1
2020-11-02,15:04:23.283000,12512,12513,12513,1
2020-11-02,15:04:23.283000,12512,12513,12513,1
2020-11-02,15:04:24.231000,12512,12514,12512,1
2020-11-02,15:04:24.979000,12512,12514,12512,5
2020-11-02,15:04:26.968000,12512,12513,12512,1
2020-11-02,15:04:27.225000,12511,12513,12513,6
2020-11-02,15:04:27.225000,12511,12513,12514,13
2020-11-02,15:04:32.086000,12512,12513,12513,1
2020-11-02,15:04:39.206000,12513,12514,12514,1
2020-11-02,15:04:45.429000,12514,12515,12514,1
2020-11-02,15:04:45.983000,12513,12514,12514,1
2020-11-02,15:04:50.173000,12513,12514,12514,1
2020-11-02,15:04:51.128000,12513,12514,12513,1
2020-11-02,15:04:58.214000,12513,12514,12513,4
2020-11-02,15:05:01.521000,12512,12514,12512,4
2020-11-02,15:05:01.551000,12511,12512,12511,1
2020-11-02,15:05:04.250000,12511,12512,12511,1
2020-11-02,15:05:14.133000,12513,12514,12513,1
2020-11-02,15:05:16.643000,12513,12514,12513,2
2020-11-02,15:05:18.299000,12512,12514,12512,1
2020-11-02,15:05:20.526000,12512,12513,12512,2
2020-11-02,15:05:22.983000,12511,12513,12513,1
2020-11-02,15:05:23.414000,12511,12513,12511,4
2020-11-02,15:05:28.541000,12511,12512,12511,2
2020-11-02,15:05:28.806000,12511,12512,12511,1
2020-11-02,15:05:29.243000,12511,12512,12511,6
2020-11-02,15:05:30.530000,12510,12511,12511,2
2020-11-02,15:05:30.530000,12510,12511,12512,1
2020-11-02,15:05:39.813000,12512,12513,12512,1
2020-11-02,15:05:41.776000,12512,12513,12512,2
2020-11-02,15:05:41.776000,12512,12513,12511,1
2020-11-02,15:05:44.655000,12512,12513,12512,1
2020-11-02,15:05:52.918000,12511,12512,12511,12
2020-11-02,15:05:52.918000,12511,12512,12511,4
2020-11-02,15:05:52.918000,12511,12512,12511,3
2020-11-02,15:05:53.846000,12510,12511,12511,1
2020-11-02,15:05:56.492000,12510,12511,12510,1
2020-11-02,15:05:56.492000,12510,12511,12510,5
2020-11-02,15:05:56.492000,12510,12511,12510,1
2020-11-02,15:06:00.075000,12509,12510,12509,1
2020-11-02,15:06:00.079000,12509,12510,12509,1
2020-11-02,15:06:00.083000,12509,12510,12508,1
2020-11-02,15:06:00.177000,12508,12509,12508,1
2020-11-02,15:06:00.441000,12508,12509,12508,1
2020-11-02,15:06:04.822000,12508,12509,12508,4
2020-11-02,15:06:05.597000,12507,12508,12508,1
2020-11-02,15:06:05.768000,12507,12508,12507,5
2020-11-02,15:06:08.166000,12506,12507,12507,2
2020-11-02,15:06:09.185000,12506,12508,12507,1
2020-11-02,15:06:11.836000,12506,12507,12506,1
2020-11-02,15:06:11.837000,12506,12507,12506,4
2020-11-02,15:06:11.837000,12506,12507,12506,13
2020-11-02,15:06:11.837000,12506,12507,12506,1
2020-11-02,15:06:13.009000,12505,12506,12506,1
2020-11-02,15:06:13.750000,12505,12506,12505,1
2020-11-02,15:06:13.933000,12505,12506,12505,2
2020-11-02,15:06:14.327000,12505,12506,12506,2
2020-11-02,15:06:17.160000,12506,12507,12506,1
2020-11-02,15:06:17.692000,12506,12507,12506,1
2020-11-02,15:06:18.001000,12506,12507,12506,2
2020-11-02,15:06:18.004000,12506,12507,12506,1
2020-11-02,15:06:19.111000,12506,12507,12507,1
2020-11-02,15:06:19.112000,12506,12507,12507,1
2020-11-02,15:06:19.293000,12506,12508,12506,1
2020-11-02,15:06:22.877000,12506,12507,12507,1
2020-11-02,15:06:27.019000,12506,12507,12507,6
2020-11-02,15:06:27.019000,12506,12507,12507,1
2020-11-02,15:06:27.019000,12506,12507,12507,1
2020-11-02,15:06:34.556000,12506,12507,12507,1
2020-11-02,15:06:34.557000,12506,12507,12507,2
2020-11-02,15:06:34.557000,12506,12507,12507,1
2020-11-02,15:06:34.557000,12506,12507,12507,2
2020-11-02,15:06:35.462000,12507,12508,12507,1
2020-11-02,15:06:37.726000,12506,12507,12507,5
2020-11-02,15:06:41.092000,12507,12508,12508,1
2020-11-02,15:06:42.336000,12507,12508,12507,5
2020-11-02,15:06:44.303000,12507,12508,12507,1
2020-11-02,15:06:49.259000,12506,12507,12507,1
2020-11-02,15:06:54.124000,12506,12507,12506,4
2020-11-02,15:06:54.124000,12506,12507,12506,2
2020-11-02,15:06:54.125000,12506,12507,12506,4
2020-11-02,15:06:54.228000,12505,12506,12506,1
2020-11-02,15:06:54.345000,12505,12506,12505,1
2020-11-02,15:06:54.372000,12505,12506,12504,1
2020-11-02,15:06:54.383000,12505,12506,12504,3
2020-11-02,15:06:54.395000,12505,12506,12504,2
2020-11-02,15:06:54.409000,12505,12506,12504,1
2020-11-02,15:06:55.924000,12504,12505,12504,1
2020-11-02,15:06:58.554000,12504,12505,12504,1
2020-11-02,15:06:58.555000,12504,12505,12504,5
2020-11-02,15:06:59.227000,12503,12505,12505,1
2020-11-02,15:06:59.564000,12503,12505,12505,1
2020-11-02,15:06:59.582000,12503,12505,12505,1
2020-11-02,15:06:59.611000,12503,12505,12505,1
2020-11-02,15:06:59.643000,12503,12505,12505,1
2020-11-02,15:07:02.539000,12503,12504,12503,1
2020-11-02,15:07:02.675000,12503,12504,12503,1
2020-11-02,15:07:03.724000,12503,12504,12503,1
2020-11-02,15:07:04.183000,12503,12504,12504,1
2020-11-02,15:07:04.375000,12503,12504,12503,1
2020-11-02,15:07:05.568000,12503,12504,12503,1
2020-11-02,15:07:05.850000,12503,12504,12503,2
2020-11-02,15:07:05.915000,12503,12504,12503,5
2020-11-02,15:07:05.916000,12503,12504,12503,11
2020-11-02,15:07:06.972000,12502,12503,12503,3
2020-11-02,15:07:06.972000,12502,12503,12503,1
2020-11-02,15:07:07.036000,12503,12504,12503,5
2020-11-02,15:07:07.041000,12503,12504,12503,1
2020-11-02,15:07:07.897000,12502,12503,12503,1
2020-11-02,15:07:08.041000,12502,12503,12503,1
2020-11-02,15:07:08.485000,12502,12503,12502,1
2020-11-02,15:07:08.612000,12502,12503,12502,1
2020-11-02,15:07:09.387000,12502,12503,12503,1
2020-11-02,15:07:09.578000,12502,12503,12502,1
2020-11-02,15:07:10.034000,12502,12503,12502,23
2020-11-02,15:07:10.160000,12501,12502,12501,9
2020-11-02,15:07:10.799000,12501,12502,12502,6
2020-11-02,15:07:10.800000,12501,12502,12502,4
2020-11-02,15:07:15.626000,12501,12502,12501,3
2020-11-02,15:07:16.957000,12501,12502,12502,2
2020-11-02,15:07:19.296000,12502,12503,12502,1
2020-11-02,15:07:19.411000,12502,12503,12503,1
2020-11-02,15:07:19.411000,12502,12503,12503,1
2020-11-02,15:07:19.411000,12502,12503,12503,1
2020-11-02,15:07:19.411000,12502,12503,12503,1
2020-11-02,15:07:19.412000,12502,12503,12503,1
2020-11-02,15:07:19.412000,12502,12503,12503,1
2020-11-02,15:07:19.414000,12502,12503,12503,1
2020-11-02,15:07:19.414000,12502,12503,12503,1
2020-11-02,15:07:19.416000,12502,12503,12503,1
2020-11-02,15:07:19.416000,12502,12503,12503,1
2020-11-02,15:07:19.812000,12502,12503,12503,1
2020-11-02,15:07:21.006000,12502,12504,12502,1
2020-11-02,15:07:21.320000,12503,12504,12503,1
2020-11-02,15:07:22.118000,12503,12504,12504,1
2020-11-02,15:07:22.119000,12503,12504,12504,1
2020-11-02,15:07:22.226000,12503,12505,12503,1
2020-11-02,15:07:22.321000,12503,12505,12505,1
2020-11-02,15:07:25.510000,12503,12504,12504,1
2020-11-02,15:07:28.321000,12503,12504,12504,1
2020-11-02,15:07:29.330000,12503,12504,12504,1
2020-11-02,15:07:29.331000,12503,12504,12504,3
2020-11-02,15:07:30.329000,12504,12505,12504,2
2020-11-02,15:07:32.728000,12504,12505,12504,1
2020-11-02,15:07:32.919000,12504,12505,12504,3
2020-11-02,15:07:34.922000,12503,12504,12504,1
2020-11-02,15:07:36.536000,12503,12504,12504,3
2020-11-02,15:07:38.144000,12504,12505,12504,1
2020-11-02,15:07:39.564000,12504,12505,12505,1
2020-11-02,15:07:40.324000,12504,12505,12505,1
2020-11-02,15:07:44.859000,12504,12505,12505,1
2020-11-02,15:07:45.462000,12504,12505,12505,1
2020-11-02,15:07:47.935000,12504,12505,12504,2
2020-11-02,15:07:52.763000,12504,12505,12504,1
2020-11-02,15:07:54.356000,12504,12505,12504,2
2020-11-02,15:07:55.462000,12504,12505,12504,1
2020-11-02,15:07:56.215000,12503,12505,12503,1
2020-11-02,15:07:58.798000,12504,12505,12504,1
2020-11-02,15:08:00.220000,12504,12505,12504,1
2020-11-02,15:08:00.302000,12504,12505,12504,1
2020-11-02,15:08:00.771000,12504,12505,12504,1
2020-11-02,15:08:01.571000,12504,12505,12504,1
2020-11-02,15:08:02.134000,12504,12505,12505,15
2020-11-02,15:08:02.144000,12504,12505,12506,2
2020-11-02,15:08:02.360000,12506,12507,12506,3
2020-11-02,15:08:04.494000,12505,12507,12505,1
2020-11-02,15:08:12.924000,12504,12506,12506,1
2020-11-02,15:08:15.527000,12504,12506,12506,1
2020-11-02,15:08:27.144000,12505,12506,12505,1
2020-11-02,15:08:27.144000,12505,12506,12504,3
2020-11-02,15:08:37.391000,12505,12506,12506,8
2020-11-02,15:08:37.847000,12506,12507,12506,1
2020-11-02,15:08:41.804000,12506,12507,12506,2
2020-11-02,15:08:42.648000,12506,12507,12506,1
2020-11-02,15:08:44.266000,12506,12507,12507,1
2020-11-02,15:08:45.554000,12506,12507,12506,1
2020-11-02,15:08:54.493000,12506,12507,12506,1
2020-11-02,15:08:56.857000,12506,12507,12506,1
2020-11-02,15:09:02.278000,12506,12507,12506,3
2020-11-02,15:09:02.301000,12506,12507,12506,1
2020-11-02,15:09:02.301000,12506,12507,12506,1
2020-11-02,15:09:04.719000,12505,12506,12506,1
2020-11-02,15:09:06.413000,12506,12507,12506,3
2020-11-02,15:09:14.026000,12505,12506,12505,1
2020-11-02,15:09:14.027000,12505,12506,12505,2
2020-11-02,15:09:15.146000,12504,12505,12504,5
2020-11-02,15:09:15.146000,12504,12505,12504,4
2020-11-02,15:09:15.665000,12503,12504,12504,1
2020-11-02,15:09:19.524000,12503,12504,12504,1
2020-11-02,15:09:26.706000,12503,12504,12503,4
2020-11-02,15:09:26.706000,12503,12504,12503,1
2020-11-02,15:09:26.706000,12503,12504,12503,3
2020-11-02,15:09:30.821000,12502,12503,12502,2
2020-11-02,15:09:30.876000,12502,12503,12503,1
2020-11-02,15:09:30.943000,12502,12503,12502,3
2020-11-02,15:09:31.777000,12502,12503,12502,1
2020-11-02,15:09:32.743000,12502,12503,12502,1
2020-11-02,15:09:32.915000,12502,12503,12503,1
2020-11-02,15:09:33.794000,12502,12503,12502,1
2020-11-02,15:09:35.495000,12502,12503,12503,2
2020-11-02,15:09:41.151000,12502,12503,12502,1
2020-11-02,15:09:41.276000,12502,12503,12502,2
2020-11-02,15:09:44.005000,12502,12503,12502,2
2020-11-02,15:09:44.005000,12502,12503,12502,4
2020-11-02,15:09:44.005000,12502,12503,12502,11
2020-11-02,15:09:44.005000,12502,12503,12502,1
2020-11-02,15:09:44.234000,12501,12502,12501,1
2020-11-02,15:09:44.919000,12501,12502,12501,3
2020-11-02,15:09:44.919000,12501,12502,12501,7
2020-11-02,15:09:46.302000,12500,12502,12502,2
2020-11-02,15:09:50.110000,12500,12502,12502,1
2020-11-02,15:09:51.284000,12500,12502,12502,1
2020-11-02,15:09:54.266000,12500,12501,12501,1
2020-11-02,15:09:54.474000,12500,12502,12502,1
2020-11-02,15:09:55.006000,12500,12502,12500,1
2020-11-02,15:09:55.123000,12500,12502,12500,5
2020-11-02,15:09:55.166000,12500,12501,12500,1
2020-11-02,15:09:55.170000,12500,12501,12500,1
2020-11-02,15:09:55.521000,12500,12501,12500,1
2020-11-02,15:09:55.525000,12500,12501,12500,1
2020-11-02,15:09:58.078000,12500,12501,12500,5
2020-11-02,15:09:58.621000,12500,12501,12500,1
2020-11-02,15:09:58.759000,12500,12501,12500,5
2020-11-02,15:09:58.760000,12500,12501,12500,1
2020-11-02,15:09:58.795000,12499,12500,12499,2
2020-11-02,15:09:58.982000,12499,12500,12499,5
2020-11-02,15:09:59.032000,12499,12500,12499,1
2020-11-02,15:09:59.372000,12498,12500,12498,1
2020-11-02,15:09:59.434000,12498,12500,12498,5
2020-11-02,15:09:59.442000,12498,12500,12498,4
2020-11-02,15:09:59.664000,12498,12500,12498,1
2020-11-02,15:10:00.038000,12498,12500,12498,2
2020-11-02,15:10:00.166000,12498,12499,12499,1
2020-11-02,15:10:00.177000,12498,12499,12498,1
2020-11-02,15:10:00.461000,12498,12500,12498,1
2020-11-02,15:10:01.347000,12498,12500,12498,4
2020-11-02,15:10:01.916000,12498,12500,12498,5
2020-11-02,15:10:03.869000,12498,12499,12498,1
2020-11-02,15:10:04.073000,12498,12499,12499,1
2020-11-02,15:10:04.220000,12498,12499,12498,1
2020-11-02,15:10:04.981000,12498,12499,12498,1
2020-11-02,15:10:06.154000,12498,12499,12499,1
2020-11-02,15:10:07.194000,12498,12499,12498,1
2020-11-02,15:10:07.377000,12498,12499,12499,1
2020-11-02,15:10:07.430000,12498,12499,12498,1
2020-11-02,15:10:07.517000,12498,12499,12498,7
2020-11-02,15:10:07.517000,12498,12499,12497,3
2020-11-02,15:10:07.750000,12496,12498,12498,1
2020-11-02,15:10:07.866000,12496,12498,12498,1
2020-11-02,15:10:07.889000,12496,12498,12498,1
2020-11-02,15:10:08.036000,12496,12498,12496,1
2020-11-02,15:10:08.052000,12496,12498,12496,3
2020-11-02,15:10:08.134000,12496,12498,12496,2
2020-11-02,15:10:08.380000,12496,12498,12496,1
2020-11-02,15:10:08.405000,12496,12498,12496,1
2020-11-02,15:10:10.467000,12497,12499,12499,1
2020-11-02,15:10:12.858000,12497,12499,12497,1
2020-11-02,15:10:18.507000,12498,12499,12498,2
2020-11-02,15:10:18.744000,12498,12499,12498,1
2020-11-02,15:10:20.736000,12498,12499,12499,4
2020-11-02,15:10:20.736000,12498,12499,12499,23
2020-11-02,15:10:20.756000,12498,12499,12499,5
2020-11-02,15:10:20.786000,12498,12500,12500,1
2020-11-02,15:10:20.920000,12498,12500,12498,1
2020-11-02,15:10:22.870000,12499,12500,12500,1
2020-11-02,15:10:22.870000,12499,12500,12500,5
2020-11-02,15:10:23.148000,12499,12501,12499,1
2020-11-02,15:10:23.198000,12499,12501,12501,2
2020-11-02,15:10:24.263000,12500,12501,12500,1
2020-11-02,15:10:24.263000,12500,12501,12499,4
2020-11-02,15:10:26.049000,12499,12500,12499,1
2020-11-02,15:10:27.543000,12499,12500,12499,1
2020-11-02,15:10:27.543000,12499,12500,12498,1
2020-11-02,15:10:28.488000,12498,12499,12499,1
2020-11-02,15:10:35.051000,12499,12500,12499,1
2020-11-02,15:10:39.211000,12499,12500,12500,1
2020-11-02,15:10:40.667000,12499,12500,12499,3
2020-11-02,15:10:41.952000,12499,12500,12499,1
2020-11-02,15:10:43.173000,12499,12500,12500,4
2020-11-02,15:10:43.174000,12499,12500,12500,10
2020-11-02,15:10:43.444000,12500,12501,12501,1
2020-11-02,15:10:43.522000,12500,12501,12501,1
2020-11-02,15:10:46.703000,12500,12501,12500,6
2020-11-02,15:10:46.704000,12500,12501,12500,4
2020-11-02,15:10:47.073000,12499,12501,12501,1
2020-11-02,15:10:54.156000,12500,12501,12501,1
2020-11-02,15:10:54.157000,12500,12501,12501,6
2020-11-02,15:10:54.157000,12500,12501,12501,9
2020-11-02,15:10:56.599000,12501,12502,12501,2
2020-11-02,15:10:57.372000,12501,12502,12502,2
2020-11-02,15:10:57.409000,12501,12502,12502,3
2020-11-02,15:10:58.066000,12501,12502,12501,3
2020-11-02,15:11:01.369000,12501,12502,12501,1
2020-11-02,15:11:01.428000,12500,12502,12500,1
2020-11-02,15:11:02.371000,12500,12502,12501,2
2020-11-02,15:11:13.342000,12500,12501,12501,3
2020-11-02,15:11:20.293000,12501,12502,12502,9
2020-11-02,15:11:23.228000,12502,12503,12503,3
2020-11-02,15:11:23.307000,12502,12503,12503,1
2020-11-02,15:11:30.349000,12502,12503,12502,1
2020-11-02,15:11:32.073000,12502,12503,12502,2
2020-11-02,15:11:35.536000,12501,12502,12501,12
2020-11-02,15:11:35.980000,12500,12502,12502,1
2020-11-02,15:11:37.578000,12501,12502,12502,1
2020-11-02,15:11:40.379000,12501,12502,12501,1
2020-11-02,15:11:40.379000,12501,12502,12501,4
2020-11-02,15:11:42.348000,12500,12502,12502,1
2020-11-02,15:11:48.870000,12500,12502,12500,2
2020-11-02,15:11:49.636000,12501,12502,12502,1
2020-11-02,15:11:54.628000,12500,12502,12500,1
2020-11-02,15:12:02.290000,12501,12502,12501,1
2020-11-02,15:12:02.425000,12501,12502,12501,1
2020-11-02,15:12:02.543000,12501,12502,12502,12
2020-11-02,15:12:02.543000,12501,12502,12503,13
2020-11-02,15:12:02.552000,12501,12502,12503,1
2020-11-02,15:12:02.559000,12501,12502,12503,2
2020-11-02,15:12:02.559000,12501,12502,12504,10
2020-11-02,15:12:02.603000,12501,12502,12504,2
2020-11-02,15:12:02.608000,12501,12502,12504,1
2020-11-02,15:12:02.647000,12501,12502,12503,1
2020-11-02,15:12:02.722000,12502,12504,12504,2
2020-11-02,15:12:04.052000,12502,12504,12502,11
2020-11-02,15:12:35.623000,12502,12503,12502,5
2020-11-02,15:12:36.777000,12502,12503,12502,2
2020-11-02,15:12:42.422000,12502,12503,12502,5
2020-11-02,15:12:44.528000,12502,12503,12503,2
2020-11-02,15:12:45.225000,12503,12504,12503,1
2020-11-02,15:12:59.690000,12503,12504,12503,2
2020-11-02,15:13:02.149000,12503,12504,12503,1
2020-11-02,15:13:02.149000,12503,12504,12502,4
2020-11-02,15:13:02.176000,12502,12503,12502,1
2020-11-02,15:13:08.895000,12502,12503,12503,1
2020-11-02,15:13:21.063000,12503,12504,12504,2
2020-11-02,15:13:21.063000,12503,12504,12504,4
2020-11-02,15:13:21.063000,12503,12504,12504,8
2020-11-02,15:13:23.166000,12504,12505,12505,1
2020-11-02,15:13:23.173000,12504,12505,12505,2
2020-11-02,15:13:23.173000,12504,12505,12505,5
2020-11-02,15:13:23.432000,12505,12506,12505,1
2020-11-02,15:13:27.041000,12505,12506,12505,3
2020-11-02,15:13:27.041000,12505,12506,12505,1
2020-11-02,15:13:27.082000,12505,12506,12505,1
2020-11-02,15:13:27.107000,12505,12506,12505,1
2020-11-02,15:13:29.041000,12505,12506,12506,1
2020-11-02,15:13:29.786000,12505,12506,12505,3
2020-11-02,15:13:29.786000,12505,12506,12504,2
2020-11-02,15:13:34.017000,12504,12505,12505,1
2020-11-02,15:13:36.004000,12505,12506,12505,1
2020-11-02,15:13:36.842000,12504,12505,12505,2
2020-11-02,15:13:37.295000,12504,12505,12505,2
2020-11-02,15:13:38.769000,12504,12505,12504,1
2020-11-02,15:13:42.292000,12503,12504,12504,1
2020-11-02,15:13:55.095000,12504,12505,12505,1
2020-11-02,15:13:55.126000,12504,12505,12505,1
2020-11-02,15:13:58.456000,12504,12505,12504,1
2020-11-02,15:14:00.607000,12504,12505,12505,4
2020-11-02,15:14:00.607000,12504,12505,12505,2
2020-11-02,15:14:00.677000,12505,12506,12505,1
2020-11-02,15:14:00.885000,12505,12506,12506,1
2020-11-02,15:14:02.399000,12505,12506,12505,1
2020-11-02,15:14:03.184000,12504,12506,12504,1
2020-11-02,15:14:11.477000,12505,12506,12505,1
2020-11-02,15:14:12.325000,12504,12505,12504,4
2020-11-02,15:14:27.365000,12503,12504,12503,3
2020-11-02,15:14:28.963000,12502,12503,12503,1
2020-11-02,15:14:33.406000,12502,12503,12502,1
2020-11-02,15:14:35.440000,12502,12503,12502,2
2020-11-02,15:14:35.440000,12502,12503,12502,4
2020-11-02,15:14:35.441000,12502,12503,12502,8
2020-11-02,15:14:37.785000,12501,12502,12502,4
2020-11-02,15:14:43.643000,12501,12502,12502,1
2020-11-02,15:14:48.762000,12501,12502,12502,1
2020-11-02,15:14:51.994000,12501,12502,12502,1
2020-11-02,15:14:54.320000,12501,12502,12501,1
2020-11-02,15:14:54.830000,12501,12502,12501,1
2020-11-02,15:14:55.454000,12501,12502,12501,2
2020-11-02,15:14:55.454000,12501,12502,12501,12
2020-11-02,15:14:56.932000,12500,12501,12500,5
2020-11-02,15:14:57.838000,12500,12501,12501,1
2020-11-02,15:15:01.251000,12500,12501,12500,1
2020-11-02,15:15:01.252000,12500,12501,12500,6
2020-11-02,15:15:01.252000,12500,12501,12500,2
2020-11-02,15:15:01.252000,12500,12501,12500,8
2020-11-02,15:15:01.301000,12499,12500,12499,1
2020-11-02,15:15:01.353000,12499,12500,12500,1
2020-11-02,15:15:01.484000,12499,12500,12499,10
2020-11-02,15:15:01.659000,12499,12500,12499,3
2020-11-02,15:15:01.960000,12499,12500,12499,3
2020-11-02,15:15:02.153000,12499,12500,12499,1
2020-11-02,15:15:02.311000,12498,12500,12500,2
2020-11-02,15:15:03.521000,12498,12500,12498,1
2020-11-02,15:15:03.961000,12498,12499,12498,1
2020-11-02,15:15:04.743000,12498,12499,12498,2
2020-11-02,15:15:05.175000,12498,12499,12498,3
2020-11-02,15:15:10.255000,12498,12499,12499,4
2020-11-02,15:15:10.711000,12499,12500,12499,1
2020-11-02,15:15:11.579000,12499,12500,12499,3
2020-11-02,15:15:12.840000,12499,12500,12499,1
2020-11-02,15:15:14.497000,12499,12500,12500,2
2020-11-02,15:15:19.601000,12499,12501,12499,1
2020-11-02,15:15:22.033000,12499,12501,12501,3
2020-11-02,15:15:22.033000,12499,12501,12499,1
2020-11-02,15:15:25.011000,12500,12501,12500,1
2020-11-02,15:15:25.011000,12500,12501,12499,2
2020-11-02,15:15:31.289000,12499,12500,12499,1
2020-11-02,15:15:32.789000,12499,12500,12499,2
2020-11-02,15:15:34.195000,12498,12499,12499,1
2020-11-02,15:15:36.479000,12498,12499,12499,1
2020-11-02,15:15:38.667000,12498,12499,12498,2
2020-11-02,15:15:40.315000,12498,12499,12498,3
2020-11-02,15:15:40.676000,12498,12499,12499,1
2020-11-02,15:15:40.694000,12498,12499,12499,1
2020-11-02,15:15:41.414000,12498,12499,12499,1
2020-11-02,15:15:41.702000,12499,12500,12499,1
2020-11-02,15:15:42.387000,12499,12500,12499,3
2020-11-02,15:15:44.861000,12498,12499,12499,1
2020-11-02,15:15:45.998000,12498,12499,12499,1
2020-11-02,15:15:45.999000,12498,12499,12499,1
2020-11-02,15:15:47.249000,12499,12500,12500,1
2020-11-02,15:15:49.012000,12498,12500,12498,1
2020-11-02,15:15:52.807000,12498,12499,12498,2
2020-11-02,15:15:53.954000,12498,12499,12498,3
2020-11-02,15:15:57.937000,12498,12499,12498,1
2020-11-02,15:16:05.949000,12498,12499,12498,2
2020-11-02,15:16:06.051000,12498,12499,12498,1
2020-11-02,15:16:06.556000,12498,12499,12498,2
2020-11-02,15:16:07.595000,12497,12499,12497,2
2020-11-02,15:16:09.167000,12497,12498,12497,1
2020-11-02,15:16:12.840000,12497,12498,12498,1
2020-11-02,15:16:13.613000,12497,12499,12497,6
2020-11-02,15:16:15.644000,12497,12498,12497,6
2020-11-02,15:16:16.088000,12497,12498,12497,2
2020-11-02,15:16:16.324000,12497,12498,12497,1
2020-11-02,15:16:17.182000,12497,12498,12497,6
2020-11-02,15:16:17.434000,12497,12498,12497,1
2020-11-02,15:16:17.905000,12497,12498,12497,1
2020-11-02,15:16:18.584000,12497,12498,12497,2
2020-11-02,15:16:21.765000,12497,12498,12498,1
2020-11-02,15:16:22.451000,12498,12499,12498,1
2020-11-02,15:16:23.771000,12497,12498,12497,6
2020-11-02,15:16:28.335000,12497,12498,12497,1
2020-11-02,15:16:28.390000,12497,12498,12497,5
2020-11-02,15:16:28.391000,12497,12498,12497,1
2020-11-02,15:16:28.391000,12497,12498,12497,2
2020-11-02,15:16:32.079000,12497,12498,12498,7
2020-11-02,15:16:35.582000,12497,12499,12498,1
2020-11-02,15:16:36.140000,12498,12499,12499,3
2020-11-02,15:16:37.079000,12499,12500,12499,1
2020-11-02,15:16:38.107000,12499,12500,12499,1
2020-11-02,15:16:42.455000,12499,12500,12500,7
2020-11-02,15:16:44.305000,12499,12501,12499,1
2020-11-02,15:16:44.663000,12499,12501,12501,1
2020-11-02,15:16:47.018000,12500,12501,12500,3
2020-11-02,15:16:47.326000,12500,12501,12501,3
2020-11-02,15:16:47.389000,12500,12501,12501,4
2020-11-02,15:16:47.389000,12500,12501,12501,1
2020-11-02,15:16:50.314000,12501,12502,12501,2
2020-11-02,15:16:50.577000,12501,12502,12502,5
2020-11-02,15:16:52.708000,12501,12502,12502,4
2020-11-02,15:16:57.799000,12502,12503,12503,1
2020-11-02,15:17:02.695000,12502,12503,12503,1
2020-11-02,15:17:02.801000,12502,12503,12502,1
2020-11-02,15:17:04.513000,12502,12503,12502,1
2020-11-02,15:17:04.823000,12502,12503,12503,1
2020-11-02,15:17:05.353000,12502,12503,12503,5
2020-11-02,15:17:06.475000,12503,12504,12504,3
2020-11-02,15:17:06.669000,12504,12505,12504,1
2020-11-02,15:17:06.824000,12504,12505,12504,1
2020-11-02,15:17:08.170000,12503,12505,12503,2
2020-11-02,15:17:10.752000,12504,12505,12505,1
2020-11-02,15:17:10.793000,12504,12505,12505,2
2020-11-02,15:17:13.064000,12504,12505,12504,1
2020-11-02,15:17:15.226000,12504,12505,12504,1
2020-11-02,15:17:25.814000,12504,12505,12505,4
2020-11-02,15:17:25.815000,12504,12505,12505,6
2020-11-02,15:17:27.140000,12505,12506,12506,1
2020-11-02,15:17:28.574000,12505,12506,12506,5
2020-11-02,15:17:30.403000,12505,12506,12505,1
2020-11-02,15:17:34.046000,12505,12506,12505,1
2020-11-02,15:17:44.436000,12504,12505,12504,1
2020-11-02,15:17:45.830000,12504,12505,12504,1
2020-11-02,15:17:46.299000,12503,12504,12503,1
2020-11-02,15:17:46.978000,12503,12504,12503,3
2020-11-02,15:17:46.978000,12503,12504,12503,4
2020-11-02,15:17:52.058000,12502,12504,12502,2
2020-11-02,15:17:55.163000,12503,12504,12504,5
2020-11-02,15:18:01.800000,12503,12504,12503,1
2020-11-02,15:18:01.925000,12502,12504,12502,1
2020-11-02,15:18:02.124000,12502,12504,12504,1
2020-11-02,15:18:04.934000,12503,12504,12504,3
2020-11-02,15:18:10.224000,12503,12505,12504,1
2020-11-02,15:18:10.250000,12503,12505,12504,1
2020-11-02,15:18:10.275000,12503,12505,12504,1
2020-11-02,15:18:10.300000,12503,12504,12504,1
2020-11-02,15:18:10.301000,12503,12504,12504,1
2020-11-02,15:18:10.326000,12503,12504,12504,1
2020-11-02,15:18:10.326000,12503,12504,12504,1
2020-11-02,15:18:13.625000,12504,12505,12505,1
2020-11-02,15:18:17.793000,12504,12505,12504,3
2020-11-02,15:18:18.260000,12504,12505,12505,1
2020-11-02,15:18:29.409000,12504,12505,12504,1
2020-11-02,15:18:29.940000,12502,12504,12504,1
2020-11-02,15:18:34.946000,12504,12505,12504,1
2020-11-02,15:18:38.275000,12502,12503,12502,1
2020-11-02,15:18:41.743000,12502,12503,12503,1
2020-11-02,15:18:41.743000,12502,12503,12504,1
2020-11-02,15:18:43.479000,12503,12504,12503,1
2020-11-02,15:18:47.139000,12503,12504,12504,2
2020-11-02,15:18:48.904000,12503,12504,12504,3
2020-11-02,15:18:48.904000,12503,12504,12504,1
2020-11-02,15:18:50.252000,12504,12505,12504,1
2020-11-02,15:18:50.937000,12503,12505,12504,1
2020-11-02,15:19:07.667000,12503,12505,12504,2
2020-11-02,15:19:07.801000,12503,12505,12503,1
2020-11-02,15:19:27.003000,12504,12505,12504,1
2020-11-02,15:19:33.844000,12504,12505,12504,2
2020-11-02,15:19:33.844000,12504,12505,12503,2
2020-11-02,15:19:37.740000,12504,12505,12504,1
2020-11-02,15:19:41.247000,12504,12505,12504,1
2020-11-02,15:19:45.438000,12504,12505,12505,1
2020-11-02,15:19:45.438000,12504,12505,12505,3
2020-11-02,15:19:45.438000,12504,12505,12505,4
2020-11-02,15:19:45.438000,12504,12505,12505,5
2020-11-02,15:19:45.438000,12504,12505,12505,3
2020-11-02,15:19:45.439000,12504,12505,12505,4
2020-11-02,15:19:53.902000,12505,12506,12506,1
2020-11-02,15:19:53.903000,12505,12506,12506,2
2020-11-02,15:19:54.461000,12505,12506,12506,1
2020-11-02,15:19:54.462000,12505,12506,12506,1
2020-11-02,15:19:54.462000,12505,12506,12506,20
2020-11-02,15:19:58.489000,12506,12507,12506,1
2020-11-02,15:20:01.145000,12506,12507,12507,1
2020-11-02,15:20:01.176000,12506,12507,12506,1
2020-11-02,15:20:01.469000,12506,12507,12507,1
2020-11-02,15:20:01.535000,12506,12507,12507,1
2020-11-02,15:20:01.536000,12506,12507,12508,11
2020-11-02,15:20:02.760000,12508,12509,12508,6
2020-11-02,15:20:02.760000,12508,12509,12507,14
2020-11-02,15:20:04.393000,12506,12508,12506,1
2020-11-02,15:20:04.820000,12506,12508,12506,5
2020-11-02,15:20:04.820000,12506,12508,12505,15
2020-11-02,15:20:05.672000,12504,12506,12506,1
2020-11-02,15:20:05.947000,12504,12506,12506,1
2020-11-02,15:20:06.577000,12504,12506,12506,1
2020-11-02,15:20:06.743000,12504,12506,12506,2
2020-11-02,15:20:07.228000,12504,12506,12506,1
2020-11-02,15:20:10.250000,12504,12505,12505,1
2020-11-02,15:20:11.280000,12504,12505,12504,5
2020-11-02,15:20:11.282000,12504,12505,12504,9
2020-11-02,15:20:12.931000,12503,12505,12505,1
2020-11-02,15:20:14.223000,12503,12505,12504,1
2020-11-02,15:20:15.769000,12504,12505,12504,1
2020-11-02,15:20:16.408000,12504,12505,12504,2
2020-11-02,15:20:16.634000,12503,12505,12503,1
2020-11-02,15:20:20.825000,12504,12505,12504,1
2020-11-02,15:20:32.788000,12504,12505,12504,1
2020-11-02,15:20:44.309000,12503,12504,12504,1
2020-11-02,15:20:46.147000,12503,12504,12504,1
2020-11-02,15:20:51.623000,12504,12505,12504,1
2020-11-02,15:20:51.793000,12503,12504,12504,1
2020-11-02,15:20:59.728000,12503,12504,12503,4
2020-11-02,15:20:59.728000,12503,12504,12503,11
2020-11-02,15:21:02.458000,12502,12503,12503,1
2020-11-02,15:21:09.756000,12503,12504,12504,7
2020-11-02,15:21:10.256000,12504,12505,12504,1
2020-11-02,15:21:11.659000,12504,12505,12505,3
2020-11-02,15:21:11.791000,12504,12506,12506,1
2020-11-02,15:21:17.009000,12505,12506,12506,2
2020-11-02,15:21:17.184000,12506,12507,12507,4
2020-11-02,15:21:17.983000,12507,12508,12507,3
2020-11-02,15:21:23.822000,12507,12508,12507,1
2020-11-02,15:21:25.319000,12507,12508,12508,6
2020-11-02,15:21:25.402000,12507,12508,12508,1
2020-11-02,15:21:25.570000,12508,12509,12509,8
2020-11-02,15:21:27.393000,12508,12509,12509,1
2020-11-02,15:21:28.053000,12508,12509,12508,1
2020-11-02,15:21:28.129000,12508,12509,12509,1
2020-11-02,15:21:29.284000,12508,12509,12509,1
2020-11-02,15:21:30.252000,12509,12510,12509,4
2020-11-02,15:21:30.252000,12509,12510,12509,10
2020-11-02,15:21:30.763000,12507,12509,12509,1
2020-11-02,15:21:34.767000,12507,12509,12509,1
2020-11-02,15:21:39.784000,12507,12508,12508,1
2020-11-02,15:21:50.104000,12508,12509,12508,1
2020-11-02,15:21:54.364000,12507,12508,12508,1
2020-11-02,15:21:54.409000,12507,12508,12508,1
2020-11-02,15:22:00.555000,12508,12509,12509,1
2020-11-02,15:22:00.555000,12508,12509,12509,4
2020-11-02,15:22:02.236000,12509,12510,12510,3
2020-11-02,15:22:05.884000,12509,12510,12510,8
2020-11-02,15:22:05.885000,12509,12510,12510,2
2020-11-02,15:22:07.887000,12509,12511,12509,1
2020-11-02,15:22:08.188000,12509,12510,12510,1
2020-11-02,15:22:08.284000,12509,12510,12510,1
2020-11-02,15:22:08.340000,12509,12510,12511,2
2020-11-02,15:22:08.807000,12509,12510,12510,1
2020-11-02,15:22:09.603000,12509,12511,12511,1
2020-11-02,15:22:10.034000,12510,12511,12511,3
2020-11-02,15:22:10.738000,12510,12511,12510,1
2020-11-02,15:22:11.371000,12510,12511,12511,1
2020-11-02,15:22:11.532000,12510,12511,12511,1
2020-11-02,15:22:12.992000,12510,12511,12511,1
2020-11-02,15:22:16.409000,12510,12511,12511,1
2020-11-02,15:22:18.271000,12511,12512,12512,1
2020-11-02,15:22:18.575000,12511,12512,12512,1
2020-11-02,15:22:21.451000,12511,12512,12511,3
2020-11-02,15:22:21.503000,12511,12512,12511,1
2020-11-02,15:22:22.442000,12510,12512,12512,4
2020-11-02,15:22:23.913000,12511,12512,12511,1
2020-11-02,15:22:25.104000,12511,12512,12512,1
2020-11-02,15:22:25.188000,12511,12512,12511,1
2020-11-02,15:22:26.148000,12510,12511,12511,2
2020-11-02,15:22:28.581000,12510,12511,12511,4
2020-11-02,15:22:29.502000,12510,12511,12511,3
2020-11-02,15:22:31.241000,12510,12511,12511,2
2020-11-02,15:22:34.062000,12510,12511,12511,1
2020-11-02,15:22:36.159000,12510,12511,12511,2
2020-11-02,15:22:36.483000,12511,12512,12512,5
2020-11-02,15:22:37.123000,12511,12512,12511,1
2020-11-02,15:22:37.596000,12511,12512,12511,1
2020-11-02,15:22:38.207000,12511,12512,12512,1
2020-11-02,15:22:38.300000,12511,12512,12512,5
2020-11-02,15:22:39.492000,12511,12512,12511,1
2020-11-02,15:22:39.492000,12511,12512,12511,3
2020-11-02,15:22:42.535000,12510,12511,12510,24
2020-11-02,15:22:42.710000,12509,12510,12510,1
2020-11-02,15:22:45.392000,12510,12511,12510,1
2020-11-02,15:22:49.916000,12510,12511,12511,1
2020-11-02,15:22:49.941000,12510,12511,12511,1
2020-11-02,15:22:49.967000,12510,12511,12511,1
2020-11-02,15:22:49.992000,12510,12511,12511,1
2020-11-02,15:22:57.640000,12511,12512,12511,1
2020-11-02,15:23:01.530000,12511,12512,12511,1
2020-11-02,15:23:01.530000,12511,12512,12511,2
2020-11-02,15:23:01.575000,12511,12512,12511,1
2020-11-02,15:23:01.576000,12511,12512,12511,1
2020-11-02,15:23:11.694000,12510,12512,12510,2
2020-11-02,15:23:20.397000,12510,12511,12510,3
2020-11-02,15:23:20.397000,12510,12511,12510,1
2020-11-02,15:23:27.045000,12510,12511,12510,1
2020-11-02,15:23:27.161000,12509,12511,12511,1
2020-11-02,15:23:33.884000,12509,12510,12509,3
2020-11-02,15:23:39.052000,12509,12510,12510,6
2020-11-02,15:23:42.407000,12510,12511,12510,9
2020-11-02,15:23:42.707000,12509,12511,12509,1
2020-11-02,15:23:46.946000,12509,12511,12509,2
2020-11-02,15:23:51.311000,12509,12510,12510,1
2020-11-02,15:23:54.380000,12510,12511,12511,1
2020-11-02,15:23:54.380000,12510,12511,12511,1
2020-11-02,15:23:59.684000,12510,12512,12512,2
2020-11-02,15:24:00.287000,12510,12512,12510,1
2020-11-02,15:24:00.617000,12510,12512,12512,1
2020-11-02,15:24:06.594000,12511,12512,12512,1
2020-11-02,15:24:07.051000,12511,12512,12511,1
2020-11-02,15:24:07.056000,12511,12512,12511,1
2020-11-02,15:24:08.454000,12511,12512,12512,5
2020-11-02,15:24:10.038000,12511,12512,12512,3
2020-11-02,15:24:10.039000,12511,12512,12512,6
2020-11-02,15:24:10.538000,12511,12512,12511,4
2020-11-02,15:24:12.222000,12510,12511,12511,1
2020-11-02,15:24:12.674000,12510,12511,12511,1
2020-11-02,15:24:12.784000,12510,12511,12511,4
2020-11-02,15:24:18.634000,12512,12513,12512,1
2020-11-02,15:24:25.481000,12512,12513,12513,1
2020-11-02,15:24:26.784000,12512,12513,12513,5
2020-11-02,15:24:27.061000,12513,12514,12513,2
2020-11-02,15:24:32.379000,12513,12514,12513,2
2020-11-02,15:24:32.405000,12513,12514,12513,1
2020-11-02,15:24:32.410000,12512,12513,12513,1
2020-11-02,15:24:32.435000,12512,12513,12513,1
2020-11-02,15:24:32.461000,12512,12513,12513,1
2020-11-02,15:24:32.534000,12512,12513,12513,4
2020-11-02,15:24:33.610000,12512,12513,12513,1
2020-11-02,15:24:34.527000,12512,12514,12512,1
2020-11-02,15:24:36.724000,12511,12513,12513,1
2020-11-02,15:24:37.523000,12512,12513,12513,1
2020-11-02,15:24:37.523000,12512,12513,12514,1
2020-11-02,15:24:37.572000,12512,12514,12514,4
2020-11-02,15:24:37.573000,12512,12514,12514,5
2020-11-02,15:24:45.397000,12513,12514,12514,1
2020-11-02,15:24:46.690000,12513,12514,12514,5
2020-11-02,15:24:53.823000,12513,12514,12514,1
2020-11-02,15:24:53.943000,12513,12514,12513,1
2020-11-02,15:24:56.449000,12513,12514,12514,1
2020-11-02,15:24:58.402000,12513,12514,12513,1
2020-11-02,15:24:58.402000,12513,12514,12513,1
2020-11-02,15:24:58.402000,12513,12514,12513,2
2020-11-02,15:24:58.403000,12513,12514,12513,3
2020-11-02,15:25:00.945000,12512,12513,12513,3
2020-11-02,15:25:03.755000,12513,12514,12514,1
2020-11-02,15:25:04.154000,12513,12514,12513,1
2020-11-02,15:25:04.228000,12513,12514,12513,2
2020-11-02,15:25:04.290000,12513,12514,12513,1
2020-11-02,15:25:04.290000,12513,12514,12512,3
2020-11-02,15:25:04.332000,12513,12514,12512,1
2020-11-02,15:25:04.845000,12512,12513,12513,1
2020-11-02,15:25:04.845000,12512,12513,12514,2
2020-11-02,15:25:06.391000,12513,12514,12513,1
2020-11-02,15:25:10.662000,12512,12513,12513,1
2020-11-02,15:25:19.493000,12513,12514,12514,2
2020-11-02,15:25:24.437000,12513,12514,12514,1
2020-11-02,15:25:35.904000,12513,12514,12513,4
2020-11-02,15:25:35.905000,12513,12514,12513,7
2020-11-02,15:25:36.648000,12512,12513,12513,1
2020-11-02,15:25:45.633000,12512,12513,12513,1
2020-11-02,15:25:48.553000,12512,12513,12512,1
2020-11-02,15:25:54.927000,12512,12513,12512,2
2020-11-02,15:25:55.092000,12512,12513,12512,4
2020-11-02,15:25:55.092000,12512,12513,12512,3
2020-11-02,15:26:06.499000,12511,12512,12512,2
2020-11-02,15:26:12.458000,12512,12513,12512,1
2020-11-02,15:26:23.315000,12512,12513,12513,1
2020-11-02,15:26:33.923000,12511,12512,12512,1
2020-11-02,15:26:45.872000,12511,12512,12511,1
2020-11-02,15:26:46.065000,12511,12512,12511,5
2020-11-02,15:26:47.909000,12511,12512,12511,1
2020-11-02,15:26:48.002000,12511,12512,12511,1
2020-11-02,15:26:48.199000,12511,12512,12511,1
2020-11-02,15:26:54.257000,12511,12512,12511,2
2020-11-02,15:26:54.257000,12511,12512,12511,4
2020-11-02,15:26:54.257000,12511,12512,12511,2
2020-11-02,15:26:58.008000,12510,12511,12510,1
2020-11-02,15:26:59.286000,12510,12511,12511,2
2020-11-02,15:27:05.530000,12510,12511,12510,4
2020-11-02,15:27:05.531000,12510,12511,12510,8
2020-11-02,15:27:09.245000,12509,12510,12509,1
2020-11-02,15:27:10.530000,12509,12510,12510,1
2020-11-02,15:27:10.719000,12510,12511,12510,4
2020-11-02,15:27:10.860000,12509,12511,12509,1
2020-11-02,15:27:11.050000,12509,12511,12509,1
2020-11-02,15:27:11.929000,12509,12510,12510,1
2020-11-02,15:27:17.671000,12510,12511,12510,1
2020-11-02,15:27:18.055000,12510,12511,12510,1
2020-11-02,15:27:18.261000,12510,12511,12511,16
2020-11-02,15:27:18.305000,12511,12512,12512,1
2020-11-02,15:27:18.331000,12511,12512,12512,1
2020-11-02,15:27:18.356000,12511,12512,12512,1
2020-11-02,15:27:18.381000,12511,12512,12512,1
2020-11-02,15:27:18.792000,12511,12512,12512,2
2020-11-02,15:27:18.792000,12511,12512,12512,2
2020-11-02,15:27:18.845000,12511,12512,12513,2
2020-11-02,15:27:18.904000,12511,12512,12513,2
2020-11-02,15:27:22.550000,12512,12513,12512,1
2020-11-02,15:27:25.553000,12511,12512,12512,1
2020-11-02,15:27:40.862000,12511,12512,12512,1
2020-11-02,15:27:42.832000,12511,12512,12511,1
2020-11-02,15:27:45.231000,12510,12512,12510,5
2020-11-02,15:27:48.106000,12510,12512,12512,1
2020-11-02,15:27:52.617000,12509,12510,12510,1
2020-11-02,15:27:52.871000,12509,12510,12510,1
2020-11-02,15:27:58.825000,12510,12511,12510,1
2020-11-02,15:27:59.098000,12510,12511,12511,1
2020-11-02,15:28:09.879000,12511,12512,12512,2
2020-11-02,15:28:32.781000,12511,12512,12512,1
2020-11-02,15:28:48.162000,12511,12512,12512,2
2020-11-02,15:28:48.589000,12512,12513,12512,1
2020-11-02,15:28:51.518000,12512,12513,12512,1
2020-11-02,15:28:53.607000,12512,12513,12513,10
2020-11-02,15:28:53.607000,12512,12513,12513,6
2020-11-02,15:28:53.608000,12512,12513,12513,5
2020-11-02,15:28:53.922000,12513,12514,12514,1
2020-11-02,15:28:53.936000,12513,12514,12514,2
2020-11-02,15:28:53.953000,12513,12514,12514,5
2020-11-02,15:28:56.969000,12513,12514,12513,1
2020-11-02,15:28:56.969000,12513,12514,12512,1
2020-11-02,15:29:00.498000,12511,12512,12512,1
2020-11-02,15:29:00.730000,12511,12513,12513,1
2020-11-02,15:29:08.406000,12511,12512,12511,3
2020-11-02,15:29:09.059000,12510,12511,12511,1
2020-11-02,15:29:09.450000,12510,12511,12510,1
2020-11-02,15:29:09.451000,12510,12511,12510,2
2020-11-02,15:29:16.773000,12508,12510,12510,4
2020-11-02,15:29:24.024000,12509,12510,12509,1
2020-11-02,15:29:25.934000,12509,12510,12510,1
2020-11-02,15:29:32.223000,12509,12510,12510,1
2020-11-02,15:29:36.023000,12509,12510,12510,1
2020-11-02,15:29:40.009000,12509,12510,12509,3
2020-11-02,15:29:43.891000,12508,12509,12509,1
2020-11-02,15:29:44.021000,12509,12510,12510,1
2020-11-02,15:29:46.062000,12509,12510,12510,1
2020-11-02,15:29:46.918000,12510,12511,12510,2
2020-11-02,15:29:56.427000,12509,12510,12509,11
2020-11-02,15:29:56.428000,12509,12510,12509,3
2020-11-02,15:29:56.428000,12509,12510,12509,1
2020-11-02,15:29:56.428000,12509,12510,12509,1
2020-11-02,15:29:56.428000,12509,12510,12509,1
2020-11-02,15:29:56.428000,12509,12510,12509,1
2020-11-02,15:29:56.428000,12509,12510,12509,1
2020-11-02,15:29:56.428000,12509,12510,12509,1
2020-11-02,15:29:58.892000,12509,12510,12510,2
2020-11-02,15:30:01.491000,12511,12512,12511,1
2020-11-02,15:30:01.865000,12511,12512,12512,1
2020-11-02,15:30:02.053000,12511,12512,12512,1
2020-11-02,15:30:02.066000,12511,12512,12512,1
2020-11-02,15:30:02.066000,12511,12512,12512,1
2020-11-02,15:30:02.066000,12511,12512,12512,1
2020-11-02,15:30:02.315000,12511,12513,12513,3
2020-11-02,15:30:14.207000,12511,12512,12511,3
2020-11-02,15:30:16.172000,12510,12512,12511,1
2020-11-02,15:30:16.971000,12510,12512,12510,2
2020-11-02,15:30:34.611000,12510,12512,12512,3
2020-11-02,15:30:35.877000,12511,12513,12511,4
2020-11-02,15:30:37.522000,12510,12512,12512,1
2020-11-02,15:30:43.740000,12511,12512,12512,1
2020-11-02,15:30:50.629000,12511,12512,12511,1
2020-11-02,15:31:02.243000,12510,12511,12511,1
2020-11-02,15:31:03.154000,12510,12511,12511,1
2020-11-02,15:31:12.664000,12511,12512,12511,5
2020-11-02,15:31:14.781000,12511,12512,12511,1
2020-11-02,15:31:16.896000,12511,12512,12511,1
2020-11-02,15:31:17.383000,12510,12511,12511,1
2020-11-02,15:31:17.925000,12510,12512,12510,1
2020-11-02,15:31:26.406000,12511,12512,12511,1
2020-11-02,15:31:29.952000,12510,12511,12511,1
2020-11-02,15:31:30.146000,12510,12511,12510,2
2020-11-02,15:31:36.267000,12510,12511,12510,1
2020-11-02,15:31:42.003000,12510,12511,12510,5
2020-11-02,15:31:42.004000,12510,12511,12510,4
2020-11-02,15:31:43.993000,12509,12510,12509,2
2020-11-02,15:31:43.993000,12509,12510,12509,1
2020-11-02,15:31:43.993000,12509,12510,12509,1
2020-11-02,15:31:46.514000,12508,12510,12508,1
2020-11-02,15:31:46.674000,12508,12510,12508,1
2020-11-02,15:31:50.518000,12508,12509,12509,2
2020-11-02,15:31:52.584000,12509,12510,12509,2
2020-11-02,15:31:52.730000,12508,12510,12508,2
2020-11-02,15:31:55.666000,12508,12509,12508,1
2020-11-02,15:32:02.652000,12508,12509,12509,1
2020-11-02,15:32:05.869000,12509,12510,12509,1
2020-11-02,15:32:05.870000,12509,12510,12509,1
2020-11-02,15:32:20.737000,12508,12509,12508,1
2020-11-02,15:32:21.241000,12508,12509,12508,1
2020-11-02,15:32:30.479000,12508,12509,12509,1
2020-11-02,15:32:31.005000,12508,12509,12508,1
2020-11-02,15:32:34.208000,12508,12509,12509,1
2020-11-02,15:32:42.848000,12509,12510,12510,1
2020-11-02,15:32:44.255000,12509,12510,12509,1
2020-11-02,15:32:46.421000,12509,12510,12509,1
2020-11-02,15:32:46.670000,12509,12510,12509,5
2020-11-02,15:32:56.300000,12508,12509,12508,4
2020-11-02,15:32:56.300000,12508,12509,12508,9
2020-11-02,15:32:59.611000,12507,12508,12507,4
2020-11-02,15:32:59.783000,12506,12508,12506,1
2020-11-02,15:32:59.792000,12506,12508,12506,1
2020-11-02,15:32:59.962000,12506,12508,12506,1
2020-11-02,15:33:00.239000,12506,12508,12506,1
2020-11-02,15:33:04.737000,12506,12508,12506,1
2020-11-02,15:33:08.551000,12506,12508,12506,1
2020-11-02,15:33:08.769000,12506,12508,12506,1
2020-11-02,15:33:09.738000,12506,12508,12506,1
2020-11-02,15:33:17.753000,12507,12508,12507,1
2020-11-02,15:33:17.753000,12507,12508,12506,1
2020-11-02,15:33:21.259000,12507,12508,12507,1
2020-11-02,15:33:37.158000,12506,12507,12507,9
2020-11-02,15:33:46.270000,12506,12507,12507,4
2020-11-02,15:33:46.270000,12506,12507,12507,1
2020-11-02,15:33:51.590000,12507,12508,12508,5
2020-11-02,15:33:54.997000,12508,12509,12509,3
2020-11-02,15:33:54.997000,12508,12509,12509,2
2020-11-02,15:33:54.997000,12508,12509,12509,8
2020-11-02,15:34:02.898000,12509,12510,12509,2
2020-11-02,15:34:33.872000,12509,12510,12510,4
2020-11-02,15:34:33.872000,12509,12510,12510,7
2020-11-02,15:34:33.872000,12509,12510,12510,1
2020-11-02,15:34:33.873000,12509,12510,12510,1
2020-11-02,15:34:38.505000,12510,12511,12510,1
2020-11-02,15:34:38.915000,12509,12511,12511,1
2020-11-02,15:34:53.434000,12510,12511,12510,1
2020-11-02,15:34:55.304000,12510,12511,12510,4
2020-11-02,15:34:55.304000,12510,12511,12510,4
2020-11-02,15:34:56.601000,12509,12510,12509,2
2020-11-02,15:34:56.601000,12509,12510,12509,2
2020-11-02,15:34:57.555000,12509,12510,12509,2
2020-11-02,15:34:58.619000,12508,12509,12508,1
2020-11-02,15:35:01.403000,12507,12508,12507,1
2020-11-02,15:35:01.404000,12507,12508,12507,2
2020-11-02,15:35:05.271000,12506,12508,12508,1
2020-11-02,15:35:11.689000,12507,12508,12507,1
2020-11-02,15:35:21.886000,12507,12508,12508,1
2020-11-02,15:35:29.198000,12508,12509,12508,3
2020-11-02,15:35:39.824000,12508,12509,12508,1
2020-11-02,15:35:46.559000,12507,12508,12507,4
2020-11-02,15:35:51.281000,12506,12507,12506,1
2020-11-02,15:35:51.285000,12506,12507,12506,1
2020-11-02,15:35:51.285000,12506,12507,12506,1
2020-11-02,15:35:51.285000,12506,12507,12506,1
2020-11-02,15:35:51.285000,12506,12507,12506,9
2020-11-02,15:35:51.285000,12506,12507,12506,1
2020-11-02,15:35:55.695000,12505,12506,12506,1
2020-11-02,15:36:09.999000,12505,12506,12506,1
2020-11-02,15:36:15.366000,12506,12507,12506,2
2020-11-02,15:36:23.657000,12505,12506,12505,4
2020-11-02,15:36:23.657000,12505,12506,12505,3
2020-11-02,15:36:23.657000,12505,12506,12505,8
2020-11-02,15:36:33.060000,12504,12505,12504,1
2020-11-02,15:36:33.316000,12504,12505,12504,1
2020-11-02,15:36:33.435000,12504,12505,12504,1
2020-11-02,15:36:36.724000,12504,12505,12504,1
2020-11-02,15:36:40.340000,12504,12505,12504,1
2020-11-02,15:36:40.909000,12504,12505,12505,8
2020-11-02,15:36:43.434000,12505,12506,12505,1
2020-11-02,15:36:44.463000,12505,12506,12505,1
2020-11-02,15:36:47.780000,12504,12505,12505,1
2020-11-02,15:36:49.552000,12505,12506,12505,2
2020-11-02,15:36:49.553000,12505,12506,12505,7
2020-11-02,15:36:50.422000,12505,12506,12505,1
2020-11-02,15:36:52.232000,12504,12506,12504,2
2020-11-02,15:37:09.340000,12505,12506,12505,1
2020-11-02,15:37:15.341000,12505,12506,12505,2
2020-11-02,15:37:19.302000,12504,12505,12505,1
2020-11-02,15:37:21.809000,12505,12506,12506,1
2020-11-02,15:37:21.809000,12505,12506,12506,1
2020-11-02,15:37:21.809000,12505,12506,12506,2
2020-11-02,15:37:21.809000,12505,12506,12506,2
2020-11-02,15:37:27.537000,12505,12507,12505,1
2020-11-02,15:37:33.102000,12506,12507,12506,2
2020-11-02,15:37:33.570000,12506,12507,12507,1
2020-11-02,15:37:35.921000,12507,12508,12507,4
2020-11-02,15:37:41.465000,12506,12507,12507,17
2020-11-02,15:37:41.719000,12507,12508,12508,1
2020-11-02,15:37:41.719000,12507,12508,12508,1
2020-11-02,15:37:43.084000,12508,12509,12509,2
2020-11-02,15:37:43.084000,12508,12509,12510,3
2020-11-02,15:37:50.357000,12508,12510,12510,1
2020-11-02,15:38:00.318000,12509,12510,12509,1
2020-11-02,15:38:00.318000,12509,12510,12509,1
2020-11-02,15:38:01.932000,12508,12510,12510,1
2020-11-02,15:38:17.629000,12508,12509,12509,1
2020-11-02,15:38:19.259000,12509,12510,12509,1
2020-11-02,15:38:19.259000,12509,12510,12509,1
2020-11-02,15:38:25.140000,12508,12510,12508,2
2020-11-02,15:38:26.845000,12509,12510,12510,1
2020-11-02,15:38:27.530000,12509,12510,12510,1
2020-11-02,15:38:39.015000,12509,12510,12509,1
2020-11-02,15:38:39.891000,12508,12510,12510,1
2020-11-02,15:39:06.106000,12507,12509,12507,1
2020-11-02,15:39:16.426000,12508,12509,12509,4
2020-11-02,15:39:16.426000,12508,12509,12509,1
2020-11-02,15:39:16.741000,12509,12510,12510,3
2020-11-02,15:39:22.111000,12510,12511,12511,1
2020-11-02,15:39:22.111000,12510,12511,12511,1
2020-11-02,15:39:22.111000,12510,12511,12511,2
2020-11-02,15:39:22.111000,12510,12511,12511,1
2020-11-02,15:39:22.111000,12510,12511,12511,4
2020-11-02,15:39:26.895000,12511,12512,12511,1
2020-11-02,15:39:28.153000,12511,12512,12512,2
2020-11-02,15:39:28.153000,12511,12512,12512,1
2020-11-02,15:39:28.153000,12511,12512,12512,2
2020-11-02,15:39:28.153000,12511,12512,12512,9
2020-11-02,15:39:28.153000,12511,12512,12512,1
2020-11-02,15:39:35.383000,12512,12513,12512,1
2020-11-02,15:39:39.155000,12512,12513,12513,1
2020-11-02,15:39:44.314000,12512,12513,12512,3
2020-11-02,15:39:44.976000,12512,12513,12512,1
2020-11-02,15:39:44.982000,12512,12513,12513,2
2020-11-02,15:39:56.218000,12512,12513,12512,1
2020-11-02,15:39:58.649000,12512,12513,12512,1
2020-11-02,15:39:58.649000,12512,12513,12512,1
2020-11-02,15:39:58.649000,12512,12513,12512,1
2020-11-02,15:39:58.649000,12512,12513,12512,1
2020-11-02,15:39:58.803000,12511,12512,12511,2
2020-11-02,15:40:01.537000,12510,12511,12511,1
2020-11-02,15:40:01.846000,12510,12511,12511,1
2020-11-02,15:40:01.851000,12510,12511,12511,1
2020-11-02,15:40:03.164000,12510,12511,12510,2
2020-11-02,15:40:05.341000,12509,12511,12509,2
2020-11-02,15:40:15.443000,12509,12510,12509,7
2020-11-02,15:40:21.287000,12508,12509,12509,1
2020-11-02,15:40:23.002000,12508,12509,12509,1
2020-11-02,15:40:28.941000,12509,12511,12511,1
2020-11-02,15:40:30.590000,12509,12511,12511,1
2020-11-02,15:40:32.151000,12509,12510,12509,1
2020-11-02,15:40:44.990000,12509,12511,12509,10
2020-11-02,15:40:54.140000,12509,12510,12510,4
2020-11-02,15:40:54.411000,12510,12511,12511,2
2020-11-02,15:40:57.241000,12511,12512,12511,2
2020-11-02,15:41:04.581000,12510,12511,12511,1
2020-11-02,15:41:04.581000,12510,12511,12511,3
2020-11-02,15:41:04.865000,12510,12512,12512,1
2020-11-02,15:41:12.181000,12511,12512,12511,2
2020-11-02,15:41:18.038000,12511,12512,12511,1
2020-11-02,15:41:21.322000,12511,12512,12511,1
2020-11-02,15:41:22.262000,12510,12511,12511,1
2020-11-02,15:41:38.803000,12510,12511,12511,1
2020-11-02,15:41:41.606000,12511,12512,12511,1
2020-11-02,15:41:50.188000,12511,12512,12512,7
2020-11-02,15:41:54.584000,12512,12513,12513,1
2020-11-02,15:41:56.321000,12512,12513,12512,4
2020-11-02,15:41:56.322000,12512,12513,12512,4
2020-11-02,15:42:03.991000,12511,12512,12511,1
2020-11-02,15:42:20.323000,12511,12512,12512,3
2020-11-02,15:42:27.675000,12512,12513,12512,1
2020-11-02,15:42:27.675000,12512,12513,12512,2
2020-11-02,15:42:27.675000,12512,12513,12512,3
2020-11-02,15:42:36.439000,12511,12512,12512,1
2020-11-02,15:42:42.172000,12512,12513,12513,9
2020-11-02,15:42:42.173000,12512,12513,12513,2
2020-11-02,15:42:42.173000,12512,12513,12513,1
2020-11-02,15:42:50.619000,12513,12514,12513,1
2020-11-02,15:42:53.555000,12513,12514,12513,2
2020-11-02,15:42:53.831000,12513,12514,12514,1
2020-11-02,15:42:53.858000,12513,12514,12514,9
2020-11-02,15:42:53.859000,12513,12514,12514,4
2020-11-02,15:42:53.859000,12513,12514,12514,3
2020-11-02,15:42:53.910000,12514,12515,12515,5
2020-11-02,15:42:54.071000,12514,12515,12515,1
2020-11-02,15:42:54.230000,12514,12515,12515,1
2020-11-02,15:42:54.231000,12514,12515,12515,2
2020-11-02,15:42:54.231000,12514,12515,12515,23
2020-11-02,15:42:54.232000,12514,12515,12515,4
2020-11-02,15:42:54.232000,12514,12515,12515,5
2020-11-02,15:42:54.232000,12514,12515,12515,5
2020-11-02,15:42:54.232000,12514,12515,12515,2
2020-11-02,15:42:54.607000,12514,12516,12516,4
2020-11-02,15:42:54.770000,12514,12516,12516,1
2020-11-02,15:42:54.890000,12514,12516,12516,1
2020-11-02,15:42:55.480000,12514,12516,12516,1
2020-11-02,15:42:57.392000,12514,12516,12516,1
2020-11-02,15:42:59.409000,12514,12515,12515,1
2020-11-02,15:42:59.833000,12514,12515,12514,1
2020-11-02,15:42:59.833000,12514,12515,12514,5
2020-11-02,15:42:59.833000,12514,12515,12514,1
2020-11-02,15:43:01.487000,12513,12514,12514,1
2020-11-02,15:43:10.657000,12513,12514,12514,1
2020-11-02,15:43:10.664000,12513,12514,12513,2
2020-11-02,15:43:10.825000,12513,12514,12514,1
2020-11-02,15:43:10.970000,12513,12514,12514,1
2020-11-02,15:43:17.880000,12513,12514,12513,6
2020-11-02,15:43:18.547000,12512,12513,12513,1
2020-11-02,15:43:21.416000,12512,12513,12513,1
2020-11-02,15:43:21.689000,12512,12513,12513,1
2020-11-02,15:43:30.304000,12513,12514,12513,8
2020-11-02,15:43:30.918000,12512,12513,12513,1
2020-11-02,15:43:35.293000,12512,12513,12512,2
2020-11-02,15:43:46.842000,12511,12512,12511,1
2020-11-02,15:43:49.586000,12511,12512,12511,1
2020-11-02,15:43:55.021000,12511,12512,12511,6
2020-11-02,15:44:04.941000,12510,12511,12510,2
2020-11-02,15:44:05.275000,12510,12511,12511,1
2020-11-02,15:44:09.946000,12510,12511,12510,4
2020-11-02,15:44:09.946000,12510,12511,12510,2
2020-11-02,15:44:09.946000,12510,12511,12510,4
2020-11-02,15:44:13.678000,12509,12510,12509,3
2020-11-02,15:44:13.679000,12509,12510,12509,23
2020-11-02,15:44:15.176000,12508,12509,12508,3
2020-11-02,15:44:15.176000,12508,12509,12508,2
2020-11-02,15:44:15.176000,12508,12509,12508,1
2020-11-02,15:44:15.202000,12508,12509,12508,1
2020-11-02,15:44:15.227000,12508,12509,12508,1
2020-11-02,15:44:15.252000,12508,12509,12508,1
2020-11-02,15:44:15.278000,12508,12509,12508,1
2020-11-02,15:44:15.285000,12507,12508,12508,1
2020-11-02,15:44:15.327000,12507,12508,12508,2
2020-11-02,15:44:15.864000,12508,12509,12508,1
2020-11-02,15:44:17.389000,12508,12509,12508,1
2020-11-02,15:44:19.898000,12507,12508,12508,2
2020-11-02,15:44:20.071000,12507,12508,12508,1
2020-11-02,15:44:20.824000,12507,12508,12508,1
2020-11-02,15:44:21.329000,12507,12508,12507,1
2020-11-02,15:44:23.296000,12507,12508,12507,6
2020-11-02,15:44:25.436000,12507,12508,12508,1
2020-11-02,15:44:26.553000,12507,12508,12508,1
2020-11-02,15:44:32.455000,12508,12510,12508,3
2020-11-02,15:44:33.222000,12508,12510,12508,3
2020-11-02,15:44:35.584000,12509,12510,12509,1
2020-11-02,15:44:37.130000,12509,12510,12510,1
2020-11-02,15:44:44.686000,12509,12511,12511,1
2020-11-02,15:44:44.775000,12509,12511,12509,1
2020-11-02,15:44:48.752000,12510,12511,12510,1
2020-11-02,15:44:49.219000,12510,12511,12511,2
2020-11-02,15:44:53.814000,12511,12512,12511,1
2020-11-02,15:44:56.513000,12511,12512,12511,1
2020-11-02,15:44:57.521000,12511,12512,12512,3
2020-11-02,15:45:02.380000,12511,12512,12511,3
2020-11-02,15:45:03.023000,12511,12512,12511,1
2020-11-02,15:45:13.118000,12511,12512,12512,1
2020-11-02,15:45:14.049000,12511,12512,12511,1
2020-11-02,15:45:14.049000,12511,12512,12511,1
2020-11-02,15:45:17.592000,12511,12512,12511,1
2020-11-02,15:45:20.276000,12511,12512,12511,2
2020-11-02,15:45:29.025000,12510,12511,12510,1
2020-11-02,15:45:46.978000,12509,12510,12510,3
2020-11-02,15:45:47.036000,12509,12511,12511,1
2020-11-02,15:45:47.037000,12509,12511,12511,1
2020-11-02,15:45:47.039000,12509,12511,12511,1
2020-11-02,15:45:47.039000,12509,12511,12511,1
2020-11-02,15:45:47.041000,12509,12511,12511,1
2020-11-02,15:45:47.041000,12509,12511,12511,1
2020-11-02,15:45:47.041000,12509,12511,12511,1
2020-11-02,15:45:47.042000,12509,12511,12512,1
2020-11-02,15:45:47.042000,12509,12511,12512,1
2020-11-02,15:45:49.642000,12511,12512,12512,8
2020-11-02,15:45:52.143000,12512,12513,12513,1
2020-11-02,15:45:52.143000,12512,12513,12513,1
2020-11-02,15:45:55.292000,12513,12514,12514,7
2020-11-02,15:45:55.869000,12514,12515,12515,2
2020-11-02,15:45:55.870000,12514,12515,12515,14
2020-11-02,15:45:58.462000,12515,12516,12516,1
2020-11-02,15:45:58.462000,12515,12516,12516,4
2020-11-02,15:45:58.462000,12515,12516,12516,8
2020-11-02,15:45:58.463000,12515,12516,12516,1
2020-11-02,15:45:58.463000,12515,12516,12516,2
2020-11-02,15:45:58.606000,12516,12517,12516,2
2020-11-02,15:45:58.646000,12516,12517,12517,1
2020-11-02,15:45:58.703000,12516,12517,12517,1
2020-11-02,15:45:59.390000,12516,12517,12517,1
2020-11-02,15:46:02.553000,12516,12517,12517,1
2020-11-02,15:46:03.004000,12516,12517,12517,1
2020-11-02,15:46:03.016000,12516,12517,12517,1
2020-11-02,15:46:03.017000,12516,12517,12517,3
2020-11-02,15:46:03.017000,12516,12517,12517,1
2020-11-02,15:46:05.094000,12517,12518,12518,1
2020-11-02,15:46:05.374000,12517,12518,12517,1
2020-11-02,15:46:05.414000,12517,12518,12517,1
2020-11-02,15:46:06.245000,12516,12517,12516,2
2020-11-02,15:46:06.822000,12515,12517,12517,1
2020-11-02,15:46:07.224000,12515,12517,12517,3
2020-11-02,15:46:07.318000,12516,12517,12516,1
2020-11-02,15:46:08.587000,12516,12518,12517,1
2020-11-02,15:46:08.963000,12516,12518,12516,1
2020-11-02,15:46:12.685000,12517,12518,12518,1
2020-11-02,15:46:13.117000,12517,12518,12517,1
2020-11-02,15:46:14.590000,12517,12518,12517,3
2020-11-02,15:46:18.588000,12516,12517,12517,1
2020-11-02,15:46:20.292000,12516,12517,12517,1
2020-11-02,15:46:22.045000,12516,12517,12517,2
2020-11-02,15:46:22.914000,12516,12517,12516,1
2020-11-02,15:46:22.914000,12516,12517,12516,1
2020-11-02,15:46:22.915000,12516,12517,12516,3
2020-11-02,15:46:25.450000,12515,12517,12517,1
2020-11-02,15:46:27.533000,12516,12517,12517,1
2020-11-02,15:46:27.843000,12516,12517,12517,1
2020-11-02,15:46:28.067000,12516,12517,12516,2
2020-11-02,15:46:28.161000,12515,12516,12515,1
2020-11-02,15:46:28.162000,12515,12516,12515,1
2020-11-02,15:46:28.163000,12515,12516,12514,1
2020-11-02,15:46:28.164000,12515,12516,12514,1
2020-11-02,15:46:28.165000,12515,12516,12514,1
2020-11-02,15:46:28.165000,12515,12516,12514,1
2020-11-02,15:46:29.684000,12514,12515,12515,2
2020-11-02,15:46:30.922000,12514,12515,12514,1
2020-11-02,15:46:39.196000,12514,12515,12514,1
2020-11-02,15:46:43.702000,12512,12514,12512,2
2020-11-02,15:46:45.309000,12513,12514,12514,1
2020-11-02,15:46:45.549000,12513,12514,12514,1
2020-11-02,15:46:48.977000,12514,12515,12515,1
2020-11-02,15:46:48.978000,12514,12515,12515,4
2020-11-02,15:46:49.359000,12514,12516,12514,1
2020-11-02,15:47:06.138000,12515,12516,12515,1
2020-11-02,15:47:06.138000,12515,12516,12515,2
2020-11-02,15:47:06.138000,12515,12516,12515,1
2020-11-02,15:47:06.138000,12515,12516,12515,1
2020-11-02,15:47:06.138000,12515,12516,12515,3
2020-11-02,15:47:12.174000,12514,12515,12515,1
2020-11-02,15:47:14.361000,12514,12515,12515,1
2020-11-02,15:47:28.212000,12515,12516,12515,1
2020-11-02,15:47:28.468000,12515,12516,12515,1
2020-11-02,15:47:29.084000,12515,12516,12515,1
2020-11-02,15:47:46.361000,12515,12516,12515,1
2020-11-02,15:47:54.755000,12515,12516,12515,1
2020-11-02,15:47:56.918000,12515,12516,12515,2
2020-11-02,15:48:02.449000,12514,12515,12515,1
2020-11-02,15:48:02.948000,12514,12515,12515,1
2020-11-02,15:48:06.068000,12514,12515,12515,2
2020-11-02,15:48:06.115000,12514,12515,12515,1
2020-11-02,15:48:15.008000,12515,12516,12516,3
2020-11-02,15:48:21.947000,12515,12516,12515,1
2020-11-02,15:48:36.894000,12515,12516,12516,4
2020-11-02,15:48:36.894000,12515,12516,12517,3
2020-11-02,15:48:40.599000,12516,12517,12517,1
2020-11-02,15:48:46.560000,12516,12517,12516,1
2020-11-02,15:48:47.055000,12516,12517,12517,1
2020-11-02,15:48:52.456000,12516,12517,12516,1
2020-11-02,15:49:00.199000,12516,12517,12516,1
2020-11-02,15:49:00.475000,12516,12517,12516,4
2020-11-02,15:49:00.476000,12516,12517,12516,19
2020-11-02,15:49:01.417000,12515,12516,12516,1
2020-11-02,15:49:19.058000,12515,12516,12516,1
2020-11-02,15:49:20.960000,12516,12517,12516,1
2020-11-02,15:49:23.876000,12516,12517,12517,4
2020-11-02,15:49:23.876000,12516,12517,12517,2
2020-11-02,15:49:23.877000,12516,12517,12517,1
2020-11-02,15:49:23.877000,12516,12517,12517,3
2020-11-02,15:49:24.421000,12517,12518,12517,1
2020-11-02,15:49:30.072000,12516,12517,12517,3
2020-11-02,15:49:31.182000,12516,12517,12517,3
2020-11-02,15:49:33.850000,12516,12517,12517,1
2020-11-02,15:49:33.850000,12516,12517,12517,15
2020-11-02,15:49:33.879000,12516,12517,12518,14
2020-11-02,15:49:33.879000,12516,12517,12518,2
2020-11-02,15:49:33.966000,12517,12519,12519,10
2020-11-02,15:49:33.966000,12517,12519,12519,5
2020-11-02,15:49:33.966000,12517,12519,12520,5
2020-11-02,15:49:34.073000,12519,12520,12520,1
2020-11-02,15:49:34.085000,12519,12520,12520,1
2020-11-02,15:49:34.091000,12519,12520,12520,1
2020-11-02,15:49:34.163000,12519,12520,12520,2
2020-11-02,15:49:34.194000,12519,12520,12520,5
2020-11-02,15:49:34.194000,12519,12520,12520,3
2020-11-02,15:49:34.194000,12519,12520,12520,9
2020-11-02,15:49:35.207000,12520,12521,12519,1
2020-11-02,15:49:41.114000,12518,12519,12519,1
2020-11-02,15:49:44.581000,12519,12520,12520,1
2020-11-02,15:49:44.937000,12520,12521,12521,1
2020-11-02,15:49:45.170000,12520,12521,12521,1
2020-11-02,15:49:45.333000,12520,12521,12521,1
2020-11-02,15:49:45.854000,12520,12521,12521,5
2020-11-02,15:49:45.854000,12520,12521,12521,4
2020-11-02,15:49:45.855000,12520,12521,12521,1
2020-11-02,15:49:45.855000,12520,12521,12521,9
2020-11-02,15:49:47.441000,12521,12522,12522,2
2020-11-02,15:49:47.557000,12521,12522,12522,5
2020-11-02,15:49:47.562000,12521,12522,12522,1
2020-11-02,15:49:47.644000,12521,12522,12522,1
2020-11-02,15:49:49.108000,12521,12523,12523,1
2020-11-02,15:49:49.248000,12521,12523,12523,1
2020-11-02,15:49:49.420000,12521,12523,12523,4
2020-11-02,15:49:49.499000,12521,12523,12522,5
2020-11-02,15:49:49.806000,12522,12523,12523,2
2020-11-02,15:49:51.418000,12521,12522,12522,1
2020-11-02,15:49:52.224000,12521,12522,12522,1
2020-11-02,15:49:52.393000,12521,12522,12522,1
2020-11-02,15:49:52.393000,12521,12522,12523,1
2020-11-02,15:49:53.237000,12521,12522,12522,1
2020-11-02,15:49:53.812000,12522,12523,12523,1
2020-11-02,15:49:54.064000,12522,12523,12523,1
2020-11-02,15:49:57.485000,12522,12523,12523,1
2020-11-02,15:49:58.974000,12522,12523,12523,1
2020-11-02,15:49:59.235000,12522,12523,12523,1
2020-11-02,15:49:59.282000,12522,12523,12523,1
2020-11-02,15:49:59.776000,12522,12523,12522,2
2020-11-02,15:49:59.776000,12522,12523,12522,1
2020-11-02,15:50:00.269000,12521,12522,12522,2
2020-11-02,15:50:00.808000,12521,12522,12522,2
2020-11-02,15:50:01.261000,12521,12522,12522,1
2020-11-02,15:50:01.307000,12521,12522,12522,1
2020-11-02,15:50:01.349000,12521,12522,12522,1
2020-11-02,15:50:03.267000,12522,12523,12523,1
2020-11-02,15:50:03.301000,12522,12523,12523,2
2020-11-02,15:50:03.339000,12522,12523,12523,1
2020-11-02,15:50:03.383000,12522,12523,12523,1
2020-11-02,15:50:03.654000,12523,12524,12524,4
2020-11-02,15:50:03.788000,12523,12525,12524,1
2020-11-02,15:50:03.842000,12523,12525,12524,1
2020-11-02,15:50:03.842000,12523,12525,12525,1
2020-11-02,15:50:04.320000,12523,12525,12525,1
2020-11-02,15:50:08.565000,12524,12525,12525,1
2020-11-02,15:50:09.105000,12524,12525,12525,1
2020-11-02,15:50:10.873000,12524,12525,12524,1
2020-11-02,15:50:10.997000,12523,12524,12524,2
2020-11-02,15:50:14.720000,12523,12525,12525,3
2020-11-02,15:50:15.109000,12523,12525,12525,5
2020-11-02,15:50:15.239000,12523,12525,12525,1
2020-11-02,15:50:15.261000,12523,12525,12525,1
2020-11-02,15:50:15.407000,12523,12525,12525,1
2020-11-02,15:50:15.650000,12523,12525,12525,1
2020-11-02,15:50:17.751000,12523,12524,12524,1
2020-11-02,15:50:21.144000,12523,12524,12523,4
2020-11-02,15:50:21.145000,12523,12524,12523,1
2020-11-02,15:50:21.748000,12522,12523,12523,1
2020-11-02,15:50:21.879000,12522,12523,12523,2
2020-11-02,15:50:23.984000,12522,12523,12523,1
2020-11-02,15:50:27.162000,12522,12523,12523,2
2020-11-02,15:50:27.548000,12522,12523,12523,1
2020-11-02,15:50:30.876000,12522,12523,12523,1
2020-11-02,15:50:32.171000,12522,12523,12523,1
2020-11-02,15:50:38.703000,12522,12523,12523,4
2020-11-02,15:50:38.703000,12522,12523,12524,1
2020-11-02,15:50:39.023000,12523,12524,12523,4
2020-11-02,15:50:39.036000,12522,12523,12523,5
2020-11-02,15:50:39.131000,12522,12523,12523,1
2020-11-02,15:50:39.131000,12522,12523,12524,1
2020-11-02,15:50:43.030000,12522,12523,12522,1
2020-11-02,15:50:43.453000,12522,12523,12523,1
2020-11-02,15:50:44.263000,12522,12523,12523,1
2020-11-02,15:50:47.954000,12522,12523,12523,1
2020-11-02,15:50:48.125000,12522,12523,12523,1
2020-11-02,15:50:48.368000,12522,12523,12523,2
2020-11-02,15:50:49.273000,12522,12523,12522,2
2020-11-02,15:50:49.274000,12522,12523,12522,2
2020-11-02,15:50:49.274000,12522,12523,12522,18
2020-11-02,15:50:49.274000,12522,12523,12522,1
2020-11-02,15:50:51.838000,12521,12522,12521,1
2020-11-02,15:50:56.382000,12520,12521,12521,1
2020-11-02,15:50:59.148000,12520,12522,12521,1
2020-11-02,15:51:06.338000,12521,12522,12521,1
2020-11-02,15:51:06.663000,12520,12522,12522,1
2020-11-02,15:51:11.799000,12520,12522,12520,2
2020-11-02,15:51:13.205000,12520,12522,12522,1
2020-11-02,15:51:17.926000,12520,12522,12520,2
2020-11-02,15:51:18.685000,12520,12522,12520,2
2020-11-02,15:51:18.827000,12520,12522,12522,11
2020-11-02,15:51:18.828000,12520,12522,12522,4
2020-11-02,15:51:20.274000,12521,12523,12521,1
2020-11-02,15:51:27.501000,12520,12522,12522,1
2020-11-02,15:51:35.475000,12521,12522,12521,1
2020-11-02,15:51:38.665000,12521,12522,12522,1
2020-11-02,15:51:52.425000,12521,12522,12521,1
2020-11-02,15:51:52.949000,12521,12522,12522,6
2020-11-02,15:52:06.408000,12522,12523,12522,3
2020-11-02,15:52:07.366000,12522,12523,12522,1
2020-11-02,15:52:11.936000,12521,12522,12522,2
2020-11-02,15:52:13.058000,12522,12523,12523,10
2020-11-02,15:52:13.059000,12522,12523,12523,2
2020-11-02,15:52:14.297000,12523,12524,12524,4
2020-11-02,15:52:14.297000,12523,12524,12524,4
2020-11-02,15:52:14.297000,12523,12524,12524,3
2020-11-02,15:52:14.297000,12523,12524,12524,1
2020-11-02,15:52:29.304000,12524,12525,12524,1
2020-11-02,15:52:30.940000,12524,12525,12524,2
2020-11-02,15:52:31.664000,12522,12524,12522,1
2020-11-02,15:52:32.259000,12522,12524,12524,1
2020-11-02,15:52:33.466000,12522,12524,12522,1
2020-11-02,15:52:40.525000,12522,12524,12524,5
2020-11-02,15:52:40.768000,12522,12524,12523,4
2020-11-02,15:52:40.768000,12522,12524,12524,1
2020-11-02,15:52:44.287000,12522,12523,12522,4
2020-11-02,15:52:48.612000,12521,12523,12523,1
2020-11-02,15:52:56.481000,12521,12522,12522,1
2020-11-02,15:52:57.059000,12521,12522,12522,1
2020-11-02,15:52:58.984000,12522,12523,12523,1
2020-11-02,15:53:04.482000,12522,12523,12522,1
2020-11-02,15:53:05.118000,12521,12523,12523,1
2020-11-02,15:53:05.676000,12521,12523,12523,2
2020-11-02,15:53:12.823000,12521,12523,12523,1
2020-11-02,15:53:13.645000,12522,12523,12522,1
2020-11-02,15:53:20.105000,12522,12523,12522,1
2020-11-02,15:53:21.612000,12522,12523,12522,1
2020-11-02,15:53:21.744000,12522,12523,12522,1
2020-11-02,15:53:23.277000,12522,12523,12523,4
2020-11-02,15:53:24.139000,12523,12524,12523,1
2020-11-02,15:53:28.944000,12523,12524,12523,1
2020-11-02,15:53:42.010000,12522,12523,12523,1
2020-11-02,15:53:45.861000,12522,12523,12523,3
2020-11-02,15:53:53.436000,12522,12523,12522,4
2020-11-02,15:54:02.273000,12521,12522,12522,4
2020-11-02,15:54:02.273000,12521,12522,12523,18
2020-11-02,15:54:02.273000,12521,12522,12524,13
2020-11-02,15:54:02.275000,12521,12522,12522,1
2020-11-02,15:54:02.275000,12521,12522,12522,2
2020-11-02,15:54:02.671000,12522,12523,12523,1
2020-11-02,15:54:05.730000,12522,12524,12524,1
2020-11-02,15:54:08.454000,12524,12525,12525,5
2020-11-02,15:54:08.695000,12524,12525,12525,1
2020-11-02,15:54:09.383000,12523,12525,12525,1
2020-11-02,15:54:12.464000,12523,12525,12525,1
2020-11-02,15:54:15.228000,12524,12525,12525,1
2020-11-02,15:54:16.654000,12524,12525,12524,1
2020-11-02,15:54:22.432000,12522,12524,12522,1
2020-11-02,15:54:23.794000,12522,12524,12524,1
2020-11-02,15:54:31.435000,12522,12524,12524,1
2020-11-02,15:54:36.348000,12522,12524,12524,3
2020-11-02,15:54:37.845000,12522,12523,12523,3
2020-11-02,15:54:39.643000,12522,12523,12522,2
2020-11-02,15:54:47.549000,12522,12523,12523,3
2020-11-02,15:54:47.560000,12522,12523,12523,1
2020-11-02,15:54:55.004000,12522,12523,12522,2
2020-11-02,15:54:57.577000,12522,12523,12523,1
2020-11-02,15:54:57.577000,12522,12523,12523,1
2020-11-02,15:54:57.959000,12522,12523,12523,4
2020-11-02,15:54:57.960000,12522,12523,12523,5
2020-11-02,15:54:58.111000,12523,12524,12523,1
2020-11-02,15:54:58.533000,12523,12524,12523,1
2020-11-02,15:55:05.259000,12522,12523,12523,1
2020-11-02,15:55:07.257000,12522,12523,12523,1
2020-11-02,15:55:11.842000,12522,12523,12522,4
2020-11-02,15:55:11.842000,12522,12523,12522,2
2020-11-02,15:55:13.219000,12521,12522,12522,1
2020-11-02,15:55:14.196000,12521,12522,12522,1
2020-11-02,15:55:17.486000,12521,12522,12521,1
2020-11-02,15:55:17.692000,12521,12522,12522,1
2020-11-02,15:55:17.788000,12521,12523,12523,1
2020-11-02,15:55:21.140000,12521,12523,12523,1
2020-11-02,15:55:22.635000,12521,12523,12521,3
2020-11-02,15:55:25.682000,12522,12523,12522,1
2020-11-02,15:55:38.374000,12522,12523,12523,1
2020-11-02,15:55:38.376000,12522,12523,12524,1
2020-11-02,15:55:57.684000,12522,12523,12523,6
2020-11-02,15:55:59.325000,12522,12523,12523,1
2020-11-02,15:56:00.704000,12522,12523,12522,4
2020-11-02,15:56:02.227000,12521,12522,12522,3
2020-11-02,15:56:04.867000,12521,12522,12521,4
2020-11-02,15:56:04.867000,12521,12522,12521,4
2020-11-02,15:56:05.978000,12520,12521,12520,2
2020-11-02,15:56:08.394000,12520,12521,12520,1
2020-11-02,15:56:11.159000,12520,12521,12520,5
2020-11-02,15:56:11.287000,12520,12521,12521,1
2020-11-02,15:56:11.287000,12520,12521,12521,1
2020-11-02,15:56:11.288000,12520,12521,12522,1
2020-11-02,15:56:11.289000,12520,12521,12522,1
2020-11-02,15:56:11.290000,12520,12521,12522,1
2020-11-02,15:56:11.290000,12520,12521,12523,1
2020-11-02,15:56:12.012000,12521,12523,12523,1
2020-11-02,15:56:12.544000,12521,12523,12523,1
2020-11-02,15:56:14.412000,12522,12523,12523,1
2020-11-02,15:56:15.192000,12523,12524,12523,1
2020-11-02,15:56:16.074000,12523,12524,12523,2
2020-11-02,15:56:16.471000,12523,12524,12523,1
2020-11-02,15:56:16.789000,12523,12524,12523,1
2020-11-02,15:56:28.699000,12523,12524,12523,4
2020-11-02,15:56:28.904000,12522,12523,12523,1
2020-11-02,15:56:33.101000,12523,12524,12523,1
2020-11-02,15:56:34.074000,12523,12524,12523,1
2020-11-02,15:56:36.954000,12523,12524,12523,1
2020-11-02,15:56:39.800000,12523,12524,12524,1
2020-11-02,15:56:48.661000,12523,12524,12523,1
2020-11-02,15:56:49.730000,12522,12524,12524,15
2020-11-02,15:56:51.999000,12523,12524,12524,2
2020-11-02,15:56:52.007000,12523,12524,12524,8
2020-11-02,15:56:54.839000,12524,12525,12524,1
2020-11-02,15:57:04.884000,12523,12524,12524,1
2020-11-02,15:57:04.884000,12523,12524,12524,2
2020-11-02,15:57:10.346000,12524,12525,12525,1
2020-11-02,15:57:10.519000,12524,12525,12525,1
2020-11-02,15:57:12.349000,12524,12525,12525,2
2020-11-02,15:57:12.967000,12525,12526,12525,1
2020-11-02,15:57:19.474000,12524,12525,12524,1
2020-11-02,15:57:20.184000,12524,12525,12525,1
2020-11-02,15:57:23.674000,12525,12526,12525,1
2020-11-02,15:57:25.494000,12525,12526,12526,1
2020-11-02,15:57:25.542000,12525,12526,12526,6
2020-11-02,15:57:25.542000,12525,12526,12526,1
2020-11-02,15:57:25.849000,12526,12527,12527,1
2020-11-02,15:57:26.017000,12526,12527,12527,1
2020-11-02,15:57:26.044000,12526,12527,12527,1
2020-11-02,15:57:26.170000,12526,12527,12527,2
2020-11-02,15:57:26.398000,12526,12527,12527,1
2020-11-02,15:57:26.723000,12525,12527,12527,1
2020-11-02,15:57:26.752000,12525,12527,12527,1
2020-11-02,15:57:26.801000,12525,12527,12527,1
2020-11-02,15:57:26.824000,12525,12527,12527,1
2020-11-02,15:57:26.825000,12525,12527,12527,1
2020-11-02,15:57:26.837000,12525,12527,12527,1
2020-11-02,15:57:26.841000,12525,12527,12528,1
2020-11-02,15:57:26.861000,12525,12527,12528,1
2020-11-02,15:57:26.864000,12525,12527,12528,1
2020-11-02,15:57:27.009000,12525,12528,12528,1
2020-11-02,15:57:27.200000,12525,12527,12527,1
2020-11-02,15:57:27.451000,12525,12527,12527,1
2020-11-02,15:57:28.322000,12526,12528,12528,2
2020-11-02,15:57:28.677000,12526,12528,12528,1
2020-11-02,15:57:29.044000,12526,12528,12528,1
2020-11-02,15:57:29.748000,12527,12528,12527,2
2020-11-02,15:57:29.927000,12527,12528,12527,1
2020-11-02,15:57:29.963000,12527,12528,12527,1
2020-11-02,15:57:30.187000,12527,12528,12528,2
2020-11-02,15:57:30.556000,12527,12528,12528,1
2020-11-02,15:57:30.779000,12527,12528,12528,1
2020-11-02,15:57:31.149000,12527,12528,12527,1
2020-11-02,15:57:31.395000,12526,12527,12527,2
2020-11-02,15:57:31.429000,12526,12527,12527,1
2020-11-02,15:57:32.641000,12526,12528,12528,2
2020-11-02,15:57:32.756000,12526,12528,12528,1
2020-11-02,15:57:32.808000,12526,12528,12526,1
2020-11-02,15:57:34.115000,12526,12528,12528,3
2020-11-02,15:57:35.090000,12526,12528,12528,1
2020-11-02,15:57:40.680000,12526,12527,12526,1
2020-11-02,15:57:41.112000,12525,12526,12526,1
2020-11-02,15:57:43.012000,12525,12526,12526,2
2020-11-02,15:57:43.440000,12525,12527,12525,3
2020-11-02,15:57:45.611000,12526,12527,12526,1
2020-11-02,15:57:49.201000,12526,12527,12526,1
2020-11-02,15:57:51.350000,12525,12527,12525,1
2020-11-02,15:57:55.278000,12525,12526,12526,5
2020-11-02,15:58:02.431000,12525,12526,12526,3
2020-11-02,15:58:02.753000,12525,12526,12526,1
2020-11-02,15:58:03.200000,12525,12526,12525,1
2020-11-02,15:58:12.845000,12525,12526,12526,1
2020-11-02,15:58:20.477000,12525,12526,12526,1
2020-11-02,15:58:20.566000,12525,12526,12526,1
2020-11-02,15:58:21.526000,12525,12526,12525,1
2020-11-02,15:58:22.770000,12525,12526,12525,6
2020-11-02,15:58:26.582000,12524,12525,12525,1
2020-11-02,15:58:34.993000,12524,12525,12525,1
2020-11-02,15:58:37.404000,12524,12525,12525,3
2020-11-02,15:58:37.405000,12524,12525,12525,13
2020-11-02,15:58:37.405000,12524,12525,12525,4
2020-11-02,15:58:37.405000,12524,12525,12525,1
2020-11-02,15:58:37.404000,12524,12525,12525,1
2020-11-02,15:58:37.404000,12524,12525,12525,4
2020-11-02,15:58:37.926000,12525,12526,12525,1
2020-11-02,15:58:40.395000,12525,12526,12526,1
2020-11-02,15:58:40.396000,12525,12526,12526,1
2020-11-02,15:58:40.396000,12525,12526,12526,1
2020-11-02,15:58:40.630000,12526,12527,12527,6
2020-11-02,15:58:40.631000,12526,12527,12527,2
2020-11-02,15:58:40.631000,12526,12527,12527,1
2020-11-02,15:58:40.654000,12526,12527,12528,2
2020-11-02,15:58:40.654000,12526,12527,12528,1
2020-11-02,15:58:40.654000,12526,12527,12528,11
2020-11-02,15:58:40.715000,12528,12529,12528,4
2020-11-02,15:58:41.384000,12527,12528,12528,1
2020-11-02,15:58:41.384000,12527,12528,12528,1
2020-11-02,15:58:44.382000,12526,12528,12526,1
2020-11-02,15:58:50.231000,12526,12528,12528,1
2020-11-02,15:58:50.875000,12527,12528,12527,1
2020-11-02,15:58:52.352000,12526,12528,12528,1
2020-11-02,15:58:57.483000,12526,12527,12526,2
2020-11-02,15:58:57.854000,12525,12526,12525,1
2020-11-02,15:58:57.854000,12525,12526,12525,4
2020-11-02,15:58:57.854000,12525,12526,12525,5
2020-11-02,15:58:57.854000,12525,12526,12525,1
2020-11-02,15:58:59.953000,12524,12525,12525,2
2020-11-02,15:59:01.133000,12524,12525,12525,1
2020-11-02,15:59:02.135000,12524,12525,12524,5
2020-11-02,15:59:02.296000,12523,12524,12524,1
2020-11-02,15:59:02.325000,12523,12524,12524,3
2020-11-02,15:59:02.442000,12523,12524,12524,1
2020-11-02,15:59:04.281000,12523,12524,12523,2
2020-11-02,15:59:05.370000,12522,12523,12523,1
2020-11-02,15:59:05.707000,12522,12523,12523,1
2020-11-02,15:59:06.569000,12522,12523,12523,2
2020-11-02,15:59:12.103000,12523,12524,12524,1
2020-11-02,15:59:12.103000,12523,12524,12524,2
2020-11-02,15:59:12.419000,12523,12525,12525,1
2020-11-02,15:59:19.768000,12524,12525,12525,1
2020-11-02,15:59:22.835000,12524,12525,12525,1
2020-11-02,15:59:30.375000,12525,12526,12525,3
2020-11-02,15:59:42.422000,12524,12525,12525,1
2020-11-02,15:59:42.422000,12524,12525,12525,2
2020-11-02,15:59:42.423000,12524,12525,12525,1
2020-11-02,15:59:42.483000,12524,12525,12526,3
2020-11-02,15:59:42.526000,12524,12525,12526,1
2020-11-02,15:59:49.633000,12524,12526,12524,2
2020-11-02,15:59:53.459000,12524,12526,12526,1
2020-11-02,15:59:54.937000,12525,12526,12526,1
2020-11-02,16:00:00.242000,12526,12527,12526,2
2020-11-02,16:00:00.471000,12525,12527,12527,8
2020-11-02,16:00:00.471000,12525,12527,12528,2
2020-11-02,16:00:00.676000,12526,12527,12528,1
2020-11-02,16:00:00.695000,12526,12527,12528,1
2020-11-02,16:00:00.701000,12526,12527,12528,1
2020-11-02,16:00:00.799000,12526,12527,12527,1
2020-11-02,16:00:00.854000,12526,12527,12528,1
2020-11-02,16:00:00.860000,12526,12527,12528,1
2020-11-02,16:00:04.175000,12526,12527,12527,2
2020-11-02,16:00:04.640000,12527,12528,12528,2
2020-11-02,16:00:04.713000,12527,12528,12527,4
2020-11-02,16:00:04.805000,12526,12527,12527,1
2020-11-02,16:00:04.866000,12526,12527,12527,1
2020-11-02,16:00:07.457000,12527,12528,12528,5
2020-11-02,16:00:07.457000,12527,12528,12528,1
2020-11-02,16:00:07.457000,12527,12528,12528,4
2020-11-02,16:00:07.796000,12528,12529,12529,4
2020-11-02,16:00:07.796000,12528,12529,12529,3
2020-11-02,16:00:07.796000,12528,12529,12529,4
2020-11-02,16:00:07.796000,12528,12529,12529,8
2020-11-02,16:00:07.796000,12528,12529,12529,3
2020-11-02,16:00:08.675000,12529,12530,12530,1
2020-11-02,16:00:08.786000,12529,12530,12530,1
2020-11-02,16:00:08.804000,12529,12530,12530,40
2020-11-02,16:00:08.804000,12529,12530,12530,1
2020-11-02,16:00:08.808000,12529,12530,12531,1
2020-11-02,16:00:08.857000,12529,12530,12531,2
2020-11-02,16:00:08.919000,12530,12531,12531,1
2020-11-02,16:00:08.965000,12530,12531,12531,1
2020-11-02,16:00:08.977000,12530,12531,12532,1
2020-11-02,16:00:08.988000,12530,12531,12532,1
2020-11-02,16:00:09.001000,12530,12531,12532,2
2020-11-02,16:00:09.009000,12530,12531,12532,2
2020-11-02,16:00:09.044000,12530,12532,12532,2
2020-11-02,16:00:09.051000,12530,12532,12532,2
2020-11-02,16:00:09.053000,12530,12532,12532,2
2020-11-02,16:00:09.056000,12530,12532,12532,1
2020-11-02,16:00:09.077000,12530,12532,12532,3
2020-11-02,16:00:09.079000,12530,12532,12532,2
2020-11-02,16:00:09.084000,12530,12532,12530,1
2020-11-02,16:00:09.085000,12530,12532,12532,1
2020-11-02,16:00:09.129000,12530,12532,12532,1
2020-11-02,16:00:09.133000,12530,12532,12532,3
2020-11-02,16:00:09.170000,12530,12532,12532,1
2020-11-02,16:00:09.175000,12530,12532,12532,1
2020-11-02,16:00:09.183000,12530,12532,12532,1
2020-11-02,16:00:09.206000,12530,12532,12532,5
2020-11-02,16:00:09.211000,12530,12532,12533,1
2020-11-02,16:00:09.226000,12530,12532,12533,5
2020-11-02,16:00:09.235000,12530,12532,12533,1
2020-11-02,16:00:09.261000,12530,12532,12533,1
2020-11-02,16:00:09.275000,12530,12532,12533,3
2020-11-02,16:00:09.277000,12530,12532,12532,6
2020-11-02,16:00:09.316000,12532,12533,12533,1
2020-11-02,16:00:09.317000,12532,12533,12533,5
2020-11-02,16:00:09.317000,12532,12533,12533,2
2020-11-02,16:00:09.317000,12532,12533,12533,16
2020-11-02,16:00:09.318000,12532,12533,12533,1
2020-11-02,16:00:09.318000,12532,12533,12533,3
2020-11-02,16:00:09.320000,12532,12533,12534,1
2020-11-02,16:00:09.322000,12532,12533,12534,1
2020-11-02,16:00:09.326000,12532,12533,12534,1
2020-11-02,16:00:09.349000,12532,12533,12534,1
2020-11-02,16:00:09.350000,12532,12533,12534,1
2020-11-02,16:00:09.352000,12532,12533,12534,1
2020-11-02,16:00:09.355000,12532,12533,12534,1
2020-11-02,16:00:09.361000,12532,12533,12534,1
2020-11-02,16:00:09.365000,12532,12533,12534,5
2020-11-02,16:00:09.377000,12532,12533,12534,1
2020-11-02,16:00:09.384000,12532,12533,12534,1
2020-11-02,16:00:09.390000,12532,12533,12534,1
2020-11-02,16:00:09.391000,12532,12533,12534,2
2020-11-02,16:00:09.391000,12532,12533,12534,4
2020-11-02,16:00:09.417000,12533,12534,12534,1
2020-11-02,16:00:09.428000,12533,12534,12534,1
2020-11-02,16:00:09.439000,12533,12534,12534,1
2020-11-02,16:00:09.446000,12533,12534,12534,1
2020-11-02,16:00:09.446000,12533,12534,12535,1
2020-11-02,16:00:09.446000,12533,12534,12535,3
2020-11-02,16:00:09.462000,12533,12534,12535,1
2020-11-02,16:00:09.462000,12533,12534,12535,1
2020-11-02,16:00:09.471000,12533,12534,12535,1
2020-11-02,16:00:09.473000,12533,12534,12535,1
2020-11-02,16:00:09.477000,12533,12534,12535,1
2020-11-02,16:00:09.483000,12533,12534,12535,1
2020-11-02,16:00:09.485000,12533,12534,12535,1
2020-11-02,16:00:09.553000,12534,12535,12535,1
2020-11-02,16:00:09.566000,12534,12535,12535,2
2020-11-02,16:00:09.600000,12534,12535,12535,2
2020-11-02,16:00:09.607000,12534,12535,12535,2
2020-11-02,16:00:09.607000,12534,12535,12535,2
2020-11-02,16:00:09.634000,12534,12535,12536,1
2020-11-02,16:00:09.642000,12534,12535,12536,1
2020-11-02,16:00:09.650000,12534,12535,12536,2
2020-11-02,16:00:09.669000,12534,12536,12536,2
2020-11-02,16:00:09.671000,12534,12536,12535,1
2020-11-02,16:00:09.698000,12534,12536,12536,3
2020-11-02,16:00:09.729000,12534,12536,12536,2
2020-11-02,16:00:09.740000,12534,12536,12536,2
2020-11-02,16:00:09.770000,12534,12536,12536,1
2020-11-02,16:00:09.770000,12534,12536,12537,3
2020-11-02,16:00:09.783000,12534,12536,12534,1
2020-11-02,16:00:09.790000,12534,12536,12535,1
2020-11-02,16:00:09.834000,12534,12536,12535,1
2020-11-02,16:00:09.852000,12534,12536,12535,1
2020-11-02,16:00:09.855000,12534,12536,12536,2
2020-11-02,16:00:09.892000,12534,12536,12535,1
2020-11-02,16:00:10.030000,12534,12535,12534,4
2020-11-02,16:00:10.036000,12533,12534,12533,1
2020-11-02,16:00:10.073000,12533,12534,12534,4
2020-11-02,16:00:10.073000,12533,12534,12535,4
2020-11-02,16:00:10.077000,12533,12534,12535,2
2020-11-02,16:00:10.077000,12533,12534,12536,2
2020-11-02,16:00:10.108000,12533,12534,12535,1
2020-11-02,16:00:10.109000,12533,12534,12535,2
2020-11-02,16:00:10.112000,12533,12534,12534,1
2020-11-02,16:00:10.116000,12533,12534,12534,1
2020-11-02,16:00:10.124000,12533,12534,12535,1
2020-11-02,16:00:10.130000,12533,12534,12535,1
2020-11-02,16:00:10.132000,12533,12534,12534,1
2020-11-02,16:00:10.159000,12534,12535,12535,1
2020-11-02,16:00:10.211000,12534,12535,12535,1
2020-11-02,16:00:10.282000,12534,12535,12535,1
2020-11-02,16:00:10.289000,12534,12535,12535,1
2020-11-02,16:00:10.357000,12534,12535,12535,1
2020-11-02,16:00:10.406000,12534,12535,12535,1
2020-11-02,16:00:10.468000,12534,12535,12535,1
2020-11-02,16:00:10.530000,12534,12535,12536,1
2020-11-02,16:00:10.552000,12534,12536,12536,1
2020-11-02,16:00:10.591000,12534,12536,12536,1
2020-11-02,16:00:10.608000,12534,12536,12536,1
2020-11-02,16:00:10.626000,12534,12536,12536,2
2020-11-02,16:00:10.660000,12534,12536,12536,1
2020-11-02,16:00:10.703000,12534,12536,12536,1
2020-11-02,16:00:10.722000,12534,12536,12535,1
2020-11-02,16:00:10.722000,12534,12536,12536,1
2020-11-02,16:00:10.956000,12534,12535,12535,2
2020-11-02,16:00:11.057000,12534,12536,12534,1
2020-11-02,16:00:11.073000,12534,12536,12534,1
2020-11-02,16:00:11.073000,12534,12536,12534,2
2020-11-02,16:00:11.099000,12534,12536,12535,2
2020-11-02,16:00:11.222000,12533,12535,12534,1
2020-11-02,16:00:11.375000,12533,12534,12534,1
2020-11-02,16:00:11.451000,12533,12534,12533,2
2020-11-02,16:00:11.451000,12533,12534,12534,1
2020-11-02,16:00:11.655000,12533,12534,12534,1
2020-11-02,16:00:11.655000,12533,12534,12535,1
2020-11-02,16:00:11.995000,12532,12534,12534,1
2020-11-02,16:00:12.016000,12532,12534,12534,1
2020-11-02,16:00:12.046000,12532,12534,12534,1
2020-11-02,16:00:12.390000,12532,12534,12532,5
2020-11-02,16:00:12.412000,12531,12533,12533,1
2020-11-02,16:00:12.852000,12531,12533,12533,1
2020-11-02,16:00:13.197000,12532,12534,12534,1
2020-11-02,16:00:13.272000,12532,12534,12534,1
2020-11-02,16:00:13.370000,12532,12534,12533,1
2020-11-02,16:00:13.529000,12532,12534,12534,1
2020-11-02,16:00:13.532000,12532,12534,12534,1
2020-11-02,16:00:13.532000,12532,12534,12534,1
2020-11-02,16:00:13.538000,12532,12534,12534,1
2020-11-02,16:00:13.543000,12532,12534,12534,1
2020-11-02,16:00:13.548000,12532,12534,12534,1
2020-11-02,16:00:13.578000,12532,12534,12535,1
2020-11-02,16:00:13.580000,12532,12534,12535,1
2020-11-02,16:00:14.165000,12534,12535,12534,3
2020-11-02,16:00:14.486000,12534,12536,12535,1
2020-11-02,16:00:14.666000,12534,12535,12535,1
2020-11-02,16:00:14.713000,12534,12535,12536,1
2020-11-02,16:00:15.272000,12534,12535,12534,4
2020-11-02,16:00:15.293000,12533,12535,12535,3
2020-11-02,16:00:16.775000,12530,12532,12530,2
2020-11-02,16:00:18.510000,12531,12532,12532,1
2020-11-02,16:00:18.929000,12531,12532,12532,3
2020-11-02,16:00:21.936000,12531,12532,12531,1
2020-11-02,16:00:23.224000,12530,12532,12532,1
2020-11-02,16:00:23.613000,12530,12532,12532,4
2020-11-02,16:00:23.898000,12530,12532,12532,1
2020-11-02,16:00:24.942000,12530,12531,12530,1
2020-11-02,16:00:25.072000,12530,12531,12531,1
2020-11-02,16:00:25.080000,12530,12531,12530,2
2020-11-02,16:00:25.675000,12530,12531,12530,1
2020-11-02,16:00:25.848000,12529,12531,12530,1
2020-11-02,16:00:26.390000,12530,12531,12531,3
2020-11-02,16:00:26.390000,12530,12531,12532,2
2020-11-02,16:00:26.696000,12530,12532,12532,1
2020-11-02,16:00:28.253000,12530,12531,12530,1
2020-11-02,16:00:28.775000,12530,12531,12531,4
2020-11-02,16:00:30.096000,12529,12531,12531,3
2020-11-02,16:00:31.270000,12527,12529,12529,1
2020-11-02,16:00:33.698000,12528,12529,12529,1
2020-11-02,16:00:34.922000,12529,12530,12529,1
2020-11-02,16:00:38.878000,12528,12529,12529,1
2020-11-02,16:00:38.907000,12528,12529,12529,1
2020-11-02,16:00:39.417000,12528,12529,12528,5
2020-11-02,16:00:39.463000,12528,12529,12529,1
2020-11-02,16:00:39.709000,12527,12529,12529,1
2020-11-02,16:00:39.890000,12527,12529,12527,1
2020-11-02,16:00:40.898000,12528,12529,12528,1
2020-11-02,16:00:41.878000,12528,12529,12529,1
2020-11-02,16:00:41.978000,12528,12530,12528,1
2020-11-02,16:00:42.022000,12528,12530,12530,5
2020-11-02,16:00:42.022000,12528,12530,12531,5
2020-11-02,16:00:42.504000,12529,12530,12530,1
2020-11-02,16:00:42.733000,12529,12531,12529,2
2020-11-02,16:00:43.848000,12529,12531,12529,1
2020-11-02,16:00:45.926000,12530,12531,12530,1
2020-11-02,16:00:46.698000,12530,12531,12530,1
2020-11-02,16:00:47.345000,12529,12531,12529,5
2020-11-02,16:00:47.682000,12528,12530,12530,2
2020-11-02,16:00:48.010000,12529,12530,12530,1
2020-11-02,16:00:48.148000,12529,12530,12529,1
2020-11-02,16:00:48.672000,12529,12530,12530,1
2020-11-02,16:00:52.759000,12528,12529,12528,1
2020-11-02,16:00:54.387000,12528,12529,12529,3
2020-11-02,16:00:55.287000,12528,12529,12529,3
2020-11-02,16:00:57.465000,12528,12529,12528,1
2020-11-02,16:00:57.465000,12528,12529,12528,4
2020-11-02,16:00:57.544000,12527,12528,12527,3
2020-11-02,16:00:59.606000,12527,12529,12529,1
2020-11-02,16:00:59.679000,12527,12529,12527,1
2020-11-02,16:01:00.315000,12527,12529,12529,3
2020-11-02,16:01:02.560000,12526,12527,12527,1
2020-11-02,16:01:03.208000,12526,12528,12526,1
2020-11-02,16:01:05.379000,12526,12527,12526,1
2020-11-02,16:01:05.881000,12525,12527,12525,1
2020-11-02,16:01:05.881000,12525,12527,12525,3
2020-11-02,16:01:06.068000,12524,12525,12525,1
2020-11-02,16:01:07.091000,12524,12525,12524,1
2020-11-02,16:01:08.209000,12524,12525,12525,1
2020-11-02,16:01:08.500000,12524,12526,12524,1
2020-11-02,16:01:09.424000,12524,12525,12524,1
2020-11-02,16:01:10.362000,12524,12525,12524,4
2020-11-02,16:01:11.474000,12523,12524,12524,1
2020-11-02,16:01:12.780000,12523,12524,12523,6
