2019-04-26,15:00:00,10933,10936,10920,134
2019-04-26,15:00:00,10920,10921,10920,4
2019-04-26,15:00:00,10920,10921,10921,2
2019-04-26,15:00:00,10920,10921,10921,1
2019-04-26,15:00:01,10920,10921,10921,2
2019-04-26,15:00:01,10920,10921,10921,1
2019-04-26,15:00:01,10920,10921,10921,2
2019-04-26,15:00:01,10920,10921,10920,2
2019-04-26,15:00:01,10920,10921,10920,1
2019-04-26,15:00:01,10920,10921,10920,1
2019-04-26,15:00:01,10920,10921,10921,1
2019-04-26,15:00:01,10920,10921,10921,1
2019-04-26,15:00:01,10920,10921,10921,2
2019-04-26,15:00:02,10920,10921,10920,1
2019-04-26,15:00:03,10920,10921,10920,2
2019-04-26,15:00:03,10920,10921,10920,3
2019-04-26,15:00:03,10920,10921,10921,1
2019-04-26,15:00:03,10920,10921,10921,2
2019-04-26,15:00:04,10920,10921,10921,3
2019-04-26,15:00:04,10920,10921,10921,1
2019-04-26,15:00:04,10920,10921,10921,5
2019-04-26,15:00:05,10920,10921,10920,1
2019-04-26,15:00:05,10920,10921,10920,4
2019-04-26,15:00:05,10920,10921,10920,1
2019-04-26,15:00:05,10920,10921,10921,1
2019-04-26,15:00:05,10920,10921,10921,10
2019-04-26,15:00:06,10920,10921,10920,3
2019-04-26,15:00:07,10919,10920,10920,1
2019-04-26,15:00:07,10919,10920,10920,3
2019-04-26,15:00:07,10919,10920,10920,3
2019-04-26,15:00:08,10920,10921,10921,1
2019-04-26,15:00:09,10920,10922,10920,1
2019-04-26,15:00:09,10921,10922,10921,1
2019-04-26,15:00:09,10921,10922,10922,1
2019-04-26,15:00:09,10921,10922,10921,1
2019-04-26,15:00:10,10921,10922,10921,1
2019-04-26,15:00:10,10921,10922,10921,1
2019-04-26,15:00:12,10921,10922,10922,1
2019-04-26,15:00:15,10921,10922,10921,4
2019-04-26,15:00:16,10921,10922,10922,9
2019-04-26,15:00:16,10921,10922,10922,6
2019-04-26,15:00:17,10922,10923,10923,2
2019-04-26,15:00:17,10922,10923,10923,8
2019-04-26,15:00:17,10922,10923,10923,3
2019-04-26,15:00:18,10923,10924,10923,1
2019-04-26,15:00:20,10923,10924,10924,5
2019-04-26,15:00:20,10923,10924,10924,2
2019-04-26,15:00:22,10923,10924,10923,1
2019-04-26,15:00:23,10923,10924,10924,10
2019-04-26,15:00:24,10924,10925,10924,3
2019-04-26,15:00:25,10924,10925,10924,1
2019-04-26,15:00:26,10924,10925,10925,14
2019-04-26,15:00:26,10924,10925,10925,1
2019-04-26,15:00:26,10924,10925,10924,1
2019-04-26,15:00:28,10924,10925,10924,1
2019-04-26,15:00:28,10924,10925,10925,1
2019-04-26,15:00:28,10924,10925,10924,1
2019-04-26,15:00:29,10924,10925,10925,1
2019-04-26,15:00:30,10924,10925,10924,2
2019-04-26,15:00:30,10924,10925,10924,1
2019-04-26,15:00:30,10923,10924,10923,14
2019-04-26,15:00:31,10923,10924,10924,8
2019-04-26,15:00:31,10923,10924,10923,5
2019-04-26,15:00:32,10923,10924,10924,1
2019-04-26,15:00:32,10923,10924,10923,1
2019-04-26,15:00:33,10923,10924,10924,1
2019-04-26,15:00:33,10923,10924,10923,1
2019-04-26,15:00:42,10922,10923,10922,5
2019-04-26,15:00:44,10922,10923,10922,2
2019-04-26,15:00:44,10921,10922,10922,1
2019-04-26,15:00:45,10921,10922,10921,7
2019-04-26,15:00:45,10920,10921,10921,2
2019-04-26,15:00:46,10920,10921,10920,2
2019-04-26,15:00:47,10920,10921,10921,1
2019-04-26,15:00:47,10920,10921,10920,5
2019-04-26,15:00:48,10920,10921,10920,2
2019-04-26,15:00:50,10920,10921,10920,8
2019-04-26,15:00:56,10920,10921,10921,1
2019-04-26,15:00:57,10920,10921,10920,3
2019-04-26,15:01:00,10920,10921,10921,1
2019-04-26,15:01:00,10920,10921,10920,1
2019-04-26,15:01:01,10920,10921,10921,1
2019-04-26,15:01:01,10920,10921,10920,5
2019-04-26,15:01:02,10920,10921,10920,1
2019-04-26,15:01:02,10920,10921,10921,10
2019-04-26,15:01:02,10919,10920,10920,1
2019-04-26,15:01:02,10919,10920,10921,8
2019-04-26,15:01:03,10920,10921,10919,1
2019-04-26,15:01:03,10920,10921,10920,4
2019-04-26,15:01:03,10919,10920,10919,1
2019-04-26,15:01:04,10919,10920,10919,4
2019-04-26,15:01:04,10919,10920,10920,1
2019-04-26,15:01:04,10919,10920,10919,1
2019-04-26,15:01:04,10919,10920,10920,1
2019-04-26,15:01:04,10919,10920,10919,1
2019-04-26,15:01:04,10919,10920,10920,1
2019-04-26,15:01:04,10919,10920,10920,1
2019-04-26,15:01:06,10919,10920,10920,1
2019-04-26,15:01:06,10919,10920,10920,15
2019-04-26,15:01:07,10919,10920,10920,1
2019-04-26,15:01:08,10919,10920,10919,1
2019-04-26,15:01:09,10919,10920,10920,2
2019-04-26,15:01:09,10919,10920,10920,1
2019-04-26,15:01:10,10919,10920,10920,2
2019-04-26,15:01:11,10919,10920,10919,1
2019-04-26,15:01:11,10919,10920,10920,1
2019-04-26,15:01:11,10920,10921,10920,3
2019-04-26,15:01:11,10919,10920,10920,2
2019-04-26,15:01:12,10920,10921,10920,1
2019-04-26,15:01:12,10920,10921,10920,7
2019-04-26,15:01:13,10919,10920,10920,1
2019-04-26,15:01:14,10919,10920,10920,1
2019-04-26,15:01:17,10919,10920,10920,2
2019-04-26,15:01:18,10919,10920,10918,34
2019-04-26,15:01:18,10919,10920,10919,16
2019-04-26,15:01:18,10919,10920,10918,3
2019-04-26,15:01:18,10918,10919,10918,2
2019-04-26,15:01:18,10917,10918,10917,3
2019-04-26,15:01:18,10917,10918,10918,1
2019-04-26,15:01:18,10917,10918,10918,1
2019-04-26,15:01:18,10917,10918,10918,1
2019-04-26,15:01:19,10917,10918,10917,4
2019-04-26,15:01:19,10917,10918,10917,1
2019-04-26,15:01:19,10917,10918,10918,8
2019-04-26,15:01:21,10917,10919,10919,1
2019-04-26,15:01:21,10917,10919,10919,2
2019-04-26,15:01:26,10917,10919,10917,1
2019-04-26,15:01:27,10917,10919,10917,2
2019-04-26,15:01:31,10917,10918,10918,3
2019-04-26,15:01:34,10918,10919,10917,29
2019-04-26,15:01:34,10918,10919,10918,31
2019-04-26,15:01:34,10918,10919,10918,1
2019-04-26,15:01:35,10917,10918,10917,1
2019-04-26,15:01:39,10917,10918,10917,3
2019-04-26,15:01:40,10917,10918,10917,5
2019-04-26,15:01:41,10917,10918,10918,1
2019-04-26,15:01:43,10917,10918,10918,1
2019-04-26,15:01:43,10917,10918,10917,2
2019-04-26,15:01:44,10917,10918,10918,1
2019-04-26,15:01:45,10917,10918,10918,4
2019-04-26,15:01:45,10917,10918,10918,1
2019-04-26,15:01:49,10918,10919,10918,2
2019-04-26,15:01:50,10918,10919,10918,1
2019-04-26,15:01:52,10918,10919,10919,2
2019-04-26,15:01:54,10919,10920,10919,1
2019-04-26,15:01:55,10919,10920,10919,1
2019-04-26,15:01:58,10919,10920,10919,2
2019-04-26,15:01:59,10919,10920,10920,1
2019-04-26,15:02:02,10919,10920,10920,7
2019-04-26,15:02:02,10919,10920,10920,1
2019-04-26,15:02:02,10919,10920,10920,1
2019-04-26,15:02:02,10919,10920,10920,3
2019-04-26,15:02:02,10919,10920,10920,1
2019-04-26,15:02:02,10919,10920,10920,2
2019-04-26,15:02:02,10919,10920,10920,1
2019-04-26,15:02:02,10919,10920,10920,2
2019-04-26,15:02:03,10920,10921,10920,1
2019-04-26,15:02:06,10920,10921,10921,1
2019-04-26,15:02:10,10920,10921,10921,1
2019-04-26,15:02:16,10920,10921,10921,1
2019-04-26,15:02:18,10920,10921,10920,2
2019-04-26,15:02:22,10920,10921,10920,4
2019-04-26,15:02:25,10920,10921,10921,1
2019-04-26,15:02:29,10920,10921,10921,1
2019-04-26,15:02:29,10920,10921,10920,3
2019-04-26,15:02:30,10920,10921,10921,1
2019-04-26,15:02:32,10920,10921,10920,1
2019-04-26,15:02:33,10920,10921,10920,12
2019-04-26,15:02:35,10919,10920,10920,3
2019-04-26,15:02:40,10919,10920,10920,1
2019-04-26,15:02:46,10919,10920,10919,14
2019-04-26,15:02:46,10918,10919,10919,1
2019-04-26,15:02:47,10918,10919,10919,1
2019-04-26,15:02:48,10918,10919,10919,1
2019-04-26,15:02:51,10918,10919,10918,1
2019-04-26,15:02:54,10918,10919,10918,5
2019-04-26,15:02:54,10918,10919,10919,5
2019-04-26,15:02:56,10918,10919,10917,1
2019-04-26,15:02:56,10918,10919,10918,4
2019-04-26,15:02:57,10917,10918,10918,12
2019-04-26,15:02:57,10917,10918,10919,3
2019-04-26,15:02:58,10917,10918,10917,5
2019-04-26,15:02:59,10917,10918,10918,1
2019-04-26,15:03:02,10917,10918,10918,2
2019-04-26,15:03:05,10918,10919,10919,2
2019-04-26,15:03:06,10918,10919,10918,1
2019-04-26,15:03:07,10918,10919,10919,1
2019-04-26,15:03:09,10918,10920,10920,3
2019-04-26,15:03:10,10919,10920,10918,2
2019-04-26,15:03:10,10919,10920,10919,1
2019-04-26,15:03:13,10918,10919,10918,2
2019-04-26,15:03:13,10918,10919,10919,1
2019-04-26,15:03:18,10918,10919,10918,2
2019-04-26,15:03:22,10918,10919,10919,15
2019-04-26,15:03:22,10918,10919,10918,1
2019-04-26,15:03:23,10918,10919,10918,1
2019-04-26,15:03:23,10918,10919,10919,2
2019-04-26,15:03:24,10918,10919,10919,1
2019-04-26,15:03:25,10918,10919,10919,3
2019-04-26,15:03:26,10918,10919,10919,13
2019-04-26,15:03:26,10918,10919,10920,17
2019-04-26,15:03:26,10918,10919,10919,1
2019-04-26,15:03:32,10919,10920,10919,2
2019-04-26,15:03:33,10919,10920,10919,2
2019-04-26,15:03:33,10918,10920,10918,1
2019-04-26,15:03:34,10918,10920,10918,1
2019-04-26,15:03:35,10918,10920,10920,15
2019-04-26,15:03:38,10919,10920,10919,1
2019-04-26,15:03:44,10919,10920,10920,6
2019-04-26,15:03:45,10920,10921,10920,1
2019-04-26,15:03:45,10920,10921,10921,3
2019-04-26,15:03:47,10920,10921,10920,2
2019-04-26,15:03:48,10920,10921,10920,1
2019-04-26,15:03:50,10920,10921,10920,18
2019-04-26,15:03:55,10919,10920,10919,2
2019-04-26,15:03:58,10919,10920,10919,2
2019-04-26,15:03:59,10918,10919,10919,1
2019-04-26,15:04:04,10919,10920,10920,7
2019-04-26,15:04:05,10919,10920,10919,1
2019-04-26,15:04:08,10919,10920,10919,2
2019-04-26,15:04:08,10919,10920,10919,1
2019-04-26,15:04:10,10919,10920,10919,1
2019-04-26,15:04:20,10919,10920,10919,1
2019-04-26,15:04:27,10919,10920,10919,1
2019-04-26,15:04:29,10919,10920,10919,3
2019-04-26,15:04:34,10919,10920,10919,1
2019-04-26,15:04:34,10919,10920,10919,1
2019-04-26,15:04:35,10919,10920,10919,1
2019-04-26,15:04:35,10919,10920,10920,2
2019-04-26,15:04:46,10919,10920,10920,2
2019-04-26,15:04:50,10919,10920,10920,1
2019-04-26,15:04:50,10919,10920,10920,3
2019-04-26,15:04:52,10919,10920,10920,2
2019-04-26,15:04:56,10919,10920,10920,4
2019-04-26,15:04:56,10919,10920,10920,20
2019-04-26,15:04:59,10919,10920,10920,2
2019-04-26,15:05:02,10919,10920,10920,3
2019-04-26,15:05:03,10919,10920,10919,1
2019-04-26,15:05:03,10919,10920,10919,1
2019-04-26,15:05:03,10919,10920,10919,2
2019-04-26,15:05:04,10919,10920,10920,1
2019-04-26,15:05:07,10919,10920,10920,17
2019-04-26,15:05:07,10919,10920,10920,1
2019-04-26,15:05:07,10920,10921,10920,1
2019-04-26,15:05:07,10920,10921,10920,1
2019-04-26,15:05:07,10919,10920,10919,2
2019-04-26,15:05:08,10919,10920,10919,2
2019-04-26,15:05:11,10919,10920,10919,1
2019-04-26,15:05:25,10919,10920,10919,2
2019-04-26,15:05:26,10919,10920,10919,3
2019-04-26,15:05:35,10918,10919,10919,10
2019-04-26,15:05:35,10918,10920,10918,15
2019-04-26,15:05:35,10918,10920,10919,2
2019-04-26,15:05:36,10919,10920,10919,1
2019-04-26,15:05:36,10919,10920,10919,1
2019-04-26,15:05:36,10919,10920,10919,6
2019-04-26,15:05:43,10918,10919,10919,2
2019-04-26,15:05:56,10918,10919,10918,3
2019-04-26,15:05:57,10918,10919,10918,17
2019-04-26,15:05:57,10918,10919,10919,1
2019-04-26,15:05:57,10917,10919,10917,1
2019-04-26,15:05:57,10917,10918,10918,2
2019-04-26,15:05:58,10917,10918,10918,1
2019-04-26,15:05:59,10917,10918,10917,1
2019-04-26,15:06:00,10917,10918,10917,5
2019-04-26,15:06:01,10917,10918,10917,1
2019-04-26,15:06:04,10917,10918,10917,2
2019-04-26,15:06:07,10917,10918,10917,2
2019-04-26,15:06:07,10917,10918,10917,5
2019-04-26,15:06:09,10916,10917,10917,1
2019-04-26,15:06:11,10916,10917,10917,1
2019-04-26,15:06:23,10916,10917,10917,1
2019-04-26,15:06:23,10916,10917,10917,1
2019-04-26,15:06:24,10916,10917,10917,1
2019-04-26,15:06:24,10916,10917,10917,1
2019-04-26,15:06:25,10916,10917,10917,1
2019-04-26,15:06:25,10916,10917,10917,1
2019-04-26,15:06:28,10916,10917,10916,1
2019-04-26,15:06:29,10916,10917,10916,5
2019-04-26,15:06:30,10916,10917,10916,5
2019-04-26,15:06:30,10916,10917,10916,10
2019-04-26,15:06:35,10915,10916,10915,5
2019-04-26,15:06:35,10915,10916,10915,1
2019-04-26,15:06:36,10915,10916,10915,5
2019-04-26,15:06:37,10915,10916,10915,1
2019-04-26,15:06:37,10915,10916,10915,1
2019-04-26,15:06:37,10915,10916,10915,1
2019-04-26,15:06:38,10915,10916,10915,13
2019-04-26,15:06:38,10915,10916,10915,1
2019-04-26,15:06:38,10915,10916,10915,5
2019-04-26,15:06:39,10915,10916,10915,1
2019-04-26,15:06:39,10915,10916,10915,1
2019-04-26,15:06:39,10915,10916,10915,3
2019-04-26,15:06:40,10915,10916,10915,1
2019-04-26,15:06:40,10915,10916,10915,1
2019-04-26,15:06:40,10915,10916,10915,1
2019-04-26,15:06:43,10914,10915,10915,3
2019-04-26,15:06:43,10914,10915,10915,1
2019-04-26,15:06:44,10914,10915,10914,13
2019-04-26,15:06:45,10914,10915,10915,1
2019-04-26,15:06:47,10914,10915,10914,2
2019-04-26,15:06:47,10914,10915,10915,1
2019-04-26,15:06:48,10914,10915,10914,1
2019-04-26,15:06:49,10914,10915,10914,1
2019-04-26,15:06:50,10914,10915,10914,1
2019-04-26,15:06:50,10914,10915,10915,1
2019-04-26,15:06:52,10913,10914,10914,1
2019-04-26,15:06:55,10913,10914,10914,2
2019-04-26,15:06:56,10914,10915,10914,2
2019-04-26,15:06:56,10914,10915,10914,1
2019-04-26,15:06:57,10914,10915,10914,1
2019-04-26,15:06:58,10914,10915,10914,1
2019-04-26,15:06:59,10914,10915,10914,1
2019-04-26,15:07:02,10914,10915,10915,2
2019-04-26,15:07:02,10914,10915,10914,1
2019-04-26,15:07:02,10914,10915,10915,2
2019-04-26,15:07:02,10914,10915,10915,2
2019-04-26,15:07:02,10914,10915,10915,19
2019-04-26,15:07:02,10914,10915,10915,2
2019-04-26,15:07:03,10915,10916,10915,1
2019-04-26,15:07:04,10915,10916,10915,8
2019-04-26,15:07:05,10915,10916,10915,1
2019-04-26,15:07:10,10915,10916,10915,4
2019-04-26,15:07:11,10915,10916,10915,10
2019-04-26,15:07:11,10915,10916,10915,3
2019-04-26,15:07:12,10915,10916,10915,1
2019-04-26,15:07:14,10915,10916,10915,5
2019-04-26,15:07:16,10915,10916,10916,3
2019-04-26,15:07:16,10915,10916,10915,1
2019-04-26,15:07:16,10915,10916,10916,1
2019-04-26,15:07:17,10915,10916,10916,14
2019-04-26,15:07:26,10915,10916,10915,1
2019-04-26,15:07:32,10915,10916,10915,1
2019-04-26,15:07:35,10915,10916,10915,1
2019-04-26,15:07:42,10915,10916,10915,2
2019-04-26,15:07:55,10915,10916,10915,1
2019-04-26,15:07:57,10915,10916,10915,1
2019-04-26,15:08:03,10915,10916,10915,13
2019-04-26,15:08:03,10915,10916,10916,3
2019-04-26,15:08:04,10915,10916,10915,4
2019-04-26,15:08:04,10915,10916,10915,1
2019-04-26,15:08:04,10915,10916,10915,1
2019-04-26,15:08:04,10915,10916,10915,1
2019-04-26,15:08:04,10915,10916,10915,1
2019-04-26,15:08:04,10914,10916,10914,1
2019-04-26,15:08:04,10914,10916,10914,1
2019-04-26,15:08:17,10914,10915,10915,1
2019-04-26,15:08:18,10914,10915,10915,1
2019-04-26,15:08:20,10914,10915,10915,2
2019-04-26,15:08:21,10914,10915,10915,1
2019-04-26,15:08:22,10914,10915,10915,3
2019-04-26,15:08:23,10915,10916,10915,1
2019-04-26,15:08:23,10915,10916,10914,1
2019-04-26,15:08:29,10914,10915,10915,1
2019-04-26,15:08:32,10914,10915,10915,1
2019-04-26,15:08:36,10914,10915,10915,2
2019-04-26,15:08:38,10914,10915,10915,2
2019-04-26,15:08:38,10914,10915,10915,1
2019-04-26,15:08:43,10914,10915,10915,1
2019-04-26,15:08:44,10914,10915,10914,1
2019-04-26,15:08:45,10914,10915,10914,22
2019-04-26,15:08:47,10913,10914,10914,1
2019-04-26,15:08:48,10913,10914,10913,3
2019-04-26,15:08:48,10913,10914,10914,1
2019-04-26,15:08:49,10913,10914,10913,1
2019-04-26,15:08:50,10913,10914,10913,12
2019-04-26,15:08:50,10912,10914,10912,2
2019-04-26,15:08:52,10912,10913,10913,1
2019-04-26,15:08:57,10912,10913,10912,1
2019-04-26,15:08:59,10912,10913,10913,1
2019-04-26,15:09:03,10912,10913,10913,1
2019-04-26,15:09:04,10912,10913,10913,4
2019-04-26,15:09:05,10912,10913,10913,1
2019-04-26,15:09:06,10912,10913,10912,1
2019-04-26,15:09:07,10912,10913,10913,1
2019-04-26,15:09:07,10912,10913,10913,3
2019-04-26,15:09:09,10912,10913,10912,1
2019-04-26,15:09:10,10912,10913,10913,2
2019-04-26,15:09:16,10912,10913,10913,1
2019-04-26,15:09:17,10912,10913,10912,1
2019-04-26,15:09:17,10912,10913,10912,2
2019-04-26,15:09:21,10912,10913,10912,1
2019-04-26,15:09:23,10912,10913,10912,1
2019-04-26,15:09:24,10912,10913,10912,3
2019-04-26,15:09:25,10912,10913,10912,1
2019-04-26,15:09:29,10912,10913,10912,2
2019-04-26,15:09:29,10912,10913,10912,1
2019-04-26,15:09:30,10912,10913,10912,1
2019-04-26,15:09:31,10912,10913,10912,1
2019-04-26,15:09:31,10912,10913,10912,6
2019-04-26,15:09:31,10912,10913,10912,1
2019-04-26,15:09:31,10912,10913,10912,5
2019-04-26,15:09:31,10912,10913,10912,2
2019-04-26,15:09:31,10912,10913,10912,4
2019-04-26,15:09:32,10911,10912,10912,1
2019-04-26,15:09:34,10911,10912,10912,1
2019-04-26,15:09:36,10911,10912,10912,1
2019-04-26,15:09:38,10911,10912,10912,1
2019-04-26,15:09:38,10911,10912,10912,2
2019-04-26,15:09:40,10911,10912,10912,1
2019-04-26,15:09:42,10911,10912,10912,1
2019-04-26,15:09:42,10911,10912,10911,14
2019-04-26,15:09:44,10911,10912,10912,1
2019-04-26,15:09:44,10911,10912,10911,1
2019-04-26,15:09:45,10911,10912,10912,1
2019-04-26,15:09:45,10911,10912,10911,1
2019-04-26,15:09:46,10911,10912,10911,1
2019-04-26,15:09:47,10911,10912,10911,1
2019-04-26,15:09:47,10911,10912,10911,1
2019-04-26,15:09:48,10911,10912,10911,1
2019-04-26,15:09:50,10911,10912,10911,1
2019-04-26,15:09:52,10911,10912,10911,1
2019-04-26,15:09:54,10911,10912,10911,3
2019-04-26,15:09:58,10911,10912,10911,1
2019-04-26,15:09:58,10910,10911,10911,3
2019-04-26,15:10:00,10910,10911,10911,1
2019-04-26,15:10:00,10910,10912,10910,1
2019-04-26,15:10:01,10910,10912,10911,1
2019-04-26,15:10:01,10910,10911,10910,1
2019-04-26,15:10:01,10910,10911,10910,1
2019-04-26,15:10:02,10910,10911,10910,1
2019-04-26,15:10:03,10910,10911,10911,1
2019-04-26,15:10:06,10911,10912,10911,1
2019-04-26,15:10:08,10911,10912,10912,27
2019-04-26,15:10:08,10912,10913,10912,14
2019-04-26,15:10:08,10912,10913,10912,2
2019-04-26,15:10:09,10912,10913,10911,5
2019-04-26,15:10:09,10912,10913,10912,3
2019-04-26,15:10:09,10912,10913,10911,2
2019-04-26,15:10:09,10912,10913,10912,2
2019-04-26,15:10:13,10912,10913,10912,1
2019-04-26,15:10:13,10912,10913,10912,3
2019-04-26,15:10:15,10912,10913,10913,1
2019-04-26,15:10:17,10912,10913,10912,1
2019-04-26,15:10:17,10912,10913,10912,2
2019-04-26,15:10:19,10912,10913,10912,1
2019-04-26,15:10:21,10912,10913,10912,1
2019-04-26,15:10:26,10912,10913,10912,1
2019-04-26,15:10:30,10912,10913,10912,1
2019-04-26,15:10:32,10912,10913,10912,4
2019-04-26,15:10:33,10912,10913,10912,1
2019-04-26,15:10:39,10912,10913,10913,1
2019-04-26,15:10:41,10912,10913,10912,1
2019-04-26,15:10:42,10912,10913,10912,1
2019-04-26,15:10:45,10912,10913,10912,2
2019-04-26,15:10:49,10912,10913,10912,1
2019-04-26,15:10:50,10912,10913,10912,1
2019-04-26,15:10:52,10912,10913,10912,1
2019-04-26,15:10:54,10912,10913,10912,1
2019-04-26,15:10:55,10912,10913,10912,2
2019-04-26,15:10:56,10912,10913,10912,1
2019-04-26,15:10:56,10912,10913,10913,1
2019-04-26,15:10:57,10912,10913,10912,1
2019-04-26,15:11:01,10912,10913,10912,1
2019-04-26,15:11:05,10912,10913,10913,1
2019-04-26,15:11:12,10912,10913,10913,1
2019-04-26,15:11:12,10912,10913,10913,2
2019-04-26,15:11:12,10912,10913,10913,5
2019-04-26,15:11:12,10912,10913,10913,9
2019-04-26,15:11:12,10912,10913,10913,1
2019-04-26,15:11:12,10912,10913,10913,3
2019-04-26,15:11:13,10912,10913,10913,4
2019-04-26,15:11:13,10912,10913,10913,2
2019-04-26,15:11:13,10912,10913,10913,1
2019-04-26,15:11:13,10912,10913,10913,2
2019-04-26,15:11:17,10913,10914,10914,2
2019-04-26,15:11:17,10913,10915,10914,1
2019-04-26,15:11:23,10914,10915,10914,2
2019-04-26,15:11:30,10914,10915,10914,1
2019-04-26,15:11:32,10914,10915,10914,1
2019-04-26,15:11:33,10914,10915,10914,9
2019-04-26,15:11:38,10913,10914,10913,1
2019-04-26,15:11:41,10913,10914,10914,1
2019-04-26,15:12:04,10913,10914,10914,5
2019-04-26,15:12:04,10913,10914,10914,4
2019-04-26,15:12:04,10913,10914,10913,1
2019-04-26,15:12:04,10913,10914,10913,1
2019-04-26,15:12:08,10913,10914,10914,5
2019-04-26,15:12:21,10914,10915,10914,1
2019-04-26,15:12:23,10914,10915,10914,1
2019-04-26,15:12:23,10914,10915,10914,2
2019-04-26,15:12:27,10914,10915,10915,1
2019-04-26,15:12:28,10914,10915,10915,3
2019-04-26,15:12:34,10914,10915,10915,1
2019-04-26,15:12:45,10914,10915,10914,4
2019-04-26,15:12:46,10914,10915,10915,1
2019-04-26,15:12:49,10914,10915,10915,1
2019-04-26,15:12:57,10914,10915,10915,1
2019-04-26,15:12:58,10914,10915,10915,10
2019-04-26,15:12:58,10914,10915,10915,3
2019-04-26,15:12:58,10914,10915,10915,1
2019-04-26,15:12:58,10914,10915,10915,1
2019-04-26,15:12:59,10915,10916,10915,1
2019-04-26,15:13:00,10915,10916,10915,1
2019-04-26,15:13:04,10915,10916,10915,1
2019-04-26,15:13:11,10915,10916,10916,17
2019-04-26,15:13:12,10915,10916,10916,2
2019-04-26,15:13:13,10915,10916,10916,2
2019-04-26,15:13:17,10915,10916,10916,1
2019-04-26,15:13:17,10915,10916,10916,2
2019-04-26,15:13:17,10915,10916,10916,1
2019-04-26,15:13:18,10915,10916,10916,1
2019-04-26,15:13:18,10915,10916,10916,1
2019-04-26,15:13:20,10915,10916,10916,1
2019-04-26,15:13:29,10915,10916,10916,1
2019-04-26,15:13:36,10915,10916,10915,1
2019-04-26,15:13:45,10915,10916,10915,4
2019-04-26,15:13:46,10915,10916,10916,13
2019-04-26,15:13:48,10915,10916,10915,5
2019-04-26,15:14:03,10915,10916,10916,3
2019-04-26,15:14:08,10915,10916,10915,8
2019-04-26,15:14:10,10915,10916,10915,1
2019-04-26,15:14:10,10915,10916,10915,5
2019-04-26,15:14:16,10914,10915,10915,2
2019-04-26,15:14:20,10914,10915,10915,8
2019-04-26,15:14:20,10914,10915,10916,5
2019-04-26,15:14:23,10914,10915,10915,1
2019-04-26,15:14:23,10914,10915,10915,1
2019-04-26,15:14:33,10914,10915,10915,1
2019-04-26,15:14:33,10914,10915,10915,1
2019-04-26,15:14:35,10914,10915,10915,1
2019-04-26,15:14:35,10914,10915,10915,2
2019-04-26,15:14:38,10914,10915,10915,2
2019-04-26,15:14:48,10914,10915,10915,4
2019-04-26,15:14:53,10914,10915,10915,1
2019-04-26,15:14:55,10914,10915,10915,2
2019-04-26,15:15:02,10915,10916,10915,4
2019-04-26,15:15:03,10914,10915,10915,1
2019-04-26,15:15:03,10914,10915,10915,1
2019-04-26,15:15:03,10914,10916,10916,10
2019-04-26,15:15:03,10914,10916,10914,1
2019-04-26,15:15:03,10914,10916,10916,9
2019-04-26,15:15:04,10915,10916,10915,1
2019-04-26,15:15:12,10914,10916,10915,1
2019-04-26,15:15:15,10915,10916,10915,1
2019-04-26,15:15:16,10915,10916,10915,3
2019-04-26,15:15:16,10915,10916,10915,2
2019-04-26,15:15:26,10914,10915,10915,2
2019-04-26,15:15:33,10914,10915,10915,1
2019-04-26,15:15:39,10914,10915,10915,5
2019-04-26,15:15:51,10914,10915,10914,16
2019-04-26,15:15:54,10913,10914,10913,17
2019-04-26,15:15:56,10912,10913,10913,2
2019-04-26,15:16:03,10912,10913,10912,3
2019-04-26,15:16:03,10912,10913,10912,4
2019-04-26,15:16:03,10912,10913,10912,1
2019-04-26,15:16:04,10911,10912,10912,1
2019-04-26,15:16:04,10911,10912,10911,1
2019-04-26,15:16:07,10911,10912,10912,1
2019-04-26,15:16:07,10911,10912,10911,2
2019-04-26,15:16:09,10911,10912,10911,1
2019-04-26,15:16:09,10911,10912,10911,1
2019-04-26,15:16:10,10911,10912,10911,1
2019-04-26,15:16:10,10911,10912,10912,10
2019-04-26,15:16:11,10911,10912,10911,2
2019-04-26,15:16:14,10911,10912,10911,3
2019-04-26,15:16:14,10911,10912,10911,1
2019-04-26,15:16:14,10911,10912,10911,1
2019-04-26,15:16:17,10911,10912,10911,1
2019-04-26,15:16:18,10911,10912,10911,5
2019-04-26,15:16:18,10911,10912,10911,1
2019-04-26,15:16:20,10911,10912,10911,1
2019-04-26,15:16:20,10911,10912,10911,5
2019-04-26,15:16:23,10910,10911,10911,1
2019-04-26,15:16:24,10910,10911,10910,10
2019-04-26,15:16:25,10910,10911,10910,1
2019-04-26,15:16:25,10910,10911,10910,1
2019-04-26,15:16:25,10910,10911,10910,1
2019-04-26,15:16:26,10910,10911,10911,4
2019-04-26,15:16:30,10910,10911,10911,10
2019-04-26,15:16:32,10910,10911,10911,9
2019-04-26,15:16:32,10910,10911,10911,1
2019-04-26,15:16:35,10911,10912,10911,1
2019-04-26,15:16:37,10911,10912,10911,1
2019-04-26,15:16:42,10911,10912,10911,3
2019-04-26,15:16:42,10911,10912,10911,1
2019-04-26,15:16:45,10911,10912,10912,5
2019-04-26,15:16:48,10911,10912,10911,1
2019-04-26,15:16:56,10911,10912,10912,4
2019-04-26,15:16:57,10911,10912,10912,3
2019-04-26,15:16:57,10911,10912,10911,1
2019-04-26,15:16:58,10911,10912,10912,1
2019-04-26,15:17:02,10911,10912,10911,5
2019-04-26,15:17:02,10911,10912,10912,1
2019-04-26,15:17:05,10911,10912,10912,1
2019-04-26,15:17:09,10911,10912,10912,1
2019-04-26,15:17:10,10912,10913,10912,2
2019-04-26,15:17:11,10912,10913,10912,2
2019-04-26,15:17:20,10912,10913,10912,1
2019-04-26,15:17:20,10912,10913,10912,1
2019-04-26,15:17:24,10912,10913,10912,1
2019-04-26,15:17:27,10912,10913,10912,1
2019-04-26,15:17:27,10912,10913,10912,2
2019-04-26,15:17:27,10912,10913,10913,1
2019-04-26,15:17:31,10912,10913,10913,1
2019-04-26,15:17:32,10912,10913,10913,1
2019-04-26,15:17:34,10912,10913,10912,1
2019-04-26,15:17:43,10912,10913,10912,1
2019-04-26,15:17:47,10912,10913,10912,2
2019-04-26,15:17:53,10912,10913,10912,1
2019-04-26,15:17:56,10912,10913,10913,2
2019-04-26,15:17:56,10912,10913,10912,3
2019-04-26,15:17:57,10912,10913,10912,2
2019-04-26,15:17:59,10912,10913,10912,1
2019-04-26,15:18:01,10912,10913,10912,1
2019-04-26,15:18:01,10912,10913,10912,1
2019-04-26,15:18:01,10912,10913,10912,1
2019-04-26,15:18:05,10912,10913,10912,1
2019-04-26,15:18:09,10912,10913,10913,2
2019-04-26,15:18:18,10912,10913,10913,1
2019-04-26,15:18:18,10912,10913,10913,2
2019-04-26,15:18:21,10912,10913,10912,1
2019-04-26,15:18:22,10912,10913,10913,2
2019-04-26,15:18:27,10912,10913,10913,4
2019-04-26,15:18:28,10912,10913,10913,5
2019-04-26,15:18:29,10913,10914,10913,1
2019-04-26,15:18:33,10913,10914,10914,1
2019-04-26,15:18:34,10913,10914,10914,10
2019-04-26,15:18:38,10914,10915,10914,1
2019-04-26,15:18:41,10914,10915,10914,2
2019-04-26,15:18:42,10914,10915,10914,1
2019-04-26,15:18:42,10914,10915,10914,16
2019-04-26,15:18:51,10913,10914,10913,1
2019-04-26,15:18:51,10913,10914,10913,3
2019-04-26,15:18:51,10913,10914,10913,1
2019-04-26,15:18:54,10913,10914,10913,1
2019-04-26,15:18:54,10913,10914,10913,1
2019-04-26,15:18:55,10913,10914,10913,1
2019-04-26,15:19:00,10912,10914,10914,1
2019-04-26,15:19:05,10912,10913,10912,5
2019-04-26,15:19:06,10912,10913,10912,6
2019-04-26,15:19:07,10911,10912,10911,5
2019-04-26,15:19:07,10911,10912,10911,10
2019-04-26,15:19:08,10911,10912,10911,10
2019-04-26,15:19:08,10911,10912,10911,10
2019-04-26,15:19:10,10911,10912,10911,1
2019-04-26,15:19:12,10911,10912,10912,1
2019-04-26,15:19:16,10911,10912,10912,2
2019-04-26,15:19:18,10911,10912,10912,1
2019-04-26,15:19:22,10911,10912,10911,6
2019-04-26,15:19:24,10911,10912,10911,2
2019-04-26,15:19:24,10911,10912,10911,3
2019-04-26,15:19:24,10910,10911,10911,2
2019-04-26,15:19:28,10910,10911,10911,1
2019-04-26,15:19:34,10910,10911,10911,1
2019-04-26,15:19:37,10910,10911,10911,1
2019-04-26,15:19:42,10910,10911,10910,2
2019-04-26,15:19:44,10910,10911,10910,2
2019-04-26,15:19:51,10910,10911,10911,2
2019-04-26,15:19:58,10910,10911,10911,1
2019-04-26,15:19:59,10910,10911,10910,1
2019-04-26,15:20:01,10910,10911,10911,1
2019-04-26,15:20:02,10910,10911,10911,1
2019-04-26,15:20:08,10910,10911,10911,1
2019-04-26,15:20:13,10910,10911,10910,1
2019-04-26,15:20:13,10910,10911,10911,1
2019-04-26,15:20:16,10910,10911,10911,1
2019-04-26,15:20:19,10910,10911,10911,1
2019-04-26,15:20:21,10910,10911,10911,1
2019-04-26,15:20:22,10910,10911,10910,1
2019-04-26,15:20:24,10910,10911,10911,1
2019-04-26,15:20:27,10910,10911,10911,1
2019-04-26,15:20:41,10910,10911,10911,1
2019-04-26,15:20:44,10910,10911,10911,1
2019-04-26,15:20:47,10910,10911,10910,3
2019-04-26,15:20:48,10910,10911,10910,1
2019-04-26,15:20:48,10910,10911,10910,10
2019-04-26,15:20:48,10910,10911,10910,14
2019-04-26,15:20:51,10910,10911,10910,1
2019-04-26,15:20:52,10910,10911,10910,1
2019-04-26,15:20:53,10910,10911,10910,31
2019-04-26,15:20:55,10909,10910,10909,1
2019-04-26,15:20:55,10909,10910,10909,1
2019-04-26,15:20:55,10909,10910,10909,2
2019-04-26,15:20:55,10909,10910,10909,1
2019-04-26,15:20:56,10909,10910,10909,10
2019-04-26,15:20:58,10909,10910,10909,3
2019-04-26,15:21:00,10909,10910,10909,2
2019-04-26,15:21:00,10909,10910,10909,1
2019-04-26,15:21:02,10909,10910,10909,2
2019-04-26,15:21:02,10909,10910,10909,2
2019-04-26,15:21:02,10908,10909,10909,1
2019-04-26,15:21:04,10908,10909,10908,1
2019-04-26,15:21:04,10908,10909,10908,1
2019-04-26,15:21:04,10908,10909,10908,1
2019-04-26,15:21:07,10908,10909,10908,2
2019-04-26,15:21:10,10908,10909,10908,1
2019-04-26,15:21:12,10908,10909,10908,1
2019-04-26,15:21:12,10908,10909,10908,1
2019-04-26,15:21:13,10908,10909,10909,2
2019-04-26,15:21:13,10908,10909,10908,1
2019-04-26,15:21:14,10908,10909,10909,5
2019-04-26,15:21:15,10908,10909,10909,2
2019-04-26,15:21:16,10908,10909,10909,1
2019-04-26,15:21:17,10908,10909,10909,2
2019-04-26,15:21:18,10908,10909,10909,1
2019-04-26,15:21:19,10908,10909,10909,2
2019-04-26,15:21:19,10908,10909,10909,2
2019-04-26,15:21:22,10909,10910,10909,1
2019-04-26,15:21:23,10909,10910,10909,1
2019-04-26,15:21:23,10909,10910,10909,2
2019-04-26,15:21:24,10909,10910,10909,1
2019-04-26,15:21:24,10909,10910,10909,1
2019-04-26,15:21:24,10909,10910,10909,1
2019-04-26,15:21:30,10909,10910,10909,1
2019-04-26,15:21:31,10909,10910,10909,1
2019-04-26,15:21:32,10909,10910,10909,1
2019-04-26,15:21:35,10909,10910,10909,1
2019-04-26,15:21:36,10909,10910,10909,3
2019-04-26,15:21:39,10908,10909,10909,1
2019-04-26,15:21:41,10908,10909,10909,2
2019-04-26,15:21:49,10909,10910,10910,11
2019-04-26,15:21:49,10910,10911,10910,1
2019-04-26,15:21:55,10910,10911,10910,2
2019-04-26,15:21:57,10910,10911,10910,1
2019-04-26,15:21:59,10910,10911,10910,1
2019-04-26,15:22:02,10910,10911,10911,1
2019-04-26,15:22:02,10910,10911,10911,1
2019-04-26,15:22:02,10910,10911,10910,8
2019-04-26,15:22:03,10909,10910,10910,1
2019-04-26,15:22:05,10910,10911,10910,1
2019-04-26,15:22:08,10910,10911,10910,1
2019-04-26,15:22:09,10909,10910,10910,1
2019-04-26,15:22:18,10909,10910,10910,1
2019-04-26,15:22:21,10909,10910,10910,2
2019-04-26,15:22:26,10909,10910,10910,1
2019-04-26,15:22:27,10909,10911,10911,1
2019-04-26,15:22:29,10909,10910,10910,1
2019-04-26,15:22:31,10909,10910,10910,1
2019-04-26,15:22:31,10909,10910,10910,1
2019-04-26,15:22:39,10909,10910,10910,1
2019-04-26,15:22:39,10909,10910,10909,1
2019-04-26,15:22:43,10909,10911,10911,1
2019-04-26,15:22:46,10909,10910,10910,2
2019-04-26,15:22:54,10909,10910,10910,2
2019-04-26,15:22:55,10910,10911,10910,1
2019-04-26,15:22:56,10910,10911,10910,1
2019-04-26,15:22:58,10910,10911,10911,1
2019-04-26,15:23:00,10910,10911,10910,2
2019-04-26,15:23:08,10910,10911,10910,1
2019-04-26,15:23:21,10910,10911,10910,1
2019-04-26,15:23:40,10910,10911,10910,1
2019-04-26,15:23:44,10910,10911,10910,1
2019-04-26,15:23:49,10910,10911,10911,1
2019-04-26,15:23:50,10910,10911,10910,1
2019-04-26,15:23:51,10910,10911,10910,1
2019-04-26,15:23:52,10910,10911,10910,1
2019-04-26,15:23:52,10910,10911,10910,1
2019-04-26,15:23:54,10910,10911,10910,1
2019-04-26,15:23:54,10910,10911,10911,1
2019-04-26,15:24:22,10910,10911,10911,1
2019-04-26,15:24:27,10910,10911,10911,1
2019-04-26,15:24:34,10910,10911,10911,3
2019-04-26,15:24:35,10910,10911,10910,1
2019-04-26,15:24:37,10910,10911,10911,10
2019-04-26,15:24:37,10910,10911,10911,3
2019-04-26,15:24:37,10910,10911,10911,18
2019-04-26,15:24:37,10911,10912,10912,1
2019-04-26,15:24:39,10911,10912,10912,1
2019-04-26,15:25:02,10912,10913,10912,1
2019-04-26,15:25:06,10912,10913,10913,1
2019-04-26,15:25:13,10912,10913,10913,1
2019-04-26,15:25:14,10912,10913,10912,1
2019-04-26,15:25:14,10912,10913,10913,1
2019-04-26,15:25:21,10912,10913,10913,1
2019-04-26,15:25:22,10912,10913,10913,1
2019-04-26,15:25:29,10912,10913,10913,1
2019-04-26,15:25:32,10912,10913,10913,2
2019-04-26,15:25:50,10912,10913,10913,1
2019-04-26,15:25:55,10912,10913,10913,1
2019-04-26,15:25:59,10912,10913,10913,1
2019-04-26,15:26:02,10912,10913,10913,1
2019-04-26,15:26:03,10912,10913,10913,4
2019-04-26,15:26:03,10912,10913,10913,5
2019-04-26,15:26:04,10912,10913,10913,5
2019-04-26,15:26:05,10913,10914,10913,5
2019-04-26,15:26:35,10913,10914,10913,2
2019-04-26,15:26:36,10913,10914,10913,1
2019-04-26,15:26:40,10913,10914,10913,1
2019-04-26,15:26:44,10913,10914,10913,1
2019-04-26,15:26:45,10913,10914,10913,1
2019-04-26,15:26:47,10913,10914,10914,1
2019-04-26,15:27:00,10913,10914,10914,4
2019-04-26,15:27:02,10913,10914,10913,1
2019-04-26,15:27:05,10913,10914,10913,1
2019-04-26,15:27:06,10913,10914,10914,1
2019-04-26,15:27:08,10913,10914,10914,1
2019-04-26,15:27:15,10913,10914,10913,7
2019-04-26,15:27:26,10912,10913,10913,1
2019-04-26,15:27:26,10912,10913,10912,3
2019-04-26,15:27:27,10912,10913,10912,1
2019-04-26,15:27:32,10912,10913,10912,2
2019-04-26,15:27:37,10912,10913,10912,1
2019-04-26,15:27:38,10912,10913,10912,1
2019-04-26,15:27:39,10912,10913,10912,3
2019-04-26,15:27:45,10911,10912,10912,1
2019-04-26,15:27:45,10911,10912,10911,4
2019-04-26,15:27:51,10911,10912,10911,1
2019-04-26,15:27:51,10911,10912,10911,7
2019-04-26,15:27:53,10910,10911,10911,1
2019-04-26,15:27:57,10910,10911,10910,1
2019-04-26,15:27:57,10910,10911,10911,1
2019-04-26,15:27:59,10910,10911,10910,5
2019-04-26,15:28:01,10910,10911,10911,1
2019-04-26,15:28:02,10910,10911,10911,10
2019-04-26,15:28:02,10910,10911,10911,4
2019-04-26,15:28:05,10910,10911,10910,1
2019-04-26,15:28:06,10910,10911,10911,3
2019-04-26,15:28:23,10910,10911,10911,1
2019-04-26,15:28:33,10910,10911,10911,1
2019-04-26,15:28:33,10910,10911,10912,1
2019-04-26,15:29:00,10911,10912,10912,1
2019-04-26,15:29:19,10911,10912,10912,3
2019-04-26,15:29:33,10912,10913,10912,1
2019-04-26,15:29:33,10912,10913,10912,1
2019-04-26,15:30:02,10911,10912,10912,1
2019-04-26,15:30:02,10911,10912,10912,1
2019-04-26,15:30:02,10911,10912,10912,1
2019-04-26,15:30:02,10912,10913,10912,5
2019-04-26,15:30:02,10911,10913,10912,1
2019-04-26,15:30:02,10911,10913,10912,1
2019-04-26,15:30:03,10912,10913,10912,1
2019-04-26,15:30:03,10912,10913,10912,4
2019-04-26,15:30:24,10912,10913,10912,1
2019-04-26,15:30:31,10912,10913,10912,1
2019-04-26,15:30:53,10912,10913,10913,1
2019-04-26,15:30:53,10912,10913,10912,6
2019-04-26,15:31:08,10912,10913,10912,1
2019-04-26,15:31:12,10912,10913,10912,1
2019-04-26,15:31:17,10912,10913,10913,1
2019-04-26,15:31:19,10912,10913,10913,1
2019-04-26,15:31:22,10912,10913,10913,11
2019-04-26,15:31:22,10913,10914,10913,5
2019-04-26,15:31:38,10913,10914,10913,1
2019-04-26,15:31:40,10913,10914,10913,6
2019-04-26,15:31:55,10913,10914,10914,1
2019-04-26,15:31:56,10913,10914,10914,11
2019-04-26,15:31:56,10914,10915,10914,2
2019-04-26,15:31:57,10914,10915,10915,1
2019-04-26,15:31:57,10914,10915,10915,1
2019-04-26,15:31:58,10914,10915,10915,1
2019-04-26,15:32:00,10914,10915,10915,1
2019-04-26,15:32:12,10914,10915,10914,2
2019-04-26,15:32:13,10914,10915,10914,2
2019-04-26,15:32:15,10913,10914,10914,1
2019-04-26,15:32:22,10913,10914,10914,1
2019-04-26,15:32:30,10913,10914,10913,2
2019-04-26,15:32:31,10913,10914,10914,2
2019-04-26,15:32:32,10913,10914,10914,1
2019-04-26,15:32:38,10913,10914,10914,1
2019-04-26,15:32:42,10913,10914,10914,1
2019-04-26,15:32:56,10914,10915,10914,4
2019-04-26,15:33:05,10913,10914,10914,1
2019-04-26,15:33:05,10913,10914,10914,1
2019-04-26,15:33:16,10914,10915,10914,1
2019-04-26,15:33:34,10914,10915,10914,1
2019-04-26,15:33:49,10914,10915,10914,1
2019-04-26,15:34:00,10914,10915,10914,3
2019-04-26,15:34:08,10914,10915,10915,2
2019-04-26,15:34:08,10914,10915,10914,6
2019-04-26,15:34:10,10914,10915,10914,1
2019-04-26,15:34:13,10914,10915,10914,1
2019-04-26,15:34:14,10914,10915,10915,1
2019-04-26,15:34:18,10914,10915,10914,1
2019-04-26,15:34:19,10914,10915,10915,1
2019-04-26,15:34:20,10914,10915,10914,1
2019-04-26,15:34:23,10914,10915,10914,1
2019-04-26,15:34:30,10914,10915,10915,1
2019-04-26,15:34:37,10914,10915,10914,1
2019-04-26,15:34:39,10914,10915,10915,1
2019-04-26,15:34:48,10914,10915,10915,1
2019-04-26,15:34:52,10914,10915,10915,1
2019-04-26,15:34:53,10914,10915,10915,1
2019-04-26,15:34:57,10914,10915,10915,1
2019-04-26,15:35:23,10914,10915,10914,6
2019-04-26,15:35:24,10914,10915,10914,1
2019-04-26,15:35:29,10914,10915,10914,2
2019-04-26,15:35:40,10914,10915,10914,2
2019-04-26,15:36:00,10914,10915,10915,18
2019-04-26,15:36:04,10914,10915,10915,8
2019-04-26,15:36:20,10914,10915,10915,1
2019-04-26,15:36:20,10914,10915,10915,2
2019-04-26,15:36:24,10914,10915,10915,3
2019-04-26,15:36:24,10914,10915,10915,2
2019-04-26,15:36:24,10914,10915,10915,7
2019-04-26,15:36:38,10915,10916,10916,2
2019-04-26,15:36:40,10915,10916,10916,1
2019-04-26,15:36:43,10915,10916,10916,1
2019-04-26,15:36:46,10915,10916,10916,1
2019-04-26,15:36:51,10915,10916,10916,1
2019-04-26,15:36:58,10915,10916,10916,1
2019-04-26,15:37:01,10915,10916,10916,1
2019-04-26,15:37:16,10915,10916,10916,1
2019-04-26,15:37:53,10915,10916,10915,1
2019-04-26,15:38:10,10915,10916,10915,1
2019-04-26,15:38:10,10915,10916,10915,1
2019-04-26,15:38:16,10915,10916,10915,1
2019-04-26,15:38:19,10915,10916,10915,1
2019-04-26,15:38:20,10915,10916,10915,1
2019-04-26,15:38:20,10915,10916,10915,13
2019-04-26,15:38:22,10914,10915,10914,9
2019-04-26,15:38:31,10914,10915,10914,5
2019-04-26,15:38:35,10914,10915,10914,1
2019-04-26,15:38:40,10914,10915,10914,1
2019-04-26,15:38:41,10914,10915,10914,1
2019-04-26,15:38:43,10914,10915,10914,1
2019-04-26,15:38:48,10913,10915,10913,4
2019-04-26,15:39:14,10913,10914,10913,1
2019-04-26,15:39:25,10913,10914,10913,1
2019-04-26,15:39:28,10913,10914,10913,1
2019-04-26,15:40:07,10913,10914,10913,2
2019-04-26,15:40:07,10913,10914,10913,1
2019-04-26,15:40:10,10913,10914,10914,1
2019-04-26,15:40:31,10913,10914,10914,1
2019-04-26,15:40:41,10913,10914,10914,1
2019-04-26,15:40:42,10913,10914,10914,5
2019-04-26,15:40:42,10913,10914,10914,7
2019-04-26,15:40:42,10913,10914,10914,9
2019-04-26,15:40:42,10913,10914,10914,1
2019-04-26,15:41:05,10914,10915,10915,2
2019-04-26,15:41:07,10914,10915,10915,1
2019-04-26,15:41:25,10914,10915,10914,1
2019-04-26,15:41:25,10914,10915,10914,1
2019-04-26,15:41:25,10914,10915,10914,1
2019-04-26,15:41:25,10914,10915,10914,8
2019-04-26,15:41:25,10914,10915,10914,4
2019-04-26,15:41:26,10913,10915,10915,1
2019-04-26,15:41:38,10914,10915,10915,1
2019-04-26,15:41:39,10914,10915,10915,1
2019-04-26,15:41:44,10914,10915,10915,1
2019-04-26,15:41:48,10914,10915,10915,1
2019-04-26,15:41:51,10914,10915,10914,4
2019-04-26,15:41:52,10914,10915,10915,1
2019-04-26,15:41:52,10914,10915,10915,1
2019-04-26,15:41:56,10915,10916,10915,1
2019-04-26,15:41:59,10915,10916,10916,1
2019-04-26,15:42:03,10915,10916,10916,10
2019-04-26,15:42:03,10915,10916,10916,5
2019-04-26,15:42:15,10915,10916,10915,4
2019-04-26,15:42:16,10915,10916,10916,1
2019-04-26,15:42:16,10915,10916,10916,1
2019-04-26,15:42:16,10915,10916,10916,1
2019-04-26,15:42:20,10915,10916,10916,6
2019-04-26,15:42:23,10915,10916,10916,25
2019-04-26,15:42:31,10915,10916,10915,1
2019-04-26,15:42:44,10915,10916,10915,1
2019-04-26,15:42:44,10915,10916,10915,9
2019-04-26,15:42:44,10915,10916,10915,1
2019-04-26,15:42:44,10915,10916,10915,1
2019-04-26,15:42:49,10914,10916,10916,25
2019-04-26,15:42:52,10915,10916,10915,1
2019-04-26,15:42:59,10915,10916,10916,1
2019-04-26,15:43:03,10915,10916,10916,1
2019-04-26,15:43:09,10915,10916,10915,1
2019-04-26,15:43:18,10915,10916,10915,1
2019-04-26,15:43:22,10915,10916,10915,1
2019-04-26,15:43:24,10915,10916,10915,2
2019-04-26,15:43:30,10915,10916,10915,2
2019-04-26,15:43:44,10915,10916,10915,1
2019-04-26,15:44:16,10915,10916,10915,1
2019-04-26,15:44:32,10915,10916,10916,1
2019-04-26,15:44:33,10915,10916,10915,1
2019-04-26,15:44:43,10915,10916,10916,2
2019-04-26,15:44:45,10915,10916,10915,3
2019-04-26,15:44:46,10915,10916,10915,1
2019-04-26,15:44:51,10915,10916,10915,1
2019-04-26,15:44:51,10915,10916,10915,1
2019-04-26,15:44:52,10915,10916,10914,5
2019-04-26,15:44:52,10915,10916,10915,9
2019-04-26,15:45:04,10914,10915,10915,1
2019-04-26,15:45:04,10914,10916,10914,1
2019-04-26,15:45:04,10914,10916,10914,1
2019-04-26,15:45:05,10914,10916,10916,4
2019-04-26,15:45:05,10914,10916,10914,1
2019-04-26,15:45:13,10914,10915,10915,1
2019-04-26,15:45:29,10915,10916,10916,4
2019-04-26,15:45:29,10915,10916,10916,4
2019-04-26,15:45:45,10915,10916,10916,12
2019-04-26,15:45:54,10916,10917,10916,2
2019-04-26,15:45:55,10916,10917,10916,2
2019-04-26,15:46:00,10915,10917,10915,20
2019-04-26,15:46:00,10915,10916,10915,16
2019-04-26,15:46:01,10915,10916,10915,5
2019-04-26,15:46:29,10915,10916,10916,1
2019-04-26,15:46:56,10915,10916,10916,1
2019-04-26,15:46:58,10915,10916,10916,1
2019-04-26,15:46:59,10915,10916,10914,10
2019-04-26,15:46:59,10915,10916,10915,10
2019-04-26,15:47:04,10914,10915,10915,1
2019-04-26,15:47:13,10915,10916,10915,3
2019-04-26,15:47:17,10915,10916,10915,2
2019-04-26,15:47:18,10915,10916,10916,1
2019-04-26,15:47:24,10915,10916,10916,1
2019-04-26,15:47:26,10915,10916,10916,2
2019-04-26,15:47:26,10915,10916,10916,13
2019-04-26,15:47:30,10916,10917,10916,5
2019-04-26,15:47:33,10916,10917,10916,1
2019-04-26,15:47:33,10916,10917,10917,50
2019-04-26,15:47:33,10916,10917,10917,2
2019-04-26,15:47:33,10916,10917,10917,1
2019-04-26,15:47:34,10916,10917,10917,1
2019-04-26,15:47:47,10916,10917,10917,1
2019-04-26,15:47:49,10916,10917,10916,1
2019-04-26,15:47:50,10916,10917,10917,1
2019-04-26,15:47:52,10916,10917,10917,1
2019-04-26,15:47:53,10916,10917,10917,1
2019-04-26,15:47:56,10916,10917,10916,20
2019-04-26,15:48:03,10916,10917,10917,1
2019-04-26,15:48:03,10916,10917,10917,1
2019-04-26,15:48:03,10916,10917,10917,1
2019-04-26,15:48:06,10916,10917,10917,1
2019-04-26,15:48:06,10916,10917,10917,1
2019-04-26,15:48:09,10916,10917,10917,1
2019-04-26,15:48:09,10916,10917,10917,2
2019-04-26,15:48:09,10916,10917,10917,5
2019-04-26,15:49:06,10917,10918,10917,1
2019-04-26,15:49:10,10917,10918,10918,1
2019-04-26,15:49:13,10917,10918,10918,1
2019-04-26,15:49:15,10917,10918,10918,1
2019-04-26,15:49:16,10917,10918,10918,1
2019-04-26,15:49:18,10917,10918,10918,1
2019-04-26,15:49:19,10917,10918,10918,1
2019-04-26,15:49:20,10917,10918,10918,1
2019-04-26,15:49:23,10917,10918,10917,4
2019-04-26,15:49:24,10917,10918,10918,2
2019-04-26,15:49:33,10917,10918,10918,5
2019-04-26,15:49:37,10917,10918,10918,1
2019-04-26,15:49:37,10917,10918,10918,1
2019-04-26,15:49:37,10917,10918,10918,1
2019-04-26,15:49:39,10917,10918,10918,1
2019-04-26,15:49:39,10917,10918,10918,1
2019-04-26,15:49:39,10917,10918,10918,1
2019-04-26,15:49:49,10918,10919,10919,2
2019-04-26,15:49:55,10918,10919,10919,5
2019-04-26,15:49:56,10918,10919,10919,4
2019-04-26,15:50:00,10918,10919,10919,1
2019-04-26,15:50:06,10918,10919,10919,7
2019-04-26,15:50:06,10918,10919,10919,1
2019-04-26,15:50:08,10918,10919,10919,1
2019-04-26,15:50:11,10918,10919,10919,2
2019-04-26,15:50:15,10918,10919,10919,1
2019-04-26,15:50:36,10918,10919,10919,10
2019-04-26,15:50:38,10918,10919,10918,1
2019-04-26,15:50:38,10918,10919,10919,1
2019-04-26,15:50:41,10918,10919,10919,2
2019-04-26,15:50:47,10918,10919,10919,1
2019-04-26,15:50:47,10918,10919,10919,2
2019-04-26,15:50:50,10918,10919,10919,1
2019-04-26,15:50:52,10918,10919,10919,2
2019-04-26,15:50:54,10918,10919,10919,1
2019-04-26,15:51:01,10918,10919,10919,14
2019-04-26,15:51:07,10918,10919,10919,2
2019-04-26,15:51:07,10918,10919,10919,1
2019-04-26,15:51:08,10918,10919,10919,3
2019-04-26,15:51:09,10918,10919,10919,1
2019-04-26,15:51:12,10919,10920,10919,1
2019-04-26,15:51:20,10919,10920,10919,4
2019-04-26,15:51:24,10919,10920,10919,1
2019-04-26,15:51:24,10919,10920,10919,4
2019-04-26,15:51:26,10919,10920,10919,1
2019-04-26,15:51:26,10919,10920,10919,1
2019-04-26,15:51:30,10919,10920,10919,3
2019-04-26,15:51:30,10919,10920,10919,1
2019-04-26,15:51:33,10918,10919,10919,4
2019-04-26,15:51:34,10918,10919,10919,1
2019-04-26,15:51:44,10918,10919,10918,1
2019-04-26,15:51:51,10918,10919,10919,1
2019-04-26,15:51:54,10918,10919,10919,1
2019-04-26,15:51:56,10918,10919,10919,4
2019-04-26,15:51:59,10919,10920,10920,1
2019-04-26,15:52:04,10919,10920,10920,1
2019-04-26,15:52:07,10919,10920,10920,1
2019-04-26,15:52:15,10919,10920,10920,1
2019-04-26,15:52:18,10919,10920,10920,1
2019-04-26,15:52:18,10919,10920,10920,1
2019-04-26,15:52:23,10919,10920,10920,5
2019-04-26,15:52:30,10919,10920,10920,1
2019-04-26,15:52:32,10919,10920,10919,3
2019-04-26,15:52:32,10919,10920,10919,6
2019-04-26,15:52:40,10918,10919,10918,1
2019-04-26,15:52:56,10918,10919,10918,1
2019-04-26,15:53:05,10918,10919,10919,1
2019-04-26,15:53:08,10918,10919,10918,1
2019-04-26,15:53:09,10918,10919,10919,2
2019-04-26,15:53:17,10918,10919,10919,3
2019-04-26,15:53:17,10918,10919,10919,1
2019-04-26,15:53:21,10918,10919,10919,3
2019-04-26,15:53:22,10918,10919,10919,2
2019-04-26,15:53:25,10918,10919,10919,1
2019-04-26,15:53:34,10918,10919,10919,2
2019-04-26,15:53:38,10919,10920,10919,5
2019-04-26,15:53:47,10919,10920,10919,1
2019-04-26,15:53:48,10919,10920,10919,2
2019-04-26,15:53:49,10918,10919,10919,3
2019-04-26,15:53:49,10918,10919,10919,1
2019-04-26,15:53:51,10919,10920,10919,1
2019-04-26,15:53:56,10919,10920,10919,1
2019-04-26,15:54:02,10919,10920,10920,10
2019-04-26,15:54:02,10919,10920,10920,1
2019-04-26,15:54:03,10919,10920,10919,2
2019-04-26,15:54:08,10919,10920,10919,1
2019-04-26,15:54:08,10919,10920,10920,1
2019-04-26,15:54:08,10919,10920,10920,2
2019-04-26,15:54:08,10919,10920,10920,1
2019-04-26,15:54:08,10919,10920,10920,1
2019-04-26,15:54:08,10919,10920,10920,2
2019-04-26,15:54:08,10919,10920,10920,3
2019-04-26,15:54:16,10919,10920,10920,1
2019-04-26,15:54:20,10919,10920,10919,1
2019-04-26,15:54:27,10919,10920,10919,1
2019-04-26,15:54:27,10919,10920,10919,1
2019-04-26,15:54:30,10919,10920,10919,9
2019-04-26,15:54:31,10918,10919,10919,2
2019-04-26,15:54:40,10918,10919,10919,1
2019-04-26,15:54:44,10918,10919,10919,2
2019-04-26,15:55:00,10918,10919,10919,2
2019-04-26,15:55:02,10918,10919,10919,2
2019-04-26,15:55:02,10918,10919,10919,2
2019-04-26,15:55:05,10918,10919,10919,1
2019-04-26,15:55:06,10918,10919,10919,1
2019-04-26,15:55:12,10919,10920,10919,1
2019-04-26,15:55:13,10919,10920,10919,1
2019-04-26,15:55:13,10919,10920,10919,1
2019-04-26,15:55:13,10919,10920,10919,2
2019-04-26,15:55:14,10918,10919,10919,2
2019-04-26,15:55:24,10918,10919,10919,2
2019-04-26,15:55:24,10918,10919,10919,2
2019-04-26,15:55:31,10918,10919,10919,1
2019-04-26,15:55:32,10919,10920,10919,1
2019-04-26,15:55:34,10918,10919,10919,1
2019-04-26,15:55:44,10919,10920,10919,1
2019-04-26,15:55:49,10918,10919,10919,2
2019-04-26,15:56:04,10918,10919,10918,3
2019-04-26,15:56:14,10918,10919,10918,1
2019-04-26,15:56:17,10918,10919,10918,2
2019-04-26,15:56:24,10918,10919,10918,1
2019-04-26,15:56:30,10918,10919,10918,16
2019-04-26,15:56:30,10918,10919,10918,3
2019-04-26,15:56:31,10917,10918,10918,1
2019-04-26,15:56:42,10917,10918,10917,4
2019-04-26,15:56:43,10917,10918,10917,1
2019-04-26,15:56:51,10917,10918,10917,1
2019-04-26,15:56:57,10917,10918,10917,2
2019-04-26,15:56:59,10917,10918,10917,1
2019-04-26,15:57:00,10916,10917,10917,1
2019-04-26,15:57:00,10916,10917,10917,1
2019-04-26,15:57:02,10916,10917,10917,1
2019-04-26,15:57:27,10917,10918,10917,1
2019-04-26,15:57:28,10917,10918,10917,1
2019-04-26,15:57:58,10917,10918,10918,3
2019-04-26,15:57:58,10917,10918,10918,8
2019-04-26,15:57:58,10917,10918,10918,9
2019-04-26,15:58:01,10918,10919,10918,1
2019-04-26,15:58:07,10917,10918,10918,1
2019-04-26,15:58:17,10918,10919,10918,1
2019-04-26,15:58:19,10918,10919,10919,18
2019-04-26,15:58:19,10918,10919,10919,1
2019-04-26,15:58:19,10918,10919,10919,4
2019-04-26,15:58:19,10918,10919,10919,11
2019-04-26,15:58:22,10919,10920,10920,1
2019-04-26,15:58:23,10919,10920,10920,6
2019-04-26,15:58:23,10919,10920,10920,14
2019-04-26,15:58:23,10919,10920,10920,2
2019-04-26,15:58:24,10919,10920,10920,2
2019-04-26,15:58:24,10919,10920,10920,4
2019-04-26,15:58:24,10919,10920,10920,1
2019-04-26,15:58:32,10919,10920,10920,1
2019-04-26,15:58:41,10919,10920,10919,1
2019-04-26,15:58:51,10919,10920,10920,1
2019-04-26,15:58:53,10919,10920,10920,1
2019-04-26,15:58:54,10919,10920,10919,4
2019-04-26,15:58:54,10919,10920,10919,8
2019-04-26,15:59:07,10918,10919,10919,1
2019-04-26,15:59:08,10919,10920,10919,3
2019-04-26,15:59:08,10919,10920,10919,1
2019-04-26,15:59:27,10918,10919,10919,2
2019-04-26,15:59:53,10918,10919,10919,1
2019-04-26,15:59:59,10918,10919,10918,3
2019-04-26,16:00:08,10918,10919,10919,2
2019-04-26,16:00:08,10918,10919,10919,5
2019-04-26,16:00:09,10919,10920,10920,4
2019-04-26,16:00:09,10919,10920,10920,1
2019-04-26,16:00:09,10919,10920,10919,2
2019-04-26,16:00:14,10919,10920,10920,1
2019-04-26,16:00:14,10919,10920,10920,1
2019-04-26,16:00:36,10919,10920,10919,1
2019-04-26,16:00:47,10919,10920,10920,1
2019-04-26,16:00:51,10919,10920,10920,2
2019-04-26,16:00:51,10919,10920,10920,29
2019-04-26,16:00:58,10920,10921,10921,1
2019-04-26,16:00:58,10920,10921,10921,1
2019-04-26,16:00:58,10920,10921,10921,1
2019-04-26,16:01:00,10920,10921,10921,2
2019-04-26,16:01:03,10920,10921,10921,1
2019-04-26,16:01:05,10920,10921,10921,1
2019-04-26,16:01:05,10920,10921,10921,1
2019-04-26,16:01:14,10920,10921,10921,1
2019-04-26,16:01:15,10920,10921,10921,1
2019-04-26,16:01:18,10920,10921,10921,1
2019-04-26,16:01:22,10920,10921,10921,1
2019-04-26,16:01:23,10920,10921,10921,1
2019-04-26,16:01:28,10920,10921,10921,3
2019-04-26,16:01:28,10920,10921,10921,1
2019-04-26,16:01:29,10920,10921,10921,1
2019-04-26,16:01:32,10920,10921,10921,1
2019-04-26,16:01:38,10920,10921,10921,3
2019-04-26,16:01:45,10920,10921,10921,2
2019-04-26,16:01:48,10920,10921,10921,2
2019-04-26,16:01:49,10920,10921,10920,4
2019-04-26,16:01:50,10920,10921,10921,3
2019-04-26,16:01:50,10920,10921,10921,1
2019-04-26,16:01:50,10920,10921,10920,19
2019-04-26,16:01:50,10919,10920,10920,19
2019-04-26,16:01:56,10919,10920,10920,2
2019-04-26,16:02:00,10919,10920,10920,1
2019-04-26,16:02:09,10919,10920,10919,3
2019-04-26,16:02:09,10919,10920,10919,8
2019-04-26,16:02:10,10918,10919,10919,11
2019-04-26,16:02:32,10918,10919,10919,1
2019-04-26,16:02:39,10918,10919,10918,1
2019-04-26,16:02:41,10918,10919,10919,1
2019-04-26,16:02:41,10918,10919,10918,1
2019-04-26,16:02:49,10918,10919,10918,1
2019-04-26,16:02:52,10918,10919,10919,1
2019-04-26,16:02:53,10918,10919,10918,1
2019-04-26,16:03:21,10918,10919,10919,9
2019-04-26,16:03:24,10919,10920,10919,1
2019-04-26,16:03:41,10918,10919,10919,1
2019-04-26,16:03:41,10918,10920,10918,2
2019-04-26,16:03:41,10918,10919,10918,1
2019-04-26,16:03:55,10918,10919,10918,1
2019-04-26,16:03:59,10918,10919,10918,1
2019-04-26,16:03:59,10918,10919,10918,2
2019-04-26,16:04:01,10917,10918,10918,1
2019-04-26,16:04:28,10917,10918,10918,1
2019-04-26,16:05:10,10917,10918,10917,1
2019-04-26,16:05:10,10917,10918,10918,1
2019-04-26,16:05:10,10917,10918,10918,1
2019-04-26,16:05:10,10917,10918,10918,7
2019-04-26,16:05:16,10917,10918,10918,1
2019-04-26,16:05:22,10917,10918,10917,3
2019-04-26,16:05:23,10917,10918,10917,2
2019-04-26,16:05:39,10917,10918,10917,2
2019-04-26,16:05:45,10917,10918,10917,5
2019-04-26,16:05:56,10917,10918,10917,2
2019-04-26,16:05:57,10917,10918,10917,1
2019-04-26,16:05:57,10917,10918,10917,1
2019-04-26,16:05:57,10917,10918,10917,1
2019-04-26,16:05:57,10917,10918,10917,1
2019-04-26,16:05:57,10917,10918,10917,1
2019-04-26,16:05:57,10917,10918,10917,1
2019-04-26,16:05:57,10917,10918,10917,6
2019-04-26,16:06:04,10916,10917,10916,3
2019-04-26,16:06:04,10916,10917,10916,1
2019-04-26,16:06:09,10916,10917,10916,1
2019-04-26,16:06:10,10916,10917,10916,1
2019-04-26,16:06:13,10916,10917,10916,2
2019-04-26,16:06:14,10916,10917,10917,2
2019-04-26,16:06:31,10916,10917,10917,1
2019-04-26,16:06:41,10916,10917,10917,1
2019-04-26,16:06:41,10916,10917,10917,1
2019-04-26,16:06:55,10916,10917,10917,1
2019-04-26,16:06:57,10917,10918,10917,4
2019-04-26,16:07:18,10916,10917,10917,1
2019-04-26,16:07:32,10916,10917,10917,1
2019-04-26,16:07:32,10916,10917,10917,1
2019-04-26,16:07:32,10916,10917,10917,2
2019-04-26,16:08:21,10916,10917,10917,1
2019-04-26,16:08:33,10916,10917,10917,1
2019-04-26,16:08:50,10916,10917,10916,1
2019-04-26,16:08:53,10916,10917,10916,1
2019-04-26,16:08:54,10915,10916,10916,1
2019-04-26,16:09:01,10915,10916,10916,1
2019-04-26,16:09:02,10915,10916,10916,1
2019-04-26,16:09:04,10915,10916,10916,14
2019-04-26,16:09:04,10915,10916,10916,2
2019-04-26,16:09:04,10915,10916,10916,2
2019-04-26,16:09:04,10915,10916,10917,4
2019-04-26,16:09:04,10915,10917,10917,1
2019-04-26,16:09:04,10915,10917,10917,1
2019-04-26,16:09:17,10915,10916,10916,2
2019-04-26,16:09:37,10915,10916,10916,5
2019-04-26,16:09:38,10916,10917,10916,1
2019-04-26,16:09:56,10916,10917,10917,7
2019-04-26,16:09:57,10916,10917,10917,9
2019-04-26,16:11:02,10917,10918,10917,3
2019-04-26,16:11:03,10917,10918,10918,2
2019-04-26,16:11:11,10917,10918,10918,1
2019-04-26,16:11:22,10917,10918,10918,1
2019-04-26,16:11:31,10917,10918,10918,1
2019-04-26,16:11:32,10917,10918,10917,1
2019-04-26,16:11:59,10917,10918,10917,1
2019-04-26,16:12:19,10917,10918,10918,1
2019-04-26,16:12:20,10917,10918,10917,1
2019-04-26,16:12:42,10917,10918,10918,1
2019-04-26,16:13:11,10917,10918,10918,1
2019-04-26,16:13:38,10917,10918,10918,1
2019-04-26,16:13:41,10917,10918,10918,3
2019-04-26,16:14:01,10917,10918,10917,1
2019-04-26,16:14:04,10917,10918,10918,1
2019-04-26,16:14:33,10917,10918,10917,1
2019-04-26,16:15:07,10917,10918,10917,4
2019-04-26,16:15:17,10917,10918,10917,1
2019-04-26,16:15:23,10917,10918,10917,4
2019-04-26,16:15:23,10917,10918,10917,1
2019-04-26,16:15:31,10917,10918,10917,2
2019-04-26,16:15:31,10917,10918,10917,10
2019-04-26,16:15:34,10916,10917,10917,1
2019-04-26,16:15:35,10916,10917,10916,7
2019-04-26,16:15:50,10915,10916,10916,2
2019-04-26,16:15:56,10915,10916,10916,1
2019-04-26,16:16:08,10916,10917,10917,1
2019-04-26,16:16:08,10916,10917,10918,3
2019-04-26,16:17:06,10917,10918,10918,3
2019-04-26,16:17:12,10917,10918,10918,3
2019-04-26,16:17:13,10917,10918,10918,1
2019-04-26,16:17:14,10917,10918,10918,1
2019-04-26,16:17:16,10917,10918,10918,1
2019-04-26,16:17:21,10917,10918,10918,3
2019-04-26,16:17:25,10917,10918,10918,1
2019-04-26,16:17:35,10917,10918,10918,4
2019-04-26,16:17:45,10918,10919,10918,2
2019-04-26,16:17:57,10917,10918,10918,1
2019-04-26,16:18:15,10918,10919,10919,1
2019-04-26,16:18:15,10918,10919,10919,1
2019-04-26,16:18:16,10918,10919,10919,1
2019-04-26,16:18:24,10919,10920,10919,1
2019-04-26,16:18:49,10919,10920,10919,3
2019-04-26,16:19:02,10919,10920,10919,1
2019-04-26,16:19:03,10919,10920,10918,48
2019-04-26,16:19:03,10919,10920,10919,2
2019-04-26,16:19:03,10918,10919,10918,5
2019-04-26,16:19:03,10918,10919,10918,2
2019-04-26,16:19:05,10917,10918,10917,1
2019-04-26,16:19:12,10917,10918,10917,1
2019-04-26,16:19:25,10917,10918,10917,1
2019-04-26,16:19:33,10917,10918,10917,1
2019-04-26,16:20:03,10917,10918,10917,1
2019-04-26,16:20:22,10916,10917,10917,1
2019-04-26,16:20:23,10916,10917,10917,1
2019-04-26,16:20:53,10916,10917,10917,1
2019-04-26,16:20:54,10916,10917,10916,1
2019-04-26,16:21:35,10916,10917,10917,1
2019-04-26,16:21:35,10916,10917,10917,1
2019-04-26,16:21:36,10916,10917,10917,1
2019-04-26,16:21:36,10916,10917,10917,1
2019-04-26,16:21:36,10916,10917,10917,1
2019-04-26,16:21:36,10916,10917,10917,1
2019-04-26,16:21:52,10916,10917,10917,2
2019-04-26,16:22:02,10917,10918,10918,1
2019-04-26,16:22:02,10917,10918,10918,1
2019-04-26,16:22:03,10917,10918,10918,1
2019-04-26,16:22:03,10917,10918,10918,2
2019-04-26,16:22:03,10917,10918,10918,1
2019-04-26,16:22:05,10917,10918,10917,1
2019-04-26,16:22:25,10917,10918,10918,1
2019-04-26,16:22:40,10917,10918,10917,1
2019-04-26,16:22:47,10917,10918,10918,1
2019-04-26,16:22:47,10917,10918,10918,1
2019-04-26,16:22:48,10917,10918,10918,1
2019-04-26,16:22:52,10917,10918,10918,2
2019-04-26,16:22:52,10917,10918,10918,3
2019-04-26,16:22:52,10918,10919,10919,2
2019-04-26,16:22:53,10918,10919,10919,2
2019-04-26,16:22:54,10918,10919,10919,2
2019-04-26,16:22:56,10918,10919,10919,2
2019-04-26,16:22:57,10918,10919,10919,2
2019-04-26,16:22:59,10918,10919,10919,2
2019-04-26,16:23:00,10918,10919,10919,2
2019-04-26,16:23:00,10918,10919,10919,2
2019-04-26,16:23:02,10918,10919,10918,6
2019-04-26,16:23:03,10918,10919,10919,2
2019-04-26,16:23:14,10918,10919,10919,2
2019-04-26,16:23:19,10918,10919,10919,2
2019-04-26,16:23:21,10918,10919,10919,2
2019-04-26,16:23:26,10918,10919,10919,1
2019-04-26,16:23:30,10918,10919,10918,4
2019-04-26,16:23:31,10918,10919,10919,1
2019-04-26,16:23:42,10918,10919,10919,2
2019-04-26,16:23:44,10918,10919,10919,2
2019-04-26,16:23:45,10918,10919,10919,1
2019-04-26,16:23:57,10918,10919,10919,1
2019-04-26,16:24:00,10918,10919,10919,1
2019-04-26,16:24:01,10919,10920,10920,2
2019-04-26,16:24:02,10919,10920,10920,1
2019-04-26,16:24:02,10919,10920,10919,2
2019-04-26,16:24:06,10919,10920,10920,1
2019-04-26,16:24:36,10919,10920,10919,1
2019-04-26,16:24:44,10919,10920,10919,1
2019-04-26,16:25:00,10919,10920,10919,1
2019-04-26,16:25:24,10919,10920,10920,2
2019-04-26,16:25:49,10919,10920,10920,1
2019-04-26,16:26:01,10919,10920,10920,1
2019-04-26,16:26:09,10919,10920,10919,1
2019-04-26,16:26:17,10919,10920,10919,1
2019-04-26,16:26:20,10919,10920,10919,4
2019-04-26,16:26:32,10919,10920,10920,1
2019-04-26,16:26:40,10919,10920,10920,1
2019-04-26,16:26:40,10919,10920,10920,1
2019-04-26,16:26:41,10919,10920,10920,1
2019-04-26,16:27:00,10919,10920,10920,4
2019-04-26,16:27:31,10919,10920,10920,4
2019-04-26,16:27:33,10919,10920,10920,1
2019-04-26,16:27:35,10919,10920,10920,1
2019-04-26,16:27:50,10919,10920,10920,2
2019-04-26,16:27:53,10919,10920,10920,1
2019-04-26,16:28:01,10919,10920,10920,2
2019-04-26,16:28:26,10919,10920,10920,3
2019-04-26,16:28:40,10919,10920,10920,1
2019-04-26,16:28:49,10919,10920,10920,1
2019-04-26,16:28:55,10919,10920,10920,1
2019-04-26,16:28:59,10919,10920,10920,2
2019-04-26,16:29:08,10919,10920,10920,2
2019-04-26,16:29:17,10919,10920,10920,2
2019-04-26,16:29:28,10919,10920,10920,5
2019-04-26,16:29:28,10919,10920,10920,4
2019-04-26,16:29:28,10919,10920,10920,5
2019-04-26,16:29:28,10919,10920,10920,4
2019-04-26,16:29:28,10919,10920,10920,4
2019-04-26,16:29:28,10919,10920,10920,3
2019-04-26,16:29:28,10919,10920,10920,8
2019-04-26,16:29:28,10919,10920,10920,8
2019-04-26,16:29:28,10919,10920,10920,1
2019-04-26,16:29:31,10920,10921,10921,2
2019-04-26,16:29:32,10920,10921,10921,1
2019-04-26,16:29:33,10920,10921,10921,1
2019-04-26,16:29:34,10920,10921,10921,1
2019-04-26,16:29:34,10920,10921,10921,2
2019-04-26,16:29:34,10920,10921,10921,4
2019-04-26,16:29:34,10921,10922,10921,1
2019-04-26,16:29:39,10921,10922,10921,1
2019-04-26,16:29:43,10921,10922,10922,1
2019-04-26,16:29:44,10921,10922,10922,1
2019-04-26,16:29:44,10921,10922,10922,4
2019-04-26,16:29:44,10921,10922,10922,2
2019-04-26,16:29:46,10921,10922,10922,5
2019-04-26,16:29:46,10921,10922,10922,2
2019-04-26,16:29:47,10921,10922,10922,1
2019-04-26,16:29:48,10921,10922,10922,3
2019-04-26,16:29:49,10922,10923,10922,2
2019-04-26,16:30:02,10922,10923,10922,1
2019-04-26,16:30:03,10922,10923,10923,1
2019-04-26,16:30:03,10922,10923,10923,1
2019-04-26,16:30:03,10922,10923,10922,1
2019-04-26,16:30:03,10922,10923,10923,1
2019-04-26,16:30:03,10922,10923,10923,2
2019-04-26,16:30:04,10922,10923,10923,1
2019-04-26,16:30:04,10922,10923,10922,1
2019-04-26,16:30:04,10922,10923,10923,1
2019-04-26,16:30:05,10922,10923,10923,1
2019-04-26,16:30:10,10922,10923,10922,1
2019-04-26,16:30:12,10922,10923,10922,8
2019-04-26,16:30:12,10922,10923,10922,1
2019-04-26,16:30:14,10921,10922,10922,1
2019-04-26,16:30:14,10921,10922,10922,1
2019-04-26,16:30:19,10921,10922,10922,1
2019-04-26,16:30:35,10921,10922,10922,2
2019-04-26,16:30:41,10921,10922,10922,1
2019-04-26,16:30:43,10921,10922,10922,2
2019-04-26,16:30:48,10921,10922,10921,1
2019-04-26,16:30:53,10921,10922,10921,1
2019-04-26,16:30:58,10921,10922,10921,15
2019-04-26,16:30:58,10920,10921,10921,1
2019-04-26,16:30:58,10920,10921,10921,4
2019-04-26,16:31:04,10921,10922,10921,2
2019-04-26,16:31:07,10921,10922,10921,1
2019-04-26,16:31:07,10921,10922,10921,1
2019-04-26,16:31:13,10921,10922,10921,2
2019-04-26,16:31:16,10921,10922,10921,1
2019-04-26,16:31:29,10921,10922,10922,3
2019-04-26,16:31:31,10921,10922,10922,1
2019-04-26,16:31:37,10921,10922,10922,2
2019-04-26,16:31:42,10921,10922,10922,1
2019-04-26,16:31:44,10922,10923,10922,2
2019-04-26,16:31:45,10922,10923,10922,1
2019-04-26,16:31:57,10922,10923,10922,1
2019-04-26,16:32:12,10922,10923,10922,1
2019-04-26,16:32:13,10922,10923,10923,3
2019-04-26,16:32:17,10922,10923,10923,4
2019-04-26,16:32:24,10922,10923,10923,2
2019-04-26,16:32:24,10922,10923,10923,24
2019-04-26,16:32:34,10923,10924,10924,2
2019-04-26,16:32:34,10923,10924,10924,1
2019-04-26,16:32:38,10923,10924,10924,2
2019-04-26,16:32:40,10923,10924,10923,2
2019-04-26,16:32:41,10923,10924,10924,1
2019-04-26,16:32:42,10923,10924,10924,1
2019-04-26,16:32:43,10923,10924,10923,3
2019-04-26,16:32:44,10923,10924,10923,1
2019-04-26,16:32:45,10923,10924,10924,4
2019-04-26,16:32:52,10923,10924,10924,1
2019-04-26,16:32:53,10923,10924,10924,2
2019-04-26,16:33:03,10923,10924,10924,4
2019-04-26,16:33:07,10923,10924,10924,1
2019-04-26,16:33:15,10923,10924,10923,5
2019-04-26,16:33:16,10923,10924,10923,5
2019-04-26,16:33:26,10923,10924,10923,1
2019-04-26,16:33:27,10923,10924,10923,1
2019-04-26,16:33:49,10923,10924,10923,1
2019-04-26,16:33:50,10923,10924,10923,2
2019-04-26,16:33:50,10923,10924,10923,18
2019-04-26,16:33:50,10923,10924,10923,2
2019-04-26,16:33:50,10923,10924,10923,1
2019-04-26,16:33:53,10922,10923,10923,1
2019-04-26,16:33:54,10922,10923,10923,1
2019-04-26,16:33:58,10922,10923,10923,1
2019-04-26,16:33:59,10922,10923,10923,1
2019-04-26,16:34:00,10922,10923,10922,2
2019-04-26,16:34:04,10922,10923,10923,1
2019-04-26,16:34:05,10923,10924,10924,1
2019-04-26,16:34:16,10923,10924,10923,1
2019-04-26,16:34:16,10923,10924,10923,1
2019-04-26,16:34:18,10922,10923,10923,6
2019-04-26,16:34:51,10922,10923,10923,2
2019-04-26,16:35:13,10922,10923,10923,2
2019-04-26,16:35:25,10922,10923,10922,8
2019-04-26,16:35:25,10922,10923,10922,1
2019-04-26,16:35:25,10922,10923,10922,5
2019-04-26,16:35:30,10921,10922,10922,1
2019-04-26,16:35:39,10921,10922,10921,1
2019-04-26,16:36:05,10921,10922,10921,1
2019-04-26,16:36:06,10921,10922,10921,1
2019-04-26,16:36:08,10921,10922,10921,2
2019-04-26,16:36:09,10921,10922,10922,1
2019-04-26,16:36:09,10921,10922,10921,1
2019-04-26,16:36:19,10920,10921,10921,1
2019-04-26,16:36:21,10921,10922,10921,2
2019-04-26,16:36:33,10921,10922,10921,1
2019-04-26,16:36:51,10921,10922,10921,1
2019-04-26,16:36:52,10921,10922,10921,1
2019-04-26,16:36:53,10921,10922,10921,1
2019-04-26,16:36:56,10920,10921,10921,1
2019-04-26,16:37:02,10921,10922,10921,1
2019-04-26,16:37:13,10921,10922,10921,2
2019-04-26,16:37:16,10920,10921,10921,2
2019-04-26,16:37:23,10920,10921,10921,2
2019-04-26,16:37:37,10920,10921,10920,3
2019-04-26,16:37:39,10920,10921,10920,1
2019-04-26,16:37:46,10920,10921,10920,6
2019-04-26,16:37:47,10919,10920,10920,2
2019-04-26,16:38:08,10919,10920,10920,1
2019-04-26,16:38:19,10919,10920,10920,1
2019-04-26,16:38:20,10919,10920,10919,1
2019-04-26,16:38:28,10919,10920,10919,1
2019-04-26,16:39:46,10919,10920,10919,1
2019-04-26,16:39:56,10919,10920,10920,4
2019-04-26,16:40:12,10919,10920,10920,1
2019-04-26,16:40:15,10919,10920,10920,1
2019-04-26,16:40:42,10919,10920,10919,5
2019-04-26,16:40:42,10919,10920,10919,1
2019-04-26,16:40:42,10919,10920,10919,1
2019-04-26,16:40:42,10919,10920,10919,2
2019-04-26,16:40:42,10919,10920,10919,16
2019-04-26,16:40:42,10919,10920,10919,1
2019-04-26,16:40:42,10919,10920,10919,1
2019-04-26,16:40:42,10919,10920,10919,16
2019-04-26,16:40:42,10919,10920,10919,1
2019-04-26,16:40:43,10918,10919,10918,1
2019-04-26,16:40:43,10918,10919,10918,2
2019-04-26,16:40:43,10918,10919,10919,3
2019-04-26,16:40:48,10918,10919,10919,1
2019-04-26,16:40:53,10918,10919,10918,2
2019-04-26,16:41:17,10917,10918,10917,2
2019-04-26,16:41:18,10917,10918,10917,1
2019-04-26,16:41:20,10917,10918,10917,1
2019-04-26,16:41:25,10917,10918,10917,1
2019-04-26,16:41:25,10917,10918,10917,1
2019-04-26,16:41:26,10917,10918,10917,3
2019-04-26,16:41:35,10916,10917,10917,2
2019-04-26,16:41:49,10916,10917,10916,1
2019-04-26,16:41:54,10916,10917,10916,1
2019-04-26,16:42:00,10916,10917,10916,2
2019-04-26,16:42:10,10916,10917,10916,1
2019-04-26,16:42:11,10916,10917,10916,2
2019-04-26,16:42:13,10916,10917,10916,4
2019-04-26,16:42:20,10916,10917,10916,2
2019-04-26,16:42:35,10916,10917,10916,2
2019-04-26,16:42:38,10916,10917,10916,2
2019-04-26,16:42:41,10916,10917,10916,5
2019-04-26,16:42:41,10916,10917,10916,1
2019-04-26,16:42:57,10916,10917,10917,1
2019-04-26,16:42:58,10916,10917,10917,5
2019-04-26,16:43:00,10916,10917,10916,4
2019-04-26,16:43:04,10916,10917,10917,5
2019-04-26,16:43:13,10917,10918,10917,1
2019-04-26,16:43:23,10917,10918,10917,1
2019-04-26,16:43:28,10917,10918,10917,3
2019-04-26,16:43:37,10916,10917,10916,1
2019-04-26,16:43:38,10916,10917,10917,3
2019-04-26,16:43:39,10916,10917,10916,1
2019-04-26,16:43:50,10916,10917,10917,5
2019-04-26,16:43:50,10916,10917,10916,1
2019-04-26,16:44:00,10916,10917,10917,2
2019-04-26,16:44:01,10917,10918,10917,3
2019-04-26,16:44:19,10916,10917,10917,1
2019-04-26,16:44:23,10916,10917,10917,1
2019-04-26,16:44:40,10916,10917,10917,1
2019-04-26,16:44:43,10916,10917,10917,1
2019-04-26,16:44:44,10916,10917,10917,1
2019-04-26,16:44:51,10916,10917,10917,1
2019-04-26,16:44:57,10917,10918,10917,4
2019-04-26,16:45:24,10917,10918,10917,1
2019-04-26,16:45:36,10917,10918,10917,2
2019-04-26,16:45:37,10917,10918,10917,1
2019-04-26,16:46:00,10917,10918,10918,1
2019-04-26,16:46:01,10917,10918,10918,1
2019-04-26,16:46:01,10917,10918,10918,1
2019-04-26,16:46:04,10917,10918,10918,1
2019-04-26,16:46:04,10917,10918,10918,4
2019-04-26,16:46:09,10918,10919,10918,1
2019-04-26,16:46:24,10918,10919,10919,5
2019-04-26,16:46:27,10918,10919,10919,1
2019-04-26,16:46:29,10918,10919,10919,5
2019-04-26,16:46:30,10918,10919,10919,2
2019-04-26,16:46:32,10918,10919,10919,5
2019-04-26,16:46:48,10918,10919,10919,2
2019-04-26,16:47:22,10918,10919,10919,1
2019-04-26,16:47:41,10919,10920,10919,1
2019-04-26,16:47:41,10919,10920,10919,2
2019-04-26,16:47:49,10919,10920,10919,1
2019-04-26,16:48:07,10918,10919,10919,1
2019-04-26,16:48:08,10919,10920,10920,1
2019-04-26,16:48:36,10919,10920,10920,5
2019-04-26,16:48:36,10919,10920,10920,1
2019-04-26,16:49:39,10919,10920,10920,1
2019-04-26,16:50:51,10919,10920,10920,1
2019-04-26,16:50:59,10919,10920,10920,1
2019-04-26,16:51:03,10919,10920,10920,1
2019-04-26,16:51:32,10919,10920,10919,2
2019-04-26,16:51:34,10919,10920,10919,1
2019-04-26,16:51:41,10919,10920,10919,1
2019-04-26,16:51:53,10919,10920,10919,1
2019-04-26,16:51:53,10919,10920,10919,1
2019-04-26,16:51:59,10919,10920,10919,1
2019-04-26,16:52:12,10919,10920,10919,1
2019-04-26,16:52:16,10919,10920,10919,1
2019-04-26,16:52:17,10919,10920,10919,1
2019-04-26,16:52:19,10919,10920,10919,2
2019-04-26,16:52:41,10918,10919,10919,3
2019-04-26,16:52:44,10918,10919,10919,1
2019-04-26,16:52:52,10919,10920,10919,1
2019-04-26,16:53:40,10918,10919,10918,2
2019-04-26,16:53:40,10918,10919,10918,2
2019-04-26,16:53:40,10918,10919,10918,3
2019-04-26,16:53:52,10917,10918,10918,1
2019-04-26,16:54:17,10917,10918,10918,1
2019-04-26,16:55:18,10917,10918,10918,1
2019-04-26,16:56:18,10917,10918,10918,2
2019-04-26,16:56:18,10917,10918,10917,1
2019-04-26,16:56:19,10917,10918,10917,1
2019-04-26,16:56:23,10917,10918,10917,1
2019-04-26,16:56:33,10917,10918,10917,5
2019-04-26,16:56:40,10917,10918,10917,1
2019-04-26,16:56:54,10917,10918,10917,3
2019-04-26,16:56:54,10917,10918,10917,1
2019-04-26,16:56:54,10917,10918,10917,1
2019-04-26,16:57:08,10917,10918,10917,5
2019-04-26,16:57:19,10916,10917,10917,1
2019-04-26,16:57:27,10916,10917,10917,1
2019-04-26,16:57:30,10916,10917,10917,5
2019-04-26,16:57:30,10916,10917,10917,1
2019-04-26,16:57:32,10917,10918,10916,1
2019-04-26,16:57:32,10917,10918,10917,1
2019-04-26,16:57:42,10916,10918,10916,1
2019-04-26,16:58:04,10916,10917,10917,1
2019-04-26,16:58:04,10916,10917,10917,1
2019-04-26,16:58:04,10916,10917,10917,1
2019-04-26,16:58:09,10917,10918,10917,1
2019-04-26,16:58:23,10916,10917,10917,1
2019-04-26,16:58:34,10916,10917,10916,4
2019-04-26,16:58:45,10916,10917,10917,3
2019-04-26,16:59:02,10916,10917,10917,1
2019-04-26,16:59:09,10917,10918,10917,1
2019-04-26,16:59:09,10917,10918,10917,1
2019-04-26,16:59:32,10916,10918,10916,1
2019-04-26,16:59:35,10917,10918,10917,1
2019-04-26,16:59:50,10917,10918,10917,1
2019-04-26,16:59:52,10916,10917,10917,1
2019-04-26,16:59:56,10916,10917,10917,1
2019-04-26,17:00:12,10917,10918,10917,3
2019-04-26,17:00:26,10917,10918,10917,1
2019-04-26,17:00:26,10917,10918,10917,1
2019-04-26,17:00:27,10917,10918,10918,1
2019-04-26,17:01:06,10917,10918,10917,4
2019-04-26,17:01:09,10917,10918,10917,1
2019-04-26,17:01:58,10917,10918,10918,1
2019-04-26,17:02:16,10917,10918,10918,1
2019-04-26,17:02:16,10917,10918,10918,14
2019-04-26,17:02:16,10917,10918,10918,4
2019-04-26,17:02:20,10918,10919,10919,1
2019-04-26,17:02:26,10918,10919,10919,1
2019-04-26,17:02:48,10918,10919,10918,1
2019-04-26,17:03:38,10918,10919,10918,1
2019-04-26,17:03:43,10918,10919,10918,1
2019-04-26,17:03:43,10918,10919,10918,1
2019-04-26,17:04:17,10918,10919,10918,1
2019-04-26,17:04:27,10918,10919,10918,7
2019-04-26,17:04:46,10917,10918,10918,1
2019-04-26,17:04:55,10917,10918,10918,25
2019-04-26,17:05:03,10917,10918,10918,1
2019-04-26,17:05:07,10917,10918,10918,1
2019-04-26,17:05:22,10917,10918,10918,3
2019-04-26,17:05:30,10917,10918,10917,1
2019-04-26,17:05:31,10917,10918,10917,1
2019-04-26,17:05:31,10917,10918,10917,1
2019-04-26,17:05:31,10917,10918,10917,2
2019-04-26,17:05:31,10917,10918,10917,1
2019-04-26,17:05:31,10917,10918,10917,2
2019-04-26,17:05:31,10917,10918,10917,2
2019-04-26,17:05:31,10917,10918,10917,1
2019-04-26,17:05:31,10917,10918,10917,5
2019-04-26,17:06:01,10916,10917,10916,1
2019-04-26,17:06:01,10916,10917,10916,1
2019-04-26,17:06:02,10916,10917,10916,1
2019-04-26,17:06:05,10916,10917,10916,1
2019-04-26,17:06:06,10916,10917,10916,2
2019-04-26,17:06:16,10916,10917,10916,1
2019-04-26,17:06:25,10916,10917,10916,4
2019-04-26,17:06:26,10916,10917,10916,2
2019-04-26,17:06:29,10916,10917,10916,2
2019-04-26,17:06:30,10916,10917,10916,1
2019-04-26,17:06:31,10916,10917,10916,4
2019-04-26,17:06:31,10916,10917,10916,1
2019-04-26,17:06:44,10915,10916,10916,18
2019-04-26,17:06:45,10915,10916,10916,1
2019-04-26,17:06:50,10915,10916,10915,2
2019-04-26,17:06:50,10915,10916,10915,1
2019-04-26,17:06:54,10915,10916,10916,1
2019-04-26,17:06:56,10916,10917,10917,1
2019-04-26,17:06:56,10916,10917,10917,1
2019-04-26,17:06:57,10915,10916,10916,1
2019-04-26,17:07:02,10915,10916,10916,1
2019-04-26,17:07:04,10915,10916,10916,1
2019-04-26,17:07:30,10916,10917,10916,1
2019-04-26,17:07:33,10916,10917,10916,1
2019-04-26,17:07:39,10916,10917,10916,2
2019-04-26,17:07:49,10916,10917,10916,8
2019-04-26,17:08:03,10916,10917,10916,4
2019-04-26,17:08:08,10915,10916,10916,1
2019-04-26,17:08:10,10915,10916,10916,1
2019-04-26,17:08:17,10916,10917,10916,1
2019-04-26,17:08:30,10916,10917,10917,2
2019-04-26,17:08:31,10916,10917,10917,3
2019-04-26,17:08:31,10916,10917,10917,11
2019-04-26,17:08:34,10917,10918,10917,1
2019-04-26,17:09:48,10917,10918,10918,1
2019-04-26,17:09:54,10917,10918,10917,1
2019-04-26,17:10:01,10916,10917,10917,1
2019-04-26,17:10:01,10916,10918,10918,1
2019-04-26,17:10:05,10916,10917,10917,1
2019-04-26,17:10:09,10916,10917,10916,1
2019-04-26,17:10:28,10916,10917,10916,4
2019-04-26,17:10:51,10916,10917,10917,1
2019-04-26,17:11:09,10916,10917,10916,2
2019-04-26,17:11:09,10916,10917,10916,1
2019-04-26,17:11:27,10916,10917,10916,2
2019-04-26,17:11:30,10916,10917,10917,1
2019-04-26,17:11:38,10916,10917,10916,1
2019-04-26,17:11:38,10916,10917,10916,1
2019-04-26,17:11:38,10916,10917,10916,1
2019-04-26,17:11:38,10916,10917,10916,1
2019-04-26,17:11:45,10916,10917,10916,1
2019-04-26,17:11:45,10916,10917,10916,9
2019-04-26,17:11:45,10916,10917,10916,4
2019-04-26,17:12:36,10915,10916,10916,1
2019-04-26,17:12:48,10915,10916,10915,1
2019-04-26,17:12:50,10915,10916,10915,1
2019-04-26,17:13:07,10915,10916,10915,3
2019-04-26,17:13:19,10915,10916,10916,2
2019-04-26,17:13:20,10915,10916,10915,2
2019-04-26,17:13:21,10915,10916,10915,1
2019-04-26,17:13:26,10915,10916,10915,1
2019-04-26,17:13:26,10915,10916,10915,1
2019-04-26,17:13:34,10915,10916,10915,1
2019-04-26,17:13:37,10915,10916,10915,1
2019-04-26,17:13:37,10915,10916,10915,1
2019-04-26,17:13:39,10915,10916,10915,3
2019-04-26,17:13:39,10915,10916,10915,11
2019-04-26,17:13:39,10915,10916,10915,1
2019-04-26,17:13:45,10914,10915,10914,5
2019-04-26,17:13:45,10914,10915,10914,1
2019-04-26,17:13:51,10914,10915,10914,1
2019-04-26,17:13:54,10914,10915,10914,3
2019-04-26,17:13:56,10914,10915,10914,5
2019-04-26,17:13:57,10914,10915,10914,1
2019-04-26,17:13:58,10914,10915,10914,1
2019-04-26,17:13:58,10914,10915,10914,1
2019-04-26,17:13:59,10914,10915,10914,1
2019-04-26,17:14:03,10914,10915,10914,4
2019-04-26,17:14:03,10914,10915,10914,3
2019-04-26,17:14:04,10913,10914,10914,5
2019-04-26,17:14:04,10914,10915,10914,1
2019-04-26,17:14:08,10914,10915,10914,1
2019-04-26,17:14:12,10914,10915,10914,1
2019-04-26,17:14:12,10914,10915,10914,1
2019-04-26,17:14:13,10914,10915,10914,2
2019-04-26,17:14:13,10913,10914,10914,1
2019-04-26,17:14:20,10913,10914,10914,1
2019-04-26,17:14:32,10914,10915,10914,2
2019-04-26,17:14:33,10914,10915,10914,1
2019-04-26,17:14:39,10914,10915,10914,2
2019-04-26,17:14:42,10914,10915,10914,7
2019-04-26,17:14:43,10913,10914,10914,1
2019-04-26,17:14:49,10913,10914,10914,1
2019-04-26,17:14:53,10913,10914,10914,3
2019-04-26,17:15:19,10913,10914,10913,2
2019-04-26,17:15:19,10913,10914,10913,1
2019-04-26,17:15:20,10913,10914,10913,1
2019-04-26,17:15:20,10913,10914,10913,1
2019-04-26,17:15:30,10913,10914,10914,4
2019-04-26,17:15:46,10914,10915,10915,5
2019-04-26,17:15:46,10914,10915,10915,9
2019-04-26,17:15:48,10915,10916,10916,3
2019-04-26,17:15:50,10915,10916,10915,3
2019-04-26,17:15:59,10915,10916,10915,1
2019-04-26,17:15:59,10915,10916,10915,1
2019-04-26,17:16:01,10915,10916,10915,2
2019-04-26,17:16:05,10914,10916,10916,1
2019-04-26,17:16:24,10915,10916,10916,1
2019-04-26,17:16:29,10915,10916,10915,1
2019-04-26,17:16:32,10915,10916,10915,1
2019-04-26,17:16:34,10915,10916,10916,1
2019-04-26,17:16:34,10915,10916,10916,1
2019-04-26,17:16:55,10915,10916,10915,1
2019-04-26,17:16:56,10915,10916,10915,2
2019-04-26,17:17:11,10915,10916,10916,2
2019-04-26,17:17:11,10915,10916,10916,11
2019-04-26,17:17:33,10916,10917,10916,1
2019-04-26,17:17:42,10916,10917,10916,1
2019-04-26,17:17:42,10916,10917,10916,1
2019-04-26,17:17:42,10916,10917,10916,1
2019-04-26,17:18:14,10916,10917,10917,1
2019-04-26,17:18:35,10916,10917,10917,1
2019-04-26,17:18:36,10916,10917,10917,2
2019-04-26,17:19:17,10916,10917,10917,5
2019-04-26,17:19:23,10916,10917,10917,1
2019-04-26,17:19:23,10916,10917,10917,2
2019-04-26,17:19:23,10916,10917,10917,1
2019-04-26,17:19:23,10916,10917,10917,1
2019-04-26,17:19:30,10917,10918,10918,5
2019-04-26,17:19:53,10917,10918,10918,6
2019-04-26,17:20:21,10917,10918,10917,1
2019-04-26,17:21:16,10917,10918,10917,1
2019-04-26,17:21:16,10917,10918,10917,1
2019-04-26,17:21:16,10917,10918,10917,1
2019-04-26,17:21:16,10917,10918,10917,1
2019-04-26,17:22:19,10917,10918,10918,2
2019-04-26,17:22:20,10917,10918,10918,1
2019-04-26,17:22:25,10917,10918,10918,2
2019-04-26,17:22:25,10917,10918,10918,7
2019-04-26,17:22:25,10917,10918,10918,1
2019-04-26,17:22:25,10917,10918,10918,2
2019-04-26,17:22:25,10917,10918,10918,2
2019-04-26,17:22:52,10918,10919,10918,1
2019-04-26,17:22:52,10918,10919,10918,1
2019-04-26,17:22:55,10918,10919,10918,2
2019-04-26,17:23:01,10917,10918,10918,3
2019-04-26,17:23:20,10917,10918,10917,3
2019-04-26,17:23:44,10916,10917,10917,1
2019-04-26,17:24:06,10916,10917,10917,1
2019-04-26,17:25:41,10916,10917,10916,1
2019-04-26,17:25:56,10916,10917,10916,4
2019-04-26,17:25:57,10916,10917,10916,2
2019-04-26,17:25:57,10916,10917,10916,13
2019-04-26,17:26:09,10915,10916,10915,2
2019-04-26,17:27:01,10915,10916,10915,2
2019-04-26,17:27:01,10915,10916,10915,1
2019-04-26,17:27:13,10914,10915,10915,1
2019-04-26,17:27:14,10914,10916,10915,1
2019-04-26,17:27:31,10914,10915,10915,3
2019-04-26,17:27:40,10914,10915,10915,3
2019-04-26,17:27:48,10914,10915,10915,10
2019-04-26,17:28:10,10915,10916,10915,1
2019-04-26,17:28:35,10915,10916,10915,1
2019-04-26,17:28:42,10914,10915,10915,1
2019-04-26,17:29:01,10914,10915,10915,1
2019-04-26,17:29:21,10914,10915,10915,1
2019-04-26,17:29:22,10914,10915,10915,1
2019-04-26,17:29:25,10914,10915,10915,6
2019-04-26,17:29:33,10915,10916,10916,1
2019-04-26,17:29:34,10915,10916,10916,1
2019-04-26,17:29:35,10915,10916,10916,1
2019-04-26,17:29:35,10915,10916,10916,1
2019-04-26,17:29:35,10915,10916,10916,1
2019-04-26,17:29:38,10916,10917,10916,2
2019-04-26,17:29:51,10915,10916,10915,1
2019-04-26,17:30:28,10915,10916,10915,8
2019-04-26,17:30:28,10915,10916,10915,1
2019-04-26,17:30:28,10914,10916,10915,1
2019-04-26,17:30:28,10914,10915,10915,1
2019-04-26,17:30:28,10914,10916,10915,1
2019-04-26,17:30:32,10914,10915,10915,1
2019-04-26,17:30:32,10914,10916,10916,1
2019-04-26,17:31:05,10915,10916,10916,1
2019-04-26,17:31:05,10915,10916,10916,1
2019-04-26,17:31:11,10916,10917,10917,1
2019-04-26,17:31:56,10917,10918,10918,5
2019-04-26,17:31:57,10917,10918,10917,1
2019-04-26,17:31:57,10917,10918,10918,3
2019-04-26,17:32:33,10917,10918,10918,1
2019-04-26,17:32:46,10917,10918,10918,5
2019-04-26,17:32:55,10917,10918,10918,1
2019-04-26,17:32:55,10918,10919,10918,1
2019-04-26,17:33:03,10918,10919,10919,1
2019-04-26,17:33:03,10918,10919,10919,2
2019-04-26,17:33:04,10918,10919,10919,2
2019-04-26,17:33:04,10918,10919,10919,1
2019-04-26,17:33:13,10918,10919,10919,2
2019-04-26,17:33:14,10918,10919,10919,2
2019-04-26,17:33:38,10918,10919,10919,2
2019-04-26,17:33:40,10918,10919,10918,1
2019-04-26,17:33:42,10918,10919,10919,2
2019-04-26,17:34:09,10918,10919,10918,1
2019-04-26,17:34:39,10918,10919,10918,1
2019-04-26,17:34:41,10918,10919,10918,1
2019-04-26,17:34:45,10918,10919,10918,1
2019-04-26,17:34:52,10918,10919,10919,2
2019-04-26,17:34:53,10918,10919,10919,2
2019-04-26,17:34:53,10918,10919,10919,3
2019-04-26,17:35:01,10919,10920,10919,1
2019-04-26,17:35:01,10919,10920,10920,2
2019-04-26,17:35:01,10919,10920,10920,5
2019-04-26,17:35:01,10919,10920,10920,2
2019-04-26,17:35:04,10919,10920,10920,1
2019-04-26,17:35:05,10919,10920,10920,1
2019-04-26,17:35:28,10919,10920,10920,1
2019-04-26,17:35:29,10919,10920,10920,1
2019-04-26,17:35:31,10919,10920,10919,5
2019-04-26,17:36:16,10919,10920,10919,1
2019-04-26,17:36:40,10919,10920,10919,1
2019-04-26,17:37:02,10919,10920,10920,4
2019-04-26,17:37:06,10919,10920,10920,1
2019-04-26,17:37:12,10919,10920,10920,2
2019-04-26,17:37:12,10919,10920,10920,6
2019-04-26,17:37:12,10919,10920,10920,18
2019-04-26,17:37:21,10920,10921,10921,2
2019-04-26,17:37:21,10920,10921,10921,10
2019-04-26,17:37:21,10920,10921,10921,3
2019-04-26,17:37:21,10920,10921,10921,4
2019-04-26,17:37:21,10920,10921,10921,2
2019-04-26,17:37:47,10921,10922,10921,1
2019-04-26,17:37:47,10921,10922,10921,1
2019-04-26,17:37:48,10920,10921,10921,2
2019-04-26,17:37:56,10920,10921,10921,1
2019-04-26,17:38:02,10920,10921,10920,2
2019-04-26,17:38:02,10920,10921,10921,1
2019-04-26,17:38:02,10920,10921,10921,1
2019-04-26,17:38:03,10920,10921,10921,1
2019-04-26,17:38:05,10920,10921,10920,1
2019-04-26,17:39:04,10920,10921,10921,1
2019-04-26,17:39:14,10920,10921,10921,2
2019-04-26,17:39:14,10920,10921,10921,1
2019-04-26,17:39:15,10920,10921,10921,12
2019-04-26,17:39:19,10921,10922,10921,1
2019-04-26,17:39:26,10921,10922,10921,1
2019-04-26,17:39:47,10921,10922,10921,1
2019-04-26,17:39:51,10921,10922,10921,1
2019-04-26,17:40:35,10921,10922,10922,25
2019-04-26,17:40:40,10922,10923,10923,2
2019-04-26,17:40:40,10922,10923,10923,2
2019-04-26,17:40:40,10922,10923,10923,1
2019-04-26,17:40:40,10922,10923,10923,2
2019-04-26,17:40:40,10922,10923,10923,1
2019-04-26,17:40:40,10922,10923,10923,2
2019-04-26,17:40:42,10922,10923,10923,2
2019-04-26,17:40:47,10922,10923,10922,1
2019-04-26,17:40:48,10922,10923,10923,1
2019-04-26,17:40:51,10922,10923,10923,1
2019-04-26,17:40:54,10922,10923,10923,5
2019-04-26,17:41:01,10922,10923,10922,6
2019-04-26,17:41:01,10922,10923,10923,3
2019-04-26,17:41:10,10922,10923,10922,2
2019-04-26,17:41:11,10922,10923,10922,1
2019-04-26,17:41:15,10921,10922,10922,1
2019-04-26,17:41:25,10921,10922,10922,1
2019-04-26,17:41:26,10922,10923,10922,1
2019-04-26,17:41:30,10922,10923,10923,3
2019-04-26,17:41:34,10922,10923,10922,1
2019-04-26,17:41:36,10922,10923,10922,1
2019-04-26,17:41:46,10922,10923,10922,1
2019-04-26,17:41:52,10922,10923,10923,1
2019-04-26,17:41:53,10922,10923,10922,3
2019-04-26,17:41:56,10921,10922,10922,6
2019-04-26,17:41:56,10921,10922,10922,1
2019-04-26,17:41:59,10922,10923,10922,2
2019-04-26,17:42:02,10922,10923,10922,1
2019-04-26,17:42:07,10921,10922,10922,1
2019-04-26,17:42:09,10921,10922,10922,1
2019-04-26,17:42:38,10921,10922,10921,3
2019-04-26,17:42:42,10921,10922,10922,1
2019-04-26,17:42:43,10921,10922,10922,2
2019-04-26,17:42:48,10921,10923,10923,3
2019-04-26,17:43:02,10921,10922,10922,1
2019-04-26,17:43:05,10921,10922,10922,2
2019-04-26,17:43:08,10921,10922,10922,1
2019-04-26,17:43:29,10921,10922,10922,3
2019-04-26,17:43:33,10921,10922,10921,1
2019-04-26,17:44:22,10921,10922,10922,1
2019-04-26,17:44:52,10921,10922,10921,1
2019-04-26,17:44:52,10921,10922,10921,1
2019-04-26,17:44:52,10921,10922,10921,1
2019-04-26,17:44:52,10921,10922,10921,2
2019-04-26,17:44:52,10921,10922,10921,5
2019-04-26,17:45:32,10920,10921,10921,2
2019-04-26,17:45:52,10920,10921,10920,2
2019-04-26,17:46:22,10920,10921,10920,1
2019-04-26,17:46:23,10920,10921,10920,1
2019-04-26,17:46:23,10920,10921,10921,4
2019-04-26,17:46:51,10920,10921,10920,1
2019-04-26,17:46:51,10920,10921,10920,1
2019-04-26,17:47:05,10920,10921,10920,1
2019-04-26,17:47:40,10920,10921,10920,8
2019-04-26,17:47:44,10920,10921,10920,1
2019-04-26,17:47:50,10920,10921,10920,2
2019-04-26,17:47:50,10920,10921,10920,2
2019-04-26,17:47:52,10920,10921,10920,4
2019-04-26,17:47:53,10920,10921,10920,1
2019-04-26,17:47:54,10920,10921,10920,1
2019-04-26,17:48:03,10920,10921,10920,1
2019-04-26,17:48:07,10919,10920,10920,3
2019-04-26,17:48:15,10920,10921,10920,1
2019-04-26,17:48:16,10920,10921,10920,1
2019-04-26,17:48:18,10920,10921,10920,2
2019-04-26,17:48:46,10919,10920,10919,1
2019-04-26,17:48:55,10919,10920,10919,3
2019-04-26,17:48:55,10919,10920,10919,1
2019-04-26,17:49:32,10918,10919,10919,1
2019-04-26,17:49:36,10918,10920,10919,1
2019-04-26,17:49:36,10918,10919,10919,1
2019-04-26,17:50:10,10919,10920,10919,1
2019-04-26,17:50:11,10919,10920,10919,1
2019-04-26,17:50:11,10919,10920,10919,1
2019-04-26,17:50:21,10919,10920,10920,1
2019-04-26,17:50:21,10919,10920,10920,1
2019-04-26,17:50:21,10919,10920,10920,6
2019-04-26,17:50:22,10919,10920,10920,7
2019-04-26,17:50:22,10919,10920,10920,1
2019-04-26,17:50:22,10919,10920,10920,2
2019-04-26,17:50:47,10920,10921,10920,1
2019-04-26,17:51:11,10920,10921,10921,2
2019-04-26,17:51:11,10920,10921,10921,9
2019-04-26,17:51:20,10921,10922,10922,1
2019-04-26,17:51:21,10921,10922,10922,2
2019-04-26,17:51:45,10921,10922,10922,1
2019-04-26,17:51:53,10921,10922,10922,1
2019-04-26,17:51:56,10921,10922,10922,1
2019-04-26,17:51:57,10921,10922,10922,1
2019-04-26,17:52:02,10921,10922,10922,1
2019-04-26,17:52:06,10921,10922,10922,2
2019-04-26,17:52:08,10921,10922,10922,1
2019-04-26,17:52:11,10921,10922,10922,1
2019-04-26,17:52:27,10921,10922,10921,1
2019-04-26,17:52:47,10921,10922,10921,2
2019-04-26,17:53:22,10921,10922,10921,1
2019-04-26,17:53:45,10921,10922,10922,1
2019-04-26,17:53:45,10921,10922,10922,1
2019-04-26,17:53:45,10921,10922,10922,1
2019-04-26,17:53:45,10921,10922,10922,3
2019-04-26,17:53:46,10921,10922,10922,3
2019-04-26,17:53:46,10921,10922,10922,2
2019-04-26,17:53:46,10921,10922,10922,2
2019-04-26,17:53:46,10921,10922,10922,4
2019-04-26,17:53:57,10922,10923,10922,1
2019-04-26,17:54:03,10922,10923,10922,2
2019-04-26,17:54:13,10922,10923,10923,1
2019-04-26,17:54:55,10922,10923,10922,3
2019-04-26,17:55:10,10921,10922,10922,1
2019-04-26,17:55:10,10921,10922,10922,4
2019-04-26,17:55:10,10921,10922,10922,2
2019-04-26,17:55:11,10921,10922,10922,1
2019-04-26,17:55:11,10921,10922,10923,1
2019-04-26,17:55:35,10921,10922,10921,1
2019-04-26,17:55:43,10921,10922,10921,2
2019-04-26,17:55:48,10921,10922,10922,1
2019-04-26,17:55:52,10921,10922,10922,3
2019-04-26,17:56:02,10921,10922,10922,1
2019-04-26,17:56:17,10921,10922,10922,4
2019-04-26,17:56:36,10921,10922,10922,1
2019-04-26,17:56:59,10921,10922,10922,1
2019-04-26,17:57:00,10921,10922,10922,1
2019-04-26,17:58:14,10921,10922,10922,1
2019-04-26,17:58:34,10921,10922,10922,2
2019-04-26,17:58:40,10921,10922,10922,1
2019-04-26,17:59:04,10921,10922,10922,1
2019-04-26,17:59:04,10921,10922,10922,4
2019-04-26,17:59:23,10922,10923,10923,2
2019-04-26,17:59:31,10922,10923,10923,1
2019-04-26,17:59:41,10922,10923,10922,1
2019-04-26,17:59:42,10922,10923,10922,1
2019-04-26,17:59:59,10922,10923,10922,5
2019-04-26,18:00:03,10922,10923,10923,3
2019-04-26,18:00:03,10922,10923,10923,11
2019-04-26,18:00:03,10922,10923,10923,2
2019-04-26,18:00:03,10922,10923,10923,1
2019-04-26,18:00:03,10922,10923,10923,2
2019-04-26,18:00:03,10922,10923,10923,5
2019-04-26,18:00:03,10922,10923,10923,1
2019-04-26,18:00:03,10922,10923,10923,2
2019-04-26,18:00:03,10922,10923,10923,2
2019-04-26,18:00:03,10922,10923,10923,2
2019-04-26,18:00:03,10922,10923,10924,8
2019-04-26,18:00:03,10922,10924,10924,1
2019-04-26,18:00:03,10923,10924,10924,1
2019-04-26,18:00:03,10923,10924,10924,1
2019-04-26,18:00:04,10923,10924,10924,1
2019-04-26,18:00:04,10923,10924,10924,1
2019-04-26,18:00:04,10923,10924,10924,1
2019-04-26,18:00:04,10923,10924,10924,1
2019-04-26,18:00:04,10923,10924,10924,1
2019-04-26,18:00:04,10923,10924,10924,1
2019-04-26,18:00:04,10923,10924,10924,1
2019-04-26,18:00:05,10923,10924,10924,1
2019-04-26,18:00:05,10923,10924,10924,2
2019-04-26,18:00:06,10923,10924,10924,1
2019-04-26,18:00:18,10922,10924,10924,1
2019-04-26,18:00:19,10922,10924,10924,1
2019-04-26,18:01:14,10923,10924,10923,1
2019-04-26,18:01:47,10923,10924,10924,1
2019-04-26,18:01:48,10923,10924,10923,1
2019-04-26,18:01:53,10923,10924,10923,1
2019-04-26,18:02:00,10923,10924,10923,1
2019-04-26,18:02:13,10923,10924,10923,1
2019-04-26,18:02:29,10923,10924,10923,1
2019-04-26,18:02:42,10923,10924,10923,1
2019-04-26,18:02:52,10923,10924,10924,1
2019-04-26,18:02:58,10923,10924,10924,1
2019-04-26,18:03:02,10923,10924,10924,2
2019-04-26,18:03:03,10923,10924,10924,2
2019-04-26,18:03:04,10923,10924,10924,5
2019-04-26,18:03:12,10923,10924,10924,1
2019-04-26,18:03:16,10923,10924,10924,1
2019-04-26,18:03:33,10923,10924,10923,6
2019-04-26,18:03:33,10923,10924,10923,1
2019-04-26,18:03:33,10923,10924,10923,2
2019-04-26,18:03:33,10923,10924,10923,18
2019-04-26,18:03:33,10923,10924,10923,1
2019-04-26,18:03:33,10923,10924,10923,1
2019-04-26,18:03:33,10923,10924,10923,2
2019-04-26,18:03:33,10923,10924,10923,1
2019-04-26,18:03:33,10923,10924,10923,1
2019-04-26,18:03:33,10923,10924,10923,3
2019-04-26,18:03:33,10923,10924,10923,2
2019-04-26,18:03:33,10923,10924,10923,8
2019-04-26,18:03:33,10922,10923,10922,8
2019-04-26,18:03:33,10922,10923,10922,1
2019-04-26,18:03:33,10922,10923,10922,3
2019-04-26,18:03:33,10922,10923,10923,1
2019-04-26,18:03:33,10922,10923,10923,1
2019-04-26,18:03:35,10922,10923,10922,4
2019-04-26,18:03:43,10921,10922,10922,1
2019-04-26,18:04:00,10921,10922,10922,1
2019-04-26,18:04:18,10922,10923,10922,1
2019-04-26,18:04:47,10922,10923,10922,3
2019-04-26,18:04:51,10922,10923,10922,1
2019-04-26,18:05:10,10922,10923,10922,1
2019-04-26,18:05:11,10922,10923,10923,1
2019-04-26,18:05:29,10922,10923,10922,1
2019-04-26,18:05:40,10922,10923,10922,2
2019-04-26,18:05:40,10922,10923,10922,4
2019-04-26,18:05:41,10922,10923,10921,5
2019-04-26,18:05:41,10922,10923,10922,1
2019-04-26,18:06:06,10921,10922,10922,2
2019-04-26,18:06:37,10921,10922,10922,2
2019-04-26,18:06:46,10921,10922,10922,2
2019-04-26,18:06:51,10921,10922,10922,1
2019-04-26,18:07:03,10921,10922,10922,1
2019-04-26,18:08:09,10921,10922,10921,2
2019-04-26,18:08:16,10921,10922,10922,1
2019-04-26,18:08:41,10921,10922,10922,6
2019-04-26,18:09:27,10922,10923,10922,1
2019-04-26,18:10:00,10922,10923,10922,2
2019-04-26,18:10:02,10922,10923,10922,2
2019-04-26,18:10:05,10922,10923,10922,1
2019-04-26,18:10:12,10922,10923,10922,1
2019-04-26,18:10:42,10921,10922,10922,1
2019-04-26,18:11:13,10921,10922,10922,3
2019-04-26,18:11:43,10922,10923,10923,11
2019-04-26,18:11:54,10923,10924,10923,1
2019-04-26,18:12:00,10923,10924,10923,2
2019-04-26,18:12:07,10923,10924,10924,1
2019-04-26,18:12:23,10923,10924,10924,1
2019-04-26,18:13:29,10923,10924,10923,1
2019-04-26,18:13:29,10923,10924,10923,1
2019-04-26,18:13:30,10923,10924,10923,3
2019-04-26,18:13:30,10923,10924,10923,2
2019-04-26,18:13:30,10923,10924,10923,1
2019-04-26,18:13:39,10922,10923,10923,1
2019-04-26,18:13:40,10923,10924,10924,1
2019-04-26,18:13:43,10923,10924,10923,1
2019-04-26,18:13:54,10923,10924,10923,1
2019-04-26,18:14:02,10922,10923,10923,2
2019-04-26,18:15:02,10922,10923,10923,1
2019-04-26,18:15:03,10922,10923,10923,1
2019-04-26,18:16:01,10922,10923,10923,1
2019-04-26,18:16:02,10922,10923,10923,1
2019-04-26,18:16:02,10922,10923,10923,1
2019-04-26,18:16:02,10922,10923,10923,2
2019-04-26,18:16:02,10922,10923,10923,1
2019-04-26,18:16:07,10923,10924,10923,5
2019-04-26,18:16:12,10922,10923,10922,1
2019-04-26,18:16:13,10922,10923,10923,1
2019-04-26,18:16:13,10923,10924,10924,3
2019-04-26,18:16:23,10923,10924,10924,1
2019-04-26,18:16:26,10923,10924,10924,5
2019-04-26,18:16:37,10923,10924,10923,1
2019-04-26,18:16:49,10923,10924,10923,13
2019-04-26,18:17:02,10922,10923,10923,2
2019-04-26,18:17:05,10922,10923,10923,5
2019-04-26,18:17:12,10922,10923,10923,1
2019-04-26,18:17:23,10923,10924,10923,1
2019-04-26,18:18:33,10922,10923,10923,4
2019-04-26,18:19:22,10922,10923,10923,1
2019-04-26,18:19:34,10922,10923,10922,1
2019-04-26,18:19:52,10922,10923,10923,1
2019-04-26,18:20:40,10922,10923,10922,2
2019-04-26,18:20:40,10922,10923,10922,2
2019-04-26,18:20:40,10922,10923,10922,1
2019-04-26,18:20:40,10922,10923,10923,4
2019-04-26,18:20:42,10922,10923,10923,1
2019-04-26,18:20:44,10922,10923,10922,1
2019-04-26,18:20:48,10922,10923,10922,1
2019-04-26,18:20:59,10922,10923,10922,1
2019-04-26,18:21:02,10922,10923,10923,1
2019-04-26,18:21:11,10922,10923,10922,4
2019-04-26,18:21:11,10922,10923,10922,3
2019-04-26,18:21:59,10922,10923,10922,1
2019-04-26,18:22:00,10922,10923,10922,2
2019-04-26,18:22:32,10921,10922,10921,1
2019-04-26,18:22:32,10921,10922,10921,1
2019-04-26,18:22:38,10921,10922,10921,1
2019-04-26,18:22:41,10921,10922,10921,5
2019-04-26,18:22:42,10920,10921,10921,2
2019-04-26,18:22:43,10920,10921,10920,1
2019-04-26,18:22:43,10920,10921,10920,1
2019-04-26,18:22:50,10920,10921,10920,1
2019-04-26,18:23:26,10920,10921,10921,2
2019-04-26,18:23:26,10920,10921,10921,6
2019-04-26,18:25:22,10921,10922,10922,2
2019-04-26,18:25:22,10921,10922,10922,1
2019-04-26,18:25:22,10921,10922,10922,1
2019-04-26,18:25:22,10921,10922,10922,1
2019-04-26,18:25:37,10921,10922,10922,1
2019-04-26,18:25:44,10921,10922,10922,3
2019-04-26,18:26:07,10922,10923,10922,1
2019-04-26,18:26:18,10922,10923,10922,1
2019-04-26,18:26:30,10922,10923,10922,1
2019-04-26,18:26:31,10922,10923,10922,3
2019-04-26,18:27:33,10922,10923,10922,1
2019-04-26,18:27:34,10922,10923,10923,2
2019-04-26,18:27:34,10922,10923,10923,15
2019-04-26,18:27:37,10923,10924,10924,2
2019-04-26,18:27:38,10923,10924,10924,1
2019-04-26,18:27:39,10923,10924,10924,1
2019-04-26,18:27:44,10923,10924,10924,1
2019-04-26,18:27:44,10923,10924,10924,36
2019-04-26,18:27:55,10924,10925,10925,4
2019-04-26,18:27:56,10924,10925,10925,18
2019-04-26,18:27:56,10924,10925,10925,1
2019-04-26,18:27:56,10924,10925,10925,1
2019-04-26,18:27:56,10924,10925,10925,2
2019-04-26,18:27:56,10924,10925,10925,2
2019-04-26,18:27:56,10924,10925,10925,1
2019-04-26,18:27:56,10924,10925,10925,1
2019-04-26,18:27:56,10924,10925,10925,1
2019-04-26,18:27:56,10924,10925,10925,8
2019-04-26,18:27:56,10924,10925,10925,2
2019-04-26,18:27:56,10924,10925,10925,1
2019-04-26,18:27:56,10924,10925,10925,1
2019-04-26,18:27:56,10924,10925,10925,1
2019-04-26,18:27:56,10924,10925,10925,2
2019-04-26,18:27:56,10924,10925,10925,1
2019-04-26,18:27:56,10924,10925,10925,6
2019-04-26,18:27:56,10924,10925,10925,1
2019-04-26,18:27:56,10924,10925,10925,1
2019-04-26,18:27:56,10924,10925,10925,4
2019-04-26,18:27:56,10924,10925,10925,1
2019-04-26,18:27:56,10924,10925,10925,4
2019-04-26,18:27:56,10924,10925,10925,4
2019-04-26,18:27:56,10925,10926,10926,4
2019-04-26,18:27:57,10925,10926,10926,1
2019-04-26,18:27:57,10925,10926,10926,1
2019-04-26,18:27:57,10925,10926,10925,5
2019-04-26,18:27:57,10925,10926,10926,1
2019-04-26,18:27:57,10925,10926,10926,2
2019-04-26,18:27:57,10925,10926,10926,5
2019-04-26,18:27:57,10925,10926,10926,5
2019-04-26,18:27:57,10925,10926,10926,2
2019-04-26,18:27:58,10925,10926,10926,2
2019-04-26,18:27:58,10925,10926,10926,1
2019-04-26,18:28:05,10926,10927,10926,1
2019-04-26,18:28:06,10926,10927,10926,2
2019-04-26,18:28:10,10926,10927,10926,1
2019-04-26,18:28:13,10925,10926,10925,5
2019-04-26,18:28:13,10925,10926,10925,1
2019-04-26,18:28:14,10924,10925,10925,1
2019-04-26,18:28:15,10924,10926,10926,2
2019-04-26,18:28:15,10925,10926,10925,1
2019-04-26,18:28:20,10924,10925,10925,2
2019-04-26,18:28:21,10924,10926,10926,1
2019-04-26,18:28:21,10924,10926,10924,1
2019-04-26,18:28:29,10925,10926,10926,5
2019-04-26,18:28:40,10925,10926,10925,1
2019-04-26,18:28:59,10925,10926,10926,14
2019-04-26,18:29:00,10925,10926,10926,2
2019-04-26,18:29:00,10925,10926,10926,1
2019-04-26,18:29:02,10925,10926,10926,1
2019-04-26,18:29:12,10925,10926,10926,1
2019-04-26,18:29:21,10925,10926,10926,2
2019-04-26,18:29:24,10925,10926,10926,1
2019-04-26,18:29:24,10925,10926,10926,1
2019-04-26,18:29:24,10925,10926,10926,3
2019-04-26,18:29:26,10925,10926,10926,1
2019-04-26,18:29:39,10926,10927,10927,14
2019-04-26,18:29:39,10926,10927,10927,1
2019-04-26,18:29:39,10926,10927,10927,1
2019-04-26,18:29:40,10926,10927,10927,1
2019-04-26,18:29:43,10926,10927,10927,1
2019-04-26,18:29:43,10926,10927,10927,1
2019-04-26,18:29:44,10926,10927,10927,1
2019-04-26,18:29:45,10926,10927,10927,1
2019-04-26,18:29:52,10926,10927,10927,8
2019-04-26,18:29:59,10926,10927,10927,1
2019-04-26,18:30:04,10926,10927,10927,1
2019-04-26,18:30:04,10926,10927,10927,3
2019-04-26,18:30:04,10926,10927,10927,2
2019-04-26,18:30:05,10926,10927,10927,1
2019-04-26,18:30:05,10926,10927,10927,1
2019-04-26,18:30:05,10926,10928,10928,1
2019-04-26,18:30:05,10926,10928,10928,1
2019-04-26,18:30:05,10927,10928,10928,1
2019-04-26,18:30:05,10927,10928,10928,1
2019-04-26,18:30:05,10927,10928,10928,1
2019-04-26,18:30:05,10927,10928,10928,4
2019-04-26,18:30:05,10927,10928,10928,1
2019-04-26,18:30:05,10927,10928,10928,4
2019-04-26,18:30:06,10927,10928,10928,1
2019-04-26,18:30:06,10927,10928,10927,4
2019-04-26,18:30:07,10927,10928,10928,1
2019-04-26,18:30:11,10927,10928,10927,1
2019-04-26,18:30:12,10927,10928,10928,1
2019-04-26,18:30:12,10927,10928,10928,4
2019-04-26,18:30:12,10927,10928,10928,4
2019-04-26,18:30:12,10927,10928,10928,7
2019-04-26,18:30:13,10927,10928,10928,2
2019-04-26,18:30:13,10927,10928,10928,1
2019-04-26,18:30:15,10927,10928,10928,2
2019-04-26,18:30:19,10927,10928,10928,1
2019-04-26,18:30:19,10927,10929,10927,1
2019-04-26,18:30:30,10927,10928,10927,4
2019-04-26,18:30:30,10927,10928,10928,1
2019-04-26,18:30:32,10927,10928,10928,1
2019-04-26,18:30:51,10926,10927,10927,1
2019-04-26,18:30:58,10926,10927,10927,1
2019-04-26,18:30:59,10926,10927,10927,1
2019-04-26,18:31:02,10926,10927,10927,4
2019-04-26,18:31:06,10926,10927,10927,1
2019-04-26,18:31:12,10926,10927,10926,1
2019-04-26,18:31:12,10926,10927,10927,1
2019-04-26,18:31:12,10926,10927,10927,1
2019-04-26,18:31:16,10926,10927,10927,1
2019-04-26,18:31:20,10927,10928,10927,1
2019-04-26,18:31:21,10926,10927,10927,1
2019-04-26,18:31:23,10926,10927,10926,1
2019-04-26,18:31:23,10926,10928,10926,15
2019-04-26,18:31:26,10926,10927,10927,3
2019-04-26,18:31:39,10926,10927,10927,2
2019-04-26,18:31:51,10926,10927,10927,1
2019-04-26,18:31:57,10926,10927,10927,2
2019-04-26,18:32:34,10926,10927,10927,5
2019-04-26,18:32:34,10926,10927,10927,5
2019-04-26,18:32:34,10926,10927,10927,1
2019-04-26,18:32:46,10927,10928,10927,5
2019-04-26,18:32:51,10927,10928,10927,1
2019-04-26,18:33:15,10927,10928,10927,1
2019-04-26,18:33:23,10927,10928,10927,1
2019-04-26,18:33:25,10927,10928,10927,1
2019-04-26,18:33:39,10926,10927,10927,6
2019-04-26,18:33:53,10927,10928,10927,2
2019-04-26,18:34:01,10927,10928,10927,2
2019-04-26,18:34:04,10927,10928,10927,1
2019-04-26,18:34:05,10927,10928,10927,7
2019-04-26,18:34:05,10926,10927,10927,7
2019-04-26,18:34:13,10926,10927,10927,1
2019-04-26,18:34:38,10926,10927,10926,1
2019-04-26,18:34:47,10926,10927,10926,1
2019-04-26,18:34:51,10926,10927,10926,1
2019-04-26,18:34:58,10926,10927,10927,1
2019-04-26,18:35:13,10926,10927,10926,1
2019-04-26,18:35:13,10926,10927,10926,4
2019-04-26,18:35:13,10926,10927,10926,2
2019-04-26,18:35:13,10925,10926,10926,2
2019-04-26,18:35:23,10925,10926,10926,1
2019-04-26,18:36:13,10925,10926,10926,1
2019-04-26,18:36:23,10925,10927,10925,1
2019-04-26,18:36:34,10925,10927,10925,1
2019-04-26,18:36:58,10925,10926,10925,1
2019-04-26,18:37:02,10925,10926,10926,1
2019-04-26,18:37:45,10925,10926,10925,2
2019-04-26,18:37:46,10925,10926,10926,1
2019-04-26,18:37:50,10925,10926,10926,1
2019-04-26,18:37:50,10925,10926,10927,2
2019-04-26,18:38:19,10926,10927,10927,1
2019-04-26,18:38:19,10926,10927,10927,1
2019-04-26,18:38:27,10926,10927,10927,1
2019-04-26,18:38:30,10926,10927,10927,1
2019-04-26,18:38:40,10926,10927,10927,1
2019-04-26,18:38:50,10926,10927,10927,1
2019-04-26,18:38:53,10926,10927,10927,1
2019-04-26,18:39:28,10926,10927,10927,1
2019-04-26,18:40:02,10926,10927,10927,3
2019-04-26,18:40:41,10926,10927,10927,12
2019-04-26,18:40:41,10926,10927,10927,1
2019-04-26,18:40:46,10926,10927,10926,1
2019-04-26,18:40:57,10926,10927,10926,1
2019-04-26,18:40:57,10926,10927,10926,2
2019-04-26,18:40:57,10926,10927,10926,1
2019-04-26,18:40:57,10926,10927,10926,1
2019-04-26,18:40:57,10926,10927,10926,2
2019-04-26,18:41:02,10925,10926,10926,1
2019-04-26,18:41:03,10925,10926,10926,1
2019-04-26,18:41:08,10925,10926,10926,1
2019-04-26,18:41:23,10925,10926,10926,1
2019-04-26,18:41:24,10925,10926,10926,1
2019-04-26,18:41:37,10925,10926,10925,1
2019-04-26,18:41:39,10925,10926,10925,1
2019-04-26,18:41:40,10925,10926,10925,2
2019-04-26,18:41:47,10925,10926,10926,1
2019-04-26,18:41:57,10925,10926,10925,1
2019-04-26,18:42:44,10925,10926,10925,2
2019-04-26,18:42:56,10925,10926,10925,26
2019-04-26,18:43:15,10924,10925,10924,14
2019-04-26,18:43:16,10924,10925,10924,2
2019-04-26,18:43:16,10923,10925,10923,1
2019-04-26,18:43:16,10923,10924,10924,2
2019-04-26,18:43:25,10923,10924,10923,5
2019-04-26,18:43:55,10923,10924,10923,2
2019-04-26,18:44:00,10923,10924,10923,1
2019-04-26,18:44:05,10923,10924,10924,1
2019-04-26,18:44:08,10923,10924,10923,1
2019-04-26,18:44:08,10923,10924,10923,1
2019-04-26,18:44:13,10923,10924,10923,1
2019-04-26,18:44:15,10923,10924,10923,1
2019-04-26,18:44:17,10923,10924,10923,2
2019-04-26,18:44:18,10923,10924,10923,1
2019-04-26,18:44:20,10923,10924,10923,2
2019-04-26,18:44:23,10922,10923,10923,1
2019-04-26,18:44:23,10922,10923,10923,1
2019-04-26,18:44:27,10922,10923,10922,1
2019-04-26,18:44:45,10922,10923,10922,1
2019-04-26,18:44:45,10922,10923,10922,2
2019-04-26,18:44:47,10922,10923,10922,2
2019-04-26,18:44:51,10922,10923,10922,1
2019-04-26,18:44:52,10922,10923,10922,1
2019-04-26,18:44:54,10922,10923,10922,5
2019-04-26,18:44:54,10922,10923,10922,1
2019-04-26,18:44:54,10922,10923,10922,1
2019-04-26,18:44:57,10921,10922,10922,1
2019-04-26,18:44:57,10921,10922,10922,1
2019-04-26,18:45:10,10921,10922,10921,4
2019-04-26,18:45:11,10921,10922,10922,1
2019-04-26,18:45:11,10921,10922,10922,1
2019-04-26,18:45:12,10921,10922,10922,1
2019-04-26,18:45:12,10921,10922,10921,2
2019-04-26,18:45:14,10921,10922,10921,1
2019-04-26,18:45:14,10921,10922,10921,1
2019-04-26,18:45:15,10921,10922,10921,10
2019-04-26,18:45:17,10920,10921,10921,1
2019-04-26,18:45:22,10920,10921,10921,1
2019-04-26,18:45:23,10920,10921,10921,1
2019-04-26,18:45:24,10920,10921,10921,2
2019-04-26,18:45:24,10920,10921,10921,2
2019-04-26,18:45:26,10921,10922,10921,1
2019-04-26,18:45:35,10921,10922,10922,2
2019-04-26,18:45:40,10921,10922,10922,6
2019-04-26,18:45:42,10922,10923,10922,1
2019-04-26,18:45:50,10922,10923,10922,1
2019-04-26,18:45:54,10922,10923,10923,1
2019-04-26,18:46:03,10922,10923,10922,1
2019-04-26,18:46:05,10922,10923,10923,1
2019-04-26,18:46:14,10922,10923,10923,1
2019-04-26,18:47:33,10922,10923,10923,2
2019-04-26,18:47:35,10922,10923,10923,5
2019-04-26,18:47:49,10922,10923,10923,1
2019-04-26,18:47:50,10922,10923,10923,2
2019-04-26,18:47:50,10922,10923,10923,1
2019-04-26,18:47:50,10922,10923,10923,1
2019-04-26,18:47:50,10922,10923,10923,1
2019-04-26,18:47:50,10922,10923,10923,1
2019-04-26,18:47:51,10923,10924,10923,1
2019-04-26,18:48:42,10923,10924,10923,2
2019-04-26,18:48:43,10923,10924,10923,1
2019-04-26,18:49:46,10922,10923,10923,1
2019-04-26,18:50:21,10922,10923,10923,1
2019-04-26,18:50:24,10922,10923,10923,1
2019-04-26,18:50:27,10922,10923,10923,1
2019-04-26,18:50:28,10922,10923,10923,2
2019-04-26,18:50:28,10923,10924,10923,1
