2020-02-03,15:00:00.069000,11308,11309,11309,68
2020-02-03,15:00:00.077000,11308,11309,11308,3
2020-02-03,15:00:00.226000,11308,11309,11308,1
2020-02-03,15:00:00.245000,11308,11309,11309,1
2020-02-03,15:00:00.245000,11308,11309,11309,1
2020-02-03,15:00:00.331000,11308,11309,11310,1
2020-02-03,15:00:00.353000,11308,11310,11308,4
2020-02-03,15:00:00.476000,11308,11310,11310,1
2020-02-03,15:00:00.613000,11308,11309,11308,4
2020-02-03,15:00:00.716000,11308,11309,11308,2
2020-02-03,15:00:01.003000,11308,11309,11308,1
2020-02-03,15:00:01.015000,11308,11309,11308,1
2020-02-03,15:00:01.055000,11308,11309,11308,2
2020-02-03,15:00:01.071000,11308,11309,11308,1
2020-02-03,15:00:01.073000,11308,11309,11308,1
2020-02-03,15:00:01.107000,11308,11309,11309,1
2020-02-03,15:00:01.107000,11308,11309,11309,1
2020-02-03,15:00:01.107000,11308,11309,11309,1
2020-02-03,15:00:01.107000,11308,11309,11309,1
2020-02-03,15:00:01.108000,11308,11309,11309,1
2020-02-03,15:00:01.108000,11308,11309,11308,2
2020-02-03,15:00:01.108000,11308,11309,11309,1
2020-02-03,15:00:01.108000,11308,11309,11309,1
2020-02-03,15:00:01.112000,11308,11309,11309,1
2020-02-03,15:00:01.113000,11308,11309,11309,1
2020-02-03,15:00:01.222000,11308,11309,11308,2
2020-02-03,15:00:01.349000,11307,11309,11309,1
2020-02-03,15:00:01.848000,11308,11310,11308,1
2020-02-03,15:00:01.897000,11308,11310,11310,1
2020-02-03,15:00:02.971000,11308,11309,11309,4
2020-02-03,15:00:03.239000,11308,11309,11309,1
2020-02-03,15:00:03.239000,11308,11309,11310,4
2020-02-03,15:00:03.772000,11309,11310,11309,4
2020-02-03,15:00:04.151000,11309,11310,11309,1
2020-02-03,15:00:04.917000,11309,11310,11310,1
2020-02-03,15:00:05.033000,11309,11311,11311,2
2020-02-03,15:00:05.221000,11310,11311,11311,1
2020-02-03,15:00:05.395000,11310,11311,11311,1
2020-02-03,15:00:05.396000,11310,11311,11311,1
2020-02-03,15:00:05.396000,11310,11311,11311,1
2020-02-03,15:00:05.397000,11310,11311,11311,1
2020-02-03,15:00:05.398000,11310,11311,11311,6
2020-02-03,15:00:05.400000,11310,11311,11311,1
2020-02-03,15:00:05.471000,11310,11311,11311,4
2020-02-03,15:00:05.644000,11311,11312,11311,1
2020-02-03,15:00:05.709000,11311,11312,11312,1
2020-02-03,15:00:05.721000,11311,11312,11312,2
2020-02-03,15:00:06.192000,11312,11313,11313,1
2020-02-03,15:00:06.989000,11312,11313,11312,2
2020-02-03,15:00:07.031000,11312,11313,11312,1
2020-02-03,15:00:08.241000,11312,11313,11312,1
2020-02-03,15:00:09.246000,11312,11313,11313,1
2020-02-03,15:00:09.737000,11312,11313,11312,1
2020-02-03,15:00:10.174000,11312,11313,11312,1
2020-02-03,15:00:10.174000,11312,11313,11312,1
2020-02-03,15:00:10.346000,11311,11312,11311,4
2020-02-03,15:00:10.971000,11310,11311,11310,6
2020-02-03,15:00:11.096000,11309,11311,11310,2
2020-02-03,15:00:11.096000,11309,11311,11310,1
2020-02-03,15:00:11.471000,11309,11310,11309,1
2020-02-03,15:00:11.481000,11309,11310,11309,1
2020-02-03,15:00:11.494000,11309,11310,11309,1
2020-02-03,15:00:11.596000,11309,11310,11309,5
2020-02-03,15:00:11.619000,11309,11310,11310,1
2020-02-03,15:00:11.873000,11308,11309,11308,3
2020-02-03,15:00:12.337000,11307,11308,11307,2
2020-02-03,15:00:12.364000,11307,11308,11308,1
2020-02-03,15:00:12.505000,11307,11308,11307,1
2020-02-03,15:00:12.954000,11307,11308,11307,1
2020-02-03,15:00:13.790000,11307,11308,11307,2
2020-02-03,15:00:14.096000,11307,11308,11307,5
2020-02-03,15:00:14.749000,11307,11308,11307,1
2020-02-03,15:00:15.619000,11306,11307,11306,1
2020-02-03,15:00:15.734000,11306,11307,11307,1
2020-02-03,15:00:15.861000,11306,11307,11307,3
2020-02-03,15:00:15.867000,11306,11307,11306,7
2020-02-03,15:00:15.896000,11306,11307,11306,1
2020-02-03,15:00:15.907000,11306,11307,11306,2
2020-02-03,15:00:15.957000,11306,11307,11306,3
2020-02-03,15:00:15.971000,11306,11308,11306,5
2020-02-03,15:00:15.971000,11306,11308,11306,5
2020-02-03,15:00:17.350000,11306,11308,11306,2
2020-02-03,15:00:17.460000,11306,11308,11307,1
2020-02-03,15:00:17.696000,11307,11308,11307,1
2020-02-03,15:00:17.780000,11307,11308,11307,2
2020-02-03,15:00:18.016000,11307,11308,11307,1
2020-02-03,15:00:18.092000,11307,11308,11306,2
2020-02-03,15:00:18.347000,11306,11308,11306,5
2020-02-03,15:00:18.471000,11305,11306,11306,1
2020-02-03,15:00:18.471000,11305,11306,11306,2
2020-02-03,15:00:18.639000,11306,11308,11307,1
2020-02-03,15:00:18.639000,11306,11308,11308,7
2020-02-03,15:00:18.773000,11308,11309,11308,1
2020-02-03,15:00:19.827000,11308,11309,11309,1
2020-02-03,15:00:20.031000,11308,11310,11308,2
2020-02-03,15:00:20.604000,11308,11309,11309,1
2020-02-03,15:00:20.753000,11308,11309,11309,1
2020-02-03,15:00:20.957000,11308,11310,11308,2
2020-02-03,15:00:21.011000,11308,11310,11310,1
2020-02-03,15:00:22.207000,11309,11310,11309,1
2020-02-03,15:00:22.763000,11308,11309,11309,1
2020-02-03,15:00:23.539000,11308,11309,11309,1
2020-02-03,15:00:23.941000,11309,11310,11309,2
2020-02-03,15:00:24.061000,11308,11310,11310,2
2020-02-03,15:00:25.330000,11309,11310,11310,2
2020-02-03,15:00:26.036000,11310,11311,11310,1
2020-02-03,15:00:27.830000,11309,11310,11309,1
2020-02-03,15:00:29.633000,11309,11310,11309,6
2020-02-03,15:00:31.886000,11309,11310,11309,5
2020-02-03,15:00:32.797000,11308,11309,11309,1
2020-02-03,15:00:33.826000,11308,11309,11309,1
2020-02-03,15:00:33.992000,11309,11310,11310,10
2020-02-03,15:00:34.096000,11309,11310,11310,3
2020-02-03,15:00:34.377000,11310,11311,11310,3
2020-02-03,15:00:34.377000,11310,11311,11309,9
2020-02-03,15:00:37.446000,11310,11311,11310,1
2020-02-03,15:00:37.627000,11310,11311,11310,1
2020-02-03,15:00:37.999000,11310,11311,11310,1
2020-02-03,15:00:38.802000,11310,11311,11310,1
2020-02-03,15:00:39.825000,11310,11311,11311,1
2020-02-03,15:00:39.834000,11310,11311,11310,2
2020-02-03,15:00:40.208000,11309,11311,11310,1
2020-02-03,15:00:40.254000,11309,11310,11310,1
2020-02-03,15:00:41.048000,11309,11310,11309,5
2020-02-03,15:00:41.649000,11309,11310,11310,1
2020-02-03,15:00:41.753000,11309,11310,11309,7
2020-02-03,15:00:43.024000,11308,11310,11308,1
2020-02-03,15:00:43.715000,11308,11309,11309,1
2020-02-03,15:00:43.715000,11308,11309,11310,3
2020-02-03,15:00:45.519000,11308,11309,11308,5
2020-02-03,15:00:46.807000,11308,11309,11309,2
2020-02-03,15:00:48.846000,11309,11310,11310,4
2020-02-03,15:00:50.178000,11310,11311,11310,1
2020-02-03,15:00:50.396000,11310,11311,11310,1
2020-02-03,15:00:50.545000,11310,11311,11310,1
2020-02-03,15:00:50.711000,11310,11311,11311,1
2020-02-03,15:00:50.841000,11310,11311,11310,1
2020-02-03,15:00:51.069000,11310,11311,11311,1
2020-02-03,15:00:51.097000,11310,11311,11310,1
2020-02-03,15:00:51.253000,11310,11311,11311,1
2020-02-03,15:00:51.324000,11310,11311,11310,1
2020-02-03,15:00:51.605000,11310,11312,11310,1
2020-02-03,15:00:51.852000,11310,11312,11310,1
2020-02-03,15:00:51.877000,11310,11312,11310,4
2020-02-03,15:00:51.971000,11311,11312,11311,1
2020-02-03,15:00:52.604000,11311,11312,11311,2
2020-02-03,15:00:52.788000,11311,11312,11311,1
2020-02-03,15:00:53.044000,11311,11312,11311,1
2020-02-03,15:00:53.096000,11311,11312,11311,1
2020-02-03,15:00:53.264000,11311,11312,11311,1
2020-02-03,15:00:53.346000,11311,11312,11311,1
2020-02-03,15:00:54.597000,11310,11311,11311,5
2020-02-03,15:00:55.625000,11310,11311,11311,4
2020-02-03,15:00:56.371000,11311,11312,11312,5
2020-02-03,15:00:57.375000,11311,11312,11312,1
2020-02-03,15:00:57.809000,11311,11312,11312,1
2020-02-03,15:00:59.447000,11311,11312,11311,1
2020-02-03,15:00:59.456000,11311,11312,11312,1
2020-02-03,15:01:00.050000,11311,11312,11312,2
2020-02-03,15:01:00.534000,11311,11312,11311,1
2020-02-03,15:01:00.640000,11311,11312,11312,2
2020-02-03,15:01:00.744000,11311,11312,11311,2
2020-02-03,15:01:01.952000,11311,11312,11311,3
2020-02-03,15:01:02.359000,11311,11312,11311,3
2020-02-03,15:01:02.488000,11311,11312,11311,1
2020-02-03,15:01:02.488000,11311,11312,11311,1
2020-02-03,15:01:02.488000,11311,11312,11310,1
2020-02-03,15:01:02.489000,11311,11312,11310,1
2020-02-03,15:01:02.489000,11311,11312,11310,1
2020-02-03,15:01:02.490000,11311,11312,11310,1
2020-02-03,15:01:02.490000,11311,11312,11310,2
2020-02-03,15:01:02.492000,11311,11312,11310,1
2020-02-03,15:01:02.493000,11311,11312,11310,1
2020-02-03,15:01:02.493000,11311,11312,11310,1
2020-02-03,15:01:02.494000,11311,11312,11310,1
2020-02-03,15:01:02.619000,11310,11312,11312,1
2020-02-03,15:01:02.856000,11310,11311,11311,1
2020-02-03,15:01:03.041000,11310,11311,11310,1
2020-02-03,15:01:03.041000,11310,11311,11309,1
2020-02-03,15:01:03.262000,11309,11311,11309,3
2020-02-03,15:01:03.752000,11309,11311,11309,4
2020-02-03,15:01:08.387000,11309,11310,11309,2
2020-02-03,15:01:09.425000,11309,11310,11310,5
2020-02-03,15:01:09.638000,11309,11310,11309,2
2020-02-03,15:01:10.335000,11309,11310,11310,1
2020-02-03,15:01:10.408000,11310,11311,11310,1
2020-02-03,15:01:13.994000,11310,11311,11310,2
2020-02-03,15:01:14.249000,11310,11311,11310,1
2020-02-03,15:01:14.910000,11310,11311,11310,5
2020-02-03,15:01:14.911000,11310,11311,11311,3
2020-02-03,15:01:15.629000,11310,11311,11310,1
2020-02-03,15:01:16.168000,11310,11311,11311,1
2020-02-03,15:01:16.925000,11310,11311,11311,1
2020-02-03,15:01:16.959000,11310,11311,11312,2
2020-02-03,15:01:17.221000,11311,11312,11312,1
2020-02-03,15:01:17.236000,11311,11312,11312,2
2020-02-03,15:01:17.236000,11311,11312,11312,1
2020-02-03,15:01:17.721000,11312,11313,11313,4
2020-02-03,15:01:17.939000,11312,11314,11313,1
2020-02-03,15:01:18.346000,11313,11314,11314,3
2020-02-03,15:01:21.210000,11314,11315,11315,1
2020-02-03,15:01:22.043000,11314,11315,11315,1
2020-02-03,15:01:22.118000,11314,11315,11314,5
2020-02-03,15:01:22.568000,11314,11315,11315,1
2020-02-03,15:01:23.452000,11314,11315,11314,5
2020-02-03,15:01:24.767000,11314,11315,11315,7
2020-02-03,15:01:25.024000,11315,11316,11316,2
2020-02-03,15:01:28.231000,11316,11317,11317,6
2020-02-03,15:01:28.453000,11317,11318,11317,2
2020-02-03,15:01:28.471000,11317,11318,11318,4
2020-02-03,15:01:28.846000,11318,11319,11319,1
2020-02-03,15:01:28.971000,11318,11319,11319,1
2020-02-03,15:01:29.509000,11319,11320,11320,1
2020-02-03,15:01:29.703000,11319,11320,11319,2
2020-02-03,15:01:30.249000,11319,11320,11320,1
2020-02-03,15:01:30.994000,11319,11320,11319,1
2020-02-03,15:01:31.055000,11319,11320,11320,1
2020-02-03,15:01:31.214000,11319,11320,11319,1
2020-02-03,15:01:31.353000,11319,11320,11320,1
2020-02-03,15:01:32.431000,11319,11320,11320,1
2020-02-03,15:01:32.733000,11319,11320,11320,5
2020-02-03,15:01:32.790000,11319,11320,11319,1
2020-02-03,15:01:33.409000,11319,11320,11320,4
2020-02-03,15:01:33.569000,11319,11320,11320,2
2020-02-03,15:01:33.613000,11319,11320,11320,1
2020-02-03,15:01:33.613000,11319,11320,11321,1
2020-02-03,15:01:33.745000,11319,11321,11321,5
2020-02-03,15:01:33.872000,11319,11321,11321,1
2020-02-03,15:01:34.103000,11320,11322,11322,1
2020-02-03,15:01:34.290000,11320,11322,11322,1
2020-02-03,15:01:34.456000,11320,11322,11322,1
2020-02-03,15:01:34.615000,11321,11322,11322,1
2020-02-03,15:01:35.610000,11321,11323,11323,1
2020-02-03,15:01:36.481000,11322,11323,11323,1
2020-02-03,15:01:37.131000,11322,11323,11323,1
2020-02-03,15:01:37.297000,11323,11324,11323,1
2020-02-03,15:01:37.567000,11322,11324,11324,1
2020-02-03,15:01:38.084000,11323,11324,11323,1
2020-02-03,15:01:38.112000,11323,11324,11323,1
2020-02-03,15:01:38.221000,11323,11324,11323,1
2020-02-03,15:01:38.280000,11323,11324,11323,1
2020-02-03,15:01:38.361000,11322,11323,11322,7
2020-02-03,15:01:38.392000,11322,11323,11322,1
2020-02-03,15:01:38.429000,11322,11323,11323,11
2020-02-03,15:01:38.429000,11322,11323,11324,6
2020-02-03,15:01:38.461000,11322,11323,11324,1
2020-02-03,15:01:38.581000,11322,11324,11322,2
2020-02-03,15:01:38.846000,11321,11322,11321,2
2020-02-03,15:01:38.860000,11321,11322,11321,1
2020-02-03,15:01:39.244000,11320,11321,11321,1
2020-02-03,15:01:39.579000,11320,11321,11320,7
2020-02-03,15:01:39.596000,11320,11321,11320,2
2020-02-03,15:01:39.596000,11320,11321,11320,1
2020-02-03,15:01:39.641000,11320,11321,11320,1
2020-02-03,15:01:40.200000,11320,11321,11320,3
2020-02-03,15:01:40.200000,11320,11321,11320,3
2020-02-03,15:01:40.721000,11319,11320,11319,6
2020-02-03,15:01:42.135000,11317,11318,11317,1
2020-02-03,15:01:42.645000,11317,11318,11317,2
2020-02-03,15:01:43.200000,11317,11318,11317,4
2020-02-03,15:01:43.752000,11317,11318,11317,6
2020-02-03,15:01:44.971000,11316,11317,11317,3
2020-02-03,15:01:45.501000,11317,11318,11317,2
2020-02-03,15:01:45.725000,11317,11318,11317,1
2020-02-03,15:01:47.731000,11317,11319,11319,1
2020-02-03,15:01:47.966000,11317,11319,11317,1
2020-02-03,15:01:48.028000,11317,11319,11317,1
2020-02-03,15:01:54.233000,11318,11319,11319,1
2020-02-03,15:01:54.855000,11318,11319,11319,2
2020-02-03,15:01:55.059000,11319,11320,11319,1
2020-02-03,15:01:56.911000,11319,11320,11319,1
2020-02-03,15:01:58.464000,11319,11320,11320,1
2020-02-03,15:01:58.868000,11319,11320,11320,2
2020-02-03,15:01:59.217000,11319,11320,11319,1
2020-02-03,15:01:59.357000,11319,11320,11320,3
2020-02-03,15:01:59.543000,11319,11320,11319,1
2020-02-03,15:02:00.167000,11319,11320,11319,2
2020-02-03,15:02:01.721000,11319,11320,11319,1
2020-02-03,15:02:02.323000,11319,11320,11319,1
2020-02-03,15:02:03.668000,11318,11319,11319,1
2020-02-03,15:02:05.070000,11318,11319,11319,1
2020-02-03,15:02:06.724000,11318,11319,11319,1
2020-02-03,15:02:07.024000,11318,11319,11319,1
2020-02-03,15:02:07.179000,11318,11319,11319,1
2020-02-03,15:02:07.308000,11318,11319,11319,3
2020-02-03,15:02:08.703000,11319,11320,11319,1
2020-02-03,15:02:11.426000,11318,11319,11319,1
2020-02-03,15:02:13.256000,11319,11320,11319,3
2020-02-03,15:02:15.169000,11319,11320,11319,2
2020-02-03,15:02:15.729000,11319,11320,11319,1
2020-02-03,15:02:17.436000,11319,11320,11320,1
2020-02-03,15:02:18.456000,11319,11320,11320,2
2020-02-03,15:02:18.457000,11319,11320,11320,2
2020-02-03,15:02:18.471000,11319,11320,11320,7
2020-02-03,15:02:18.471000,11319,11320,11320,17
2020-02-03,15:02:18.471000,11319,11320,11320,2
2020-02-03,15:02:18.471000,11319,11320,11320,11
2020-02-03,15:02:18.471000,11319,11320,11320,1
2020-02-03,15:02:18.596000,11319,11320,11320,1
2020-02-03,15:02:18.721000,11320,11321,11321,5
2020-02-03,15:02:18.721000,11320,11321,11321,1
2020-02-03,15:02:18.888000,11321,11322,11322,1
2020-02-03,15:02:18.891000,11321,11322,11322,1
2020-02-03,15:02:19.217000,11322,11323,11322,1
2020-02-03,15:02:19.217000,11322,11323,11321,1
2020-02-03,15:02:19.898000,11322,11323,11322,1
2020-02-03,15:02:20.856000,11322,11323,11322,1
2020-02-03,15:02:20.856000,11322,11323,11321,7
2020-02-03,15:02:21.030000,11321,11323,11323,1
2020-02-03,15:02:23.369000,11322,11323,11322,1
2020-02-03,15:02:25.666000,11322,11323,11322,2
2020-02-03,15:02:27.729000,11322,11323,11322,1
2020-02-03,15:02:27.750000,11322,11323,11322,1
2020-02-03,15:02:27.969000,11321,11323,11321,1
2020-02-03,15:02:28.356000,11322,11323,11322,1
2020-02-03,15:02:28.776000,11322,11323,11322,1
2020-02-03,15:02:31.382000,11322,11323,11323,2
2020-02-03,15:02:32.701000,11322,11323,11322,1
2020-02-03,15:02:33.558000,11322,11323,11322,1
2020-02-03,15:02:34.042000,11322,11323,11323,1
2020-02-03,15:02:37.087000,11322,11323,11322,2
2020-02-03,15:02:37.299000,11322,11323,11322,2
2020-02-03,15:02:37.596000,11322,11323,11323,8
2020-02-03,15:02:37.817000,11323,11324,11324,5
2020-02-03,15:02:37.817000,11323,11324,11324,1
2020-02-03,15:02:37.971000,11324,11325,11325,2
2020-02-03,15:02:38.268000,11324,11325,11324,1
2020-02-03,15:02:39.878000,11324,11325,11325,1
2020-02-03,15:02:40.058000,11324,11325,11325,11
2020-02-03,15:02:41.616000,11325,11326,11326,4
2020-02-03,15:02:41.697000,11325,11326,11325,2
2020-02-03,15:02:41.728000,11325,11327,11327,4
2020-02-03,15:02:43.415000,11325,11327,11327,1
2020-02-03,15:02:43.718000,11325,11327,11327,1
2020-02-03,15:02:44.348000,11325,11327,11327,1
2020-02-03,15:02:45.721000,11326,11327,11327,1
2020-02-03,15:02:46.634000,11327,11328,11327,1
2020-02-03,15:02:46.644000,11327,11328,11327,1
2020-02-03,15:02:46.919000,11327,11328,11327,2
2020-02-03,15:02:46.919000,11327,11328,11326,3
2020-02-03,15:02:48.827000,11327,11328,11328,2
2020-02-03,15:02:50.240000,11327,11328,11327,1
2020-02-03,15:02:51.083000,11327,11328,11327,2
2020-02-03,15:02:51.806000,11326,11327,11327,3
2020-02-03,15:02:53.440000,11327,11328,11327,1
2020-02-03,15:02:53.729000,11327,11328,11328,1
2020-02-03,15:02:54.631000,11327,11328,11328,1
2020-02-03,15:02:56.812000,11327,11328,11327,1
2020-02-03,15:02:57.285000,11327,11328,11328,1
2020-02-03,15:02:57.427000,11327,11328,11328,1
2020-02-03,15:02:57.614000,11327,11328,11328,18
2020-02-03,15:02:57.916000,11327,11329,11328,1
2020-02-03,15:02:59.460000,11328,11329,11329,5
2020-02-03,15:02:59.963000,11328,11329,11328,1
2020-02-03,15:03:00.097000,11328,11329,11329,1
2020-02-03,15:03:00.115000,11328,11329,11329,2
2020-02-03,15:03:00.316000,11328,11330,11330,1
2020-02-03,15:03:00.381000,11328,11330,11330,1
2020-02-03,15:03:00.633000,11329,11330,11330,4
2020-02-03,15:03:01.105000,11329,11331,11329,5
2020-02-03,15:03:02.626000,11329,11330,11330,1
2020-02-03,15:03:04.498000,11329,11330,11330,2
2020-02-03,15:03:06.244000,11329,11331,11329,2
2020-02-03,15:03:08.554000,11330,11331,11331,1
2020-02-03,15:03:08.809000,11330,11331,11331,2
2020-02-03,15:03:09.038000,11330,11331,11331,1
2020-02-03,15:03:09.360000,11330,11331,11330,1
2020-02-03,15:03:09.449000,11330,11331,11330,1
2020-02-03,15:03:09.471000,11330,11331,11330,3
2020-02-03,15:03:09.471000,11330,11331,11330,1
2020-02-03,15:03:10.328000,11329,11330,11330,1
2020-02-03,15:03:11.096000,11329,11330,11329,17
2020-02-03,15:03:11.267000,11328,11330,11329,1
2020-02-03,15:03:11.596000,11328,11329,11328,6
2020-02-03,15:03:13.186000,11327,11328,11328,1
2020-02-03,15:03:13.725000,11327,11328,11327,1
2020-02-03,15:03:15.803000,11327,11328,11328,1
2020-02-03,15:03:16.129000,11327,11328,11328,1
2020-02-03,15:03:17.244000,11327,11328,11328,1
2020-02-03,15:03:20.217000,11327,11328,11327,4
2020-02-03,15:03:21.535000,11327,11328,11328,12
2020-02-03,15:03:21.536000,11327,11328,11328,1
2020-02-03,15:03:21.678000,11328,11329,11328,4
2020-02-03,15:03:21.779000,11328,11329,11328,2
2020-02-03,15:03:22.032000,11328,11329,11328,1
2020-02-03,15:03:22.498000,11328,11329,11328,10
2020-02-03,15:03:22.995000,11328,11329,11328,2
2020-02-03,15:03:23.096000,11328,11329,11328,5
2020-02-03,15:03:24.063000,11327,11328,11327,1
2020-02-03,15:03:24.248000,11327,11328,11327,3
2020-02-03,15:03:25.758000,11326,11327,11326,2
2020-02-03,15:03:25.990000,11326,11327,11326,2
2020-02-03,15:03:26.494000,11326,11327,11326,2
2020-02-03,15:03:26.754000,11326,11327,11326,1
2020-02-03,15:03:26.872000,11326,11327,11327,1
2020-02-03,15:03:27.360000,11326,11327,11326,5
2020-02-03,15:03:27.474000,11325,11327,11327,2
2020-02-03,15:03:29.888000,11325,11327,11326,1
2020-02-03,15:03:32.079000,11325,11326,11325,1
2020-02-03,15:03:33.982000,11325,11326,11326,1
2020-02-03,15:03:34.080000,11325,11326,11325,5
2020-02-03,15:03:34.108000,11324,11326,11324,1
2020-02-03,15:03:34.664000,11324,11325,11325,1
2020-02-03,15:03:34.882000,11324,11325,11325,1
2020-02-03,15:03:34.945000,11324,11325,11325,1
2020-02-03,15:03:35.061000,11324,11326,11324,2
2020-02-03,15:03:36.783000,11324,11325,11324,1
2020-02-03,15:03:36.846000,11324,11325,11325,5
2020-02-03,15:03:37.096000,11324,11325,11325,1
2020-02-03,15:03:37.538000,11325,11326,11325,1
2020-02-03,15:03:42.564000,11324,11325,11325,1
2020-02-03,15:03:45.500000,11324,11325,11324,3
2020-02-03,15:03:45.976000,11324,11325,11325,1
2020-02-03,15:03:47.158000,11324,11325,11324,1
2020-02-03,15:03:47.221000,11324,11325,11324,9
2020-02-03,15:03:47.221000,11324,11325,11324,10
2020-02-03,15:03:47.346000,11324,11325,11324,2
2020-02-03,15:03:47.346000,11324,11325,11324,17
2020-02-03,15:03:47.346000,11324,11325,11324,3
2020-02-03,15:03:47.346000,11324,11325,11324,13
2020-02-03,15:03:47.346000,11324,11325,11324,4
2020-02-03,15:03:47.346000,11324,11325,11324,2
2020-02-03,15:03:47.346000,11324,11325,11324,1
2020-02-03,15:03:47.346000,11324,11325,11324,1
2020-02-03,15:03:47.346000,11324,11325,11324,2
2020-02-03,15:03:47.596000,11323,11324,11323,4
2020-02-03,15:03:47.668000,11323,11324,11322,1
2020-02-03,15:03:47.673000,11323,11324,11323,7
2020-02-03,15:03:47.721000,11322,11323,11322,1
2020-02-03,15:03:49.437000,11321,11322,11321,1
2020-02-03,15:03:49.782000,11321,11322,11321,1
2020-02-03,15:03:49.809000,11321,11322,11322,2
2020-02-03,15:03:49.973000,11321,11322,11322,1
2020-02-03,15:03:49.999000,11321,11322,11321,1
2020-02-03,15:03:50.128000,11321,11322,11321,5
2020-02-03,15:03:50.805000,11321,11322,11321,1
2020-02-03,15:03:51.055000,11321,11322,11321,1
2020-02-03,15:03:51.346000,11321,11322,11322,1
2020-02-03,15:03:52.596000,11321,11322,11322,1
2020-02-03,15:03:58.696000,11322,11323,11322,1
2020-02-03,15:04:02.070000,11322,11323,11322,6
2020-02-03,15:04:02.292000,11322,11323,11322,3
2020-02-03,15:04:02.353000,11321,11322,11322,1
2020-02-03,15:04:03.320000,11322,11323,11322,1
2020-02-03,15:04:05.372000,11322,11323,11322,1
2020-02-03,15:04:07.378000,11322,11323,11322,1
2020-02-03,15:04:22.248000,11321,11322,11322,2
2020-02-03,15:04:27.684000,11321,11322,11322,1
2020-02-03,15:04:40.346000,11321,11322,11322,7
2020-02-03,15:04:46.241000,11322,11324,11322,1
2020-02-03,15:04:46.399000,11322,11324,11322,1
2020-02-03,15:04:52.204000,11322,11323,11322,1
2020-02-03,15:04:53.706000,11322,11323,11322,2
2020-02-03,15:04:55.367000,11322,11323,11322,3
2020-02-03,15:04:55.907000,11322,11323,11323,2
2020-02-03,15:04:56.737000,11322,11323,11322,1
2020-02-03,15:04:58.720000,11322,11323,11323,1
2020-02-03,15:05:02.186000,11323,11324,11323,1
2020-02-03,15:05:02.588000,11323,11324,11324,1
2020-02-03,15:05:02.596000,11323,11324,11324,1
2020-02-03,15:05:03.360000,11324,11325,11325,1
2020-02-03,15:05:03.415000,11324,11325,11325,1
2020-02-03,15:05:03.431000,11324,11325,11325,2
2020-02-03,15:05:03.774000,11324,11325,11325,1
2020-02-03,15:05:03.843000,11324,11325,11324,5
2020-02-03,15:05:08.900000,11323,11324,11323,1
2020-02-03,15:05:09.323000,11322,11324,11322,1
2020-02-03,15:05:09.334000,11322,11324,11324,2
2020-02-03,15:05:09.625000,11322,11324,11322,3
2020-02-03,15:05:12.927000,11322,11323,11322,2
2020-02-03,15:05:13.480000,11321,11322,11321,3
2020-02-03,15:05:14.502000,11321,11322,11322,1
2020-02-03,15:05:16.704000,11321,11322,11322,4
2020-02-03,15:05:16.704000,11321,11322,11323,6
2020-02-03,15:05:18.039000,11321,11323,11321,6
2020-02-03,15:05:20.753000,11321,11323,11323,1
2020-02-03,15:05:21.249000,11321,11322,11322,1
2020-02-03,15:05:21.253000,11321,11322,11321,1
2020-02-03,15:05:23.381000,11321,11322,11322,5
2020-02-03,15:05:27.174000,11321,11322,11321,1
2020-02-03,15:05:30.853000,11321,11322,11321,3
2020-02-03,15:05:31.375000,11320,11321,11321,1
2020-02-03,15:05:32.569000,11320,11321,11320,1
2020-02-03,15:05:33.297000,11320,11321,11320,1
2020-02-03,15:05:33.481000,11320,11321,11320,1
2020-02-03,15:05:33.817000,11320,11321,11320,1
2020-02-03,15:05:34.497000,11320,11321,11320,1
2020-02-03,15:05:35.711000,11320,11321,11320,1
2020-02-03,15:05:36.261000,11320,11321,11320,1
2020-02-03,15:05:38.458000,11320,11321,11320,2
2020-02-03,15:05:38.489000,11320,11321,11320,2
2020-02-03,15:05:38.611000,11320,11321,11320,2
2020-02-03,15:05:38.676000,11320,11321,11320,1
2020-02-03,15:05:38.721000,11320,11321,11320,3
2020-02-03,15:05:38.971000,11319,11320,11319,1
2020-02-03,15:05:39.250000,11319,11320,11319,1
2020-02-03,15:05:39.300000,11319,11320,11319,4
2020-02-03,15:05:39.304000,11319,11320,11319,1
2020-02-03,15:05:40.244000,11318,11319,11319,1
2020-02-03,15:05:47.315000,11318,11319,11319,1
2020-02-03,15:05:48.987000,11318,11319,11319,1
2020-02-03,15:05:49.172000,11318,11319,11319,1
2020-02-03,15:05:49.285000,11318,11319,11319,2
2020-02-03,15:05:50.612000,11319,11320,11320,2
2020-02-03,15:05:52.953000,11319,11320,11320,1
2020-02-03,15:05:56.113000,11319,11320,11319,2
2020-02-03,15:05:56.481000,11319,11320,11320,1
2020-02-03,15:06:00.298000,11319,11320,11320,1
2020-02-03,15:06:04.115000,11319,11320,11319,1
2020-02-03,15:06:04.168000,11319,11320,11320,1
2020-02-03,15:06:04.221000,11320,11321,11320,1
2020-02-03,15:06:09.872000,11320,11321,11320,2
2020-02-03,15:06:12.898000,11319,11320,11320,1
2020-02-03,15:06:21.196000,11319,11320,11319,2
2020-02-03,15:06:21.359000,11319,11320,11319,2
2020-02-03,15:06:22.595000,11319,11320,11319,1
2020-02-03,15:06:24.471000,11318,11319,11318,10
2020-02-03,15:06:24.889000,11317,11318,11317,1
2020-02-03,15:06:25.814000,11317,11318,11318,12
2020-02-03,15:06:26.482000,11317,11318,11318,1
2020-02-03,15:06:27.411000,11317,11318,11318,2
2020-02-03,15:06:27.558000,11317,11318,11317,1
2020-02-03,15:06:30.733000,11317,11318,11317,2
2020-02-03,15:06:31.094000,11316,11317,11316,1
2020-02-03,15:06:31.729000,11316,11317,11316,4
2020-02-03,15:06:35.316000,11316,11317,11316,1
2020-02-03,15:06:38.025000,11316,11317,11316,1
2020-02-03,15:06:40.104000,11316,11317,11316,1
2020-02-03,15:06:41.212000,11316,11317,11316,4
2020-02-03,15:06:43.130000,11316,11317,11316,1
2020-02-03,15:06:48.269000,11316,11317,11317,2
2020-02-03,15:06:49.116000,11316,11317,11316,1
2020-02-03,15:06:52.419000,11316,11317,11316,3
2020-02-03,15:06:53.405000,11316,11317,11316,1
2020-02-03,15:06:53.751000,11316,11317,11316,1
2020-02-03,15:06:54.495000,11316,11317,11316,1
2020-02-03,15:06:55.471000,11316,11317,11317,7
2020-02-03,15:06:55.473000,11316,11317,11317,1
2020-02-03,15:06:55.477000,11316,11317,11317,2
2020-02-03,15:06:55.479000,11316,11317,11317,2
2020-02-03,15:06:55.596000,11316,11317,11317,5
2020-02-03,15:06:55.723000,11317,11318,11317,1
2020-02-03,15:06:55.846000,11317,11318,11317,2
2020-02-03,15:06:55.872000,11317,11318,11318,3
2020-02-03,15:06:55.983000,11318,11319,11318,1
2020-02-03,15:06:56.366000,11318,11319,11319,2
2020-02-03,15:06:58.032000,11318,11319,11318,2
2020-02-03,15:06:58.903000,11318,11319,11318,1
2020-02-03,15:07:02.242000,11318,11319,11318,3
2020-02-03,15:07:02.512000,11318,11319,11319,1
2020-02-03,15:07:02.670000,11318,11319,11319,1
2020-02-03,15:07:04.027000,11318,11319,11318,1
2020-02-03,15:07:07.572000,11318,11320,11320,1
2020-02-03,15:07:09.190000,11318,11320,11318,1
2020-02-03,15:07:10.328000,11318,11320,11320,1
2020-02-03,15:07:17.281000,11318,11319,11318,5
2020-02-03,15:07:18.091000,11318,11319,11319,1
2020-02-03,15:07:20.843000,11318,11319,11318,1
2020-02-03,15:07:22.400000,11318,11319,11318,1
2020-02-03,15:07:25.070000,11318,11319,11318,2
2020-02-03,15:07:25.217000,11318,11319,11318,1
2020-02-03,15:07:25.217000,11318,11319,11318,3
2020-02-03,15:07:26.619000,11317,11318,11318,1
2020-02-03,15:07:27.636000,11317,11318,11318,1
2020-02-03,15:07:29.254000,11317,11318,11317,1
2020-02-03,15:07:37.462000,11317,11318,11317,1
2020-02-03,15:07:37.927000,11317,11318,11317,2
2020-02-03,15:07:37.927000,11317,11318,11316,27
2020-02-03,15:07:38.242000,11315,11316,11316,1
2020-02-03,15:07:38.531000,11315,11316,11315,10
2020-02-03,15:07:38.531000,11315,11316,11314,19
2020-02-03,15:07:39.022000,11314,11315,11315,10
2020-02-03,15:07:43.456000,11314,11315,11314,1
2020-02-03,15:07:43.619000,11314,11315,11314,1
2020-02-03,15:07:46.803000,11314,11315,11314,1
2020-02-03,15:07:47.637000,11314,11315,11314,1
2020-02-03,15:07:49.691000,11313,11314,11313,2
2020-02-03,15:07:50.085000,11312,11313,11313,1
2020-02-03,15:07:50.570000,11312,11313,11312,1
2020-02-03,15:07:51.346000,11312,11314,11313,1
2020-02-03,15:07:52.633000,11313,11314,11313,1
2020-02-03,15:07:53.981000,11313,11314,11313,1
2020-02-03,15:07:54.114000,11313,11314,11313,1
2020-02-03,15:07:54.454000,11313,11314,11313,1
2020-02-03,15:07:55.354000,11313,11314,11313,2
2020-02-03,15:07:57.732000,11313,11314,11313,1
2020-02-03,15:08:01.604000,11313,11314,11313,1
2020-02-03,15:08:02.154000,11313,11314,11313,3
2020-02-03,15:08:02.724000,11312,11313,11312,2
2020-02-03,15:08:03.341000,11312,11313,11313,1
2020-02-03,15:08:04.454000,11312,11313,11312,1
2020-02-03,15:08:06.680000,11312,11313,11312,1
2020-02-03,15:08:07.581000,11311,11312,11311,2
2020-02-03,15:08:08.707000,11311,11312,11311,1
2020-02-03,15:08:09.158000,11311,11312,11312,1
2020-02-03,15:08:09.260000,11311,11312,11311,1
2020-02-03,15:08:10.647000,11311,11312,11311,1
2020-02-03,15:08:12.056000,11311,11312,11311,1
2020-02-03,15:08:13.615000,11311,11312,11311,1
2020-02-03,15:08:14.092000,11311,11312,11311,1
2020-02-03,15:08:14.340000,11311,11312,11311,1
2020-02-03,15:08:14.576000,11311,11312,11311,1
2020-02-03,15:08:14.582000,11311,11312,11311,1
2020-02-03,15:08:14.596000,11311,11312,11311,1
2020-02-03,15:08:15.396000,11311,11312,11311,1
2020-02-03,15:08:16.345000,11311,11312,11311,1
2020-02-03,15:08:16.442000,11311,11312,11311,1
2020-02-03,15:08:16.893000,11311,11312,11311,1
2020-02-03,15:08:17.496000,11310,11312,11311,1
2020-02-03,15:08:20.405000,11310,11311,11310,1
2020-02-03,15:08:20.960000,11310,11311,11310,1
2020-02-03,15:08:23.687000,11310,11311,11310,1
2020-02-03,15:08:24.280000,11310,11311,11310,1
2020-02-03,15:08:28.936000,11310,11311,11310,1
2020-02-03,15:08:29.142000,11310,11311,11310,1
2020-02-03,15:08:29.238000,11310,11311,11310,1
2020-02-03,15:08:33.282000,11310,11311,11311,1
2020-02-03,15:08:37.432000,11310,11311,11311,1
2020-02-03,15:08:39.207000,11310,11311,11310,2
2020-02-03,15:08:40.499000,11310,11311,11310,4
2020-02-03,15:08:41.035000,11310,11311,11310,1
2020-02-03,15:08:41.293000,11310,11311,11310,1
2020-02-03,15:08:42.440000,11310,11311,11311,7
2020-02-03,15:08:42.870000,11311,11312,11312,2
2020-02-03,15:08:43.180000,11311,11312,11312,6
2020-02-03,15:08:43.203000,11311,11312,11311,1
2020-02-03,15:08:44.770000,11311,11312,11311,1
2020-02-03,15:08:45.201000,11311,11312,11311,1
2020-02-03,15:08:45.569000,11310,11311,11310,5
2020-02-03,15:08:46.186000,11310,11311,11310,3
2020-02-03,15:08:46.719000,11309,11310,11310,1
2020-02-03,15:08:49.988000,11309,11310,11310,1
2020-02-03,15:08:50.331000,11309,11310,11310,1
2020-02-03,15:08:51.687000,11309,11310,11310,1
2020-02-03,15:08:51.882000,11309,11311,11311,1
2020-02-03,15:08:52.972000,11310,11311,11311,3
2020-02-03,15:08:55.286000,11311,11312,11311,2
2020-02-03,15:08:56.271000,11311,11312,11311,1
2020-02-03,15:08:59.601000,11311,11312,11311,10
2020-02-03,15:09:01.375000,11311,11312,11311,1
2020-02-03,15:09:02.367000,11310,11311,11310,2
2020-02-03,15:09:04.683000,11310,11311,11311,1
2020-02-03,15:09:05.592000,11310,11311,11311,1
2020-02-03,15:09:06.311000,11310,11311,11310,1
2020-02-03,15:09:08.067000,11309,11310,11309,2
2020-02-03,15:09:09.988000,11309,11310,11310,1
2020-02-03,15:09:10.663000,11309,11310,11310,1
2020-02-03,15:09:11.249000,11309,11311,11309,5
2020-02-03,15:09:11.945000,11309,11311,11311,1
2020-02-03,15:09:12.526000,11309,11310,11310,1
2020-02-03,15:09:19.994000,11310,11311,11311,2
2020-02-03,15:09:22.247000,11310,11311,11310,1
2020-02-03,15:09:22.507000,11310,11311,11311,11
2020-02-03,15:09:22.913000,11311,11312,11311,1
2020-02-03,15:09:25.604000,11311,11312,11312,4
2020-02-03,15:09:32.337000,11312,11313,11313,1
2020-02-03,15:09:34.556000,11313,11314,11314,1
2020-02-03,15:09:35.399000,11313,11314,11314,2
2020-02-03,15:09:38.333000,11313,11314,11313,1
2020-02-03,15:09:38.795000,11312,11313,11313,1
2020-02-03,15:09:42.340000,11312,11313,11313,1
2020-02-03,15:09:53.619000,11313,11314,11314,1
2020-02-03,15:09:57.096000,11313,11314,11313,5
2020-02-03,15:09:57.346000,11313,11314,11313,1
2020-02-03,15:10:02.029000,11312,11313,11313,2
2020-02-03,15:10:02.632000,11312,11313,11312,1
2020-02-03,15:10:02.683000,11312,11313,11312,2
2020-02-03,15:10:03.391000,11312,11313,11313,1
2020-02-03,15:10:07.371000,11312,11313,11313,1
2020-02-03,15:10:08.082000,11313,11314,11313,2
2020-02-03,15:10:10.550000,11312,11313,11313,2
2020-02-03,15:10:13.096000,11312,11313,11312,1
2020-02-03,15:10:15.346000,11312,11313,11312,4
2020-02-03,15:10:15.471000,11312,11313,11312,8
2020-02-03,15:10:15.877000,11311,11312,11311,2
2020-02-03,15:10:16.865000,11311,11312,11311,1
2020-02-03,15:10:17.981000,11311,11312,11311,1
2020-02-03,15:10:19.152000,11310,11311,11311,4
2020-02-03,15:10:25.401000,11311,11312,11312,1
2020-02-03,15:10:34.551000,11312,11313,11312,1
2020-02-03,15:10:44.471000,11311,11312,11312,4
2020-02-03,15:10:45.563000,11311,11312,11312,1
2020-02-03,15:10:57.730000,11312,11313,11312,1
2020-02-03,15:11:02.121000,11311,11312,11311,5
2020-02-03,15:11:06.280000,11311,11312,11311,1
2020-02-03,15:11:15.214000,11311,11312,11311,4
2020-02-03,15:11:17.101000,11311,11312,11311,1
2020-02-03,15:11:17.104000,11311,11312,11311,1
2020-02-03,15:11:19.765000,11310,11312,11312,2
2020-02-03,15:11:22.187000,11311,11312,11312,1
2020-02-03,15:11:29.120000,11311,11312,11311,7
2020-02-03,15:11:29.121000,11311,11312,11311,2
2020-02-03,15:11:29.121000,11311,11312,11311,1
2020-02-03,15:11:34.101000,11311,11312,11312,1
2020-02-03,15:11:34.530000,11311,11312,11312,1
2020-02-03,15:11:35.393000,11311,11312,11311,5
2020-02-03,15:11:41.371000,11311,11312,11311,1
2020-02-03,15:11:51.825000,11310,11311,11310,1
2020-02-03,15:11:52.236000,11310,11311,11310,3
2020-02-03,15:11:54.158000,11310,11311,11310,1
2020-02-03,15:11:56.353000,11310,11311,11310,1
2020-02-03,15:11:57.846000,11310,11311,11311,3
2020-02-03,15:12:02.948000,11311,11312,11312,18
2020-02-03,15:12:03.658000,11312,11313,11312,1
2020-02-03,15:12:13.905000,11312,11313,11312,3
2020-02-03,15:12:14.096000,11312,11313,11312,1
2020-02-03,15:12:18.382000,11311,11312,11311,1
2020-02-03,15:12:20.170000,11311,11312,11311,1
2020-02-03,15:12:25.220000,11311,11312,11311,4
2020-02-03,15:12:25.234000,11311,11312,11311,1
2020-02-03,15:12:30.168000,11310,11311,11311,1
2020-02-03,15:12:34.248000,11310,11311,11310,1
2020-02-03,15:12:34.882000,11310,11311,11311,2
2020-02-03,15:12:34.911000,11310,11311,11310,1
2020-02-03,15:12:42.014000,11310,11311,11311,1
2020-02-03,15:12:46.484000,11310,11311,11310,8
2020-02-03,15:12:52.668000,11310,11311,11310,2
2020-02-03,15:12:52.846000,11310,11311,11310,3
2020-02-03,15:12:54.843000,11309,11310,11310,1
2020-02-03,15:12:54.873000,11309,11310,11310,1
2020-02-03,15:12:55.813000,11309,11310,11310,1
2020-02-03,15:12:59.471000,11309,11310,11309,4
2020-02-03,15:12:59.596000,11309,11310,11309,5
2020-02-03,15:13:02.547000,11308,11309,11308,2
2020-02-03,15:13:02.548000,11308,11309,11308,3
2020-02-03,15:13:02.548000,11308,11309,11308,2
2020-02-03,15:13:02.548000,11308,11309,11308,1
2020-02-03,15:13:02.548000,11308,11309,11308,1
2020-02-03,15:13:05.900000,11307,11308,11307,1
2020-02-03,15:13:05.995000,11307,11308,11307,5
2020-02-03,15:13:08.592000,11306,11307,11306,1
2020-02-03,15:13:10.646000,11306,11307,11306,1
2020-02-03,15:13:11.084000,11306,11307,11307,1
2020-02-03,15:13:12.545000,11306,11307,11306,1
2020-02-03,15:13:12.626000,11306,11307,11306,1
2020-02-03,15:13:13.108000,11306,11307,11307,1
2020-02-03,15:13:16.552000,11306,11307,11306,1
2020-02-03,15:13:16.741000,11306,11307,11306,1
2020-02-03,15:13:17.131000,11306,11307,11307,1
2020-02-03,15:13:17.557000,11306,11307,11306,1
2020-02-03,15:13:17.675000,11306,11307,11307,5
2020-02-03,15:13:19.439000,11307,11309,11307,1
2020-02-03,15:13:20.588000,11307,11309,11307,2
2020-02-03,15:13:21.408000,11307,11308,11307,1
2020-02-03,15:13:22.354000,11307,11308,11307,1
2020-02-03,15:13:23.077000,11307,11308,11307,1
2020-02-03,15:13:25.889000,11307,11308,11307,1
2020-02-03,15:13:26.444000,11307,11308,11308,1
2020-02-03,15:13:26.444000,11307,11308,11308,3
2020-02-03,15:13:26.688000,11307,11309,11308,1
2020-02-03,15:13:27.053000,11308,11309,11310,1
2020-02-03,15:13:27.212000,11308,11310,11310,1
2020-02-03,15:13:28.466000,11308,11310,11309,1
2020-02-03,15:13:33.669000,11309,11310,11309,1
2020-02-03,15:13:39.202000,11309,11310,11310,1
2020-02-03,15:13:40.947000,11309,11310,11310,1
2020-02-03,15:13:42.047000,11309,11310,11310,1
2020-02-03,15:13:42.112000,11309,11310,11309,2
2020-02-03,15:13:43.504000,11309,11310,11310,1
2020-02-03,15:13:43.570000,11309,11310,11310,3
2020-02-03,15:13:43.623000,11309,11311,11310,1
2020-02-03,15:13:44.428000,11310,11311,11310,1
2020-02-03,15:13:48.851000,11309,11311,11310,1
2020-02-03,15:13:49.553000,11309,11310,11310,1
2020-02-03,15:14:03.976000,11310,11311,11310,5
2020-02-03,15:14:06.156000,11310,11311,11310,1
2020-02-03,15:14:10.137000,11310,11311,11311,1
2020-02-03,15:14:11.281000,11310,11311,11311,1
2020-02-03,15:14:12.768000,11310,11311,11311,2
2020-02-03,15:14:13.243000,11310,11311,11311,2
2020-02-03,15:14:17.698000,11311,11312,11312,2
2020-02-03,15:14:20.100000,11311,11312,11312,1
2020-02-03,15:14:20.998000,11311,11312,11312,1
2020-02-03,15:14:21.280000,11311,11312,11312,1
2020-02-03,15:14:24.526000,11311,11312,11312,1
2020-02-03,15:14:29.092000,11311,11312,11312,3
2020-02-03,15:14:30.612000,11311,11312,11312,1
2020-02-03,15:14:33.362000,11311,11312,11312,1
2020-02-03,15:14:33.513000,11311,11312,11312,1
2020-02-03,15:14:35.572000,11312,11313,11313,1
2020-02-03,15:14:36.025000,11312,11313,11312,1
2020-02-03,15:14:36.071000,11312,11313,11312,1
2020-02-03,15:14:38.866000,11311,11312,11312,1
2020-02-03,15:14:49.263000,11312,11313,11312,1
2020-02-03,15:14:51.860000,11312,11313,11313,1
2020-02-03,15:14:52.037000,11312,11313,11312,1
2020-02-03,15:15:00.608000,11312,11313,11312,1
2020-02-03,15:15:01.229000,11312,11313,11312,5
2020-02-03,15:15:01.229000,11312,11313,11312,1
2020-02-03,15:15:01.229000,11312,11313,11311,4
2020-02-03,15:15:02.095000,11311,11313,11311,2
2020-02-03,15:15:02.105000,11311,11313,11311,2
2020-02-03,15:15:02.116000,11311,11313,11311,2
2020-02-03,15:15:09.165000,11312,11313,11312,1
2020-02-03,15:15:09.695000,11312,11313,11313,13
2020-02-03,15:15:09.700000,11312,11313,11313,2
2020-02-03,15:15:09.847000,11313,11314,11314,10
2020-02-03,15:15:10.012000,11313,11315,11315,1
2020-02-03,15:15:11.326000,11314,11315,11314,1
2020-02-03,15:15:17.571000,11314,11315,11314,1
2020-02-03,15:15:20.429000,11314,11315,11314,1
2020-02-03,15:15:21.050000,11314,11315,11315,4
2020-02-03,15:15:25.226000,11314,11315,11315,1
2020-02-03,15:15:27.032000,11314,11315,11315,2
2020-02-03,15:15:30.060000,11314,11315,11315,1
2020-02-03,15:15:31.726000,11314,11315,11315,1
2020-02-03,15:15:33.137000,11314,11315,11315,1
2020-02-03,15:15:33.708000,11314,11315,11315,10
2020-02-03,15:15:33.900000,11315,11316,11316,1
2020-02-03,15:15:34.144000,11315,11316,11316,1
2020-02-03,15:15:34.355000,11315,11316,11315,5
2020-02-03,15:15:34.420000,11315,11316,11316,1
2020-02-03,15:15:34.594000,11315,11316,11316,1
2020-02-03,15:15:35.791000,11315,11316,11316,1
2020-02-03,15:15:36.210000,11315,11316,11316,2
2020-02-03,15:15:36.210000,11315,11316,11316,2
2020-02-03,15:15:36.221000,11315,11316,11316,6
2020-02-03,15:15:36.722000,11316,11317,11317,2
2020-02-03,15:15:37.124000,11316,11317,11317,2
2020-02-03,15:15:37.346000,11316,11317,11317,1
2020-02-03,15:15:37.930000,11317,11318,11317,2
2020-02-03,15:15:44.281000,11318,11319,11318,6
2020-02-03,15:15:45.646000,11317,11318,11317,1
2020-02-03,15:15:45.747000,11317,11318,11318,1
2020-02-03,15:15:47.102000,11317,11318,11318,2
2020-02-03,15:15:55.147000,11317,11318,11318,1
2020-02-03,15:15:59.166000,11317,11318,11318,1
2020-02-03,15:15:59.734000,11317,11318,11318,1
2020-02-03,15:16:01.585000,11317,11318,11318,10
2020-02-03,15:16:02.482000,11317,11318,11318,10
2020-02-03,15:16:06.088000,11317,11318,11318,1
2020-02-03,15:16:06.103000,11317,11318,11318,1
2020-02-03,15:16:06.111000,11317,11318,11318,1
2020-02-03,15:16:06.111000,11317,11318,11318,1
2020-02-03,15:16:06.112000,11317,11318,11318,1
2020-02-03,15:16:06.112000,11317,11318,11318,1
2020-02-03,15:16:06.112000,11317,11318,11318,1
2020-02-03,15:16:06.113000,11317,11318,11318,1
2020-02-03,15:16:06.113000,11317,11318,11318,1
2020-02-03,15:16:06.113000,11317,11318,11319,4
2020-02-03,15:16:06.114000,11317,11318,11319,1
2020-02-03,15:16:06.118000,11317,11318,11319,1
2020-02-03,15:16:06.119000,11317,11318,11319,2
2020-02-03,15:16:06.119000,11317,11318,11319,1
2020-02-03,15:16:06.121000,11317,11318,11319,3
2020-02-03,15:16:10.340000,11317,11319,11319,1
2020-02-03,15:16:13.770000,11318,11319,11318,1
2020-02-03,15:16:16.859000,11318,11319,11319,2
2020-02-03,15:16:16.941000,11318,11319,11318,1
2020-02-03,15:16:16.971000,11317,11318,11318,1
2020-02-03,15:16:17.879000,11318,11319,11319,1
2020-02-03,15:16:19.023000,11318,11319,11319,1
2020-02-03,15:16:20.757000,11318,11319,11319,1
2020-02-03,15:16:20.846000,11319,11320,11319,1
2020-02-03,15:16:22.300000,11318,11319,11319,1
2020-02-03,15:16:22.404000,11318,11319,11318,1
2020-02-03,15:16:27.958000,11318,11319,11318,4
2020-02-03,15:16:27.971000,11318,11319,11318,2
2020-02-03,15:16:29.830000,11317,11318,11318,1
2020-02-03,15:16:37.015000,11317,11318,11318,2
2020-02-03,15:16:37.397000,11318,11319,11318,2
2020-02-03,15:16:39.143000,11318,11319,11318,1
2020-02-03,15:16:42.688000,11318,11319,11318,2
2020-02-03,15:16:47.096000,11318,11319,11319,4
2020-02-03,15:16:47.138000,11318,11319,11319,2
2020-02-03,15:16:47.177000,11318,11319,11319,1
2020-02-03,15:16:47.177000,11318,11319,11318,1
2020-02-03,15:17:02.766000,11319,11320,11320,1
2020-02-03,15:17:02.846000,11319,11320,11320,8
2020-02-03,15:17:02.846000,11319,11320,11320,2
2020-02-03,15:17:02.846000,11319,11320,11320,4
2020-02-03,15:17:03.096000,11320,11321,11321,1
2020-02-03,15:17:03.097000,11320,11321,11321,1
2020-02-03,15:17:03.100000,11320,11321,11321,1
2020-02-03,15:17:03.228000,11320,11322,11322,4
2020-02-03,15:17:05.920000,11320,11322,11322,4
2020-02-03,15:17:08.882000,11322,11323,11322,1
2020-02-03,15:17:11.280000,11322,11323,11322,1
2020-02-03,15:17:11.339000,11322,11323,11322,1
2020-02-03,15:17:11.346000,11322,11323,11322,6
2020-02-03,15:17:11.591000,11321,11323,11322,2
2020-02-03,15:17:13.364000,11321,11322,11322,1
2020-02-03,15:17:14.254000,11321,11322,11322,1
2020-02-03,15:17:14.655000,11321,11322,11322,1
2020-02-03,15:17:15.599000,11321,11322,11322,1
2020-02-03,15:17:18.081000,11322,11323,11322,1
2020-02-03,15:17:19.128000,11322,11323,11322,4
2020-02-03,15:17:20.509000,11321,11322,11322,1
2020-02-03,15:17:26.163000,11321,11322,11322,1
2020-02-03,15:17:29.885000,11321,11322,11322,1
2020-02-03,15:17:30.468000,11321,11322,11322,1
2020-02-03,15:17:31.033000,11321,11322,11322,1
2020-02-03,15:17:34.987000,11321,11322,11322,2
2020-02-03,15:17:35.183000,11321,11322,11322,1
2020-02-03,15:17:35.351000,11322,11323,11322,1
2020-02-03,15:17:35.424000,11322,11323,11322,1
2020-02-03,15:17:37.146000,11321,11322,11322,1
2020-02-03,15:17:38.703000,11321,11322,11322,1
2020-02-03,15:17:40.476000,11322,11323,11322,1
2020-02-03,15:17:40.981000,11321,11323,11323,1
2020-02-03,15:17:41.376000,11321,11323,11321,1
2020-02-03,15:17:43.038000,11321,11322,11321,6
2020-02-03,15:17:43.038000,11321,11322,11321,1
2020-02-03,15:17:43.052000,11321,11322,11321,1
2020-02-03,15:17:45.111000,11320,11321,11321,4
2020-02-03,15:17:46.985000,11320,11321,11320,6
2020-02-03,15:17:50.952000,11319,11320,11319,1
2020-02-03,15:17:50.977000,11319,11320,11319,4
2020-02-03,15:17:51.101000,11319,11320,11319,1
2020-02-03,15:17:52.289000,11319,11320,11319,1
2020-02-03,15:17:58.613000,11319,11320,11319,1
2020-02-03,15:17:59.552000,11319,11320,11319,2
2020-02-03,15:18:02.470000,11319,11320,11320,1
2020-02-03,15:18:10.492000,11320,11321,11321,1
2020-02-03,15:18:15.846000,11321,11322,11322,1
2020-02-03,15:18:15.852000,11321,11322,11322,1
2020-02-03,15:18:20.966000,11321,11322,11321,5
2020-02-03,15:18:22.923000,11321,11322,11322,5
2020-02-03,15:18:24.712000,11322,11323,11322,1
2020-02-03,15:18:26.114000,11322,11323,11323,1
2020-02-03,15:18:27.336000,11322,11323,11322,5
2020-02-03,15:18:28.965000,11322,11323,11323,1
2020-02-03,15:18:29.186000,11322,11323,11323,2
2020-02-03,15:18:29.186000,11322,11323,11323,3
2020-02-03,15:18:36.027000,11323,11324,11324,2
2020-02-03,15:18:36.103000,11323,11324,11324,4
2020-02-03,15:18:36.190000,11323,11324,11324,1
2020-02-03,15:18:36.563000,11323,11324,11324,1
2020-02-03,15:18:38.597000,11323,11324,11323,1
2020-02-03,15:18:44.004000,11323,11324,11323,2
2020-02-03,15:18:44.006000,11323,11324,11323,1
2020-02-03,15:18:44.006000,11323,11324,11323,2
2020-02-03,15:18:44.006000,11323,11324,11323,2
2020-02-03,15:18:44.006000,11323,11324,11323,2
2020-02-03,15:18:44.006000,11323,11324,11323,1
2020-02-03,15:18:44.006000,11323,11324,11323,2
2020-02-03,15:18:44.246000,11322,11323,11323,1
2020-02-03,15:18:50.346000,11322,11323,11322,1
2020-02-03,15:18:53.558000,11321,11323,11323,1
2020-02-03,15:18:54.656000,11321,11323,11323,1
2020-02-03,15:18:57.550000,11322,11323,11322,1
2020-02-03,15:18:57.991000,11322,11323,11322,1
2020-02-03,15:19:04.018000,11321,11322,11322,1
2020-02-03,15:19:05.854000,11322,11323,11322,1
2020-02-03,15:19:08.181000,11322,11323,11323,5
2020-02-03,15:19:14.043000,11322,11323,11323,1
2020-02-03,15:19:18.929000,11322,11324,11324,1
2020-02-03,15:19:18.976000,11322,11324,11324,2
2020-02-03,15:19:21.906000,11323,11324,11324,1
2020-02-03,15:19:23.524000,11323,11324,11324,1
2020-02-03,15:19:24.114000,11323,11324,11323,3
2020-02-03,15:19:29.036000,11323,11324,11324,11
2020-02-03,15:19:29.054000,11323,11324,11324,1
2020-02-03,15:19:29.096000,11323,11324,11324,11
2020-02-03,15:19:29.267000,11324,11325,11325,2
2020-02-03,15:19:29.273000,11324,11325,11325,2
2020-02-03,15:19:29.274000,11324,11325,11325,1
2020-02-03,15:19:29.596000,11325,11326,11326,10
2020-02-03,15:19:29.638000,11325,11326,11326,1
2020-02-03,15:19:29.638000,11325,11326,11326,4
2020-02-03,15:19:29.684000,11325,11326,11326,5
2020-02-03,15:19:29.863000,11326,11327,11327,2
2020-02-03,15:19:30.008000,11326,11327,11327,1
2020-02-03,15:19:30.108000,11326,11327,11326,1
2020-02-03,15:19:30.241000,11326,11327,11327,1
2020-02-03,15:19:31.120000,11327,11328,11328,3
2020-02-03,15:19:31.261000,11327,11328,11328,1
2020-02-03,15:19:31.324000,11327,11328,11327,1
2020-02-03,15:19:31.431000,11327,11329,11328,1
2020-02-03,15:19:33.532000,11327,11328,11328,2
2020-02-03,15:19:36.471000,11327,11328,11327,1
2020-02-03,15:19:36.596000,11326,11327,11326,7
2020-02-03,15:19:36.714000,11326,11327,11326,1
2020-02-03,15:19:36.846000,11325,11326,11325,1
2020-02-03,15:19:36.971000,11325,11326,11325,3
2020-02-03,15:19:41.522000,11324,11325,11324,5
2020-02-03,15:19:41.608000,11324,11325,11325,1
2020-02-03,15:19:44.471000,11324,11325,11325,1
2020-02-03,15:19:50.217000,11325,11326,11326,1
2020-02-03,15:19:50.217000,11325,11326,11326,1
2020-02-03,15:19:50.218000,11325,11326,11326,1
2020-02-03,15:19:52.710000,11327,11328,11327,1
2020-02-03,15:19:54.508000,11327,11328,11328,2
2020-02-03,15:19:57.703000,11328,11329,11328,1
2020-02-03,15:19:58.249000,11328,11329,11328,1
2020-02-03,15:19:59.364000,11328,11329,11328,2
2020-02-03,15:20:00.934000,11327,11328,11328,1
2020-02-03,15:20:01.978000,11327,11328,11328,1
2020-02-03,15:20:02.012000,11327,11328,11328,1
2020-02-03,15:20:02.141000,11327,11328,11328,1
2020-02-03,15:20:02.603000,11327,11328,11328,1
2020-02-03,15:20:04.143000,11326,11328,11328,2
2020-02-03,15:20:07.977000,11327,11328,11328,1
2020-02-03,15:20:10.520000,11327,11328,11328,1
2020-02-03,15:20:14.214000,11327,11328,11328,1
2020-02-03,15:20:17.806000,11327,11328,11327,1
2020-02-03,15:20:19.105000,11326,11327,11327,1
2020-02-03,15:20:19.418000,11326,11327,11326,2
2020-02-03,15:20:20.621000,11325,11326,11325,2
2020-02-03,15:20:20.828000,11325,11326,11325,1
2020-02-03,15:20:21.154000,11325,11326,11325,1
2020-02-03,15:20:25.359000,11325,11326,11325,3
2020-02-03,15:20:26.523000,11324,11325,11325,2
2020-02-03,15:20:29.424000,11324,11325,11325,1
2020-02-03,15:20:30.157000,11324,11325,11324,1
2020-02-03,15:20:30.277000,11323,11324,11324,1
2020-02-03,15:20:30.288000,11323,11324,11324,1
2020-02-03,15:20:30.606000,11323,11324,11324,2
2020-02-03,15:20:31.161000,11324,11325,11324,1
2020-02-03,15:20:32.196000,11324,11325,11324,1
2020-02-03,15:20:32.658000,11324,11325,11324,1
2020-02-03,15:20:34.861000,11324,11325,11325,1
2020-02-03,15:20:41.170000,11324,11325,11325,1
2020-02-03,15:20:49.867000,11324,11325,11325,1
2020-02-03,15:20:54.716000,11324,11325,11325,2
2020-02-03,15:20:56.054000,11324,11325,11325,1
2020-02-03,15:20:56.054000,11324,11325,11326,5
2020-02-03,15:21:02.476000,11324,11325,11325,1
2020-02-03,15:21:02.477000,11324,11325,11325,2
2020-02-03,15:21:11.787000,11325,11326,11326,1
2020-02-03,15:21:19.346000,11325,11326,11325,5
2020-02-03,15:21:23.110000,11324,11325,11325,8
2020-02-03,15:21:30.373000,11325,11326,11325,3
2020-02-03,15:21:30.924000,11325,11326,11325,1
2020-02-03,15:21:34.085000,11325,11326,11326,1
2020-02-03,15:21:40.471000,11325,11326,11326,1
2020-02-03,15:21:40.482000,11325,11326,11326,2
2020-02-03,15:21:40.482000,11325,11326,11326,4
2020-02-03,15:21:40.596000,11325,11326,11326,1
2020-02-03,15:21:42.608000,11326,11327,11327,2
2020-02-03,15:21:43.367000,11326,11327,11327,1
2020-02-03,15:21:44.215000,11326,11328,11328,1
2020-02-03,15:21:44.228000,11326,11328,11328,4
2020-02-03,15:21:53.372000,11327,11328,11327,1
2020-02-03,15:21:53.428000,11327,11328,11328,1
2020-02-03,15:21:58.371000,11327,11328,11328,1
2020-02-03,15:22:02.568000,11327,11328,11327,1
2020-02-03,15:22:03.367000,11326,11327,11327,4
2020-02-03,15:22:04.126000,11326,11327,11327,3
2020-02-03,15:22:05.473000,11326,11328,11326,1
2020-02-03,15:22:05.779000,11326,11328,11328,2
2020-02-03,15:22:07.443000,11327,11328,11327,1
2020-02-03,15:22:07.784000,11326,11328,11328,2
2020-02-03,15:22:08.172000,11326,11328,11328,1
2020-02-03,15:22:13.397000,11326,11327,11326,1
2020-02-03,15:22:13.397000,11326,11327,11326,1
2020-02-03,15:22:18.715000,11325,11326,11325,1
2020-02-03,15:22:19.771000,11325,11326,11325,2
2020-02-03,15:22:19.829000,11325,11326,11325,1
2020-02-03,15:22:20.210000,11324,11325,11325,1
2020-02-03,15:22:21.660000,11324,11325,11324,1
2020-02-03,15:22:21.728000,11324,11325,11324,4
2020-02-03,15:22:25.703000,11324,11325,11324,2
2020-02-03,15:22:26.862000,11324,11325,11324,1
2020-02-03,15:22:28.166000,11324,11325,11324,1
2020-02-03,15:22:28.973000,11323,11324,11324,2
2020-02-03,15:22:30.992000,11323,11324,11324,1
2020-02-03,15:22:31.118000,11323,11324,11324,1
2020-02-03,15:22:33.289000,11324,11325,11324,1
2020-02-03,15:22:34.370000,11324,11325,11324,1
2020-02-03,15:22:34.687000,11324,11325,11325,1
2020-02-03,15:22:35.919000,11324,11325,11324,1
2020-02-03,15:22:39.008000,11323,11324,11324,1
2020-02-03,15:23:00.828000,11323,11324,11324,1
2020-02-03,15:23:00.828000,11323,11324,11324,5
2020-02-03,15:23:10.248000,11324,11325,11324,1
2020-02-03,15:23:14.382000,11323,11324,11323,1
2020-02-03,15:23:19.469000,11323,11324,11323,21
2020-02-03,15:23:19.471000,11323,11324,11323,1
2020-02-03,15:23:20.546000,11322,11323,11322,1
2020-02-03,15:23:20.590000,11322,11323,11322,3
2020-02-03,15:23:20.596000,11322,11323,11322,3
2020-02-03,15:23:35.560000,11321,11322,11321,1
2020-02-03,15:23:39.393000,11321,11322,11321,1
2020-02-03,15:23:39.653000,11321,11322,11321,1
2020-02-03,15:23:39.723000,11320,11322,11320,1
2020-02-03,15:23:41.508000,11320,11321,11321,1
2020-02-03,15:23:44.112000,11320,11321,11320,1
2020-02-03,15:23:46.396000,11320,11321,11320,2
2020-02-03,15:23:49.368000,11320,11321,11321,1
2020-02-03,15:23:57.287000,11320,11321,11321,5
2020-02-03,15:24:00.421000,11320,11321,11321,1
2020-02-03,15:24:01.389000,11321,11322,11321,1
2020-02-03,15:24:05.564000,11321,11322,11321,1
2020-02-03,15:24:08.620000,11320,11322,11320,3
2020-02-03,15:24:13.485000,11320,11321,11320,1
2020-02-03,15:24:14.079000,11320,11321,11321,1
2020-02-03,15:24:16.613000,11320,11321,11321,1
2020-02-03,15:24:20.751000,11321,11322,11321,1
2020-02-03,15:24:30.221000,11321,11322,11322,2
2020-02-03,15:24:30.368000,11321,11322,11322,1
2020-02-03,15:24:37.003000,11322,11323,11322,1
2020-02-03,15:24:44.909000,11323,11324,11324,1
2020-02-03,15:24:45.068000,11323,11324,11324,1
2020-02-03,15:24:46.048000,11324,11325,11325,4
2020-02-03,15:24:46.291000,11324,11325,11325,1
2020-02-03,15:24:48.148000,11324,11325,11325,1
2020-02-03,15:24:52.846000,11324,11325,11324,2
2020-02-03,15:24:57.853000,11322,11324,11324,5
2020-02-03,15:24:58.065000,11322,11324,11324,1
2020-02-03,15:25:15.513000,11324,11325,11325,1
2020-02-03,15:25:17.055000,11324,11325,11325,1
2020-02-03,15:25:17.832000,11325,11326,11325,1
2020-02-03,15:25:32.971000,11324,11326,11326,1
2020-02-03,15:25:50.450000,11324,11325,11325,3
2020-02-03,15:26:04.391000,11325,11326,11325,1
2020-02-03,15:26:23.632000,11325,11326,11326,1
2020-02-03,15:26:33.096000,11325,11326,11326,7
2020-02-03,15:26:36.323000,11326,11327,11326,13
2020-02-03,15:26:36.324000,11326,11327,11326,2
2020-02-03,15:26:36.324000,11326,11327,11326,1
2020-02-03,15:26:42.600000,11325,11327,11326,1
2020-02-03,15:26:43.025000,11325,11327,11327,1
2020-02-03,15:26:49.903000,11325,11326,11326,1
2020-02-03,15:26:51.371000,11325,11326,11326,1
2020-02-03,15:26:53.075000,11325,11326,11326,1
2020-02-03,15:26:54.833000,11326,11327,11326,1
2020-02-03,15:26:58.572000,11326,11327,11327,1
2020-02-03,15:27:08.816000,11326,11327,11327,5
2020-02-03,15:27:08.816000,11326,11327,11327,3
2020-02-03,15:27:09.803000,11327,11328,11327,1
2020-02-03,15:27:10.051000,11327,11328,11327,2
2020-02-03,15:27:10.288000,11327,11328,11328,2
2020-02-03,15:27:10.352000,11327,11328,11328,4
2020-02-03,15:27:12.267000,11327,11328,11328,2
2020-02-03,15:27:13.147000,11328,11329,11329,2
2020-02-03,15:27:13.150000,11328,11329,11329,5
2020-02-03,15:27:13.150000,11328,11329,11329,2
2020-02-03,15:27:13.190000,11328,11329,11329,2
2020-02-03,15:27:13.221000,11328,11329,11329,1
2020-02-03,15:27:13.221000,11328,11329,11329,5
2020-02-03,15:27:13.270000,11328,11329,11330,1
2020-02-03,15:27:13.388000,11329,11330,11330,3
2020-02-03,15:27:13.465000,11329,11330,11330,2
2020-02-03,15:27:13.513000,11329,11330,11330,1
2020-02-03,15:27:13.906000,11329,11330,11330,1
2020-02-03,15:27:16.676000,11329,11330,11330,1
2020-02-03,15:27:17.210000,11329,11330,11330,1
2020-02-03,15:27:18.237000,11329,11330,11330,1
2020-02-03,15:27:19.591000,11329,11330,11330,1
2020-02-03,15:27:19.645000,11329,11330,11329,1
2020-02-03,15:27:22.350000,11329,11330,11330,1
2020-02-03,15:27:26.012000,11329,11330,11330,3
2020-02-03,15:27:26.557000,11329,11330,11330,1
2020-02-03,15:27:29.419000,11329,11330,11330,5
2020-02-03,15:27:36.905000,11329,11330,11330,10
2020-02-03,15:27:37.416000,11329,11331,11331,1
2020-02-03,15:27:37.495000,11329,11331,11331,1
2020-02-03,15:27:37.496000,11329,11331,11331,1
2020-02-03,15:27:37.498000,11329,11331,11331,1
2020-02-03,15:27:37.562000,11329,11331,11331,4
2020-02-03,15:27:37.595000,11329,11331,11331,1
2020-02-03,15:27:37.698000,11329,11331,11330,1
2020-02-03,15:27:39.059000,11330,11331,11330,1
2020-02-03,15:27:39.787000,11330,11331,11330,1
2020-02-03,15:27:42.495000,11330,11331,11331,1
2020-02-03,15:27:44.646000,11330,11331,11331,1
2020-02-03,15:27:46.395000,11330,11331,11331,1
2020-02-03,15:27:47.094000,11330,11331,11330,1
2020-02-03,15:27:49.851000,11330,11331,11330,1
2020-02-03,15:27:49.989000,11330,11331,11331,5
2020-02-03,15:27:53.331000,11330,11331,11330,1
2020-02-03,15:27:55.355000,11330,11331,11331,1
2020-02-03,15:27:59.124000,11330,11331,11331,5
2020-02-03,15:27:59.209000,11330,11331,11330,7
2020-02-03,15:27:59.780000,11329,11330,11329,1
2020-02-03,15:27:59.803000,11329,11330,11329,3
2020-02-03,15:28:00.337000,11328,11329,11329,4
2020-02-03,15:28:04.337000,11329,11330,11329,1
2020-02-03,15:28:07.204000,11329,11330,11330,3
2020-02-03,15:28:07.204000,11329,11330,11330,1
2020-02-03,15:28:07.332000,11330,11331,11331,4
2020-02-03,15:28:07.346000,11330,11331,11331,5
2020-02-03,15:28:09.691000,11331,11332,11331,2
2020-02-03,15:28:10.024000,11331,11332,11332,5
2020-02-03,15:28:10.269000,11331,11332,11332,1
2020-02-03,15:28:12.846000,11331,11332,11331,2
2020-02-03,15:28:13.221000,11330,11331,11331,1
2020-02-03,15:28:14.808000,11330,11331,11331,1
2020-02-03,15:28:14.828000,11330,11331,11331,1
2020-02-03,15:28:27.275000,11331,11332,11331,6
2020-02-03,15:28:28.335000,11330,11331,11330,1
2020-02-03,15:28:29.968000,11330,11331,11331,1
2020-02-03,15:28:30.931000,11330,11331,11330,1
2020-02-03,15:28:31.389000,11330,11331,11331,1
2020-02-03,15:28:32.128000,11330,11331,11330,1
2020-02-03,15:28:32.513000,11329,11331,11330,1
2020-02-03,15:28:35.446000,11329,11330,11330,1
2020-02-03,15:28:46.112000,11329,11330,11330,1
2020-02-03,15:28:47.524000,11329,11330,11330,3
2020-02-03,15:28:47.658000,11329,11330,11330,1
2020-02-03,15:28:48.974000,11329,11330,11330,2
2020-02-03,15:28:49.419000,11329,11330,11330,2
2020-02-03,15:28:50.233000,11329,11330,11330,2
2020-02-03,15:28:56.971000,11329,11330,11329,1
2020-02-03,15:28:57.415000,11328,11330,11330,7
2020-02-03,15:29:01.112000,11329,11330,11329,2
2020-02-03,15:29:16.439000,11328,11329,11329,2
2020-02-03,15:29:28.607000,11328,11329,11328,1
2020-02-03,15:29:29.883000,11328,11329,11328,1
2020-02-03,15:29:32.768000,11328,11329,11328,4
2020-02-03,15:29:33.870000,11328,11329,11328,1
2020-02-03,15:29:40.715000,11328,11329,11329,1
2020-02-03,15:29:43.323000,11328,11329,11329,1
2020-02-03,15:29:43.730000,11328,11329,11328,2
2020-02-03,15:30:02.494000,11328,11329,11328,1
2020-02-03,15:30:03.247000,11328,11329,11329,1
2020-02-03,15:30:03.298000,11328,11329,11329,1
2020-02-03,15:30:03.302000,11328,11329,11329,1
2020-02-03,15:30:03.421000,11328,11329,11329,4
2020-02-03,15:30:03.508000,11328,11329,11329,1
2020-02-03,15:30:04.757000,11328,11330,11330,1
2020-02-03,15:30:05.013000,11329,11330,11330,1
2020-02-03,15:30:06.221000,11329,11330,11330,8
2020-02-03,15:30:06.222000,11329,11330,11330,4
2020-02-03,15:30:06.225000,11329,11330,11330,2
2020-02-03,15:30:06.225000,11329,11330,11330,2
2020-02-03,15:30:06.234000,11329,11330,11330,2
2020-02-03,15:30:06.687000,11330,11331,11331,1
2020-02-03,15:30:06.720000,11330,11331,11331,1
2020-02-03,15:30:06.721000,11330,11331,11331,4
2020-02-03,15:30:06.764000,11330,11331,11332,1
2020-02-03,15:30:07.185000,11331,11332,11332,1
2020-02-03,15:30:10.038000,11331,11332,11332,4
2020-02-03,15:30:10.038000,11331,11332,11332,2
2020-02-03,15:30:10.038000,11331,11332,11333,5
2020-02-03,15:30:10.250000,11332,11333,11333,1
2020-02-03,15:30:10.590000,11332,11333,11332,1
2020-02-03,15:30:15.756000,11332,11333,11333,1
2020-02-03,15:30:17.922000,11331,11333,11333,1
2020-02-03,15:30:23.513000,11332,11333,11333,1
2020-02-03,15:30:24.182000,11332,11333,11333,2
2020-02-03,15:30:25.482000,11332,11333,11332,1
2020-02-03,15:30:26.293000,11331,11332,11332,5
2020-02-03,15:30:26.414000,11331,11332,11332,1
2020-02-03,15:30:33.135000,11331,11332,11331,1
2020-02-03,15:30:35.903000,11331,11332,11331,2
2020-02-03,15:30:36.472000,11331,11332,11332,1
2020-02-03,15:30:41.412000,11331,11332,11332,2
2020-02-03,15:30:44.846000,11332,11333,11333,4
2020-02-03,15:30:44.846000,11332,11333,11333,3
2020-02-03,15:30:44.846000,11332,11333,11333,1
2020-02-03,15:30:45.952000,11333,11334,11334,1
2020-02-03,15:30:46.494000,11333,11334,11334,2
2020-02-03,15:30:46.565000,11333,11334,11335,1
2020-02-03,15:30:46.632000,11333,11334,11334,1
2020-02-03,15:30:50.669000,11334,11335,11335,7
2020-02-03,15:30:50.669000,11334,11335,11335,2
2020-02-03,15:30:50.669000,11334,11335,11335,2
2020-02-03,15:30:50.669000,11334,11335,11335,1
2020-02-03,15:30:50.740000,11335,11336,11336,3
2020-02-03,15:30:50.740000,11335,11336,11336,3
2020-02-03,15:30:50.747000,11335,11336,11336,8
2020-02-03,15:30:50.747000,11335,11336,11336,1
2020-02-03,15:30:50.957000,11336,11337,11337,2
2020-02-03,15:30:50.967000,11336,11337,11337,1
2020-02-03,15:30:50.968000,11336,11337,11337,4
2020-02-03,15:30:50.980000,11336,11338,11338,11
2020-02-03,15:30:50.995000,11336,11338,11338,1
2020-02-03,15:30:51.053000,11336,11338,11337,1
2020-02-03,15:30:51.054000,11336,11338,11337,1
2020-02-03,15:30:51.054000,11336,11338,11337,1
2020-02-03,15:30:51.055000,11336,11338,11337,1
2020-02-03,15:30:51.080000,11336,11338,11337,1
2020-02-03,15:30:51.210000,11337,11338,11337,1
2020-02-03,15:30:51.383000,11337,11338,11338,1
2020-02-03,15:30:51.504000,11337,11338,11338,1
2020-02-03,15:30:51.628000,11337,11338,11338,1
2020-02-03,15:30:51.852000,11337,11339,11337,1
2020-02-03,15:30:53.063000,11337,11339,11339,1
2020-02-03,15:30:53.102000,11337,11339,11339,1
2020-02-03,15:30:53.321000,11337,11339,11339,1
2020-02-03,15:30:53.597000,11338,11339,11338,1
2020-02-03,15:30:54.288000,11337,11339,11339,2
2020-02-03,15:30:54.650000,11337,11339,11337,1
2020-02-03,15:30:54.968000,11337,11339,11339,3
2020-02-03,15:30:56.471000,11337,11338,11338,1
2020-02-03,15:30:57.063000,11337,11339,11339,1
2020-02-03,15:30:57.522000,11337,11339,11339,1
2020-02-03,15:30:58.531000,11337,11339,11338,1
2020-02-03,15:31:00.741000,11337,11338,11338,1
2020-02-03,15:31:01.647000,11337,11338,11338,2
2020-02-03,15:31:01.722000,11338,11339,11338,3
2020-02-03,15:31:02.498000,11337,11339,11338,1
2020-02-03,15:31:02.919000,11338,11339,11338,2
2020-02-03,15:31:02.919000,11338,11339,11338,2
2020-02-03,15:31:02.921000,11338,11339,11338,7
2020-02-03,15:31:02.928000,11338,11339,11338,2
2020-02-03,15:31:02.929000,11338,11339,11338,6
2020-02-03,15:31:03.096000,11337,11338,11337,1
2020-02-03,15:31:03.096000,11337,11338,11337,4
2020-02-03,15:31:03.101000,11337,11338,11337,1
2020-02-03,15:31:03.101000,11337,11338,11337,4
2020-02-03,15:31:03.138000,11337,11338,11337,2
2020-02-03,15:31:03.185000,11337,11338,11337,2
2020-02-03,15:31:03.185000,11337,11338,11338,2
2020-02-03,15:31:05.670000,11336,11337,11337,1
2020-02-03,15:31:05.670000,11336,11337,11338,4
2020-02-03,15:31:07.387000,11336,11337,11337,2
2020-02-03,15:31:07.387000,11336,11337,11337,2
2020-02-03,15:31:07.388000,11336,11337,11337,1
2020-02-03,15:31:07.472000,11337,11338,11337,1
2020-02-03,15:31:08.023000,11337,11338,11337,1
2020-02-03,15:31:08.864000,11337,11338,11337,1
2020-02-03,15:31:09.488000,11337,11338,11338,2
2020-02-03,15:31:09.705000,11337,11339,11337,1
2020-02-03,15:31:12.474000,11337,11338,11337,5
2020-02-03,15:31:12.698000,11336,11338,11338,1
2020-02-03,15:31:12.899000,11336,11338,11338,1
2020-02-03,15:31:13.090000,11336,11338,11338,1
2020-02-03,15:31:13.415000,11336,11338,11338,1
2020-02-03,15:31:15.783000,11336,11337,11337,2
2020-02-03,15:31:16.506000,11336,11338,11338,1
2020-02-03,15:31:16.573000,11336,11338,11338,1
2020-02-03,15:31:19.517000,11336,11337,11337,1
2020-02-03,15:31:19.856000,11336,11337,11337,1
2020-02-03,15:31:20.092000,11336,11337,11337,3
2020-02-03,15:31:20.317000,11336,11337,11337,2
2020-02-03,15:31:20.597000,11337,11338,11337,1
2020-02-03,15:31:21.081000,11336,11337,11337,1
2020-02-03,15:31:21.192000,11336,11337,11337,1
2020-02-03,15:31:21.261000,11336,11337,11336,1
2020-02-03,15:31:21.422000,11336,11337,11337,1
2020-02-03,15:31:22.551000,11336,11338,11338,1
2020-02-03,15:31:23.200000,11336,11337,11337,1
2020-02-03,15:31:23.200000,11336,11337,11338,1
2020-02-03,15:31:24.309000,11336,11338,11337,1
2020-02-03,15:31:24.627000,11336,11337,11337,1
2020-02-03,15:31:25.598000,11337,11338,11337,2
2020-02-03,15:31:26.367000,11336,11338,11338,1
2020-02-03,15:31:26.953000,11336,11337,11337,1
2020-02-03,15:31:29.125000,11336,11337,11337,1
2020-02-03,15:31:29.533000,11336,11337,11337,1
2020-02-03,15:31:30.471000,11336,11337,11336,2
2020-02-03,15:31:30.471000,11336,11337,11336,1
2020-02-03,15:31:30.471000,11336,11337,11336,13
2020-02-03,15:31:30.487000,11336,11337,11336,1
2020-02-03,15:31:30.686000,11335,11336,11336,5
2020-02-03,15:31:32.192000,11335,11337,11337,1
2020-02-03,15:31:32.472000,11336,11337,11336,1
2020-02-03,15:31:33.351000,11335,11337,11337,1
2020-02-03,15:31:33.761000,11335,11337,11337,1
2020-02-03,15:31:33.944000,11335,11337,11337,3
2020-02-03,15:31:34.115000,11336,11337,11337,1
2020-02-03,15:31:34.435000,11336,11337,11337,1
2020-02-03,15:31:34.689000,11336,11337,11337,1
2020-02-03,15:31:34.958000,11336,11337,11337,1
2020-02-03,15:31:35.909000,11336,11337,11337,1
2020-02-03,15:31:37.833000,11336,11338,11337,1
2020-02-03,15:31:37.971000,11337,11338,11337,1
2020-02-03,15:31:44.845000,11337,11338,11337,1
2020-02-03,15:31:46.543000,11337,11338,11337,4
2020-02-03,15:31:47.849000,11336,11337,11337,1
2020-02-03,15:31:48.229000,11336,11337,11337,1
2020-02-03,15:31:51.546000,11337,11338,11337,2
2020-02-03,15:31:54.705000,11337,11338,11337,1
2020-02-03,15:31:55.037000,11337,11338,11337,1
2020-02-03,15:31:59.646000,11337,11338,11337,8
2020-02-03,15:32:02.267000,11336,11337,11337,2
2020-02-03,15:32:03.826000,11336,11337,11336,1
2020-02-03,15:32:04.232000,11336,11337,11336,1
2020-02-03,15:32:06.523000,11336,11337,11337,2
2020-02-03,15:32:06.597000,11337,11338,11337,2
2020-02-03,15:32:09.613000,11336,11337,11336,1
2020-02-03,15:32:13.457000,11336,11338,11336,1
2020-02-03,15:32:14.472000,11337,11338,11337,3
2020-02-03,15:32:16.542000,11336,11337,11337,1
2020-02-03,15:32:21.187000,11336,11338,11336,2
2020-02-03,15:32:22.222000,11337,11338,11337,2
2020-02-03,15:32:22.860000,11337,11338,11338,3
2020-02-03,15:32:26.900000,11337,11338,11337,2
2020-02-03,15:32:27.223000,11337,11338,11337,1
2020-02-03,15:32:28.403000,11337,11338,11337,1
2020-02-03,15:32:31.039000,11336,11337,11337,1
2020-02-03,15:32:32.221000,11337,11338,11337,1
2020-02-03,15:32:33.051000,11336,11337,11336,1
2020-02-03,15:32:41.597000,11336,11337,11336,4
2020-02-03,15:32:43.020000,11336,11337,11337,1
2020-02-03,15:32:43.109000,11336,11337,11336,4
2020-02-03,15:32:44.311000,11335,11336,11335,1
2020-02-03,15:32:44.411000,11335,11336,11335,20
2020-02-03,15:32:45.261000,11334,11335,11334,1
2020-02-03,15:32:45.291000,11334,11335,11335,6
2020-02-03,15:32:47.314000,11333,11334,11334,1
2020-02-03,15:32:48.931000,11333,11334,11334,1
2020-02-03,15:32:50.843000,11333,11334,11334,1
2020-02-03,15:32:52.038000,11333,11334,11334,1
2020-02-03,15:32:52.949000,11333,11334,11333,1
2020-02-03,15:32:52.971000,11332,11333,11333,3
2020-02-03,15:32:53.425000,11332,11334,11332,1
2020-02-03,15:32:55.276000,11333,11334,11333,1
2020-02-03,15:33:01.248000,11333,11335,11333,1
2020-02-03,15:33:02.886000,11333,11335,11333,1
2020-02-03,15:33:16.090000,11333,11334,11333,1
2020-02-03,15:33:20.469000,11333,11334,11333,1
2020-02-03,15:33:21.550000,11333,11334,11334,1
2020-02-03,15:33:25.624000,11333,11334,11334,1
2020-02-03,15:33:29.634000,11333,11334,11334,7
2020-02-03,15:33:29.721000,11334,11335,11334,5
2020-02-03,15:33:33.221000,11333,11334,11334,1
2020-02-03,15:33:39.982000,11334,11335,11335,2
2020-02-03,15:33:40.463000,11334,11335,11334,1
2020-02-03,15:33:40.931000,11334,11335,11335,1
2020-02-03,15:33:44.056000,11335,11336,11336,6
2020-02-03,15:33:44.056000,11335,11336,11336,1
2020-02-03,15:33:44.096000,11335,11336,11336,1
2020-02-03,15:33:50.017000,11336,11337,11336,1
2020-02-03,15:33:54.076000,11336,11337,11336,2
2020-02-03,15:33:54.076000,11336,11337,11336,1
2020-02-03,15:33:54.520000,11335,11337,11335,1
2020-02-03,15:33:56.919000,11335,11336,11336,1
2020-02-03,15:33:57.085000,11335,11337,11335,1
2020-02-03,15:34:06.145000,11336,11337,11337,3
2020-02-03,15:34:07.186000,11337,11338,11337,1
2020-02-03,15:34:08.002000,11336,11337,11337,1
2020-02-03,15:34:34.605000,11336,11337,11337,2
2020-02-03,15:34:35.072000,11336,11337,11336,1
2020-02-03,15:34:38.688000,11336,11337,11337,5
2020-02-03,15:34:38.688000,11336,11337,11337,3
2020-02-03,15:34:41.614000,11336,11337,11337,1
2020-02-03,15:34:42.465000,11336,11338,11336,10
2020-02-03,15:34:43.489000,11336,11337,11337,1
2020-02-03,15:34:44.942000,11336,11337,11337,1
2020-02-03,15:34:46.596000,11336,11337,11337,1
2020-02-03,15:34:46.768000,11337,11338,11337,2
2020-02-03,15:35:02.229000,11336,11337,11336,4
2020-02-03,15:35:10.345000,11336,11337,11336,6
2020-02-03,15:35:15.109000,11335,11336,11336,1
2020-02-03,15:35:23.221000,11335,11336,11336,2
2020-02-03,15:35:24.790000,11335,11336,11336,1
2020-02-03,15:35:27.379000,11335,11336,11335,1
2020-02-03,15:35:29.318000,11335,11336,11336,1
2020-02-03,15:35:29.595000,11335,11336,11335,1
2020-02-03,15:35:33.484000,11335,11336,11336,1
2020-02-03,15:35:34.097000,11335,11336,11335,1
2020-02-03,15:35:34.592000,11335,11336,11336,4
2020-02-03,15:35:34.592000,11335,11336,11336,1
2020-02-03,15:35:34.631000,11335,11337,11336,1
2020-02-03,15:35:34.736000,11336,11337,11337,2
2020-02-03,15:35:34.846000,11336,11337,11337,5
2020-02-03,15:35:34.846000,11336,11337,11337,2
2020-02-03,15:35:34.847000,11336,11337,11337,1
2020-02-03,15:35:34.847000,11336,11337,11337,1
2020-02-03,15:35:34.852000,11336,11337,11337,1
2020-02-03,15:35:44.083000,11336,11337,11337,1
2020-02-03,15:35:45.153000,11337,11338,11337,1
2020-02-03,15:35:46.241000,11337,11338,11338,1
2020-02-03,15:35:49.019000,11337,11338,11337,1
2020-02-03,15:35:52.988000,11337,11338,11338,2
2020-02-03,15:35:52.988000,11337,11338,11338,16
2020-02-03,15:35:53.096000,11337,11338,11338,19
2020-02-03,15:35:53.096000,11337,11338,11338,4
2020-02-03,15:35:53.096000,11337,11338,11338,1
2020-02-03,15:35:54.055000,11338,11339,11339,1
2020-02-03,15:35:54.133000,11338,11339,11339,1
2020-02-03,15:35:54.346000,11338,11339,11339,3
2020-02-03,15:35:54.424000,11338,11339,11339,1
2020-02-03,15:35:54.425000,11338,11339,11339,2
2020-02-03,15:35:54.425000,11338,11339,11339,3
2020-02-03,15:35:54.425000,11338,11339,11339,1
2020-02-03,15:35:54.425000,11338,11339,11339,1
2020-02-03,15:35:54.570000,11339,11340,11339,1
2020-02-03,15:35:54.704000,11339,11340,11340,1
2020-02-03,15:35:54.801000,11339,11340,11340,1
2020-02-03,15:35:54.839000,11339,11340,11340,1
2020-02-03,15:35:55.311000,11339,11340,11340,2
2020-02-03,15:35:58.992000,11338,11339,11339,1
2020-02-03,15:36:01.737000,11338,11339,11339,1
2020-02-03,15:36:03.189000,11338,11339,11338,1
2020-02-03,15:36:05.496000,11337,11338,11338,4
2020-02-03,15:36:05.543000,11337,11338,11338,1
2020-02-03,15:36:08.935000,11337,11338,11338,1
2020-02-03,15:36:21.022000,11338,11339,11338,3
2020-02-03,15:36:21.022000,11338,11339,11338,1
2020-02-03,15:36:21.022000,11338,11339,11338,1
2020-02-03,15:36:21.022000,11338,11339,11338,3
2020-02-03,15:36:21.023000,11338,11339,11338,3
2020-02-03,15:36:27.055000,11337,11338,11338,1
2020-02-03,15:36:27.533000,11337,11338,11338,1
2020-02-03,15:36:32.596000,11337,11338,11337,12
2020-02-03,15:36:33.251000,11336,11337,11337,2
2020-02-03,15:36:38.229000,11336,11337,11337,1
2020-02-03,15:36:38.699000,11336,11337,11336,3
2020-02-03,15:36:44.435000,11336,11337,11336,3
2020-02-03,15:36:44.444000,11336,11337,11336,1
2020-02-03,15:36:57.830000,11335,11336,11336,1
2020-02-03,15:36:59.499000,11335,11336,11336,1
2020-02-03,15:36:59.752000,11335,11336,11335,13
2020-02-03,15:37:01.975000,11334,11335,11334,4
2020-02-03,15:37:02.167000,11334,11335,11334,1
2020-02-03,15:37:02.469000,11333,11335,11334,1
2020-02-03,15:37:02.471000,11333,11334,11334,1
2020-02-03,15:37:04.453000,11333,11334,11333,1
2020-02-03,15:37:04.561000,11333,11334,11333,1
2020-02-03,15:37:07.971000,11333,11334,11334,2
2020-02-03,15:37:09.580000,11334,11335,11334,6
2020-02-03,15:37:14.318000,11334,11335,11334,1
2020-02-03,15:37:14.955000,11334,11335,11335,6
2020-02-03,15:37:15.443000,11335,11336,11335,2
2020-02-03,15:37:19.550000,11335,11336,11336,1
2020-02-03,15:37:21.668000,11335,11336,11336,1
2020-02-03,15:37:22.510000,11336,11337,11336,1
2020-02-03,15:37:22.752000,11335,11336,11336,1
2020-02-03,15:37:22.855000,11335,11336,11336,2
2020-02-03,15:37:23.710000,11335,11336,11336,1
2020-02-03,15:37:24.538000,11335,11336,11336,1
2020-02-03,15:37:28.087000,11335,11337,11335,1
2020-02-03,15:37:36.513000,11335,11336,11335,1
2020-02-03,15:37:39.971000,11335,11336,11336,2
2020-02-03,15:37:40.485000,11335,11336,11335,3
2020-02-03,15:37:42.366000,11335,11336,11335,1
2020-02-03,15:38:08.926000,11335,11336,11335,1
2020-02-03,15:38:10.873000,11335,11336,11335,2
2020-02-03,15:38:10.874000,11335,11336,11335,2
2020-02-03,15:38:10.874000,11335,11336,11335,3
2020-02-03,15:38:10.875000,11335,11336,11335,2
2020-02-03,15:38:13.013000,11334,11335,11335,1
2020-02-03,15:38:13.838000,11334,11335,11335,1
2020-02-03,15:38:16.732000,11334,11335,11335,1
2020-02-03,15:38:17.760000,11334,11335,11335,10
2020-02-03,15:38:17.800000,11334,11335,11335,1
2020-02-03,15:38:20.596000,11335,11336,11335,4
2020-02-03,15:38:31.291000,11334,11335,11335,4
2020-02-03,15:38:32.596000,11335,11336,11335,2
2020-02-03,15:38:48.009000,11334,11335,11334,3
2020-02-03,15:38:52.611000,11334,11335,11334,3
2020-02-03,15:38:58.429000,11334,11335,11334,1
2020-02-03,15:38:59.666000,11334,11335,11335,1
2020-02-03,15:39:02.264000,11334,11335,11334,1
2020-02-03,15:39:02.798000,11334,11335,11334,1
2020-02-03,15:39:06.662000,11334,11335,11335,2
2020-02-03,15:39:06.665000,11334,11335,11335,1
2020-02-03,15:39:15.492000,11335,11336,11335,1
2020-02-03,15:39:27.346000,11334,11335,11334,6
2020-02-03,15:39:27.577000,11333,11335,11334,2
2020-02-03,15:39:27.621000,11333,11334,11334,1
2020-02-03,15:39:39.039000,11334,11335,11335,1
2020-02-03,15:39:42.662000,11334,11335,11334,1
2020-02-03,15:39:49.160000,11334,11335,11334,1
2020-02-03,15:40:00.874000,11334,11335,11334,1
2020-02-03,15:40:12.639000,11334,11335,11335,9
2020-02-03,15:40:12.686000,11334,11335,11335,1
2020-02-03,15:40:14.504000,11335,11336,11335,5
2020-02-03,15:40:20.493000,11335,11336,11335,1
2020-02-03,15:40:35.991000,11334,11335,11335,3
2020-02-03,15:40:41.368000,11335,11336,11335,2
2020-02-03,15:40:41.368000,11335,11336,11335,1
2020-02-03,15:41:02.784000,11334,11335,11335,2
2020-02-03,15:41:06.371000,11335,11336,11335,2
2020-02-03,15:41:19.182000,11335,11336,11336,4
2020-02-03,15:41:19.221000,11335,11336,11336,6
2020-02-03,15:41:21.210000,11336,11337,11337,2
2020-02-03,15:41:27.264000,11336,11337,11337,2
2020-02-03,15:41:27.264000,11336,11337,11337,2
2020-02-03,15:41:32.567000,11337,11338,11338,2
2020-02-03,15:41:37.857000,11337,11338,11338,2
2020-02-03,15:41:41.675000,11337,11338,11338,1
2020-02-03,15:41:43.537000,11337,11338,11338,1
2020-02-03,15:41:43.770000,11337,11338,11338,1
2020-02-03,15:41:45.211000,11337,11338,11338,1
2020-02-03,15:41:48.525000,11337,11338,11338,1
2020-02-03,15:41:50.643000,11337,11338,11338,1
2020-02-03,15:41:50.674000,11337,11338,11338,1
2020-02-03,15:42:02.655000,11337,11338,11338,1
2020-02-03,15:42:03.101000,11337,11338,11338,1
2020-02-03,15:42:03.619000,11337,11339,11339,2
2020-02-03,15:42:03.801000,11337,11339,11339,2
2020-02-03,15:42:03.925000,11337,11339,11339,2
2020-02-03,15:42:03.990000,11338,11339,11339,2
2020-02-03,15:42:04.045000,11338,11339,11339,2
2020-02-03,15:42:04.098000,11338,11339,11339,2
2020-02-03,15:42:05.895000,11338,11339,11339,1
2020-02-03,15:42:09.650000,11338,11339,11339,1
2020-02-03,15:42:09.721000,11338,11339,11339,6
2020-02-03,15:42:09.846000,11338,11339,11339,1
2020-02-03,15:42:09.846000,11338,11339,11339,1
2020-02-03,15:42:10.401000,11339,11340,11339,1
2020-02-03,15:42:18.826000,11338,11340,11340,30
2020-02-03,15:42:18.949000,11338,11340,11339,1
2020-02-03,15:42:19.313000,11339,11340,11340,1
2020-02-03,15:42:19.332000,11339,11340,11340,1
2020-02-03,15:42:19.352000,11339,11340,11340,1
2020-02-03,15:42:19.353000,11339,11340,11340,1
2020-02-03,15:42:19.385000,11339,11340,11340,1
2020-02-03,15:42:19.471000,11339,11340,11340,2
2020-02-03,15:42:19.472000,11339,11340,11341,1
2020-02-03,15:42:19.609000,11340,11341,11341,4
2020-02-03,15:42:21.383000,11341,11342,11342,1
2020-02-03,15:42:21.410000,11341,11342,11341,1
2020-02-03,15:42:21.525000,11340,11342,11342,4
2020-02-03,15:42:22.773000,11340,11342,11340,1
2020-02-03,15:42:23.792000,11340,11341,11341,1
2020-02-03,15:42:23.969000,11340,11341,11341,1
2020-02-03,15:42:27.957000,11340,11341,11340,1
2020-02-03,15:42:29.578000,11339,11340,11340,1
2020-02-03,15:42:32.046000,11339,11340,11340,1
2020-02-03,15:42:34.291000,11339,11340,11340,1
2020-02-03,15:42:35.121000,11339,11340,11340,9
2020-02-03,15:42:35.126000,11339,11340,11340,1
2020-02-03,15:42:35.221000,11340,11341,11340,5
2020-02-03,15:42:40.123000,11339,11340,11340,1
2020-02-03,15:42:40.793000,11339,11340,11340,1
2020-02-03,15:42:41.714000,11339,11340,11340,1
2020-02-03,15:42:41.753000,11339,11340,11340,1
2020-02-03,15:42:51.237000,11339,11340,11339,1
2020-02-03,15:42:51.237000,11339,11340,11339,2
2020-02-03,15:42:51.237000,11339,11340,11339,4
2020-02-03,15:42:51.237000,11339,11340,11339,5
2020-02-03,15:42:55.212000,11338,11339,11339,1
2020-02-03,15:43:00.796000,11338,11339,11338,1
2020-02-03,15:43:04.012000,11338,11339,11338,1
2020-02-03,15:43:10.157000,11338,11339,11338,2
2020-02-03,15:43:10.846000,11338,11339,11338,2
2020-02-03,15:43:10.971000,11338,11339,11338,4
2020-02-03,15:43:13.314000,11337,11338,11337,5
2020-02-03,15:43:14.565000,11337,11338,11338,5
2020-02-03,15:43:14.825000,11337,11338,11338,1
2020-02-03,15:43:14.841000,11337,11338,11337,5
2020-02-03,15:43:16.984000,11337,11338,11337,5
2020-02-03,15:43:18.979000,11337,11338,11337,5
2020-02-03,15:43:20.769000,11337,11338,11338,1
2020-02-03,15:43:21.147000,11337,11338,11338,1
2020-02-03,15:43:22.490000,11337,11338,11337,1
2020-02-03,15:43:24.417000,11336,11338,11336,5
2020-02-03,15:43:25.335000,11336,11337,11337,1
2020-02-03,15:43:25.506000,11336,11337,11337,1
2020-02-03,15:43:25.705000,11336,11337,11336,3
2020-02-03,15:43:25.705000,11336,11337,11335,2
2020-02-03,15:43:25.770000,11335,11337,11337,1
2020-02-03,15:43:30.096000,11336,11337,11336,1
2020-02-03,15:43:32.852000,11336,11337,11336,1
2020-02-03,15:43:37.294000,11335,11336,11335,4
2020-02-03,15:43:39.296000,11334,11335,11335,1
2020-02-03,15:43:44.167000,11334,11335,11334,1
2020-02-03,15:43:44.306000,11334,11335,11334,1
2020-02-03,15:43:44.655000,11334,11335,11335,5
2020-02-03,15:43:52.471000,11335,11336,11335,10
2020-02-03,15:43:52.596000,11335,11336,11335,1
2020-02-03,15:43:59.529000,11334,11335,11335,1
2020-02-03,15:44:11.329000,11335,11336,11335,1
2020-02-03,15:44:11.452000,11335,11336,11336,2
2020-02-03,15:44:16.419000,11335,11336,11336,1
2020-02-03,15:44:57.302000,11336,11337,11337,2
2020-02-03,15:44:57.303000,11336,11337,11337,1
2020-02-03,15:45:01.049000,11337,11338,11338,1
2020-02-03,15:45:02.485000,11337,11339,11337,1
2020-02-03,15:45:11.018000,11337,11338,11337,1
2020-02-03,15:45:11.105000,11337,11338,11338,1
2020-02-03,15:45:11.106000,11337,11338,11338,1
2020-02-03,15:45:11.106000,11337,11338,11338,1
2020-02-03,15:45:11.108000,11337,11338,11338,2
2020-02-03,15:45:11.108000,11337,11338,11338,1
2020-02-03,15:45:11.113000,11337,11338,11338,1
2020-02-03,15:45:11.113000,11337,11338,11338,1
2020-02-03,15:45:11.115000,11337,11338,11338,1
2020-02-03,15:45:11.116000,11337,11338,11338,1
2020-02-03,15:45:11.116000,11337,11338,11338,1
2020-02-03,15:45:11.116000,11337,11338,11338,1
2020-02-03,15:45:11.117000,11337,11338,11338,1
2020-02-03,15:45:11.117000,11337,11338,11338,1
2020-02-03,15:45:16.291000,11337,11338,11337,1
2020-02-03,15:45:16.364000,11337,11338,11338,1
2020-02-03,15:45:18.032000,11337,11338,11337,1
2020-02-03,15:45:18.821000,11337,11338,11338,5
2020-02-03,15:45:23.882000,11337,11338,11337,2
2020-02-03,15:45:24.096000,11337,11338,11337,1
2020-02-03,15:45:28.718000,11336,11337,11336,7
2020-02-03,15:45:28.719000,11336,11337,11336,3
2020-02-03,15:45:39.181000,11335,11336,11336,1
2020-02-03,15:45:45.844000,11335,11336,11336,5
2020-02-03,15:45:45.844000,11335,11336,11336,1
2020-02-03,15:45:45.844000,11335,11336,11336,1
2020-02-03,15:45:47.570000,11335,11336,11336,1
2020-02-03,15:45:49.013000,11336,11337,11337,1
2020-02-03,15:46:02.373000,11336,11337,11337,4
2020-02-03,15:46:11.658000,11336,11338,11338,2
2020-02-03,15:46:12.281000,11336,11338,11338,1
2020-02-03,15:46:25.565000,11336,11337,11337,1
2020-02-03,15:46:29.109000,11336,11337,11337,1
2020-02-03,15:46:33.987000,11336,11337,11337,2
2020-02-03,15:46:37.192000,11337,11338,11338,5
2020-02-03,15:46:54.308000,11337,11338,11337,1
2020-02-03,15:47:01.445000,11337,11338,11337,1
2020-02-03,15:47:04.896000,11336,11337,11337,1
2020-02-03,15:47:24.935000,11336,11337,11337,1
2020-02-03,15:47:42.647000,11337,11338,11337,2
2020-02-03,15:47:43.770000,11337,11338,11338,1
2020-02-03,15:47:49.743000,11337,11338,11337,1
2020-02-03,15:48:01.647000,11337,11338,11338,1
2020-02-03,15:48:09.834000,11337,11338,11338,1
2020-02-03,15:48:15.654000,11337,11338,11338,2
2020-02-03,15:48:15.721000,11337,11338,11338,7
2020-02-03,15:48:17.714000,11338,11339,11338,1
2020-02-03,15:48:27.587000,11338,11339,11338,1
2020-02-03,15:48:36.022000,11338,11339,11338,1
2020-02-03,15:48:41.473000,11338,11339,11338,1
2020-02-03,15:48:49.631000,11338,11339,11338,4
2020-02-03,15:48:50.149000,11337,11338,11337,10
2020-02-03,15:48:50.150000,11337,11338,11337,3
2020-02-03,15:48:50.171000,11337,11338,11337,1
2020-02-03,15:48:50.171000,11337,11338,11337,1
2020-02-03,15:49:04.984000,11336,11337,11337,1
2020-02-03,15:49:05.575000,11336,11337,11337,1
2020-02-03,15:49:15.044000,11336,11337,11337,1
2020-02-03,15:49:18.794000,11336,11337,11336,1
2020-02-03,15:49:19.149000,11336,11337,11336,1
2020-02-03,15:49:19.511000,11336,11337,11336,1
2020-02-03,15:49:19.822000,11336,11337,11336,1
2020-02-03,15:49:20.526000,11336,11337,11336,1
2020-02-03,15:49:22.331000,11336,11337,11336,1
2020-02-03,15:49:22.832000,11336,11337,11336,1
2020-02-03,15:49:24.712000,11336,11337,11336,1
2020-02-03,15:49:25.653000,11336,11337,11336,1
2020-02-03,15:49:26.430000,11336,11337,11336,1
2020-02-03,15:49:37.255000,11336,11337,11337,1
2020-02-03,15:49:50.550000,11336,11337,11336,1
2020-02-03,15:49:54.596000,11336,11337,11336,1
2020-02-03,15:50:02.019000,11335,11336,11335,2
2020-02-03,15:50:11.033000,11335,11336,11335,1
2020-02-03,15:50:14.492000,11335,11336,11336,1
2020-02-03,15:50:16.875000,11335,11336,11335,1
2020-02-03,15:50:18.400000,11335,11336,11335,1
2020-02-03,15:50:21.174000,11335,11336,11335,2
2020-02-03,15:50:21.175000,11335,11336,11335,2
2020-02-03,15:50:21.175000,11335,11336,11335,1
2020-02-03,15:50:21.177000,11335,11336,11335,4
2020-02-03,15:50:21.177000,11335,11336,11335,6
2020-02-03,15:50:23.358000,11334,11335,11334,1
2020-02-03,15:50:23.404000,11334,11335,11335,1
2020-02-03,15:50:24.459000,11334,11335,11334,2
2020-02-03,15:50:36.487000,11335,11336,11335,1
2020-02-03,15:50:37.539000,11335,11336,11335,1
2020-02-03,15:50:38.286000,11335,11336,11335,3
2020-02-03,15:50:38.346000,11335,11336,11335,1
2020-02-03,15:50:39.672000,11334,11335,11334,2
2020-02-03,15:50:46.366000,11334,11335,11335,1
2020-02-03,15:50:47.388000,11334,11336,11334,7
2020-02-03,15:50:48.424000,11334,11335,11335,1
2020-02-03,15:50:50.334000,11334,11335,11335,1
2020-02-03,15:50:55.600000,11334,11335,11335,1
2020-02-03,15:50:58.185000,11334,11335,11335,3
2020-02-03,15:50:58.713000,11335,11336,11335,2
2020-02-03,15:51:04.237000,11334,11335,11335,1
2020-02-03,15:51:05.552000,11335,11336,11336,7
2020-02-03,15:51:08.994000,11336,11337,11336,2
2020-02-03,15:51:18.481000,11336,11337,11336,1
2020-02-03,15:51:39.765000,11335,11336,11336,2
2020-02-03,15:51:47.700000,11336,11337,11336,1
2020-02-03,15:51:51.647000,11336,11337,11336,1
2020-02-03,15:51:54.898000,11335,11336,11336,1
2020-02-03,15:51:57.137000,11335,11336,11336,1
2020-02-03,15:52:00.306000,11335,11336,11335,1
2020-02-03,15:52:02.327000,11335,11336,11335,1
2020-02-03,15:52:13.385000,11335,11336,11336,6
2020-02-03,15:52:20.999000,11336,11337,11336,1
2020-02-03,15:52:27.296000,11336,11337,11336,1
2020-02-03,15:52:40.333000,11336,11337,11336,1
2020-02-03,15:52:43.658000,11336,11337,11337,1
2020-02-03,15:52:49.750000,11336,11337,11336,1
2020-02-03,15:52:56.873000,11336,11337,11336,2
2020-02-03,15:52:58.846000,11335,11336,11335,4
2020-02-03,15:53:01.049000,11334,11336,11336,1
2020-02-03,15:53:17.351000,11334,11335,11335,1
2020-02-03,15:53:34.369000,11334,11335,11335,1
2020-02-03,15:53:51.610000,11334,11335,11334,1
2020-02-03,15:53:57.534000,11334,11335,11334,1
2020-02-03,15:54:02.316000,11334,11335,11334,4
2020-02-03,15:54:02.346000,11334,11335,11334,1
2020-02-03,15:54:03.215000,11333,11334,11334,1
2020-02-03,15:54:04.763000,11333,11334,11333,2
2020-02-03,15:54:04.934000,11333,11334,11333,1
2020-02-03,15:54:05.040000,11333,11334,11333,3
2020-02-03,15:54:05.040000,11333,11334,11333,2
2020-02-03,15:54:06.484000,11332,11333,11332,1
2020-02-03,15:54:06.708000,11332,11333,11332,1
2020-02-03,15:54:09.215000,11332,11333,11332,5
2020-02-03,15:54:09.828000,11332,11333,11332,1
2020-02-03,15:54:09.846000,11332,11333,11332,1
2020-02-03,15:54:10.119000,11331,11332,11331,5
2020-02-03,15:54:10.315000,11331,11332,11331,1
2020-02-03,15:54:11.467000,11331,11332,11331,8
2020-02-03,15:54:11.467000,11331,11332,11331,3
2020-02-03,15:54:11.467000,11331,11332,11331,2
2020-02-03,15:54:11.471000,11331,11332,11331,4
2020-02-03,15:54:11.471000,11331,11332,11331,7
2020-02-03,15:54:13.189000,11330,11331,11330,1
2020-02-03,15:54:13.255000,11330,11331,11330,2
2020-02-03,15:54:13.652000,11330,11331,11330,9
2020-02-03,15:54:13.659000,11330,11331,11330,9
2020-02-03,15:54:13.660000,11330,11331,11330,9
2020-02-03,15:54:13.721000,11330,11331,11330,1
2020-02-03,15:54:15.382000,11328,11330,11329,1
2020-02-03,15:54:15.382000,11328,11330,11328,4
2020-02-03,15:54:15.508000,11328,11330,11328,1
2020-02-03,15:54:15.973000,11328,11330,11328,5
2020-02-03,15:54:16.573000,11328,11329,11328,1
2020-02-03,15:54:17.461000,11328,11329,11328,1
2020-02-03,15:54:19.994000,11328,11329,11328,1
2020-02-03,15:54:22.499000,11328,11329,11329,1
2020-02-03,15:54:24.402000,11328,11329,11328,2
2020-02-03,15:54:30.968000,11328,11329,11328,1
2020-02-03,15:54:33.014000,11328,11329,11328,1
2020-02-03,15:54:33.874000,11328,11329,11328,1
2020-02-03,15:54:35.300000,11328,11329,11328,8
2020-02-03,15:54:35.938000,11327,11329,11327,1
2020-02-03,15:54:37.068000,11328,11329,11328,3
2020-02-03,15:54:38.596000,11328,11329,11328,1
2020-02-03,15:54:39.893000,11327,11328,11328,1
2020-02-03,15:54:40.038000,11327,11328,11327,3
2020-02-03,15:54:40.448000,11327,11328,11327,2
2020-02-03,15:54:42.502000,11327,11328,11327,1
2020-02-03,15:54:42.619000,11327,11328,11327,1
2020-02-03,15:54:46.812000,11327,11328,11327,2
2020-02-03,15:54:48.295000,11327,11328,11328,2
2020-02-03,15:54:48.295000,11327,11328,11328,2
2020-02-03,15:54:48.295000,11327,11328,11328,1
2020-02-03,15:54:48.688000,11328,11329,11328,1
2020-02-03,15:54:52.195000,11328,11329,11328,1
2020-02-03,15:54:52.567000,11328,11329,11329,1
2020-02-03,15:54:53.816000,11328,11329,11329,1
2020-02-03,15:54:58.791000,11328,11329,11328,2
2020-02-03,15:55:02.223000,11328,11329,11328,6
2020-02-03,15:55:03.160000,11328,11329,11328,1
2020-02-03,15:55:07.184000,11327,11328,11327,1
2020-02-03,15:55:07.505000,11327,11328,11327,1
2020-02-03,15:55:15.166000,11327,11328,11327,2
2020-02-03,15:55:16.373000,11327,11328,11328,1
2020-02-03,15:55:17.471000,11328,11329,11328,3
2020-02-03,15:55:17.660000,11328,11329,11328,1
2020-02-03,15:55:18.259000,11328,11329,11328,1
2020-02-03,15:55:18.801000,11327,11328,11328,3
2020-02-03,15:55:22.207000,11327,11328,11327,1
2020-02-03,15:55:24.269000,11327,11328,11328,2
2020-02-03,15:55:24.854000,11327,11328,11328,1
2020-02-03,15:55:25.069000,11327,11328,11328,2
2020-02-03,15:55:26.223000,11327,11328,11327,1
2020-02-03,15:55:26.225000,11327,11328,11327,1
2020-02-03,15:55:31.314000,11327,11328,11328,4
2020-02-03,15:55:44.716000,11328,11329,11328,1
2020-02-03,15:55:45.113000,11328,11329,11329,3
2020-02-03,15:55:59.358000,11329,11330,11330,2
2020-02-03,15:56:02.388000,11329,11330,11329,10
2020-02-03,15:56:02.580000,11329,11330,11329,1
2020-02-03,15:56:08.163000,11328,11329,11328,12
2020-02-03,15:56:08.163000,11328,11329,11328,3
2020-02-03,15:56:08.221000,11327,11328,11328,1
2020-02-03,15:56:08.221000,11327,11328,11328,1
2020-02-03,15:56:08.325000,11327,11328,11328,1
2020-02-03,15:56:08.346000,11327,11328,11328,1
2020-02-03,15:56:11.794000,11327,11328,11328,4
2020-02-03,15:56:18.319000,11328,11329,11328,1
2020-02-03,15:56:19.345000,11327,11328,11328,4
2020-02-03,15:56:20.596000,11328,11329,11328,1
2020-02-03,15:56:30.696000,11328,11329,11328,3
2020-02-03,15:56:34.002000,11328,11329,11329,1
2020-02-03,15:56:41.791000,11328,11329,11328,1
2020-02-03,15:56:41.996000,11327,11328,11328,1
2020-02-03,15:56:45.150000,11327,11328,11328,1
2020-02-03,15:56:58.836000,11327,11328,11327,1
2020-02-03,15:57:02.929000,11327,11328,11327,1
2020-02-03,15:57:14.424000,11327,11328,11328,2
2020-02-03,15:57:18.607000,11327,11328,11327,1
2020-02-03,15:57:27.765000,11327,11328,11327,3
2020-02-03,15:57:27.765000,11327,11328,11327,7
2020-02-03,15:57:27.766000,11327,11328,11327,3
2020-02-03,15:57:27.766000,11327,11328,11327,4
2020-02-03,15:57:27.971000,11326,11327,11326,1
2020-02-03,15:57:27.972000,11326,11327,11326,4
2020-02-03,15:57:28.806000,11325,11326,11326,2
2020-02-03,15:57:30.416000,11325,11326,11325,1
2020-02-03,15:57:30.621000,11325,11326,11325,1
2020-02-03,15:57:30.846000,11325,11326,11325,1
2020-02-03,15:57:30.971000,11325,11326,11325,1
2020-02-03,15:57:34.080000,11324,11325,11324,6
2020-02-03,15:57:34.080000,11324,11325,11324,1
2020-02-03,15:57:34.080000,11324,11325,11324,2
2020-02-03,15:57:34.081000,11324,11325,11324,1
2020-02-03,15:57:34.096000,11324,11325,11324,6
2020-02-03,15:57:34.132000,11324,11325,11323,1
2020-02-03,15:57:34.133000,11324,11325,11323,3
2020-02-03,15:57:34.184000,11324,11325,11324,1
2020-02-03,15:57:34.241000,11323,11324,11324,1
2020-02-03,15:57:35.636000,11323,11324,11323,1
2020-02-03,15:57:35.721000,11323,11324,11323,1
2020-02-03,15:57:35.721000,11323,11324,11323,3
2020-02-03,15:57:36.972000,11322,11323,11323,1
2020-02-03,15:57:37.087000,11322,11323,11322,3
2020-02-03,15:57:37.138000,11321,11323,11321,1
2020-02-03,15:57:37.160000,11321,11323,11321,2
2020-02-03,15:57:38.755000,11321,11322,11321,2
2020-02-03,15:57:39.046000,11321,11322,11321,1
2020-02-03,15:57:39.563000,11321,11323,11321,1
2020-02-03,15:57:39.861000,11321,11323,11322,1
2020-02-03,15:57:39.938000,11321,11323,11321,1
2020-02-03,15:57:40.168000,11321,11323,11321,1
2020-02-03,15:57:41.198000,11322,11323,11322,1
2020-02-03,15:57:41.513000,11322,11323,11323,3
2020-02-03,15:57:41.513000,11322,11323,11323,4
2020-02-03,15:57:41.513000,11322,11323,11323,5
2020-02-03,15:57:42.081000,11323,11324,11323,1
2020-02-03,15:57:44.209000,11323,11324,11323,1
2020-02-03,15:57:48.413000,11323,11324,11323,1
2020-02-03,15:57:48.485000,11323,11324,11324,2
2020-02-03,15:57:50.005000,11323,11324,11323,1
2020-02-03,15:57:50.954000,11323,11324,11323,1
2020-02-03,15:57:51.771000,11323,11324,11323,5
2020-02-03,15:57:52.792000,11323,11324,11324,1
2020-02-03,15:58:00.322000,11323,11324,11323,2
2020-02-03,15:58:02.170000,11323,11324,11323,1
2020-02-03,15:58:03.817000,11323,11324,11324,3
2020-02-03,15:58:03.827000,11323,11324,11323,3
2020-02-03,15:58:05.315000,11323,11324,11323,2
2020-02-03,15:58:12.089000,11323,11324,11324,1
2020-02-03,15:58:13.784000,11323,11325,11323,14
2020-02-03,15:58:13.784000,11323,11325,11322,1
2020-02-03,15:58:18.900000,11323,11324,11323,1
2020-02-03,15:58:26.999000,11323,11324,11324,4
2020-02-03,15:58:27.672000,11323,11324,11324,1
2020-02-03,15:58:38.845000,11324,11325,11325,1
2020-02-03,15:58:40.248000,11324,11325,11324,1
2020-02-03,15:58:40.248000,11324,11325,11323,14
2020-02-03,15:58:46.063000,11323,11324,11323,1
2020-02-03,15:58:47.415000,11323,11324,11323,1
2020-02-03,15:58:47.715000,11322,11323,11323,1
2020-02-03,15:58:47.879000,11322,11323,11323,1
2020-02-03,15:58:47.994000,11322,11323,11323,1
2020-02-03,15:58:49.422000,11322,11323,11323,1
2020-02-03,15:58:50.296000,11322,11323,11322,6
2020-02-03,15:58:50.346000,11321,11322,11322,1
2020-02-03,15:58:50.346000,11321,11322,11322,3
2020-02-03,15:58:52.626000,11321,11323,11323,1
2020-02-03,15:58:56.048000,11321,11323,11322,1
2020-02-03,15:58:57.813000,11322,11323,11322,1
2020-02-03,15:59:09.983000,11322,11323,11322,2
2020-02-03,15:59:14.519000,11322,11323,11323,2
2020-02-03,15:59:16.589000,11323,11324,11323,5
2020-02-03,15:59:17.274000,11323,11324,11323,1
2020-02-03,15:59:22.658000,11323,11324,11323,1
2020-02-03,15:59:27.905000,11323,11324,11324,1
2020-02-03,15:59:34.567000,11323,11324,11323,1
2020-02-03,15:59:41.317000,11323,11324,11323,3
2020-02-03,15:59:44.057000,11323,11324,11323,1
2020-02-03,15:59:54.590000,11323,11324,11324,4
2020-02-03,15:59:56.234000,11323,11324,11324,1
2020-02-03,15:59:58.803000,11323,11324,11323,1
2020-02-03,16:00:02.752000,11322,11323,11323,3
2020-02-03,16:00:04.008000,11322,11323,11323,7
2020-02-03,16:00:04.008000,11322,11323,11324,3
2020-02-03,16:00:04.210000,11323,11324,11324,1
2020-02-03,16:00:04.611000,11323,11324,11324,1
2020-02-03,16:00:04.812000,11323,11324,11324,1
2020-02-03,16:00:05.014000,11323,11324,11324,1
2020-02-03,16:00:05.081000,11323,11324,11323,2
2020-02-03,16:00:05.215000,11323,11324,11324,1
2020-02-03,16:00:07.011000,11323,11324,11324,1
2020-02-03,16:00:07.016000,11323,11324,11324,1
2020-02-03,16:00:07.232000,11323,11324,11324,1
2020-02-03,16:00:08.471000,11324,11325,11325,2
2020-02-03,16:00:09.292000,11324,11325,11325,1
2020-02-03,16:00:09.298000,11324,11325,11325,4
2020-02-03,16:00:09.754000,11325,11326,11326,1
2020-02-03,16:00:14.057000,11326,11327,11327,3
2020-02-03,16:00:14.057000,11326,11327,11327,2
2020-02-03,16:00:14.057000,11326,11327,11327,1
2020-02-03,16:00:14.057000,11326,11327,11327,1
2020-02-03,16:00:14.058000,11326,11327,11327,9
2020-02-03,16:00:15.160000,11327,11328,11328,1
2020-02-03,16:00:15.355000,11327,11328,11328,1
2020-02-03,16:00:15.880000,11327,11328,11328,1
2020-02-03,16:00:16.117000,11327,11328,11327,3
2020-02-03,16:00:19.274000,11326,11327,11327,4
2020-02-03,16:00:21.306000,11327,11328,11328,1
2020-02-03,16:00:21.385000,11327,11328,11328,3
2020-02-03,16:00:21.385000,11327,11328,11328,3
2020-02-03,16:00:21.720000,11327,11329,11329,2
2020-02-03,16:00:21.850000,11328,11329,11329,1
2020-02-03,16:00:21.996000,11328,11329,11329,2
2020-02-03,16:00:21.997000,11328,11329,11329,12
2020-02-03,16:00:22.316000,11329,11330,11330,9
2020-02-03,16:00:22.346000,11329,11330,11330,2
2020-02-03,16:00:24.552000,11330,11331,11331,3
2020-02-03,16:00:24.792000,11331,11332,11331,1
2020-02-03,16:00:26.018000,11331,11332,11332,1
2020-02-03,16:00:26.103000,11331,11332,11332,1
2020-02-03,16:00:26.103000,11331,11332,11333,1
2020-02-03,16:00:26.211000,11331,11332,11331,1
2020-02-03,16:00:27.045000,11331,11332,11331,1
2020-02-03,16:00:27.104000,11331,11332,11332,1
2020-02-03,16:00:28.402000,11332,11333,11332,1
2020-02-03,16:00:29.083000,11332,11333,11333,1
2020-02-03,16:00:29.095000,11332,11334,11332,1
2020-02-03,16:00:30.367000,11332,11334,11332,2
2020-02-03,16:00:30.762000,11332,11333,11333,2
2020-02-03,16:00:31.134000,11332,11334,11332,1
2020-02-03,16:00:32.043000,11332,11333,11333,7
2020-02-03,16:00:34.338000,11333,11334,11333,1
2020-02-03,16:00:34.562000,11332,11334,11332,1
2020-02-03,16:00:35.806000,11332,11334,11334,1
2020-02-03,16:00:36.219000,11332,11334,11334,1
2020-02-03,16:00:38.813000,11332,11333,11333,1
2020-02-03,16:00:40.080000,11332,11334,11332,2
2020-02-03,16:00:40.080000,11332,11334,11332,4
2020-02-03,16:00:40.080000,11332,11334,11332,4
2020-02-03,16:00:40.081000,11332,11334,11332,4
2020-02-03,16:00:40.318000,11331,11332,11332,1
2020-02-03,16:00:40.633000,11331,11332,11332,1
2020-02-03,16:00:42.498000,11331,11332,11332,1
2020-02-03,16:00:43.114000,11331,11332,11332,2
2020-02-03,16:00:45.408000,11331,11332,11332,2
2020-02-03,16:00:48.618000,11331,11332,11332,1
2020-02-03,16:00:49.951000,11331,11332,11331,1
2020-02-03,16:00:54.568000,11330,11331,11331,1
2020-02-03,16:00:55.625000,11330,11331,11331,2
2020-02-03,16:00:56.176000,11330,11332,11331,1
2020-02-03,16:00:59.673000,11331,11332,11331,1
2020-02-03,16:01:02.289000,11331,11332,11331,1
2020-02-03,16:01:03.561000,11331,11332,11331,1
2020-02-03,16:01:03.877000,11331,11332,11332,7
2020-02-03,16:01:04.020000,11332,11333,11332,1
2020-02-03,16:01:04.595000,11332,11333,11333,1
2020-02-03,16:01:06.153000,11333,11334,11334,1
2020-02-03,16:01:06.153000,11333,11334,11334,2
2020-02-03,16:01:06.154000,11333,11334,11334,7
2020-02-03,16:01:06.222000,11334,11335,11335,15
2020-02-03,16:01:06.222000,11334,11335,11335,2
2020-02-03,16:01:06.346000,11334,11335,11335,5
2020-02-03,16:01:06.498000,11335,11336,11336,1
2020-02-03,16:01:06.607000,11335,11337,11337,2
2020-02-03,16:01:06.638000,11335,11337,11337,5
2020-02-03,16:01:07.526000,11336,11337,11337,1
2020-02-03,16:01:08.382000,11336,11337,11336,1
2020-02-03,16:01:09.755000,11336,11337,11336,5
2020-02-03,16:01:09.971000,11336,11337,11336,1
2020-02-03,16:01:09.976000,11336,11337,11336,1
2020-02-03,16:01:10.841000,11335,11336,11336,3
2020-02-03,16:01:10.850000,11335,11336,11336,2
2020-02-03,16:01:11.822000,11335,11337,11335,6
2020-02-03,16:01:12.853000,11335,11337,11335,1
2020-02-03,16:01:14.066000,11335,11337,11335,2
2020-02-03,16:01:14.066000,11335,11337,11335,4
2020-02-03,16:01:14.067000,11335,11337,11335,4
2020-02-03,16:01:14.096000,11334,11335,11335,2
2020-02-03,16:01:14.815000,11334,11335,11335,1
2020-02-03,16:01:14.822000,11334,11335,11334,3
2020-02-03,16:01:20.625000,11333,11334,11334,2
2020-02-03,16:01:21.512000,11333,11335,11333,1
2020-02-03,16:01:22.007000,11333,11335,11335,1
2020-02-03,16:01:28.891000,11333,11334,11334,1
2020-02-03,16:01:30.118000,11333,11334,11333,2
2020-02-03,16:01:41.152000,11332,11333,11333,1
2020-02-03,16:01:42.647000,11332,11333,11332,2
2020-02-03,16:01:42.648000,11332,11333,11332,1
2020-02-03,16:01:45.724000,11330,11331,11330,1
2020-02-03,16:01:45.729000,11330,11331,11330,1
2020-02-03,16:01:45.729000,11330,11331,11330,2
2020-02-03,16:01:46.271000,11328,11329,11329,1
2020-02-03,16:01:48.550000,11328,11330,11330,1
2020-02-03,16:01:50.947000,11329,11330,11330,2
2020-02-03,16:01:50.971000,11329,11330,11330,3
2020-02-03,16:01:50.971000,11329,11330,11330,1
2020-02-03,16:01:52.761000,11330,11331,11331,1
2020-02-03,16:02:02.491000,11331,11332,11331,1
2020-02-03,16:02:04.135000,11331,11332,11332,1
2020-02-03,16:02:04.690000,11332,11333,11332,1
2020-02-03,16:02:04.729000,11332,11333,11333,1
2020-02-03,16:02:04.733000,11332,11333,11333,1
2020-02-03,16:02:04.734000,11332,11333,11333,1
2020-02-03,16:02:04.738000,11332,11333,11333,1
2020-02-03,16:02:04.740000,11332,11333,11333,1
2020-02-03,16:02:04.740000,11332,11333,11333,1
2020-02-03,16:02:04.740000,11332,11333,11333,1
2020-02-03,16:02:04.741000,11332,11333,11333,1
2020-02-03,16:02:04.741000,11332,11333,11333,3
2020-02-03,16:02:04.742000,11332,11333,11333,1
2020-02-03,16:02:18.994000,11331,11332,11332,1
2020-02-03,16:02:28.787000,11332,11333,11332,1
2020-02-03,16:02:28.787000,11332,11333,11332,1
2020-02-03,16:02:29.083000,11331,11333,11332,1
2020-02-03,16:02:31.223000,11332,11333,11332,1
2020-02-03,16:02:31.263000,11332,11333,11332,1
2020-02-03,16:02:32.148000,11332,11333,11333,2
2020-02-03,16:02:32.717000,11332,11334,11334,15
2020-02-03,16:02:36.097000,11334,11335,11334,1
2020-02-03,16:02:42.555000,11333,11334,11334,3
2020-02-03,16:02:45.174000,11333,11334,11334,1
2020-02-03,16:02:48.471000,11333,11334,11333,1
2020-02-03,16:02:49.906000,11332,11333,11332,2
2020-02-03,16:02:53.348000,11330,11331,11330,13
2020-02-03,16:02:53.349000,11330,11331,11330,4
2020-02-03,16:02:53.662000,11329,11330,11330,11
2020-02-03,16:02:53.662000,11329,11330,11331,4
2020-02-03,16:02:55.388000,11329,11330,11329,3
2020-02-03,16:02:55.473000,11328,11330,11328,3
2020-02-03,16:02:59.278000,11328,11330,11330,1
2020-02-03,16:03:11.132000,11329,11330,11330,2
2020-02-03,16:03:11.132000,11329,11330,11330,2
2020-02-03,16:03:11.133000,11329,11330,11330,1
2020-02-03,16:03:18.858000,11331,11332,11331,1
2020-02-03,16:03:18.934000,11331,11332,11332,1
2020-02-03,16:03:18.935000,11331,11332,11332,1
2020-02-03,16:03:46.474000,11331,11332,11332,1
2020-02-03,16:04:03.896000,11330,11331,11331,1
2020-02-03,16:04:03.898000,11330,11331,11331,1
2020-02-03,16:04:03.898000,11330,11331,11331,1
2020-02-03,16:04:04.971000,11331,11332,11332,2
2020-02-03,16:04:09.505000,11332,11333,11332,3
2020-02-03,16:04:11.325000,11332,11333,11332,1
2020-02-03,16:04:14.170000,11332,11333,11333,2
2020-02-03,16:04:14.170000,11332,11333,11333,2
2020-02-03,16:04:27.794000,11331,11332,11331,1
2020-02-03,16:04:37.286000,11332,11333,11332,1
2020-02-03,16:04:45.221000,11331,11332,11331,1
2020-02-03,16:04:54.728000,11331,11332,11331,1
2020-02-03,16:04:59.284000,11331,11332,11331,1
2020-02-03,16:04:59.723000,11330,11331,11332,2
2020-02-03,16:05:04.453000,11331,11332,11331,1
2020-02-03,16:05:07.414000,11331,11332,11331,2
2020-02-03,16:05:08.628000,11330,11331,11330,1
2020-02-03,16:05:09.258000,11329,11330,11329,1
2020-02-03,16:05:09.294000,11329,11330,11329,1
2020-02-03,16:05:12.227000,11329,11330,11329,1
2020-02-03,16:05:17.047000,11328,11330,11328,2
2020-02-03,16:05:19.671000,11328,11329,11328,1
2020-02-03,16:05:21.348000,11327,11328,11328,1
2020-02-03,16:05:21.351000,11327,11328,11327,3
2020-02-03,16:05:21.475000,11327,11328,11328,1
