2020-05-27,15:00:00.065000,10963,10964,10963,47
2020-05-27,15:00:00.066000,10963,10964,10963,1
2020-05-27,15:00:00.067000,10963,10964,10962,4
2020-05-27,15:00:00.113000,10961,10964,10961,10
2020-05-27,15:00:00.277000,10961,10963,10962,1
2020-05-27,15:00:00.448000,10961,10963,10963,1
2020-05-27,15:00:00.459000,10961,10963,10961,1
2020-05-27,15:00:00.515000,10961,10963,10960,1
2020-05-27,15:00:00.632000,10960,10962,10960,2
2020-05-27,15:00:00.635000,10960,10962,10960,3
2020-05-27,15:00:00.637000,10960,10962,10961,4
2020-05-27,15:00:00.640000,10960,10962,10960,1
2020-05-27,15:00:00.650000,10960,10962,10960,1
2020-05-27,15:00:00.656000,10960,10962,10960,2
2020-05-27,15:00:00.676000,10960,10962,10960,1
2020-05-27,15:00:00.687000,10960,10962,10960,3
2020-05-27,15:00:00.700000,10960,10962,10960,1
2020-05-27,15:00:00.720000,10960,10962,10960,1
2020-05-27,15:00:00.730000,10960,10962,10960,1
2020-05-27,15:00:00.741000,10960,10962,10960,1
2020-05-27,15:00:00.860000,10960,10962,10960,1
2020-05-27,15:00:00.868000,10960,10962,10959,2
2020-05-27,15:00:00.948000,10960,10962,10960,1
2020-05-27,15:00:00.948000,10960,10962,10959,2
2020-05-27,15:00:01.040000,10960,10962,10960,1
2020-05-27,15:00:01.043000,10960,10962,10959,1
2020-05-27,15:00:01.138000,10959,10961,10959,1
2020-05-27,15:00:01.138000,10959,10961,10958,1
2020-05-27,15:00:01.229000,10958,10960,10960,1
2020-05-27,15:00:01.281000,10958,10960,10959,1
2020-05-27,15:00:01.283000,10958,10960,10960,1
2020-05-27,15:00:01.295000,10958,10960,10959,2
2020-05-27,15:00:01.629000,10959,10961,10961,1
2020-05-27,15:00:01.908000,10959,10961,10959,1
2020-05-27,15:00:01.921000,10958,10960,10958,3
2020-05-27,15:00:02.160000,10958,10960,10958,1
2020-05-27,15:00:02.195000,10958,10960,10958,3
2020-05-27,15:00:02.204000,10958,10960,10958,1
2020-05-27,15:00:02.215000,10958,10960,10958,1
2020-05-27,15:00:02.238000,10958,10960,10959,1
2020-05-27,15:00:02.371000,10958,10959,10958,1
2020-05-27,15:00:02.475000,10957,10959,10959,1
2020-05-27,15:00:02.642000,10957,10959,10959,1
2020-05-27,15:00:02.805000,10958,10960,10960,1
2020-05-27,15:00:02.888000,10958,10960,10958,1
2020-05-27,15:00:02.920000,10958,10960,10960,1
2020-05-27,15:00:03.126000,10958,10960,10960,2
2020-05-27,15:00:03.131000,10958,10960,10961,1
2020-05-27,15:00:03.408000,10958,10961,10961,3
2020-05-27,15:00:03.492000,10959,10962,10959,1
2020-05-27,15:00:03.523000,10959,10962,10961,2
2020-05-27,15:00:04.703000,10960,10961,10960,1
2020-05-27,15:00:05.060000,10959,10960,10959,2
2020-05-27,15:00:05.150000,10959,10960,10960,1
2020-05-27,15:00:06.252000,10958,10959,10959,1
2020-05-27,15:00:06.282000,10958,10959,10959,1
2020-05-27,15:00:06.495000,10958,10960,10959,1
2020-05-27,15:00:06.518000,10958,10960,10958,1
2020-05-27,15:00:07.361000,10958,10960,10960,2
2020-05-27,15:00:07.735000,10958,10960,10959,2
2020-05-27,15:00:07.923000,10958,10960,10960,1
2020-05-27,15:00:08.105000,10958,10961,10961,1
2020-05-27,15:00:08.192000,10958,10960,10958,1
2020-05-27,15:00:08.754000,10959,10960,10959,1
2020-05-27,15:00:08.828000,10958,10960,10958,2
2020-05-27,15:00:10.510000,10958,10959,10958,3
2020-05-27,15:00:10.705000,10957,10958,10958,1
2020-05-27,15:00:10.925000,10957,10959,10957,1
2020-05-27,15:00:11.498000,10957,10959,10957,2
2020-05-27,15:00:11.670000,10957,10958,10958,1
2020-05-27,15:00:12.092000,10957,10959,10959,1
2020-05-27,15:00:12.540000,10957,10959,10957,1
2020-05-27,15:00:12.780000,10957,10959,10958,1
2020-05-27,15:00:12.899000,10957,10959,10959,1
2020-05-27,15:00:14.756000,10958,10959,10959,1
2020-05-27,15:00:15.144000,10959,10960,10959,2
2020-05-27,15:00:15.308000,10959,10960,10959,1
2020-05-27,15:00:15.414000,10959,10960,10959,1
2020-05-27,15:00:15.426000,10958,10960,10958,1
2020-05-27,15:00:15.910000,10958,10959,10959,1
2020-05-27,15:00:16.263000,10958,10959,10959,1
2020-05-27,15:00:17.504000,10959,10960,10960,1
2020-05-27,15:00:17.575000,10959,10960,10960,1
2020-05-27,15:00:17.863000,10959,10960,10959,2
2020-05-27,15:00:18.908000,10959,10960,10960,1
2020-05-27,15:00:19.782000,10959,10960,10959,1
2020-05-27,15:00:20.065000,10959,10960,10959,1
2020-05-27,15:00:20.998000,10959,10960,10960,1
2020-05-27,15:00:21.787000,10959,10960,10960,2
2020-05-27,15:00:21.787000,10959,10960,10960,7
2020-05-27,15:00:21.787000,10959,10960,10960,1
2020-05-27,15:00:21.788000,10959,10960,10960,2
2020-05-27,15:00:22.009000,10960,10961,10960,1
2020-05-27,15:00:22.522000,10960,10961,10960,1
2020-05-27,15:00:22.790000,10960,10961,10960,1
2020-05-27,15:00:25.169000,10960,10961,10961,1
2020-05-27,15:00:26.351000,10961,10962,10961,3
2020-05-27,15:00:28.062000,10961,10962,10962,1
2020-05-27,15:00:28.472000,10961,10962,10962,1
2020-05-27,15:00:31.568000,10961,10962,10962,1
2020-05-27,15:00:31.599000,10961,10962,10962,1
2020-05-27,15:00:32.797000,10961,10962,10962,4
2020-05-27,15:00:32.797000,10961,10962,10963,1
2020-05-27,15:00:35.197000,10962,10963,10963,1
2020-05-27,15:00:39.067000,10962,10963,10962,1
2020-05-27,15:00:39.666000,10962,10963,10963,1
2020-05-27,15:00:39.800000,10962,10963,10962,1
2020-05-27,15:00:40.867000,10962,10963,10962,1
2020-05-27,15:00:40.867000,10962,10963,10962,1
2020-05-27,15:00:40.867000,10962,10963,10962,2
2020-05-27,15:00:40.867000,10962,10963,10962,1
2020-05-27,15:00:40.867000,10962,10963,10962,4
2020-05-27,15:00:40.867000,10962,10963,10962,2
2020-05-27,15:00:41.381000,10961,10963,10963,1
2020-05-27,15:00:44.056000,10962,10963,10963,5
2020-05-27,15:00:44.342000,10962,10963,10962,1
2020-05-27,15:00:44.539000,10961,10963,10962,1
2020-05-27,15:00:46.200000,10961,10962,10962,1
2020-05-27,15:00:47.934000,10961,10963,10963,2
2020-05-27,15:00:48.513000,10961,10963,10963,1
2020-05-27,15:00:49.029000,10961,10963,10962,1
2020-05-27,15:00:49.898000,10961,10962,10962,1
2020-05-27,15:00:51.430000,10962,10963,10962,1
2020-05-27,15:00:53.545000,10962,10963,10963,5
2020-05-27,15:00:54.032000,10962,10963,10962,1
2020-05-27,15:00:55.261000,10962,10963,10962,1
2020-05-27,15:00:55.703000,10962,10963,10963,5
2020-05-27,15:00:56.341000,10962,10963,10962,1
2020-05-27,15:00:56.847000,10962,10963,10963,3
2020-05-27,15:00:56.847000,10962,10963,10963,1
2020-05-27,15:00:58.862000,10963,10964,10963,5
2020-05-27,15:01:00.051000,10962,10963,10963,1
2020-05-27,15:01:02.658000,10962,10963,10963,1
2020-05-27,15:01:05.729000,10962,10963,10963,1
2020-05-27,15:01:06.547000,10963,10964,10963,2
2020-05-27,15:01:07.097000,10962,10963,10962,1
2020-05-27,15:01:07.308000,10962,10963,10962,13
2020-05-27,15:01:10.467000,10961,10962,10962,1
2020-05-27,15:01:12.176000,10961,10962,10962,2
2020-05-27,15:01:15.570000,10962,10963,10962,1
2020-05-27,15:01:18.790000,10962,10963,10963,2
2020-05-27,15:01:18.791000,10962,10963,10963,1
2020-05-27,15:01:18.791000,10962,10963,10963,2
2020-05-27,15:01:19.978000,10963,10964,10963,1
2020-05-27,15:01:20.201000,10963,10964,10963,3
2020-05-27,15:01:20.828000,10963,10964,10963,3
2020-05-27,15:01:21.023000,10962,10964,10964,9
2020-05-27,15:01:23.051000,10963,10965,10963,1
2020-05-27,15:01:24.275000,10962,10964,10964,1
2020-05-27,15:01:25.068000,10963,10965,10965,1
2020-05-27,15:01:25.191000,10963,10965,10965,1
2020-05-27,15:01:28.502000,10963,10964,10964,1
2020-05-27,15:01:28.649000,10963,10964,10964,1
2020-05-27,15:01:29.778000,10964,10965,10964,1
2020-05-27,15:01:32.887000,10964,10965,10964,1
2020-05-27,15:01:33.727000,10964,10965,10964,1
2020-05-27,15:01:36.567000,10964,10965,10965,1
2020-05-27,15:01:36.575000,10964,10965,10964,1
2020-05-27,15:01:36.705000,10964,10965,10965,1
2020-05-27,15:01:39.998000,10964,10965,10965,1
2020-05-27,15:01:43.996000,10964,10965,10965,2
2020-05-27,15:01:48.150000,10964,10965,10964,2
2020-05-27,15:01:49.431000,10964,10965,10964,1
2020-05-27,15:01:52.570000,10964,10965,10964,1
2020-05-27,15:01:53.710000,10964,10965,10964,1
2020-05-27,15:01:54.217000,10964,10965,10964,1
2020-05-27,15:01:56.782000,10964,10965,10965,1
2020-05-27,15:01:56.783000,10964,10965,10965,12
2020-05-27,15:01:59.895000,10964,10965,10964,1
2020-05-27,15:02:02.064000,10964,10965,10965,2
2020-05-27,15:02:04.310000,10965,10966,10966,1
2020-05-27,15:02:04.311000,10965,10966,10966,11
2020-05-27,15:02:10.186000,10966,10967,10967,9
2020-05-27,15:02:10.689000,10966,10968,10968,1
2020-05-27,15:02:13.595000,10967,10968,10968,12
2020-05-27,15:02:15.017000,10968,10969,10969,1
2020-05-27,15:02:15.155000,10968,10969,10969,1
2020-05-27,15:02:15.791000,10968,10969,10969,1
2020-05-27,15:02:15.850000,10968,10969,10969,1
2020-05-27,15:02:15.967000,10968,10969,10969,1
2020-05-27,15:02:16.857000,10968,10969,10969,1
2020-05-27,15:02:16.857000,10968,10969,10969,3
2020-05-27,15:02:17.553000,10968,10970,10970,3
2020-05-27,15:02:17.960000,10968,10970,10970,2
2020-05-27,15:02:19.728000,10968,10970,10968,1
2020-05-27,15:02:25.339000,10968,10969,10969,3
2020-05-27,15:02:26.248000,10968,10970,10968,1
2020-05-27,15:02:26.682000,10968,10970,10970,1
2020-05-27,15:02:28.839000,10968,10969,10969,1
2020-05-27,15:02:30.264000,10969,10970,10969,2
2020-05-27,15:02:31.101000,10968,10970,10968,1
2020-05-27,15:02:33.162000,10968,10969,10969,1
2020-05-27,15:02:34.731000,10968,10969,10969,1
2020-05-27,15:02:37.140000,10968,10969,10969,1
2020-05-27,15:02:37.140000,10968,10969,10970,4
2020-05-27,15:02:38.676000,10968,10970,10968,1
2020-05-27,15:02:39.247000,10968,10969,10969,1
2020-05-27,15:02:44.337000,10969,10970,10969,1
2020-05-27,15:02:47.502000,10969,10970,10969,1
2020-05-27,15:02:48.174000,10969,10970,10970,3
2020-05-27,15:02:51.004000,10969,10970,10970,1
2020-05-27,15:02:52.917000,10969,10970,10970,1
2020-05-27,15:02:54.459000,10969,10970,10969,1
2020-05-27,15:02:55.280000,10969,10970,10970,1
2020-05-27,15:02:57.483000,10969,10970,10970,1
2020-05-27,15:02:59.115000,10969,10970,10970,4
2020-05-27,15:02:59.118000,10969,10970,10970,3
2020-05-27,15:03:00.320000,10970,10971,10971,1
2020-05-27,15:03:02.436000,10970,10971,10970,1
2020-05-27,15:03:03.349000,10970,10971,10970,1
2020-05-27,15:03:03.853000,10970,10971,10971,1
2020-05-27,15:03:04.603000,10971,10972,10971,1
2020-05-27,15:03:12.312000,10971,10972,10971,1
2020-05-27,15:03:16.471000,10971,10972,10971,1
2020-05-27,15:03:17.054000,10971,10972,10971,1
2020-05-27,15:03:18.349000,10971,10972,10971,1
2020-05-27,15:03:19.820000,10971,10972,10971,1
2020-05-27,15:03:20.623000,10971,10972,10971,1
2020-05-27,15:03:21.491000,10971,10972,10971,1
2020-05-27,15:03:23.023000,10971,10972,10971,1
2020-05-27,15:03:23.146000,10971,10972,10971,1
2020-05-27,15:03:26.252000,10971,10972,10971,1
2020-05-27,15:03:26.936000,10971,10972,10972,1
2020-05-27,15:03:27.092000,10971,10972,10972,5
2020-05-27,15:03:27.098000,10971,10972,10972,3
2020-05-27,15:03:32.069000,10971,10972,10971,1
2020-05-27,15:03:33.485000,10971,10972,10971,2
2020-05-27,15:03:36.766000,10971,10972,10972,1
2020-05-27,15:03:36.786000,10971,10972,10971,1
2020-05-27,15:03:37.181000,10971,10972,10971,3
2020-05-27,15:03:39.469000,10970,10971,10971,1
2020-05-27,15:03:39.809000,10971,10972,10972,1
2020-05-27,15:03:40.555000,10971,10972,10971,1
2020-05-27,15:03:41.324000,10970,10972,10970,1
2020-05-27,15:03:43.754000,10970,10972,10972,2
2020-05-27,15:03:48.755000,10970,10971,10971,1
2020-05-27,15:03:52.431000,10970,10971,10970,1
2020-05-27,15:03:54.143000,10970,10971,10971,2
2020-05-27,15:03:55.969000,10970,10971,10971,1
2020-05-27,15:03:57.845000,10970,10971,10971,5
2020-05-27,15:04:05.741000,10970,10971,10970,1
2020-05-27,15:04:08.470000,10970,10971,10970,1
2020-05-27,15:04:10.500000,10970,10971,10970,1
2020-05-27,15:04:11.435000,10970,10971,10971,1
2020-05-27,15:04:14.297000,10970,10971,10971,1
2020-05-27,15:04:15.948000,10970,10971,10971,1
2020-05-27,15:04:15.949000,10970,10971,10971,2
2020-05-27,15:04:16.262000,10971,10972,10971,1
2020-05-27,15:04:16.713000,10970,10972,10972,1
2020-05-27,15:04:17.130000,10971,10972,10971,1
2020-05-27,15:04:17.130000,10971,10972,10970,3
2020-05-27,15:04:19.060000,10971,10972,10972,12
2020-05-27,15:04:19.681000,10972,10973,10972,1
2020-05-27,15:04:24.754000,10972,10973,10972,1
2020-05-27,15:04:31.983000,10972,10973,10972,1
2020-05-27,15:04:33.874000,10971,10973,10971,1
2020-05-27,15:04:34.682000,10971,10973,10971,1
2020-05-27,15:04:37.969000,10972,10973,10973,1
2020-05-27,15:04:38.109000,10972,10973,10973,1
2020-05-27,15:04:41.929000,10972,10973,10972,1
2020-05-27,15:04:42.010000,10972,10973,10972,1
2020-05-27,15:04:51.897000,10971,10973,10972,1
2020-05-27,15:05:02.464000,10972,10973,10973,10
2020-05-27,15:05:02.649000,10972,10973,10973,3
2020-05-27,15:05:03.207000,10972,10973,10973,3
2020-05-27,15:05:03.207000,10972,10973,10973,4
2020-05-27,15:05:03.208000,10972,10973,10973,5
2020-05-27,15:05:03.208000,10972,10973,10973,8
2020-05-27,15:05:03.208000,10972,10973,10973,10
2020-05-27,15:05:03.208000,10972,10973,10973,3
2020-05-27,15:05:03.208000,10972,10973,10973,1
2020-05-27,15:05:03.360000,10973,10974,10973,1
2020-05-27,15:05:03.378000,10973,10974,10974,4
2020-05-27,15:05:08.688000,10972,10973,10972,1
2020-05-27,15:05:09.045000,10971,10972,10972,2
2020-05-27,15:05:11.100000,10971,10973,10971,1
2020-05-27,15:05:13.267000,10971,10972,10972,2
2020-05-27,15:05:15.046000,10971,10973,10971,1
2020-05-27,15:05:17.097000,10971,10972,10971,3
2020-05-27,15:05:18.940000,10971,10972,10971,1
2020-05-27,15:05:24.426000,10971,10972,10971,1
2020-05-27,15:05:29.607000,10971,10972,10971,1
2020-05-27,15:05:32.048000,10971,10972,10972,1
2020-05-27,15:05:38.651000,10972,10973,10972,1
2020-05-27,15:05:42.411000,10972,10973,10972,1
2020-05-27,15:05:42.411000,10972,10973,10972,2
2020-05-27,15:05:42.771000,10971,10973,10972,5
2020-05-27,15:05:50.759000,10971,10972,10972,1
2020-05-27,15:05:52.777000,10971,10972,10972,1
2020-05-27,15:05:54.010000,10971,10972,10972,1
2020-05-27,15:06:00.064000,10971,10972,10971,1
2020-05-27,15:06:08.259000,10971,10972,10972,5
2020-05-27,15:06:08.981000,10972,10973,10972,1
2020-05-27,15:06:10.903000,10972,10973,10972,1
2020-05-27,15:06:10.903000,10972,10973,10971,1
2020-05-27,15:06:12.465000,10971,10973,10972,1
2020-05-27,15:06:12.549000,10972,10973,10972,1
2020-05-27,15:06:16.781000,10972,10973,10972,1
2020-05-27,15:06:21.836000,10972,10973,10973,5
2020-05-27,15:06:28.539000,10973,10974,10973,1
2020-05-27,15:06:30.285000,10973,10974,10973,1
2020-05-27,15:06:37.676000,10972,10973,10972,1
2020-05-27,15:06:59.589000,10972,10973,10973,3
2020-05-27,15:07:00.145000,10972,10973,10973,2
2020-05-27,15:07:01.423000,10972,10973,10973,1
2020-05-27,15:07:01.661000,10972,10973,10973,1
2020-05-27,15:07:04.676000,10973,10974,10974,2
2020-05-27,15:07:06.744000,10973,10974,10973,1
2020-05-27,15:07:12.542000,10973,10974,10973,1
2020-05-27,15:07:16.578000,10973,10974,10974,1
2020-05-27,15:07:18.183000,10973,10974,10974,1
2020-05-27,15:07:19.887000,10973,10974,10974,1
2020-05-27,15:07:22.978000,10973,10974,10973,1
2020-05-27,15:07:25.172000,10973,10974,10974,2
2020-05-27,15:07:25.890000,10973,10974,10974,1
2020-05-27,15:07:27.977000,10973,10974,10974,1
2020-05-27,15:07:30.781000,10973,10974,10974,1
2020-05-27,15:07:31.047000,10973,10974,10974,1
2020-05-27,15:07:32.474000,10973,10974,10974,1
2020-05-27,15:07:34.305000,10973,10974,10974,1
2020-05-27,15:07:42.270000,10974,10975,10975,13
2020-05-27,15:07:42.271000,10974,10975,10975,1
2020-05-27,15:07:42.405000,10975,10976,10976,1
2020-05-27,15:07:49.330000,10975,10976,10976,1
2020-05-27,15:07:50.030000,10975,10976,10976,1
2020-05-27,15:07:50.358000,10975,10976,10975,1
2020-05-27,15:07:52.531000,10975,10976,10976,5
2020-05-27,15:07:52.572000,10976,10977,10977,1
2020-05-27,15:07:52.579000,10976,10977,10976,1
2020-05-27,15:07:52.695000,10976,10977,10977,2
2020-05-27,15:07:52.695000,10976,10977,10977,1
2020-05-27,15:07:54.317000,10976,10977,10976,1
2020-05-27,15:07:57.070000,10976,10977,10976,1
2020-05-27,15:07:59.799000,10976,10977,10977,2
2020-05-27,15:08:01.438000,10976,10977,10976,2
2020-05-27,15:08:04.358000,10976,10977,10977,7
2020-05-27,15:08:04.358000,10976,10977,10977,1
2020-05-27,15:08:04.547000,10976,10978,10978,1
2020-05-27,15:08:05.282000,10977,10978,10977,5
2020-05-27,15:08:06.346000,10977,10978,10977,1
2020-05-27,15:08:07.160000,10976,10978,10978,1
2020-05-27,15:08:08.047000,10976,10977,10977,1
2020-05-27,15:08:08.047000,10976,10977,10977,1
2020-05-27,15:08:11.108000,10976,10977,10977,2
2020-05-27,15:08:19.876000,10977,10978,10977,2
2020-05-27,15:08:19.968000,10977,10978,10977,2
2020-05-27,15:08:22.460000,10977,10978,10977,1
2020-05-27,15:08:22.506000,10977,10978,10977,1
2020-05-27,15:08:24.581000,10977,10978,10977,1
2020-05-27,15:08:29.075000,10977,10978,10978,1
2020-05-27,15:08:32.782000,10977,10978,10978,1
2020-05-27,15:08:32.819000,10977,10978,10978,2
2020-05-27,15:08:32.819000,10977,10978,10978,2
2020-05-27,15:08:32.819000,10977,10978,10978,4
2020-05-27,15:08:32.819000,10977,10978,10978,1
2020-05-27,15:08:32.819000,10977,10978,10978,4
2020-05-27,15:08:32.820000,10977,10978,10978,3
2020-05-27,15:08:32.820000,10977,10978,10978,1
2020-05-27,15:08:32.820000,10977,10978,10978,1
2020-05-27,15:08:32.820000,10977,10978,10978,2
2020-05-27,15:08:32.820000,10977,10978,10978,2
2020-05-27,15:08:38.963000,10978,10979,10979,1
2020-05-27,15:08:39.067000,10978,10979,10979,1
2020-05-27,15:08:41.857000,10978,10979,10979,1
2020-05-27,15:08:44.144000,10978,10979,10979,1
2020-05-27,15:08:47.600000,10978,10979,10978,2
2020-05-27,15:08:47.652000,10978,10979,10979,1
2020-05-27,15:08:48.240000,10978,10979,10979,1
2020-05-27,15:08:51.858000,10978,10979,10979,1
2020-05-27,15:08:54.056000,10978,10979,10979,2
2020-05-27,15:08:56.557000,10978,10979,10979,1
2020-05-27,15:08:58.687000,10978,10979,10979,1
2020-05-27,15:09:00.722000,10978,10979,10978,2
2020-05-27,15:09:03.095000,10978,10979,10979,2
2020-05-27,15:09:04.097000,10978,10979,10978,1
2020-05-27,15:09:04.109000,10978,10979,10979,2
2020-05-27,15:09:12.233000,10978,10979,10978,2
2020-05-27,15:09:12.233000,10978,10979,10978,1
2020-05-27,15:09:12.233000,10978,10979,10978,11
2020-05-27,15:09:12.544000,10977,10978,10978,1
2020-05-27,15:09:19.536000,10977,10978,10977,1
2020-05-27,15:09:20.780000,10977,10978,10977,1
2020-05-27,15:09:31.864000,10976,10977,10977,1
2020-05-27,15:09:32.545000,10976,10977,10977,1
2020-05-27,15:09:34.178000,10976,10977,10976,1
2020-05-27,15:09:50.994000,10976,10977,10977,6
2020-05-27,15:09:57.847000,10976,10977,10976,1
2020-05-27,15:09:58.028000,10976,10977,10977,1
2020-05-27,15:10:04.686000,10976,10977,10976,1
2020-05-27,15:10:04.687000,10976,10977,10976,2
2020-05-27,15:10:04.687000,10976,10977,10976,1
2020-05-27,15:10:04.687000,10976,10977,10976,2
2020-05-27,15:10:04.687000,10976,10977,10976,2
2020-05-27,15:10:04.687000,10976,10977,10976,2
2020-05-27,15:10:05.219000,10975,10976,10975,3
2020-05-27,15:10:05.551000,10974,10976,10974,4
2020-05-27,15:10:05.786000,10974,10975,10975,1
2020-05-27,15:10:13.908000,10974,10975,10974,1
2020-05-27,15:10:15.475000,10974,10975,10974,1
2020-05-27,15:10:16.222000,10974,10975,10974,1
2020-05-27,15:10:18.244000,10974,10975,10975,7
2020-05-27,15:10:18.521000,10974,10975,10974,1
2020-05-27,15:10:21.303000,10974,10975,10974,3
2020-05-27,15:10:29.426000,10974,10975,10974,1
2020-05-27,15:10:41.266000,10974,10975,10974,7
2020-05-27,15:10:41.610000,10973,10975,10974,1
2020-05-27,15:10:49.683000,10973,10974,10973,1
2020-05-27,15:10:50.340000,10973,10974,10973,2
2020-05-27,15:10:51.700000,10973,10974,10973,1
2020-05-27,15:10:53.117000,10973,10974,10973,9
2020-05-27,15:10:55.770000,10972,10973,10972,1
2020-05-27,15:10:58.472000,10972,10973,10972,1
2020-05-27,15:11:02.509000,10972,10973,10973,1
2020-05-27,15:11:06.402000,10972,10973,10973,1
2020-05-27,15:11:08.478000,10972,10973,10972,1
2020-05-27,15:11:11.711000,10972,10973,10973,1
2020-05-27,15:11:22.041000,10972,10973,10973,1
2020-05-27,15:11:23.785000,10972,10973,10973,1
2020-05-27,15:11:23.785000,10972,10973,10973,4
2020-05-27,15:11:23.785000,10972,10973,10973,3
2020-05-27,15:11:28.257000,10973,10974,10974,1
2020-05-27,15:11:28.257000,10973,10974,10974,1
2020-05-27,15:11:28.257000,10973,10974,10974,4
2020-05-27,15:11:31.705000,10974,10975,10974,1
2020-05-27,15:11:39.567000,10974,10975,10974,1
2020-05-27,15:11:40.736000,10973,10974,10974,1
2020-05-27,15:11:47.204000,10973,10974,10974,4
2020-05-27,15:11:47.204000,10973,10974,10975,1
2020-05-27,15:12:00.086000,10973,10974,10973,1
2020-05-27,15:12:09.049000,10974,10975,10974,1
2020-05-27,15:12:09.729000,10974,10975,10974,1
2020-05-27,15:12:10.047000,10973,10974,10974,1
2020-05-27,15:12:10.671000,10974,10975,10974,1
2020-05-27,15:12:10.675000,10974,10975,10973,1
2020-05-27,15:12:12.294000,10973,10974,10974,1
2020-05-27,15:12:16.544000,10973,10974,10974,1
2020-05-27,15:12:22.893000,10974,10975,10974,2
2020-05-27,15:12:34.283000,10974,10975,10975,1
2020-05-27,15:12:37.235000,10974,10975,10974,2
2020-05-27,15:12:38.461000,10973,10974,10974,4
2020-05-27,15:12:38.461000,10973,10974,10974,1
2020-05-27,15:12:39.562000,10973,10974,10974,1
2020-05-27,15:12:43.952000,10973,10974,10974,1
2020-05-27,15:12:46.541000,10973,10974,10973,5
2020-05-27,15:13:06.991000,10973,10974,10973,5
2020-05-27,15:13:13.920000,10973,10974,10974,1
2020-05-27,15:13:14.945000,10973,10974,10973,1
2020-05-27,15:13:18.220000,10973,10974,10974,1
2020-05-27,15:13:20.551000,10973,10974,10973,1
2020-05-27,15:13:20.785000,10973,10974,10973,2
2020-05-27,15:13:24.299000,10973,10974,10973,1
2020-05-27,15:13:40.785000,10972,10973,10973,2
2020-05-27,15:13:41.780000,10972,10973,10973,3
2020-05-27,15:13:59.916000,10973,10974,10973,1
2020-05-27,15:14:02.296000,10973,10974,10974,2
2020-05-27,15:14:04.411000,10974,10975,10974,1
2020-05-27,15:14:06.985000,10974,10975,10974,3
2020-05-27,15:14:07.173000,10973,10974,10974,2
2020-05-27,15:14:12.259000,10974,10975,10974,1
2020-05-27,15:14:12.899000,10974,10975,10974,2
2020-05-27,15:14:25.410000,10974,10975,10975,1
2020-05-27,15:14:27.700000,10974,10975,10974,1
2020-05-27,15:14:27.876000,10974,10975,10974,1
2020-05-27,15:14:28.010000,10974,10975,10974,1
2020-05-27,15:14:28.186000,10974,10975,10974,1
2020-05-27,15:14:29.887000,10974,10975,10975,1
2020-05-27,15:14:30.182000,10974,10975,10975,1
2020-05-27,15:14:30.182000,10974,10975,10975,6
2020-05-27,15:14:30.182000,10974,10975,10975,1
2020-05-27,15:14:34.576000,10975,10976,10976,3
2020-05-27,15:14:34.602000,10975,10976,10976,1
2020-05-27,15:14:38.504000,10975,10976,10976,1
2020-05-27,15:14:39.296000,10975,10976,10975,2
2020-05-27,15:14:39.296000,10975,10976,10975,1
2020-05-27,15:14:40.624000,10974,10976,10974,1
2020-05-27,15:14:53.151000,10974,10976,10974,2
2020-05-27,15:15:00.198000,10974,10975,10975,1
2020-05-27,15:15:01.970000,10974,10975,10974,2
2020-05-27,15:15:02.179000,10974,10975,10974,2
2020-05-27,15:15:06.228000,10973,10974,10974,2
2020-05-27,15:15:07.599000,10975,10976,10975,2
2020-05-27,15:15:13.091000,10974,10975,10975,3
2020-05-27,15:15:13.812000,10974,10976,10974,1
2020-05-27,15:15:24.596000,10975,10976,10975,1
2020-05-27,15:15:53.046000,10975,10976,10975,1
2020-05-27,15:15:57.059000,10975,10976,10975,1
2020-05-27,15:16:02.365000,10975,10976,10975,3
2020-05-27,15:16:15.576000,10975,10976,10975,1
2020-05-27,15:16:26.520000,10975,10976,10975,1
2020-05-27,15:16:26.521000,10975,10976,10975,1
2020-05-27,15:16:26.521000,10975,10976,10975,6
2020-05-27,15:16:44.824000,10975,10976,10975,1
2020-05-27,15:16:53.051000,10974,10975,10974,1
2020-05-27,15:16:54.834000,10974,10975,10974,6
2020-05-27,15:17:02.133000,10973,10974,10973,9
2020-05-27,15:17:02.133000,10973,10974,10973,1
2020-05-27,15:17:02.133000,10973,10974,10973,1
2020-05-27,15:17:02.133000,10973,10974,10973,3
2020-05-27,15:17:02.134000,10973,10974,10973,1
2020-05-27,15:17:02.134000,10973,10974,10973,2
2020-05-27,15:17:02.134000,10973,10974,10973,3
2020-05-27,15:17:02.365000,10972,10973,10973,1
2020-05-27,15:17:02.719000,10972,10973,10973,1
2020-05-27,15:17:04.359000,10972,10973,10972,23
2020-05-27,15:17:06.943000,10971,10972,10971,2
2020-05-27,15:17:10.965000,10971,10972,10971,5
2020-05-27,15:17:13.821000,10970,10971,10970,1
2020-05-27,15:17:13.989000,10970,10971,10970,2
2020-05-27,15:17:16.923000,10970,10971,10971,1
2020-05-27,15:17:20.264000,10971,10972,10971,1
2020-05-27,15:17:21.672000,10971,10972,10972,2
2020-05-27,15:17:21.997000,10971,10973,10971,1
2020-05-27,15:17:32.288000,10971,10973,10973,1
2020-05-27,15:17:33.907000,10971,10973,10971,1
2020-05-27,15:17:35.547000,10971,10972,10972,2
2020-05-27,15:17:36.236000,10971,10973,10971,1
2020-05-27,15:17:36.978000,10971,10973,10971,1
2020-05-27,15:17:37.789000,10971,10973,10971,1
2020-05-27,15:17:40.449000,10971,10972,10971,1
2020-05-27,15:17:41.112000,10971,10972,10971,1
2020-05-27,15:17:43.420000,10971,10972,10971,1
2020-05-27,15:17:43.423000,10971,10972,10971,1
2020-05-27,15:17:45.179000,10970,10971,10971,1
2020-05-27,15:17:45.306000,10970,10971,10971,1
2020-05-27,15:17:45.306000,10970,10971,10972,1
2020-05-27,15:17:49.978000,10970,10971,10971,1
2020-05-27,15:17:51.434000,10970,10971,10971,1
2020-05-27,15:17:52.771000,10970,10971,10970,19
2020-05-27,15:17:52.771000,10970,10971,10970,4
2020-05-27,15:17:52.772000,10970,10971,10970,15
2020-05-27,15:17:52.772000,10970,10971,10970,3
2020-05-27,15:17:53.561000,10969,10970,10969,5
2020-05-27,15:17:53.728000,10968,10969,10968,1
2020-05-27,15:17:55.279000,10968,10970,10968,2
2020-05-27,15:17:56.345000,10968,10969,10968,16
2020-05-27,15:17:56.345000,10968,10969,10968,1
2020-05-27,15:17:56.346000,10968,10969,10968,5
2020-05-27,15:17:57.143000,10967,10968,10967,1
2020-05-27,15:17:57.268000,10967,10968,10967,1
2020-05-27,15:17:59.338000,10967,10968,10968,1
2020-05-27,15:17:59.693000,10967,10968,10968,2
2020-05-27,15:18:00.336000,10967,10968,10968,1
2020-05-27,15:18:06.911000,10967,10968,10967,1
2020-05-27,15:18:07.476000,10967,10968,10967,1
2020-05-27,15:18:07.500000,10967,10968,10967,1
2020-05-27,15:18:08.338000,10967,10968,10967,1
2020-05-27,15:18:12.413000,10967,10968,10967,1
2020-05-27,15:18:15.564000,10967,10968,10967,6
2020-05-27,15:18:20.996000,10967,10968,10968,3
2020-05-27,15:18:21.290000,10968,10969,10969,1
2020-05-27,15:18:31.527000,10968,10969,10969,1
2020-05-27,15:18:32.192000,10968,10969,10969,1
2020-05-27,15:18:34.177000,10968,10969,10969,2
2020-05-27,15:18:47.849000,10969,10970,10970,1
2020-05-27,15:19:02.490000,10969,10970,10969,3
2020-05-27,15:19:06.165000,10969,10970,10967,5
2020-05-27,15:19:06.165000,10969,10970,10967,2
2020-05-27,15:19:06.166000,10969,10970,10967,1
2020-05-27,15:19:06.166000,10969,10970,10967,1
2020-05-27,15:19:06.167000,10969,10970,10967,1
2020-05-27,15:19:06.167000,10969,10970,10967,1
2020-05-27,15:19:06.168000,10969,10970,10967,8
2020-05-27,15:19:06.170000,10969,10970,10967,1
2020-05-27,15:19:06.170000,10969,10970,10966,11
2020-05-27,15:19:06.163000,10965,10967,10969,2
2020-05-27,15:19:06.164000,10965,10967,10968,2
2020-05-27,15:19:06.164000,10965,10967,10968,2
2020-05-27,15:19:06.164000,10965,10967,10968,13
2020-05-27,15:19:06.164000,10965,10967,10967,2
2020-05-27,15:19:06.165000,10965,10967,10967,2
2020-05-27,15:19:06.166000,10965,10967,10967,2
2020-05-27,15:19:06.167000,10965,10967,10967,1
2020-05-27,15:19:06.167000,10965,10967,10967,1
2020-05-27,15:19:06.168000,10965,10967,10967,8
2020-05-27,15:19:06.172000,10965,10967,10965,1
2020-05-27,15:19:06.172000,10965,10967,10965,2
2020-05-27,15:19:06.173000,10965,10967,10965,5
2020-05-27,15:19:06.188000,10965,10967,10965,9
2020-05-27,15:19:06.188000,10965,10967,10965,1
2020-05-27,15:19:06.188000,10965,10967,10965,2
2020-05-27,15:19:06.188000,10965,10967,10965,17
2020-05-27,15:19:06.188000,10965,10967,10965,4
2020-05-27,15:19:06.188000,10965,10967,10965,3
2020-05-27,15:19:06.194000,10965,10967,10964,1
2020-05-27,15:19:06.202000,10965,10967,10964,8
2020-05-27,15:19:06.202000,10965,10967,10964,9
2020-05-27,15:19:06.219000,10965,10967,10964,21
2020-05-27,15:19:06.229000,10965,10967,10963,14
2020-05-27,15:19:06.291000,10965,10967,10962,3
2020-05-27,15:19:06.293000,10965,10967,10962,2
2020-05-27,15:19:06.293000,10965,10967,10962,3
2020-05-27,15:19:06.294000,10965,10967,10962,1
2020-05-27,15:19:06.294000,10965,10967,10962,4
2020-05-27,15:19:06.294000,10965,10967,10962,1
2020-05-27,15:19:06.343000,10961,10962,10961,16
2020-05-27,15:19:06.343000,10961,10962,10961,2
2020-05-27,15:19:06.343000,10961,10962,10961,4
2020-05-27,15:19:06.343000,10961,10962,10961,2
2020-05-27,15:19:06.365000,10961,10962,10961,2
2020-05-27,15:19:06.365000,10961,10962,10961,1
2020-05-27,15:19:06.366000,10961,10962,10961,2
2020-05-27,15:19:06.366000,10961,10962,10961,2
2020-05-27,15:19:06.368000,10961,10962,10961,2
2020-05-27,15:19:06.414000,10961,10962,10961,1
2020-05-27,15:19:06.421000,10961,10962,10961,2
2020-05-27,15:19:06.464000,10961,10962,10961,1
2020-05-27,15:19:06.499000,10961,10962,10961,2
2020-05-27,15:19:06.529000,10961,10962,10961,1
2020-05-27,15:19:06.652000,10961,10962,10961,2
2020-05-27,15:19:06.805000,10961,10962,10961,2
2020-05-27,15:19:06.858000,10961,10962,10961,3
2020-05-27,15:19:06.862000,10961,10962,10961,1
2020-05-27,15:19:06.983000,10961,10962,10961,1
2020-05-27,15:19:07.174000,10961,10962,10961,3
2020-05-27,15:19:07.439000,10960,10961,10960,2
2020-05-27,15:19:07.682000,10960,10961,10961,1
2020-05-27,15:19:07.682000,10960,10961,10961,4
2020-05-27,15:19:07.682000,10960,10961,10961,1
2020-05-27,15:19:07.683000,10960,10961,10961,2
2020-05-27,15:19:07.687000,10960,10961,10961,4
2020-05-27,15:19:07.687000,10960,10961,10961,1
2020-05-27,15:19:07.688000,10960,10961,10961,2
2020-05-27,15:19:07.884000,10960,10962,10962,2
2020-05-27,15:19:07.886000,10960,10962,10962,3
2020-05-27,15:19:07.886000,10960,10962,10962,1
2020-05-27,15:19:08.164000,10961,10963,10963,2
2020-05-27,15:19:08.165000,10961,10963,10963,2
2020-05-27,15:19:08.186000,10962,10964,10964,1
2020-05-27,15:19:08.546000,10965,10966,10965,1
2020-05-27,15:19:08.698000,10964,10966,10964,1
2020-05-27,15:19:11.519000,10964,10965,10965,1
2020-05-27,15:19:11.519000,10964,10965,10965,1
2020-05-27,15:19:11.522000,10964,10965,10965,2
2020-05-27,15:19:12.800000,10965,10966,10965,1
2020-05-27,15:19:12.878000,10965,10966,10965,2
2020-05-27,15:19:14.931000,10965,10966,10965,2
2020-05-27,15:19:16.065000,10964,10965,10965,1
2020-05-27,15:19:16.182000,10964,10965,10965,1
2020-05-27,15:19:16.297000,10964,10965,10964,2
2020-05-27,15:19:16.297000,10964,10965,10964,4
2020-05-27,15:19:16.298000,10964,10965,10964,1
2020-05-27,15:19:16.579000,10963,10965,10964,4
2020-05-27,15:19:17.152000,10964,10965,10964,1
2020-05-27,15:19:17.543000,10964,10965,10964,1
2020-05-27,15:19:17.555000,10964,10965,10964,1
2020-05-27,15:19:18.437000,10964,10965,10965,2
2020-05-27,15:19:18.438000,10964,10965,10965,2
2020-05-27,15:19:18.666000,10965,10966,10965,1
2020-05-27,15:19:18.804000,10965,10966,10965,1
2020-05-27,15:19:18.809000,10965,10966,10965,1
2020-05-27,15:19:19.464000,10965,10966,10966,1
2020-05-27,15:19:19.855000,10965,10966,10965,1
2020-05-27,15:19:21.217000,10965,10966,10965,1
2020-05-27,15:19:21.838000,10964,10966,10964,1
2020-05-27,15:19:22.205000,10965,10966,10965,1
2020-05-27,15:19:23.940000,10964,10965,10965,4
2020-05-27,15:19:23.941000,10964,10965,10966,4
2020-05-27,15:19:25.885000,10967,10968,10967,1
2020-05-27,15:19:25.885000,10967,10968,10966,2
2020-05-27,15:19:27.697000,10966,10967,10966,6
2020-05-27,15:19:28.117000,10965,10967,10967,1
2020-05-27,15:19:28.630000,10965,10966,10966,1
2020-05-27,15:19:28.806000,10965,10966,10966,2
2020-05-27,15:19:30.009000,10964,10966,10964,9
2020-05-27,15:19:30.009000,10964,10966,10963,1
2020-05-27,15:19:30.011000,10964,10966,10964,2
2020-05-27,15:19:30.680000,10964,10965,10965,1
2020-05-27,15:19:31.159000,10964,10965,10964,1
2020-05-27,15:19:32.171000,10964,10965,10965,1
2020-05-27,15:19:32.171000,10964,10965,10965,1
2020-05-27,15:19:32.371000,10965,10966,10964,2
2020-05-27,15:19:33.524000,10964,10965,10964,1
2020-05-27,15:19:36.435000,10964,10965,10964,1
2020-05-27,15:19:37.225000,10963,10964,10964,1
2020-05-27,15:19:38.717000,10963,10965,10963,1
2020-05-27,15:19:39.997000,10963,10965,10963,1
2020-05-27,15:19:40.298000,10963,10965,10963,1
2020-05-27,15:19:40.525000,10963,10965,10965,5
2020-05-27,15:19:40.634000,10965,10966,10965,1
2020-05-27,15:19:41.421000,10964,10965,10964,5
2020-05-27,15:19:41.556000,10963,10965,10963,13
2020-05-27,15:19:41.556000,10963,10965,10962,7
2020-05-27,15:19:41.683000,10962,10963,10963,1
2020-05-27,15:19:46.181000,10963,10964,10963,1
2020-05-27,15:19:46.181000,10963,10964,10963,1
2020-05-27,15:19:46.181000,10963,10964,10963,1
2020-05-27,15:19:46.228000,10963,10964,10963,2
2020-05-27,15:19:47.415000,10963,10965,10963,2
2020-05-27,15:19:51.940000,10963,10964,10964,2
2020-05-27,15:19:51.961000,10963,10964,10964,1
2020-05-27,15:19:52.411000,10964,10965,10964,1
2020-05-27,15:19:54.705000,10963,10964,10963,3
2020-05-27,15:19:54.705000,10963,10964,10962,15
2020-05-27,15:19:54.705000,10963,10964,10961,2
2020-05-27,15:19:58.229000,10962,10963,10963,3
2020-05-27,15:19:58.587000,10962,10964,10962,1
2020-05-27,15:19:58.746000,10963,10964,10964,1
2020-05-27,15:19:58.776000,10963,10964,10964,2
2020-05-27,15:19:59.316000,10964,10965,10964,1
2020-05-27,15:19:59.404000,10964,10965,10963,1
2020-05-27,15:19:59.530000,10963,10965,10964,1
2020-05-27,15:19:59.530000,10963,10965,10964,1
2020-05-27,15:19:59.795000,10963,10964,10964,1
2020-05-27,15:20:00.349000,10963,10964,10963,1
2020-05-27,15:20:00.721000,10963,10964,10964,2
2020-05-27,15:20:00.721000,10963,10964,10965,2
2020-05-27,15:20:01.216000,10963,10965,10963,2
2020-05-27,15:20:02.291000,10963,10965,10963,1
2020-05-27,15:20:05.509000,10964,10965,10964,1
2020-05-27,15:20:06.152000,10963,10964,10963,1
2020-05-27,15:20:06.310000,10961,10963,10961,1
2020-05-27,15:20:07.741000,10962,10963,10962,1
2020-05-27,15:20:09.853000,10962,10964,10964,1
2020-05-27,15:20:11.931000,10962,10964,10964,1
2020-05-27,15:20:16.323000,10963,10964,10963,2
2020-05-27,15:20:17.112000,10963,10964,10964,1
2020-05-27,15:20:17.112000,10963,10964,10964,1
2020-05-27,15:20:18.676000,10963,10965,10963,1
2020-05-27,15:20:19.846000,10963,10964,10963,1
2020-05-27,15:20:21.497000,10963,10964,10964,2
2020-05-27,15:20:21.497000,10963,10964,10965,13
2020-05-27,15:20:21.498000,10963,10964,10965,2
2020-05-27,15:20:21.498000,10963,10964,10965,1
2020-05-27,15:20:21.502000,10963,10964,10966,2
2020-05-27,15:20:21.508000,10963,10964,10966,1
2020-05-27,15:20:21.511000,10963,10964,10966,1
2020-05-27,15:20:21.539000,10963,10964,10966,2
2020-05-27,15:20:21.539000,10963,10964,10966,2
2020-05-27,15:20:21.541000,10963,10964,10966,2
2020-05-27,15:20:21.541000,10963,10964,10966,3
2020-05-27,15:20:21.547000,10966,10967,10967,3
2020-05-27,15:20:21.548000,10966,10967,10967,1
2020-05-27,15:20:21.548000,10966,10967,10968,1
2020-05-27,15:20:21.548000,10966,10967,10968,3
2020-05-27,15:20:21.921000,10967,10968,10967,1
2020-05-27,15:20:29.552000,10965,10966,10966,1
2020-05-27,15:20:40.580000,10964,10965,10965,1
2020-05-27,15:20:41.469000,10965,10966,10965,1
2020-05-27,15:20:51.440000,10965,10966,10965,2
2020-05-27,15:20:51.440000,10965,10966,10965,2
2020-05-27,15:20:55.888000,10964,10965,10965,1
2020-05-27,15:20:59.091000,10964,10965,10965,1
2020-05-27,15:21:02.899000,10965,10966,10965,1
2020-05-27,15:21:03.742000,10964,10966,10964,20
2020-05-27,15:21:07.929000,10964,10965,10964,1
2020-05-27,15:21:10.662000,10964,10965,10964,1
2020-05-27,15:21:13.486000,10964,10965,10964,2
2020-05-27,15:21:19.216000,10964,10965,10965,1
2020-05-27,15:21:24.884000,10964,10965,10965,1
2020-05-27,15:21:28.377000,10964,10965,10965,2
2020-05-27,15:21:34.320000,10964,10965,10965,1
2020-05-27,15:21:36.301000,10964,10965,10965,1
2020-05-27,15:21:41.527000,10964,10965,10965,1
2020-05-27,15:21:41.796000,10964,10965,10965,2
2020-05-27,15:21:45.887000,10964,10965,10964,14
2020-05-27,15:21:46.472000,10963,10964,10964,13
2020-05-27,15:21:46.893000,10964,10965,10965,1
2020-05-27,15:21:47.401000,10964,10965,10964,10
2020-05-27,15:21:50.106000,10964,10965,10964,3
2020-05-27,15:21:50.106000,10964,10965,10963,20
2020-05-27,15:21:50.109000,10964,10965,10964,1
2020-05-27,15:21:50.130000,10964,10965,10964,1
2020-05-27,15:21:53.689000,10964,10965,10964,2
2020-05-27,15:21:53.691000,10964,10965,10964,2
2020-05-27,15:21:53.923000,10963,10965,10964,1
2020-05-27,15:21:59.714000,10964,10965,10964,1
2020-05-27,15:22:00.431000,10964,10965,10964,1
2020-05-27,15:22:00.735000,10963,10965,10963,2
2020-05-27,15:22:03.890000,10963,10964,10963,1
2020-05-27,15:22:04.451000,10963,10964,10964,1
2020-05-27,15:22:17.810000,10963,10964,10963,1
2020-05-27,15:22:17.820000,10963,10964,10964,1
2020-05-27,15:22:35.886000,10963,10964,10964,1
2020-05-27,15:22:46.345000,10963,10964,10964,1
2020-05-27,15:22:47.824000,10963,10964,10964,2
2020-05-27,15:22:50.438000,10963,10964,10964,2
2020-05-27,15:22:54.468000,10963,10964,10964,2
2020-05-27,15:22:54.798000,10963,10964,10964,2
2020-05-27,15:22:56.726000,10963,10964,10964,1
2020-05-27,15:22:57.171000,10963,10964,10964,5
2020-05-27,15:22:59.391000,10963,10965,10963,1
2020-05-27,15:22:59.806000,10963,10965,10963,1
2020-05-27,15:23:14.103000,10964,10965,10965,1
2020-05-27,15:23:22.140000,10964,10965,10964,4
2020-05-27,15:23:22.317000,10964,10965,10964,4
2020-05-27,15:23:30.276000,10963,10964,10964,1
2020-05-27,15:23:35.391000,10963,10964,10963,2
2020-05-27,15:23:35.391000,10963,10964,10963,4
2020-05-27,15:23:35.392000,10963,10964,10963,1
2020-05-27,15:23:36.041000,10963,10964,10964,1
2020-05-27,15:23:43.312000,10963,10964,10964,7
2020-05-27,15:24:02.537000,10964,10965,10964,5
2020-05-27,15:24:02.725000,10964,10965,10964,1
2020-05-27,15:24:03.365000,10963,10964,10964,1
2020-05-27,15:24:06.274000,10964,10965,10964,2
2020-05-27,15:24:15.989000,10964,10965,10965,1
2020-05-27,15:24:16.167000,10964,10965,10965,1
2020-05-27,15:24:16.753000,10964,10965,10965,1
2020-05-27,15:24:19.468000,10964,10965,10964,2
2020-05-27,15:24:19.469000,10964,10965,10964,1
2020-05-27,15:24:19.469000,10964,10965,10964,1
2020-05-27,15:24:20.375000,10963,10964,10964,1
2020-05-27,15:24:24.921000,10963,10964,10964,1
2020-05-27,15:24:25.060000,10963,10964,10964,1
2020-05-27,15:24:25.851000,10963,10964,10964,1
2020-05-27,15:24:37.738000,10963,10964,10963,10
2020-05-27,15:24:39.359000,10963,10964,10964,3
2020-05-27,15:25:08.513000,10964,10965,10964,1
2020-05-27,15:25:12.734000,10964,10965,10964,4
2020-05-27,15:25:12.734000,10964,10965,10964,1
2020-05-27,15:25:15.755000,10963,10964,10963,1
2020-05-27,15:25:15.988000,10963,10964,10964,5
2020-05-27,15:25:19.683000,10964,10965,10964,1
2020-05-27,15:25:23.227000,10964,10965,10965,10
2020-05-27,15:25:29.115000,10964,10965,10965,1
2020-05-27,15:25:40.463000,10964,10965,10965,1
2020-05-27,15:25:42.333000,10965,10966,10965,1
2020-05-27,15:25:43.774000,10964,10965,10965,3
2020-05-27,15:25:43.775000,10964,10965,10965,1
2020-05-27,15:25:44.791000,10965,10966,10965,1
2020-05-27,15:25:46.549000,10964,10965,10965,1
2020-05-27,15:25:46.666000,10964,10965,10964,4
2020-05-27,15:25:48.192000,10963,10964,10964,1
2020-05-27,15:25:59.251000,10964,10965,10965,14
2020-05-27,15:26:00.622000,10965,10966,10966,9
2020-05-27,15:26:10.673000,10965,10966,10966,2
2020-05-27,15:26:11.357000,10966,10967,10966,3
2020-05-27,15:26:15.752000,10966,10967,10967,1
2020-05-27,15:26:17.582000,10966,10967,10967,1
2020-05-27,15:26:20.614000,10966,10967,10967,1
2020-05-27,15:26:22.361000,10966,10967,10967,2
2020-05-27,15:26:22.431000,10966,10967,10967,2
2020-05-27,15:26:26.490000,10967,10968,10967,1
2020-05-27,15:26:26.731000,10967,10968,10968,1
2020-05-27,15:26:27.883000,10967,10968,10967,2
2020-05-27,15:26:28.445000,10966,10967,10967,1
2020-05-27,15:26:30.397000,10966,10967,10967,1
2020-05-27,15:26:38.920000,10966,10967,10967,1
2020-05-27,15:26:39.811000,10966,10967,10967,1
2020-05-27,15:27:04.289000,10966,10967,10967,1
2020-05-27,15:27:06.695000,10966,10967,10967,2
2020-05-27,15:27:08.858000,10967,10968,10967,1
2020-05-27,15:27:11.095000,10967,10968,10968,1
2020-05-27,15:27:23.715000,10967,10968,10968,1
2020-05-27,15:27:27.412000,10967,10968,10968,1
2020-05-27,15:27:37.561000,10967,10968,10968,5
2020-05-27,15:27:41.976000,10968,10969,10969,8
2020-05-27,15:27:48.090000,10968,10969,10969,1
2020-05-27,15:27:51.391000,10969,10970,10970,8
2020-05-27,15:27:51.501000,10970,10971,10971,2
2020-05-27,15:27:55.598000,10970,10971,10970,1
2020-05-27,15:27:59.499000,10970,10971,10971,1
2020-05-27,15:28:02.296000,10970,10971,10971,6
2020-05-27,15:28:02.488000,10970,10971,10971,1
2020-05-27,15:28:02.894000,10971,10972,10971,1
2020-05-27,15:28:03.321000,10971,10972,10971,1
2020-05-27,15:28:04.634000,10970,10971,10971,1
2020-05-27,15:28:05.285000,10971,10972,10971,1
2020-05-27,15:28:15.298000,10970,10971,10971,2
2020-05-27,15:28:15.299000,10970,10971,10971,1
2020-05-27,15:28:22.191000,10970,10971,10971,1
2020-05-27,15:28:23.090000,10971,10972,10972,1
2020-05-27,15:28:23.288000,10971,10972,10972,1
2020-05-27,15:28:30.850000,10971,10972,10972,3
2020-05-27,15:28:30.850000,10971,10972,10972,3
2020-05-27,15:28:37.323000,10972,10973,10972,1
2020-05-27,15:28:41.239000,10971,10973,10973,1
2020-05-27,15:28:43.940000,10971,10972,10972,1
2020-05-27,15:28:48.485000,10972,10973,10972,1
2020-05-27,15:28:59.409000,10971,10972,10972,1
2020-05-27,15:29:00.046000,10971,10972,10971,5
2020-05-27,15:29:04.500000,10970,10971,10971,1
2020-05-27,15:29:05.717000,10971,10972,10971,1
2020-05-27,15:29:09.290000,10971,10972,10971,1
2020-05-27,15:29:10.292000,10971,10972,10971,1
2020-05-27,15:29:18.871000,10971,10972,10972,1
2020-05-27,15:29:27.530000,10971,10972,10971,1
2020-05-27,15:29:42.404000,10971,10972,10971,2
2020-05-27,15:29:45.127000,10971,10972,10971,1
2020-05-27,15:29:49.019000,10971,10972,10972,1
2020-05-27,15:29:54.591000,10971,10972,10972,1
2020-05-27,15:29:54.591000,10971,10972,10972,1
2020-05-27,15:29:54.604000,10971,10972,10972,3
2020-05-27,15:29:55.681000,10972,10973,10973,8
2020-05-27,15:29:57.789000,10973,10974,10973,4
2020-05-27,15:29:58.857000,10973,10974,10974,1
2020-05-27,15:30:01.308000,10973,10974,10974,1
2020-05-27,15:30:02.134000,10973,10974,10974,1
2020-05-27,15:30:02.145000,10973,10974,10974,1
2020-05-27,15:30:02.607000,10973,10974,10974,1
2020-05-27,15:30:03.328000,10973,10974,10974,1
2020-05-27,15:30:05.173000,10973,10974,10974,1
2020-05-27,15:30:07.712000,10973,10974,10973,3
2020-05-27,15:30:13.239000,10973,10974,10973,1
2020-05-27,15:30:18.387000,10973,10974,10973,4
2020-05-27,15:30:30.347000,10972,10973,10972,1
2020-05-27,15:30:38.496000,10971,10972,10971,1
2020-05-27,15:30:40.357000,10971,10972,10971,2
2020-05-27,15:30:40.693000,10970,10971,10970,1
2020-05-27,15:30:47.404000,10970,10972,10970,3
2020-05-27,15:30:48.780000,10970,10972,10972,1
2020-05-27,15:30:51.001000,10971,10973,10971,1
2020-05-27,15:30:52.901000,10971,10972,10972,1
2020-05-27,15:30:55.997000,10972,10973,10973,3
2020-05-27,15:30:55.998000,10972,10973,10973,2
2020-05-27,15:30:56.391000,10973,10974,10973,1
2020-05-27,15:30:56.508000,10973,10974,10973,1
2020-05-27,15:30:57.201000,10973,10974,10973,2
2020-05-27,15:30:57.201000,10973,10974,10973,2
2020-05-27,15:31:03.474000,10972,10973,10973,4
2020-05-27,15:31:03.474000,10972,10973,10973,2
2020-05-27,15:31:05.367000,10973,10974,10974,5
2020-05-27,15:31:05.367000,10973,10974,10974,12
2020-05-27,15:31:07.016000,10973,10975,10973,1
2020-05-27,15:31:11.191000,10973,10974,10973,2
2020-05-27,15:31:23.341000,10973,10974,10973,4
2020-05-27,15:31:23.341000,10973,10974,10973,3
2020-05-27,15:31:24.692000,10972,10973,10972,1
2020-05-27,15:31:26.986000,10972,10973,10972,1
2020-05-27,15:31:29.482000,10971,10972,10971,2
2020-05-27,15:31:29.482000,10971,10972,10971,1
2020-05-27,15:31:54.389000,10971,10972,10972,1
2020-05-27,15:31:55.189000,10971,10972,10972,2
2020-05-27,15:31:57.522000,10972,10973,10973,1
2020-05-27,15:31:59.606000,10972,10973,10972,1
2020-05-27,15:31:59.606000,10972,10973,10972,1
2020-05-27,15:32:01.787000,10971,10972,10972,8
2020-05-27,15:32:02.011000,10972,10973,10973,2
2020-05-27,15:32:04.918000,10972,10973,10973,3
2020-05-27,15:32:04.918000,10972,10973,10973,2
2020-05-27,15:32:04.918000,10972,10973,10973,1
2020-05-27,15:32:06.645000,10972,10973,10973,1
2020-05-27,15:32:15.409000,10973,10974,10974,4
2020-05-27,15:32:17.511000,10973,10974,10974,4
2020-05-27,15:32:18.163000,10973,10974,10973,1
2020-05-27,15:32:29.076000,10973,10974,10973,1
2020-05-27,15:32:36.986000,10973,10974,10973,1
2020-05-27,15:32:37.146000,10973,10974,10974,14
2020-05-27,15:32:37.596000,10974,10975,10974,1
2020-05-27,15:32:37.597000,10974,10975,10974,2
2020-05-27,15:32:37.597000,10974,10975,10974,3
2020-05-27,15:32:37.597000,10974,10975,10974,2
2020-05-27,15:32:37.597000,10974,10975,10974,3
2020-05-27,15:32:40.432000,10972,10973,10973,1
2020-05-27,15:32:45.449000,10972,10973,10973,1
2020-05-27,15:33:03.387000,10972,10973,10973,1
2020-05-27,15:33:11.381000,10972,10973,10973,1
2020-05-27,15:33:19.089000,10972,10973,10972,3
2020-05-27,15:33:27.712000,10971,10972,10971,2
2020-05-27,15:33:30.399000,10971,10972,10971,2
2020-05-27,15:33:34.375000,10970,10971,10970,1
2020-05-27,15:33:45.457000,10970,10971,10971,1
2020-05-27,15:33:45.913000,10970,10971,10970,2
2020-05-27,15:33:51.962000,10970,10971,10970,15
2020-05-27,15:33:51.962000,10970,10971,10970,5
2020-05-27,15:33:52.191000,10969,10970,10970,1
2020-05-27,15:33:55.453000,10970,10971,10970,1
2020-05-27,15:33:57.968000,10970,10971,10971,1
2020-05-27,15:34:00.553000,10969,10971,10969,1
2020-05-27,15:34:11.900000,10969,10970,10970,2
2020-05-27,15:34:13.861000,10970,10971,10971,2
2020-05-27,15:34:13.861000,10970,10971,10971,1
2020-05-27,15:34:20.589000,10970,10972,10972,1
2020-05-27,15:34:26.238000,10970,10971,10971,1
2020-05-27,15:34:36.751000,10971,10972,10972,1
2020-05-27,15:34:40.611000,10971,10972,10972,3
2020-05-27,15:34:41.474000,10972,10973,10973,1
2020-05-27,15:34:41.474000,10972,10973,10973,5
2020-05-27,15:34:41.474000,10972,10973,10973,3
2020-05-27,15:34:41.474000,10972,10973,10973,3
2020-05-27,15:34:44.164000,10973,10974,10974,2
2020-05-27,15:34:44.164000,10973,10974,10974,3
2020-05-27,15:34:55.079000,10972,10974,10972,1
2020-05-27,15:34:57.309000,10972,10973,10973,1
2020-05-27,15:34:58.339000,10972,10973,10973,1
2020-05-27,15:34:59.146000,10972,10973,10973,1
2020-05-27,15:35:01.507000,10972,10973,10973,2
2020-05-27,15:35:02.458000,10972,10973,10972,1
2020-05-27,15:35:15.082000,10973,10974,10973,1
2020-05-27,15:35:35.878000,10972,10973,10972,1
2020-05-27,15:35:35.878000,10972,10973,10972,2
2020-05-27,15:36:01.281000,10971,10972,10971,2
2020-05-27,15:36:01.281000,10971,10972,10971,2
2020-05-27,15:36:03.098000,10970,10971,10970,1
2020-05-27,15:36:03.293000,10970,10971,10970,1
2020-05-27,15:36:04.216000,10969,10970,10970,1
2020-05-27,15:36:09.696000,10970,10971,10970,1
2020-05-27,15:36:14.487000,10970,10971,10971,1
2020-05-27,15:36:14.487000,10970,10971,10971,1
2020-05-27,15:36:16.814000,10971,10973,10971,1
2020-05-27,15:36:27.823000,10970,10972,10970,2
2020-05-27,15:36:40.775000,10970,10971,10971,1
2020-05-27,15:36:46.745000,10970,10971,10971,1
2020-05-27,15:36:46.745000,10970,10971,10971,2
2020-05-27,15:37:06.949000,10971,10972,10972,2
2020-05-27,15:37:06.949000,10971,10972,10972,1
2020-05-27,15:37:10.683000,10971,10973,10973,1
2020-05-27,15:37:12.246000,10972,10973,10973,1
2020-05-27,15:37:13.324000,10972,10973,10973,1
2020-05-27,15:37:17.548000,10971,10973,10971,1
2020-05-27,15:37:27.206000,10972,10973,10973,1
2020-05-27,15:37:27.207000,10972,10973,10973,1
2020-05-27,15:37:27.207000,10972,10973,10973,1
2020-05-27,15:37:27.207000,10972,10973,10973,8
2020-05-27,15:37:27.207000,10972,10973,10973,2
2020-05-27,15:37:45.534000,10973,10974,10973,2
2020-05-27,15:37:51.062000,10973,10974,10973,2
2020-05-27,15:37:53.224000,10973,10974,10973,1
2020-05-27,15:38:02.379000,10972,10974,10973,3
2020-05-27,15:38:16.505000,10973,10974,10973,1
2020-05-27,15:38:30.051000,10973,10974,10974,4
2020-05-27,15:38:30.052000,10973,10974,10974,5
2020-05-27,15:38:30.052000,10973,10974,10974,1
2020-05-27,15:38:30.052000,10973,10974,10974,5
2020-05-27,15:38:31.217000,10974,10975,10974,1
2020-05-27,15:38:42.590000,10974,10975,10975,1
2020-05-27,15:38:42.714000,10974,10975,10975,3
2020-05-27,15:38:42.785000,10974,10975,10975,1
2020-05-27,15:38:48.342000,10974,10975,10975,1
2020-05-27,15:38:49.868000,10974,10975,10975,1
2020-05-27,15:38:50.380000,10974,10975,10975,1
2020-05-27,15:38:51.757000,10974,10975,10975,3
2020-05-27,15:38:51.977000,10974,10975,10975,1
2020-05-27,15:38:52.347000,10974,10975,10975,4
2020-05-27,15:38:52.347000,10974,10975,10975,3
2020-05-27,15:38:52.348000,10974,10975,10975,3
2020-05-27,15:38:52.546000,10975,10976,10976,3
2020-05-27,15:38:54.553000,10975,10976,10976,2
2020-05-27,15:38:54.553000,10975,10976,10976,3
2020-05-27,15:38:54.553000,10975,10976,10976,4
2020-05-27,15:38:54.553000,10975,10976,10976,1
2020-05-27,15:38:59.644000,10976,10977,10977,1
2020-05-27,15:38:59.697000,10976,10977,10977,1
2020-05-27,15:38:59.815000,10976,10977,10977,1
2020-05-27,15:39:00.900000,10976,10977,10977,1
2020-05-27,15:39:00.987000,10976,10977,10977,6
2020-05-27,15:39:03.395000,10977,10978,10977,2
2020-05-27,15:39:04.469000,10976,10978,10978,1
2020-05-27,15:39:04.588000,10976,10978,10978,2
2020-05-27,15:39:05.382000,10977,10978,10978,12
2020-05-27,15:39:05.539000,10977,10978,10978,2
2020-05-27,15:39:05.539000,10977,10978,10978,1
2020-05-27,15:39:05.539000,10977,10978,10978,2
2020-05-27,15:39:06.095000,10978,10979,10979,13
2020-05-27,15:39:06.185000,10979,10980,10980,1
2020-05-27,15:39:06.189000,10979,10980,10980,1
2020-05-27,15:39:06.286000,10979,10980,10980,1
2020-05-27,15:39:06.348000,10979,10980,10980,1
2020-05-27,15:39:06.354000,10979,10980,10980,1
2020-05-27,15:39:06.397000,10979,10980,10980,1
2020-05-27,15:39:07.698000,10979,10980,10980,1
2020-05-27,15:39:07.877000,10979,10980,10979,4
2020-05-27,15:39:08.351000,10979,10980,10980,1
2020-05-27,15:39:09.521000,10979,10980,10980,1
2020-05-27,15:39:09.521000,10979,10980,10980,2
2020-05-27,15:39:09.521000,10979,10980,10980,2
2020-05-27,15:39:09.521000,10979,10980,10980,3
2020-05-27,15:39:09.522000,10979,10980,10980,5
2020-05-27,15:39:09.584000,10980,10981,10981,1
2020-05-27,15:39:09.739000,10980,10981,10981,1
2020-05-27,15:39:10.073000,10980,10981,10981,1
2020-05-27,15:39:10.518000,10980,10981,10981,1
2020-05-27,15:39:10.655000,10980,10982,10980,1
2020-05-27,15:39:11.889000,10980,10981,10980,1
2020-05-27,15:39:17.467000,10980,10981,10980,1
2020-05-27,15:39:18.505000,10980,10981,10981,1
2020-05-27,15:39:18.643000,10980,10981,10980,1
2020-05-27,15:39:19.969000,10980,10981,10980,1
2020-05-27,15:39:21.604000,10980,10981,10980,3
2020-05-27,15:39:23.268000,10980,10981,10980,1
2020-05-27,15:39:23.394000,10980,10981,10980,3
2020-05-27,15:39:23.394000,10980,10981,10980,1
2020-05-27,15:39:23.809000,10979,10980,10980,1
2020-05-27,15:39:26.279000,10979,10980,10980,1
2020-05-27,15:39:27.521000,10979,10980,10979,2
2020-05-27,15:39:27.521000,10979,10980,10979,2
2020-05-27,15:39:29.507000,10978,10979,10979,1
2020-05-27,15:39:31.156000,10978,10979,10978,1
2020-05-27,15:39:32.081000,10978,10979,10979,1
2020-05-27,15:39:32.965000,10978,10980,10978,1
2020-05-27,15:39:36.897000,10978,10979,10979,1
2020-05-27,15:39:39.031000,10979,10980,10980,1
2020-05-27,15:39:39.211000,10979,10980,10980,1
2020-05-27,15:39:39.470000,10979,10981,10981,1
2020-05-27,15:39:40.583000,10979,10981,10981,1
2020-05-27,15:39:41.165000,10979,10981,10981,1
2020-05-27,15:39:41.475000,10979,10981,10981,1
2020-05-27,15:39:42.723000,10979,10980,10980,1
2020-05-27,15:39:42.723000,10979,10980,10981,1
2020-05-27,15:39:44.273000,10980,10981,10981,2
2020-05-27,15:39:48.431000,10980,10981,10980,1
2020-05-27,15:39:52.723000,10980,10981,10980,1
2020-05-27,15:39:53.157000,10980,10981,10980,1
2020-05-27,15:39:54.331000,10980,10981,10980,1
2020-05-27,15:39:54.331000,10980,10981,10980,2
2020-05-27,15:39:54.374000,10980,10981,10980,1
2020-05-27,15:39:57.555000,10979,10980,10979,1
2020-05-27,15:39:57.555000,10979,10980,10979,6
2020-05-27,15:40:00.039000,10978,10979,10978,1
2020-05-27,15:40:00.886000,10978,10979,10979,1
2020-05-27,15:40:01.170000,10978,10979,10979,1
2020-05-27,15:40:02.239000,10979,10980,10980,1
2020-05-27,15:40:03.509000,10979,10980,10979,1
2020-05-27,15:40:04.104000,10979,10980,10979,1
2020-05-27,15:40:06.908000,10979,10980,10980,1
2020-05-27,15:40:07.244000,10979,10980,10979,1
2020-05-27,15:40:08.311000,10979,10980,10980,1
2020-05-27,15:40:09.752000,10979,10980,10979,1
2020-05-27,15:40:10.496000,10979,10980,10980,1
2020-05-27,15:40:23.746000,10979,10980,10980,1
2020-05-27,15:40:25.096000,10979,10980,10980,2
2020-05-27,15:40:27.194000,10979,10980,10979,1
2020-05-27,15:40:28,10979,10980,10980,1
2020-05-27,15:40:30.257000,10979,10980,10979,5
2020-05-27,15:40:38.741000,10978,10979,10979,2
2020-05-27,15:40:42.706000,10978,10979,10978,1
2020-05-27,15:40:45.665000,10978,10979,10978,1
2020-05-27,15:40:45.963000,10978,10979,10978,1
2020-05-27,15:40:47.923000,10978,10979,10978,2
2020-05-27,15:40:47.996000,10978,10979,10978,1
2020-05-27,15:40:48.914000,10978,10979,10978,1
2020-05-27,15:40:50.621000,10978,10979,10978,1
2020-05-27,15:40:54.074000,10978,10979,10979,2
2020-05-27,15:40:54.074000,10978,10979,10979,4
2020-05-27,15:40:59.009000,10979,10980,10980,1
2020-05-27,15:41:07.232000,10979,10980,10980,11
2020-05-27,15:41:07.232000,10979,10980,10980,6
2020-05-27,15:41:08.212000,10980,10981,10981,3
2020-05-27,15:41:08.212000,10980,10981,10981,1
2020-05-27,15:41:08.212000,10980,10981,10981,2
2020-05-27,15:41:08.212000,10980,10981,10981,4
2020-05-27,15:41:08.212000,10980,10981,10981,2
2020-05-27,15:41:08.212000,10980,10981,10981,1
2020-05-27,15:41:16.413000,10980,10981,10981,1
2020-05-27,15:41:17.099000,10980,10981,10981,1
2020-05-27,15:41:19.822000,10980,10981,10981,5
2020-05-27,15:41:19.822000,10980,10981,10981,1
2020-05-27,15:41:19.823000,10980,10981,10981,2
2020-05-27,15:41:19.858000,10980,10981,10981,2
2020-05-27,15:41:21.768000,10981,10982,10982,10
2020-05-27,15:41:21.832000,10981,10982,10982,2
2020-05-27,15:41:22.038000,10981,10982,10982,2
2020-05-27,15:41:26.464000,10981,10982,10982,1
2020-05-27,15:41:27.372000,10981,10982,10982,1
2020-05-27,15:41:30.189000,10981,10982,10982,1
2020-05-27,15:41:30.247000,10981,10982,10982,1
2020-05-27,15:41:31.438000,10981,10982,10982,1
2020-05-27,15:41:33.791000,10981,10982,10982,1
2020-05-27,15:41:35.303000,10981,10982,10982,1
2020-05-27,15:41:35.605000,10981,10982,10982,1
2020-05-27,15:41:36.482000,10981,10982,10982,1
2020-05-27,15:41:36.571000,10981,10982,10982,1
2020-05-27,15:41:36.735000,10981,10982,10981,1
2020-05-27,15:41:37.598000,10981,10982,10982,1
2020-05-27,15:41:37.993000,10981,10982,10982,1
2020-05-27,15:41:38.485000,10981,10982,10982,3
2020-05-27,15:41:38.688000,10981,10982,10982,1
2020-05-27,15:41:39.045000,10981,10983,10983,1
2020-05-27,15:41:39.072000,10981,10983,10983,1
2020-05-27,15:41:39.118000,10981,10983,10983,1
2020-05-27,15:41:39.853000,10981,10982,10981,1
2020-05-27,15:41:40.019000,10981,10982,10981,1
2020-05-27,15:41:41.054000,10981,10982,10981,7
2020-05-27,15:41:47.297000,10980,10981,10981,3
2020-05-27,15:41:50.430000,10980,10981,10981,1
2020-05-27,15:41:51.042000,10981,10982,10981,1
2020-05-27,15:41:52.984000,10981,10982,10981,2
2020-05-27,15:42:00.386000,10980,10981,10980,1
2020-05-27,15:42:09.438000,10980,10981,10981,2
2020-05-27,15:42:10.630000,10981,10982,10981,3
2020-05-27,15:42:10.963000,10980,10981,10981,2
2020-05-27,15:42:11.531000,10980,10981,10980,1
2020-05-27,15:42:12.378000,10980,10981,10980,2
2020-05-27,15:42:15.563000,10980,10981,10981,1
2020-05-27,15:42:18.849000,10980,10981,10980,1
2020-05-27,15:42:21.928000,10980,10981,10980,2
2020-05-27,15:42:21.928000,10980,10981,10980,3
2020-05-27,15:42:26.386000,10980,10981,10980,2
2020-05-27,15:42:26.386000,10980,10981,10980,1
2020-05-27,15:42:27.041000,10979,10980,10980,3
2020-05-27,15:42:29.373000,10979,10980,10980,1
2020-05-27,15:42:40.604000,10979,10980,10979,1
2020-05-27,15:42:47.639000,10979,10980,10979,1
2020-05-27,15:42:54.922000,10979,10980,10979,1
2020-05-27,15:42:55.814000,10979,10980,10979,1
2020-05-27,15:42:55.913000,10979,10980,10979,2
2020-05-27,15:42:56.419000,10979,10980,10979,1
2020-05-27,15:42:58.388000,10979,10980,10980,2
2020-05-27,15:43:29.666000,10979,10980,10979,1
2020-05-27,15:43:30.619000,10979,10980,10979,1
2020-05-27,15:43:36.961000,10979,10980,10979,1
2020-05-27,15:43:47.775000,10979,10980,10979,1
2020-05-27,15:43:54.865000,10979,10980,10979,1
2020-05-27,15:43:56.703000,10979,10980,10979,1
2020-05-27,15:43:58.047000,10979,10980,10979,1
2020-05-27,15:44:02.288000,10979,10980,10979,1
2020-05-27,15:44:02.288000,10979,10980,10979,1
2020-05-27,15:44:02.288000,10979,10980,10979,1
2020-05-27,15:44:02.288000,10979,10980,10979,2
2020-05-27,15:44:03.750000,10978,10979,10979,1
2020-05-27,15:44:18.872000,10978,10979,10978,1
2020-05-27,15:44:19.171000,10978,10979,10978,1
2020-05-27,15:44:19.889000,10978,10979,10978,1
2020-05-27,15:44:21.547000,10978,10979,10978,1
2020-05-27,15:44:22.749000,10978,10979,10978,1
2020-05-27,15:44:23.758000,10977,10978,10978,1
2020-05-27,15:44:30.736000,10977,10978,10978,2
2020-05-27,15:44:30.736000,10977,10978,10978,4
2020-05-27,15:44:30.736000,10977,10978,10978,1
2020-05-27,15:44:30.736000,10977,10978,10978,4
2020-05-27,15:44:30.835000,10978,10979,10979,3
2020-05-27,15:44:31.873000,10978,10980,10978,1
2020-05-27,15:44:42.923000,10978,10980,10980,2
2020-05-27,15:44:42.944000,10978,10980,10980,1
2020-05-27,15:44:42.956000,10978,10980,10980,1
2020-05-27,15:44:43.116000,10979,10980,10980,2
2020-05-27,15:44:43.240000,10979,10980,10980,2
2020-05-27,15:44:44.638000,10979,10980,10979,2
2020-05-27,15:44:46.346000,10978,10979,10979,1
2020-05-27,15:44:51.229000,10978,10979,10979,1
2020-05-27,15:44:53.826000,10978,10979,10978,2
2020-05-27,15:44:53.826000,10978,10979,10978,2
2020-05-27,15:44:57.882000,10977,10978,10978,2
2020-05-27,15:45:02.185000,10978,10979,10979,2
2020-05-27,15:45:02.946000,10978,10979,10979,1
2020-05-27,15:45:02.946000,10978,10979,10980,1
2020-05-27,15:45:17.980000,10978,10979,10978,1
2020-05-27,15:45:19.608000,10978,10979,10979,1
2020-05-27,15:45:32.090000,10978,10979,10979,1
2020-05-27,15:45:32.631000,10978,10980,10978,1
2020-05-27,15:45:33.399000,10978,10979,10979,1
2020-05-27,15:45:40.969000,10979,10980,10980,2
2020-05-27,15:45:40.969000,10979,10980,10980,7
2020-05-27,15:45:40.970000,10979,10980,10980,15
2020-05-27,15:45:48.357000,10980,10981,10980,1
2020-05-27,15:46:02.393000,10980,10981,10981,2
2020-05-27,15:46:03.842000,10980,10981,10981,2
2020-05-27,15:46:03.842000,10980,10981,10981,1
2020-05-27,15:46:03.843000,10980,10981,10981,3
2020-05-27,15:46:03.843000,10980,10981,10981,2
2020-05-27,15:46:03.843000,10980,10981,10981,1
2020-05-27,15:46:03.843000,10980,10981,10981,1
2020-05-27,15:46:03.843000,10980,10981,10981,4
2020-05-27,15:46:03.843000,10980,10981,10981,1
2020-05-27,15:46:03.843000,10980,10981,10981,2
2020-05-27,15:46:03.843000,10980,10981,10981,1
2020-05-27,15:46:03.843000,10980,10981,10981,2
2020-05-27,15:46:03.843000,10980,10981,10981,5
2020-05-27,15:46:06.405000,10981,10982,10981,1
2020-05-27,15:46:07.172000,10981,10982,10981,1
2020-05-27,15:46:09.285000,10980,10981,10980,2
2020-05-27,15:46:10.437000,10980,10981,10981,1
2020-05-27,15:46:11.734000,10980,10981,10981,2
2020-05-27,15:46:19.204000,10980,10981,10981,1
2020-05-27,15:46:23.028000,10980,10981,10981,1
2020-05-27,15:46:39.210000,10980,10981,10980,2
2020-05-27,15:47:03.805000,10980,10981,10980,2
2020-05-27,15:47:34.350000,10980,10981,10980,1
2020-05-27,15:47:34.350000,10980,10981,10980,6
2020-05-27,15:47:35.725000,10979,10981,10981,1
2020-05-27,15:47:38.125000,10980,10981,10981,1
2020-05-27,15:47:45.962000,10980,10981,10981,1
2020-05-27,15:47:46.239000,10980,10981,10980,2
2020-05-27,15:47:46.378000,10980,10981,10981,1
2020-05-27,15:47:49.879000,10980,10981,10981,1
2020-05-27,15:47:50.964000,10980,10981,10981,2
2020-05-27,15:47:53.976000,10980,10981,10980,1
2020-05-27,15:48:01.377000,10980,10981,10981,3
2020-05-27,15:48:01.378000,10980,10981,10981,1
2020-05-27,15:48:01.378000,10980,10981,10981,1
2020-05-27,15:48:01.378000,10980,10981,10981,4
2020-05-27,15:48:01.378000,10980,10981,10981,2
2020-05-27,15:48:01.378000,10980,10981,10981,1
2020-05-27,15:48:01.623000,10981,10982,10982,1
2020-05-27,15:48:01.628000,10981,10982,10982,1
2020-05-27,15:48:01.628000,10981,10982,10982,1
2020-05-27,15:48:01.633000,10981,10982,10982,1
2020-05-27,15:48:01.634000,10981,10982,10982,1
2020-05-27,15:48:01.634000,10981,10982,10982,2
2020-05-27,15:48:06.654000,10981,10982,10982,2
2020-05-27,15:48:06.654000,10981,10982,10982,1
2020-05-27,15:48:06.655000,10981,10982,10982,1
2020-05-27,15:48:06.834000,10982,10983,10983,1
2020-05-27,15:48:06.836000,10982,10983,10983,1
2020-05-27,15:48:06.838000,10982,10983,10983,1
2020-05-27,15:48:06.844000,10982,10983,10983,4
2020-05-27,15:48:06.955000,10982,10983,10983,1
2020-05-27,15:48:07.209000,10982,10983,10982,1
2020-05-27,15:48:07.260000,10982,10983,10982,5
2020-05-27,15:48:07.408000,10982,10983,10982,2
2020-05-27,15:48:07.408000,10982,10983,10982,1
2020-05-27,15:48:07.411000,10982,10983,10982,1
2020-05-27,15:48:07.411000,10982,10983,10982,1
2020-05-27,15:48:07.703000,10981,10983,10983,1
2020-05-27,15:48:11.626000,10982,10983,10983,2
2020-05-27,15:48:11.707000,10982,10983,10983,5
2020-05-27,15:48:12.290000,10982,10983,10983,1
2020-05-27,15:48:14.004000,10982,10983,10983,2
2020-05-27,15:48:15.121000,10982,10983,10983,1
2020-05-27,15:48:15.374000,10982,10983,10983,2
2020-05-27,15:48:15.628000,10982,10983,10983,1
2020-05-27,15:48:16.762000,10982,10983,10982,1
2020-05-27,15:48:18.660000,10981,10982,10981,2
2020-05-27,15:48:18.674000,10981,10982,10981,2
2020-05-27,15:48:19.956000,10981,10982,10982,1
2020-05-27,15:48:21.346000,10981,10982,10982,1
2020-05-27,15:48:23.287000,10980,10982,10982,1
2020-05-27,15:48:37.217000,10980,10981,10980,5
2020-05-27,15:48:37.384000,10980,10981,10980,1
2020-05-27,15:48:41.240000,10980,10981,10981,1
2020-05-27,15:48:41.986000,10980,10981,10980,1
2020-05-27,15:48:41.986000,10980,10981,10980,1
2020-05-27,15:48:41.986000,10980,10981,10980,2
2020-05-27,15:48:45.947000,10979,10980,10979,1
2020-05-27,15:48:46.412000,10978,10979,10979,1
2020-05-27,15:48:46.963000,10978,10979,10979,1
2020-05-27,15:48:48.710000,10978,10979,10978,1
2020-05-27,15:48:56.376000,10978,10980,10978,1
2020-05-27,15:49:00.454000,10979,10980,10979,1
2020-05-27,15:49:04.609000,10979,10980,10979,1
2020-05-27,15:49:22.047000,10978,10979,10979,1
2020-05-27,15:49:24.596000,10978,10979,10979,1
2020-05-27,15:49:33.329000,10978,10979,10979,1
2020-05-27,15:49:40.772000,10978,10979,10979,1
2020-05-27,15:49:45.364000,10978,10979,10978,1
2020-05-27,15:49:46.224000,10978,10979,10979,1
2020-05-27,15:49:46.859000,10978,10979,10979,1
2020-05-27,15:49:52.466000,10978,10979,10978,1
2020-05-27,15:50:02.217000,10978,10979,10979,4
2020-05-27,15:50:02.499000,10978,10979,10978,4
2020-05-27,15:50:02.738000,10978,10979,10978,1
2020-05-27,15:50:03.206000,10978,10979,10978,1
2020-05-27,15:50:04.956000,10978,10979,10979,1
2020-05-27,15:50:05.357000,10978,10979,10978,1
2020-05-27,15:50:06.043000,10978,10979,10978,1
2020-05-27,15:50:21.254000,10977,10978,10977,7
2020-05-27,15:50:21.505000,10976,10977,10976,1
2020-05-27,15:50:21.565000,10976,10977,10976,1
2020-05-27,15:50:25.421000,10976,10977,10976,1
2020-05-27,15:50:26.851000,10976,10977,10977,1
2020-05-27,15:50:30.914000,10977,10978,10977,1
2020-05-27,15:50:32.846000,10977,10978,10977,2
2020-05-27,15:50:37.034000,10977,10978,10977,1
2020-05-27,15:50:39.532000,10977,10978,10977,2
2020-05-27,15:50:41.822000,10977,10978,10977,1
2020-05-27,15:50:42.904000,10977,10978,10978,1
2020-05-27,15:50:42.904000,10977,10978,10978,4
2020-05-27,15:50:43.707000,10978,10979,10978,1
2020-05-27,15:50:43.707000,10978,10979,10977,1
2020-05-27,15:50:48.895000,10978,10979,10978,1
2020-05-27,15:51:04.518000,10978,10979,10979,1
2020-05-27,15:51:21.771000,10978,10979,10978,2
2020-05-27,15:51:29.218000,10978,10979,10978,1
2020-05-27,15:51:45.942000,10978,10979,10979,4
2020-05-27,15:52:00.118000,10978,10979,10979,2
2020-05-27,15:52:01.163000,10978,10979,10979,1
2020-05-27,15:52:02.275000,10978,10979,10979,1
2020-05-27,15:52:04.677000,10978,10979,10978,2
2020-05-27,15:52:04.677000,10978,10979,10978,1
2020-05-27,15:52:04.677000,10978,10979,10978,2
2020-05-27,15:52:04.677000,10978,10979,10978,1
2020-05-27,15:52:04.677000,10978,10979,10978,2
2020-05-27,15:52:04.677000,10978,10979,10978,14
2020-05-27,15:52:04.677000,10978,10979,10978,4
2020-05-27,15:52:05.623000,10977,10978,10978,3
2020-05-27,15:52:21.088000,10978,10979,10978,1
2020-05-27,15:52:34.613000,10978,10979,10979,1
2020-05-27,15:52:41.860000,10978,10979,10979,2
2020-05-27,15:53:04.122000,10979,10980,10979,4
2020-05-27,15:53:04.123000,10979,10980,10979,2
2020-05-27,15:53:04.123000,10979,10980,10979,5
2020-05-27,15:53:04.123000,10979,10980,10979,5
2020-05-27,15:53:04.124000,10979,10980,10979,1
2020-05-27,15:53:07.935000,10978,10979,10979,1
2020-05-27,15:53:11.520000,10978,10979,10979,1
2020-05-27,15:53:15.110000,10978,10979,10979,3
2020-05-27,15:53:15.112000,10978,10979,10980,2
2020-05-27,15:53:23.539000,10978,10979,10979,1
2020-05-27,15:53:33.206000,10979,10980,10979,2
2020-05-27,15:53:58.008000,10979,10980,10979,1
2020-05-27,15:53:59.455000,10979,10980,10979,1
2020-05-27,15:54:03.224000,10978,10979,10979,1
2020-05-27,15:54:03.232000,10978,10979,10979,1
2020-05-27,15:54:03.264000,10978,10979,10979,1
2020-05-27,15:54:05.509000,10979,10980,10979,3
2020-05-27,15:54:14.663000,10978,10979,10979,4
2020-05-27,15:54:21.207000,10978,10979,10979,1
2020-05-27,15:54:21.652000,10978,10979,10979,1
2020-05-27,15:54:23.510000,10978,10979,10979,3
2020-05-27,15:54:54.897000,10978,10979,10979,2
2020-05-27,15:54:54.897000,10978,10979,10979,2
2020-05-27,15:54:57.452000,10979,10980,10979,2
2020-05-27,15:54:59.287000,10979,10980,10979,2
2020-05-27,15:55:03.026000,10979,10980,10979,1
2020-05-27,15:55:12.935000,10979,10980,10979,1
2020-05-27,15:55:14.078000,10978,10979,10979,1
2020-05-27,15:55:14.453000,10979,10980,10979,2
2020-05-27,15:55:23.895000,10979,10980,10979,2
2020-05-27,15:55:30.670000,10979,10980,10979,1
2020-05-27,15:55:36.733000,10979,10980,10979,1
2020-05-27,15:55:36.734000,10979,10980,10979,3
2020-05-27,15:56:03.473000,10978,10979,10978,1
2020-05-27,15:56:03.926000,10978,10979,10979,2
2020-05-27,15:56:17.381000,10978,10979,10979,1
2020-05-27,15:56:22.986000,10979,10980,10980,1
2020-05-27,15:56:22.986000,10979,10980,10980,11
2020-05-27,15:56:24.125000,10980,10981,10981,1
2020-05-27,15:56:27.687000,10980,10981,10981,1
2020-05-27,15:56:28.891000,10980,10981,10980,3
2020-05-27,15:56:34.881000,10980,10981,10980,1
2020-05-27,15:56:36.574000,10980,10981,10980,1
2020-05-27,15:56:37.443000,10979,10980,10979,1
2020-05-27,15:56:37.902000,10979,10980,10980,1
2020-05-27,15:56:45.505000,10978,10980,10980,1
2020-05-27,15:56:54.472000,10979,10980,10980,1
2020-05-27,15:56:56.448000,10979,10980,10980,1
2020-05-27,15:56:56.722000,10980,10981,10981,10
2020-05-27,15:56:56.931000,10979,10981,10981,10
2020-05-27,15:57:26.373000,10980,10981,10981,1
2020-05-27,15:57:29.903000,10980,10981,10981,1
2020-05-27,15:57:34.174000,10980,10981,10981,1
2020-05-27,15:57:35.810000,10980,10981,10981,4
2020-05-27,15:57:35.810000,10980,10981,10981,5
2020-05-27,15:57:39.155000,10980,10981,10980,4
2020-05-27,15:57:39.155000,10980,10981,10980,4
2020-05-27,15:57:39.156000,10980,10981,10980,1
2020-05-27,15:57:55.487000,10980,10981,10981,1
2020-05-27,15:58:10.463000,10980,10981,10980,3
2020-05-27,15:58:17.437000,10980,10981,10981,1
2020-05-27,15:58:35.367000,10980,10981,10980,1
2020-05-27,15:58:49.619000,10980,10981,10980,1
2020-05-27,15:59:09.788000,10980,10981,10981,6
2020-05-27,15:59:09.788000,10980,10981,10981,1
2020-05-27,15:59:09.788000,10980,10981,10981,5
2020-05-27,15:59:09.789000,10980,10981,10981,1
2020-05-27,15:59:09.789000,10980,10981,10981,1
2020-05-27,15:59:09.789000,10980,10981,10981,1
2020-05-27,15:59:09.789000,10980,10981,10981,1
2020-05-27,15:59:10.369000,10981,10982,10981,1
2020-05-27,15:59:15.853000,10981,10982,10982,2
2020-05-27,15:59:15.858000,10981,10982,10982,3
2020-05-27,15:59:16.121000,10981,10982,10982,1
2020-05-27,15:59:18.685000,10981,10982,10982,1
2020-05-27,15:59:21.809000,10981,10982,10982,5
2020-05-27,15:59:35.300000,10981,10982,10981,1
2020-05-27,15:59:35.426000,10980,10981,10980,2
2020-05-27,15:59:39.961000,10980,10981,10980,1
2020-05-27,15:59:49.388000,10980,10982,10980,2
2020-05-27,15:59:58.717000,10980,10981,10980,4
2020-05-27,16:00:03.039000,10980,10981,10981,1
2020-05-27,16:00:03.270000,10980,10982,10982,1
2020-05-27,16:00:03.291000,10980,10982,10982,1
2020-05-27,16:00:03.451000,10981,10982,10982,1
2020-05-27,16:00:03.517000,10981,10982,10982,1
2020-05-27,16:00:03.547000,10981,10982,10982,1
2020-05-27,16:00:03.616000,10981,10982,10982,3
2020-05-27,16:00:05.228000,10981,10982,10981,1
2020-05-27,16:00:06.922000,10980,10982,10982,2
2020-05-27,16:00:08.500000,10981,10982,10982,1
2020-05-27,16:00:08.635000,10981,10982,10982,2
2020-05-27,16:00:19.037000,10981,10982,10981,1
2020-05-27,16:00:20.374000,10980,10982,10982,1
2020-05-27,16:00:25.235000,10981,10982,10982,2
2020-05-27,16:00:25.235000,10981,10982,10982,1
2020-05-27,16:00:58.620000,10981,10982,10982,1
2020-05-27,16:01:00.077000,10981,10982,10982,9
2020-05-27,16:01:00.078000,10981,10982,10982,6
2020-05-27,16:01:00.105000,10981,10982,10981,1
2020-05-27,16:01:02.312000,10981,10982,10981,1
2020-05-27,16:01:03.010000,10980,10982,10980,7
2020-05-27,16:01:13.477000,10981,10982,10981,1
2020-05-27,16:01:19.497000,10981,10982,10981,2
2020-05-27,16:01:22.420000,10981,10982,10982,1
2020-05-27,16:01:22.421000,10981,10982,10982,1
2020-05-27,16:01:22.421000,10981,10982,10982,1
2020-05-27,16:01:22.421000,10981,10982,10982,3
2020-05-27,16:01:22.421000,10981,10982,10982,5
2020-05-27,16:01:22.421000,10981,10982,10982,2
2020-05-27,16:01:22.421000,10981,10982,10982,1
2020-05-27,16:01:22.421000,10981,10982,10982,3
2020-05-27,16:01:22.421000,10981,10982,10982,2
2020-05-27,16:01:24.237000,10982,10983,10982,1
2020-05-27,16:01:28.011000,10982,10983,10982,1
2020-05-27,16:01:46.351000,10982,10983,10983,13
2020-05-27,16:01:47.766000,10983,10984,10984,1
2020-05-27,16:01:47.773000,10983,10984,10984,1
2020-05-27,16:01:47.849000,10983,10984,10983,4
2020-05-27,16:01:47.874000,10983,10984,10984,1
2020-05-27,16:01:48.096000,10983,10984,10984,1
2020-05-27,16:01:52.166000,10983,10984,10983,1
2020-05-27,16:01:54.921000,10983,10984,10983,2
2020-05-27,16:02:00.567000,10982,10983,10983,1
2020-05-27,16:02:02.024000,10982,10983,10982,1
2020-05-27,16:02:02.024000,10982,10983,10982,1
2020-05-27,16:02:02.024000,10982,10983,10982,1
2020-05-27,16:02:04.368000,10981,10983,10983,2
2020-05-27,16:02:08.528000,10982,10983,10983,2
2020-05-27,16:02:13.277000,10982,10983,10982,1
2020-05-27,16:02:30.183000,10982,10983,10983,1
2020-05-27,16:02:37.224000,10982,10983,10982,1
2020-05-27,16:02:41.731000,10982,10983,10983,3
2020-05-27,16:02:43.169000,10982,10983,10982,5
2020-05-27,16:02:43.169000,10982,10983,10982,16
2020-05-27,16:03:00.917000,10981,10982,10981,1
2020-05-27,16:03:03.697000,10981,10982,10982,1
2020-05-27,16:03:15.558000,10981,10982,10982,1
2020-05-27,16:03:29.090000,10981,10982,10981,3
2020-05-27,16:03:29.090000,10981,10982,10981,1
2020-05-27,16:03:53.986000,10980,10981,10981,1
2020-05-27,16:04:08.065000,10980,10981,10980,1
2020-05-27,16:04:08.390000,10980,10981,10981,2
2020-05-27,16:04:08.508000,10980,10982,10982,2
2020-05-27,16:04:08.514000,10980,10982,10982,2
2020-05-27,16:04:11.936000,10981,10982,10981,2
2020-05-27,16:04:11.937000,10981,10982,10981,1
2020-05-27,16:04:14.003000,10981,10982,10981,1
2020-05-27,16:04:18.627000,10981,10982,10981,1
2020-05-27,16:04:28.038000,10981,10982,10982,6
2020-05-27,16:04:44.232000,10981,10982,10982,1
2020-05-27,16:04:44.232000,10981,10982,10983,14
2020-05-27,16:04:47.613000,10981,10983,10982,1
2020-05-27,16:04:54.943000,10982,10983,10982,1
2020-05-27,16:05:15.560000,10982,10983,10983,5
2020-05-27,16:05:15.718000,10983,10984,10984,1
2020-05-27,16:05:18.023000,10983,10984,10984,16
2020-05-27,16:05:18.024000,10983,10984,10984,1
2020-05-27,16:05:18.060000,10984,10985,10985,1
2020-05-27,16:05:18.181000,10984,10985,10985,1
2020-05-27,16:05:18.181000,10984,10985,10985,2
2020-05-27,16:05:18.183000,10984,10985,10985,2
2020-05-27,16:05:18.188000,10984,10985,10985,1
2020-05-27,16:05:18.192000,10984,10985,10985,1
2020-05-27,16:05:18.192000,10984,10985,10985,1
2020-05-27,16:05:18.193000,10984,10985,10985,8
2020-05-27,16:05:18.203000,10984,10985,10985,2
2020-05-27,16:05:18.215000,10984,10985,10985,2
2020-05-27,16:05:18.459000,10984,10985,10985,1
2020-05-27,16:05:20.324000,10983,10985,10983,1
2020-05-27,16:05:20.874000,10983,10985,10985,2
2020-05-27,16:05:21.721000,10983,10984,10984,1
2020-05-27,16:05:22.587000,10984,10985,10984,2
2020-05-27,16:05:22.588000,10984,10985,10984,3
2020-05-27,16:05:22.928000,10982,10984,10984,1
2020-05-27,16:05:30.206000,10983,10984,10984,5
2020-05-27,16:05:30.293000,10983,10984,10984,1
2020-05-27,16:05:30.585000,10983,10985,10985,1
2020-05-27,16:05:31.286000,10983,10985,10985,2
2020-05-27,16:05:33.614000,10983,10984,10984,1
2020-05-27,16:05:36.289000,10984,10985,10985,3
2020-05-27,16:05:36.663000,10984,10985,10985,3
2020-05-27,16:05:37.504000,10984,10985,10985,6
2020-05-27,16:05:37.901000,10984,10985,10984,1
2020-05-27,16:05:49.807000,10984,10985,10984,2
2020-05-27,16:05:54.065000,10984,10985,10984,1
2020-05-27,16:05:57.563000,10984,10985,10984,1
2020-05-27,16:06:12.368000,10984,10985,10984,1
2020-05-27,16:06:17.576000,10984,10985,10984,1
2020-05-27,16:06:18.820000,10984,10985,10984,1
2020-05-27,16:06:21.750000,10984,10985,10985,1
2020-05-27,16:06:30.316000,10984,10985,10985,1
2020-05-27,16:06:30.373000,10984,10985,10985,1
2020-05-27,16:06:37.706000,10984,10985,10984,2
2020-05-27,16:06:41.944000,10984,10985,10984,12
2020-05-27,16:06:54.770000,10983,10984,10984,2
2020-05-27,16:07:01.823000,10983,10984,10984,1
2020-05-27,16:07:02.447000,10983,10984,10984,3
2020-05-27,16:07:04.813000,10983,10984,10984,2
2020-05-27,16:07:05.008000,10983,10984,10984,1
2020-05-27,16:07:05.009000,10983,10984,10984,2
2020-05-27,16:07:11.239000,10984,10985,10984,1
2020-05-27,16:07:28.866000,10984,10985,10984,1
2020-05-27,16:07:48.341000,10984,10985,10984,2
2020-05-27,16:07:48.341000,10984,10985,10984,4
2020-05-27,16:08:03.557000,10983,10984,10984,2
2020-05-27,16:08:12.942000,10983,10984,10983,1
2020-05-27,16:08:24.745000,10983,10984,10983,11
2020-05-27,16:08:24.746000,10983,10984,10983,1
2020-05-27,16:08:24.746000,10983,10984,10983,1
2020-05-27,16:08:24.746000,10983,10984,10983,1
2020-05-27,16:08:29.831000,10982,10983,10983,5
2020-05-27,16:08:30.590000,10982,10983,10982,1
2020-05-27,16:08:30.591000,10982,10983,10982,5
2020-05-27,16:08:30.591000,10982,10983,10982,2
2020-05-27,16:08:33.894000,10981,10982,10982,3
2020-05-27,16:08:33.894000,10981,10982,10982,1
2020-05-27,16:08:45.724000,10982,10984,10982,1
2020-05-27,16:09:02.228000,10982,10983,10982,3
2020-05-27,16:09:02.229000,10982,10983,10982,1
2020-05-27,16:09:02.230000,10982,10983,10982,1
2020-05-27,16:09:02.230000,10982,10983,10982,1
2020-05-27,16:09:22.475000,10982,10983,10982,1
2020-05-27,16:09:26.018000,10982,10983,10982,1
2020-05-27,16:09:35.073000,10982,10983,10982,1
2020-05-27,16:09:38.205000,10982,10983,10983,1
2020-05-27,16:09:52.178000,10982,10983,10983,2
2020-05-27,16:10:02.014000,10982,10983,10982,3
2020-05-27,16:10:24.330000,10981,10982,10981,2
2020-05-27,16:10:27.289000,10981,10982,10982,1
2020-05-27,16:10:41.596000,10981,10982,10982,2
2020-05-27,16:10:42.189000,10981,10982,10981,1
2020-05-27,16:10:45.063000,10981,10982,10981,1
2020-05-27,16:10:55.649000,10981,10982,10981,1
2020-05-27,16:10:58.149000,10981,10982,10981,1
2020-05-27,16:11:23.842000,10980,10981,10981,1
2020-05-27,16:11:28.118000,10980,10981,10981,5
2020-05-27,16:11:33.701000,10981,10982,10982,1
2020-05-27,16:11:34.920000,10981,10982,10982,2
2020-05-27,16:11:34.920000,10981,10982,10982,2
2020-05-27,16:11:38.651000,10982,10983,10982,9
2020-05-27,16:11:52.541000,10982,10983,10983,1
2020-05-27,16:11:56.921000,10982,10983,10983,1
2020-05-27,16:12:06.054000,10983,10984,10983,1
2020-05-27,16:12:06.189000,10982,10984,10982,1
2020-05-27,16:12:09.761000,10983,10984,10983,2
2020-05-27,16:12:12.167000,10983,10984,10983,1
2020-05-27,16:12:19.433000,10982,10983,10983,3
2020-05-27,16:12:32.490000,10983,10984,10983,1
2020-05-27,16:12:36.526000,10983,10984,10983,1
2020-05-27,16:12:37.390000,10983,10984,10984,1
2020-05-27,16:12:37.398000,10983,10984,10984,1
2020-05-27,16:12:44.931000,10983,10984,10984,1
2020-05-27,16:12:45.759000,10983,10984,10984,1
2020-05-27,16:12:46.172000,10983,10984,10984,1
2020-05-27,16:12:46.172000,10983,10984,10984,1
2020-05-27,16:12:47.560000,10983,10984,10984,1
2020-05-27,16:12:47.760000,10983,10984,10984,1
2020-05-27,16:12:47.960000,10983,10984,10984,1
2020-05-27,16:13:04.078000,10983,10984,10983,2
2020-05-27,16:13:11.049000,10983,10984,10983,2
2020-05-27,16:13:11.050000,10983,10984,10983,1
2020-05-27,16:13:17.284000,10982,10983,10983,3
2020-05-27,16:13:20.103000,10982,10983,10983,1
2020-05-27,16:13:22.670000,10982,10983,10983,1
2020-05-27,16:13:22.981000,10982,10983,10983,1
2020-05-27,16:13:25.930000,10982,10983,10982,1
2020-05-27,16:13:29.681000,10982,10983,10983,1
2020-05-27,16:13:31.663000,10982,10983,10983,1
2020-05-27,16:13:32.564000,10982,10983,10983,1
2020-05-27,16:13:33.270000,10982,10983,10983,1
2020-05-27,16:13:39.598000,10982,10983,10982,1
2020-05-27,16:13:56.979000,10982,10983,10982,1
2020-05-27,16:14:03.977000,10982,10983,10982,1
2020-05-27,16:14:15.930000,10982,10983,10982,1
2020-05-27,16:14:16.852000,10982,10983,10983,2
2020-05-27,16:14:16.852000,10982,10983,10983,12
2020-05-27,16:14:23.557000,10982,10984,10984,1
2020-05-27,16:14:27.648000,10982,10984,10983,1
2020-05-27,16:14:32.857000,10982,10983,10983,1
2020-05-27,16:14:39.790000,10983,10984,10984,2
2020-05-27,16:14:57.097000,10983,10984,10983,1
2020-05-27,16:14:57.097000,10983,10984,10983,1
2020-05-27,16:15:02.436000,10982,10983,10983,7
2020-05-27,16:15:25.401000,10982,10983,10983,1
2020-05-27,16:15:25.401000,10982,10983,10983,1
2020-05-27,16:15:25.401000,10982,10983,10983,2
2020-05-27,16:15:42.852000,10983,10984,10984,10
2020-05-27,16:15:43.079000,10983,10984,10984,3
2020-05-27,16:15:43.175000,10984,10985,10984,3
2020-05-27,16:15:43.351000,10984,10985,10985,10
2020-05-27,16:15:43.885000,10983,10985,10985,10
2020-05-27,16:16:27.810000,10984,10985,10985,2
2020-05-27,16:16:27.810000,10984,10985,10985,5
2020-05-27,16:16:27.810000,10984,10985,10985,1
2020-05-27,16:16:27.954000,10985,10986,10986,1
2020-05-27,16:16:30.217000,10984,10986,10986,1
2020-05-27,16:16:30.397000,10984,10986,10986,1
2020-05-27,16:16:30.528000,10984,10986,10986,1
2020-05-27,16:16:36.756000,10984,10986,10986,1
2020-05-27,16:16:48.253000,10984,10985,10985,1
2020-05-27,16:17:02.050000,10984,10985,10985,1
2020-05-27,16:17:06.498000,10984,10985,10985,2
2020-05-27,16:17:25.417000,10984,10985,10985,3
2020-05-27,16:17:25.930000,10985,10986,10985,1
2020-05-27,16:17:33.058000,10985,10986,10985,1
2020-05-27,16:17:39.594000,10985,10986,10985,1
2020-05-27,16:17:48.754000,10985,10986,10985,1
2020-05-27,16:17:51.723000,10985,10986,10985,1
2020-05-27,16:17:52.177000,10985,10986,10985,3
2020-05-27,16:17:52.178000,10985,10986,10985,1
2020-05-27,16:17:52.178000,10985,10986,10985,1
2020-05-27,16:17:52.178000,10985,10986,10985,1
2020-05-27,16:17:52.534000,10985,10986,10985,1
2020-05-27,16:18:02.442000,10984,10985,10985,1
2020-05-27,16:18:02.844000,10984,10985,10985,1
2020-05-27,16:18:02.863000,10984,10985,10985,1
2020-05-27,16:18:02.864000,10984,10985,10985,2
2020-05-27,16:18:05.056000,10985,10986,10985,1
2020-05-27,16:18:34.234000,10985,10986,10986,1
2020-05-27,16:18:34.234000,10985,10986,10986,1
2020-05-27,16:18:34.235000,10985,10986,10986,5
2020-05-27,16:18:34.235000,10985,10986,10986,1
2020-05-27,16:18:34.235000,10985,10986,10986,1
2020-05-27,16:18:34.235000,10985,10986,10986,4
2020-05-27,16:18:34.235000,10985,10986,10986,4
2020-05-27,16:18:35.450000,10986,10987,10987,2
2020-05-27,16:18:35.601000,10986,10987,10987,1
2020-05-27,16:18:35.623000,10986,10987,10987,1
2020-05-27,16:18:35.623000,10986,10987,10987,3
2020-05-27,16:18:35.623000,10986,10987,10987,2
2020-05-27,16:18:35.623000,10986,10987,10987,1
2020-05-27,16:18:35.623000,10986,10987,10987,1
2020-05-27,16:18:35.624000,10986,10987,10987,1
2020-05-27,16:18:35.749000,10986,10987,10987,1
2020-05-27,16:18:35.750000,10986,10987,10987,1
2020-05-27,16:18:35.751000,10986,10987,10987,2
2020-05-27,16:18:45.201000,10986,10987,10987,1
2020-05-27,16:18:45.302000,10986,10987,10987,1
2020-05-27,16:18:49.287000,10986,10987,10987,2
2020-05-27,16:18:49.586000,10986,10987,10986,2
2020-05-27,16:18:50.349000,10986,10987,10987,3
2020-05-27,16:18:51.280000,10986,10987,10986,1
2020-05-27,16:18:52.768000,10986,10987,10987,3
2020-05-27,16:18:54.800000,10986,10988,10986,1
2020-05-27,16:18:56.060000,10986,10987,10987,1
2020-05-27,16:18:59.317000,10987,10988,10987,1
2020-05-27,16:19:00.323000,10987,10988,10987,1
2020-05-27,16:19:11.237000,10986,10987,10987,1
2020-05-27,16:19:11.640000,10986,10987,10987,1
2020-05-27,16:19:18.080000,10987,10988,10987,1
2020-05-27,16:19:19.092000,10987,10988,10988,5
2020-05-27,16:19:19.287000,10987,10988,10988,1
2020-05-27,16:19:21.847000,10987,10988,10988,2
2020-05-27,16:19:24.695000,10987,10988,10988,1
2020-05-27,16:19:28.406000,10987,10988,10988,1
2020-05-27,16:19:29.857000,10987,10988,10987,1
2020-05-27,16:19:30.253000,10987,10988,10988,1
2020-05-27,16:19:30.349000,10987,10988,10988,1
2020-05-27,16:19:31.066000,10987,10988,10987,4
2020-05-27,16:19:32.850000,10986,10987,10987,1
2020-05-27,16:19:35.204000,10986,10987,10986,3
2020-05-27,16:19:48.550000,10986,10987,10987,7
2020-05-27,16:19:50.982000,10987,10988,10987,1
2020-05-27,16:19:55.296000,10987,10988,10987,1
2020-05-27,16:19:57.049000,10987,10988,10987,1
2020-05-27,16:20:01.921000,10987,10988,10988,1
2020-05-27,16:20:01.993000,10987,10988,10988,1
2020-05-27,16:20:02.001000,10987,10988,10988,1
2020-05-27,16:20:02.019000,10987,10988,10988,1
2020-05-27,16:20:02.026000,10987,10988,10988,1
2020-05-27,16:20:02.183000,10987,10988,10988,2
2020-05-27,16:20:02.945000,10987,10988,10988,1
2020-05-27,16:20:05.711000,10987,10988,10988,1
2020-05-27,16:20:08.083000,10987,10988,10988,1
2020-05-27,16:20:10.029000,10987,10988,10987,2
2020-05-27,16:20:10.244000,10987,10988,10988,1
2020-05-27,16:20:10.500000,10987,10988,10988,1
2020-05-27,16:20:10.982000,10987,10988,10988,1
2020-05-27,16:20:12.766000,10987,10988,10988,1
2020-05-27,16:20:15.267000,10987,10988,10988,1
2020-05-27,16:20:18.461000,10987,10988,10987,1
2020-05-27,16:20:18.642000,10987,10988,10987,3
2020-05-27,16:20:19.045000,10986,10987,10987,1
2020-05-27,16:20:43.945000,10986,10987,10987,6
2020-05-27,16:20:53.369000,10986,10987,10987,1
2020-05-27,16:20:59.429000,10986,10987,10987,1
2020-05-27,16:21:10.354000,10986,10987,10987,5
2020-05-27,16:21:13.032000,10987,10988,10988,1
2020-05-27,16:21:14.395000,10987,10988,10987,1
2020-05-27,16:21:17.456000,10987,10988,10988,2
2020-05-27,16:21:17.456000,10987,10988,10988,2
2020-05-27,16:21:17.457000,10987,10988,10988,5
2020-05-27,16:21:17.849000,10988,10989,10988,3
2020-05-27,16:21:17.849000,10988,10989,10987,3
2020-05-27,16:21:32.713000,10988,10989,10988,1
2020-05-27,16:21:56.645000,10988,10989,10989,1
2020-05-27,16:21:57.870000,10988,10989,10989,1
2020-05-27,16:21:57.883000,10988,10989,10988,1
2020-05-27,16:21:58.873000,10988,10989,10989,1
2020-05-27,16:22:00.520000,10988,10989,10989,1
2020-05-27,16:22:00.623000,10988,10989,10989,1
2020-05-27,16:22:00.788000,10988,10989,10989,1
2020-05-27,16:22:02.300000,10988,10989,10989,1
2020-05-27,16:22:03.812000,10988,10989,10989,1
2020-05-27,16:22:03.927000,10988,10989,10989,1
2020-05-27,16:22:03.928000,10988,10989,10989,1
2020-05-27,16:22:03.929000,10988,10989,10989,1
2020-05-27,16:22:03.929000,10988,10989,10989,2
2020-05-27,16:22:03.929000,10988,10989,10989,1
2020-05-27,16:22:03.929000,10988,10989,10989,1
2020-05-27,16:22:03.929000,10988,10989,10989,1
2020-05-27,16:22:03.929000,10988,10989,10989,6
2020-05-27,16:22:03.929000,10988,10989,10989,4
2020-05-27,16:22:03.929000,10988,10989,10989,1
2020-05-27,16:22:03.929000,10988,10989,10989,4
2020-05-27,16:22:03.934000,10988,10989,10990,1
2020-05-27,16:22:03.935000,10988,10989,10990,1
2020-05-27,16:22:03.936000,10988,10989,10990,1
2020-05-27,16:22:03.940000,10988,10989,10990,1
2020-05-27,16:22:03.943000,10988,10989,10990,1
2020-05-27,16:22:03.957000,10988,10989,10990,1
2020-05-27,16:22:04.525000,10989,10990,10990,1
2020-05-27,16:22:04.675000,10989,10990,10990,1
2020-05-27,16:22:04.774000,10989,10990,10990,1
2020-05-27,16:22:04.990000,10989,10990,10989,2
2020-05-27,16:22:07.796000,10989,10990,10990,1
2020-05-27,16:22:09.807000,10989,10990,10989,1
2020-05-27,16:22:15.305000,10989,10990,10989,1
2020-05-27,16:22:18.402000,10989,10990,10989,1
2020-05-27,16:22:29.323000,10989,10990,10989,2
2020-05-27,16:22:29.323000,10989,10990,10989,3
2020-05-27,16:22:29.323000,10989,10990,10989,7
2020-05-27,16:22:29.958000,10988,10989,10989,1
2020-05-27,16:22:30.096000,10988,10989,10989,1
2020-05-27,16:22:36.969000,10988,10989,10989,2
2020-05-27,16:22:43.974000,10988,10989,10988,1
2020-05-27,16:22:44.683000,10988,10989,10989,1
2020-05-27,16:22:52.058000,10988,10989,10989,2
2020-05-27,16:22:53.371000,10988,10989,10988,5
2020-05-27,16:22:54.439000,10988,10989,10989,1
2020-05-27,16:22:55.040000,10988,10989,10989,1
2020-05-27,16:22:55.480000,10988,10989,10989,1
2020-05-27,16:22:56.459000,10988,10989,10989,1
2020-05-27,16:23:07.331000,10988,10989,10989,1
2020-05-27,16:23:13.526000,10988,10989,10989,1
2020-05-27,16:23:15.466000,10988,10989,10988,3
2020-05-27,16:23:15.466000,10988,10989,10988,9
2020-05-27,16:23:18.737000,10987,10988,10987,1
2020-05-27,16:23:22.053000,10986,10987,10987,1
2020-05-27,16:23:24.550000,10986,10987,10986,2
2020-05-27,16:23:33.544000,10986,10987,10986,1
2020-05-27,16:23:37.941000,10986,10987,10986,1
2020-05-27,16:23:41.120000,10986,10987,10987,1
2020-05-27,16:23:50.155000,10986,10987,10986,1
2020-05-27,16:23:52.256000,10986,10987,10987,1
2020-05-27,16:23:56.090000,10986,10987,10987,1
2020-05-27,16:24:02.502000,10986,10987,10987,1
2020-05-27,16:24:02.800000,10986,10987,10987,1
2020-05-27,16:24:03.523000,10986,10987,10987,1
2020-05-27,16:24:05.074000,10986,10987,10987,1
2020-05-27,16:24:07.134000,10986,10987,10987,2
2020-05-27,16:24:17.284000,10987,10988,10987,1
2020-05-27,16:24:23.958000,10987,10988,10987,2
2020-05-27,16:25:09.608000,10986,10987,10987,1
2020-05-27,16:25:13,10986,10987,10986,1
2020-05-27,16:25:13,10986,10987,10986,7
2020-05-27,16:25:13,10986,10987,10986,4
2020-05-27,16:25:13,10986,10987,10986,2
2020-05-27,16:25:13,10986,10987,10986,1
2020-05-27,16:25:13,10986,10987,10986,6
2020-05-27,16:25:13,10986,10987,10986,1
2020-05-27,16:25:16.731000,10985,10986,10985,1
2020-05-27,16:25:17.436000,10985,10986,10985,2
2020-05-27,16:25:17.482000,10985,10986,10985,2
2020-05-27,16:25:17.634000,10985,10986,10985,2
2020-05-27,16:25:17.748000,10985,10986,10985,2
2020-05-27,16:25:17.750000,10985,10986,10985,2
2020-05-27,16:25:17.826000,10985,10986,10985,4
2020-05-27,16:25:18.001000,10985,10986,10985,1
2020-05-27,16:25:18.001000,10985,10986,10984,3
2020-05-27,16:25:18.089000,10984,10986,10984,4
2020-05-27,16:25:31.746000,10984,10986,10984,1
2020-05-27,16:25:32.420000,10984,10986,10984,1
2020-05-27,16:25:35.180000,10984,10986,10984,2
2020-05-27,16:25:39.093000,10985,10986,10985,1
2020-05-27,16:26:02.424000,10984,10986,10984,2
2020-05-27,16:26:04.963000,10984,10985,10985,1
2020-05-27,16:26:35.994000,10984,10985,10985,3
2020-05-27,16:26:39.244000,10984,10985,10985,2
2020-05-27,16:26:40.857000,10984,10985,10984,2
2020-05-27,16:26:40.858000,10984,10985,10984,4
2020-05-27,16:26:40.858000,10984,10985,10984,2
2020-05-27,16:26:40.858000,10984,10985,10984,5
2020-05-27,16:26:47.734000,10983,10984,10983,2
2020-05-27,16:26:48.140000,10983,10984,10983,3
2020-05-27,16:26:48.166000,10983,10984,10983,1
2020-05-27,16:27:02.369000,10982,10983,10983,1
2020-05-27,16:27:02.468000,10982,10983,10982,4
2020-05-27,16:27:03.002000,10982,10983,10983,1
2020-05-27,16:27:03.330000,10982,10983,10982,1
2020-05-27,16:27:03.331000,10982,10983,10982,1
2020-05-27,16:27:04.469000,10982,10983,10982,1
2020-05-27,16:27:05.744000,10982,10983,10982,10
2020-05-27,16:27:07.254000,10982,10983,10982,6
2020-05-27,16:27:16.532000,10981,10982,10981,1
2020-05-27,16:27:17.152000,10981,10982,10981,1
2020-05-27,16:27:20.393000,10981,10982,10981,1
2020-05-27,16:27:23.113000,10981,10982,10981,1
2020-05-27,16:27:24.557000,10981,10982,10982,1
2020-05-27,16:27:25.437000,10981,10982,10981,2
2020-05-27,16:27:26.057000,10981,10982,10982,1
2020-05-27,16:27:26.057000,10981,10982,10982,1
2020-05-27,16:27:26.057000,10981,10982,10982,1
2020-05-27,16:27:30.381000,10982,10983,10982,2
2020-05-27,16:27:30.934000,10982,10983,10982,8
2020-05-27,16:27:30.935000,10982,10983,10982,1
2020-05-27,16:27:33.440000,10982,10983,10982,1
2020-05-27,16:27:39.141000,10982,10983,10982,4
2020-05-27,16:27:49.462000,10981,10982,10981,2
2020-05-27,16:27:54.166000,10981,10982,10981,1
2020-05-27,16:27:55.123000,10981,10982,10981,1
2020-05-27,16:27:55.326000,10981,10982,10981,1
2020-05-27,16:27:56.493000,10981,10982,10982,2
2020-05-27,16:27:57.466000,10981,10982,10982,17
2020-05-27,16:27:57.466000,10981,10982,10982,1
2020-05-27,16:27:57.466000,10981,10982,10982,1
2020-05-27,16:27:57.466000,10981,10982,10982,1
2020-05-27,16:27:57.467000,10981,10982,10982,1
2020-05-27,16:27:59.996000,10982,10983,10983,1
2020-05-27,16:28:03.296000,10982,10983,10982,5
2020-05-27,16:28:10.249000,10982,10983,10982,1
2020-05-27,16:28:10.347000,10981,10982,10982,1
2020-05-27,16:28:12.030000,10981,10982,10982,1
2020-05-27,16:28:13.352000,10981,10982,10981,2
2020-05-27,16:28:13.352000,10981,10982,10981,6
2020-05-27,16:28:13.352000,10981,10982,10981,1
2020-05-27,16:28:17.365000,10980,10981,10980,5
2020-05-27,16:28:17.365000,10980,10981,10980,17
2020-05-27,16:28:17.365000,10980,10981,10980,1
2020-05-27,16:28:17.365000,10980,10981,10980,1
2020-05-27,16:28:17.365000,10980,10981,10980,2
2020-05-27,16:28:18.290000,10979,10980,10979,2
2020-05-27,16:28:18.292000,10979,10980,10979,1
2020-05-27,16:28:18.294000,10979,10980,10979,2
2020-05-27,16:28:18.304000,10978,10979,10978,2
2020-05-27,16:28:18.305000,10978,10979,10978,17
2020-05-27,16:28:18.305000,10978,10979,10978,3
2020-05-27,16:28:18.305000,10978,10979,10978,2
2020-05-27,16:28:18.337000,10978,10979,10977,1
2020-05-27,16:28:18.493000,10977,10978,10977,1
2020-05-27,16:28:18.505000,10977,10978,10978,3
2020-05-27,16:28:20.995000,10978,10979,10978,1
2020-05-27,16:28:21.904000,10978,10979,10978,1
2020-05-27,16:28:23.366000,10978,10979,10978,1
2020-05-27,16:28:25.354000,10978,10979,10979,3
2020-05-27,16:28:25.870000,10978,10979,10979,2
2020-05-27,16:28:25.871000,10978,10979,10979,1
2020-05-27,16:28:30.924000,10980,10981,10980,1
2020-05-27,16:28:33.770000,10980,10981,10980,1
2020-05-27,16:28:38.467000,10980,10981,10980,1
2020-05-27,16:28:39.007000,10980,10981,10980,1
2020-05-27,16:28:45.758000,10980,10981,10980,1
2020-05-27,16:28:48.424000,10979,10980,10980,2
2020-05-27,16:28:48.424000,10979,10980,10980,2
2020-05-27,16:28:48.424000,10979,10980,10980,2
2020-05-27,16:28:53.259000,10979,10980,10980,1
2020-05-27,16:28:56.914000,10979,10980,10980,1
2020-05-27,16:28:58.655000,10979,10980,10980,1
2020-05-27,16:29:00.459000,10979,10980,10980,1
2020-05-27,16:29:00.518000,10979,10980,10980,2
2020-05-27,16:29:00.589000,10979,10980,10980,3
2020-05-27,16:29:05.383000,10980,10981,10980,1
2020-05-27,16:29:06.114000,10980,10981,10980,1
2020-05-27,16:29:06.839000,10980,10981,10980,1
2020-05-27,16:29:07.789000,10980,10981,10980,1
2020-05-27,16:29:10.152000,10979,10980,10980,1
2020-05-27,16:29:11.514000,10980,10981,10980,1
2020-05-27,16:29:15.449000,10980,10981,10980,1
2020-05-27,16:29:30.569000,10980,10981,10980,1
2020-05-27,16:29:32.933000,10980,10981,10980,1
2020-05-27,16:29:38.589000,10980,10981,10981,1
2020-05-27,16:29:38.916000,10980,10981,10981,4
2020-05-27,16:29:39.236000,10980,10981,10981,1
2020-05-27,16:29:44.817000,10980,10981,10980,3
2020-05-27,16:29:45.764000,10979,10980,10980,1
2020-05-27,16:29:49.261000,10979,10980,10980,4
2020-05-27,16:29:49.261000,10979,10980,10980,1
2020-05-27,16:29:54.980000,10980,10981,10980,1
2020-05-27,16:30:02.359000,10980,10981,10981,2
2020-05-27,16:30:02.946000,10980,10981,10981,3
2020-05-27,16:30:03.196000,10980,10982,10982,1
2020-05-27,16:30:03.411000,10980,10982,10982,4
2020-05-27,16:30:04.204000,10981,10982,10982,8
2020-05-27,16:30:05.294000,10981,10983,10981,1
2020-05-27,16:30:05.952000,10981,10983,10981,1
2020-05-27,16:30:06.788000,10981,10983,10983,12
2020-05-27,16:30:07.698000,10983,10984,10983,1
2020-05-27,16:30:08.016000,10983,10984,10984,4
2020-05-27,16:30:08.096000,10984,10985,10985,1
2020-05-27,16:30:08.179000,10984,10985,10985,1
2020-05-27,16:30:09.715000,10984,10985,10985,11
2020-05-27,16:30:10.016000,10985,10986,10986,1
2020-05-27,16:30:10.998000,10985,10986,10986,2
2020-05-27,16:30:12.934000,10985,10987,10986,1
2020-05-27,16:30:13.221000,10986,10987,10986,1
2020-05-27,16:30:14.643000,10985,10986,10985,1
2020-05-27,16:30:15.055000,10985,10986,10985,1
2020-05-27,16:30:15.555000,10985,10986,10985,1
2020-05-27,16:30:15.959000,10985,10986,10985,1
2020-05-27,16:30:16.871000,10985,10986,10986,2
2020-05-27,16:30:16.871000,10985,10986,10986,1
2020-05-27,16:30:17.131000,10986,10987,10986,2
2020-05-27,16:30:19.528000,10985,10987,10985,1
2020-05-27,16:30:36.752000,10985,10986,10985,1
2020-05-27,16:30:37.710000,10985,10986,10985,1
2020-05-27,16:30:43.263000,10985,10986,10986,1
2020-05-27,16:30:44.628000,10985,10986,10985,5
2020-05-27,16:30:48.879000,10985,10986,10985,1
2020-05-27,16:31:11.611000,10985,10986,10985,2
2020-05-27,16:31:11.888000,10985,10986,10985,2
2020-05-27,16:31:17.888000,10985,10986,10985,1
2020-05-27,16:31:22.890000,10984,10985,10985,9
2020-05-27,16:31:22.930000,10984,10986,10986,1
2020-05-27,16:31:22.931000,10984,10986,10986,1
2020-05-27,16:31:22.934000,10984,10986,10986,1
2020-05-27,16:31:22.938000,10984,10986,10986,1
2020-05-27,16:31:22.948000,10984,10986,10986,3
2020-05-27,16:31:39.299000,10985,10986,10985,1
2020-05-27,16:31:49.814000,10984,10985,10985,1
2020-05-27,16:31:55.564000,10984,10985,10985,1
2020-05-27,16:32:04.914000,10984,10985,10984,1
2020-05-27,16:32:09.110000,10984,10985,10985,1
2020-05-27,16:32:13.298000,10984,10985,10984,2
2020-05-27,16:32:34.528000,10983,10984,10984,2
2020-05-27,16:33:00.054000,10983,10984,10984,2
2020-05-27,16:33:30.037000,10983,10984,10983,1
2020-05-27,16:33:36.039000,10983,10984,10984,2
2020-05-27,16:33:36.039000,10983,10984,10984,3
2020-05-27,16:33:36.039000,10983,10984,10984,1
2020-05-27,16:33:36.039000,10983,10984,10984,3
2020-05-27,16:33:42,10984,10985,10985,8
2020-05-27,16:33:56.758000,10984,10985,10985,1
2020-05-27,16:34:01.604000,10985,10986,10985,1
2020-05-27,16:34:07.639000,10984,10985,10985,1
2020-05-27,16:34:11.426000,10984,10985,10985,1
2020-05-27,16:34:14.266000,10985,10986,10985,1
2020-05-27,16:34:20.038000,10985,10986,10986,1
2020-05-27,16:34:23.355000,10985,10986,10986,1
2020-05-27,16:34:23.525000,10985,10986,10986,1
2020-05-27,16:34:24.701000,10985,10986,10985,2
2020-05-27,16:34:24.701000,10985,10986,10985,1
2020-05-27,16:34:27.382000,10984,10985,10985,1
2020-05-27,16:34:31.729000,10985,10986,10985,1
2020-05-27,16:35:00.342000,10984,10985,10984,3
2020-05-27,16:35:15.264000,10984,10985,10984,1
2020-05-27,16:35:27.018000,10983,10984,10984,1
2020-05-27,16:35:54.828000,10984,10985,10985,1
2020-05-27,16:35:56.541000,10985,10986,10985,1
2020-05-27,16:36:06.332000,10985,10986,10985,1
2020-05-27,16:36:06.764000,10985,10986,10986,10
2020-05-27,16:36:06.813000,10985,10986,10986,1
2020-05-27,16:36:06.984000,10985,10986,10986,3
2020-05-27,16:36:07.255000,10986,10987,10987,10
2020-05-27,16:36:07.747000,10986,10987,10987,6
2020-05-27,16:36:07.749000,10986,10987,10987,1
2020-05-27,16:36:07.803000,10987,10988,10988,3
2020-05-27,16:36:07.803000,10987,10988,10988,1
2020-05-27,16:36:07.806000,10987,10988,10988,1
2020-05-27,16:36:07.808000,10987,10988,10988,1
2020-05-27,16:36:07.810000,10987,10988,10988,1
2020-05-27,16:36:07.814000,10987,10988,10988,1
2020-05-27,16:36:07.815000,10987,10988,10988,1
2020-05-27,16:36:07.977000,10987,10988,10988,1
2020-05-27,16:36:17.673000,10986,10988,10988,1
2020-05-27,16:36:27.822000,10986,10987,10987,1
2020-05-27,16:36:33.237000,10986,10987,10987,1
2020-05-27,16:36:40.539000,10987,10988,10987,1
2020-05-27,16:36:41.053000,10987,10988,10987,2
2020-05-27,16:36:49.308000,10987,10988,10988,1
2020-05-27,16:36:49.308000,10987,10988,10988,7
2020-05-27,16:36:49.308000,10987,10988,10988,8
2020-05-27,16:36:49.308000,10987,10988,10988,7
2020-05-27,16:36:49.315000,10987,10988,10989,2
2020-05-27,16:36:49.486000,10988,10989,10989,1
2020-05-27,16:36:49.517000,10988,10989,10989,1
2020-05-27,16:36:49.517000,10988,10989,10989,1
2020-05-27,16:36:49.517000,10988,10989,10989,4
2020-05-27,16:36:49.517000,10988,10989,10989,1
2020-05-27,16:36:49.517000,10988,10989,10989,8
2020-05-27,16:36:49.517000,10988,10989,10989,2
2020-05-27,16:36:49.517000,10988,10989,10989,1
2020-05-27,16:36:49.517000,10988,10989,10989,3
2020-05-27,16:36:49.517000,10988,10989,10989,2
2020-05-27,16:36:49.518000,10988,10989,10989,1
2020-05-27,16:36:49.518000,10988,10989,10989,1
2020-05-27,16:36:49.518000,10988,10989,10989,5
2020-05-27,16:36:49.846000,10989,10990,10990,5
2020-05-27,16:36:49.917000,10989,10990,10990,1
2020-05-27,16:36:50.018000,10989,10990,10990,6
2020-05-27,16:36:50.039000,10989,10990,10990,6
2020-05-27,16:36:50.040000,10989,10990,10990,4
2020-05-27,16:36:50.078000,10989,10990,10990,2
2020-05-27,16:36:50.078000,10989,10990,10991,7
2020-05-27,16:36:50.190000,10989,10991,10991,1
2020-05-27,16:36:50.264000,10989,10991,10991,1
2020-05-27,16:36:50.280000,10989,10991,10991,1
2020-05-27,16:36:50.312000,10989,10991,10991,1
2020-05-27,16:36:50.418000,10989,10991,10990,2
2020-05-27,16:36:50.418000,10989,10991,10991,1
2020-05-27,16:36:50.544000,10989,10991,10991,1
2020-05-27,16:36:53.866000,10989,10991,10991,1
2020-05-27,16:36:55.994000,10989,10991,10991,2
2020-05-27,16:36:56.071000,10989,10991,10991,1
2020-05-27,16:36:56.160000,10989,10991,10991,2
2020-05-27,16:36:56.668000,10990,10991,10990,1
2020-05-27,16:36:57.437000,10989,10991,10991,3
2020-05-27,16:36:58.154000,10989,10991,10991,2
2020-05-27,16:37:00.228000,10989,10991,10991,1
2020-05-27,16:37:00.896000,10989,10991,10991,1
2020-05-27,16:37:02.347000,10989,10991,10990,1
2020-05-27,16:37:06.901000,10990,10991,10990,1
2020-05-27,16:37:10.936000,10990,10991,10991,1
2020-05-27,16:37:11.321000,10990,10991,10991,1
2020-05-27,16:37:12.736000,10990,10991,10990,1
2020-05-27,16:37:13.687000,10990,10991,10991,2
2020-05-27,16:37:14.797000,10990,10991,10991,4
2020-05-27,16:37:15.098000,10991,10992,10992,3
2020-05-27,16:37:15.346000,10991,10992,10992,1
2020-05-27,16:37:15.351000,10991,10992,10992,1
2020-05-27,16:37:15.840000,10991,10992,10992,2
2020-05-27,16:37:16.071000,10991,10992,10991,1
2020-05-27,16:37:17.173000,10991,10992,10991,1
2020-05-27,16:37:18.089000,10991,10992,10992,2
2020-05-27,16:37:18.089000,10991,10992,10992,1
2020-05-27,16:37:18.089000,10991,10992,10992,1
2020-05-27,16:37:18.090000,10991,10992,10992,1
2020-05-27,16:37:18.090000,10991,10992,10992,1
2020-05-27,16:37:18.091000,10991,10992,10992,4
2020-05-27,16:37:18.091000,10991,10992,10992,4
2020-05-27,16:37:18.091000,10991,10992,10992,1
2020-05-27,16:37:18.114000,10991,10992,10993,1
2020-05-27,16:37:18.626000,10992,10993,10993,10
2020-05-27,16:37:18.837000,10992,10993,10993,1
2020-05-27,16:37:18.878000,10992,10993,10992,3
2020-05-27,16:37:20.345000,10992,10993,10993,1
2020-05-27,16:37:20.805000,10992,10993,10992,2
2020-05-27,16:37:20.805000,10992,10993,10992,3
2020-05-27,16:37:21.537000,10991,10992,10991,3
2020-05-27,16:37:21.538000,10991,10992,10991,2
2020-05-27,16:37:21.538000,10991,10992,10991,2
2020-05-27,16:37:24.998000,10990,10991,10991,1
2020-05-27,16:37:26.757000,10990,10991,10990,1
2020-05-27,16:37:28.416000,10990,10991,10991,1
2020-05-27,16:37:28.460000,10990,10991,10991,1
2020-05-27,16:37:28.641000,10990,10991,10991,4
2020-05-27,16:37:28.697000,10990,10991,10991,6
2020-05-27,16:37:28.998000,10990,10992,10991,1
2020-05-27,16:37:35.026000,10990,10992,10992,1
