2019-04-25,15:00:00.044000,11015,11016,11015,122
2019-04-25,15:00:00.045000,11015,11016,11016,1
2019-04-25,15:00:00.162000,11015,11016,11016,1
2019-04-25,15:00:00.224000,11015,11016,11016,1
2019-04-25,15:00:00.347000,11015,11016,11016,1
2019-04-25,15:00:00.348000,11015,11016,11016,3
2019-04-25,15:00:00.450000,11015,11016,11016,2
2019-04-25,15:00:00.458000,11015,11016,11015,4
2019-04-25,15:00:00.671000,11015,11016,11016,5
2019-04-25,15:00:00.822000,11016,11017,11016,1
2019-04-25,15:00:00.853000,11016,11017,11016,1
2019-04-25,15:00:00.917000,11016,11017,11016,1
2019-04-25,15:00:00.996000,11015,11017,11015,25
2019-04-25,15:00:01.069000,11015,11017,11015,1
2019-04-25,15:00:01.106000,11015,11017,11015,1
2019-04-25,15:00:01.106000,11015,11017,11014,1
2019-04-25,15:00:01.246000,11015,11016,11016,1
2019-04-25,15:00:01.517000,11014,11015,11015,1
2019-04-25,15:00:01.548000,11014,11015,11015,4
2019-04-25,15:00:01.613000,11014,11015,11014,1
2019-04-25,15:00:01.642000,11014,11015,11014,1
2019-04-25,15:00:01.659000,11014,11015,11014,1
2019-04-25,15:00:01.664000,11014,11015,11014,1
2019-04-25,15:00:01.695000,11014,11016,11014,1
2019-04-25,15:00:02.006000,11014,11016,11014,1
2019-04-25,15:00:02.160000,11014,11016,11015,2
2019-04-25,15:00:02.220000,11015,11016,11016,1
2019-04-25,15:00:02.237000,11015,11016,11016,2
2019-04-25,15:00:02.704000,11015,11016,11015,2
2019-04-25,15:00:02.877000,11014,11016,11014,1
2019-04-25,15:00:03.348000,11015,11016,11016,1
2019-04-25,15:00:03.392000,11015,11016,11015,2
2019-04-25,15:00:03.392000,11015,11016,11014,1
2019-04-25,15:00:03.498000,11014,11016,11016,3
2019-04-25,15:00:04.198000,11015,11016,11015,1
2019-04-25,15:00:04.423000,11014,11015,11015,1
2019-04-25,15:00:04.626000,11014,11015,11016,4
2019-04-25,15:00:05.078000,11014,11015,11015,2
2019-04-25,15:00:05.078000,11014,11015,11016,1
2019-04-25,15:00:05.337000,11014,11016,11014,1
2019-04-25,15:00:05.854000,11014,11016,11014,2
2019-04-25,15:00:06.701000,11014,11015,11015,1
2019-04-25,15:00:07.348000,11014,11015,11015,1
2019-04-25,15:00:07.410000,11014,11015,11015,1
2019-04-25,15:00:07.473000,11014,11015,11015,1
2019-04-25,15:00:07.578000,11014,11015,11015,1
2019-04-25,15:00:08.523000,11014,11015,11015,1
2019-04-25,15:00:08.673000,11014,11015,11015,2
2019-04-25,15:00:08.775000,11014,11015,11015,2
2019-04-25,15:00:08.798000,11014,11015,11015,1
2019-04-25,15:00:09.344000,11014,11015,11015,2
2019-04-25,15:00:10.206000,11015,11016,11016,1
2019-04-25,15:00:10.824000,11015,11016,11015,1
2019-04-25,15:00:11.524000,11015,11016,11015,1
2019-04-25,15:00:11.738000,11015,11016,11015,1
2019-04-25,15:00:11.871000,11015,11016,11016,4
2019-04-25,15:00:12.966000,11015,11016,11016,1
2019-04-25,15:00:12.982000,11015,11016,11015,1
2019-04-25,15:00:13.342000,11015,11016,11016,1
2019-04-25,15:00:13.356000,11015,11016,11016,3
2019-04-25,15:00:13.382000,11015,11016,11015,16
2019-04-25,15:00:13.382000,11015,11016,11014,24
2019-04-25,15:00:13.560000,11014,11015,11014,2
2019-04-25,15:00:14.125000,11014,11015,11015,1
2019-04-25,15:00:14.161000,11014,11015,11015,2
2019-04-25,15:00:14.173000,11014,11015,11015,2
2019-04-25,15:00:14.839000,11015,11016,11015,2
2019-04-25,15:00:15.078000,11014,11015,11015,2
2019-04-25,15:00:15.141000,11014,11015,11015,1
2019-04-25,15:00:17.212000,11014,11015,11015,1
2019-04-25,15:00:17.550000,11014,11015,11015,2
2019-04-25,15:00:18.866000,11015,11016,11015,2
2019-04-25,15:00:19.812000,11015,11016,11016,2
2019-04-25,15:00:21.093000,11015,11016,11016,5
2019-04-25,15:00:21.239000,11015,11016,11016,1
2019-04-25,15:00:21.458000,11015,11016,11016,1
2019-04-25,15:00:21.570000,11015,11016,11015,1
2019-04-25,15:00:22.225000,11015,11016,11015,1
2019-04-25,15:00:23.064000,11015,11016,11016,1
2019-04-25,15:00:23.117000,11015,11016,11016,4
2019-04-25,15:00:25.099000,11015,11016,11016,1
2019-04-25,15:00:25.237000,11015,11016,11015,1
2019-04-25,15:00:25.332000,11015,11016,11015,1
2019-04-25,15:00:25.741000,11015,11016,11015,5
2019-04-25,15:00:27.662000,11015,11016,11016,3
2019-04-25,15:00:27.733000,11015,11016,11015,1
2019-04-25,15:00:28.662000,11015,11016,11016,5
2019-04-25,15:00:29.387000,11015,11016,11016,1
2019-04-25,15:00:30.104000,11015,11016,11016,2
2019-04-25,15:00:30.568000,11015,11016,11016,1
2019-04-25,15:00:30.626000,11015,11016,11016,2
2019-04-25,15:00:31.229000,11015,11016,11016,2
2019-04-25,15:00:31.622000,11015,11016,11016,2
2019-04-25,15:00:33.054000,11015,11016,11015,1
2019-04-25,15:00:34.788000,11015,11016,11015,1
2019-04-25,15:00:35.564000,11015,11016,11015,10
2019-04-25,15:00:35.613000,11015,11016,11016,5
2019-04-25,15:00:36.071000,11015,11016,11016,2
2019-04-25,15:00:37.069000,11015,11016,11015,1
2019-04-25,15:00:37.130000,11015,11016,11015,43
2019-04-25,15:00:37.131000,11015,11016,11015,1
2019-04-25,15:00:37.193000,11014,11015,11015,1
2019-04-25,15:00:37.491000,11014,11015,11014,1
2019-04-25,15:00:37.491000,11014,11015,11014,1
2019-04-25,15:00:37.607000,11014,11016,11015,1
2019-04-25,15:00:37.820000,11015,11016,11016,1
2019-04-25,15:00:39.392000,11015,11016,11016,2
2019-04-25,15:00:40.245000,11015,11016,11015,1
2019-04-25,15:00:40.753000,11015,11016,11015,1
2019-04-25,15:00:42.029000,11015,11016,11016,5
2019-04-25,15:00:43.641000,11015,11016,11015,1
2019-04-25,15:00:45.235000,11015,11016,11016,3
2019-04-25,15:00:45.658000,11015,11016,11015,1
2019-04-25,15:00:45.712000,11015,11016,11015,1
2019-04-25,15:00:46.064000,11015,11016,11016,1
2019-04-25,15:00:46.136000,11015,11016,11016,1
2019-04-25,15:00:46.156000,11015,11016,11016,1
2019-04-25,15:00:46.649000,11015,11016,11015,2
2019-04-25,15:00:49.120000,11015,11016,11015,2
2019-04-25,15:00:50.589000,11015,11016,11016,5
2019-04-25,15:00:51.080000,11015,11016,11016,1
2019-04-25,15:00:51.968000,11015,11016,11015,3
2019-04-25,15:00:52.698000,11015,11016,11015,1
2019-04-25,15:00:53.654000,11015,11016,11015,7
2019-04-25,15:00:53.654000,11015,11016,11014,23
2019-04-25,15:00:54.213000,11014,11015,11015,1
2019-04-25,15:00:54.943000,11014,11015,11014,1
2019-04-25,15:00:56.557000,11014,11015,11015,5
2019-04-25,15:00:57.928000,11014,11015,11015,20
2019-04-25,15:00:58.084000,11015,11016,11015,1
2019-04-25,15:00:58.860000,11015,11016,11015,5
2019-04-25,15:00:58.957000,11015,11016,11015,1
2019-04-25,15:01:00.120000,11015,11016,11015,1
2019-04-25,15:01:00.659000,11014,11016,11014,2
2019-04-25,15:01:00.703000,11014,11016,11014,1
2019-04-25,15:01:00.818000,11014,11016,11014,1
2019-04-25,15:01:02.328000,11015,11016,11015,1
2019-04-25,15:01:02.814000,11015,11016,11015,2
2019-04-25,15:01:02.955000,11015,11016,11016,5
2019-04-25,15:01:04.050000,11015,11016,11015,5
2019-04-25,15:01:05.832000,11015,11016,11015,1
2019-04-25,15:01:05.995000,11015,11016,11016,16
2019-04-25,15:01:06.048000,11015,11016,11016,5
2019-04-25,15:01:06.048000,11015,11016,11016,7
2019-04-25,15:01:06.048000,11015,11016,11016,3
2019-04-25,15:01:06.049000,11015,11016,11015,4
2019-04-25,15:01:06.160000,11015,11016,11015,1
2019-04-25,15:01:06.331000,11016,11017,11017,13
2019-04-25,15:01:06.331000,11016,11017,11018,2
2019-04-25,15:01:06.612000,11017,11018,11018,14
2019-04-25,15:01:06.612000,11017,11018,11019,26
2019-04-25,15:01:06.637000,11017,11018,11018,1
2019-04-25,15:01:06.671000,11017,11018,11020,1
2019-04-25,15:01:06.673000,11018,11020,11019,2
2019-04-25,15:01:06.776000,11018,11020,11019,1
2019-04-25,15:01:06.813000,11019,11020,11019,1
2019-04-25,15:01:07.136000,11019,11020,11020,1
2019-04-25,15:01:07.273000,11019,11020,11019,1
2019-04-25,15:01:07.475000,11019,11020,11019,1
2019-04-25,15:01:07.552000,11018,11020,11018,1
2019-04-25,15:01:07.684000,11018,11020,11018,1
2019-04-25,15:01:07.693000,11018,11020,11019,1
2019-04-25,15:01:07.722000,11018,11020,11019,1
2019-04-25,15:01:07.802000,11018,11019,11018,1
2019-04-25,15:01:09.192000,11017,11018,11017,5
2019-04-25,15:01:10.618000,11016,11018,11018,1
2019-04-25,15:01:11.800000,11017,11018,11018,5
2019-04-25,15:01:13.922000,11017,11018,11018,2
2019-04-25,15:01:14.132000,11017,11018,11018,1
2019-04-25,15:01:15.557000,11017,11018,11017,5
2019-04-25,15:01:15.673000,11017,11018,11017,1
2019-04-25,15:01:17.053000,11016,11017,11017,1
2019-04-25,15:01:17.136000,11016,11017,11016,2
2019-04-25,15:01:18.397000,11016,11017,11017,5
2019-04-25,15:01:18.536000,11016,11017,11016,2
2019-04-25,15:01:18.815000,11016,11017,11016,2
2019-04-25,15:01:18.923000,11016,11017,11016,1
2019-04-25,15:01:19.727000,11015,11017,11017,1
2019-04-25,15:01:24.173000,11016,11017,11016,1
2019-04-25,15:01:25.034000,11015,11016,11016,4
2019-04-25,15:01:25.549000,11015,11016,11016,5
2019-04-25,15:01:26.107000,11015,11016,11016,2
2019-04-25,15:01:28.181000,11015,11016,11016,2
2019-04-25,15:01:32.105000,11015,11016,11016,5
2019-04-25,15:01:32.507000,11015,11016,11015,2
2019-04-25,15:01:32.619000,11015,11016,11015,16
2019-04-25,15:01:32.800000,11015,11016,11015,1
2019-04-25,15:01:33.249000,11015,11016,11015,5
2019-04-25,15:01:34.342000,11015,11016,11016,2
2019-04-25,15:01:34.745000,11015,11016,11016,1
2019-04-25,15:01:38.335000,11015,11016,11016,1
2019-04-25,15:01:38.807000,11015,11016,11016,5
2019-04-25,15:01:39.544000,11015,11016,11016,1
2019-04-25,15:01:39.559000,11015,11016,11015,1
2019-04-25,15:01:40.689000,11015,11016,11016,2
2019-04-25,15:01:42.606000,11015,11016,11016,1
2019-04-25,15:01:42.733000,11015,11016,11016,1
2019-04-25,15:01:43.562000,11015,11016,11015,5
2019-04-25,15:01:43.779000,11015,11016,11016,1
2019-04-25,15:01:44.468000,11015,11016,11015,1
2019-04-25,15:01:45.673000,11015,11016,11015,1
2019-04-25,15:01:45.702000,11015,11016,11015,2
2019-04-25,15:01:45.772000,11015,11016,11016,5
2019-04-25,15:01:47.109000,11015,11016,11016,1
2019-04-25,15:01:51.490000,11015,11016,11016,1
2019-04-25,15:01:52.171000,11015,11016,11016,5
2019-04-25,15:01:53.109000,11015,11016,11016,1
2019-04-25,15:01:53.367000,11015,11016,11015,2
2019-04-25,15:01:54.780000,11015,11016,11016,1
2019-04-25,15:01:55.448000,11015,11016,11016,5
2019-04-25,15:01:57.173000,11015,11016,11016,1
2019-04-25,15:01:57.733000,11015,11016,11016,1
2019-04-25,15:01:58.375000,11015,11016,11016,2
2019-04-25,15:01:59.294000,11016,11017,11017,5
2019-04-25,15:02:02.792000,11016,11017,11016,10
2019-04-25,15:02:02.979000,11016,11017,11016,1
2019-04-25,15:02:03.127000,11015,11016,11016,4
2019-04-25,15:02:03.556000,11015,11016,11015,1
2019-04-25,15:02:04.763000,11015,11016,11015,8
2019-04-25,15:02:04.765000,11015,11016,11015,2
2019-04-25,15:02:04.765000,11015,11016,11015,1
2019-04-25,15:02:04.765000,11015,11016,11015,2
2019-04-25,15:02:04.765000,11015,11016,11015,1
2019-04-25,15:02:05.298000,11015,11016,11015,2
2019-04-25,15:02:05.425000,11015,11016,11016,5
2019-04-25,15:02:05.616000,11015,11016,11016,1
2019-04-25,15:02:06.087000,11015,11016,11016,1
2019-04-25,15:02:09.311000,11015,11016,11016,1
2019-04-25,15:02:11.060000,11015,11016,11016,6
2019-04-25,15:02:11.455000,11015,11016,11016,1
2019-04-25,15:02:12.852000,11015,11016,11016,1
2019-04-25,15:02:13.121000,11015,11016,11016,1
2019-04-25,15:02:13.789000,11015,11016,11016,1
2019-04-25,15:02:14.907000,11015,11016,11016,1
2019-04-25,15:02:14.908000,11015,11016,11016,1
2019-04-25,15:02:15.443000,11015,11016,11016,1
2019-04-25,15:02:16.009000,11015,11016,11016,1
2019-04-25,15:02:18.032000,11015,11016,11016,1
2019-04-25,15:02:19.453000,11015,11016,11015,1
2019-04-25,15:02:19.691000,11015,11016,11016,1
2019-04-25,15:02:23.797000,11015,11016,11016,1
2019-04-25,15:02:24.399000,11015,11016,11016,1
2019-04-25,15:02:25.695000,11015,11016,11016,2
2019-04-25,15:02:26.485000,11015,11016,11016,10
2019-04-25,15:02:29.085000,11016,11017,11016,1
2019-04-25,15:02:30.172000,11016,11017,11016,2
2019-04-25,15:02:32.295000,11015,11016,11016,1
2019-04-25,15:02:32.972000,11015,11016,11016,1
2019-04-25,15:02:33.202000,11015,11016,11015,10
2019-04-25,15:02:33.209000,11015,11016,11016,1
2019-04-25,15:02:33.567000,11015,11016,11016,1
2019-04-25,15:02:33.742000,11015,11016,11016,2
2019-04-25,15:02:33.797000,11015,11016,11016,2
2019-04-25,15:02:35.019000,11016,11017,11017,5
2019-04-25,15:02:35.717000,11016,11017,11016,7
2019-04-25,15:02:35.717000,11016,11017,11015,3
2019-04-25,15:02:50.422000,11016,11017,11017,1
2019-04-25,15:02:52.314000,11016,11017,11016,2
2019-04-25,15:02:53.671000,11016,11017,11016,1
2019-04-25,15:02:53.738000,11016,11017,11016,5
2019-04-25,15:02:55.067000,11015,11016,11015,2
2019-04-25,15:02:58.231000,11015,11016,11015,4
2019-04-25,15:02:58.238000,11015,11016,11015,1
2019-04-25,15:03:02.888000,11015,11016,11015,7
2019-04-25,15:03:04.794000,11015,11016,11015,2
2019-04-25,15:03:05.175000,11015,11016,11015,4
2019-04-25,15:03:05.176000,11015,11016,11015,62
2019-04-25,15:03:05.298000,11014,11016,11014,4
2019-04-25,15:03:05.299000,11014,11016,11014,2
2019-04-25,15:03:05.305000,11014,11016,11014,2
2019-04-25,15:03:05.305000,11014,11016,11014,6
2019-04-25,15:03:05.423000,11014,11015,11014,24
2019-04-25,15:03:05.423000,11014,11015,11014,3
2019-04-25,15:03:05.518000,11014,11015,11014,8
2019-04-25,15:03:05.673000,11013,11014,11013,5
2019-04-25,15:03:05.673000,11013,11014,11013,4
2019-04-25,15:03:05.689000,11013,11014,11013,1
2019-04-25,15:03:05.828000,11013,11014,11013,1
2019-04-25,15:03:05.856000,11013,11014,11013,2
2019-04-25,15:03:05.856000,11013,11014,11013,1
2019-04-25,15:03:05.856000,11013,11014,11013,1
2019-04-25,15:03:05.923000,11013,11014,11013,4
2019-04-25,15:03:06.374000,11013,11014,11013,1
2019-04-25,15:03:06.423000,11013,11014,11013,1
2019-04-25,15:03:06.511000,11013,11014,11013,2
2019-04-25,15:03:06.548000,11013,11014,11013,1
2019-04-25,15:03:06.784000,11013,11014,11014,1
2019-04-25,15:03:09.837000,11013,11014,11014,1
2019-04-25,15:03:10.068000,11013,11014,11013,5
2019-04-25,15:03:11.551000,11013,11014,11013,3
2019-04-25,15:03:11.751000,11013,11014,11013,3
2019-04-25,15:03:11.904000,11013,11014,11013,1
2019-04-25,15:03:12.714000,11013,11014,11013,1
2019-04-25,15:03:14.320000,11013,11014,11014,1
2019-04-25,15:03:15.723000,11013,11014,11014,1
2019-04-25,15:03:16.914000,11013,11014,11014,2
2019-04-25,15:03:16.914000,11013,11014,11015,1
2019-04-25,15:03:18.060000,11013,11014,11013,5
2019-04-25,15:03:19.188000,11013,11014,11013,1
2019-04-25,15:03:19.546000,11013,11014,11014,11
2019-04-25,15:03:20.874000,11013,11015,11015,1
2019-04-25,15:03:21.684000,11014,11015,11014,1
2019-04-25,15:03:22.695000,11013,11015,11013,5
2019-04-25,15:03:25.158000,11014,11015,11014,1
2019-04-25,15:03:27.391000,11014,11015,11014,1
2019-04-25,15:03:27.430000,11014,11015,11014,2
2019-04-25,15:03:27.587000,11014,11015,11015,1
2019-04-25,15:03:27.633000,11014,11015,11014,1
2019-04-25,15:03:27.699000,11013,11014,11014,1
2019-04-25,15:03:29.884000,11014,11015,11014,1
2019-04-25,15:03:30.817000,11013,11014,11014,1
2019-04-25,15:03:32.115000,11014,11015,11014,5
2019-04-25,15:03:32.240000,11014,11015,11014,1
2019-04-25,15:03:33.173000,11014,11015,11014,1
2019-04-25,15:03:33.173000,11014,11015,11014,1
2019-04-25,15:03:34.258000,11013,11015,11015,1
2019-04-25,15:03:35.618000,11014,11015,11014,1
2019-04-25,15:03:35.618000,11014,11015,11013,4
2019-04-25,15:03:36.397000,11013,11015,11013,1
2019-04-25,15:03:36.566000,11013,11014,11013,4
2019-04-25,15:03:36.573000,11013,11014,11014,5
2019-04-25,15:03:38.060000,11014,11015,11015,1
2019-04-25,15:03:38.740000,11014,11015,11014,1
2019-04-25,15:03:40.913000,11014,11015,11014,1
2019-04-25,15:03:41.119000,11014,11015,11014,2
2019-04-25,15:03:41.265000,11014,11015,11014,1
2019-04-25,15:03:42.096000,11014,11015,11014,1
2019-04-25,15:03:44.222000,11014,11015,11014,2
2019-04-25,15:03:46.613000,11014,11015,11014,1
2019-04-25,15:03:47.191000,11014,11015,11015,1
2019-04-25,15:03:49.423000,11014,11015,11015,22
2019-04-25,15:03:49.450000,11014,11015,11015,2
2019-04-25,15:03:52.030000,11015,11016,11016,5
2019-04-25,15:03:54.210000,11015,11016,11015,1
2019-04-25,15:03:54.380000,11015,11016,11016,1
2019-04-25,15:03:55.499000,11015,11016,11015,1
2019-04-25,15:03:55.499000,11015,11016,11014,1
2019-04-25,15:03:58.258000,11014,11015,11015,1
2019-04-25,15:04:00.037000,11015,11016,11016,1
2019-04-25,15:04:00.632000,11015,11016,11015,1
2019-04-25,15:04:03.003000,11015,11016,11015,3
2019-04-25,15:04:03.749000,11014,11015,11015,1
2019-04-25,15:04:03.816000,11014,11015,11014,1
2019-04-25,15:04:04.673000,11014,11015,11015,1
2019-04-25,15:04:04.745000,11014,11015,11015,1
2019-04-25,15:04:05.982000,11014,11016,11014,1
2019-04-25,15:04:08.079000,11014,11015,11015,2
2019-04-25,15:04:11.567000,11014,11015,11015,2
2019-04-25,15:04:18.515000,11014,11015,11015,1
2019-04-25,15:04:22.609000,11014,11015,11014,5
2019-04-25,15:04:25.249000,11014,11015,11015,1
2019-04-25,15:04:31.582000,11014,11015,11015,1
2019-04-25,15:04:32.511000,11014,11015,11015,1
2019-04-25,15:04:34.676000,11014,11015,11015,1
2019-04-25,15:04:34.773000,11014,11015,11015,1
2019-04-25,15:04:38.908000,11014,11015,11014,1
2019-04-25,15:04:40.452000,11014,11015,11015,1
2019-04-25,15:04:45.103000,11014,11015,11014,5
2019-04-25,15:04:48.284000,11014,11015,11015,1
2019-04-25,15:04:53.421000,11014,11015,11015,2
2019-04-25,15:04:54.958000,11014,11015,11015,2
2019-04-25,15:04:55.302000,11014,11015,11015,5
2019-04-25,15:04:57.742000,11014,11015,11015,1
2019-04-25,15:04:58.007000,11014,11015,11015,5
2019-04-25,15:04:59.411000,11014,11015,11015,1
2019-04-25,15:05:00.757000,11014,11015,11014,5
2019-04-25,15:05:00.798000,11014,11015,11014,2
2019-04-25,15:05:00.983000,11014,11015,11014,1
2019-04-25,15:05:00.983000,11014,11015,11014,1
2019-04-25,15:05:00.989000,11014,11015,11014,1
2019-04-25,15:05:00.989000,11014,11015,11014,1
2019-04-25,15:05:01.443000,11014,11015,11014,1
2019-04-25,15:05:01.443000,11014,11015,11014,2
2019-04-25,15:05:01.443000,11014,11015,11014,1
2019-04-25,15:05:01.443000,11014,11015,11014,2
2019-04-25,15:05:01.646000,11014,11015,11014,6
2019-04-25,15:05:02.050000,11014,11015,11014,1
2019-04-25,15:05:02.134000,11014,11015,11015,1
2019-04-25,15:05:02.351000,11014,11015,11015,1
2019-04-25,15:05:02.365000,11014,11015,11014,1
2019-04-25,15:05:03.098000,11014,11015,11014,10
2019-04-25,15:05:03.173000,11014,11015,11014,9
2019-04-25,15:05:03.283000,11014,11015,11014,2
2019-04-25,15:05:03.934000,11013,11014,11014,1
2019-04-25,15:05:05.734000,11013,11014,11014,1
2019-04-25,15:05:07.230000,11013,11014,11014,1
2019-04-25,15:05:09.327000,11013,11014,11013,1
2019-04-25,15:05:09.423000,11013,11014,11013,1
2019-04-25,15:05:09.423000,11013,11014,11013,3
2019-04-25,15:05:11.434000,11013,11014,11014,1
2019-04-25,15:05:13.325000,11013,11014,11013,10
2019-04-25,15:05:15.149000,11013,11014,11013,1
2019-04-25,15:05:16.924000,11013,11014,11013,1
2019-04-25,15:05:17.214000,11013,11014,11013,1
2019-04-25,15:05:21.193000,11013,11014,11014,2
2019-04-25,15:05:21.282000,11013,11014,11013,1
2019-04-25,15:05:21.341000,11013,11014,11013,8
2019-04-25,15:05:23.807000,11013,11014,11013,3
2019-04-25,15:05:25.058000,11013,11014,11013,1
2019-04-25,15:05:26.550000,11013,11014,11014,26
2019-04-25,15:05:26.673000,11013,11014,11014,1
2019-04-25,15:05:28.898000,11014,11015,11014,2
2019-04-25,15:05:32.092000,11013,11015,11013,12
2019-04-25,15:05:44.865000,11013,11014,11014,1
2019-04-25,15:05:49.025000,11013,11014,11014,1
2019-04-25,15:05:49.154000,11013,11014,11013,6
2019-04-25,15:05:49.399000,11013,11014,11014,5
2019-04-25,15:05:49.712000,11013,11014,11013,10
2019-04-25,15:05:51.672000,11013,11014,11013,2
2019-04-25,15:05:54.420000,11013,11014,11013,10
2019-04-25,15:05:54.784000,11013,11014,11014,2
2019-04-25,15:05:56.873000,11013,11014,11014,1
2019-04-25,15:05:57.966000,11013,11014,11013,4
2019-04-25,15:05:58.003000,11013,11014,11013,1
2019-04-25,15:05:58.271000,11013,11014,11013,4
2019-04-25,15:06:06.719000,11013,11014,11014,1
2019-04-25,15:06:07.347000,11013,11014,11014,5
2019-04-25,15:06:10.468000,11013,11014,11013,1
2019-04-25,15:06:11.810000,11013,11014,11013,1
2019-04-25,15:06:21.681000,11013,11014,11013,1
2019-04-25,15:06:27.791000,11013,11014,11013,1
2019-04-25,15:06:28.722000,11013,11014,11014,2
2019-04-25,15:06:28.828000,11013,11014,11014,21
2019-04-25,15:06:39.191000,11014,11015,11015,21
2019-04-25,15:06:39.503000,11015,11016,11015,1
2019-04-25,15:06:46.952000,11015,11016,11016,5
2019-04-25,15:06:47.561000,11015,11016,11016,1
2019-04-25,15:06:47.759000,11015,11016,11016,1
2019-04-25,15:06:58.372000,11015,11016,11016,1
2019-04-25,15:06:58.856000,11015,11016,11015,2
2019-04-25,15:07:01.465000,11015,11016,11015,1
2019-04-25,15:07:04.623000,11015,11016,11015,2
2019-04-25,15:07:08.722000,11015,11016,11015,1
2019-04-25,15:07:13.095000,11015,11016,11015,10
2019-04-25,15:07:14.036000,11015,11016,11015,1
2019-04-25,15:07:17.696000,11015,11016,11015,1
2019-04-25,15:07:22.449000,11015,11016,11015,1
2019-04-25,15:07:27.344000,11015,11016,11016,4
2019-04-25,15:07:27.548000,11015,11016,11016,1
2019-04-25,15:07:36.065000,11015,11016,11016,2
2019-04-25,15:07:39.542000,11015,11016,11016,1
2019-04-25,15:07:40.391000,11015,11016,11016,8
2019-04-25,15:07:40.915000,11015,11016,11016,1
2019-04-25,15:07:41.431000,11015,11016,11016,1
2019-04-25,15:07:41.499000,11015,11016,11016,1
2019-04-25,15:07:44.806000,11015,11016,11016,1
2019-04-25,15:07:47.330000,11015,11016,11016,1
2019-04-25,15:07:47.441000,11015,11016,11016,4
2019-04-25,15:07:47.942000,11015,11016,11016,1
2019-04-25,15:07:51.622000,11015,11016,11016,1
2019-04-25,15:07:56.540000,11015,11016,11016,6
2019-04-25,15:07:56.642000,11015,11016,11015,1
2019-04-25,15:07:57.892000,11015,11016,11016,1
2019-04-25,15:07:58.913000,11015,11016,11015,1
2019-04-25,15:07:58.913000,11015,11016,11015,1
2019-04-25,15:07:58.945000,11015,11016,11015,1
2019-04-25,15:07:59.821000,11015,11016,11015,2
2019-04-25,15:08:01.354000,11015,11016,11015,10
2019-04-25,15:08:01.438000,11015,11016,11015,2
2019-04-25,15:08:02.103000,11015,11016,11016,1
2019-04-25,15:08:02.454000,11015,11016,11015,9
2019-04-25,15:08:02.473000,11015,11016,11015,2
2019-04-25,15:08:02.548000,11015,11016,11015,32
2019-04-25,15:08:02.673000,11015,11016,11015,7
2019-04-25,15:08:11.909000,11014,11015,11014,1
2019-04-25,15:08:15.022000,11014,11015,11014,2
2019-04-25,15:08:15.597000,11014,11015,11014,1
2019-04-25,15:08:15.742000,11014,11015,11014,2
2019-04-25,15:08:16.064000,11014,11015,11014,1
2019-04-25,15:08:16.229000,11014,11015,11014,2
2019-04-25,15:08:16.835000,11014,11015,11014,2
2019-04-25,15:08:16.914000,11014,11015,11014,5
2019-04-25,15:08:17.315000,11014,11015,11014,3
2019-04-25,15:08:17.516000,11014,11015,11014,3
2019-04-25,15:08:18.062000,11014,11015,11014,2
2019-04-25,15:08:18.220000,11014,11015,11014,1
2019-04-25,15:08:18.430000,11014,11015,11014,1
2019-04-25,15:08:18.458000,11014,11015,11014,1
2019-04-25,15:08:19.218000,11014,11015,11014,1
2019-04-25,15:08:21.124000,11013,11014,11014,1
2019-04-25,15:08:22.425000,11013,11014,11014,1
2019-04-25,15:08:23.926000,11014,11015,11014,1
2019-04-25,15:08:24.042000,11014,11015,11014,1
2019-04-25,15:08:25.294000,11013,11014,11014,1
2019-04-25,15:08:26.647000,11013,11014,11014,1
2019-04-25,15:08:29.187000,11014,11015,11014,4
2019-04-25,15:08:29.190000,11014,11015,11014,1
2019-04-25,15:08:43.359000,11014,11015,11015,1
2019-04-25,15:08:44.548000,11014,11015,11015,9
2019-04-25,15:08:45.207000,11015,11016,11015,1
2019-04-25,15:08:45.244000,11015,11016,11015,2
2019-04-25,15:08:45.255000,11015,11016,11015,2
2019-04-25,15:08:45.301000,11014,11015,11015,6
2019-04-25,15:08:45.584000,11014,11015,11015,1
2019-04-25,15:08:57.967000,11014,11015,11015,3
2019-04-25,15:08:59.928000,11014,11015,11015,2
2019-04-25,15:09:02.460000,11014,11015,11015,1
2019-04-25,15:09:04.041000,11014,11015,11015,1
2019-04-25,15:09:04.899000,11014,11015,11014,2
2019-04-25,15:09:08.876000,11014,11015,11014,1
2019-04-25,15:09:14.883000,11014,11015,11014,3
2019-04-25,15:09:17.191000,11014,11015,11014,1
2019-04-25,15:09:18.666000,11014,11015,11014,1
2019-04-25,15:09:24.611000,11014,11015,11015,46
2019-04-25,15:09:25.527000,11015,11016,11015,1
2019-04-25,15:09:26.471000,11015,11016,11015,2
2019-04-25,15:09:28.373000,11015,11016,11016,4
2019-04-25,15:09:28.390000,11015,11016,11015,1
2019-04-25,15:09:28.518000,11015,11016,11016,1
2019-04-25,15:09:28.897000,11015,11016,11016,3
2019-04-25,15:09:30.895000,11015,11016,11016,1
2019-04-25,15:09:33.266000,11015,11016,11015,2
2019-04-25,15:09:33.449000,11015,11016,11015,4
2019-04-25,15:09:34.405000,11014,11015,11015,2
2019-04-25,15:09:35,11014,11015,11015,1
2019-04-25,15:09:35.006000,11014,11015,11015,1
2019-04-25,15:09:35.743000,11014,11016,11016,1
2019-04-25,15:09:39.888000,11014,11015,11015,1
2019-04-25,15:09:44.833000,11014,11015,11015,2
2019-04-25,15:09:44.833000,11014,11015,11016,2
2019-04-25,15:09:47.004000,11015,11016,11015,1
2019-04-25,15:09:53.549000,11014,11015,11015,3
2019-04-25,15:10:00.968000,11015,11016,11015,1
2019-04-25,15:10:02.526000,11014,11015,11014,1
2019-04-25,15:10:02.857000,11014,11015,11014,1
2019-04-25,15:10:03.880000,11014,11015,11015,1
2019-04-25,15:10:05.260000,11014,11015,11015,1
2019-04-25,15:10:06.608000,11015,11016,11015,1
2019-04-25,15:10:08.183000,11015,11016,11015,1
2019-04-25,15:10:11.761000,11015,11016,11015,7
2019-04-25,15:10:12.671000,11015,11016,11015,2
2019-04-25,15:10:16.551000,11015,11016,11015,1
2019-04-25,15:10:17.036000,11015,11016,11015,2
2019-04-25,15:10:22.529000,11015,11016,11015,2
2019-04-25,15:10:23.623000,11015,11016,11015,2
2019-04-25,15:10:25.408000,11015,11016,11015,5
2019-04-25,15:10:32.573000,11015,11016,11016,1
2019-04-25,15:10:34.771000,11015,11016,11015,1
2019-04-25,15:10:41.345000,11015,11016,11015,1
2019-04-25,15:10:44.222000,11015,11016,11015,2
2019-04-25,15:10:45.430000,11015,11016,11015,2
2019-04-25,15:10:45.469000,11015,11016,11015,1
2019-04-25,15:10:46.140000,11015,11016,11015,1
2019-04-25,15:10:46.245000,11015,11016,11015,5
2019-04-25,15:10:46.577000,11015,11016,11015,2
2019-04-25,15:10:48.987000,11015,11016,11015,1
2019-04-25,15:10:51.723000,11015,11016,11015,1
2019-04-25,15:10:53.577000,11015,11016,11015,1
2019-04-25,15:10:55.811000,11015,11016,11015,1
2019-04-25,15:11:00.874000,11015,11016,11015,1
2019-04-25,15:11:05.975000,11015,11016,11015,1
2019-04-25,15:11:05.975000,11015,11016,11015,1
2019-04-25,15:11:09.926000,11014,11015,11015,1
2019-04-25,15:11:11.638000,11014,11015,11015,1
2019-04-25,15:11:14.618000,11014,11015,11015,1
2019-04-25,15:11:16.588000,11014,11015,11015,1
2019-04-25,15:11:16.899000,11014,11015,11015,5
2019-04-25,15:11:16.973000,11014,11015,11014,1
2019-04-25,15:11:27.693000,11014,11015,11015,1
2019-04-25,15:11:33.144000,11014,11015,11015,1
2019-04-25,15:11:33.332000,11014,11015,11014,1
2019-04-25,15:11:34.038000,11014,11015,11015,1
2019-04-25,15:11:35.769000,11014,11015,11014,1
2019-04-25,15:11:37.354000,11014,11015,11015,1
2019-04-25,15:11:40.131000,11014,11015,11014,1
2019-04-25,15:11:56.142000,11014,11015,11015,5
2019-04-25,15:12:01.192000,11014,11015,11014,5
2019-04-25,15:12:02.161000,11014,11015,11014,2
2019-04-25,15:12:02.570000,11014,11015,11015,6
2019-04-25,15:12:02.746000,11014,11015,11014,1
2019-04-25,15:12:02.756000,11014,11015,11014,1
2019-04-25,15:12:02.767000,11014,11015,11014,2
2019-04-25,15:12:02.776000,11014,11015,11014,1
2019-04-25,15:12:02.792000,11014,11015,11014,2
2019-04-25,15:12:02.798000,11014,11015,11014,7
2019-04-25,15:12:02.805000,11014,11015,11014,1
2019-04-25,15:12:02.862000,11014,11015,11014,1
2019-04-25,15:12:03.749000,11014,11015,11014,2
2019-04-25,15:12:06.811000,11014,11015,11014,4
2019-04-25,15:12:06.813000,11014,11015,11014,2
2019-04-25,15:12:06.923000,11014,11015,11014,3
2019-04-25,15:12:07.048000,11014,11015,11014,1
2019-04-25,15:12:07.048000,11014,11015,11014,1
2019-04-25,15:12:07.173000,11014,11015,11014,2
2019-04-25,15:12:07.934000,11014,11015,11014,3
2019-04-25,15:12:08.135000,11014,11015,11014,3
2019-04-25,15:12:08.148000,11014,11015,11014,2
2019-04-25,15:12:08.173000,11014,11015,11014,4
2019-04-25,15:12:08.174000,11014,11015,11014,1
2019-04-25,15:12:08.174000,11014,11015,11014,1
2019-04-25,15:12:08.284000,11014,11015,11014,1
2019-04-25,15:12:08.298000,11014,11015,11014,2
2019-04-25,15:12:08.298000,11014,11015,11014,1
2019-04-25,15:12:13.922000,11013,11014,11013,1
2019-04-25,15:12:18.093000,11013,11014,11014,1
2019-04-25,15:12:18.093000,11013,11014,11014,1
2019-04-25,15:12:18.093000,11013,11014,11014,1
2019-04-25,15:12:18.173000,11013,11014,11014,10
2019-04-25,15:12:19.729000,11014,11015,11014,1
2019-04-25,15:12:20.555000,11014,11015,11014,1
2019-04-25,15:12:36.022000,11013,11014,11014,1
2019-04-25,15:12:39.193000,11013,11014,11014,5
2019-04-25,15:12:46.505000,11013,11014,11014,1
2019-04-25,15:12:49.798000,11013,11014,11014,10
2019-04-25,15:12:51.298000,11013,11014,11014,1
2019-04-25,15:12:57.438000,11013,11014,11014,1
2019-04-25,15:13:02.871000,11013,11014,11014,2
2019-04-25,15:13:03.611000,11013,11014,11014,1
2019-04-25,15:13:04.311000,11013,11014,11014,2
2019-04-25,15:13:04.733000,11013,11014,11014,1
2019-04-25,15:13:04.746000,11013,11014,11014,1
2019-04-25,15:13:05.206000,11013,11014,11013,2
2019-04-25,15:13:05.476000,11013,11014,11014,8
2019-04-25,15:13:05.476000,11013,11014,11014,2
2019-04-25,15:13:06.196000,11014,11015,11014,1
2019-04-25,15:13:09,11014,11015,11014,1
2019-04-25,15:13:09.393000,11014,11015,11014,2
2019-04-25,15:13:10.673000,11014,11015,11014,1
2019-04-25,15:13:18.224000,11014,11015,11014,1
2019-04-25,15:13:27.624000,11014,11015,11014,2
2019-04-25,15:13:29.962000,11014,11015,11014,1
2019-04-25,15:13:31.516000,11014,11015,11014,1
2019-04-25,15:13:36.357000,11014,11015,11014,1
2019-04-25,15:13:42.905000,11014,11015,11015,5
2019-04-25,15:13:44.742000,11014,11015,11015,3
2019-04-25,15:13:44.911000,11014,11015,11015,3
2019-04-25,15:13:48.423000,11014,11015,11015,18
2019-04-25,15:13:48.993000,11015,11016,11015,2
2019-04-25,15:13:49.175000,11014,11015,11015,8
2019-04-25,15:13:54.824000,11015,11016,11015,1
2019-04-25,15:13:55.427000,11015,11016,11015,1
2019-04-25,15:14:04.272000,11015,11016,11015,1
2019-04-25,15:14:27.162000,11015,11016,11015,1
2019-04-25,15:14:27.769000,11015,11016,11016,1
2019-04-25,15:14:27.831000,11015,11016,11015,1
2019-04-25,15:14:28.053000,11015,11016,11015,10
2019-04-25,15:14:28.617000,11015,11016,11015,2
2019-04-25,15:14:29.313000,11015,11016,11015,4
2019-04-25,15:14:29.313000,11015,11016,11014,6
2019-04-25,15:14:30.652000,11014,11015,11015,1
2019-04-25,15:14:31.110000,11014,11015,11015,2
2019-04-25,15:14:31.766000,11014,11015,11015,1
2019-04-25,15:14:32.601000,11014,11015,11015,5
2019-04-25,15:14:33.686000,11014,11015,11015,1
2019-04-25,15:14:35.639000,11015,11016,11015,1
2019-04-25,15:14:35.639000,11015,11016,11014,4
2019-04-25,15:14:59.997000,11014,11015,11014,3
2019-04-25,15:15:00.048000,11014,11015,11014,15
2019-04-25,15:15:01.036000,11013,11014,11013,1
2019-04-25,15:15:01.278000,11013,11014,11014,1
2019-04-25,15:15:01.924000,11013,11014,11014,5
2019-04-25,15:15:02.165000,11013,11015,11013,5
2019-04-25,15:15:04.054000,11013,11014,11013,6
2019-04-25,15:15:04.333000,11013,11014,11014,4
2019-04-25,15:15:06.665000,11013,11014,11014,1
2019-04-25,15:15:07.319000,11013,11014,11013,1
2019-04-25,15:15:09.901000,11013,11014,11014,6
2019-04-25,15:15:09.934000,11013,11014,11014,4
2019-04-25,15:15:11.376000,11013,11014,11014,1
2019-04-25,15:15:15.050000,11013,11014,11014,1
2019-04-25,15:15:15.173000,11013,11014,11014,1
2019-04-25,15:15:18.475000,11013,11015,11015,2
2019-04-25,15:15:22.152000,11013,11015,11013,10
2019-04-25,15:15:23.065000,11013,11015,11013,2
2019-04-25,15:15:23.090000,11013,11015,11013,3
2019-04-25,15:15:23.774000,11013,11014,11014,1
2019-04-25,15:15:27.125000,11014,11015,11014,2
2019-04-25,15:15:28.848000,11014,11015,11014,1
2019-04-25,15:15:39.063000,11014,11015,11014,7
2019-04-25,15:15:39.147000,11014,11015,11014,7
2019-04-25,15:15:39.189000,11014,11015,11014,2
2019-04-25,15:15:40.961000,11014,11015,11014,1
2019-04-25,15:15:42.251000,11013,11015,11013,10
2019-04-25,15:15:47.126000,11014,11015,11014,1
2019-04-25,15:15:52.582000,11013,11014,11014,2
2019-04-25,15:15:57.071000,11013,11014,11013,1
2019-04-25,15:15:57.649000,11013,11014,11013,2
2019-04-25,15:15:57.840000,11013,11014,11014,5
2019-04-25,15:16:07.052000,11013,11014,11013,6
2019-04-25,15:16:08.045000,11013,11014,11014,1
2019-04-25,15:16:19.541000,11013,11014,11013,18
2019-04-25,15:16:20.438000,11013,11014,11013,3
2019-04-25,15:16:21.050000,11013,11014,11014,1
2019-04-25,15:16:25.549000,11013,11014,11014,14
2019-04-25,15:16:26.126000,11014,11015,11014,1
2019-04-25,15:16:26.177000,11014,11015,11014,1
2019-04-25,15:16:26.248000,11014,11015,11014,1
2019-04-25,15:16:27.278000,11014,11015,11014,1
2019-04-25,15:16:27.796000,11014,11015,11014,6
2019-04-25,15:16:28.869000,11013,11014,11014,1
2019-04-25,15:16:29.437000,11013,11014,11014,2
2019-04-25,15:16:31.450000,11013,11014,11014,1
2019-04-25,15:16:34.441000,11014,11015,11014,1
2019-04-25,15:16:35.004000,11014,11015,11014,1
2019-04-25,15:16:37.807000,11014,11015,11015,4
2019-04-25,15:16:39.529000,11014,11015,11014,1
2019-04-25,15:16:42.056000,11014,11015,11015,3
2019-04-25,15:16:43.510000,11014,11015,11014,1
2019-04-25,15:17:00.617000,11014,11015,11014,1
2019-04-25,15:17:03.016000,11014,11015,11015,6
2019-04-25,15:17:07.391000,11014,11015,11015,2
2019-04-25,15:17:09.638000,11014,11015,11015,1
2019-04-25,15:17:12.347000,11014,11015,11015,1
2019-04-25,15:17:15.551000,11014,11015,11014,1
2019-04-25,15:17:15.551000,11014,11015,11014,1
2019-04-25,15:17:16.754000,11014,11015,11015,2
2019-04-25,15:17:18.998000,11014,11015,11015,1
2019-04-25,15:17:22.317000,11014,11015,11015,14
2019-04-25,15:17:22.423000,11014,11015,11015,8
2019-04-25,15:17:23.010000,11015,11016,11015,10
2019-04-25,15:17:32.550000,11014,11015,11015,6
2019-04-25,15:17:32.955000,11014,11015,11015,1
2019-04-25,15:17:36.798000,11014,11015,11015,1
2019-04-25,15:17:36.923000,11014,11015,11015,1
2019-04-25,15:17:37.305000,11014,11015,11015,1
2019-04-25,15:17:37.305000,11014,11015,11015,1
2019-04-25,15:17:37.305000,11014,11015,11015,1
2019-04-25,15:17:37.305000,11014,11015,11015,1
2019-04-25,15:17:38.503000,11015,11016,11015,1
2019-04-25,15:17:44.904000,11014,11015,11015,1
2019-04-25,15:17:48.709000,11014,11015,11015,1
2019-04-25,15:17:49.793000,11014,11015,11015,3
2019-04-25,15:17:58.960000,11015,11016,11015,5
2019-04-25,15:17:59.661000,11015,11016,11015,1
2019-04-25,15:17:59.665000,11015,11016,11015,1
2019-04-25,15:17:59.667000,11015,11016,11015,1
2019-04-25,15:17:59.682000,11015,11016,11015,5
2019-04-25,15:17:59.798000,11015,11016,11015,1
2019-04-25,15:18:02.376000,11015,11016,11015,1
2019-04-25,15:18:02.379000,11015,11016,11015,1
2019-04-25,15:18:03.935000,11015,11016,11015,2
2019-04-25,15:18:06.673000,11015,11016,11016,2
2019-04-25,15:18:07.423000,11015,11016,11016,3
2019-04-25,15:18:07.423000,11015,11016,11016,1
2019-04-25,15:18:07.424000,11015,11016,11016,2
2019-04-25,15:18:07.424000,11015,11016,11016,1
2019-04-25,15:18:07.424000,11015,11016,11016,2
2019-04-25,15:18:07.424000,11015,11016,11016,1
2019-04-25,15:18:07.424000,11015,11016,11016,1
2019-04-25,15:18:07.548000,11015,11016,11016,1
2019-04-25,15:18:07.548000,11015,11016,11016,19
2019-04-25,15:18:07.548000,11015,11016,11016,4
2019-04-25,15:18:07.548000,11015,11016,11016,6
2019-04-25,15:18:09.599000,11016,11017,11017,1
2019-04-25,15:18:09.638000,11016,11017,11016,1
2019-04-25,15:18:10.614000,11016,11017,11016,1
2019-04-25,15:18:10.798000,11016,11017,11016,1
2019-04-25,15:18:10.841000,11016,11017,11016,1
2019-04-25,15:18:10.880000,11016,11017,11016,1
2019-04-25,15:18:13.353000,11016,11017,11016,1
2019-04-25,15:18:14.304000,11015,11016,11015,2
2019-04-25,15:18:14.606000,11015,11016,11016,1
2019-04-25,15:18:19.612000,11015,11016,11016,10
2019-04-25,15:18:25.747000,11015,11016,11016,2
2019-04-25,15:18:27.286000,11015,11016,11016,1
2019-04-25,15:18:27.924000,11015,11016,11016,1
2019-04-25,15:18:30.888000,11015,11016,11016,3
2019-04-25,15:18:39.786000,11015,11016,11016,1
2019-04-25,15:18:44.296000,11015,11016,11016,2
2019-04-25,15:18:52.981000,11015,11016,11016,1
2019-04-25,15:18:54.222000,11015,11016,11016,1
2019-04-25,15:18:55.550000,11015,11016,11016,2
2019-04-25,15:18:55.842000,11015,11016,11016,1
2019-04-25,15:19:08.738000,11016,11017,11016,1
2019-04-25,15:19:08.776000,11016,11017,11016,1
2019-04-25,15:19:08.798000,11016,11017,11016,1
2019-04-25,15:19:08.798000,11016,11017,11016,1
2019-04-25,15:19:08.798000,11016,11017,11016,1
2019-04-25,15:19:08.799000,11016,11017,11016,1
2019-04-25,15:19:08.799000,11016,11017,11016,2
2019-04-25,15:19:08.800000,11016,11017,11016,1
2019-04-25,15:19:08.800000,11016,11017,11016,1
2019-04-25,15:19:09.015000,11015,11016,11015,10
2019-04-25,15:19:09.316000,11015,11016,11015,10
2019-04-25,15:19:10.936000,11015,11016,11016,8
2019-04-25,15:19:17.068000,11015,11016,11016,1
2019-04-25,15:19:18.378000,11015,11016,11015,9
2019-04-25,15:19:18.423000,11015,11016,11015,3
2019-04-25,15:19:21.656000,11014,11015,11014,2
2019-04-25,15:19:23.257000,11014,11015,11015,1
2019-04-25,15:19:24.518000,11014,11015,11015,2
2019-04-25,15:19:38.986000,11014,11015,11015,1
2019-04-25,15:19:39.859000,11014,11015,11015,3
2019-04-25,15:19:47.739000,11014,11015,11014,10
2019-04-25,15:19:50.734000,11014,11015,11014,1
2019-04-25,15:19:56.154000,11014,11015,11014,1
2019-04-25,15:19:57.183000,11014,11015,11014,1
2019-04-25,15:19:57.265000,11014,11015,11014,2
2019-04-25,15:20:08.171000,11014,11015,11015,1
2019-04-25,15:20:21.248000,11014,11015,11014,5
2019-04-25,15:20:34.188000,11014,11015,11014,2
2019-04-25,15:20:43.970000,11014,11015,11015,1
2019-04-25,15:20:45.574000,11014,11015,11015,2
2019-04-25,15:20:45.574000,11014,11015,11015,3
2019-04-25,15:20:46.488000,11014,11015,11015,2
2019-04-25,15:20:48.370000,11014,11015,11015,1
2019-04-25,15:21:04.073000,11014,11015,11015,1
2019-04-25,15:21:11.860000,11014,11015,11014,1
2019-04-25,15:21:11.927000,11014,11015,11014,1
2019-04-25,15:21:11.948000,11014,11015,11014,10
2019-04-25,15:21:11.953000,11014,11015,11014,1
2019-04-25,15:21:11.987000,11014,11015,11014,2
2019-04-25,15:21:12.127000,11013,11014,11013,2
2019-04-25,15:21:12.140000,11013,11014,11013,2
2019-04-25,15:21:12.179000,11013,11014,11013,2
2019-04-25,15:21:12.222000,11013,11014,11013,4
2019-04-25,15:21:13.900000,11013,11014,11014,1
2019-04-25,15:21:19.173000,11013,11014,11014,2
2019-04-25,15:21:19.305000,11013,11014,11013,1
2019-04-25,15:21:19.307000,11013,11014,11013,2
2019-04-25,15:21:19.308000,11013,11014,11013,1
2019-04-25,15:21:19.310000,11013,11014,11013,2
2019-04-25,15:21:19.311000,11013,11014,11013,1
2019-04-25,15:21:23.024000,11013,11014,11014,1
2019-04-25,15:21:31.294000,11013,11014,11014,2
2019-04-25,15:21:36.174000,11013,11014,11014,1
2019-04-25,15:22:03.332000,11013,11014,11014,1
2019-04-25,15:22:04.626000,11013,11014,11014,5
2019-04-25,15:22:05.371000,11013,11014,11014,1
2019-04-25,15:22:07.112000,11013,11014,11013,5
2019-04-25,15:22:12.306000,11013,11014,11014,1
2019-04-25,15:22:18.144000,11013,11014,11014,1
2019-04-25,15:22:27.615000,11013,11014,11014,1
2019-04-25,15:22:36.473000,11013,11014,11014,8
2019-04-25,15:22:38.276000,11013,11014,11014,1
2019-04-25,15:22:41.095000,11013,11014,11014,1
2019-04-25,15:22:46.477000,11014,11015,11014,2
2019-04-25,15:22:58.937000,11013,11014,11014,1
2019-04-25,15:23:18.991000,11013,11014,11014,1
2019-04-25,15:23:22.109000,11013,11014,11014,1
2019-04-25,15:23:22.832000,11013,11014,11013,1
2019-04-25,15:23:22.858000,11013,11014,11013,3
2019-04-25,15:23:22.861000,11013,11014,11013,1
2019-04-25,15:23:22.875000,11013,11014,11013,3
2019-04-25,15:23:22.953000,11013,11014,11013,2
2019-04-25,15:23:26.327000,11013,11014,11014,1
2019-04-25,15:23:39.623000,11013,11014,11013,1
2019-04-25,15:23:39.645000,11013,11014,11014,1
2019-04-25,15:23:39.821000,11013,11014,11014,1
2019-04-25,15:23:40.398000,11013,11014,11014,1
2019-04-25,15:23:46.180000,11013,11014,11014,1
2019-04-25,15:23:49.777000,11013,11014,11014,1
2019-04-25,15:23:51.745000,11013,11014,11014,1
2019-04-25,15:23:53.146000,11013,11014,11014,1
2019-04-25,15:23:57.752000,11013,11014,11014,1
2019-04-25,15:24:00.817000,11013,11014,11014,1
2019-04-25,15:24:01.459000,11013,11014,11013,1
2019-04-25,15:24:03.154000,11013,11014,11013,10
2019-04-25,15:24:04.297000,11013,11014,11013,1
2019-04-25,15:24:07.457000,11013,11014,11013,1
2019-04-25,15:24:08.901000,11013,11014,11013,1
2019-04-25,15:24:08.901000,11013,11014,11013,1
2019-04-25,15:24:09.295000,11013,11014,11013,1
2019-04-25,15:24:13.677000,11013,11014,11013,1
2019-04-25,15:24:16.330000,11013,11014,11013,19
2019-04-25,15:24:23.263000,11012,11013,11013,2
2019-04-25,15:24:26.235000,11012,11013,11013,1
2019-04-25,15:24:29.673000,11012,11013,11012,24
2019-04-25,15:24:29.798000,11012,11013,11012,22
2019-04-25,15:24:29.798000,11012,11013,11012,25
2019-04-25,15:24:29.800000,11012,11013,11012,35
2019-04-25,15:24:29.973000,11011,11013,11012,1
2019-04-25,15:24:30.048000,11011,11012,11011,4
2019-04-25,15:24:30.065000,11011,11012,11011,4
2019-04-25,15:24:30.075000,11011,11012,11011,1
2019-04-25,15:24:30.203000,11011,11012,11011,1
2019-04-25,15:24:30.289000,11011,11012,11012,1
2019-04-25,15:24:31.564000,11011,11012,11011,2
2019-04-25,15:24:32.568000,11011,11012,11011,2
2019-04-25,15:24:32.568000,11011,11012,11011,1
2019-04-25,15:24:32.568000,11011,11012,11011,1
2019-04-25,15:24:33.221000,11011,11012,11011,1
2019-04-25,15:24:34.648000,11011,11012,11011,1
2019-04-25,15:24:35.962000,11011,11012,11011,1
2019-04-25,15:24:36.102000,11011,11012,11011,1
2019-04-25,15:24:36.284000,11011,11012,11011,1
2019-04-25,15:24:36.919000,11011,11012,11011,1
2019-04-25,15:24:37.849000,11011,11012,11011,1
2019-04-25,15:24:41.872000,11011,11012,11011,1
2019-04-25,15:24:43.474000,11011,11012,11011,1
2019-04-25,15:24:43.843000,11011,11012,11011,1
2019-04-25,15:24:44.766000,11011,11012,11011,10
2019-04-25,15:24:48.150000,11011,11012,11011,1
2019-04-25,15:24:49.330000,11011,11012,11011,5
2019-04-25,15:24:52.722000,11011,11012,11011,1
2019-04-25,15:24:54.764000,11011,11012,11012,1
2019-04-25,15:24:56.303000,11011,11012,11011,1
2019-04-25,15:24:57.870000,11011,11012,11012,2
2019-04-25,15:24:58.237000,11011,11012,11012,4
2019-04-25,15:25:00.724000,11011,11012,11012,1
2019-04-25,15:25:00.724000,11011,11012,11012,1
2019-04-25,15:25:00.724000,11011,11012,11012,1
2019-04-25,15:25:00.942000,11012,11013,11012,5
2019-04-25,15:25:01.205000,11012,11013,11012,1
2019-04-25,15:25:02.611000,11012,11013,11012,1
2019-04-25,15:25:10.911000,11011,11013,11011,4
2019-04-25,15:25:15,11011,11013,11011,3
2019-04-25,15:25:18.914000,11012,11013,11012,1
2019-04-25,15:25:19.262000,11011,11012,11012,5
2019-04-25,15:25:20.669000,11011,11012,11012,3
2019-04-25,15:25:21.174000,11011,11012,11012,1
2019-04-25,15:25:21.356000,11011,11012,11012,1
2019-04-25,15:25:25.676000,11011,11012,11011,3
2019-04-25,15:25:29.505000,11011,11012,11011,4
2019-04-25,15:25:32.132000,11011,11012,11011,1
2019-04-25,15:25:36.124000,11011,11012,11011,1
2019-04-25,15:25:36.125000,11011,11012,11011,1
2019-04-25,15:25:36.303000,11011,11012,11011,2
2019-04-25,15:25:36.866000,11011,11012,11011,3
2019-04-25,15:25:38.533000,11011,11012,11011,1
2019-04-25,15:25:41.040000,11011,11012,11011,4
2019-04-25,15:25:45.183000,11011,11012,11011,1
2019-04-25,15:25:57.928000,11011,11012,11011,1
2019-04-25,15:26:05.012000,11011,11012,11011,5
2019-04-25,15:26:05.651000,11011,11012,11011,5
2019-04-25,15:26:06.371000,11011,11012,11011,1
2019-04-25,15:26:06.377000,11011,11012,11011,3
2019-04-25,15:26:06.377000,11011,11012,11011,1
2019-04-25,15:26:06.377000,11011,11012,11011,3
2019-04-25,15:26:06.388000,11011,11012,11011,2
2019-04-25,15:26:09.174000,11011,11012,11011,1
2019-04-25,15:26:09.684000,11011,11012,11011,2
2019-04-25,15:26:11.072000,11011,11012,11011,10
2019-04-25,15:26:12.189000,11011,11012,11011,1
2019-04-25,15:26:12.288000,11011,11012,11011,5
2019-04-25,15:26:12.301000,11010,11011,11011,5
2019-04-25,15:26:13.313000,11011,11012,11011,1
2019-04-25,15:26:14.581000,11011,11012,11011,4
2019-04-25,15:26:17.272000,11011,11012,11011,1
2019-04-25,15:26:17.889000,11011,11012,11011,2
2019-04-25,15:26:18.412000,11011,11012,11011,1
2019-04-25,15:26:21.210000,11011,11012,11011,1
2019-04-25,15:26:21.349000,11011,11012,11011,3
2019-04-25,15:26:21.358000,11011,11012,11011,1
2019-04-25,15:26:21.372000,11011,11012,11011,3
2019-04-25,15:26:21.372000,11011,11012,11011,1
2019-04-25,15:26:21.402000,11011,11012,11011,2
2019-04-25,15:26:21.762000,11011,11012,11011,1
2019-04-25,15:26:23.301000,11010,11011,11011,1
2019-04-25,15:26:24.645000,11011,11012,11011,1
2019-04-25,15:26:27.688000,11010,11011,11011,1
2019-04-25,15:26:30.413000,11010,11011,11011,1
2019-04-25,15:26:30.441000,11010,11011,11011,7
2019-04-25,15:26:33.787000,11011,11012,11011,1
2019-04-25,15:26:34.345000,11011,11012,11011,5
2019-04-25,15:26:36.402000,11011,11012,11011,10
2019-04-25,15:26:40.077000,11011,11012,11011,1
2019-04-25,15:26:45.402000,11011,11012,11012,15
2019-04-25,15:26:45.961000,11011,11012,11011,1
2019-04-25,15:26:48.273000,11011,11012,11011,2
2019-04-25,15:26:50.424000,11011,11012,11012,2
2019-04-25,15:26:50.718000,11012,11013,11012,5
2019-04-25,15:26:53.693000,11011,11013,11013,2
2019-04-25,15:27:02.528000,11011,11012,11011,19
2019-04-25,15:27:02.528000,11011,11012,11010,41
2019-04-25,15:27:02.570000,11010,11012,11010,4
2019-04-25,15:27:02.596000,11010,11012,11010,1
2019-04-25,15:27:02.781000,11010,11011,11010,1
2019-04-25,15:27:07.123000,11010,11011,11011,1
2019-04-25,15:27:09.602000,11010,11011,11010,1
2019-04-25,15:27:10.805000,11010,11011,11011,3
2019-04-25,15:27:12.054000,11010,11011,11010,10
2019-04-25,15:27:13.059000,11010,11011,11011,1
2019-04-25,15:27:16.182000,11010,11011,11011,1
2019-04-25,15:27:22.742000,11010,11011,11011,2
2019-04-25,15:27:26.594000,11010,11011,11011,5
2019-04-25,15:27:32.878000,11010,11011,11011,2
2019-04-25,15:27:33.501000,11010,11011,11011,2
2019-04-25,15:27:38.014000,11010,11011,11010,10
2019-04-25,15:27:39.832000,11010,11011,11010,2
2019-04-25,15:27:43.583000,11010,11011,11010,1
2019-04-25,15:27:43.583000,11010,11011,11010,1
2019-04-25,15:27:43.675000,11010,11011,11010,21
2019-04-25,15:27:47.114000,11009,11010,11010,1
2019-04-25,15:27:51.492000,11010,11011,11010,5
2019-04-25,15:27:54.410000,11009,11010,11010,1
2019-04-25,15:27:54.548000,11009,11010,11010,1
2019-04-25,15:27:55.845000,11009,11010,11010,4
2019-04-25,15:27:58.459000,11010,11011,11010,1
2019-04-25,15:28:02.075000,11010,11011,11010,2
2019-04-25,15:28:04.751000,11010,11011,11010,1
2019-04-25,15:28:07.008000,11010,11011,11011,3
2019-04-25,15:28:07.268000,11010,11011,11010,1
2019-04-25,15:28:08.508000,11010,11011,11011,17
2019-04-25,15:28:08.689000,11011,11012,11011,5
2019-04-25,15:28:10.753000,11011,11012,11011,10
2019-04-25,15:28:11.569000,11011,11012,11011,2
2019-04-25,15:28:13.998000,11010,11012,11010,1
2019-04-25,15:28:17.170000,11010,11012,11010,1
2019-04-25,15:28:25.024000,11010,11012,11010,15
2019-04-25,15:28:30.809000,11010,11012,11012,4
2019-04-25,15:28:36.975000,11011,11012,11011,1
2019-04-25,15:28:39.892000,11011,11012,11011,10
2019-04-25,15:28:47.741000,11011,11012,11012,2
2019-04-25,15:28:49.362000,11011,11012,11012,10
2019-04-25,15:28:50.058000,11011,11012,11011,1
2019-04-25,15:28:50.791000,11011,11012,11012,1
2019-04-25,15:28:52.002000,11011,11012,11012,5
2019-04-25,15:29:02.668000,11011,11012,11012,10
2019-04-25,15:29:06.104000,11011,11012,11011,2
2019-04-25,15:29:06.332000,11011,11012,11012,1
2019-04-25,15:29:07.289000,11011,11012,11012,1
2019-04-25,15:29:07.323000,11011,11012,11011,6
2019-04-25,15:29:08.453000,11010,11011,11011,1
2019-04-25,15:29:09.245000,11010,11011,11011,1
2019-04-25,15:29:11.659000,11010,11011,11010,1
2019-04-25,15:29:21.064000,11010,11011,11010,1
2019-04-25,15:29:26.657000,11010,11011,11010,1
2019-04-25,15:29:33.261000,11010,11011,11011,1
2019-04-25,15:29:36.418000,11010,11011,11011,2
2019-04-25,15:29:43.826000,11011,11012,11011,1
2019-04-25,15:29:52.924000,11011,11012,11011,3
2019-04-25,15:30:01.114000,11010,11011,11011,1
2019-04-25,15:30:01.429000,11010,11011,11010,1
2019-04-25,15:30:01.653000,11010,11011,11010,8
2019-04-25,15:30:02.620000,11010,11011,11011,1
2019-04-25,15:30:02.632000,11010,11011,11011,1
2019-04-25,15:30:02.883000,11010,11011,11011,1
2019-04-25,15:30:02.915000,11010,11011,11011,8
2019-04-25,15:30:03.245000,11010,11011,11011,1
2019-04-25,15:30:03.258000,11010,11011,11011,1
2019-04-25,15:30:04.193000,11010,11011,11011,3
2019-04-25,15:30:08.892000,11010,11011,11011,1
2019-04-25,15:30:08.923000,11010,11011,11011,4
2019-04-25,15:30:08.971000,11010,11011,11011,1
2019-04-25,15:30:14.923000,11011,11012,11012,17
2019-04-25,15:30:15.048000,11011,11012,11012,2
2019-04-25,15:30:15.048000,11011,11012,11012,2
2019-04-25,15:30:18.143000,11012,11013,11012,5
2019-04-25,15:30:19.403000,11012,11013,11012,10
2019-04-25,15:30:21.069000,11012,11013,11013,1
2019-04-25,15:30:22.367000,11012,11013,11012,1
2019-04-25,15:30:26.461000,11012,11013,11013,1
2019-04-25,15:30:30.717000,11012,11013,11013,1
2019-04-25,15:30:38.756000,11012,11013,11012,4
2019-04-25,15:30:38.997000,11012,11013,11013,1
2019-04-25,15:30:40.104000,11012,11013,11012,10
2019-04-25,15:30:40.370000,11012,11013,11012,1
2019-04-25,15:30:40.371000,11012,11013,11012,1
2019-04-25,15:30:40.371000,11012,11013,11012,1
2019-04-25,15:30:42.047000,11011,11013,11013,1
2019-04-25,15:30:43.620000,11011,11012,11013,1
2019-04-25,15:30:52.601000,11012,11013,11012,3
2019-04-25,15:30:56.475000,11012,11013,11012,5
2019-04-25,15:30:57.998000,11012,11013,11012,1
2019-04-25,15:30:58.760000,11012,11013,11012,1
2019-04-25,15:31:03.435000,11011,11012,11012,1
2019-04-25,15:31:03.528000,11011,11012,11012,1
2019-04-25,15:31:03.998000,11011,11012,11012,1
2019-04-25,15:31:04.615000,11011,11012,11012,4
2019-04-25,15:31:04.708000,11011,11012,11012,1
2019-04-25,15:31:05.425000,11011,11012,11012,1
2019-04-25,15:31:05.466000,11011,11012,11012,2
2019-04-25,15:31:08.009000,11011,11013,11013,4
2019-04-25,15:31:08.663000,11011,11013,11012,1
2019-04-25,15:31:08.673000,11012,11013,11013,3
2019-04-25,15:31:08.674000,11012,11013,11013,9
2019-04-25,15:31:08.674000,11012,11013,11013,3
2019-04-25,15:31:08.938000,11013,11014,11013,5
2019-04-25,15:31:09.312000,11013,11014,11013,5
2019-04-25,15:31:12.433000,11013,11014,11013,1
2019-04-25,15:31:12.925000,11012,11013,11013,2
2019-04-25,15:31:13.078000,11012,11014,11014,1
2019-04-25,15:31:13.512000,11012,11014,11012,25
2019-04-25,15:31:14.907000,11012,11013,11012,1
2019-04-25,15:31:17.334000,11012,11013,11013,1
2019-04-25,15:31:19.138000,11012,11013,11013,1
2019-04-25,15:31:20.011000,11012,11014,11014,1
2019-04-25,15:31:25.698000,11012,11013,11013,1
2019-04-25,15:31:26.702000,11012,11013,11013,9
2019-04-25,15:31:30.113000,11013,11014,11013,3
2019-04-25,15:31:31.818000,11012,11013,11013,1
2019-04-25,15:31:31.818000,11012,11013,11013,2
2019-04-25,15:31:31.818000,11012,11013,11013,1
2019-04-25,15:31:35.905000,11013,11014,11014,1
2019-04-25,15:31:39.733000,11013,11014,11014,1
2019-04-25,15:31:40.072000,11013,11014,11013,1
2019-04-25,15:31:42.029000,11013,11014,11014,1
2019-04-25,15:31:45.476000,11013,11014,11014,1
2019-04-25,15:31:46.437000,11013,11014,11013,1
2019-04-25,15:31:46.838000,11013,11014,11014,1
2019-04-25,15:31:46.998000,11013,11014,11014,1
2019-04-25,15:31:48.685000,11013,11014,11013,10
2019-04-25,15:31:49.682000,11013,11014,11014,1
2019-04-25,15:31:51.746000,11013,11014,11014,1
2019-04-25,15:31:57.564000,11013,11014,11014,1
2019-04-25,15:32:01.262000,11013,11014,11014,3
2019-04-25,15:32:05.455000,11013,11014,11014,2
2019-04-25,15:32:07.288000,11013,11014,11014,4
2019-04-25,15:32:07.979000,11013,11014,11014,7
2019-04-25,15:32:14.600000,11014,11015,11015,4
2019-04-25,15:32:16.024000,11014,11015,11014,6
2019-04-25,15:32:18.248000,11013,11014,11014,1
2019-04-25,15:32:19.745000,11013,11014,11014,5
2019-04-25,15:32:19.745000,11013,11014,11015,5
2019-04-25,15:32:24.951000,11014,11015,11015,4
2019-04-25,15:32:31.510000,11014,11015,11014,2
2019-04-25,15:32:31.659000,11013,11014,11014,1
2019-04-25,15:32:31.659000,11013,11014,11015,4
2019-04-25,15:32:31.832000,11013,11015,11015,1
2019-04-25,15:32:31.924000,11013,11015,11015,1
2019-04-25,15:32:34.237000,11013,11015,11015,1
2019-04-25,15:32:36.604000,11013,11014,11014,1
2019-04-25,15:32:37.988000,11013,11015,11015,1
2019-04-25,15:32:39.840000,11013,11014,11014,1
2019-04-25,15:32:40.314000,11013,11014,11014,6
2019-04-25,15:32:43.119000,11013,11014,11014,3
2019-04-25,15:32:59.158000,11014,11015,11014,1
2019-04-25,15:33:00.871000,11014,11015,11014,1
2019-04-25,15:33:04.338000,11014,11015,11014,3
2019-04-25,15:33:05.029000,11013,11014,11014,1
2019-04-25,15:33:05.420000,11013,11014,11014,1
2019-04-25,15:33:07.940000,11013,11014,11014,1
2019-04-25,15:33:11.352000,11013,11014,11014,1
2019-04-25,15:33:12.223000,11013,11014,11014,3
2019-04-25,15:33:17.907000,11014,11015,11014,1
2019-04-25,15:33:18.491000,11014,11015,11014,1
2019-04-25,15:33:21.166000,11014,11015,11015,1
2019-04-25,15:33:28.491000,11014,11015,11015,1
2019-04-25,15:33:29.860000,11014,11015,11015,1
2019-04-25,15:33:33.676000,11014,11015,11015,1
2019-04-25,15:33:35.189000,11014,11015,11015,5
2019-04-25,15:33:39.504000,11014,11015,11014,1
2019-04-25,15:33:39.609000,11014,11015,11015,1
2019-04-25,15:33:40.221000,11014,11015,11015,1
2019-04-25,15:33:41.860000,11014,11015,11015,1
2019-04-25,15:34:00.183000,11014,11015,11014,1
2019-04-25,15:34:01.140000,11014,11015,11015,1
2019-04-25,15:34:04.961000,11014,11015,11014,1
2019-04-25,15:34:10.266000,11014,11015,11014,10
2019-04-25,15:34:26.941000,11014,11015,11014,6
2019-04-25,15:34:48.128000,11014,11015,11014,10
2019-04-25,15:34:48.601000,11014,11015,11015,1
2019-04-25,15:34:55.007000,11014,11015,11015,1
2019-04-25,15:35:00.627000,11014,11015,11015,1
2019-04-25,15:35:01.056000,11014,11015,11015,2
2019-04-25,15:35:05.433000,11014,11015,11015,1
2019-04-25,15:35:10.950000,11014,11015,11015,4
2019-04-25,15:35:11.235000,11014,11015,11015,1
2019-04-25,15:35:11.294000,11014,11015,11015,2
2019-04-25,15:35:15.236000,11014,11015,11015,1
2019-04-25,15:35:18.512000,11014,11015,11015,1
2019-04-25,15:35:24.010000,11014,11015,11014,1
2019-04-25,15:35:25.019000,11014,11015,11015,2
2019-04-25,15:35:28.026000,11014,11015,11015,1
2019-04-25,15:35:36.582000,11014,11015,11014,3
2019-04-25,15:35:41.386000,11014,11015,11014,10
2019-04-25,15:35:41.423000,11014,11015,11014,1
2019-04-25,15:35:41.423000,11014,11015,11014,6
2019-04-25,15:35:47.436000,11013,11014,11014,2
2019-04-25,15:35:48.754000,11014,11015,11014,1
2019-04-25,15:35:49.214000,11014,11015,11014,1
2019-04-25,15:35:51.718000,11014,11015,11014,1
2019-04-25,15:35:53.530000,11013,11014,11014,1
2019-04-25,15:35:56.811000,11013,11014,11014,1
2019-04-25,15:35:59.228000,11013,11014,11014,1
2019-04-25,15:35:59.819000,11013,11014,11014,1
2019-04-25,15:36:00.277000,11013,11015,11015,1
2019-04-25,15:36:02.459000,11014,11015,11014,1
2019-04-25,15:36:04.104000,11013,11014,11014,1
2019-04-25,15:36:04.943000,11013,11014,11014,1
2019-04-25,15:36:05.369000,11013,11014,11014,1
2019-04-25,15:36:06.114000,11014,11015,11014,1
2019-04-25,15:36:08.025000,11013,11014,11014,1
2019-04-25,15:36:11.007000,11013,11014,11014,1
2019-04-25,15:36:11.903000,11013,11014,11014,1
2019-04-25,15:36:12.242000,11013,11014,11014,1
2019-04-25,15:36:12.568000,11013,11014,11014,1
2019-04-25,15:36:31.325000,11013,11014,11014,1
2019-04-25,15:36:35.278000,11013,11014,11014,1
2019-04-25,15:36:36.380000,11013,11014,11014,1
2019-04-25,15:36:36.942000,11013,11014,11014,1
2019-04-25,15:36:37.188000,11013,11014,11014,1
2019-04-25,15:36:58.346000,11014,11015,11015,1
2019-04-25,15:36:58.636000,11014,11015,11014,2
2019-04-25,15:37:03.964000,11014,11015,11014,10
2019-04-25,15:37:04.048000,11014,11015,11014,2
2019-04-25,15:37:28.840000,11014,11015,11015,1
2019-04-25,15:37:49.933000,11014,11015,11015,2
2019-04-25,15:37:52.520000,11014,11015,11014,1
2019-04-25,15:37:52.520000,11014,11015,11014,1
2019-04-25,15:38:03.354000,11014,11015,11014,2
2019-04-25,15:38:03.662000,11014,11015,11014,2
2019-04-25,15:38:03.663000,11014,11015,11014,2
2019-04-25,15:38:03.663000,11014,11015,11014,4
2019-04-25,15:38:03.920000,11013,11014,11013,3
2019-04-25,15:38:04.030000,11013,11014,11013,4
2019-04-25,15:38:04.156000,11013,11014,11013,4
2019-04-25,15:38:04.184000,11013,11014,11013,4
2019-04-25,15:38:04.213000,11013,11014,11013,2
2019-04-25,15:38:04.220000,11013,11014,11013,7
2019-04-25,15:38:04.298000,11013,11014,11013,1
2019-04-25,15:38:12.308000,11012,11013,11012,1
2019-04-25,15:38:19.120000,11012,11013,11013,1
2019-04-25,15:38:21.656000,11013,11014,11013,1
2019-04-25,15:38:29.833000,11012,11013,11013,1
2019-04-25,15:38:35.440000,11012,11013,11013,1
2019-04-25,15:38:41.077000,11012,11013,11013,1
2019-04-25,15:38:48.456000,11012,11013,11013,1
2019-04-25,15:38:52.047000,11012,11013,11013,1
2019-04-25,15:39:00.223000,11013,11014,11013,1
2019-04-25,15:39:24.443000,11013,11014,11014,1
2019-04-25,15:39:24.443000,11013,11014,11015,1
2019-04-25,15:39:31.434000,11013,11015,11013,1
2019-04-25,15:39:34.582000,11013,11014,11014,1
2019-04-25,15:39:37.910000,11013,11014,11014,1
2019-04-25,15:39:38.227000,11013,11014,11014,1
2019-04-25,15:39:40.988000,11014,11015,11014,1
2019-04-25,15:39:44.197000,11014,11015,11014,1
2019-04-25,15:39:44.499000,11014,11015,11014,2
2019-04-25,15:39:53.572000,11014,11015,11015,3
2019-04-25,15:39:56.556000,11014,11015,11014,1
2019-04-25,15:40:05.103000,11014,11015,11014,2
2019-04-25,15:40:26.195000,11014,11015,11015,2
2019-04-25,15:40:50.705000,11014,11015,11014,2
2019-04-25,15:41:00.740000,11014,11015,11014,1
2019-04-25,15:41:03.005000,11014,11015,11014,4
2019-04-25,15:41:07.681000,11014,11015,11015,4
2019-04-25,15:41:26.798000,11014,11015,11014,1
2019-04-25,15:41:26.860000,11014,11015,11014,9
2019-04-25,15:41:26.923000,11014,11015,11014,2
2019-04-25,15:41:26.923000,11014,11015,11014,1
2019-04-25,15:41:26.923000,11014,11015,11014,1
2019-04-25,15:41:27.160000,11013,11014,11013,1
2019-04-25,15:41:27.459000,11013,11014,11013,7
2019-04-25,15:41:30.839000,11013,11014,11014,1
2019-04-25,15:41:32.163000,11013,11014,11013,1
2019-04-25,15:41:45.119000,11013,11014,11014,1
2019-04-25,15:41:57.432000,11013,11014,11014,1
2019-04-25,15:42:00.158000,11013,11014,11014,1
2019-04-25,15:42:03.056000,11013,11014,11013,5
2019-04-25,15:42:11.940000,11013,11014,11013,1
2019-04-25,15:42:19.287000,11013,11014,11013,2
2019-04-25,15:42:19.288000,11013,11014,11013,2
2019-04-25,15:42:19.289000,11013,11014,11013,1
2019-04-25,15:42:19.298000,11013,11014,11013,1
2019-04-25,15:42:19.298000,11013,11014,11013,5
2019-04-25,15:42:24.115000,11012,11013,11012,1
2019-04-25,15:42:26.355000,11012,11013,11013,3
2019-04-25,15:42:29.275000,11012,11013,11013,1
2019-04-25,15:42:38.535000,11012,11013,11012,2
2019-04-25,15:42:38.628000,11012,11013,11012,1
2019-04-25,15:42:38.721000,11012,11013,11012,1
2019-04-25,15:42:38.798000,11012,11013,11012,13
2019-04-25,15:42:38.923000,11012,11013,11012,13
2019-04-25,15:42:39.341000,11011,11012,11012,1
2019-04-25,15:42:45.043000,11011,11012,11012,1
2019-04-25,15:42:45.664000,11011,11012,11012,1
2019-04-25,15:42:49.182000,11011,11012,11012,1
2019-04-25,15:42:52.103000,11011,11012,11011,1
2019-04-25,15:42:52.213000,11011,11012,11012,1
2019-04-25,15:42:53.026000,11011,11012,11011,2
2019-04-25,15:42:56.642000,11011,11012,11012,3
2019-04-25,15:43:01.227000,11012,11013,11012,5
2019-04-25,15:43:02.166000,11011,11012,11011,4
2019-04-25,15:43:02.371000,11011,11012,11011,3
2019-04-25,15:43:02.390000,11011,11012,11011,3
2019-04-25,15:43:06.382000,11011,11012,11011,20
2019-04-25,15:43:07.065000,11011,11012,11011,5
2019-04-25,15:43:22.094000,11011,11012,11011,3
2019-04-25,15:43:25.742000,11011,11012,11011,1
2019-04-25,15:43:29.852000,11011,11012,11011,4
2019-04-25,15:43:46.613000,11011,11012,11011,1
2019-04-25,15:43:48.031000,11011,11012,11011,2
2019-04-25,15:43:50.713000,11011,11012,11011,13
2019-04-25,15:43:50.798000,11011,11012,11011,2
2019-04-25,15:43:50.798000,11011,11012,11011,1
2019-04-25,15:43:50.798000,11011,11012,11011,1
2019-04-25,15:43:50.983000,11010,11011,11010,2
2019-04-25,15:43:54.120000,11010,11011,11010,2
2019-04-25,15:43:54.140000,11010,11011,11010,2
2019-04-25,15:43:54.345000,11010,11011,11010,2
2019-04-25,15:43:54.611000,11010,11011,11010,2
2019-04-25,15:43:54.846000,11010,11011,11010,2
2019-04-25,15:43:55.075000,11010,11011,11010,2
2019-04-25,15:43:55.293000,11010,11011,11010,2
2019-04-25,15:43:55.550000,11010,11011,11010,2
2019-04-25,15:43:55.723000,11010,11011,11010,2
2019-04-25,15:43:58.252000,11010,11011,11010,4
2019-04-25,15:43:58.875000,11010,11011,11010,1
2019-04-25,15:43:59.300000,11010,11011,11011,1
2019-04-25,15:44:02.305000,11010,11011,11010,1
2019-04-25,15:44:02.557000,11010,11011,11011,1
2019-04-25,15:44:14.570000,11010,11011,11010,5
2019-04-25,15:44:15.487000,11010,11011,11010,5
2019-04-25,15:44:18.465000,11010,11011,11010,1
2019-04-25,15:44:30.227000,11010,11011,11010,6
2019-04-25,15:44:37.345000,11010,11011,11011,1
2019-04-25,15:44:43.869000,11010,11011,11010,1
2019-04-25,15:44:45.439000,11010,11011,11011,15
2019-04-25,15:44:50.436000,11010,11011,11011,1
2019-04-25,15:44:55.949000,11011,11012,11011,1
2019-04-25,15:45:08.546000,11011,11012,11011,1
2019-04-25,15:45:09.134000,11011,11012,11011,1
2019-04-25,15:45:09.693000,11010,11012,11010,2
2019-04-25,15:45:19.378000,11011,11012,11012,1
2019-04-25,15:45:19.378000,11011,11012,11012,2
2019-04-25,15:45:19.423000,11011,11012,11012,22
2019-04-25,15:45:30.920000,11012,11013,11013,1
2019-04-25,15:45:31.367000,11012,11013,11013,1
2019-04-25,15:45:40.500000,11012,11013,11013,1
2019-04-25,15:45:42.548000,11012,11013,11013,7
2019-04-25,15:45:42.673000,11012,11013,11013,4
2019-04-25,15:45:46.814000,11013,11014,11014,1
2019-04-25,15:46:01.296000,11013,11014,11014,1
2019-04-25,15:46:04.385000,11013,11014,11013,1
2019-04-25,15:46:08.934000,11013,11014,11014,2
2019-04-25,15:46:10.086000,11013,11014,11014,1
2019-04-25,15:46:17.539000,11013,11014,11013,1
2019-04-25,15:46:18.011000,11013,11014,11014,1
2019-04-25,15:46:23.608000,11013,11014,11014,1
2019-04-25,15:46:23.638000,11013,11014,11014,5
2019-04-25,15:46:35.203000,11013,11014,11014,1
2019-04-25,15:46:41.096000,11013,11014,11013,1
2019-04-25,15:46:41.858000,11013,11014,11014,1
2019-04-25,15:46:54.619000,11013,11014,11014,2
2019-04-25,15:47:01.571000,11013,11014,11013,1
2019-04-25,15:47:02.362000,11013,11014,11014,1
2019-04-25,15:47:06.437000,11013,11014,11014,3
2019-04-25,15:47:12.257000,11013,11014,11013,1
2019-04-25,15:47:13.020000,11013,11014,11013,5
2019-04-25,15:47:13.698000,11013,11014,11013,1
2019-04-25,15:47:16.163000,11013,11014,11013,1
2019-04-25,15:47:16.172000,11013,11014,11013,2
2019-04-25,15:47:16.183000,11013,11014,11013,1
2019-04-25,15:47:16.196000,11013,11014,11013,2
2019-04-25,15:47:20.146000,11013,11014,11013,2
2019-04-25,15:47:42.745000,11013,11014,11013,3
2019-04-25,15:48:19.403000,11013,11014,11013,20
2019-04-25,15:48:25.225000,11013,11014,11013,1
2019-04-25,15:48:25.858000,11013,11014,11013,2
2019-04-25,15:48:25.906000,11013,11014,11014,1
2019-04-25,15:48:36.212000,11012,11013,11013,1
2019-04-25,15:48:36.212000,11012,11013,11014,1
2019-04-25,15:48:57.445000,11013,11014,11013,2
2019-04-25,15:49:14.116000,11012,11013,11013,2
2019-04-25,15:49:20.047000,11012,11013,11013,1
2019-04-25,15:49:22.208000,11012,11013,11012,1
2019-04-25,15:49:29.523000,11012,11013,11012,1
2019-04-25,15:49:32.440000,11012,11013,11012,1
2019-04-25,15:49:41.762000,11012,11013,11012,7
2019-04-25,15:49:44.626000,11012,11013,11013,1
2019-04-25,15:49:53.526000,11012,11013,11013,1
2019-04-25,15:49:57.403000,11012,11013,11012,1
2019-04-25,15:50:02.947000,11012,11013,11012,3
2019-04-25,15:50:05.864000,11012,11013,11012,1
2019-04-25,15:50:10.384000,11011,11012,11012,1
2019-04-25,15:50:23.942000,11011,11012,11012,1
2019-04-25,15:50:34.590000,11011,11012,11012,3
2019-04-25,15:50:42.520000,11011,11012,11011,3
2019-04-25,15:51:01.642000,11011,11012,11011,4
2019-04-25,15:51:09.250000,11011,11012,11011,2
2019-04-25,15:51:11.385000,11011,11012,11011,1
2019-04-25,15:51:18.767000,11011,11012,11012,16
2019-04-25,15:51:21.822000,11012,11013,11013,1
2019-04-25,15:51:31.582000,11012,11013,11013,1
2019-04-25,15:51:37.589000,11012,11013,11013,2
2019-04-25,15:51:43.308000,11013,11014,11013,1
2019-04-25,15:52:01.109000,11013,11014,11013,1
2019-04-25,15:52:11.336000,11013,11014,11013,2
2019-04-25,15:52:11.336000,11013,11014,11013,1
2019-04-25,15:52:11.336000,11013,11014,11013,1
2019-04-25,15:52:11.423000,11013,11014,11013,2
2019-04-25,15:52:11.423000,11013,11014,11013,3
2019-04-25,15:52:11.423000,11013,11014,11013,1
2019-04-25,15:52:11.423000,11013,11014,11013,4
2019-04-25,15:52:11.423000,11013,11014,11013,2
2019-04-25,15:52:11.738000,11012,11013,11012,10
2019-04-25,15:52:13.384000,11012,11013,11012,2
2019-04-25,15:52:13.690000,11011,11012,11011,4
2019-04-25,15:52:39.227000,11011,11012,11011,1
2019-04-25,15:52:49.515000,11011,11012,11011,2
2019-04-25,15:52:59.309000,11011,11012,11012,7
2019-04-25,15:53:02.266000,11011,11012,11011,2
2019-04-25,15:53:06.002000,11011,11012,11011,1
2019-04-25,15:53:13.704000,11011,11012,11012,7
2019-04-25,15:53:14.111000,11011,11013,11013,1
2019-04-25,15:53:15.818000,11011,11012,11011,4
2019-04-25,15:53:20.115000,11011,11012,11012,1
2019-04-25,15:53:31.633000,11011,11012,11012,1
2019-04-25,15:53:32.924000,11011,11012,11012,1
2019-04-25,15:53:35.241000,11011,11012,11011,6
2019-04-25,15:53:49.188000,11011,11012,11011,1
2019-04-25,15:53:52.780000,11011,11012,11011,6
2019-04-25,15:54:00.128000,11011,11012,11011,2
2019-04-25,15:54:00.627000,11011,11012,11011,1
2019-04-25,15:54:03.942000,11011,11012,11012,5
2019-04-25,15:54:05.071000,11011,11012,11011,1
2019-04-25,15:54:05.075000,11011,11012,11011,1
2019-04-25,15:54:05.101000,11011,11012,11011,1
2019-04-25,15:54:10.877000,11010,11011,11011,1
2019-04-25,15:54:22.087000,11010,11011,11011,1
2019-04-25,15:54:26.340000,11010,11011,11011,2
2019-04-25,15:54:26.340000,11010,11011,11011,2
2019-04-25,15:54:26.340000,11010,11011,11011,4
2019-04-25,15:54:26.340000,11010,11011,11011,14
2019-04-25,15:54:27.976000,11011,11012,11011,1
2019-04-25,15:54:32.145000,11011,11012,11012,1
2019-04-25,15:54:52.091000,11011,11012,11011,3
2019-04-25,15:55:00.851000,11011,11012,11011,1
2019-04-25,15:55:00.923000,11011,11012,11011,10
2019-04-25,15:55:04.744000,11010,11011,11010,1
2019-04-25,15:55:14.631000,11010,11011,11010,1
2019-04-25,15:55:18.701000,11010,11011,11010,1
2019-04-25,15:55:22.465000,11010,11011,11011,2
2019-04-25,15:55:23.251000,11010,11011,11011,1
2019-04-25,15:55:30.582000,11010,11011,11011,1
2019-04-25,15:55:32.030000,11010,11011,11011,1
2019-04-25,15:55:38.058000,11010,11011,11011,2
2019-04-25,15:55:50.516000,11010,11011,11010,1
2019-04-25,15:55:50.815000,11010,11011,11010,1
2019-04-25,15:55:53.038000,11010,11011,11011,5
2019-04-25,15:55:54.378000,11010,11011,11010,1
2019-04-25,15:55:58.209000,11010,11011,11011,1
2019-04-25,15:55:59.477000,11010,11011,11011,1
2019-04-25,15:55:59.548000,11010,11011,11011,1
2019-04-25,15:56:06.101000,11010,11011,11011,1
2019-04-25,15:56:08.498000,11010,11011,11011,1
2019-04-25,15:56:13.350000,11010,11011,11010,4
2019-04-25,15:56:19.338000,11010,11011,11011,10
2019-04-25,15:56:35.532000,11010,11011,11011,1
2019-04-25,15:56:37.481000,11010,11011,11011,1
2019-04-25,15:56:39.880000,11010,11011,11011,1
2019-04-25,15:56:46.060000,11010,11011,11010,1
2019-04-25,15:56:52.682000,11010,11011,11011,1
2019-04-25,15:56:52.813000,11010,11011,11011,10
2019-04-25,15:56:54.623000,11010,11011,11010,1
2019-04-25,15:57:02.787000,11010,11011,11010,1
2019-04-25,15:57:04.663000,11010,11011,11011,1
2019-04-25,15:57:24.367000,11010,11011,11010,1
2019-04-25,15:57:24.373000,11010,11011,11011,1
2019-04-25,15:57:24.674000,11010,11011,11010,3
2019-04-25,15:57:24.975000,11010,11011,11010,2
2019-04-25,15:57:29.710000,11010,11011,11010,1
2019-04-25,15:57:32.774000,11010,11011,11010,1
2019-04-25,15:57:37.993000,11010,11011,11010,10
2019-04-25,15:57:46.704000,11010,11011,11010,15
2019-04-25,15:57:48.445000,11010,11011,11010,1
2019-04-25,15:57:49.183000,11010,11011,11010,4
2019-04-25,15:57:49.298000,11010,11011,11010,1
2019-04-25,15:57:49.298000,11010,11011,11010,1
2019-04-25,15:57:49.423000,11010,11011,11010,13
2019-04-25,15:57:49.423000,11010,11011,11010,1
2019-04-25,15:57:49.517000,11010,11011,11010,1
2019-04-25,15:57:49.548000,11010,11011,11010,14
2019-04-25,15:57:49.548000,11010,11011,11010,21
2019-04-25,15:57:49.548000,11010,11011,11010,5
2019-04-25,15:57:49.548000,11010,11011,11010,2
2019-04-25,15:57:49.548000,11010,11011,11010,4
2019-04-25,15:57:49.548000,11010,11011,11010,5
2019-04-25,15:57:49.882000,11009,11010,11009,2
2019-04-25,15:57:49.947000,11009,11010,11009,5
2019-04-25,15:57:49.981000,11009,11010,11009,1
2019-04-25,15:57:49.987000,11009,11010,11009,1
2019-04-25,15:57:50.062000,11009,11010,11009,3
2019-04-25,15:57:50.211000,11009,11010,11009,2
2019-04-25,15:57:50.249000,11009,11010,11009,5
2019-04-25,15:57:50.250000,11009,11010,11009,2
2019-04-25,15:57:50.273000,11009,11010,11009,2
2019-04-25,15:57:50.341000,11009,11010,11009,2
2019-04-25,15:57:50.398000,11009,11010,11010,1
2019-04-25,15:57:50.951000,11009,11010,11009,1
2019-04-25,15:57:51.838000,11009,11010,11009,1
2019-04-25,15:57:51.841000,11009,11010,11009,1
2019-04-25,15:57:51.846000,11009,11010,11009,1
2019-04-25,15:57:51.873000,11009,11010,11009,1
2019-04-25,15:57:51.895000,11009,11010,11008,1
2019-04-25,15:57:51.896000,11009,11010,11008,1
2019-04-25,15:57:51.968000,11008,11010,11008,12
2019-04-25,15:57:51.985000,11008,11010,11008,1
2019-04-25,15:57:52.026000,11008,11010,11008,1
2019-04-25,15:57:52.051000,11008,11009,11008,37
2019-04-25,15:57:52.163000,11008,11009,11008,1
2019-04-25,15:57:52.375000,11008,11009,11008,2
2019-04-25,15:57:55.575000,11008,11009,11008,8
2019-04-25,15:57:57.574000,11008,11009,11008,8
2019-04-25,15:57:57.803000,11007,11008,11007,4
2019-04-25,15:57:57.811000,11007,11008,11008,1
2019-04-25,15:57:57.969000,11007,11009,11007,1
2019-04-25,15:57:58.406000,11007,11009,11007,4
2019-04-25,15:57:58.429000,11007,11009,11007,4
2019-04-25,15:57:58.488000,11007,11009,11009,2
2019-04-25,15:57:58.523000,11007,11009,11008,1
2019-04-25,15:57:58.984000,11008,11009,11008,1
2019-04-25,15:58:00.857000,11008,11009,11008,1
2019-04-25,15:58:02.864000,11008,11009,11008,1
2019-04-25,15:58:07.865000,11008,11009,11008,1
2019-04-25,15:58:07.887000,11008,11009,11008,1
2019-04-25,15:58:11.677000,11008,11009,11008,1
2019-04-25,15:58:12.846000,11008,11009,11008,33
2019-04-25,15:58:12.847000,11008,11009,11008,2
2019-04-25,15:58:15.769000,11008,11009,11008,2
2019-04-25,15:58:16.779000,11008,11009,11008,5
2019-04-25,15:58:21.420000,11007,11008,11007,1
2019-04-25,15:58:22.128000,11007,11008,11007,1
2019-04-25,15:58:30.998000,11007,11008,11007,2
2019-04-25,15:58:31.130000,11007,11008,11007,1
2019-04-25,15:58:31.644000,11007,11008,11007,5
2019-04-25,15:58:35.134000,11007,11008,11007,1
2019-04-25,15:58:35.696000,11007,11008,11007,1
2019-04-25,15:58:36.493000,11007,11008,11007,1
2019-04-25,15:58:37.082000,11007,11008,11007,2
2019-04-25,15:58:37.251000,11007,11008,11007,1
2019-04-25,15:58:40.063000,11007,11008,11007,1
2019-04-25,15:58:41.289000,11007,11008,11007,2
2019-04-25,15:58:47.312000,11007,11008,11008,1
2019-04-25,15:58:52.753000,11007,11008,11008,1
2019-04-25,15:58:52.798000,11007,11008,11008,8
2019-04-25,15:59:01.870000,11008,11009,11008,1
2019-04-25,15:59:02.509000,11008,11009,11008,1
2019-04-25,15:59:06.883000,11008,11009,11008,1
2019-04-25,15:59:07.067000,11008,11009,11008,5
2019-04-25,15:59:18.903000,11008,11009,11009,1
2019-04-25,15:59:22.489000,11008,11009,11009,1
2019-04-25,15:59:29.349000,11008,11009,11009,5
2019-04-25,15:59:44.151000,11008,11009,11008,40
2019-04-25,15:59:44.173000,11008,11009,11008,1
2019-04-25,15:59:44.298000,11008,11009,11008,1
2019-04-25,15:59:49.618000,11007,11008,11008,1
2019-04-25,15:59:53.064000,11007,11008,11008,1
2019-04-25,15:59:53.421000,11007,11009,11009,8
2019-04-25,15:59:58.599000,11007,11009,11007,2
2019-04-25,16:00:01.035000,11007,11009,11007,3
2019-04-25,16:00:01.422000,11007,11009,11007,12
2019-04-25,16:00:01.496000,11007,11009,11007,2
2019-04-25,16:00:01.539000,11007,11009,11008,1
2019-04-25,16:00:01.699000,11007,11008,11007,5
2019-04-25,16:00:01.793000,11007,11008,11007,2
2019-04-25,16:00:01.852000,11007,11008,11007,2
2019-04-25,16:00:01.953000,11007,11008,11007,1
2019-04-25,16:00:01.979000,11007,11008,11007,2
2019-04-25,16:00:02.070000,11007,11008,11007,1
2019-04-25,16:00:02.743000,11007,11008,11007,1
2019-04-25,16:00:03.378000,11007,11008,11007,1
2019-04-25,16:00:04.852000,11007,11008,11007,1
2019-04-25,16:00:06.822000,11007,11008,11007,1
2019-04-25,16:00:08.490000,11006,11007,11007,1
2019-04-25,16:00:11.871000,11006,11007,11007,2
2019-04-25,16:00:14.350000,11007,11008,11008,1
2019-04-25,16:00:16.548000,11007,11008,11008,1
2019-04-25,16:00:16.827000,11008,11009,11008,2
2019-04-25,16:00:17.494000,11007,11009,11007,34
2019-04-25,16:00:17.494000,11007,11009,11006,6
2019-04-25,16:00:17.550000,11007,11008,11007,8
2019-04-25,16:00:17.553000,11007,11008,11007,7
2019-04-25,16:00:17.614000,11007,11008,11006,1
2019-04-25,16:00:17.615000,11007,11008,11006,1
2019-04-25,16:00:17.662000,11007,11008,11007,1
2019-04-25,16:00:17.676000,11006,11007,11006,5
2019-04-25,16:00:18.338000,11006,11007,11006,1
2019-04-25,16:00:18.827000,11006,11007,11006,1
2019-04-25,16:00:18.833000,11006,11007,11006,1
2019-04-25,16:00:19.579000,11006,11007,11007,3
2019-04-25,16:00:21.378000,11006,11007,11007,2
2019-04-25,16:00:23.630000,11007,11008,11007,2
2019-04-25,16:00:23.673000,11007,11008,11007,1
2019-04-25,16:00:26.298000,11007,11008,11007,1
2019-04-25,16:00:27.609000,11007,11008,11008,1
2019-04-25,16:00:28.706000,11007,11008,11007,1
2019-04-25,16:00:33.105000,11007,11008,11007,1
2019-04-25,16:00:34.208000,11007,11008,11008,1
2019-04-25,16:00:37.701000,11007,11008,11007,1
2019-04-25,16:00:38.487000,11007,11008,11007,1
2019-04-25,16:00:42.869000,11007,11008,11008,1
2019-04-25,16:00:52.926000,11007,11008,11008,13
2019-04-25,16:00:53.593000,11008,11009,11008,5
2019-04-25,16:00:53.985000,11008,11009,11009,3
2019-04-25,16:00:58.281000,11008,11009,11009,2
2019-04-25,16:00:58.447000,11008,11009,11009,1
2019-04-25,16:01:00.491000,11008,11009,11008,5
2019-04-25,16:01:10.359000,11008,11009,11008,8
2019-04-25,16:01:25.323000,11008,11009,11008,1
2019-04-25,16:01:27.710000,11008,11009,11009,1
2019-04-25,16:01:32.612000,11008,11009,11009,1
2019-04-25,16:01:33.565000,11008,11009,11009,1
2019-04-25,16:01:39.423000,11008,11009,11009,1
2019-04-25,16:01:52.524000,11008,11009,11009,1
2019-04-25,16:01:53.256000,11008,11009,11009,1
2019-04-25,16:01:55.584000,11008,11009,11008,10
2019-04-25,16:02:09.158000,11008,11009,11009,2
2019-04-25,16:02:12.746000,11008,11009,11009,1
2019-04-25,16:02:12.825000,11008,11009,11009,1
2019-04-25,16:02:22.897000,11008,11009,11009,1
2019-04-25,16:02:30.028000,11008,11009,11009,1
2019-04-25,16:02:31.102000,11008,11009,11009,1
2019-04-25,16:02:31.227000,11008,11009,11009,1
2019-04-25,16:02:33.482000,11008,11009,11009,3
2019-04-25,16:02:33.647000,11008,11009,11009,1
2019-04-25,16:02:33.648000,11008,11009,11009,1
2019-04-25,16:02:43.224000,11009,11010,11009,1
2019-04-25,16:02:49.894000,11009,11010,11009,15
2019-04-25,16:02:51.082000,11009,11010,11010,2
2019-04-25,16:02:58.170000,11009,11010,11009,1
2019-04-25,16:03:08.723000,11009,11010,11009,1
2019-04-25,16:03:09.505000,11009,11010,11010,12
2019-04-25,16:03:09.822000,11009,11010,11010,1
2019-04-25,16:03:13.150000,11009,11010,11010,1
2019-04-25,16:03:15.496000,11009,11010,11010,2
2019-04-25,16:03:15.639000,11009,11010,11010,1
2019-04-25,16:03:15.982000,11009,11010,11010,1
2019-04-25,16:03:16.662000,11009,11010,11009,1
2019-04-25,16:03:30.015000,11009,11010,11010,3
2019-04-25,16:03:35.989000,11009,11010,11010,1
2019-04-25,16:03:36.274000,11009,11010,11010,10
2019-04-25,16:03:36.423000,11009,11010,11010,2
2019-04-25,16:03:53.417000,11010,11011,11010,1
2019-04-25,16:04:02.334000,11010,11011,11010,1
2019-04-25,16:04:04.489000,11010,11011,11010,6
2019-04-25,16:04:10.686000,11009,11010,11010,1
2019-04-25,16:04:14.011000,11009,11010,11010,1
2019-04-25,16:04:16.657000,11009,11010,11010,1
2019-04-25,16:04:21.707000,11009,11010,11010,3
2019-04-25,16:04:30.289000,11009,11010,11010,1
2019-04-25,16:04:38.895000,11010,11011,11010,1
2019-04-25,16:04:44.563000,11010,11011,11010,2
2019-04-25,16:04:50.585000,11009,11011,11009,1
2019-04-25,16:04:59.715000,11009,11011,11011,1
2019-04-25,16:05:07.669000,11010,11011,11011,1
2019-04-25,16:05:12.258000,11010,11011,11010,2
2019-04-25,16:05:12.268000,11010,11011,11010,1
2019-04-25,16:05:13.153000,11009,11010,11009,2
2019-04-25,16:05:19.023000,11009,11010,11010,2
2019-04-25,16:05:26.748000,11010,11011,11010,1
2019-04-25,16:05:27.793000,11010,11011,11010,6
2019-04-25,16:05:51.270000,11010,11011,11011,1
2019-04-25,16:06:04.385000,11010,11011,11011,1
2019-04-25,16:06:06.096000,11010,11011,11011,1
2019-04-25,16:06:09.018000,11010,11011,11011,1
2019-04-25,16:06:13.663000,11010,11011,11010,1
2019-04-25,16:06:20.982000,11010,11011,11010,1
2019-04-25,16:06:22.674000,11010,11011,11011,1
2019-04-25,16:06:24.698000,11010,11011,11011,1
2019-04-25,16:06:28.607000,11010,11011,11011,1
2019-04-25,16:06:28.801000,11010,11011,11011,1
2019-04-25,16:06:49.080000,11010,11011,11011,18
2019-04-25,16:06:49.527000,11011,11012,11011,1
2019-04-25,16:06:52.375000,11011,11012,11012,3
2019-04-25,16:06:52.375000,11011,11012,11012,6
2019-04-25,16:06:52.381000,11011,11012,11012,1
2019-04-25,16:06:52.393000,11011,11012,11012,1
2019-04-25,16:06:52.548000,11012,11013,11012,1
2019-04-25,16:06:52.756000,11012,11013,11012,3
2019-04-25,16:06:52.798000,11011,11012,11012,7
2019-04-25,16:06:56.220000,11011,11012,11012,1
2019-04-25,16:06:56.366000,11011,11012,11012,1
2019-04-25,16:07:00.159000,11011,11012,11012,1
2019-04-25,16:07:13.444000,11011,11012,11012,5
2019-04-25,16:07:14.298000,11011,11012,11012,3
2019-04-25,16:07:14.310000,11011,11012,11012,1
2019-04-25,16:07:15.673000,11011,11012,11012,1
2019-04-25,16:07:25.673000,11012,11013,11012,1
2019-04-25,16:07:28.761000,11012,11013,11012,1
2019-04-25,16:07:42.385000,11012,11013,11012,1
2019-04-25,16:08:12.658000,11012,11013,11012,10
2019-04-25,16:08:15.119000,11012,11013,11013,1
2019-04-25,16:08:17.812000,11012,11013,11012,2
2019-04-25,16:08:18.864000,11012,11013,11013,2
2019-04-25,16:08:18.867000,11012,11013,11013,1
2019-04-25,16:08:21.877000,11012,11013,11013,1
2019-04-25,16:08:28.923000,11012,11013,11012,6
2019-04-25,16:08:33.476000,11012,11013,11012,1
2019-04-25,16:08:34.843000,11012,11013,11012,10
2019-04-25,16:08:41.074000,11012,11013,11012,1
2019-04-25,16:08:44.767000,11012,11013,11012,6
2019-04-25,16:08:49.025000,11012,11013,11013,2
2019-04-25,16:09:09.721000,11012,11013,11012,3
2019-04-25,16:09:16.309000,11012,11013,11012,1
2019-04-25,16:09:16.657000,11012,11013,11012,6
2019-04-25,16:09:36.025000,11011,11012,11011,10
2019-04-25,16:09:39.830000,11011,11012,11011,1
2019-04-25,16:09:43.187000,11011,11012,11011,1
2019-04-25,16:09:43.361000,11011,11012,11011,8
2019-04-25,16:09:51.771000,11010,11011,11011,1
2019-04-25,16:10:08.770000,11010,11011,11011,1
2019-04-25,16:10:09.585000,11010,11011,11011,1
2019-04-25,16:10:13.440000,11010,11011,11011,1
2019-04-25,16:10:18.157000,11010,11011,11010,1
2019-04-25,16:10:26.501000,11010,11011,11011,1
2019-04-25,16:10:26.875000,11010,11011,11011,1
2019-04-25,16:10:32.033000,11010,11011,11011,1
2019-04-25,16:10:33.552000,11010,11011,11011,1
2019-04-25,16:10:49.098000,11010,11011,11011,1
2019-04-25,16:10:54.542000,11010,11011,11010,6
2019-04-25,16:10:59.615000,11010,11011,11010,1
2019-04-25,16:11:02.198000,11010,11011,11010,4
2019-04-25,16:11:04.385000,11010,11011,11011,1
2019-04-25,16:11:16.476000,11010,11011,11011,1
2019-04-25,16:11:19.012000,11010,11011,11010,1
2019-04-25,16:11:23.880000,11010,11011,11010,1
2019-04-25,16:11:35.153000,11010,11011,11010,1
2019-04-25,16:11:37.886000,11010,11011,11010,1
2019-04-25,16:11:46.173000,11010,11011,11010,1
2019-04-25,16:11:46.173000,11010,11011,11010,1
2019-04-25,16:11:46.298000,11010,11011,11010,1
2019-04-25,16:11:46.298000,11010,11011,11010,1
2019-04-25,16:11:46.300000,11010,11011,11010,13
2019-04-25,16:11:47.334000,11009,11010,11010,1
2019-04-25,16:12:03.984000,11009,11010,11010,1
2019-04-25,16:12:04.206000,11009,11010,11009,2
2019-04-25,16:12:13.424000,11009,11010,11009,1
2019-04-25,16:12:21.727000,11009,11010,11009,1
2019-04-25,16:12:29.778000,11009,11010,11010,2
2019-04-25,16:12:47.964000,11009,11010,11010,3
2019-04-25,16:13:02.399000,11009,11010,11009,1
2019-04-25,16:13:07.326000,11009,11010,11010,1
2019-04-25,16:13:13.578000,11009,11010,11009,1
2019-04-25,16:13:17.328000,11009,11010,11010,2
2019-04-25,16:13:17.937000,11009,11010,11010,1
2019-04-25,16:13:18.734000,11009,11010,11009,1
2019-04-25,16:13:24.044000,11009,11010,11010,1
2019-04-25,16:13:25.193000,11009,11010,11010,10
2019-04-25,16:13:26.316000,11009,11010,11010,3
2019-04-25,16:13:27.579000,11009,11010,11010,2
2019-04-25,16:13:30.155000,11009,11010,11010,5
2019-04-25,16:13:37.311000,11009,11010,11010,5
2019-04-25,16:13:38.943000,11009,11010,11009,1
2019-04-25,16:14:02.500000,11009,11010,11009,8
2019-04-25,16:14:11.812000,11009,11010,11009,1
2019-04-25,16:14:35.389000,11009,11010,11010,1
2019-04-25,16:14:36.851000,11009,11010,11010,1
2019-04-25,16:14:39.623000,11009,11010,11009,1
2019-04-25,16:14:49.782000,11009,11010,11010,10
2019-04-25,16:14:52.354000,11009,11010,11010,1
2019-04-25,16:14:52.603000,11009,11010,11010,1
2019-04-25,16:14:53.232000,11009,11010,11010,9
2019-04-25,16:14:53.398000,11010,11011,11010,11
2019-04-25,16:14:53.832000,11009,11010,11010,2
2019-04-25,16:14:56.110000,11009,11010,11010,1
2019-04-25,16:14:56.438000,11009,11010,11010,1
2019-04-25,16:15:12.165000,11009,11010,11010,1
2019-04-25,16:15:12.782000,11009,11010,11010,1
2019-04-25,16:15:12.787000,11009,11010,11010,1
2019-04-25,16:15:14.506000,11009,11010,11010,5
2019-04-25,16:15:25.761000,11009,11010,11010,1
2019-04-25,16:15:30.353000,11009,11010,11010,5
2019-04-25,16:15:44.488000,11009,11010,11010,1
2019-04-25,16:15:53.187000,11009,11010,11010,1
2019-04-25,16:16:01.004000,11009,11010,11010,1
2019-04-25,16:16:06.427000,11009,11010,11010,1
2019-04-25,16:16:14.182000,11009,11010,11010,1
2019-04-25,16:16:17.154000,11009,11010,11010,1
2019-04-25,16:16:18.857000,11009,11010,11010,1
2019-04-25,16:16:20.144000,11009,11010,11009,4
2019-04-25,16:16:20.144000,11009,11010,11009,3
2019-04-25,16:16:20.144000,11009,11010,11009,1
2019-04-25,16:16:20.144000,11009,11010,11009,1
2019-04-25,16:16:20.145000,11009,11010,11009,3
2019-04-25,16:16:20.145000,11009,11010,11009,2
2019-04-25,16:16:20.145000,11009,11010,11009,1
2019-04-25,16:16:20.145000,11009,11010,11009,1
2019-04-25,16:16:20.145000,11009,11010,11009,2
2019-04-25,16:16:20.145000,11009,11010,11009,4
2019-04-25,16:16:20.173000,11009,11010,11009,1
2019-04-25,16:16:20.173000,11009,11010,11009,8
2019-04-25,16:16:20.173000,11009,11010,11009,2
2019-04-25,16:16:20.173000,11009,11010,11009,2
2019-04-25,16:16:20.173000,11009,11010,11009,7
2019-04-25,16:16:20.295000,11009,11010,11008,10
2019-04-25,16:16:20.422000,11008,11009,11008,4
2019-04-25,16:16:20.772000,11008,11009,11008,20
2019-04-25,16:16:21.072000,11008,11009,11008,8
2019-04-25,16:16:21.242000,11007,11008,11007,7
2019-04-25,16:16:21.249000,11007,11008,11007,5
2019-04-25,16:16:21.254000,11007,11008,11007,1
2019-04-25,16:16:21.258000,11007,11008,11007,1
2019-04-25,16:16:21.571000,11007,11008,11007,3
2019-04-25,16:16:22.437000,11007,11008,11008,1
2019-04-25,16:16:30.636000,11007,11008,11008,2
2019-04-25,16:16:33.977000,11007,11008,11008,1
2019-04-25,16:16:33.978000,11007,11008,11008,2
2019-04-25,16:16:44.574000,11008,11009,11008,1
2019-04-25,16:16:47.471000,11008,11009,11008,1
2019-04-25,16:16:47.773000,11008,11009,11008,3
2019-04-25,16:16:50.723000,11008,11009,11008,1
2019-04-25,16:16:50.801000,11008,11009,11008,1
2019-04-25,16:16:53.753000,11008,11009,11008,10
2019-04-25,16:16:56.312000,11008,11009,11008,2
2019-04-25,16:16:56.390000,11008,11009,11008,1
2019-04-25,16:17:03.424000,11008,11009,11008,1
2019-04-25,16:17:06.215000,11007,11008,11008,1
2019-04-25,16:17:11.028000,11007,11008,11008,6
2019-04-25,16:17:14.185000,11008,11009,11008,2
2019-04-25,16:17:16.448000,11008,11009,11008,19
2019-04-25,16:17:16.449000,11008,11009,11008,1
2019-04-25,16:17:16.449000,11008,11009,11008,2
2019-04-25,16:17:16.449000,11008,11009,11008,3
2019-04-25,16:17:16.449000,11008,11009,11008,3
2019-04-25,16:17:16.449000,11008,11009,11008,2
2019-04-25,16:17:17.121000,11008,11009,11008,2
2019-04-25,16:17:19.138000,11008,11009,11008,5
2019-04-25,16:17:20.266000,11007,11008,11008,1
2019-04-25,16:17:20.305000,11007,11008,11008,20
2019-04-25,16:17:24.193000,11008,11009,11009,4
2019-04-25,16:17:24.246000,11008,11009,11008,2
2019-04-25,16:17:24.298000,11008,11009,11009,3
2019-04-25,16:17:30.351000,11008,11009,11009,1
2019-04-25,16:17:41.331000,11008,11009,11009,1
2019-04-25,16:17:44.378000,11008,11009,11009,1
2019-04-25,16:17:44.423000,11008,11009,11009,1
2019-04-25,16:17:48.754000,11008,11009,11009,1
2019-04-25,16:17:50.173000,11008,11009,11009,6
2019-04-25,16:17:50.298000,11008,11009,11009,1
2019-04-25,16:17:50.298000,11008,11009,11009,8
2019-04-25,16:18:01.718000,11009,11010,11010,1
2019-04-25,16:18:01.820000,11009,11010,11010,1
2019-04-25,16:18:17.838000,11009,11010,11010,10
2019-04-25,16:18:18.025000,11009,11010,11009,2
2019-04-25,16:18:18.741000,11009,11010,11010,1
2019-04-25,16:18:21.239000,11009,11011,11011,1
2019-04-25,16:18:26.118000,11010,11011,11010,1
2019-04-25,16:18:32.062000,11009,11010,11010,1
2019-04-25,16:18:34.866000,11009,11010,11010,1
2019-04-25,16:18:35.156000,11009,11010,11010,1
2019-04-25,16:18:41.260000,11009,11010,11009,10
2019-04-25,16:18:44.403000,11009,11010,11010,2
2019-04-25,16:19:01.335000,11009,11010,11010,4
2019-04-25,16:19:03.029000,11009,11010,11009,2
2019-04-25,16:19:07.213000,11009,11010,11009,1
2019-04-25,16:19:08.228000,11009,11010,11010,2
2019-04-25,16:19:14.653000,11009,11010,11010,1
2019-04-25,16:19:35.944000,11009,11010,11009,3
2019-04-25,16:19:35.945000,11009,11010,11009,1
2019-04-25,16:19:35.945000,11009,11010,11009,1
2019-04-25,16:19:35.946000,11009,11010,11009,2
2019-04-25,16:19:35.946000,11009,11010,11009,3
2019-04-25,16:19:40.115000,11008,11009,11009,1
2019-04-25,16:19:43.081000,11008,11009,11009,3
2019-04-25,16:19:45.849000,11008,11009,11009,1
2019-04-25,16:19:50.431000,11008,11009,11008,1
2019-04-25,16:19:53.505000,11008,11009,11008,1
2019-04-25,16:20:02.131000,11008,11009,11008,7
2019-04-25,16:20:05.733000,11008,11009,11008,10
2019-04-25,16:20:05.798000,11008,11009,11008,15
2019-04-25,16:20:06.079000,11007,11008,11008,1
2019-04-25,16:20:13.410000,11007,11008,11008,1
2019-04-25,16:20:18.102000,11007,11008,11007,1
2019-04-25,16:20:19.828000,11007,11008,11008,1
2019-04-25,16:20:24.443000,11007,11008,11008,1
2019-04-25,16:20:40.257000,11007,11008,11007,1
2019-04-25,16:20:47.606000,11007,11008,11008,1
2019-04-25,16:20:51.274000,11007,11008,11007,10
2019-04-25,16:21:17.404000,11007,11008,11008,1
2019-04-25,16:21:20.404000,11007,11008,11008,1
2019-04-25,16:21:22.019000,11007,11008,11008,1
2019-04-25,16:21:24.834000,11007,11008,11007,1
2019-04-25,16:21:25.107000,11007,11008,11008,1
2019-04-25,16:21:31.936000,11007,11008,11007,36
2019-04-25,16:21:45.121000,11006,11007,11006,1
2019-04-25,16:21:45.293000,11006,11007,11006,2
2019-04-25,16:21:45.300000,11006,11007,11006,6
2019-04-25,16:21:45.301000,11006,11007,11006,20
2019-04-25,16:21:45.342000,11006,11007,11006,2
2019-04-25,16:21:45.489000,11006,11007,11006,1
2019-04-25,16:21:48.661000,11006,11007,11007,1
2019-04-25,16:22:02.344000,11006,11007,11006,5
2019-04-25,16:22:04.566000,11006,11007,11006,2
2019-04-25,16:22:05.191000,11006,11007,11006,3
2019-04-25,16:22:05.199000,11006,11007,11006,1
2019-04-25,16:22:05.301000,11005,11006,11005,2
2019-04-25,16:22:05.425000,11005,11006,11005,17
2019-04-25,16:22:05.476000,11005,11006,11005,1
2019-04-25,16:22:05.517000,11005,11006,11005,1
2019-04-25,16:22:05.600000,11005,11006,11005,1
2019-04-25,16:22:05.617000,11005,11006,11005,1
2019-04-25,16:22:05.971000,11005,11006,11005,1
2019-04-25,16:22:06.089000,11005,11006,11006,1
2019-04-25,16:22:06.097000,11005,11006,11005,1
2019-04-25,16:22:06.163000,11005,11006,11005,1
2019-04-25,16:22:06.946000,11005,11006,11005,3
2019-04-25,16:22:06.952000,11005,11006,11005,1
2019-04-25,16:22:07.423000,11005,11006,11005,15
2019-04-25,16:22:07.423000,11005,11006,11005,2
2019-04-25,16:22:07.548000,11005,11006,11005,3
2019-04-25,16:22:07.550000,11005,11006,11005,18
2019-04-25,16:22:09.107000,11004,11005,11004,5
2019-04-25,16:22:09.199000,11004,11005,11004,2
2019-04-25,16:22:09.239000,11004,11005,11004,3
2019-04-25,16:22:09.264000,11004,11005,11004,6
2019-04-25,16:22:09.295000,11004,11005,11004,1
2019-04-25,16:22:09.391000,11004,11005,11004,2
2019-04-25,16:22:09.402000,11004,11005,11004,1
2019-04-25,16:22:09.402000,11004,11005,11003,1
2019-04-25,16:22:09.434000,11003,11005,11004,1
2019-04-25,16:22:09.434000,11003,11005,11003,11
2019-04-25,16:22:09.445000,11003,11005,11003,8
2019-04-25,16:22:09.503000,11003,11005,11004,1
2019-04-25,16:22:09.503000,11003,11005,11003,1
2019-04-25,16:22:09.672000,11004,11005,11003,1
2019-04-25,16:22:09.712000,11003,11005,11003,1
2019-04-25,16:22:09.728000,11003,11005,11003,4
2019-04-25,16:22:09.988000,11003,11005,11003,1
2019-04-25,16:22:09.989000,11003,11005,11003,1
2019-04-25,16:22:11.204000,11003,11005,11003,1
2019-04-25,16:22:12.513000,11003,11005,11005,1
2019-04-25,16:22:12.675000,11004,11005,11004,1
2019-04-25,16:22:13.724000,11004,11005,11004,2
2019-04-25,16:22:13.740000,11004,11005,11004,3
2019-04-25,16:22:14.576000,11004,11005,11004,1
2019-04-25,16:22:14.621000,11004,11005,11005,1
2019-04-25,16:22:17.650000,11004,11005,11005,1
2019-04-25,16:22:18.866000,11004,11005,11004,3
2019-04-25,16:22:18.879000,11004,11005,11004,1
2019-04-25,16:22:18.879000,11004,11005,11004,3
2019-04-25,16:22:18.898000,11004,11005,11004,2
2019-04-25,16:22:18.908000,11004,11005,11004,1
2019-04-25,16:22:19.689000,11004,11005,11004,3
2019-04-25,16:22:19.710000,11004,11005,11004,2
2019-04-25,16:22:19.710000,11004,11005,11003,1
2019-04-25,16:22:19.710000,11004,11005,11003,1
2019-04-25,16:22:19.719000,11004,11005,11003,1
2019-04-25,16:22:19.719000,11004,11005,11003,2
2019-04-25,16:22:22.298000,11004,11005,11005,1
2019-04-25,16:22:22.437000,11004,11006,11005,1
2019-04-25,16:22:23.123000,11004,11006,11004,1
2019-04-25,16:22:24.064000,11004,11006,11004,1
2019-04-25,16:22:27.437000,11004,11005,11004,1
2019-04-25,16:22:27.717000,11004,11005,11004,1
2019-04-25,16:22:29.567000,11004,11005,11004,3
2019-04-25,16:22:32.675000,11004,11005,11005,1
2019-04-25,16:22:33.155000,11004,11005,11005,1
2019-04-25,16:22:36.268000,11004,11006,11004,1
2019-04-25,16:22:40.684000,11005,11006,11005,1
2019-04-25,16:23:07.458000,11005,11006,11005,1
2019-04-25,16:23:07.921000,11005,11006,11005,1
2019-04-25,16:23:12.049000,11005,11006,11005,10
2019-04-25,16:23:12.726000,11004,11006,11006,6
2019-04-25,16:23:16.653000,11005,11006,11005,1
2019-04-25,16:23:32.247000,11005,11006,11006,1
2019-04-25,16:23:44.254000,11005,11006,11006,2
2019-04-25,16:23:48.140000,11005,11006,11006,2
2019-04-25,16:23:53.963000,11005,11006,11006,2
2019-04-25,16:23:59.629000,11005,11006,11005,1
2019-04-25,16:23:59.967000,11005,11006,11005,1
2019-04-25,16:24:08.649000,11005,11006,11006,1
2019-04-25,16:24:08.720000,11005,11006,11005,1
2019-04-25,16:24:10.804000,11005,11006,11005,1
2019-04-25,16:24:12.296000,11005,11006,11006,1
2019-04-25,16:24:15.018000,11005,11006,11006,1
2019-04-25,16:24:16.849000,11005,11006,11006,2
2019-04-25,16:24:17,11005,11006,11006,8
2019-04-25,16:24:25.560000,11006,11007,11006,1
2019-04-25,16:24:26.211000,11006,11007,11006,2
2019-04-25,16:24:33.861000,11006,11007,11006,1
2019-04-25,16:24:40.024000,11006,11007,11006,2
2019-04-25,16:24:40.388000,11005,11006,11006,2
2019-04-25,16:24:49.056000,11006,11007,11006,9
2019-04-25,16:24:50.432000,11005,11006,11006,2
2019-04-25,16:25:09.234000,11005,11006,11006,1
2019-04-25,16:25:10.681000,11005,11006,11006,1
2019-04-25,16:25:15.295000,11005,11006,11006,1
2019-04-25,16:25:16.493000,11005,11006,11005,4
2019-04-25,16:25:37.589000,11005,11006,11006,5
2019-04-25,16:25:47.432000,11006,11007,11006,1
2019-04-25,16:26:03.852000,11006,11007,11007,2
2019-04-25,16:26:04.209000,11006,11007,11007,1
2019-04-25,16:26:21.308000,11006,11007,11007,1
2019-04-25,16:26:22.443000,11006,11007,11007,2
2019-04-25,16:26:38.013000,11006,11007,11007,1
2019-04-25,16:26:41.669000,11006,11007,11007,4
2019-04-25,16:27:02.879000,11007,11008,11007,6
2019-04-25,16:27:14.465000,11007,11008,11007,1
2019-04-25,16:28:45.979000,11007,11008,11008,2
2019-04-25,16:28:46.072000,11007,11008,11008,1
2019-04-25,16:28:48.017000,11007,11008,11008,1
2019-04-25,16:28:48.681000,11007,11008,11007,1
2019-04-25,16:28:48.751000,11007,11008,11008,2
2019-04-25,16:28:50.819000,11007,11008,11008,1
2019-04-25,16:28:50.923000,11007,11008,11008,2
2019-04-25,16:28:51.048000,11007,11008,11008,2
2019-04-25,16:28:51.048000,11007,11008,11008,2
2019-04-25,16:28:51.173000,11007,11008,11008,4
2019-04-25,16:28:51.173000,11007,11008,11008,2
2019-04-25,16:28:51.298000,11007,11008,11008,11
2019-04-25,16:29:02.630000,11008,11009,11009,1
2019-04-25,16:29:14.054000,11008,11009,11009,2
2019-04-25,16:29:14.737000,11008,11009,11009,2
2019-04-25,16:29:16.412000,11008,11009,11009,1
2019-04-25,16:29:17.200000,11008,11009,11009,1
2019-04-25,16:29:19.351000,11008,11009,11009,7
2019-04-25,16:29:19.423000,11008,11009,11009,8
2019-04-25,16:29:19.423000,11008,11009,11009,4
2019-04-25,16:29:23.701000,11009,11010,11009,2
2019-04-25,16:29:59.422000,11009,11010,11010,1
2019-04-25,16:30:00.036000,11009,11010,11009,1
2019-04-25,16:30:00.146000,11009,11010,11009,2
2019-04-25,16:30:00.212000,11009,11010,11009,1
2019-04-25,16:30:05.831000,11009,11010,11010,1
2019-04-25,16:30:07.319000,11009,11010,11010,1
2019-04-25,16:30:15.453000,11009,11010,11010,1
2019-04-25,16:30:19.612000,11009,11010,11010,1
2019-04-25,16:30:19.831000,11009,11010,11010,1
2019-04-25,16:30:21.806000,11009,11010,11010,2
2019-04-25,16:30:25.536000,11009,11010,11010,16
2019-04-25,16:30:27.244000,11009,11010,11010,1
2019-04-25,16:30:27.302000,11009,11010,11010,1
2019-04-25,16:30:28.786000,11009,11010,11010,2
2019-04-25,16:30:33.873000,11009,11010,11010,1
2019-04-25,16:30:34.008000,11009,11010,11009,3
2019-04-25,16:30:47.746000,11009,11010,11009,1
2019-04-25,16:31:15.216000,11009,11010,11010,1
2019-04-25,16:31:17.198000,11009,11010,11010,1
2019-04-25,16:31:18.534000,11009,11010,11010,6
2019-04-25,16:31:23.631000,11010,11011,11011,2
2019-04-25,16:31:24.906000,11010,11011,11010,1
2019-04-25,16:31:27.908000,11010,11011,11011,1
2019-04-25,16:31:28.689000,11010,11011,11011,21
2019-04-25,16:31:31.328000,11011,11012,11011,1
2019-04-25,16:31:33.571000,11011,11012,11011,5
2019-04-25,16:31:33.925000,11011,11012,11011,4
2019-04-25,16:31:45.278000,11010,11011,11011,1
2019-04-25,16:31:45.468000,11010,11011,11011,5
2019-04-25,16:31:45.529000,11010,11011,11011,1
2019-04-25,16:31:48.491000,11010,11011,11011,1
2019-04-25,16:31:53.183000,11010,11012,11011,1
2019-04-25,16:32:01.359000,11010,11011,11011,1
2019-04-25,16:32:01.995000,11010,11011,11011,1
2019-04-25,16:32:21.923000,11010,11011,11010,1
2019-04-25,16:32:22.048000,11010,11011,11010,1
2019-04-25,16:32:22.398000,11010,11011,11010,1
2019-04-25,16:32:22.550000,11010,11011,11010,4
2019-04-25,16:32:29.698000,11009,11010,11010,2
2019-04-25,16:32:31.221000,11010,11011,11011,2
2019-04-25,16:32:38.717000,11010,11011,11010,2
2019-04-25,16:32:45.126000,11010,11011,11010,1
2019-04-25,16:32:45.175000,11010,11011,11010,1
2019-04-25,16:32:47.372000,11009,11010,11010,1
2019-04-25,16:32:51.516000,11009,11010,11010,2
2019-04-25,16:32:51.752000,11009,11010,11009,10
2019-04-25,16:32:51.828000,11009,11010,11010,1
2019-04-25,16:32:59.752000,11009,11010,11010,2
2019-04-25,16:33:20.682000,11009,11010,11010,1
2019-04-25,16:33:21.740000,11009,11010,11009,1
2019-04-25,16:33:30.312000,11009,11010,11009,2
2019-04-25,16:33:30.548000,11009,11010,11009,2
2019-04-25,16:33:45.626000,11008,11009,11009,1
2019-04-25,16:33:56.289000,11008,11009,11009,1
2019-04-25,16:34:16.151000,11008,11009,11009,1
2019-04-25,16:34:46.575000,11008,11009,11009,1
2019-04-25,16:34:47.537000,11008,11009,11009,2
2019-04-25,16:34:47.548000,11008,11009,11009,1
2019-04-25,16:34:51.623000,11008,11009,11009,1
2019-04-25,16:35:02.940000,11009,11010,11010,1
2019-04-25,16:35:02.976000,11009,11010,11010,2
2019-04-25,16:35:02.976000,11009,11010,11010,6
2019-04-25,16:35:09.012000,11010,11011,11011,2
2019-04-25,16:35:21.814000,11010,11011,11010,4
2019-04-25,16:35:22.892000,11009,11010,11010,3
2019-04-25,16:35:26.680000,11009,11010,11010,1
2019-04-25,16:35:32.733000,11009,11010,11010,1
2019-04-25,16:36:04.926000,11009,11010,11009,3
2019-04-25,16:36:04.995000,11009,11010,11010,1
2019-04-25,16:36:06.588000,11009,11010,11010,1
2019-04-25,16:36:09.929000,11009,11010,11010,1
2019-04-25,16:36:10.970000,11009,11010,11010,1
2019-04-25,16:36:16.492000,11009,11010,11010,1
2019-04-25,16:36:24.415000,11009,11010,11010,1
2019-04-25,16:36:26.814000,11009,11010,11010,1
2019-04-25,16:36:26.925000,11009,11010,11010,2
2019-04-25,16:36:29.527000,11010,11011,11011,1
2019-04-25,16:37:16.754000,11010,11011,11010,1
2019-04-25,16:37:16.990000,11010,11011,11011,1
2019-04-25,16:37:17.086000,11010,11011,11011,1
2019-04-25,16:37:18.643000,11010,11011,11010,1
2019-04-25,16:37:19.575000,11010,11011,11010,1
2019-04-25,16:37:20.133000,11010,11011,11010,2
2019-04-25,16:37:25.003000,11010,11011,11010,6
2019-04-25,16:37:25.907000,11009,11010,11009,1
2019-04-25,16:37:26.496000,11009,11010,11010,6
2019-04-25,16:37:32.679000,11009,11010,11010,2
2019-04-25,16:37:34.636000,11009,11010,11010,2
2019-04-25,16:37:37.469000,11009,11010,11010,1
2019-04-25,16:38:02.111000,11009,11010,11010,1
2019-04-25,16:38:04.265000,11009,11010,11010,6
2019-04-25,16:38:04.265000,11009,11010,11011,19
2019-04-25,16:38:20.456000,11010,11011,11011,1
2019-04-25,16:38:20.745000,11010,11011,11011,2
2019-04-25,16:38:34.153000,11010,11011,11011,1
2019-04-25,16:38:34.591000,11010,11011,11011,1
2019-04-25,16:38:34.646000,11010,11011,11011,1
2019-04-25,16:38:35.516000,11010,11011,11011,2
2019-04-25,16:38:38.507000,11010,11011,11011,1
2019-04-25,16:38:39.305000,11010,11011,11011,2
2019-04-25,16:39:03.503000,11011,11012,11011,11
2019-04-25,16:39:03.668000,11011,11012,11011,2
2019-04-25,16:39:18.472000,11011,11012,11012,1
2019-04-25,16:39:26.038000,11011,11012,11012,1
2019-04-25,16:39:29.278000,11011,11012,11011,1
2019-04-25,16:39:35.270000,11011,11012,11012,2
2019-04-25,16:39:46.567000,11011,11012,11012,1
2019-04-25,16:39:52.621000,11011,11012,11012,1
2019-04-25,16:40:01.620000,11011,11012,11012,1
2019-04-25,16:40:08.172000,11011,11012,11012,1
2019-04-25,16:40:12.648000,11011,11012,11012,1
2019-04-25,16:40:12.918000,11011,11012,11012,1
2019-04-25,16:40:17.664000,11011,11012,11012,1
2019-04-25,16:40:18.493000,11011,11012,11012,1
2019-04-25,16:40:23.627000,11011,11012,11012,10
2019-04-25,16:40:28.896000,11011,11012,11012,1
2019-04-25,16:40:39.251000,11011,11012,11012,12
2019-04-25,16:40:40.794000,11011,11012,11012,3
2019-04-25,16:40:43.830000,11011,11012,11012,1
2019-04-25,16:40:59.061000,11011,11012,11012,4
2019-04-25,16:40:59.568000,11011,11012,11012,1
2019-04-25,16:41:00.910000,11011,11012,11012,1
2019-04-25,16:41:12.869000,11011,11012,11012,1
2019-04-25,16:41:13.680000,11011,11012,11012,8
2019-04-25,16:41:13.798000,11011,11012,11012,4
2019-04-25,16:41:13.798000,11011,11012,11012,1
2019-04-25,16:41:13.798000,11011,11012,11012,2
2019-04-25,16:41:13.798000,11011,11012,11012,3
2019-04-25,16:41:23.124000,11012,11013,11013,1
2019-04-25,16:41:23.240000,11012,11013,11013,1
2019-04-25,16:41:23.664000,11012,11013,11013,1
2019-04-25,16:41:39.955000,11012,11013,11013,1
2019-04-25,16:41:44.720000,11012,11013,11013,1
2019-04-25,16:41:45.285000,11012,11013,11013,1
2019-04-25,16:41:47.633000,11012,11013,11013,1
2019-04-25,16:41:55.919000,11012,11013,11013,1
2019-04-25,16:41:57.413000,11012,11013,11013,1
2019-04-25,16:42:01.705000,11012,11013,11013,5
2019-04-25,16:42:01.799000,11012,11013,11013,52
2019-04-25,16:42:01.923000,11012,11014,11014,8
2019-04-25,16:42:01.924000,11012,11014,11014,1
2019-04-25,16:42:01.924000,11012,11014,11014,7
2019-04-25,16:42:01.924000,11012,11014,11014,1
