2019-08-02,15:00:00.068000,10472,10473,10472,44
2019-08-02,15:00:00.244000,10472,10473,10472,1
2019-08-02,15:00:00.251000,10472,10473,10472,1
2019-08-02,15:00:00.261000,10472,10473,10472,1
2019-08-02,15:00:00.308000,10471,10473,10471,1
2019-08-02,15:00:00.321000,10471,10473,10470,1
2019-08-02,15:00:00.334000,10471,10473,10470,1
2019-08-02,15:00:00.541000,10470,10473,10470,1
2019-08-02,15:00:00.554000,10470,10473,10470,1
2019-08-02,15:00:00.633000,10470,10473,10472,1
2019-08-02,15:00:00.653000,10470,10473,10472,1
2019-08-02,15:00:00.766000,10470,10473,10473,1
2019-08-02,15:00:00.782000,10470,10473,10470,1
2019-08-02,15:00:01.123000,10470,10473,10472,1
2019-08-02,15:00:01.263000,10470,10472,10470,4
2019-08-02,15:00:01.263000,10470,10472,10469,13
2019-08-02,15:00:01.353000,10469,10472,10472,2
2019-08-02,15:00:01.541000,10470,10472,10470,2
2019-08-02,15:00:01.568000,10470,10472,10470,1
2019-08-02,15:00:01.570000,10470,10472,10470,2
2019-08-02,15:00:02.416000,10470,10471,10470,1
2019-08-02,15:00:02.545000,10470,10471,10470,1
2019-08-02,15:00:02.690000,10469,10470,10470,1
2019-08-02,15:00:02.780000,10469,10470,10471,1
2019-08-02,15:00:03.210000,10469,10470,10470,1
2019-08-02,15:00:03.221000,10469,10470,10471,1
2019-08-02,15:00:03.270000,10469,10470,10469,2
2019-08-02,15:00:04.456000,10469,10470,10470,1
2019-08-02,15:00:06.357000,10470,10471,10471,2
2019-08-02,15:00:06.685000,10470,10471,10471,1
2019-08-02,15:00:07.404000,10471,10472,10472,1
2019-08-02,15:00:07.484000,10471,10472,10471,6
2019-08-02,15:00:07.484000,10471,10472,10470,2
2019-08-02,15:00:07.785000,10470,10472,10471,1
2019-08-02,15:00:08.001000,10470,10472,10471,1
2019-08-02,15:00:08.424000,10470,10472,10472,1
2019-08-02,15:00:09.075000,10470,10471,10471,1
2019-08-02,15:00:09.260000,10470,10471,10471,1
2019-08-02,15:00:09.929000,10470,10471,10471,1
2019-08-02,15:00:10.326000,10471,10472,10471,1
2019-08-02,15:00:12.755000,10471,10472,10472,1
2019-08-02,15:00:13.791000,10472,10473,10472,1
2019-08-02,15:00:14.797000,10472,10473,10472,2
2019-08-02,15:00:14.851000,10472,10473,10472,3
2019-08-02,15:00:15.830000,10471,10472,10471,2
2019-08-02,15:00:16.270000,10471,10472,10471,1
2019-08-02,15:00:16.575000,10471,10472,10471,1
2019-08-02,15:00:18.080000,10471,10472,10471,1
2019-08-02,15:00:18.454000,10470,10471,10471,1
2019-08-02,15:00:21.216000,10470,10471,10471,1
2019-08-02,15:00:21.577000,10471,10472,10471,2
2019-08-02,15:00:22.087000,10470,10472,10470,2
2019-08-02,15:00:23.541000,10470,10471,10470,7
2019-08-02,15:00:23.666000,10470,10471,10470,9
2019-08-02,15:00:23.916000,10469,10470,10469,1
2019-08-02,15:00:25.452000,10469,10470,10469,1
2019-08-02,15:00:26.708000,10468,10469,10468,2
2019-08-02,15:00:27.239000,10468,10469,10468,2
2019-08-02,15:00:28.119000,10468,10469,10468,1
2019-08-02,15:00:28.202000,10468,10469,10468,1
2019-08-02,15:00:28.520000,10468,10469,10468,2
2019-08-02,15:00:29.116000,10468,10469,10469,5
2019-08-02,15:00:30.185000,10468,10469,10469,3
2019-08-02,15:00:32.213000,10468,10469,10469,1
2019-08-02,15:00:32.328000,10469,10470,10469,1
2019-08-02,15:00:34.281000,10468,10470,10468,1
2019-08-02,15:00:36.773000,10468,10469,10469,1
2019-08-02,15:00:41.912000,10468,10469,10469,5
2019-08-02,15:00:42.063000,10468,10469,10468,8
2019-08-02,15:00:44.548000,10468,10469,10468,13
2019-08-02,15:00:45.620000,10467,10468,10468,5
2019-08-02,15:00:45.650000,10467,10468,10467,5
2019-08-02,15:00:45.666000,10467,10468,10468,7
2019-08-02,15:00:53.169000,10468,10469,10468,3
2019-08-02,15:00:53.169000,10468,10469,10467,20
2019-08-02,15:00:55.599000,10466,10468,10468,1
2019-08-02,15:00:58.486000,10466,10467,10467,3
2019-08-02,15:00:58.486000,10466,10467,10468,7
2019-08-02,15:00:58.486000,10466,10467,10467,1
2019-08-02,15:00:58.651000,10466,10468,10466,2
2019-08-02,15:00:59.578000,10466,10468,10468,1
2019-08-02,15:01:00.465000,10466,10468,10466,1
2019-08-02,15:01:02.441000,10466,10467,10466,3
2019-08-02,15:01:02.666000,10466,10467,10466,2
2019-08-02,15:01:02.828000,10466,10467,10466,9
2019-08-02,15:01:03.160000,10465,10466,10465,3
2019-08-02,15:01:03.166000,10465,10466,10465,1
2019-08-02,15:01:03.166000,10465,10466,10465,3
2019-08-02,15:01:03.172000,10465,10466,10465,2
2019-08-02,15:01:03.210000,10465,10466,10465,1
2019-08-02,15:01:03.210000,10465,10466,10465,1
2019-08-02,15:01:03.210000,10465,10466,10465,2
2019-08-02,15:01:03.210000,10465,10466,10465,1
2019-08-02,15:01:03.210000,10465,10466,10465,2
2019-08-02,15:01:03.210000,10465,10466,10465,1
2019-08-02,15:01:03.210000,10465,10466,10465,1
2019-08-02,15:01:03.215000,10465,10466,10465,1
2019-08-02,15:01:03.291000,10465,10466,10465,1
2019-08-02,15:01:03.900000,10464,10465,10464,1
2019-08-02,15:01:04.194000,10464,10465,10465,1
2019-08-02,15:01:05.283000,10464,10465,10464,1
2019-08-02,15:01:06.898000,10464,10465,10464,2
2019-08-02,15:01:07.301000,10463,10464,10464,1
2019-08-02,15:01:07.301000,10463,10464,10465,4
2019-08-02,15:01:08.761000,10464,10466,10464,1
2019-08-02,15:01:09.515000,10465,10466,10465,3
2019-08-02,15:01:09.515000,10465,10466,10464,2
2019-08-02,15:01:09.535000,10465,10466,10464,2
2019-08-02,15:01:09.580000,10464,10466,10466,1
2019-08-02,15:01:13.463000,10465,10466,10466,2
2019-08-02,15:01:15.292000,10465,10466,10465,7
2019-08-02,15:01:15.328000,10465,10466,10465,1
2019-08-02,15:01:17.655000,10464,10465,10465,1
2019-08-02,15:01:18.645000,10464,10465,10464,1
2019-08-02,15:01:19.084000,10463,10465,10465,2
2019-08-02,15:01:20.968000,10464,10465,10464,1
2019-08-02,15:01:22.589000,10463,10464,10464,1
2019-08-02,15:01:23.224000,10463,10464,10464,1
2019-08-02,15:01:23.224000,10463,10464,10464,1
2019-08-02,15:01:23.225000,10463,10464,10464,1
2019-08-02,15:01:24.400000,10464,10465,10464,3
2019-08-02,15:01:24.400000,10464,10465,10463,2
2019-08-02,15:01:26.279000,10463,10464,10464,3
2019-08-02,15:01:27.864000,10464,10465,10464,1
2019-08-02,15:01:28.731000,10464,10465,10464,2
2019-08-02,15:01:29.342000,10463,10464,10463,4
2019-08-02,15:01:29.422000,10463,10464,10464,1
2019-08-02,15:01:29.552000,10463,10464,10463,10
2019-08-02,15:01:29.748000,10463,10464,10463,1
2019-08-02,15:01:30.118000,10463,10464,10464,1
2019-08-02,15:01:30.980000,10463,10464,10464,1
2019-08-02,15:01:35.603000,10463,10464,10463,5
2019-08-02,15:01:36.419000,10463,10464,10463,2
2019-08-02,15:01:37.127000,10463,10464,10463,1
2019-08-02,15:01:40.266000,10463,10464,10463,5
2019-08-02,15:01:42.702000,10463,10464,10463,1
2019-08-02,15:01:43.333000,10463,10464,10464,16
2019-08-02,15:01:44.151000,10464,10465,10464,1
2019-08-02,15:01:48.870000,10464,10465,10464,5
2019-08-02,15:01:51.835000,10464,10465,10464,5
2019-08-02,15:01:54.654000,10464,10465,10464,3
2019-08-02,15:01:58.671000,10464,10465,10464,1
2019-08-02,15:01:58.986000,10464,10465,10464,3
2019-08-02,15:01:59.676000,10464,10465,10464,1
2019-08-02,15:02:02.706000,10464,10465,10464,10
2019-08-02,15:02:03.300000,10464,10465,10464,5
2019-08-02,15:02:03.984000,10464,10465,10465,4
2019-08-02,15:02:04.030000,10464,10465,10465,2
2019-08-02,15:02:04.035000,10464,10465,10465,3
2019-08-02,15:02:04.041000,10464,10465,10465,5
2019-08-02,15:02:04.787000,10465,10466,10465,1
2019-08-02,15:02:11.078000,10464,10465,10464,6
2019-08-02,15:02:19.408000,10464,10465,10465,5
2019-08-02,15:02:20.668000,10464,10465,10464,1
2019-08-02,15:02:25.042000,10464,10465,10465,1
2019-08-02,15:02:26.071000,10464,10465,10465,1
2019-08-02,15:02:28.935000,10464,10465,10464,4
2019-08-02,15:02:29.295000,10464,10465,10465,5
2019-08-02,15:02:30.844000,10464,10465,10465,1
2019-08-02,15:02:38.610000,10464,10465,10465,4
2019-08-02,15:02:38.665000,10464,10465,10464,10
2019-08-02,15:02:39.324000,10465,10466,10465,9
2019-08-02,15:02:39.324000,10465,10466,10464,1
2019-08-02,15:02:41.053000,10464,10465,10465,1
2019-08-02,15:02:43.878000,10465,10466,10465,1
2019-08-02,15:02:43.878000,10465,10466,10464,1
2019-08-02,15:02:46.623000,10465,10466,10465,1
2019-08-02,15:02:46.998000,10464,10466,10465,1
2019-08-02,15:02:49.284000,10465,10466,10465,1
2019-08-02,15:02:51.901000,10464,10465,10465,1
2019-08-02,15:02:51.948000,10464,10465,10464,1
2019-08-02,15:02:52.906000,10464,10465,10465,20
2019-08-02,15:02:52.906000,10464,10465,10466,2
2019-08-02,15:02:56.035000,10464,10466,10466,1
2019-08-02,15:02:58.934000,10464,10465,10465,1
2019-08-02,15:03:02.092000,10465,10466,10465,5
2019-08-02,15:03:04.418000,10465,10466,10465,1
2019-08-02,15:03:05.363000,10465,10466,10465,4
2019-08-02,15:03:07.357000,10464,10465,10465,3
2019-08-02,15:03:08.977000,10465,10466,10465,1
2019-08-02,15:03:14.822000,10465,10466,10465,2
2019-08-02,15:03:16.542000,10465,10466,10465,2
2019-08-02,15:03:16.543000,10465,10466,10465,2
2019-08-02,15:03:20.930000,10465,10466,10465,1
2019-08-02,15:03:21.242000,10465,10466,10466,1
2019-08-02,15:03:22.585000,10465,10466,10465,2
2019-08-02,15:03:23.081000,10465,10466,10465,1
2019-08-02,15:03:25.141000,10465,10466,10466,1
2019-08-02,15:03:31.178000,10465,10466,10466,6
2019-08-02,15:03:32.245000,10465,10466,10466,1
2019-08-02,15:03:34.344000,10465,10466,10466,4
2019-08-02,15:03:35.489000,10466,10467,10467,1
2019-08-02,15:03:36.728000,10466,10467,10467,3
2019-08-02,15:03:38.631000,10466,10467,10467,5
2019-08-02,15:03:38.632000,10466,10467,10467,2
2019-08-02,15:03:38.632000,10466,10467,10467,3
2019-08-02,15:03:38.666000,10467,10468,10467,4
2019-08-02,15:03:39.477000,10467,10468,10467,1
2019-08-02,15:03:42.022000,10467,10468,10468,8
2019-08-02,15:03:45.202000,10466,10467,10467,2
2019-08-02,15:03:48.294000,10466,10467,10467,1
2019-08-02,15:03:51.555000,10466,10467,10467,2
2019-08-02,15:03:51.779000,10466,10467,10467,1
2019-08-02,15:03:53.175000,10466,10467,10467,1
2019-08-02,15:03:55.684000,10466,10467,10467,5
2019-08-02,15:03:57.384000,10467,10468,10467,1
2019-08-02,15:04:12.058000,10467,10468,10468,1
2019-08-02,15:04:12.059000,10467,10468,10468,3
2019-08-02,15:04:12.123000,10467,10468,10468,1
2019-08-02,15:04:12.124000,10467,10468,10468,1
2019-08-02,15:04:12.124000,10467,10468,10468,3
2019-08-02,15:04:12.124000,10467,10468,10468,1
2019-08-02,15:04:12.124000,10467,10468,10468,3
2019-08-02,15:04:12.166000,10467,10468,10468,4
2019-08-02,15:04:12.166000,10467,10468,10468,1
2019-08-02,15:04:12.166000,10467,10468,10468,17
2019-08-02,15:04:12.374000,10468,10469,10469,3
2019-08-02,15:04:12.396000,10468,10469,10469,1
2019-08-02,15:04:12.396000,10468,10469,10469,1
2019-08-02,15:04:12.397000,10468,10469,10469,1
2019-08-02,15:04:12.416000,10468,10469,10469,4
2019-08-02,15:04:12.416000,10468,10469,10469,1
2019-08-02,15:04:12.416000,10468,10469,10469,5
2019-08-02,15:04:12.420000,10468,10469,10469,1
2019-08-02,15:04:12.429000,10468,10469,10469,1
2019-08-02,15:04:13.217000,10469,10470,10470,2
2019-08-02,15:04:14.201000,10469,10470,10470,17
2019-08-02,15:04:16.140000,10470,10471,10471,2
2019-08-02,15:04:16.166000,10470,10471,10471,2
2019-08-02,15:04:17.139000,10470,10471,10471,1
2019-08-02,15:04:18.281000,10470,10471,10470,4
2019-08-02,15:04:18.306000,10469,10470,10470,2
2019-08-02,15:04:18.306000,10469,10470,10471,8
2019-08-02,15:04:18.434000,10469,10471,10470,1
2019-08-02,15:04:20.004000,10469,10471,10471,2
2019-08-02,15:04:20.847000,10470,10471,10470,2
2019-08-02,15:04:24.099000,10469,10470,10470,2
2019-08-02,15:04:28.080000,10469,10470,10470,1
2019-08-02,15:04:30.427000,10469,10470,10469,1
2019-08-02,15:04:32.520000,10469,10470,10470,1
2019-08-02,15:04:33.549000,10469,10470,10469,1
2019-08-02,15:04:33.561000,10469,10470,10469,1
2019-08-02,15:04:34.004000,10469,10470,10469,1
2019-08-02,15:04:40.204000,10467,10468,10468,2
2019-08-02,15:04:42.355000,10467,10468,10468,1
2019-08-02,15:04:45.882000,10467,10468,10468,1
2019-08-02,15:04:48.041000,10467,10468,10467,11
2019-08-02,15:04:57.541000,10466,10467,10466,3
2019-08-02,15:04:57.541000,10466,10467,10466,1
2019-08-02,15:04:57.541000,10466,10467,10466,4
2019-08-02,15:05:02.968000,10465,10466,10466,10
2019-08-02,15:05:03.806000,10465,10466,10465,1
2019-08-02,15:05:09.074000,10465,10466,10465,1
2019-08-02,15:05:10.541000,10465,10466,10465,5
2019-08-02,15:05:10.727000,10464,10466,10465,1
2019-08-02,15:05:10.791000,10464,10465,10465,1
2019-08-02,15:05:13.126000,10464,10465,10465,1
2019-08-02,15:05:15.327000,10464,10465,10464,19
2019-08-02,15:05:15.416000,10464,10465,10464,15
2019-08-02,15:05:19.111000,10463,10464,10463,9
2019-08-02,15:05:19.185000,10463,10464,10463,4
2019-08-02,15:05:19.884000,10463,10464,10464,1
2019-08-02,15:05:19.989000,10463,10464,10463,1
2019-08-02,15:05:20.242000,10463,10464,10463,2
2019-08-02,15:05:20.803000,10463,10464,10463,4
2019-08-02,15:05:20.803000,10463,10464,10463,1
2019-08-02,15:05:21.681000,10462,10463,10462,1
2019-08-02,15:05:22.291000,10462,10463,10462,10
2019-08-02,15:05:23.134000,10461,10462,10461,2
2019-08-02,15:05:23.208000,10461,10462,10461,3
2019-08-02,15:05:23.209000,10461,10462,10461,4
2019-08-02,15:05:23.291000,10461,10462,10461,7
2019-08-02,15:05:24.683000,10460,10461,10460,22
2019-08-02,15:05:24.977000,10459,10460,10459,1
2019-08-02,15:05:25.050000,10459,10460,10459,3
2019-08-02,15:05:25.076000,10459,10460,10459,2
2019-08-02,15:05:25.094000,10459,10460,10459,1
2019-08-02,15:05:25.095000,10459,10460,10459,1
2019-08-02,15:05:25.099000,10459,10460,10459,2
2019-08-02,15:05:25.099000,10459,10460,10459,1
2019-08-02,15:05:25.099000,10459,10460,10459,1
2019-08-02,15:05:25.289000,10458,10459,10458,1
2019-08-02,15:05:25.289000,10458,10459,10458,1
2019-08-02,15:05:25.291000,10458,10459,10458,5
2019-08-02,15:05:25.291000,10458,10459,10458,1
2019-08-02,15:05:25.381000,10458,10459,10458,1
2019-08-02,15:05:25.416000,10458,10459,10458,3
2019-08-02,15:05:25.452000,10458,10459,10458,1
2019-08-02,15:05:25.975000,10457,10458,10457,3
2019-08-02,15:05:25.980000,10457,10458,10457,1
2019-08-02,15:05:25.980000,10457,10458,10457,1
2019-08-02,15:05:26.041000,10457,10458,10457,1
2019-08-02,15:05:26.052000,10457,10458,10457,1
2019-08-02,15:05:26.053000,10457,10458,10457,1
2019-08-02,15:05:26.162000,10457,10458,10457,1
2019-08-02,15:05:26.166000,10457,10458,10457,1
2019-08-02,15:05:26.370000,10457,10458,10458,2
2019-08-02,15:05:26.370000,10457,10458,10458,1
2019-08-02,15:05:26.373000,10457,10458,10458,3
2019-08-02,15:05:26.630000,10458,10459,10459,1
2019-08-02,15:05:26.631000,10458,10459,10459,1
2019-08-02,15:05:28.043000,10459,10460,10460,1
2019-08-02,15:05:28.049000,10459,10460,10460,1
2019-08-02,15:05:28.166000,10459,10460,10460,5
2019-08-02,15:05:28.289000,10459,10460,10460,1
2019-08-02,15:05:29.791000,10460,10461,10461,1
2019-08-02,15:05:30.063000,10460,10461,10461,1
2019-08-02,15:05:30.168000,10460,10461,10460,2
2019-08-02,15:05:32.582000,10460,10461,10461,1
2019-08-02,15:05:32.916000,10460,10461,10461,1
2019-08-02,15:05:33.469000,10460,10462,10460,1
2019-08-02,15:05:33.653000,10460,10462,10460,1
2019-08-02,15:05:35.645000,10460,10461,10461,2
2019-08-02,15:05:37.209000,10460,10461,10460,2
2019-08-02,15:05:38.141000,10460,10461,10460,1
2019-08-02,15:05:40.917000,10461,10462,10461,1
2019-08-02,15:05:43.095000,10461,10462,10461,2
2019-08-02,15:05:46.133000,10461,10462,10462,1
2019-08-02,15:05:46.166000,10461,10462,10462,2
2019-08-02,15:05:46.458000,10462,10463,10462,1
2019-08-02,15:05:48.567000,10461,10463,10461,5
2019-08-02,15:05:51.281000,10461,10463,10461,4
2019-08-02,15:05:52.791000,10461,10462,10461,1
2019-08-02,15:05:53.918000,10461,10462,10461,5
2019-08-02,15:05:54.063000,10461,10462,10462,2
2019-08-02,15:05:55.302000,10461,10462,10462,1
2019-08-02,15:05:57.793000,10461,10462,10461,8
2019-08-02,15:05:58.261000,10460,10462,10461,1
2019-08-02,15:05:58.648000,10460,10461,10460,1
2019-08-02,15:05:59.944000,10460,10461,10461,2
2019-08-02,15:06:01.561000,10461,10462,10462,4
2019-08-02,15:06:05.961000,10462,10463,10462,1
2019-08-02,15:06:07.583000,10462,10463,10462,1
2019-08-02,15:06:09.066000,10461,10462,10462,1
2019-08-02,15:06:10.584000,10461,10462,10462,6
2019-08-02,15:06:11.288000,10463,10464,10463,1
2019-08-02,15:06:11.732000,10463,10464,10463,1
2019-08-02,15:06:12.504000,10463,10464,10463,1
2019-08-02,15:06:24.892000,10462,10463,10463,5
2019-08-02,15:06:24.916000,10462,10463,10463,2
2019-08-02,15:06:26.673000,10462,10464,10462,1
2019-08-02,15:06:27.891000,10462,10464,10463,2
2019-08-02,15:06:28.847000,10462,10463,10463,1
2019-08-02,15:06:30.127000,10462,10463,10463,5
2019-08-02,15:06:38.906000,10462,10463,10463,3
2019-08-02,15:06:38.916000,10462,10463,10463,5
2019-08-02,15:06:38.930000,10462,10463,10463,1
2019-08-02,15:06:39.142000,10463,10464,10463,2
2019-08-02,15:06:43.058000,10463,10464,10464,1
2019-08-02,15:06:43.058000,10463,10464,10465,2
2019-08-02,15:06:44.621000,10463,10464,10463,5
2019-08-02,15:06:45.206000,10463,10464,10464,1
2019-08-02,15:06:52.882000,10463,10464,10463,7
2019-08-02,15:06:53.114000,10462,10463,10463,2
2019-08-02,15:06:55.165000,10462,10464,10462,2
2019-08-02,15:06:57.204000,10463,10464,10463,1
2019-08-02,15:06:57.392000,10463,10464,10463,1
2019-08-02,15:07:01.014000,10463,10464,10463,11
2019-08-02,15:07:01.618000,10462,10463,10463,5
2019-08-02,15:07:04.457000,10462,10463,10462,1
2019-08-02,15:07:04.541000,10462,10463,10462,3
2019-08-02,15:07:13.217000,10461,10462,10462,1
2019-08-02,15:07:23.556000,10461,10462,10462,1
2019-08-02,15:07:28.607000,10462,10463,10462,1
2019-08-02,15:07:32.482000,10461,10462,10462,1
2019-08-02,15:07:33.191000,10461,10462,10462,1
2019-08-02,15:07:43.845000,10461,10462,10461,21
2019-08-02,15:07:45.874000,10460,10461,10461,1
2019-08-02,15:07:46.954000,10460,10461,10461,1
2019-08-02,15:07:47.789000,10460,10462,10462,1
2019-08-02,15:07:54.423000,10461,10462,10461,1
2019-08-02,15:08:01.435000,10460,10461,10461,1
2019-08-02,15:08:04.397000,10461,10462,10462,10
2019-08-02,15:08:04.416000,10461,10462,10462,16
2019-08-02,15:08:04.973000,10462,10463,10462,1
2019-08-02,15:08:06.354000,10462,10463,10461,1
2019-08-02,15:08:07.020000,10461,10463,10461,2
2019-08-02,15:08:16.550000,10461,10462,10462,3
2019-08-02,15:08:18.048000,10461,10462,10462,1
2019-08-02,15:08:21.201000,10462,10463,10462,1
2019-08-02,15:08:27.519000,10462,10463,10463,1
2019-08-02,15:08:27.541000,10462,10463,10463,4
2019-08-02,15:08:27.666000,10462,10463,10463,4
2019-08-02,15:08:27.791000,10462,10463,10463,2
2019-08-02,15:08:28.048000,10462,10463,10463,2
2019-08-02,15:08:28.048000,10462,10463,10463,1
2019-08-02,15:08:28.050000,10462,10463,10463,2
2019-08-02,15:08:28.065000,10462,10463,10463,1
2019-08-02,15:08:37.705000,10463,10464,10463,1
2019-08-02,15:08:39.728000,10463,10464,10464,1
2019-08-02,15:08:42.303000,10463,10464,10463,1
2019-08-02,15:08:46.887000,10463,10464,10463,3
2019-08-02,15:08:46.940000,10462,10463,10462,3
2019-08-02,15:08:51.594000,10462,10463,10463,5
2019-08-02,15:08:54.536000,10463,10464,10464,23
2019-08-02,15:08:55.568000,10464,10465,10464,2
2019-08-02,15:09:00.674000,10464,10465,10464,15
2019-08-02,15:09:01.332000,10463,10464,10464,3
2019-08-02,15:09:02.179000,10463,10464,10464,1
2019-08-02,15:09:07.019000,10463,10464,10464,1
2019-08-02,15:09:07.329000,10463,10464,10463,2
2019-08-02,15:09:08.564000,10462,10463,10463,1
2019-08-02,15:09:11.783000,10462,10463,10462,1
2019-08-02,15:09:13.975000,10462,10463,10463,1
2019-08-02,15:09:18.748000,10462,10463,10463,1
2019-08-02,15:09:27.842000,10462,10463,10463,2
2019-08-02,15:09:37.636000,10462,10463,10463,1
2019-08-02,15:09:42.797000,10462,10463,10462,1
2019-08-02,15:09:44.690000,10462,10463,10463,1
2019-08-02,15:09:45.165000,10462,10463,10462,1
2019-08-02,15:09:49.415000,10462,10463,10463,1
2019-08-02,15:09:49.416000,10462,10463,10463,2
2019-08-02,15:09:51.226000,10463,10464,10463,4
2019-08-02,15:09:53.164000,10462,10463,10463,1
2019-08-02,15:09:57.666000,10462,10463,10462,10
2019-08-02,15:10:01.193000,10462,10463,10463,2
2019-08-02,15:10:02.307000,10462,10463,10462,2
2019-08-02,15:10:03.336000,10462,10463,10462,3
2019-08-02,15:10:12.775000,10462,10463,10462,1
2019-08-02,15:10:13.010000,10461,10463,10461,1
2019-08-02,15:10:16.800000,10462,10463,10463,10
2019-08-02,15:10:17.904000,10462,10463,10463,1
2019-08-02,15:10:17.916000,10462,10463,10463,5
2019-08-02,15:10:19.711000,10463,10464,10463,1
2019-08-02,15:10:20.070000,10463,10464,10464,1
2019-08-02,15:10:21.550000,10463,10464,10464,11
2019-08-02,15:10:26.251000,10463,10464,10464,2
2019-08-02,15:10:31.261000,10463,10464,10464,1
2019-08-02,15:10:37.264000,10463,10464,10464,3
2019-08-02,15:10:42.327000,10463,10464,10464,2
2019-08-02,15:10:44.229000,10463,10464,10464,1
2019-08-02,15:10:45.773000,10463,10464,10463,5
2019-08-02,15:10:46.818000,10463,10464,10464,1
2019-08-02,15:10:49.024000,10463,10464,10464,1
2019-08-02,15:10:50.428000,10463,10464,10464,2
2019-08-02,15:10:50.428000,10463,10464,10464,3
2019-08-02,15:10:50.542000,10464,10465,10465,9
2019-08-02,15:10:50.542000,10464,10465,10465,5
2019-08-02,15:10:50.666000,10464,10465,10465,1
2019-08-02,15:10:50.666000,10464,10465,10465,2
2019-08-02,15:10:50.666000,10464,10465,10465,2
2019-08-02,15:10:50.718000,10464,10465,10465,1
2019-08-02,15:10:57.389000,10464,10465,10465,2
2019-08-02,15:10:58.380000,10465,10466,10465,1
2019-08-02,15:11:02.175000,10465,10466,10465,1
2019-08-02,15:11:08.921000,10465,10466,10465,1
2019-08-02,15:11:23.843000,10465,10466,10465,5
2019-08-02,15:11:27.941000,10464,10465,10465,1
2019-08-02,15:11:38.392000,10464,10465,10465,1
2019-08-02,15:11:38.392000,10464,10465,10465,1
2019-08-02,15:11:38.524000,10465,10466,10465,1
2019-08-02,15:11:39.244000,10465,10466,10465,2
2019-08-02,15:11:44.323000,10464,10465,10465,1
2019-08-02,15:11:44.886000,10464,10465,10465,7
2019-08-02,15:11:45,10465,10466,10466,2
2019-08-02,15:11:45.102000,10465,10466,10466,1
2019-08-02,15:11:50.745000,10465,10466,10466,10
2019-08-02,15:11:50.791000,10465,10466,10466,1
2019-08-02,15:11:54.191000,10466,10467,10467,3
2019-08-02,15:11:54.200000,10466,10467,10467,2
2019-08-02,15:11:54.200000,10466,10467,10467,2
2019-08-02,15:11:54.200000,10466,10467,10467,2
2019-08-02,15:11:54.720000,10466,10467,10467,9
2019-08-02,15:11:55.453000,10467,10468,10468,2
2019-08-02,15:11:55.455000,10467,10468,10468,1
2019-08-02,15:11:55.541000,10467,10468,10468,1
2019-08-02,15:11:58.506000,10468,10469,10469,2
2019-08-02,15:12:01.785000,10467,10468,10468,1
2019-08-02,15:12:03.329000,10467,10468,10468,1
2019-08-02,15:12:08.413000,10467,10468,10468,1
2019-08-02,15:12:08.947000,10467,10468,10468,1
2019-08-02,15:12:11.446000,10467,10468,10468,1
2019-08-02,15:12:12.393000,10467,10468,10468,4
2019-08-02,15:12:16.516000,10467,10468,10468,2
2019-08-02,15:12:19.732000,10467,10468,10467,17
2019-08-02,15:12:26.477000,10466,10467,10467,2
2019-08-02,15:12:26.478000,10466,10467,10467,1
2019-08-02,15:12:26.485000,10466,10467,10467,1
2019-08-02,15:12:26.793000,10467,10468,10467,1
2019-08-02,15:12:30.637000,10467,10468,10468,1
2019-08-02,15:12:35.166000,10467,10468,10468,1
2019-08-02,15:12:35.205000,10467,10468,10468,2
2019-08-02,15:12:35.240000,10467,10468,10468,3
2019-08-02,15:12:35.291000,10467,10468,10468,7
2019-08-02,15:12:36.360000,10467,10468,10468,3
2019-08-02,15:12:36.529000,10467,10468,10468,3
2019-08-02,15:12:57.085000,10468,10469,10469,1
2019-08-02,15:13:00.700000,10468,10469,10469,5
2019-08-02,15:13:00.952000,10468,10469,10468,1
2019-08-02,15:13:02.653000,10468,10469,10469,10
2019-08-02,15:13:02.856000,10468,10469,10469,2
2019-08-02,15:13:05.816000,10468,10469,10469,1
2019-08-02,15:13:08.679000,10468,10469,10468,1
2019-08-02,15:13:12.886000,10468,10469,10468,1
2019-08-02,15:13:17.732000,10468,10469,10468,1
2019-08-02,15:13:19.784000,10468,10469,10469,5
2019-08-02,15:13:20.511000,10468,10469,10468,1
2019-08-02,15:13:24.583000,10468,10469,10469,2
2019-08-02,15:13:29.783000,10468,10469,10468,21
2019-08-02,15:13:29.916000,10467,10468,10467,13
2019-08-02,15:13:30.041000,10467,10468,10467,2
2019-08-02,15:13:30.258000,10467,10468,10468,1
2019-08-02,15:13:31.207000,10467,10468,10468,1
2019-08-02,15:13:31.442000,10467,10468,10467,1
2019-08-02,15:13:31.791000,10466,10467,10467,1
2019-08-02,15:13:38.157000,10467,10468,10468,1
2019-08-02,15:13:41.302000,10467,10468,10467,1
2019-08-02,15:13:48.959000,10466,10467,10467,1
2019-08-02,15:13:50.658000,10466,10467,10466,1
2019-08-02,15:13:53.291000,10466,10467,10467,11
2019-08-02,15:13:54.379000,10467,10468,10467,1
2019-08-02,15:13:56.527000,10466,10467,10466,1
2019-08-02,15:13:56.542000,10466,10467,10466,1
2019-08-02,15:14:09.299000,10467,10468,10467,1
2019-08-02,15:14:10.286000,10467,10468,10467,3
2019-08-02,15:14:17.549000,10466,10467,10467,3
2019-08-02,15:14:19.012000,10467,10468,10467,1
2019-08-02,15:14:19.036000,10467,10468,10466,7
2019-08-02,15:14:19.036000,10467,10468,10466,8
2019-08-02,15:14:19.036000,10467,10468,10466,8
2019-08-02,15:14:19.036000,10467,10468,10466,7
2019-08-02,15:14:19.041000,10466,10467,10466,2
2019-08-02,15:14:19.041000,10466,10467,10466,4
2019-08-02,15:14:19.041000,10466,10467,10466,4
2019-08-02,15:14:19.166000,10465,10466,10465,2
2019-08-02,15:14:19.166000,10465,10466,10465,2
2019-08-02,15:14:19.166000,10465,10466,10465,6
2019-08-02,15:14:19.166000,10465,10466,10464,3
2019-08-02,15:14:19.166000,10465,10466,10464,4
2019-08-02,15:14:19.166000,10465,10466,10464,1
2019-08-02,15:14:19.291000,10464,10465,10464,3
2019-08-02,15:14:19.291000,10464,10465,10464,11
2019-08-02,15:14:19.314000,10464,10465,10464,3
2019-08-02,15:14:19.314000,10464,10465,10465,2
2019-08-02,15:14:19.506000,10463,10464,10464,1
2019-08-02,15:14:19.553000,10463,10465,10463,1
2019-08-02,15:14:19.582000,10463,10465,10463,3
2019-08-02,15:14:19.588000,10463,10465,10463,1
2019-08-02,15:14:20.313000,10463,10464,10464,5
2019-08-02,15:14:22.098000,10463,10464,10464,2
2019-08-02,15:14:22.520000,10464,10465,10464,1
2019-08-02,15:14:23.168000,10464,10465,10464,2
2019-08-02,15:14:23.486000,10464,10465,10464,1
2019-08-02,15:14:23.973000,10464,10465,10464,1
2019-08-02,15:14:23.974000,10464,10465,10464,1
2019-08-02,15:14:23.980000,10464,10465,10464,2
2019-08-02,15:14:25.358000,10463,10464,10464,1
2019-08-02,15:14:26.274000,10463,10464,10464,2
2019-08-02,15:14:26.276000,10463,10464,10464,2
2019-08-02,15:14:26.276000,10463,10464,10464,1
2019-08-02,15:14:31.035000,10464,10466,10464,8
2019-08-02,15:14:32.965000,10464,10465,10465,1
2019-08-02,15:14:36.792000,10463,10464,10463,4
2019-08-02,15:14:36.814000,10463,10464,10463,1
2019-08-02,15:14:42.267000,10462,10463,10462,5
2019-08-02,15:14:44.791000,10462,10463,10463,9
2019-08-02,15:14:45.391000,10463,10464,10464,6
2019-08-02,15:14:45.458000,10463,10465,10464,1
2019-08-02,15:14:46.257000,10464,10465,10464,1
2019-08-02,15:14:48.131000,10464,10465,10464,2
2019-08-02,15:14:53.078000,10464,10465,10464,2
2019-08-02,15:14:54.108000,10463,10464,10463,5
2019-08-02,15:14:55.778000,10463,10465,10463,5
2019-08-02,15:15:01.101000,10464,10465,10465,1
2019-08-02,15:15:01.526000,10464,10465,10465,2
2019-08-02,15:15:02.409000,10464,10465,10465,3
2019-08-02,15:15:05.677000,10464,10466,10464,1
2019-08-02,15:15:09.515000,10464,10465,10465,1
2019-08-02,15:15:15.788000,10465,10466,10466,5
2019-08-02,15:15:19.326000,10466,10467,10466,1
2019-08-02,15:15:20.418000,10466,10467,10467,2
2019-08-02,15:15:20.432000,10466,10467,10467,1
2019-08-02,15:15:20.480000,10466,10467,10467,2
2019-08-02,15:15:21.345000,10466,10467,10466,3
2019-08-02,15:15:29.337000,10465,10466,10466,1
2019-08-02,15:15:29.719000,10465,10466,10466,1
2019-08-02,15:15:29.798000,10466,10467,10466,1
2019-08-02,15:15:29.833000,10466,10467,10466,1
2019-08-02,15:15:31.526000,10466,10467,10466,1
2019-08-02,15:15:38.578000,10466,10467,10466,1
2019-08-02,15:15:42.948000,10465,10466,10465,1
2019-08-02,15:15:43.166000,10464,10465,10465,4
2019-08-02,15:15:43.166000,10464,10465,10466,3
2019-08-02,15:15:43.166000,10464,10465,10466,8
2019-08-02,15:15:43.166000,10464,10465,10466,8
2019-08-02,15:15:43.166000,10464,10465,10466,4
2019-08-02,15:15:43.291000,10465,10466,10466,1
2019-08-02,15:15:43.291000,10465,10466,10466,4
2019-08-02,15:15:43.291000,10465,10466,10466,1
2019-08-02,15:15:43.291000,10465,10466,10467,3
2019-08-02,15:15:44.314000,10466,10467,10466,5
2019-08-02,15:16:00.347000,10465,10466,10466,1
2019-08-02,15:16:13.888000,10465,10466,10466,4
2019-08-02,15:16:15.119000,10465,10466,10466,3
2019-08-02,15:16:18.674000,10465,10466,10466,5
2019-08-02,15:16:19.494000,10465,10466,10466,5
2019-08-02,15:16:26.739000,10465,10466,10466,1
2019-08-02,15:16:33.681000,10465,10466,10465,8
2019-08-02,15:16:33.721000,10465,10466,10465,5
2019-08-02,15:16:36.948000,10464,10465,10465,1
2019-08-02,15:16:38.202000,10464,10465,10464,1
2019-08-02,15:16:38.844000,10464,10465,10464,12
2019-08-02,15:16:38.844000,10464,10465,10464,2
2019-08-02,15:16:38.916000,10464,10465,10464,9
2019-08-02,15:16:43.291000,10464,10465,10465,2
2019-08-02,15:16:52.970000,10465,10466,10466,1
2019-08-02,15:16:53.963000,10465,10466,10466,8
2019-08-02,15:16:59.156000,10466,10468,10467,1
2019-08-02,15:17:14.233000,10467,10468,10467,1
2019-08-02,15:17:15.478000,10466,10468,10468,2
2019-08-02,15:17:19.431000,10466,10467,10466,1
2019-08-02,15:17:28.975000,10465,10466,10465,1
2019-08-02,15:17:32.379000,10465,10466,10466,3
2019-08-02,15:17:32.416000,10465,10466,10466,2
2019-08-02,15:17:47.940000,10466,10467,10467,1
2019-08-02,15:17:52.917000,10466,10467,10466,2
2019-08-02,15:17:53.194000,10465,10466,10466,1
2019-08-02,15:17:57.127000,10465,10466,10465,1
2019-08-02,15:18:08.595000,10465,10466,10466,1
2019-08-02,15:18:26.551000,10465,10466,10466,3
2019-08-02,15:18:26.666000,10465,10466,10466,1
2019-08-02,15:18:27.914000,10466,10467,10467,8
2019-08-02,15:18:27.914000,10466,10467,10467,8
2019-08-02,15:18:28.012000,10467,10468,10468,1
2019-08-02,15:18:28.035000,10467,10468,10468,2
2019-08-02,15:18:28.041000,10467,10468,10468,12
2019-08-02,15:18:28.041000,10467,10468,10468,2
2019-08-02,15:18:40.997000,10467,10468,10467,1
2019-08-02,15:18:42.554000,10467,10468,10468,1
2019-08-02,15:18:42.555000,10467,10468,10468,1
2019-08-02,15:18:42.556000,10467,10468,10468,1
2019-08-02,15:18:48.541000,10468,10469,10469,5
2019-08-02,15:18:48.666000,10468,10469,10469,4
2019-08-02,15:18:51.534000,10468,10469,10468,10
2019-08-02,15:18:53.594000,10468,10469,10469,2
2019-08-02,15:19:06.106000,10468,10469,10469,8
2019-08-02,15:19:08.788000,10468,10469,10469,20
2019-08-02,15:19:09.794000,10468,10469,10469,1
2019-08-02,15:19:20.728000,10469,10470,10469,1
2019-08-02,15:19:21.811000,10469,10470,10469,9
2019-08-02,15:19:23.590000,10468,10469,10469,1
2019-08-02,15:19:34.181000,10468,10469,10469,2
2019-08-02,15:19:39.260000,10468,10469,10469,1
2019-08-02,15:19:44.179000,10468,10469,10469,1
2019-08-02,15:19:59.762000,10468,10469,10469,1
2019-08-02,15:20:12.175000,10468,10469,10469,2
2019-08-02,15:20:17.115000,10468,10469,10469,1
2019-08-02,15:20:20.166000,10468,10469,10468,7
2019-08-02,15:20:21.511000,10467,10468,10468,1
2019-08-02,15:20:30.016000,10467,10468,10468,1
2019-08-02,15:20:36.917000,10467,10468,10467,1
2019-08-02,15:20:37.042000,10467,10468,10467,1
2019-08-02,15:20:43.032000,10466,10467,10466,1
2019-08-02,15:20:47.210000,10466,10467,10467,1
2019-08-02,15:20:47.210000,10466,10467,10467,2
2019-08-02,15:20:47.210000,10466,10467,10467,1
2019-08-02,15:20:47.210000,10466,10467,10467,1
2019-08-02,15:20:53.656000,10467,10468,10468,1
2019-08-02,15:21:03.416000,10467,10468,10468,2
2019-08-02,15:21:25.692000,10468,10469,10469,1
2019-08-02,15:21:32.760000,10468,10469,10469,1
2019-08-02,15:21:33.673000,10468,10469,10468,2
2019-08-02,15:21:36.783000,10467,10468,10468,1
2019-08-02,15:21:51.770000,10467,10468,10467,1
2019-08-02,15:21:56.499000,10467,10468,10467,2
2019-08-02,15:21:57.191000,10466,10467,10467,1
2019-08-02,15:21:57.214000,10466,10467,10467,1
2019-08-02,15:22:01.424000,10466,10467,10467,1
2019-08-02,15:22:07.918000,10467,10468,10468,1
2019-08-02,15:22:26.874000,10467,10468,10467,1
2019-08-02,15:22:39.960000,10467,10468,10467,1
2019-08-02,15:22:43.852000,10467,10468,10467,3
2019-08-02,15:23:24.697000,10466,10467,10466,7
2019-08-02,15:23:24.698000,10466,10467,10466,6
2019-08-02,15:23:24.699000,10466,10467,10466,22
2019-08-02,15:23:25.702000,10465,10466,10466,1
2019-08-02,15:23:29.996000,10465,10466,10465,9
2019-08-02,15:23:31.998000,10464,10465,10464,1
2019-08-02,15:23:33.291000,10464,10465,10464,2
2019-08-02,15:23:33.416000,10464,10465,10464,1
2019-08-02,15:23:37.559000,10463,10464,10463,2
2019-08-02,15:23:37.755000,10463,10464,10463,3
2019-08-02,15:23:37.860000,10463,10464,10463,3
2019-08-02,15:23:37.860000,10463,10464,10463,1
2019-08-02,15:23:38.294000,10462,10464,10462,1
2019-08-02,15:23:38.843000,10462,10463,10462,1
2019-08-02,15:23:41.777000,10462,10463,10463,1
2019-08-02,15:23:42.620000,10462,10463,10462,1
2019-08-02,15:23:43.280000,10462,10463,10462,4
2019-08-02,15:23:43.404000,10462,10463,10462,1
2019-08-02,15:23:43.945000,10462,10463,10462,1
2019-08-02,15:23:44.238000,10462,10463,10462,1
2019-08-02,15:23:47.490000,10462,10463,10462,5
2019-08-02,15:23:47.894000,10462,10463,10463,1
2019-08-02,15:23:49.389000,10462,10463,10462,1
2019-08-02,15:23:50.760000,10462,10463,10462,1
2019-08-02,15:23:50.761000,10462,10463,10462,3
2019-08-02,15:23:50.791000,10462,10463,10462,12
2019-08-02,15:23:50.791000,10462,10463,10462,2
2019-08-02,15:23:53.383000,10461,10462,10462,1
2019-08-02,15:23:56.694000,10461,10462,10461,1
2019-08-02,15:23:56.826000,10461,10462,10461,1
2019-08-02,15:23:57.005000,10461,10462,10461,1
2019-08-02,15:23:58.079000,10461,10462,10462,1
2019-08-02,15:23:58.474000,10461,10462,10461,1
2019-08-02,15:23:59.576000,10461,10462,10461,1
2019-08-02,15:24:00.086000,10461,10462,10462,2
2019-08-02,15:24:00.193000,10461,10462,10462,1
2019-08-02,15:24:00.809000,10461,10462,10462,1
2019-08-02,15:24:00.809000,10461,10462,10462,5
2019-08-02,15:24:01.022000,10462,10463,10462,4
2019-08-02,15:24:03.756000,10461,10462,10462,5
2019-08-02,15:24:04.571000,10461,10462,10462,1
2019-08-02,15:24:04.607000,10461,10462,10461,5
2019-08-02,15:24:06.040000,10461,10462,10462,4
2019-08-02,15:24:18.915000,10462,10463,10463,1
2019-08-02,15:24:20.376000,10462,10463,10463,1
2019-08-02,15:24:22.018000,10462,10463,10463,1
2019-08-02,15:24:29.037000,10463,10464,10463,1
2019-08-02,15:24:31.036000,10463,10464,10463,2
2019-08-02,15:24:31.036000,10463,10464,10462,8
2019-08-02,15:24:36.495000,10463,10464,10463,4
2019-08-02,15:24:36.533000,10463,10464,10463,1
2019-08-02,15:24:38.122000,10462,10464,10463,1
2019-08-02,15:24:38.272000,10462,10463,10463,1
2019-08-02,15:24:42.428000,10462,10463,10463,1
2019-08-02,15:24:43.073000,10462,10463,10463,1
2019-08-02,15:24:44.623000,10462,10463,10462,10
2019-08-02,15:24:44.623000,10462,10463,10462,2
2019-08-02,15:24:44.623000,10462,10463,10462,1
2019-08-02,15:24:44.623000,10462,10463,10462,2
2019-08-02,15:24:44.685000,10461,10462,10462,1
2019-08-02,15:24:47.332000,10461,10462,10462,1
2019-08-02,15:24:52.313000,10462,10463,10463,1
2019-08-02,15:24:52.655000,10462,10463,10462,1
2019-08-02,15:24:53.407000,10462,10463,10462,1
2019-08-02,15:24:55.258000,10462,10463,10462,2
2019-08-02,15:24:55.259000,10462,10463,10462,1
2019-08-02,15:24:56.997000,10461,10462,10462,1
2019-08-02,15:24:59.556000,10461,10462,10461,1
2019-08-02,15:25:00.607000,10461,10462,10462,2
2019-08-02,15:25:08.749000,10461,10462,10461,2
2019-08-02,15:25:09.593000,10461,10462,10462,1
2019-08-02,15:25:14.347000,10461,10462,10462,1
2019-08-02,15:25:14.348000,10461,10462,10462,2
2019-08-02,15:25:14.348000,10461,10462,10462,1
2019-08-02,15:25:14.348000,10461,10462,10462,2
2019-08-02,15:25:14.348000,10461,10462,10462,3
2019-08-02,15:25:14.889000,10462,10463,10463,1
2019-08-02,15:25:20.505000,10462,10463,10463,1
2019-08-02,15:25:26.092000,10462,10463,10463,1
2019-08-02,15:25:28.895000,10462,10463,10462,5
2019-08-02,15:25:30.249000,10462,10463,10462,1
2019-08-02,15:25:31.679000,10462,10463,10463,1
2019-08-02,15:25:32.809000,10462,10463,10463,1
2019-08-02,15:25:37.096000,10462,10463,10462,1
2019-08-02,15:25:37.621000,10462,10463,10463,1
2019-08-02,15:25:39.847000,10463,10464,10463,1
2019-08-02,15:25:43.461000,10462,10463,10463,1
2019-08-02,15:25:49.039000,10462,10463,10463,1
2019-08-02,15:25:53.408000,10462,10463,10463,1
2019-08-02,15:25:54.385000,10462,10463,10463,1
2019-08-02,15:25:54.950000,10462,10463,10463,1
2019-08-02,15:25:58.716000,10462,10463,10463,1
2019-08-02,15:26:00.094000,10462,10463,10463,1
2019-08-02,15:26:00.498000,10462,10463,10463,1
2019-08-02,15:26:06.276000,10462,10463,10463,1
2019-08-02,15:26:09.240000,10462,10463,10463,3
2019-08-02,15:26:09.377000,10462,10464,10463,1
2019-08-02,15:26:11.017000,10463,10464,10463,2
2019-08-02,15:26:14.490000,10463,10464,10463,2
2019-08-02,15:26:15.038000,10463,10464,10463,2
2019-08-02,15:26:20.140000,10463,10464,10463,1
2019-08-02,15:26:36.916000,10463,10464,10463,3
2019-08-02,15:26:36.916000,10463,10464,10463,5
2019-08-02,15:26:37.030000,10463,10464,10463,3
2019-08-02,15:26:37.213000,10462,10463,10462,1
2019-08-02,15:26:37.240000,10462,10463,10462,1
2019-08-02,15:26:37.245000,10462,10463,10462,2
2019-08-02,15:26:37.377000,10462,10463,10462,1
2019-08-02,15:26:39.305000,10462,10463,10463,1
2019-08-02,15:26:39.336000,10462,10463,10462,2
2019-08-02,15:26:39.516000,10462,10463,10462,3
2019-08-02,15:26:39.517000,10462,10463,10462,2
2019-08-02,15:26:39.517000,10462,10463,10462,5
2019-08-02,15:26:39.517000,10462,10463,10462,6
2019-08-02,15:26:39.517000,10462,10463,10462,1
2019-08-02,15:26:39.517000,10462,10463,10462,1
2019-08-02,15:26:39.517000,10462,10463,10462,3
2019-08-02,15:26:39.517000,10462,10463,10462,2
2019-08-02,15:26:39.518000,10462,10463,10462,1
2019-08-02,15:26:44.967000,10461,10462,10462,1
2019-08-02,15:26:49.986000,10461,10462,10462,1
2019-08-02,15:26:50.090000,10461,10462,10462,1
2019-08-02,15:26:51.676000,10461,10462,10462,2
2019-08-02,15:26:51.677000,10461,10462,10462,1
2019-08-02,15:26:52.146000,10462,10463,10462,11
2019-08-02,15:26:55.055000,10461,10463,10463,1
2019-08-02,15:26:59.529000,10461,10462,10462,1
2019-08-02,15:27:01.293000,10461,10462,10462,1
2019-08-02,15:27:03.247000,10461,10462,10462,3
2019-08-02,15:27:04.942000,10461,10462,10462,3
2019-08-02,15:27:08.096000,10461,10462,10461,1
2019-08-02,15:27:09.950000,10461,10462,10462,1
2019-08-02,15:27:10.024000,10461,10462,10462,1
2019-08-02,15:27:11.840000,10461,10462,10462,1
2019-08-02,15:27:21.754000,10461,10462,10461,1
2019-08-02,15:27:29.952000,10461,10462,10462,1
2019-08-02,15:27:29.952000,10461,10462,10462,2
2019-08-02,15:27:29.952000,10461,10462,10462,7
2019-08-02,15:27:30.520000,10462,10463,10462,1
2019-08-02,15:27:30.787000,10462,10463,10462,1
2019-08-02,15:27:34.422000,10462,10463,10463,1
2019-08-02,15:27:35.897000,10463,10464,10464,7
2019-08-02,15:27:35.898000,10463,10464,10464,6
2019-08-02,15:27:41.853000,10464,10465,10464,1
2019-08-02,15:27:50.685000,10464,10465,10464,1
2019-08-02,15:27:52.025000,10464,10465,10464,1
2019-08-02,15:27:52.065000,10463,10464,10464,1
2019-08-02,15:27:52.330000,10463,10464,10464,1
2019-08-02,15:28:10.675000,10463,10464,10463,1
2019-08-02,15:28:30.683000,10463,10464,10463,1
2019-08-02,15:28:30.683000,10463,10464,10463,1
2019-08-02,15:28:32.056000,10462,10463,10463,2
2019-08-02,15:28:32.926000,10462,10463,10463,1
2019-08-02,15:28:38.610000,10462,10463,10462,1
2019-08-02,15:28:40.268000,10462,10463,10462,4
2019-08-02,15:28:40.271000,10462,10463,10462,6
2019-08-02,15:28:51.447000,10461,10462,10462,3
2019-08-02,15:28:51.447000,10461,10462,10462,2
2019-08-02,15:28:51.539000,10461,10462,10462,5
2019-08-02,15:28:52.459000,10462,10463,10463,4
2019-08-02,15:29:05.344000,10462,10463,10463,2
2019-08-02,15:29:11.384000,10463,10464,10463,1
2019-08-02,15:29:18.852000,10463,10464,10463,5
2019-08-02,15:29:27.539000,10463,10464,10463,1
2019-08-02,15:29:28.245000,10463,10464,10463,8
2019-08-02,15:29:33.833000,10462,10464,10462,5
2019-08-02,15:29:38.008000,10462,10464,10462,1
2019-08-02,15:29:44.156000,10462,10463,10462,1
2019-08-02,15:30:01.072000,10462,10463,10462,2
2019-08-02,15:30:01.073000,10462,10463,10462,2
2019-08-02,15:30:01.076000,10462,10463,10462,2
2019-08-02,15:30:01.166000,10462,10463,10462,9
2019-08-02,15:30:01.166000,10462,10463,10462,3
2019-08-02,15:30:01.166000,10462,10463,10462,4
2019-08-02,15:30:01.419000,10462,10463,10462,2
2019-08-02,15:30:02.106000,10461,10462,10461,1
2019-08-02,15:30:02.211000,10461,10462,10461,4
2019-08-02,15:30:02.263000,10461,10462,10461,3
2019-08-02,15:30:04.081000,10461,10462,10461,1
2019-08-02,15:30:11.278000,10461,10462,10461,1
2019-08-02,15:30:11.804000,10461,10462,10461,1
2019-08-02,15:30:12.384000,10461,10462,10461,1
2019-08-02,15:30:14.057000,10461,10462,10461,5
2019-08-02,15:30:15.985000,10461,10462,10461,2
2019-08-02,15:30:16.181000,10461,10462,10461,2
2019-08-02,15:30:16.181000,10461,10462,10461,5
2019-08-02,15:30:16.182000,10461,10462,10461,3
2019-08-02,15:30:16.182000,10461,10462,10461,1
2019-08-02,15:30:16.185000,10461,10462,10461,1
2019-08-02,15:30:16.249000,10461,10462,10461,2
2019-08-02,15:30:16.249000,10461,10462,10461,2
2019-08-02,15:30:16.249000,10461,10462,10461,1
2019-08-02,15:30:16.249000,10461,10462,10461,2
2019-08-02,15:30:17.781000,10460,10461,10460,1
2019-08-02,15:30:18.062000,10460,10461,10460,1
2019-08-02,15:30:20.141000,10460,10461,10460,1
2019-08-02,15:30:21.589000,10460,10461,10460,1
2019-08-02,15:30:22.604000,10460,10461,10460,1
2019-08-02,15:30:23.166000,10460,10461,10460,4
2019-08-02,15:30:23.245000,10460,10461,10460,6
2019-08-02,15:30:23.291000,10460,10461,10460,1
2019-08-02,15:30:23.752000,10460,10461,10460,1
2019-08-02,15:30:24.308000,10460,10461,10460,3
2019-08-02,15:30:24.685000,10460,10461,10460,15
2019-08-02,15:30:25.649000,10459,10460,10459,2
2019-08-02,15:30:27.471000,10459,10460,10459,1
2019-08-02,15:30:29.347000,10459,10460,10459,1
2019-08-02,15:30:30.043000,10459,10460,10460,2
2019-08-02,15:30:30.043000,10459,10460,10460,1
2019-08-02,15:30:30.220000,10460,10461,10460,1
2019-08-02,15:30:31.417000,10459,10461,10459,1
2019-08-02,15:30:46.665000,10459,10460,10459,1
2019-08-02,15:31:02.650000,10459,10460,10459,1
2019-08-02,15:31:05.651000,10459,10460,10459,1
2019-08-02,15:31:05.904000,10459,10460,10459,2
2019-08-02,15:31:05.904000,10459,10460,10459,2
2019-08-02,15:31:05.904000,10459,10460,10459,4
2019-08-02,15:31:12.289000,10458,10459,10458,1
2019-08-02,15:31:13.196000,10458,10459,10458,1
2019-08-02,15:31:18.929000,10458,10459,10458,3
2019-08-02,15:31:18.943000,10458,10459,10458,1
2019-08-02,15:31:19.527000,10458,10459,10459,1
2019-08-02,15:31:20.054000,10458,10459,10458,1
2019-08-02,15:31:22.131000,10458,10459,10458,3
2019-08-02,15:31:24.674000,10458,10459,10458,1
2019-08-02,15:31:24.708000,10458,10459,10459,1
2019-08-02,15:31:26.565000,10458,10459,10459,1
2019-08-02,15:31:28.618000,10459,10460,10459,1
2019-08-02,15:31:29.270000,10459,10460,10459,5
2019-08-02,15:31:30.868000,10458,10459,10459,1
2019-08-02,15:31:33.049000,10458,10459,10459,2
2019-08-02,15:31:35.174000,10458,10459,10459,1
2019-08-02,15:31:39.625000,10458,10459,10458,2
2019-08-02,15:31:40.665000,10458,10459,10459,6
2019-08-02,15:31:41.024000,10459,10460,10459,4
2019-08-02,15:31:44.650000,10458,10459,10459,1
2019-08-02,15:31:49.182000,10458,10459,10459,1
2019-08-02,15:31:54.837000,10458,10459,10458,1
2019-08-02,15:31:56.627000,10458,10459,10459,1
2019-08-02,15:31:56.702000,10458,10459,10459,2
2019-08-02,15:31:56.702000,10458,10459,10459,1
2019-08-02,15:31:59.770000,10459,10460,10459,3
2019-08-02,15:32:01.516000,10458,10459,10459,1
2019-08-02,15:32:07.981000,10458,10459,10459,2
2019-08-02,15:32:11.087000,10459,10460,10459,7
2019-08-02,15:32:17.274000,10458,10459,10459,3
2019-08-02,15:32:23.488000,10458,10459,10459,1
2019-08-02,15:32:24.507000,10458,10459,10458,5
2019-08-02,15:32:29.133000,10458,10459,10458,1
2019-08-02,15:32:31.616000,10458,10459,10459,1
2019-08-02,15:32:32.372000,10458,10459,10459,1
2019-08-02,15:32:36.025000,10458,10459,10458,5
2019-08-02,15:32:37.352000,10458,10459,10458,1
2019-08-02,15:32:38.925000,10458,10459,10458,1
2019-08-02,15:32:41.570000,10458,10459,10458,2
2019-08-02,15:32:46.139000,10458,10459,10458,2
2019-08-02,15:32:51.445000,10458,10459,10459,2
2019-08-02,15:32:51.446000,10458,10459,10459,5
2019-08-02,15:32:51.446000,10458,10459,10459,5
2019-08-02,15:32:51.446000,10458,10459,10459,4
2019-08-02,15:32:51.446000,10458,10459,10459,12
2019-08-02,15:32:51.446000,10458,10459,10459,2
2019-08-02,15:32:51.449000,10458,10459,10459,3
2019-08-02,15:32:53.334000,10459,10460,10459,2
2019-08-02,15:32:53.366000,10459,10460,10459,2
2019-08-02,15:32:53.574000,10459,10460,10459,1
2019-08-02,15:32:59.363000,10459,10460,10459,1
2019-08-02,15:33:00.813000,10459,10460,10459,1
2019-08-02,15:33:06.938000,10459,10460,10459,1
2019-08-02,15:33:07.168000,10459,10460,10459,1
2019-08-02,15:33:16.433000,10459,10460,10459,3
2019-08-02,15:33:16.541000,10459,10460,10459,4
2019-08-02,15:33:16.666000,10459,10460,10459,2
2019-08-02,15:33:16.666000,10459,10460,10459,2
2019-08-02,15:33:27.615000,10458,10459,10459,4
2019-08-02,15:33:30.490000,10459,10460,10460,1
2019-08-02,15:33:31.733000,10459,10460,10459,2
2019-08-02,15:33:32.002000,10459,10460,10459,1
2019-08-02,15:33:34.416000,10459,10460,10459,2
2019-08-02,15:33:34.541000,10458,10459,10459,1
2019-08-02,15:33:38.144000,10458,10459,10459,1
2019-08-02,15:33:39.526000,10458,10459,10459,3
2019-08-02,15:33:39.526000,10458,10459,10459,2
2019-08-02,15:33:39.526000,10458,10459,10459,1
2019-08-02,15:33:41.685000,10459,10460,10459,2
2019-08-02,15:33:44.599000,10459,10460,10459,1
2019-08-02,15:33:48.571000,10459,10460,10459,3
2019-08-02,15:33:50.514000,10458,10459,10458,1
2019-08-02,15:33:57.419000,10458,10459,10458,4
2019-08-02,15:33:59.360000,10458,10459,10458,1
2019-08-02,15:34:00.124000,10458,10459,10458,2
2019-08-02,15:34:03.171000,10458,10459,10458,2
2019-08-02,15:34:17.901000,10458,10459,10458,2
2019-08-02,15:34:22.021000,10458,10459,10458,1
2019-08-02,15:34:22.022000,10458,10459,10458,1
2019-08-02,15:34:22.022000,10458,10459,10458,2
2019-08-02,15:34:22.022000,10458,10459,10458,13
2019-08-02,15:34:22.022000,10458,10459,10458,4
2019-08-02,15:34:22.022000,10458,10459,10458,1
2019-08-02,15:34:22.022000,10458,10459,10458,1
2019-08-02,15:34:22.022000,10458,10459,10458,1
2019-08-02,15:34:22.022000,10458,10459,10458,2
2019-08-02,15:34:22.022000,10458,10459,10458,1
2019-08-02,15:34:22.022000,10458,10459,10458,1
2019-08-02,15:34:25.864000,10457,10458,10457,2
2019-08-02,15:34:25.989000,10457,10458,10458,1
2019-08-02,15:34:26.088000,10457,10458,10457,1
2019-08-02,15:34:26.488000,10457,10458,10457,2
2019-08-02,15:34:26.963000,10457,10458,10457,2
2019-08-02,15:34:27.761000,10457,10458,10457,5
2019-08-02,15:34:29.438000,10457,10458,10457,4
2019-08-02,15:34:30.988000,10457,10458,10457,2
2019-08-02,15:34:33.051000,10457,10458,10457,1
2019-08-02,15:34:34.117000,10457,10458,10458,1
2019-08-02,15:34:34.614000,10457,10458,10457,2
2019-08-02,15:34:45.345000,10457,10458,10457,5
2019-08-02,15:34:51.662000,10456,10457,10457,1
2019-08-02,15:34:53.602000,10456,10457,10456,1
2019-08-02,15:34:53.694000,10456,10457,10456,1
2019-08-02,15:34:54.223000,10456,10457,10456,50
2019-08-02,15:34:54.280000,10456,10457,10456,1
2019-08-02,15:34:57.429000,10456,10457,10456,1
2019-08-02,15:34:58.439000,10456,10457,10456,2
2019-08-02,15:34:59.239000,10456,10457,10456,1
2019-08-02,15:35:00.846000,10456,10457,10456,2
2019-08-02,15:35:02.728000,10456,10457,10456,4
2019-08-02,15:35:03.345000,10456,10457,10456,1
2019-08-02,15:35:03.363000,10456,10457,10456,1
2019-08-02,15:35:05.040000,10455,10456,10456,1
2019-08-02,15:35:05.729000,10455,10456,10455,1
2019-08-02,15:35:05.814000,10455,10456,10455,1
2019-08-02,15:35:07.645000,10455,10456,10455,1
2019-08-02,15:35:10.852000,10455,10456,10455,1
2019-08-02,15:35:19.525000,10455,10456,10455,1
2019-08-02,15:35:20.231000,10455,10456,10455,2
2019-08-02,15:35:20.708000,10455,10456,10455,1
2019-08-02,15:35:20.966000,10455,10456,10455,1
2019-08-02,15:35:28.685000,10455,10456,10455,1
2019-08-02,15:35:33.324000,10455,10456,10455,2
2019-08-02,15:35:37.188000,10455,10456,10456,1
2019-08-02,15:35:37.805000,10455,10456,10455,16
2019-08-02,15:35:37.805000,10455,10456,10454,7
2019-08-02,15:35:41.044000,10454,10455,10454,1
2019-08-02,15:35:41.681000,10454,10455,10454,2
2019-08-02,15:35:41.681000,10454,10455,10454,5
2019-08-02,15:35:42.887000,10453,10454,10453,1
2019-08-02,15:35:42.975000,10453,10454,10453,2
2019-08-02,15:35:44.079000,10453,10454,10454,1
2019-08-02,15:35:44.092000,10453,10454,10454,1
2019-08-02,15:35:44.945000,10453,10454,10453,1
2019-08-02,15:35:45.116000,10453,10454,10453,2
2019-08-02,15:35:45.313000,10453,10454,10453,2
2019-08-02,15:35:46.387000,10453,10454,10453,3
2019-08-02,15:35:46.790000,10453,10454,10453,3
2019-08-02,15:35:46.921000,10453,10454,10453,4
2019-08-02,15:35:47.695000,10452,10453,10453,2
2019-08-02,15:35:47.696000,10452,10453,10453,4
2019-08-02,15:35:48.245000,10453,10454,10453,4
2019-08-02,15:35:48.929000,10453,10454,10454,1
2019-08-02,15:35:54.775000,10453,10454,10454,16
2019-08-02,15:35:55.141000,10454,10455,10454,1
2019-08-02,15:35:57.042000,10454,10455,10454,1
2019-08-02,15:36:01.162000,10453,10454,10453,2
2019-08-02,15:36:07.057000,10453,10454,10453,2
2019-08-02,15:36:12.181000,10453,10454,10453,1
2019-08-02,15:36:12.221000,10453,10454,10453,1
2019-08-02,15:36:12.240000,10453,10454,10453,1
2019-08-02,15:36:13.655000,10453,10454,10453,13
2019-08-02,15:36:14.952000,10453,10454,10453,1
2019-08-02,15:36:16.525000,10452,10453,10452,3
2019-08-02,15:36:19.913000,10452,10453,10452,1
2019-08-02,15:36:21.755000,10452,10453,10452,2
2019-08-02,15:36:23.777000,10452,10453,10452,1
2019-08-02,15:36:24.763000,10452,10453,10452,1
2019-08-02,15:36:24.797000,10452,10453,10453,1
2019-08-02,15:36:31.683000,10452,10453,10453,1
2019-08-02,15:36:33.918000,10452,10453,10453,1
2019-08-02,15:36:34.068000,10452,10453,10453,5
2019-08-02,15:36:34.069000,10452,10453,10453,4
2019-08-02,15:36:34.069000,10452,10453,10453,5
2019-08-02,15:36:35.824000,10453,10454,10454,3
2019-08-02,15:36:37.336000,10453,10454,10454,3
2019-08-02,15:36:38.798000,10453,10454,10454,3
2019-08-02,15:36:40.813000,10453,10454,10454,4
2019-08-02,15:36:44.790000,10453,10454,10454,1
2019-08-02,15:36:45.034000,10453,10454,10454,1
2019-08-02,15:36:45.622000,10453,10454,10453,2
2019-08-02,15:36:46.195000,10453,10454,10454,3
2019-08-02,15:36:51.594000,10454,10455,10454,1
2019-08-02,15:36:57.358000,10454,10455,10454,2
2019-08-02,15:37:01.682000,10454,10455,10454,1
2019-08-02,15:37:04.352000,10454,10455,10454,3
2019-08-02,15:37:06.618000,10454,10455,10454,2
2019-08-02,15:37:07.554000,10454,10455,10454,2
2019-08-02,15:37:08.053000,10454,10455,10454,1
2019-08-02,15:37:10.444000,10454,10455,10454,2
2019-08-02,15:37:14.181000,10454,10455,10454,1
2019-08-02,15:37:14.508000,10454,10455,10454,6
2019-08-02,15:37:17.631000,10453,10454,10454,1
2019-08-02,15:37:18.501000,10453,10454,10453,2
2019-08-02,15:37:20.252000,10453,10454,10454,2
2019-08-02,15:37:24.128000,10453,10454,10454,4
2019-08-02,15:37:24.166000,10453,10454,10454,14
2019-08-02,15:37:25.373000,10454,10455,10454,1
2019-08-02,15:37:30.326000,10454,10455,10454,1
2019-08-02,15:37:32.405000,10454,10455,10455,23
2019-08-02,15:37:32.416000,10454,10455,10455,2
2019-08-02,15:37:32.416000,10454,10455,10455,1
2019-08-02,15:37:32.942000,10455,10456,10455,2
2019-08-02,15:37:36.397000,10455,10456,10455,1
2019-08-02,15:37:37.537000,10454,10455,10455,1
2019-08-02,15:37:40.950000,10454,10455,10455,1
2019-08-02,15:37:47.902000,10455,10456,10456,1
2019-08-02,15:37:50.518000,10455,10456,10456,1
2019-08-02,15:37:52.578000,10455,10456,10456,1
2019-08-02,15:38:01.357000,10455,10456,10455,1
2019-08-02,15:38:03.085000,10455,10456,10456,2
2019-08-02,15:38:12.440000,10455,10456,10456,3
2019-08-02,15:38:12.440000,10455,10456,10456,3
2019-08-02,15:38:12.440000,10455,10456,10456,2
2019-08-02,15:38:12.441000,10455,10456,10456,3
2019-08-02,15:38:12.441000,10455,10456,10456,2
2019-08-02,15:38:12.441000,10455,10456,10456,2
2019-08-02,15:38:12.441000,10455,10456,10456,1
2019-08-02,15:38:12.441000,10455,10456,10456,4
2019-08-02,15:38:12.441000,10455,10456,10456,1
2019-08-02,15:38:13.207000,10456,10457,10457,2
2019-08-02,15:38:13.224000,10456,10457,10457,1
2019-08-02,15:38:13.235000,10456,10457,10457,3
2019-08-02,15:38:13.236000,10456,10457,10457,2
2019-08-02,15:38:13.573000,10457,10458,10458,1
2019-08-02,15:38:13.709000,10457,10458,10458,1
2019-08-02,15:38:15.584000,10457,10458,10458,1
2019-08-02,15:38:15.821000,10457,10458,10458,2
2019-08-02,15:38:15.916000,10457,10458,10458,2
2019-08-02,15:38:16.140000,10457,10458,10458,1
2019-08-02,15:38:16.140000,10457,10458,10458,1
2019-08-02,15:38:16.166000,10457,10458,10458,4
2019-08-02,15:38:16.166000,10457,10458,10458,2
2019-08-02,15:38:16.283000,10457,10458,10458,2
2019-08-02,15:38:18.084000,10458,10459,10459,1
2019-08-02,15:38:20.104000,10457,10458,10458,1
2019-08-02,15:38:23.373000,10457,10458,10457,1
2019-08-02,15:38:24.319000,10457,10458,10457,1
2019-08-02,15:38:24.719000,10457,10458,10458,4
2019-08-02,15:38:25.189000,10457,10458,10457,1
2019-08-02,15:38:31.814000,10457,10458,10458,1
2019-08-02,15:38:31.814000,10457,10458,10458,1
2019-08-02,15:38:31.815000,10457,10458,10458,2
2019-08-02,15:38:31.819000,10457,10458,10458,1
2019-08-02,15:38:31.821000,10457,10458,10458,1
2019-08-02,15:38:32.295000,10458,10459,10459,2
2019-08-02,15:38:32.676000,10458,10459,10459,3
2019-08-02,15:38:37.187000,10457,10458,10458,1
2019-08-02,15:38:37.676000,10457,10458,10457,1
2019-08-02,15:38:39.294000,10456,10458,10458,1
2019-08-02,15:38:41.956000,10457,10458,10458,1
2019-08-02,15:38:42.112000,10457,10458,10458,5
2019-08-02,15:38:42.352000,10457,10459,10457,1
2019-08-02,15:38:42.788000,10457,10458,10458,2
2019-08-02,15:38:42.788000,10457,10458,10458,1
2019-08-02,15:38:46.410000,10457,10458,10458,3
2019-08-02,15:38:50.012000,10457,10458,10458,3
2019-08-02,15:38:51.795000,10457,10458,10458,1
2019-08-02,15:38:51.832000,10457,10458,10458,1
2019-08-02,15:38:51.903000,10457,10458,10459,1
2019-08-02,15:38:55.577000,10457,10458,10458,1
2019-08-02,15:38:56.416000,10458,10459,10458,2
2019-08-02,15:39:06.078000,10457,10458,10457,17
2019-08-02,15:39:07.755000,10457,10458,10458,3
2019-08-02,15:39:08.913000,10457,10458,10457,2
2019-08-02,15:39:14.896000,10457,10458,10457,1
2019-08-02,15:39:26.645000,10457,10458,10458,1
2019-08-02,15:39:33.858000,10457,10458,10457,3
2019-08-02,15:39:37.680000,10456,10457,10457,1
2019-08-02,15:39:42.570000,10456,10457,10457,1
2019-08-02,15:39:42.959000,10456,10457,10457,1
2019-08-02,15:39:45.860000,10456,10457,10457,1
2019-08-02,15:39:46.859000,10456,10457,10456,5
2019-08-02,15:40:02.669000,10456,10457,10456,8
2019-08-02,15:40:04.012000,10455,10456,10456,1
2019-08-02,15:40:10.827000,10455,10456,10455,15
2019-08-02,15:40:10.916000,10455,10456,10455,12
2019-08-02,15:40:14.267000,10454,10456,10454,2
2019-08-02,15:40:15.291000,10455,10456,10455,1
2019-08-02,15:40:18.586000,10454,10455,10455,2
2019-08-02,15:40:20.413000,10455,10456,10455,2
2019-08-02,15:40:20.413000,10455,10456,10455,1
2019-08-02,15:40:27.673000,10454,10455,10455,1
2019-08-02,15:40:39.901000,10454,10455,10455,1
2019-08-02,15:40:41.330000,10454,10455,10454,1
2019-08-02,15:40:42.028000,10454,10455,10455,2
2019-08-02,15:40:42.315000,10454,10455,10454,9
2019-08-02,15:40:43.743000,10454,10455,10454,4
2019-08-02,15:40:43.765000,10454,10455,10454,1
2019-08-02,15:40:56.911000,10453,10454,10453,1
2019-08-02,15:41:01.128000,10453,10454,10453,1
2019-08-02,15:41:01.294000,10453,10454,10453,1
2019-08-02,15:41:02.679000,10453,10454,10454,1
2019-08-02,15:41:16.194000,10453,10454,10454,11
2019-08-02,15:41:24.527000,10453,10454,10454,1
2019-08-02,15:41:31.690000,10453,10454,10453,1
2019-08-02,15:41:33.784000,10453,10454,10454,1
2019-08-02,15:41:35.539000,10453,10454,10453,5
2019-08-02,15:41:43.648000,10453,10454,10454,8
2019-08-02,15:41:43.986000,10454,10455,10454,1
2019-08-02,15:41:46.416000,10454,10455,10454,6
2019-08-02,15:41:46.541000,10454,10455,10454,1
2019-08-02,15:41:53.273000,10453,10454,10454,1
2019-08-02,15:41:55.226000,10453,10454,10454,1
2019-08-02,15:41:59.205000,10453,10454,10454,1
2019-08-02,15:42:04.673000,10453,10454,10454,2
2019-08-02,15:42:08.448000,10453,10454,10453,1
2019-08-02,15:42:19.508000,10453,10454,10453,10
2019-08-02,15:42:19.654000,10453,10454,10453,1
2019-08-02,15:42:20.129000,10453,10454,10454,10
2019-08-02,15:42:21.950000,10453,10454,10454,8
2019-08-02,15:42:22.644000,10453,10454,10453,2
2019-08-02,15:42:30.222000,10453,10454,10454,1
2019-08-02,15:42:30.416000,10453,10454,10454,1
2019-08-02,15:42:32.880000,10454,10455,10454,1
2019-08-02,15:42:33.215000,10454,10455,10455,1
2019-08-02,15:42:33.236000,10454,10455,10454,1
2019-08-02,15:42:33.291000,10454,10455,10455,17
2019-08-02,15:42:33.483000,10454,10456,10454,1
2019-08-02,15:42:42.260000,10454,10456,10454,1
2019-08-02,15:42:44.352000,10454,10455,10455,1
2019-08-02,15:42:53.710000,10454,10455,10455,1
2019-08-02,15:42:54.023000,10454,10455,10455,1
2019-08-02,15:42:55.965000,10455,10456,10456,2
2019-08-02,15:43:02.906000,10455,10456,10456,1
2019-08-02,15:43:04.244000,10455,10456,10455,2
2019-08-02,15:43:09.359000,10455,10456,10455,1
2019-08-02,15:43:12.990000,10455,10456,10455,2
2019-08-02,15:43:21.035000,10455,10456,10456,1
2019-08-02,15:43:25.037000,10455,10456,10456,1
2019-08-02,15:43:28.750000,10455,10456,10456,1
2019-08-02,15:43:35.633000,10455,10456,10455,1
2019-08-02,15:43:42.409000,10455,10456,10455,1
2019-08-02,15:43:43.948000,10455,10456,10455,2
2019-08-02,15:43:45.738000,10455,10456,10455,2
2019-08-02,15:43:47.348000,10455,10456,10455,5
2019-08-02,15:43:47.681000,10455,10456,10455,2
2019-08-02,15:44:03.108000,10454,10455,10455,1
2019-08-02,15:44:05.914000,10454,10455,10455,1
2019-08-02,15:44:05.916000,10454,10455,10455,2
2019-08-02,15:44:10.076000,10455,10456,10455,1
2019-08-02,15:44:12.711000,10455,10456,10456,13
2019-08-02,15:44:16.396000,10455,10457,10457,1
2019-08-02,15:44:19.454000,10456,10457,10456,2
2019-08-02,15:44:19.454000,10456,10457,10456,1
2019-08-02,15:44:20.070000,10455,10457,10457,1
2019-08-02,15:44:22.876000,10456,10457,10457,1
2019-08-02,15:44:27.899000,10456,10457,10456,2
2019-08-02,15:44:29.916000,10456,10457,10456,1
2019-08-02,15:44:30.730000,10455,10456,10456,1
2019-08-02,15:44:36.792000,10455,10456,10455,1
2019-08-02,15:44:39.319000,10455,10456,10455,1
2019-08-02,15:44:45.392000,10455,10456,10455,6
2019-08-02,15:44:45.847000,10455,10456,10455,1
2019-08-02,15:44:49.528000,10455,10456,10455,2
2019-08-02,15:44:59.932000,10454,10455,10455,1
2019-08-02,15:45:01.382000,10454,10455,10454,11
2019-08-02,15:45:07.620000,10453,10454,10453,1
2019-08-02,15:45:10.890000,10453,10454,10453,2
2019-08-02,15:45:15.928000,10453,10454,10453,1
2019-08-02,15:45:19.214000,10453,10454,10453,3
2019-08-02,15:45:19.587000,10453,10454,10453,1
2019-08-02,15:45:30.099000,10453,10454,10453,8
2019-08-02,15:45:35.702000,10453,10454,10453,1
2019-08-02,15:45:37.451000,10453,10454,10454,2
2019-08-02,15:45:45.668000,10453,10454,10453,2
2019-08-02,15:45:45.668000,10453,10454,10453,1
2019-08-02,15:45:45.669000,10453,10454,10453,1
2019-08-02,15:45:45.791000,10453,10454,10453,8
2019-08-02,15:45:45.791000,10453,10454,10453,6
2019-08-02,15:45:45.916000,10453,10454,10453,1
2019-08-02,15:45:45.916000,10453,10454,10453,1
2019-08-02,15:45:54.782000,10453,10454,10453,1
2019-08-02,15:45:56.102000,10453,10454,10453,1
2019-08-02,15:45:57.414000,10453,10454,10453,1
2019-08-02,15:45:59.169000,10453,10454,10453,2
2019-08-02,15:46:04.362000,10453,10454,10453,1
2019-08-02,15:46:05.106000,10453,10454,10454,1
2019-08-02,15:46:10.397000,10453,10454,10454,5
2019-08-02,15:46:12.170000,10453,10454,10453,1
2019-08-02,15:46:13.296000,10453,10454,10454,1
2019-08-02,15:46:14.252000,10453,10454,10453,4
2019-08-02,15:46:15.301000,10452,10453,10452,2
2019-08-02,15:46:23.749000,10452,10453,10452,4
2019-08-02,15:46:24.330000,10452,10453,10453,1
2019-08-02,15:46:27.177000,10452,10453,10452,1
2019-08-02,15:46:28.147000,10452,10453,10453,1
2019-08-02,15:46:29.140000,10452,10453,10453,2
2019-08-02,15:46:29.412000,10452,10453,10452,1
2019-08-02,15:46:29.656000,10452,10453,10453,1
2019-08-02,15:46:36.559000,10452,10453,10452,2
2019-08-02,15:46:37.543000,10452,10453,10453,20
2019-08-02,15:46:38.040000,10452,10453,10453,1
2019-08-02,15:46:38.348000,10452,10453,10453,1
2019-08-02,15:46:39.013000,10452,10453,10452,1
2019-08-02,15:46:39.641000,10452,10453,10452,17
2019-08-02,15:46:39.641000,10452,10453,10452,4
2019-08-02,15:46:39.641000,10452,10453,10452,2
2019-08-02,15:46:39.643000,10452,10453,10452,2
2019-08-02,15:46:41.468000,10451,10452,10451,2
2019-08-02,15:46:41.468000,10451,10452,10451,2
2019-08-02,15:46:41.541000,10451,10452,10451,10
2019-08-02,15:46:41.677000,10451,10452,10451,1
2019-08-02,15:46:41.799000,10451,10452,10451,1
2019-08-02,15:46:42.818000,10451,10452,10452,1
2019-08-02,15:46:43.556000,10451,10452,10452,1
2019-08-02,15:46:44.403000,10451,10452,10452,1
2019-08-02,15:46:45.198000,10451,10452,10452,2
2019-08-02,15:46:46.421000,10451,10452,10451,1
2019-08-02,15:46:49.718000,10451,10452,10451,1
2019-08-02,15:46:54.710000,10451,10452,10451,1
2019-08-02,15:46:55.111000,10451,10452,10451,2
2019-08-02,15:47:02.346000,10451,10452,10452,3
2019-08-02,15:47:02.516000,10451,10452,10451,5
2019-08-02,15:47:05.361000,10451,10452,10451,2
2019-08-02,15:47:07.306000,10451,10452,10451,1
2019-08-02,15:47:07.547000,10451,10452,10451,1
2019-08-02,15:47:08.667000,10451,10452,10451,1
2019-08-02,15:47:09.066000,10451,10452,10452,3
2019-08-02,15:47:09.192000,10451,10452,10451,1
2019-08-02,15:47:12.783000,10451,10452,10452,1
2019-08-02,15:47:20.791000,10452,10453,10452,3
2019-08-02,15:47:22.244000,10451,10452,10451,1
2019-08-02,15:47:30.296000,10451,10452,10451,4
2019-08-02,15:47:33.482000,10451,10452,10451,1
2019-08-02,15:47:37.293000,10451,10452,10451,1
2019-08-02,15:47:39.539000,10451,10452,10451,4
2019-08-02,15:47:39.541000,10451,10452,10451,3
2019-08-02,15:47:39.541000,10451,10452,10451,4
2019-08-02,15:47:46.916000,10450,10451,10451,1
2019-08-02,15:47:50.565000,10451,10452,10451,18
2019-08-02,15:47:51.637000,10451,10452,10451,1
2019-08-02,15:47:57.360000,10451,10452,10451,1
2019-08-02,15:47:57.397000,10451,10452,10451,4
2019-08-02,15:47:57.416000,10450,10451,10451,1
2019-08-02,15:48:02.460000,10450,10451,10451,3
2019-08-02,15:48:05.929000,10450,10451,10450,10
2019-08-02,15:48:06.220000,10450,10451,10450,1
2019-08-02,15:48:06.335000,10450,10451,10451,1
2019-08-02,15:48:09.599000,10450,10451,10450,2
2019-08-02,15:48:10.664000,10450,10451,10450,10
2019-08-02,15:48:10.666000,10450,10451,10450,4
2019-08-02,15:48:12.773000,10450,10451,10451,2
2019-08-02,15:48:18.581000,10450,10451,10451,1
2019-08-02,15:48:30.106000,10450,10451,10451,2
2019-08-02,15:48:30.302000,10450,10451,10450,2
2019-08-02,15:48:30.304000,10450,10451,10450,1
2019-08-02,15:48:30.304000,10450,10451,10450,1
2019-08-02,15:48:30.305000,10450,10451,10450,1
2019-08-02,15:48:30.306000,10450,10451,10450,1
2019-08-02,15:48:30.308000,10450,10451,10450,7
2019-08-02,15:48:30.309000,10450,10451,10450,2
2019-08-02,15:48:30.309000,10450,10451,10450,15
2019-08-02,15:48:30.310000,10450,10451,10450,2
2019-08-02,15:48:30.310000,10450,10451,10450,2
2019-08-02,15:48:30.311000,10450,10451,10450,4
2019-08-02,15:48:30.312000,10450,10451,10450,2
2019-08-02,15:48:30.313000,10450,10451,10450,1
2019-08-02,15:48:30.321000,10450,10451,10450,2
2019-08-02,15:48:30.416000,10450,10451,10450,4
2019-08-02,15:48:30.416000,10450,10451,10450,6
2019-08-02,15:48:30.416000,10450,10451,10450,2
2019-08-02,15:48:30.416000,10450,10451,10450,40
2019-08-02,15:48:30.416000,10450,10451,10450,9
2019-08-02,15:48:30.757000,10449,10450,10449,1
2019-08-02,15:48:30.758000,10449,10450,10449,4
2019-08-02,15:48:30.791000,10449,10450,10449,1
2019-08-02,15:48:30.841000,10449,10450,10449,1
2019-08-02,15:48:30.842000,10449,10450,10449,11
2019-08-02,15:48:30.842000,10449,10450,10448,1
2019-08-02,15:48:30.921000,10449,10450,10449,1
2019-08-02,15:48:31.247000,10448,10449,10448,1
2019-08-02,15:48:31.248000,10448,10449,10448,1
2019-08-02,15:48:31.429000,10448,10449,10449,1
2019-08-02,15:48:31.673000,10448,10449,10448,1
2019-08-02,15:48:34.781000,10448,10449,10448,1
2019-08-02,15:48:34.871000,10448,10449,10449,8
2019-08-02,15:48:34.871000,10448,10449,10450,2
2019-08-02,15:48:35.271000,10449,10450,10449,7
2019-08-02,15:48:35.808000,10449,10450,10449,2
2019-08-02,15:48:36.388000,10449,10450,10449,3
2019-08-02,15:48:38.729000,10449,10450,10449,1
2019-08-02,15:48:38.890000,10449,10450,10449,1
2019-08-02,15:48:40.154000,10449,10450,10449,2
2019-08-02,15:48:40.166000,10449,10450,10449,1
2019-08-02,15:48:40.182000,10449,10450,10449,1
2019-08-02,15:48:40.986000,10449,10450,10450,1
2019-08-02,15:48:41.019000,10449,10450,10450,2
2019-08-02,15:48:41.019000,10449,10450,10450,6
2019-08-02,15:48:43.243000,10450,10451,10450,1
2019-08-02,15:48:44.790000,10450,10451,10450,1
2019-08-02,15:48:45.606000,10450,10451,10450,1
2019-08-02,15:48:45.677000,10450,10451,10451,1
2019-08-02,15:48:45.868000,10450,10451,10450,1
2019-08-02,15:48:46.906000,10449,10451,10450,1
2019-08-02,15:48:51.230000,10450,10451,10450,1
2019-08-02,15:48:51.333000,10450,10451,10450,1
2019-08-02,15:48:52.388000,10450,10451,10450,2
2019-08-02,15:48:59.089000,10450,10451,10451,1
2019-08-02,15:48:59.364000,10450,10451,10450,5
2019-08-02,15:49:00.166000,10449,10450,10450,1
2019-08-02,15:49:01.474000,10449,10450,10450,1
2019-08-02,15:49:01.651000,10449,10450,10450,4
2019-08-02,15:49:02.044000,10449,10450,10450,1
2019-08-02,15:49:05.806000,10449,10450,10450,1
2019-08-02,15:49:09.452000,10449,10450,10449,2
2019-08-02,15:49:10.078000,10449,10450,10449,1
2019-08-02,15:49:16.690000,10449,10450,10449,2
2019-08-02,15:49:16.809000,10449,10450,10449,1
2019-08-02,15:49:16.809000,10449,10450,10449,6
2019-08-02,15:49:16.810000,10449,10450,10449,2
2019-08-02,15:49:18.516000,10449,10450,10449,1
2019-08-02,15:49:20.245000,10449,10450,10449,1
2019-08-02,15:49:20.391000,10449,10450,10449,1
2019-08-02,15:49:20.896000,10449,10450,10449,1
2019-08-02,15:49:20.903000,10449,10450,10449,2
2019-08-02,15:49:23.336000,10448,10449,10449,1
2019-08-02,15:49:25.045000,10448,10449,10448,1
2019-08-02,15:49:25.247000,10448,10449,10448,4
2019-08-02,15:49:27.037000,10448,10449,10448,1
2019-08-02,15:49:27.295000,10448,10449,10448,1
2019-08-02,15:49:27.416000,10448,10449,10448,6
2019-08-02,15:49:30.246000,10447,10448,10448,1
2019-08-02,15:49:30.343000,10447,10448,10448,1
2019-08-02,15:49:32.069000,10448,10449,10448,1
2019-08-02,15:49:33.131000,10448,10449,10448,1
2019-08-02,15:49:36.513000,10448,10449,10448,1
2019-08-02,15:49:36.995000,10447,10448,10448,1
2019-08-02,15:49:37.944000,10448,10449,10448,1
2019-08-02,15:49:42.979000,10448,10449,10448,1
2019-08-02,15:49:45.770000,10448,10449,10448,1
2019-08-02,15:49:46.680000,10448,10449,10448,1
2019-08-02,15:49:48.785000,10448,10449,10449,1
2019-08-02,15:49:49.783000,10448,10449,10448,1
2019-08-02,15:49:50.167000,10448,10449,10448,4
2019-08-02,15:49:52.113000,10448,10449,10448,1
2019-08-02,15:49:52.166000,10448,10449,10448,1
2019-08-02,15:49:53.361000,10448,10449,10449,1
2019-08-02,15:49:54.100000,10448,10449,10448,3
2019-08-02,15:49:54.929000,10447,10448,10448,2
2019-08-02,15:49:56.408000,10447,10448,10447,2
2019-08-02,15:49:56.410000,10447,10448,10447,3
2019-08-02,15:49:56.447000,10447,10448,10447,5
2019-08-02,15:49:56.480000,10447,10448,10447,1
2019-08-02,15:49:56.558000,10447,10448,10447,2
2019-08-02,15:49:56.559000,10447,10448,10447,4
2019-08-02,15:49:57.822000,10447,10448,10448,1
2019-08-02,15:50:01.149000,10447,10448,10447,3
2019-08-02,15:50:02.074000,10447,10448,10447,2
2019-08-02,15:50:02.074000,10447,10448,10446,2
2019-08-02,15:50:02.083000,10447,10448,10448,1
2019-08-02,15:50:02.235000,10447,10448,10447,2
2019-08-02,15:50:09.423000,10447,10448,10447,1
2019-08-02,15:50:10.223000,10447,10448,10447,1
2019-08-02,15:50:10.225000,10447,10448,10447,4
2019-08-02,15:50:11.669000,10447,10448,10447,1
2019-08-02,15:50:11.729000,10447,10448,10447,3
2019-08-02,15:50:13.593000,10447,10448,10447,7
2019-08-02,15:50:13.603000,10447,10448,10447,1
2019-08-02,15:50:15.603000,10446,10447,10447,1
2019-08-02,15:50:16.685000,10446,10447,10447,1
2019-08-02,15:50:19.038000,10446,10447,10446,1
2019-08-02,15:50:23.682000,10446,10447,10446,1
2019-08-02,15:50:28.258000,10446,10447,10446,1
2019-08-02,15:50:28.497000,10446,10447,10446,1
2019-08-02,15:50:30.258000,10446,10447,10446,6
2019-08-02,15:50:30.931000,10446,10447,10446,1
2019-08-02,15:50:31.253000,10446,10447,10446,2
2019-08-02,15:50:31.664000,10446,10447,10446,2
2019-08-02,15:50:31.939000,10446,10447,10446,1
2019-08-02,15:50:32.334000,10446,10447,10446,2
2019-08-02,15:50:39.442000,10446,10447,10446,1
2019-08-02,15:50:40.085000,10446,10447,10446,2
2019-08-02,15:50:40.086000,10446,10447,10446,6
2019-08-02,15:50:40.736000,10445,10446,10445,1
2019-08-02,15:50:41.304000,10445,10446,10445,2
2019-08-02,15:50:42,10445,10446,10445,1
2019-08-02,15:50:43.200000,10445,10446,10446,2
2019-08-02,15:50:43.548000,10445,10446,10445,2
2019-08-02,15:50:44.342000,10445,10446,10445,2
2019-08-02,15:50:44.613000,10445,10446,10445,1
2019-08-02,15:50:47.320000,10445,10446,10445,6
2019-08-02,15:50:47.416000,10445,10446,10445,5
2019-08-02,15:50:47.416000,10445,10446,10445,1
2019-08-02,15:50:47.416000,10445,10446,10445,2
2019-08-02,15:50:47.416000,10445,10446,10445,1
2019-08-02,15:50:47.416000,10445,10446,10445,3
2019-08-02,15:50:47.417000,10445,10446,10445,1
2019-08-02,15:50:47.842000,10445,10446,10445,1
2019-08-02,15:50:48.441000,10445,10446,10445,2
2019-08-02,15:50:48.794000,10445,10446,10445,4
2019-08-02,15:50:48.794000,10445,10446,10445,1
2019-08-02,15:50:48.802000,10445,10446,10444,1
2019-08-02,15:50:48.962000,10444,10445,10444,1
2019-08-02,15:50:48.966000,10444,10445,10444,1
2019-08-02,15:50:49.025000,10444,10445,10444,2
2019-08-02,15:50:49.064000,10444,10445,10444,4
2019-08-02,15:50:49.221000,10444,10445,10444,1
2019-08-02,15:50:50.051000,10444,10445,10444,1
2019-08-02,15:50:50.098000,10444,10445,10444,2
2019-08-02,15:50:51.775000,10444,10445,10444,1
2019-08-02,15:50:53.903000,10444,10445,10445,1
2019-08-02,15:50:54.470000,10444,10445,10444,10
2019-08-02,15:50:55.214000,10444,10445,10444,5
2019-08-02,15:50:55.959000,10443,10444,10444,1
2019-08-02,15:50:58.370000,10443,10444,10443,2
2019-08-02,15:50:58.375000,10443,10444,10443,2
2019-08-02,15:50:58.469000,10443,10444,10443,5
2019-08-02,15:50:58.700000,10443,10444,10444,1
2019-08-02,15:50:58.706000,10443,10444,10443,1
2019-08-02,15:50:59.034000,10443,10444,10444,3
2019-08-02,15:50:59.339000,10443,10444,10443,5
2019-08-02,15:50:59.761000,10443,10444,10444,1
2019-08-02,15:51:00.418000,10443,10444,10443,1
2019-08-02,15:51:00.666000,10443,10444,10444,2
2019-08-02,15:51:01.200000,10443,10444,10443,1
2019-08-02,15:51:01.639000,10443,10444,10443,1
2019-08-02,15:51:02.660000,10443,10444,10443,2
2019-08-02,15:51:02.721000,10443,10444,10443,1
2019-08-02,15:51:02.785000,10443,10444,10444,4
2019-08-02,15:51:03.051000,10443,10444,10444,1
2019-08-02,15:51:03.728000,10443,10444,10444,1
2019-08-02,15:51:04.162000,10443,10444,10444,1
2019-08-02,15:51:05.418000,10443,10444,10444,1
2019-08-02,15:51:05.826000,10443,10444,10444,1
2019-08-02,15:51:06.979000,10443,10444,10444,1
2019-08-02,15:51:07.178000,10443,10444,10444,1
2019-08-02,15:51:08.155000,10443,10444,10443,1
2019-08-02,15:51:08.267000,10443,10444,10444,10
2019-08-02,15:51:09.514000,10443,10444,10444,1
2019-08-02,15:51:11.618000,10443,10444,10443,4
2019-08-02,15:51:11.676000,10443,10444,10444,2
2019-08-02,15:51:11.772000,10443,10444,10443,1
2019-08-02,15:51:12.360000,10443,10444,10443,7
2019-08-02,15:51:12.666000,10443,10444,10443,7
2019-08-02,15:51:13.267000,10443,10444,10444,1
2019-08-02,15:51:13.270000,10443,10444,10443,3
2019-08-02,15:51:13.460000,10443,10444,10443,2
2019-08-02,15:51:13.810000,10443,10444,10444,1
2019-08-02,15:51:14.496000,10443,10444,10443,1
2019-08-02,15:51:14.604000,10443,10444,10443,2
2019-08-02,15:51:15.498000,10443,10444,10443,7
2019-08-02,15:51:16.002000,10443,10444,10443,1
2019-08-02,15:51:16.397000,10443,10444,10443,1
2019-08-02,15:51:16.589000,10442,10443,10443,1
2019-08-02,15:51:16.658000,10442,10443,10442,1
2019-08-02,15:51:16.919000,10442,10443,10442,1
2019-08-02,15:51:17.026000,10442,10443,10443,1
2019-08-02,15:51:17.159000,10442,10443,10443,1
2019-08-02,15:51:17.593000,10442,10443,10443,1
2019-08-02,15:51:18.898000,10442,10443,10442,2
2019-08-02,15:51:19.318000,10442,10443,10443,5
2019-08-02,15:51:21.651000,10443,10444,10443,1
2019-08-02,15:51:23.383000,10443,10444,10443,1
2019-08-02,15:51:25.067000,10443,10444,10443,1
2019-08-02,15:51:25.244000,10443,10444,10443,2
2019-08-02,15:51:25.703000,10443,10444,10443,1
2019-08-02,15:51:26.865000,10443,10444,10444,1
2019-08-02,15:51:27.877000,10443,10444,10444,1
2019-08-02,15:51:28.051000,10443,10444,10444,1
2019-08-02,15:51:28.051000,10443,10444,10444,11
2019-08-02,15:51:28.051000,10443,10444,10444,6
2019-08-02,15:51:28.051000,10443,10444,10444,2
2019-08-02,15:51:28.051000,10443,10444,10444,2
2019-08-02,15:51:29.161000,10444,10445,10444,2
2019-08-02,15:51:29.869000,10444,10445,10445,1
2019-08-02,15:51:34.915000,10444,10445,10445,2
2019-08-02,15:51:35.991000,10444,10445,10445,7
2019-08-02,15:51:38.170000,10444,10445,10445,1
2019-08-02,15:51:39.853000,10444,10445,10444,1
2019-08-02,15:51:41.468000,10444,10445,10445,1
2019-08-02,15:51:42.335000,10444,10445,10445,1
2019-08-02,15:51:44.080000,10444,10445,10445,1
2019-08-02,15:51:45.081000,10444,10445,10445,1
2019-08-02,15:51:46.797000,10444,10445,10445,1
2019-08-02,15:51:47.863000,10444,10445,10445,12
2019-08-02,15:51:47.916000,10444,10445,10445,1
2019-08-02,15:51:48.325000,10445,10446,10445,1
2019-08-02,15:51:51.843000,10445,10446,10446,13
2019-08-02,15:51:51.848000,10445,10446,10446,1
2019-08-02,15:51:51.849000,10445,10446,10446,2
2019-08-02,15:51:51.850000,10445,10446,10446,2
2019-08-02,15:51:51.852000,10445,10446,10446,2
2019-08-02,15:51:51.852000,10445,10446,10446,5
2019-08-02,15:51:53.322000,10446,10447,10446,1
2019-08-02,15:51:54.537000,10446,10447,10447,1
2019-08-02,15:51:54.554000,10446,10447,10446,1
2019-08-02,15:51:56.167000,10446,10447,10447,1
2019-08-02,15:52:00.424000,10446,10447,10447,1
2019-08-02,15:52:00.925000,10446,10447,10447,1
2019-08-02,15:52:03.219000,10446,10447,10446,1
2019-08-02,15:52:03.945000,10446,10447,10447,1
2019-08-02,15:52:06.447000,10446,10447,10447,1
2019-08-02,15:52:07.461000,10446,10447,10446,1
2019-08-02,15:52:10.147000,10446,10447,10447,1
2019-08-02,15:52:10.367000,10446,10447,10446,1
2019-08-02,15:52:10.637000,10446,10447,10446,1
2019-08-02,15:52:11.484000,10446,10447,10446,2
2019-08-02,15:52:12.439000,10446,10447,10446,2
2019-08-02,15:52:13.095000,10446,10447,10446,2
2019-08-02,15:52:14.373000,10446,10447,10446,1
2019-08-02,15:52:14.902000,10446,10447,10446,2
2019-08-02,15:52:18.467000,10446,10447,10447,1
2019-08-02,15:52:20.006000,10446,10447,10447,1
2019-08-02,15:52:23.132000,10446,10447,10447,2
2019-08-02,15:52:26.611000,10446,10447,10447,10
2019-08-02,15:52:39.100000,10446,10447,10447,10
2019-08-02,15:52:39.166000,10446,10447,10447,1
2019-08-02,15:52:39.366000,10447,10448,10447,1
2019-08-02,15:52:39.825000,10447,10448,10447,1
2019-08-02,15:52:43.880000,10447,10448,10448,1
2019-08-02,15:52:43.996000,10447,10448,10447,5
2019-08-02,15:52:49.291000,10447,10448,10448,1
2019-08-02,15:52:49.717000,10447,10448,10447,3
2019-08-02,15:52:54.726000,10447,10448,10447,2
2019-08-02,15:52:54.791000,10447,10448,10447,5
2019-08-02,15:52:54.791000,10447,10448,10447,2
2019-08-02,15:52:55.343000,10446,10447,10446,1
2019-08-02,15:52:55.344000,10446,10447,10446,1
2019-08-02,15:52:55.346000,10446,10447,10446,1
2019-08-02,15:52:55.395000,10446,10447,10446,1
2019-08-02,15:52:55.396000,10446,10447,10446,1
2019-08-02,15:52:55.437000,10446,10447,10447,1
2019-08-02,15:52:57.422000,10446,10447,10447,1
2019-08-02,15:52:58.788000,10446,10447,10446,1
2019-08-02,15:53:00.168000,10446,10447,10446,2
2019-08-02,15:53:00.334000,10446,10447,10446,1
2019-08-02,15:53:00.640000,10446,10447,10446,3
2019-08-02,15:53:01.393000,10446,10447,10446,2
2019-08-02,15:53:01.678000,10446,10447,10446,1
2019-08-02,15:53:01.925000,10446,10447,10447,1
2019-08-02,15:53:04.688000,10446,10447,10446,2
2019-08-02,15:53:05.231000,10445,10447,10445,1
2019-08-02,15:53:08.042000,10445,10446,10445,5
2019-08-02,15:53:09.146000,10445,10446,10445,2
2019-08-02,15:53:09.730000,10445,10446,10445,2
2019-08-02,15:53:11.999000,10445,10446,10445,1
2019-08-02,15:53:14.490000,10445,10446,10445,1
2019-08-02,15:53:15.611000,10445,10446,10445,1
2019-08-02,15:53:15.922000,10445,10446,10445,1
2019-08-02,15:53:18.120000,10445,10446,10445,1
2019-08-02,15:53:18.121000,10445,10446,10445,3
2019-08-02,15:53:18.443000,10444,10446,10444,1
2019-08-02,15:53:20.956000,10444,10445,10444,2
2019-08-02,15:53:22.147000,10443,10444,10443,3
2019-08-02,15:53:23.307000,10443,10444,10443,3
2019-08-02,15:53:23.416000,10443,10444,10443,3
2019-08-02,15:53:26.575000,10442,10443,10442,1
2019-08-02,15:53:26.923000,10442,10443,10442,1
2019-08-02,15:53:26.950000,10442,10443,10443,9
2019-08-02,15:53:27.027000,10442,10443,10443,1
2019-08-02,15:53:28.300000,10442,10443,10443,1
2019-08-02,15:53:28.811000,10442,10443,10443,1
2019-08-02,15:53:29.584000,10442,10443,10443,1
2019-08-02,15:53:33.102000,10443,10445,10443,2
2019-08-02,15:53:35.029000,10443,10445,10444,2
2019-08-02,15:53:35.041000,10443,10444,10444,1
2019-08-02,15:53:36.297000,10443,10444,10444,2
2019-08-02,15:53:37.319000,10444,10445,10445,2
2019-08-02,15:53:37.320000,10444,10445,10445,2
2019-08-02,15:53:37.320000,10444,10445,10445,11
2019-08-02,15:53:38.232000,10444,10446,10444,1
2019-08-02,15:53:38.260000,10444,10446,10444,3
2019-08-02,15:53:39.190000,10445,10446,10446,1
2019-08-02,15:53:41.220000,10445,10446,10445,5
2019-08-02,15:53:41.220000,10445,10446,10444,5
2019-08-02,15:53:51.236000,10444,10445,10444,2
2019-08-02,15:53:55.920000,10444,10445,10445,1
2019-08-02,15:53:56.894000,10444,10445,10444,1
2019-08-02,15:54:00.444000,10444,10445,10444,1
2019-08-02,15:54:01.846000,10444,10445,10445,1
2019-08-02,15:54:02.537000,10444,10445,10444,1
2019-08-02,15:54:03.167000,10444,10445,10445,5
2019-08-02,15:54:03.699000,10444,10445,10445,1
2019-08-02,15:54:03.953000,10444,10445,10445,1
2019-08-02,15:54:04.358000,10444,10445,10444,1
2019-08-02,15:54:04.460000,10444,10445,10444,4
2019-08-02,15:54:06.414000,10444,10445,10444,1
2019-08-02,15:54:06.795000,10444,10445,10444,1
2019-08-02,15:54:06.907000,10444,10445,10444,1
2019-08-02,15:54:07.234000,10444,10445,10444,1
2019-08-02,15:54:08.070000,10444,10445,10444,2
2019-08-02,15:54:10.243000,10444,10445,10444,2
2019-08-02,15:54:10.246000,10444,10445,10444,2
2019-08-02,15:54:10.247000,10444,10445,10444,2
2019-08-02,15:54:10.247000,10444,10445,10444,1
2019-08-02,15:54:10.908000,10443,10444,10444,1
2019-08-02,15:54:11.794000,10443,10444,10443,2
2019-08-02,15:54:15.514000,10443,10444,10444,3
2019-08-02,15:54:20.446000,10444,10445,10444,23
2019-08-02,15:54:25.441000,10444,10445,10444,1
2019-08-02,15:54:26.821000,10444,10445,10445,1
2019-08-02,15:54:31.357000,10444,10445,10445,4
2019-08-02,15:54:36.200000,10444,10445,10445,1
2019-08-02,15:54:36.589000,10444,10445,10444,2
2019-08-02,15:54:40.097000,10444,10445,10444,6
2019-08-02,15:54:41.611000,10444,10445,10445,1
2019-08-02,15:54:43.291000,10444,10445,10445,9
2019-08-02,15:54:47.634000,10445,10446,10445,2
2019-08-02,15:54:50.372000,10445,10446,10446,1
2019-08-02,15:54:53.041000,10445,10446,10446,6
2019-08-02,15:54:53.166000,10445,10446,10446,3
2019-08-02,15:54:55.677000,10446,10447,10447,1
2019-08-02,15:54:56.372000,10446,10447,10446,1
2019-08-02,15:55:03.786000,10446,10447,10447,2
2019-08-02,15:55:04.906000,10446,10447,10446,1
2019-08-02,15:55:07.541000,10446,10447,10447,4
2019-08-02,15:55:09.986000,10447,10448,10447,1
2019-08-02,15:55:10.303000,10446,10447,10447,1
2019-08-02,15:55:11.310000,10446,10447,10447,1
2019-08-02,15:55:12.021000,10446,10448,10446,2
2019-08-02,15:55:14.928000,10446,10447,10446,1
2019-08-02,15:55:15.986000,10446,10447,10447,1
2019-08-02,15:55:19.550000,10446,10447,10447,1
2019-08-02,15:55:20.135000,10446,10447,10447,2
2019-08-02,15:55:21.134000,10446,10447,10446,2
2019-08-02,15:55:21.135000,10446,10447,10446,1
2019-08-02,15:55:22.476000,10446,10447,10446,1
2019-08-02,15:55:22.566000,10446,10447,10447,1
2019-08-02,15:55:24.294000,10446,10447,10447,1
2019-08-02,15:55:30.291000,10446,10447,10446,4
2019-08-02,15:55:33.687000,10446,10447,10447,2
2019-08-02,15:55:35.305000,10446,10447,10446,1
2019-08-02,15:55:38.074000,10446,10447,10446,1
2019-08-02,15:55:41.622000,10446,10447,10447,1
2019-08-02,15:55:44.461000,10446,10447,10447,1
2019-08-02,15:55:47.983000,10446,10447,10447,2
2019-08-02,15:55:48,10446,10447,10447,2
2019-08-02,15:55:48.041000,10446,10447,10447,1
2019-08-02,15:55:52.277000,10446,10447,10447,1
2019-08-02,15:56:03.231000,10447,10448,10448,1
2019-08-02,15:56:03.810000,10447,10448,10448,7
2019-08-02,15:56:05.580000,10447,10448,10448,7
2019-08-02,15:56:05.666000,10448,10449,10448,13
2019-08-02,15:56:05.846000,10448,10449,10448,1
2019-08-02,15:56:06.635000,10447,10449,10449,1
2019-08-02,15:56:07.072000,10447,10449,10449,1
2019-08-02,15:56:10.632000,10448,10449,10449,1
2019-08-02,15:56:11.973000,10448,10449,10449,10
2019-08-02,15:56:13.542000,10448,10449,10448,2
2019-08-02,15:56:18.359000,10448,10449,10448,2
2019-08-02,15:56:19.242000,10448,10449,10449,1
2019-08-02,15:56:19.666000,10448,10449,10448,1
2019-08-02,15:56:27.906000,10448,10449,10448,1
2019-08-02,15:56:28.202000,10448,10449,10448,3
2019-08-02,15:56:28.276000,10448,10449,10448,1
2019-08-02,15:56:28.276000,10448,10449,10447,2
2019-08-02,15:56:36.089000,10448,10449,10449,1
2019-08-02,15:56:36.835000,10448,10449,10448,1
2019-08-02,15:56:38.053000,10448,10449,10449,1
2019-08-02,15:56:38.457000,10448,10449,10448,1
2019-08-02,15:56:39.533000,10447,10448,10448,1
2019-08-02,15:56:40.153000,10447,10448,10448,2
2019-08-02,15:56:40.987000,10447,10448,10448,1
2019-08-02,15:56:46.737000,10447,10448,10448,1
2019-08-02,15:56:48.418000,10447,10448,10447,1
2019-08-02,15:56:48.786000,10447,10448,10448,1
2019-08-02,15:57:00.714000,10447,10448,10448,1
2019-08-02,15:57:00.865000,10447,10448,10448,1
2019-08-02,15:57:01.941000,10447,10448,10448,1
2019-08-02,15:57:02.442000,10447,10448,10448,4
2019-08-02,15:57:02.645000,10447,10448,10448,1
2019-08-02,15:57:05.698000,10448,10449,10449,1
2019-08-02,15:57:10.144000,10448,10449,10449,3
2019-08-02,15:57:14.744000,10448,10449,10448,1
2019-08-02,15:57:17.273000,10448,10449,10449,2
2019-08-02,15:57:17.610000,10448,10449,10448,1
2019-08-02,15:57:21.666000,10448,10449,10449,4
2019-08-02,15:57:21.791000,10448,10449,10449,9
2019-08-02,15:57:25.560000,10449,10450,10449,1
2019-08-02,15:57:26.361000,10449,10450,10449,2
2019-08-02,15:57:31.532000,10449,10450,10449,1
2019-08-02,15:57:33.312000,10449,10450,10449,1
2019-08-02,15:57:34.557000,10449,10450,10449,2
2019-08-02,15:57:34.757000,10448,10450,10449,2
2019-08-02,15:57:36.617000,10449,10450,10449,1
2019-08-02,15:57:37.482000,10448,10449,10448,1
2019-08-02,15:57:38.337000,10448,10449,10449,1
2019-08-02,15:57:38.526000,10448,10449,10449,1
2019-08-02,15:57:40.759000,10448,10449,10448,4
2019-08-02,15:57:43.847000,10448,10449,10449,1
2019-08-02,15:57:45.663000,10448,10449,10449,1
2019-08-02,15:57:46.006000,10448,10449,10449,1
2019-08-02,15:57:48.827000,10448,10449,10449,1
2019-08-02,15:57:49.599000,10448,10449,10449,2
2019-08-02,15:57:49.788000,10449,10450,10449,1
2019-08-02,15:57:50.626000,10449,10450,10449,2
2019-08-02,15:57:50.888000,10448,10449,10449,5
2019-08-02,15:57:53.113000,10448,10449,10449,1
2019-08-02,15:57:59.657000,10448,10449,10449,4
2019-08-02,15:58:02.558000,10449,10450,10450,4
2019-08-02,15:58:02.730000,10449,10450,10450,1
2019-08-02,15:58:04.978000,10448,10449,10449,1
2019-08-02,15:58:05.608000,10448,10449,10448,1
2019-08-02,15:58:06.980000,10448,10449,10449,2
2019-08-02,15:58:08.714000,10448,10449,10449,1
2019-08-02,15:58:15.354000,10448,10449,10449,1
2019-08-02,15:58:16.046000,10448,10449,10449,1
2019-08-02,15:58:18.947000,10448,10449,10449,2
2019-08-02,15:58:19.928000,10448,10449,10449,2
2019-08-02,15:58:19.928000,10448,10449,10449,1
2019-08-02,15:58:19.929000,10448,10449,10449,2
2019-08-02,15:58:19.929000,10448,10449,10449,1
2019-08-02,15:58:22.702000,10449,10450,10449,1
2019-08-02,15:58:25.091000,10449,10450,10450,1
2019-08-02,15:58:28.879000,10449,10450,10449,1
2019-08-02,15:58:32.361000,10449,10450,10449,2
2019-08-02,15:58:36.599000,10448,10449,10449,1
2019-08-02,15:58:38.220000,10448,10449,10448,5
2019-08-02,15:58:39.141000,10448,10449,10449,5
2019-08-02,15:58:41.835000,10448,10449,10448,1
2019-08-02,15:58:46.550000,10448,10449,10448,2
2019-08-02,15:58:46.610000,10448,10449,10448,2
2019-08-02,15:58:46.666000,10448,10449,10448,1
2019-08-02,15:58:47.242000,10448,10449,10448,5
2019-08-02,15:58:51.010000,10448,10449,10448,2
2019-08-02,15:58:51.010000,10448,10449,10448,2
2019-08-02,15:58:54.050000,10447,10448,10448,5
2019-08-02,15:59:08.756000,10447,10448,10448,2
2019-08-02,15:59:10.368000,10447,10448,10448,1
2019-08-02,15:59:10.776000,10447,10448,10448,2
2019-08-02,15:59:23.951000,10448,10449,10448,2
2019-08-02,15:59:28.023000,10448,10449,10448,2
2019-08-02,15:59:28.988000,10448,10449,10448,2
2019-08-02,15:59:33.703000,10448,10449,10448,2
2019-08-02,15:59:39.129000,10448,10449,10448,1
2019-08-02,15:59:59.975000,10448,10449,10448,2
2019-08-02,16:00:00.943000,10448,10449,10448,5
2019-08-02,16:00:02.799000,10447,10448,10448,2
2019-08-02,16:00:03.968000,10447,10448,10447,2
2019-08-02,16:00:03.981000,10447,10448,10447,1
2019-08-02,16:00:05.089000,10447,10448,10447,17
2019-08-02,16:00:07.382000,10446,10447,10446,6
2019-08-02,16:00:07.416000,10446,10447,10446,17
2019-08-02,16:00:13.782000,10445,10446,10446,1
2019-08-02,16:00:16.778000,10445,10446,10446,1
2019-08-02,16:00:20.961000,10445,10446,10446,5
2019-08-02,16:00:21.999000,10445,10446,10445,1
2019-08-02,16:00:22.647000,10445,10446,10446,3
2019-08-02,16:00:26.611000,10446,10447,10447,1
2019-08-02,16:00:26.880000,10446,10447,10446,1
2019-08-02,16:00:30.634000,10446,10447,10447,3
2019-08-02,16:00:31.194000,10446,10448,10446,2
2019-08-02,16:00:42.362000,10446,10447,10446,5
2019-08-02,16:00:45.047000,10446,10447,10446,1
2019-08-02,16:00:46.989000,10446,10447,10447,2
2019-08-02,16:00:47.041000,10446,10447,10447,1
2019-08-02,16:00:48.953000,10446,10448,10446,3
2019-08-02,16:01:01.578000,10447,10448,10447,2
2019-08-02,16:01:01.680000,10446,10447,10446,4
2019-08-02,16:01:01.709000,10446,10447,10446,4
2019-08-02,16:01:01.724000,10446,10447,10446,7
2019-08-02,16:01:01.738000,10446,10447,10446,4
2019-08-02,16:01:01.755000,10446,10447,10446,4
2019-08-02,16:01:02.029000,10445,10447,10447,2
2019-08-02,16:01:03.199000,10446,10447,10446,1
2019-08-02,16:01:03.393000,10446,10447,10446,1
2019-08-02,16:01:03.420000,10445,10447,10445,1
2019-08-02,16:01:06.758000,10445,10446,10445,2
2019-08-02,16:01:11.297000,10445,10446,10445,2
2019-08-02,16:01:11.896000,10445,10446,10445,4
2019-08-02,16:01:12.762000,10445,10446,10445,5
2019-08-02,16:01:13.198000,10445,10446,10445,1
2019-08-02,16:01:13.198000,10445,10446,10444,4
2019-08-02,16:01:14.765000,10444,10445,10444,5
2019-08-02,16:01:15.208000,10444,10445,10444,4
2019-08-02,16:01:20.458000,10444,10445,10444,1
2019-08-02,16:01:22.041000,10444,10445,10445,2
2019-08-02,16:01:22.042000,10444,10445,10445,3
2019-08-02,16:01:22.042000,10444,10445,10445,4
2019-08-02,16:01:22.158000,10444,10445,10445,5
2019-08-02,16:01:22.159000,10444,10445,10445,2
2019-08-02,16:01:22.159000,10444,10445,10445,2
2019-08-02,16:01:22.166000,10444,10445,10445,3
2019-08-02,16:01:22.543000,10445,10446,10446,5
2019-08-02,16:01:22.666000,10445,10446,10446,1
2019-08-02,16:01:22.666000,10445,10446,10446,1
2019-08-02,16:01:25.347000,10445,10447,10445,2
2019-08-02,16:01:32.684000,10446,10447,10446,1
2019-08-02,16:01:32.938000,10446,10447,10447,1
2019-08-02,16:01:34.104000,10447,10448,10447,2
2019-08-02,16:01:36.777000,10446,10447,10447,1
2019-08-02,16:01:39.124000,10446,10448,10446,1
2019-08-02,16:01:41.237000,10446,10447,10447,1
2019-08-02,16:01:45.566000,10447,10448,10447,1
2019-08-02,16:01:45.986000,10447,10448,10448,2
2019-08-02,16:01:48.095000,10447,10448,10447,2
2019-08-02,16:01:51.569000,10446,10447,10447,1
2019-08-02,16:01:59.025000,10446,10447,10447,2
2019-08-02,16:01:59.025000,10446,10447,10447,1
2019-08-02,16:01:59.025000,10446,10447,10447,1
2019-08-02,16:02:03.919000,10446,10447,10447,1
2019-08-02,16:02:04.911000,10446,10447,10446,2
2019-08-02,16:02:06.315000,10446,10447,10447,1
2019-08-02,16:02:07.933000,10446,10447,10447,2
2019-08-02,16:02:11.092000,10446,10447,10447,1
2019-08-02,16:02:12.527000,10446,10447,10447,1
2019-08-02,16:02:13.268000,10446,10447,10447,2
2019-08-02,16:02:13.325000,10446,10447,10446,1
2019-08-02,16:02:24.380000,10446,10447,10447,2
2019-08-02,16:02:24.381000,10446,10447,10447,2
2019-08-02,16:02:33.698000,10447,10448,10448,1
2019-08-02,16:02:36.588000,10447,10448,10447,2
2019-08-02,16:02:38.178000,10446,10447,10447,1
2019-08-02,16:02:51.579000,10447,10448,10447,2
2019-08-02,16:02:52.149000,10447,10448,10447,2
2019-08-02,16:03:01.763000,10447,10448,10447,4
2019-08-02,16:03:03.431000,10446,10447,10446,1
2019-08-02,16:03:11.309000,10446,10447,10446,5
2019-08-02,16:03:16.532000,10446,10447,10447,1
2019-08-02,16:03:21.333000,10446,10447,10447,3
2019-08-02,16:03:21.333000,10446,10447,10447,4
2019-08-02,16:03:31.356000,10447,10448,10447,1
2019-08-02,16:03:41.024000,10447,10448,10448,16
2019-08-02,16:03:42.232000,10448,10449,10449,3
2019-08-02,16:03:42.388000,10448,10449,10449,1
2019-08-02,16:03:42.416000,10448,10449,10449,3
2019-08-02,16:03:43.198000,10449,10450,10449,1
2019-08-02,16:04:02.509000,10449,10450,10450,2
2019-08-02,16:04:17.322000,10449,10450,10449,1
2019-08-02,16:04:18.232000,10449,10450,10450,2
2019-08-02,16:04:20.694000,10449,10450,10450,1
2019-08-02,16:04:25.517000,10449,10450,10450,1
2019-08-02,16:04:40.865000,10449,10450,10450,1
2019-08-02,16:04:43.402000,10449,10450,10450,1
2019-08-02,16:04:45.715000,10449,10450,10449,2
2019-08-02,16:04:46.484000,10449,10450,10449,4
2019-08-02,16:04:46.541000,10449,10450,10449,2
2019-08-02,16:04:46.541000,10449,10450,10449,6
2019-08-02,16:04:50.651000,10448,10450,10448,3
2019-08-02,16:04:53.048000,10448,10450,10450,1
2019-08-02,16:05:11.634000,10449,10450,10450,1
2019-08-02,16:05:12.320000,10449,10450,10449,3
2019-08-02,16:05:12.638000,10449,10450,10450,2
2019-08-02,16:05:15.778000,10449,10450,10450,5
2019-08-02,16:05:15.791000,10449,10450,10450,17
2019-08-02,16:05:15.916000,10449,10450,10450,3
2019-08-02,16:05:17.921000,10450,10451,10451,1
2019-08-02,16:05:18.173000,10450,10451,10451,1
2019-08-02,16:05:18.361000,10450,10451,10451,1
2019-08-02,16:05:18.997000,10450,10451,10451,1
2019-08-02,16:05:19.011000,10450,10451,10451,5
2019-08-02,16:05:19.734000,10450,10451,10451,2
2019-08-02,16:05:20.134000,10450,10451,10451,3
2019-08-02,16:05:26.531000,10451,10452,10452,9
2019-08-02,16:05:26.600000,10451,10452,10452,1
2019-08-02,16:05:30.410000,10451,10452,10452,1
2019-08-02,16:05:30.660000,10451,10452,10451,1
2019-08-02,16:05:31.238000,10451,10452,10452,3
2019-08-02,16:05:31.634000,10451,10452,10452,1
2019-08-02,16:05:36.102000,10451,10452,10452,1
2019-08-02,16:05:37.790000,10451,10452,10452,1
2019-08-02,16:05:41.023000,10451,10452,10452,10
2019-08-02,16:05:41.889000,10451,10452,10452,2
2019-08-02,16:05:42.224000,10451,10452,10452,1
2019-08-02,16:05:42.231000,10451,10452,10452,1
2019-08-02,16:05:42.423000,10451,10452,10452,1
2019-08-02,16:05:42.628000,10452,10453,10452,1
2019-08-02,16:05:43.818000,10452,10453,10452,1
2019-08-02,16:05:48.181000,10451,10452,10452,1
2019-08-02,16:05:49.414000,10451,10452,10452,3
2019-08-02,16:05:50.957000,10451,10452,10451,1
2019-08-02,16:05:54.382000,10451,10452,10451,18
2019-08-02,16:05:56.125000,10450,10451,10451,1
2019-08-02,16:05:58.569000,10450,10451,10451,2
2019-08-02,16:06:01.110000,10450,10451,10450,1
2019-08-02,16:06:02.411000,10450,10451,10451,1
2019-08-02,16:06:09.298000,10450,10451,10450,1
2019-08-02,16:06:09.657000,10450,10451,10451,1
2019-08-02,16:06:17.626000,10450,10451,10450,1
2019-08-02,16:06:21.006000,10450,10451,10450,1
2019-08-02,16:06:28.006000,10450,10451,10450,1
2019-08-02,16:06:29.721000,10450,10451,10450,1
2019-08-02,16:06:34.981000,10450,10451,10450,1
2019-08-02,16:06:38.726000,10450,10451,10451,5
2019-08-02,16:06:44.689000,10450,10451,10451,1
2019-08-02,16:06:53.170000,10450,10451,10451,1
2019-08-02,16:07:16.612000,10450,10451,10451,2
2019-08-02,16:07:17.149000,10450,10451,10451,1
2019-08-02,16:07:18.791000,10450,10451,10450,7
2019-08-02,16:07:18.916000,10450,10451,10450,15
2019-08-02,16:07:18.916000,10450,10451,10450,4
2019-08-02,16:07:18.916000,10450,10451,10450,2
2019-08-02,16:07:18.916000,10450,10451,10450,2
2019-08-02,16:07:18.916000,10450,10451,10450,2
2019-08-02,16:07:18.916000,10450,10451,10450,2
2019-08-02,16:07:18.916000,10450,10451,10450,1
2019-08-02,16:07:18.916000,10450,10451,10450,2
2019-08-02,16:07:18.916000,10450,10451,10450,2
2019-08-02,16:07:25.192000,10449,10450,10449,5
2019-08-02,16:07:25.479000,10449,10450,10450,1
2019-08-02,16:07:27.710000,10449,10450,10449,1
2019-08-02,16:07:32.980000,10449,10450,10450,1
2019-08-02,16:07:37.780000,10449,10450,10449,1
2019-08-02,16:07:37.780000,10449,10450,10448,2
2019-08-02,16:07:50.544000,10448,10449,10448,1
2019-08-02,16:07:52.278000,10448,10449,10448,3
2019-08-02,16:08:02.588000,10448,10449,10448,3
2019-08-02,16:08:03.297000,10448,10449,10448,1
2019-08-02,16:08:06.415000,10448,10449,10448,1
2019-08-02,16:08:08.169000,10448,10449,10449,1
2019-08-02,16:08:11.639000,10448,10449,10449,2
2019-08-02,16:08:14.031000,10448,10449,10449,2
2019-08-02,16:08:14.902000,10448,10450,10450,2
2019-08-02,16:08:15.798000,10449,10450,10449,1
2019-08-02,16:08:19.838000,10449,10450,10449,1
2019-08-02,16:08:21.415000,10449,10450,10449,1
2019-08-02,16:08:25.999000,10449,10450,10450,2
2019-08-02,16:08:25.999000,10449,10450,10450,3
2019-08-02,16:08:28.534000,10450,10451,10450,1
2019-08-02,16:08:39.066000,10449,10450,10450,1
2019-08-02,16:08:39.105000,10449,10450,10451,2
2019-08-02,16:08:48.165000,10450,10451,10451,3
2019-08-02,16:08:50.520000,10451,10452,10451,1
2019-08-02,16:08:52.052000,10451,10452,10451,2
2019-08-02,16:08:52.873000,10451,10452,10451,15
2019-08-02,16:08:52.873000,10451,10452,10451,1
2019-08-02,16:08:53.616000,10451,10452,10452,5
2019-08-02,16:08:54.567000,10452,10453,10452,1
2019-08-02,16:08:57.627000,10452,10453,10453,17
2019-08-02,16:08:57.666000,10452,10453,10453,3
2019-08-02,16:08:57.758000,10452,10453,10454,1
2019-08-02,16:08:57.805000,10453,10454,10454,1
2019-08-02,16:08:58.997000,10453,10454,10454,2
2019-08-02,16:08:59.922000,10453,10454,10453,1
2019-08-02,16:09:00.330000,10453,10454,10454,1
2019-08-02,16:09:09.828000,10452,10454,10454,1
2019-08-02,16:09:11.952000,10452,10454,10452,1
2019-08-02,16:09:12.072000,10452,10454,10454,1
2019-08-02,16:09:21.195000,10452,10453,10453,2
2019-08-02,16:09:22.583000,10452,10453,10453,1
2019-08-02,16:09:27.760000,10452,10453,10453,1
2019-08-02,16:09:27.911000,10452,10453,10452,1
2019-08-02,16:09:34.634000,10452,10453,10453,5
2019-08-02,16:09:34.635000,10452,10453,10453,2
2019-08-02,16:09:34.637000,10452,10453,10453,1
2019-08-02,16:09:34.672000,10453,10454,10453,2
2019-08-02,16:09:35.352000,10453,10454,10454,2
2019-08-02,16:09:35.394000,10453,10454,10454,2
2019-08-02,16:09:35.395000,10453,10454,10454,2
2019-08-02,16:09:35.395000,10453,10454,10454,4
2019-08-02,16:09:35.395000,10453,10454,10454,2
2019-08-02,16:09:36.118000,10454,10455,10454,1
2019-08-02,16:09:37.823000,10453,10454,10454,2
2019-08-02,16:09:41.137000,10453,10454,10454,3
2019-08-02,16:09:50.606000,10453,10454,10453,1
2019-08-02,16:09:50.607000,10453,10454,10453,2
2019-08-02,16:09:52.183000,10452,10453,10453,1
2019-08-02,16:10:01.843000,10452,10453,10452,3
2019-08-02,16:10:01.916000,10452,10453,10452,3
2019-08-02,16:10:03.010000,10451,10452,10452,1
2019-08-02,16:10:03.678000,10451,10452,10452,1
2019-08-02,16:10:04.487000,10451,10452,10452,5
2019-08-02,16:10:11.435000,10452,10453,10452,1
2019-08-02,16:10:13.363000,10451,10453,10453,5
2019-08-02,16:10:19.420000,10452,10453,10453,1
2019-08-02,16:10:23.626000,10452,10453,10453,1
2019-08-02,16:10:33.788000,10452,10453,10453,1
2019-08-02,16:10:38.008000,10452,10453,10453,1
2019-08-02,16:10:39.451000,10452,10453,10452,1
2019-08-02,16:10:42.257000,10452,10453,10452,1
2019-08-02,16:10:42.257000,10452,10453,10452,1
2019-08-02,16:10:42.258000,10452,10453,10452,3
2019-08-02,16:10:42.258000,10452,10453,10452,6
2019-08-02,16:10:51.457000,10451,10452,10452,1
2019-08-02,16:10:51.754000,10451,10452,10452,1
2019-08-02,16:10:52.596000,10451,10452,10452,1
2019-08-02,16:10:54.488000,10451,10452,10451,1
2019-08-02,16:10:54.541000,10451,10452,10451,2
2019-08-02,16:10:54.541000,10451,10452,10451,4
2019-08-02,16:10:54.541000,10451,10452,10451,5
2019-08-02,16:10:54.544000,10451,10452,10451,2
2019-08-02,16:10:54.546000,10451,10452,10451,1
2019-08-02,16:10:54.645000,10451,10452,10451,1
2019-08-02,16:10:54.740000,10450,10451,10450,1
2019-08-02,16:11:01.920000,10450,10451,10451,2
2019-08-02,16:11:01.920000,10450,10451,10451,4
2019-08-02,16:11:01.920000,10450,10451,10451,1
2019-08-02,16:11:12.113000,10450,10451,10450,1
2019-08-02,16:11:12.662000,10450,10451,10451,1
2019-08-02,16:11:13.868000,10450,10451,10450,5
2019-08-02,16:11:14.041000,10450,10451,10450,5
2019-08-02,16:11:15.815000,10449,10450,10450,1
2019-08-02,16:11:16.458000,10449,10450,10450,2
2019-08-02,16:11:16.458000,10449,10450,10450,6
2019-08-02,16:11:16.464000,10449,10450,10451,4
2019-08-02,16:11:16.464000,10449,10450,10451,2
2019-08-02,16:11:16.464000,10449,10450,10451,12
2019-08-02,16:11:16.466000,10449,10450,10451,4
2019-08-02,16:11:16.468000,10449,10450,10451,4
2019-08-02,16:11:16.541000,10450,10451,10451,5
2019-08-02,16:11:16.541000,10450,10451,10451,4
2019-08-02,16:11:16.541000,10450,10451,10451,2
2019-08-02,16:11:16.666000,10451,10452,10452,3
2019-08-02,16:11:16.666000,10451,10452,10452,3
2019-08-02,16:11:16.793000,10451,10452,10452,3
2019-08-02,16:11:17.037000,10451,10452,10452,3
2019-08-02,16:11:17.041000,10452,10453,10452,1
2019-08-02,16:11:17.052000,10452,10453,10452,5
2019-08-02,16:11:25.736000,10450,10451,10451,2
2019-08-02,16:11:25.737000,10450,10451,10451,2
2019-08-02,16:11:25.737000,10450,10451,10451,2
2019-08-02,16:11:28.447000,10451,10452,10452,2
2019-08-02,16:11:28.891000,10452,10453,10452,1
2019-08-02,16:11:46.969000,10452,10453,10452,1
2019-08-02,16:11:48.830000,10452,10453,10453,1
2019-08-02,16:11:51.388000,10452,10453,10452,1
2019-08-02,16:11:53.691000,10452,10453,10453,1
2019-08-02,16:11:57.586000,10452,10453,10452,5
2019-08-02,16:11:59.499000,10452,10453,10453,2
2019-08-02,16:11:59.499000,10452,10453,10453,1
2019-08-02,16:11:59.513000,10452,10453,10453,1
2019-08-02,16:12:08.613000,10452,10453,10452,5
2019-08-02,16:12:09,10452,10453,10453,1
2019-08-02,16:12:18.124000,10452,10453,10452,5
2019-08-02,16:12:25.383000,10452,10453,10453,1
2019-08-02,16:12:27.605000,10452,10453,10452,1
2019-08-02,16:12:33.377000,10452,10453,10452,1
2019-08-02,16:12:33.483000,10452,10453,10452,5
2019-08-02,16:12:50.964000,10452,10453,10453,1
2019-08-02,16:12:55.177000,10452,10453,10452,2
2019-08-02,16:12:55.177000,10452,10453,10452,2
2019-08-02,16:12:55.177000,10452,10453,10452,2
2019-08-02,16:13:31.794000,10451,10452,10452,1
2019-08-02,16:13:31.884000,10451,10452,10452,1
2019-08-02,16:13:42.946000,10451,10452,10451,3
2019-08-02,16:13:55.039000,10450,10452,10452,1
2019-08-02,16:13:58.440000,10450,10452,10450,1
2019-08-02,16:13:58.798000,10450,10451,10451,1
2019-08-02,16:14:02.344000,10450,10451,10451,1
2019-08-02,16:14:10,10450,10451,10450,1
2019-08-02,16:14:16.588000,10450,10451,10451,3
2019-08-02,16:14:18.511000,10451,10452,10451,1
2019-08-02,16:14:19.281000,10450,10452,10450,1
2019-08-02,16:14:37.756000,10450,10451,10451,5
2019-08-02,16:14:47.218000,10450,10451,10451,1
2019-08-02,16:14:51.374000,10450,10451,10451,1
2019-08-02,16:14:52.363000,10450,10451,10451,2
2019-08-02,16:14:56.328000,10450,10451,10450,1
2019-08-02,16:14:59.552000,10450,10451,10451,2
2019-08-02,16:14:59.657000,10450,10451,10451,1
2019-08-02,16:14:59.723000,10451,10452,10451,1
2019-08-02,16:15:02.454000,10451,10452,10452,7
2019-08-02,16:15:02.541000,10451,10452,10452,3
2019-08-02,16:15:07.080000,10452,10453,10452,1
2019-08-02,16:15:07.080000,10452,10453,10451,2
2019-08-02,16:15:18.666000,10451,10452,10451,4
2019-08-02,16:15:28.463000,10451,10452,10451,2
