2020-07-08,15:00:00.071000,12127,12128,12127,20
2020-07-08,15:00:00.108000,12127,12128,12128,4
2020-07-08,15:00:00.109000,12127,12128,12128,1
2020-07-08,15:00:00.386000,12128,12129,12129,5
2020-07-08,15:00:00.388000,12128,12129,12130,1
2020-07-08,15:00:00.403000,12128,12129,12130,1
2020-07-08,15:00:00.409000,12128,12129,12130,2
2020-07-08,15:00:00.496000,12129,12130,12130,1
2020-07-08,15:00:00.502000,12129,12130,12130,1
2020-07-08,15:00:00.676000,12129,12130,12130,1
2020-07-08,15:00:00.691000,12129,12130,12130,1
2020-07-08,15:00:00.729000,12129,12130,12130,2
2020-07-08,15:00:00.767000,12129,12130,12130,1
2020-07-08,15:00:00.875000,12130,12131,12131,1
2020-07-08,15:00:00.983000,12130,12131,12131,1
2020-07-08,15:00:01.166000,12128,12130,12130,1
2020-07-08,15:00:01.182000,12128,12130,12130,3
2020-07-08,15:00:01.319000,12128,12130,12131,3
2020-07-08,15:00:01.371000,12130,12131,12131,1
2020-07-08,15:00:01.515000,12130,12131,12130,1
2020-07-08,15:00:01.644000,12130,12131,12130,2
2020-07-08,15:00:01.698000,12130,12131,12130,1
2020-07-08,15:00:01.875000,12130,12131,12131,2
2020-07-08,15:00:02.015000,12130,12131,12130,1
2020-07-08,15:00:02.909000,12130,12131,12130,2
2020-07-08,15:00:03.603000,12129,12131,12129,2
2020-07-08,15:00:03.688000,12129,12131,12131,1
2020-07-08,15:00:03.688000,12129,12131,12131,1
2020-07-08,15:00:04.059000,12130,12131,12130,1
2020-07-08,15:00:04.284000,12130,12131,12130,2
2020-07-08,15:00:04.437000,12130,12131,12129,1
2020-07-08,15:00:06.631000,12129,12130,12129,1
2020-07-08,15:00:07.412000,12129,12130,12129,1
2020-07-08,15:00:07.838000,12129,12130,12129,4
2020-07-08,15:00:07.839000,12129,12130,12129,6
2020-07-08,15:00:08.074000,12128,12129,12128,3
2020-07-08,15:00:09.162000,12128,12130,12128,1
2020-07-08,15:00:09.466000,12128,12130,12128,1
2020-07-08,15:00:09.894000,12128,12130,12128,1
2020-07-08,15:00:11.353000,12127,12128,12128,5
2020-07-08,15:00:11.583000,12127,12128,12128,1
2020-07-08,15:00:12.004000,12127,12128,12127,1
2020-07-08,15:00:12.325000,12127,12128,12127,1
2020-07-08,15:00:13.233000,12128,12129,12129,1
2020-07-08,15:00:13.332000,12128,12129,12129,1
2020-07-08,15:00:13.332000,12128,12129,12129,1
2020-07-08,15:00:13.358000,12129,12130,12130,4
2020-07-08,15:00:13.483000,12129,12130,12130,1
2020-07-08,15:00:14.692000,12129,12130,12130,1
2020-07-08,15:00:14.839000,12129,12130,12129,1
2020-07-08,15:00:17.207000,12129,12130,12130,1
2020-07-08,15:00:17.796000,12129,12130,12130,1
2020-07-08,15:00:18.301000,12129,12130,12130,1
2020-07-08,15:00:19.279000,12129,12130,12130,3
2020-07-08,15:00:19.415000,12130,12131,12131,15
2020-07-08,15:00:19.416000,12130,12131,12131,1
2020-07-08,15:00:19.416000,12130,12131,12131,1
2020-07-08,15:00:19.628000,12131,12132,12132,1
2020-07-08,15:00:19.754000,12131,12132,12132,10
2020-07-08,15:00:19.758000,12131,12132,12133,6
2020-07-08,15:00:19.759000,12131,12132,12133,1
2020-07-08,15:00:22.251000,12133,12134,12134,5
2020-07-08,15:00:22.441000,12133,12134,12133,1
2020-07-08,15:00:22.441000,12133,12134,12133,1
2020-07-08,15:00:22.441000,12133,12134,12133,1
2020-07-08,15:00:22.441000,12133,12134,12133,1
2020-07-08,15:00:22.441000,12133,12134,12133,6
2020-07-08,15:00:22.695000,12132,12133,12132,3
2020-07-08,15:00:22.766000,12132,12133,12133,5
2020-07-08,15:00:23.693000,12132,12133,12133,5
2020-07-08,15:00:23.932000,12132,12133,12133,1
2020-07-08,15:00:24.484000,12133,12135,12133,2
2020-07-08,15:00:25.177000,12134,12135,12134,1
2020-07-08,15:00:25.422000,12134,12135,12134,1
2020-07-08,15:00:25.534000,12134,12135,12135,1
2020-07-08,15:00:25.535000,12134,12135,12135,6
2020-07-08,15:00:25.791000,12135,12136,12135,3
2020-07-08,15:00:26.288000,12134,12136,12134,1
2020-07-08,15:00:26.337000,12134,12136,12136,4
2020-07-08,15:00:26.559000,12135,12136,12136,1
2020-07-08,15:00:26.714000,12135,12136,12135,2
2020-07-08,15:00:28.028000,12135,12136,12135,1
2020-07-08,15:00:29.866000,12135,12136,12136,1
2020-07-08,15:00:30.327000,12135,12136,12135,1
2020-07-08,15:00:30.328000,12135,12136,12135,6
2020-07-08,15:00:30.795000,12134,12135,12135,1
2020-07-08,15:00:31.023000,12134,12135,12135,1
2020-07-08,15:00:31.053000,12134,12135,12135,1
2020-07-08,15:00:32.759000,12134,12135,12135,1
2020-07-08,15:00:33.347000,12134,12135,12135,4
2020-07-08,15:00:33.347000,12134,12135,12136,2
2020-07-08,15:00:33.591000,12134,12136,12136,2
2020-07-08,15:00:33.630000,12134,12136,12134,1
2020-07-08,15:00:33.767000,12134,12136,12134,6
2020-07-08,15:00:34.432000,12134,12135,12134,3
2020-07-08,15:00:34.874000,12134,12135,12135,1
2020-07-08,15:00:34.889000,12134,12135,12135,1
2020-07-08,15:00:34.994000,12134,12136,12134,1
2020-07-08,15:00:37.764000,12134,12135,12135,1
2020-07-08,15:00:38.310000,12134,12135,12134,1
2020-07-08,15:00:38.957000,12134,12135,12135,3
2020-07-08,15:00:39.290000,12134,12135,12135,3
2020-07-08,15:00:41.319000,12134,12135,12135,1
2020-07-08,15:00:41.506000,12134,12135,12135,3
2020-07-08,15:00:42.317000,12134,12135,12134,1
2020-07-08,15:00:42.574000,12134,12135,12134,1
2020-07-08,15:00:43.208000,12134,12135,12134,4
2020-07-08,15:00:43.209000,12134,12135,12134,1
2020-07-08,15:00:45.563000,12133,12134,12133,2
2020-07-08,15:00:46.138000,12133,12134,12133,5
2020-07-08,15:00:47.861000,12133,12135,12133,1
2020-07-08,15:00:49.223000,12133,12134,12133,1
2020-07-08,15:00:50.015000,12133,12134,12134,3
2020-07-08,15:00:50.082000,12133,12134,12133,1
2020-07-08,15:00:51.798000,12133,12134,12134,2
2020-07-08,15:00:51.905000,12133,12134,12134,4
2020-07-08,15:00:52.061000,12133,12135,12133,5
2020-07-08,15:00:52.774000,12133,12135,12133,1
2020-07-08,15:00:56.129000,12133,12135,12135,12
2020-07-08,15:00:57.403000,12133,12134,12134,5
2020-07-08,15:01:00.105000,12133,12135,12135,1
2020-07-08,15:01:00.417000,12134,12135,12134,1
2020-07-08,15:01:00.518000,12134,12135,12134,1
2020-07-08,15:01:00.561000,12134,12135,12134,2
2020-07-08,15:01:00.698000,12133,12135,12134,1
2020-07-08,15:01:00.698000,12133,12135,12135,1
2020-07-08,15:01:00.719000,12133,12135,12135,1
2020-07-08,15:01:02.530000,12133,12134,12134,1
2020-07-08,15:01:02.947000,12133,12134,12133,3
2020-07-08,15:01:02.948000,12133,12134,12133,9
2020-07-08,15:01:02.949000,12133,12134,12133,1
2020-07-08,15:01:02.989000,12132,12133,12132,2
2020-07-08,15:01:02.999000,12132,12133,12132,1
2020-07-08,15:01:02.999000,12132,12133,12132,3
2020-07-08,15:01:02.999000,12132,12133,12132,3
2020-07-08,15:01:03.001000,12132,12133,12131,2
2020-07-08,15:01:03.003000,12132,12133,12131,1
2020-07-08,15:01:03.005000,12132,12133,12131,1
2020-07-08,15:01:03.007000,12132,12133,12131,1
2020-07-08,15:01:03.008000,12132,12133,12131,1
2020-07-08,15:01:03.009000,12132,12133,12131,1
2020-07-08,15:01:03.014000,12132,12133,12130,2
2020-07-08,15:01:03.015000,12132,12133,12131,1
2020-07-08,15:01:03.022000,12132,12133,12130,1
2020-07-08,15:01:03.023000,12132,12133,12130,1
2020-07-08,15:01:03.024000,12132,12133,12130,5
2020-07-08,15:01:03.030000,12132,12133,12130,1
2020-07-08,15:01:03.033000,12132,12133,12130,1
2020-07-08,15:01:03.351000,12129,12131,12131,1
2020-07-08,15:01:05.098000,12129,12131,12131,1
2020-07-08,15:01:05.386000,12130,12132,12130,2
2020-07-08,15:01:05.624000,12129,12131,12131,1
2020-07-08,15:01:06.444000,12130,12131,12130,5
2020-07-08,15:01:06.683000,12129,12131,12131,1
2020-07-08,15:01:08.236000,12129,12130,12130,1
2020-07-08,15:01:09.088000,12129,12130,12130,1
2020-07-08,15:01:09.168000,12129,12130,12130,1
2020-07-08,15:01:09.611000,12129,12130,12129,4
2020-07-08,15:01:09.612000,12129,12130,12129,2
2020-07-08,15:01:09.711000,12129,12130,12128,2
2020-07-08,15:01:10.332000,12127,12129,12127,2
2020-07-08,15:01:10.943000,12127,12129,12127,1
2020-07-08,15:01:10.956000,12127,12129,12128,1
2020-07-08,15:01:10.957000,12127,12129,12127,9
2020-07-08,15:01:11.033000,12126,12127,12127,1
2020-07-08,15:01:12.578000,12126,12127,12127,1
2020-07-08,15:01:12.597000,12126,12127,12128,1
2020-07-08,15:01:14.081000,12126,12128,12127,1
2020-07-08,15:01:14.229000,12127,12128,12127,1
2020-07-08,15:01:14.905000,12126,12127,12127,2
2020-07-08,15:01:15.274000,12127,12128,12127,1
2020-07-08,15:01:15.468000,12127,12128,12127,2
2020-07-08,15:01:15.866000,12126,12128,12128,4
2020-07-08,15:01:15.932000,12126,12128,12126,1
2020-07-08,15:01:16.091000,12126,12128,12126,1
2020-07-08,15:01:20.347000,12128,12129,12128,1
2020-07-08,15:01:21.096000,12128,12129,12129,4
2020-07-08,15:01:21.130000,12128,12129,12128,2
2020-07-08,15:01:21.225000,12128,12129,12129,1
2020-07-08,15:01:22.789000,12128,12129,12129,1
2020-07-08,15:01:22.913000,12128,12130,12129,1
2020-07-08,15:01:23.291000,12128,12129,12129,1
2020-07-08,15:01:24.281000,12128,12130,12130,4
2020-07-08,15:01:24.612000,12128,12129,12128,2
2020-07-08,15:01:25.134000,12128,12129,12128,1
2020-07-08,15:01:27.018000,12127,12128,12127,3
2020-07-08,15:01:27.284000,12126,12127,12127,6
2020-07-08,15:01:29.567000,12126,12127,12127,2
2020-07-08,15:01:29.744000,12126,12127,12126,1
2020-07-08,15:01:30.235000,12126,12127,12126,2
2020-07-08,15:01:30.569000,12126,12127,12126,3
2020-07-08,15:01:30.569000,12126,12127,12126,1
2020-07-08,15:01:30.569000,12126,12127,12126,10
2020-07-08,15:01:30.681000,12125,12126,12126,1
2020-07-08,15:01:32.563000,12125,12126,12126,8
2020-07-08,15:01:32.860000,12125,12126,12126,1
2020-07-08,15:01:32.967000,12125,12126,12125,1
2020-07-08,15:01:34.459000,12126,12127,12126,1
2020-07-08,15:01:34.494000,12126,12127,12126,1
2020-07-08,15:01:34.701000,12126,12127,12127,1
2020-07-08,15:01:35.437000,12126,12127,12127,2
2020-07-08,15:01:35.437000,12126,12127,12128,2
2020-07-08,15:01:38.443000,12126,12128,12128,1
2020-07-08,15:01:38.811000,12127,12128,12127,2
2020-07-08,15:01:38.812000,12127,12128,12127,2
2020-07-08,15:01:39.125000,12126,12127,12126,7
2020-07-08,15:01:39.125000,12126,12127,12126,1
2020-07-08,15:01:39.653000,12125,12127,12127,1
2020-07-08,15:01:42.128000,12126,12127,12127,4
2020-07-08,15:01:42.441000,12126,12127,12127,1
2020-07-08,15:01:54.208000,12127,12128,12128,1
2020-07-08,15:02:01.563000,12127,12128,12127,2
2020-07-08,15:02:02.394000,12127,12128,12127,1
2020-07-08,15:02:06.823000,12127,12128,12127,1
2020-07-08,15:02:07.378000,12127,12128,12128,4
2020-07-08,15:02:07.378000,12127,12128,12128,18
2020-07-08,15:02:07.378000,12127,12128,12128,4
2020-07-08,15:02:07.379000,12127,12128,12128,26
2020-07-08,15:02:07.863000,12128,12129,12128,11
2020-07-08,15:02:10.227000,12129,12130,12130,1
2020-07-08,15:02:10.227000,12129,12130,12130,1
2020-07-08,15:02:10.227000,12129,12130,12130,1
2020-07-08,15:02:10.227000,12129,12130,12130,1
2020-07-08,15:02:10.227000,12129,12130,12130,3
2020-07-08,15:02:10.227000,12129,12130,12130,1
2020-07-08,15:02:10.227000,12129,12130,12130,4
2020-07-08,15:02:11.860000,12129,12130,12130,1
2020-07-08,15:02:13.698000,12128,12129,12129,1
2020-07-08,15:02:16.800000,12128,12129,12128,1
2020-07-08,15:02:17.965000,12128,12129,12129,1
2020-07-08,15:02:20.641000,12129,12130,12129,2
2020-07-08,15:02:21.348000,12128,12129,12129,1
2020-07-08,15:02:21.685000,12128,12129,12129,1
2020-07-08,15:02:21.971000,12128,12129,12129,3
2020-07-08,15:02:29.480000,12129,12130,12130,2
2020-07-08,15:02:35.176000,12130,12131,12131,1
2020-07-08,15:02:36.308000,12130,12131,12131,1
2020-07-08,15:02:37.639000,12131,12132,12132,3
2020-07-08,15:02:37.950000,12132,12133,12132,1
2020-07-08,15:02:38.528000,12132,12133,12132,1
2020-07-08,15:02:38.813000,12132,12133,12132,1
2020-07-08,15:02:40.528000,12132,12133,12132,1
2020-07-08,15:02:41.237000,12132,12133,12133,1
2020-07-08,15:02:42.719000,12132,12133,12132,1
2020-07-08,15:02:42.719000,12132,12133,12132,4
2020-07-08,15:02:42.749000,12131,12132,12132,2
2020-07-08,15:02:43.228000,12131,12133,12133,1
2020-07-08,15:02:44.738000,12131,12133,12133,4
2020-07-08,15:02:47.643000,12132,12133,12132,5
2020-07-08,15:02:48.742000,12132,12133,12132,1
2020-07-08,15:02:54.466000,12132,12133,12133,2
2020-07-08,15:02:55.127000,12133,12134,12133,1
2020-07-08,15:02:58.430000,12133,12134,12134,1
2020-07-08,15:02:58.430000,12133,12134,12135,2
2020-07-08,15:02:59.105000,12133,12135,12133,1
2020-07-08,15:03:00.435000,12133,12135,12133,1
2020-07-08,15:03:03.187000,12133,12134,12133,1
2020-07-08,15:03:05.152000,12133,12134,12134,1
2020-07-08,15:03:05.470000,12133,12135,12133,2
2020-07-08,15:03:05.526000,12133,12134,12133,2
2020-07-08,15:03:08.853000,12134,12135,12135,12
2020-07-08,15:03:08.960000,12135,12136,12135,1
2020-07-08,15:03:09.181000,12135,12136,12136,5
2020-07-08,15:03:09.272000,12136,12137,12137,1
2020-07-08,15:03:09.286000,12136,12137,12137,10
2020-07-08,15:03:09.301000,12136,12137,12137,1
2020-07-08,15:03:09.450000,12137,12138,12138,4
2020-07-08,15:03:09.450000,12137,12138,12138,5
2020-07-08,15:03:09.864000,12138,12139,12138,1
2020-07-08,15:03:11.595000,12137,12139,12139,5
2020-07-08,15:03:13.058000,12139,12140,12140,29
2020-07-08,15:03:13.098000,12139,12140,12140,2
2020-07-08,15:03:13.103000,12139,12140,12140,2
2020-07-08,15:03:13.197000,12140,12141,12141,2
2020-07-08,15:03:13.197000,12140,12141,12141,2
2020-07-08,15:03:13.198000,12140,12141,12141,2
2020-07-08,15:03:13.199000,12140,12141,12141,2
2020-07-08,15:03:13.199000,12140,12141,12141,2
2020-07-08,15:03:13.200000,12140,12141,12141,4
2020-07-08,15:03:13.200000,12140,12141,12141,1
2020-07-08,15:03:13.370000,12140,12142,12142,1
2020-07-08,15:03:13.544000,12140,12142,12141,4
2020-07-08,15:03:13.547000,12140,12142,12141,4
2020-07-08,15:03:13.549000,12140,12142,12141,4
2020-07-08,15:03:13.551000,12140,12142,12141,4
2020-07-08,15:03:13.552000,12140,12142,12141,1
2020-07-08,15:03:13.553000,12140,12142,12141,3
2020-07-08,15:03:13.557000,12140,12142,12140,3
2020-07-08,15:03:13.785000,12140,12141,12141,1
2020-07-08,15:03:14.016000,12140,12142,12142,1
2020-07-08,15:03:14.324000,12141,12142,12142,4
2020-07-08,15:03:14.324000,12141,12142,12142,2
2020-07-08,15:03:14.372000,12142,12143,12143,6
2020-07-08,15:03:14.372000,12142,12143,12143,1
2020-07-08,15:03:14.372000,12142,12143,12143,6
2020-07-08,15:03:14.373000,12142,12143,12143,2
2020-07-08,15:03:14.373000,12142,12143,12142,1
2020-07-08,15:03:14.373000,12142,12143,12143,2
2020-07-08,15:03:14.374000,12142,12143,12143,1
2020-07-08,15:03:14.399000,12142,12143,12143,2
2020-07-08,15:03:14.418000,12142,12143,12143,2
2020-07-08,15:03:14.499000,12143,12144,12143,1
2020-07-08,15:03:15.015000,12143,12144,12144,1
2020-07-08,15:03:15.082000,12143,12144,12144,12
2020-07-08,15:03:15.082000,12143,12144,12145,1
2020-07-08,15:03:15.086000,12143,12144,12144,2
2020-07-08,15:03:15.118000,12144,12145,12145,1
2020-07-08,15:03:15.132000,12144,12145,12145,5
2020-07-08,15:03:15.133000,12144,12145,12144,2
2020-07-08,15:03:15.139000,12144,12145,12144,1
2020-07-08,15:03:15.139000,12144,12145,12145,4
2020-07-08,15:03:15.164000,12144,12145,12145,8
2020-07-08,15:03:15.164000,12144,12145,12146,15
2020-07-08,15:03:15.164000,12144,12145,12147,12
2020-07-08,15:03:15.179000,12144,12145,12146,5
2020-07-08,15:03:15.186000,12144,12145,12146,2
2020-07-08,15:03:15.194000,12144,12145,12144,1
2020-07-08,15:03:15.255000,12145,12146,12146,3
2020-07-08,15:03:15.263000,12145,12146,12146,2
2020-07-08,15:03:15.267000,12145,12146,12146,1
2020-07-08,15:03:15.276000,12145,12146,12146,1
2020-07-08,15:03:15.287000,12145,12146,12146,1
2020-07-08,15:03:15.304000,12145,12146,12147,2
2020-07-08,15:03:15.313000,12145,12146,12147,5
2020-07-08,15:03:15.314000,12145,12146,12147,4
2020-07-08,15:03:15.314000,12145,12146,12148,1
2020-07-08,15:03:15.331000,12145,12146,12147,1
2020-07-08,15:03:15.335000,12145,12146,12147,4
2020-07-08,15:03:15.335000,12145,12146,12148,1
2020-07-08,15:03:15.349000,12145,12146,12148,1
2020-07-08,15:03:15.354000,12145,12146,12148,5
2020-07-08,15:03:15.361000,12145,12148,12148,1
2020-07-08,15:03:15.384000,12145,12148,12148,5
2020-07-08,15:03:15.421000,12145,12148,12148,1
2020-07-08,15:03:15.446000,12145,12148,12148,1
2020-07-08,15:03:15.455000,12145,12148,12148,1
2020-07-08,15:03:15.511000,12146,12148,12148,3
2020-07-08,15:03:15.511000,12146,12148,12149,8
2020-07-08,15:03:15.537000,12146,12148,12149,1
2020-07-08,15:03:15.555000,12146,12148,12149,2
2020-07-08,15:03:15.589000,12146,12148,12147,1
2020-07-08,15:03:15.593000,12146,12148,12149,1
2020-07-08,15:03:15.601000,12146,12148,12147,1
2020-07-08,15:03:15.610000,12147,12149,12149,1
2020-07-08,15:03:15.611000,12147,12149,12149,1
2020-07-08,15:03:15.612000,12147,12149,12149,8
2020-07-08,15:03:15.624000,12147,12149,12149,1
2020-07-08,15:03:15.638000,12147,12149,12149,1
2020-07-08,15:03:15.663000,12147,12149,12149,1
2020-07-08,15:03:15.706000,12147,12149,12149,1
2020-07-08,15:03:15.710000,12147,12149,12149,1
2020-07-08,15:03:15.710000,12147,12149,12149,1
2020-07-08,15:03:15.739000,12147,12149,12149,1
2020-07-08,15:03:15.749000,12147,12149,12147,1
2020-07-08,15:03:15.761000,12147,12149,12149,1
2020-07-08,15:03:15.849000,12147,12149,12147,3
2020-07-08,15:03:16.012000,12147,12148,12148,10
2020-07-08,15:03:16.289000,12146,12148,12148,1
2020-07-08,15:03:16.299000,12146,12148,12148,1
2020-07-08,15:03:16.497000,12147,12148,12148,1
2020-07-08,15:03:16.575000,12147,12148,12148,1
2020-07-08,15:03:16.678000,12146,12148,12148,1
2020-07-08,15:03:16.753000,12146,12148,12148,1
2020-07-08,15:03:16.785000,12146,12148,12146,5
2020-07-08,15:03:17.012000,12146,12147,12146,5
2020-07-08,15:03:17.012000,12146,12147,12146,1
2020-07-08,15:03:17.046000,12146,12147,12146,2
2020-07-08,15:03:17.146000,12145,12146,12146,1
2020-07-08,15:03:17.360000,12145,12146,12145,3
2020-07-08,15:03:17.445000,12145,12146,12145,3
2020-07-08,15:03:17.445000,12145,12146,12144,2
2020-07-08,15:03:17.740000,12144,12146,12144,7
2020-07-08,15:03:17.752000,12144,12146,12144,2
2020-07-08,15:03:17.781000,12144,12146,12144,5
2020-07-08,15:03:17.796000,12144,12146,12144,1
2020-07-08,15:03:17.796000,12144,12146,12143,5
2020-07-08,15:03:17.799000,12144,12146,12143,1
2020-07-08,15:03:18.201000,12143,12145,12143,5
2020-07-08,15:03:18.488000,12143,12144,12143,1
2020-07-08,15:03:19.441000,12143,12144,12144,5
2020-07-08,15:03:20.032000,12143,12144,12144,1
2020-07-08,15:03:20.052000,12143,12144,12145,1
2020-07-08,15:03:20.434000,12144,12145,12145,1
2020-07-08,15:03:21.003000,12144,12145,12145,1
2020-07-08,15:03:21.823000,12143,12144,12143,3
2020-07-08,15:03:22.326000,12142,12144,12142,5
2020-07-08,15:03:22.501000,12143,12144,12143,1
2020-07-08,15:03:22.552000,12143,12144,12145,2
2020-07-08,15:03:23.680000,12144,12145,12144,1
2020-07-08,15:03:23.884000,12143,12144,12144,1
2020-07-08,15:03:24.881000,12143,12145,12143,5
2020-07-08,15:03:26.123000,12143,12144,12144,1
2020-07-08,15:03:26.197000,12143,12144,12144,4
2020-07-08,15:03:26.197000,12143,12144,12145,3
2020-07-08,15:03:26.283000,12143,12144,12143,5
2020-07-08,15:03:26.840000,12142,12144,12144,1
2020-07-08,15:03:26.954000,12142,12144,12144,4
2020-07-08,15:03:28.161000,12144,12145,12145,1
2020-07-08,15:03:28.263000,12144,12145,12145,1
2020-07-08,15:03:28.266000,12144,12145,12144,1
2020-07-08,15:03:28.361000,12143,12144,12144,1
2020-07-08,15:03:28.474000,12143,12144,12144,1
2020-07-08,15:03:28.614000,12143,12144,12144,1
2020-07-08,15:03:29.933000,12143,12144,12143,4
2020-07-08,15:03:29.950000,12143,12144,12143,1
2020-07-08,15:03:30.447000,12142,12143,12143,3
2020-07-08,15:03:30.665000,12142,12143,12142,1
2020-07-08,15:03:30.833000,12142,12143,12143,2
2020-07-08,15:03:30.860000,12142,12143,12142,1
2020-07-08,15:03:30.879000,12142,12143,12142,2
2020-07-08,15:03:31.086000,12141,12142,12142,1
2020-07-08,15:03:31.292000,12141,12142,12142,1
2020-07-08,15:03:32.225000,12141,12142,12141,1
2020-07-08,15:03:32.226000,12141,12142,12141,1
2020-07-08,15:03:33.163000,12140,12142,12140,2
2020-07-08,15:03:35.812000,12140,12142,12142,1
2020-07-08,15:03:36.027000,12140,12142,12140,1
2020-07-08,15:03:36.049000,12140,12142,12142,1
2020-07-08,15:03:36.268000,12140,12142,12142,1
2020-07-08,15:03:36.492000,12140,12141,12140,1
2020-07-08,15:03:36.493000,12140,12141,12140,1
2020-07-08,15:03:36.853000,12139,12140,12139,6
2020-07-08,15:03:37.004000,12138,12140,12138,1
2020-07-08,15:03:37.064000,12138,12140,12138,1
2020-07-08,15:03:37.359000,12139,12140,12139,3
2020-07-08,15:03:37.518000,12139,12140,12140,1
2020-07-08,15:03:37.590000,12139,12140,12140,1
2020-07-08,15:03:37.855000,12139,12140,12140,1
2020-07-08,15:03:38.171000,12139,12140,12139,1
2020-07-08,15:03:38.318000,12139,12140,12140,1
2020-07-08,15:03:38.318000,12139,12140,12140,2
2020-07-08,15:03:40.306000,12140,12142,12140,1
2020-07-08,15:03:40.881000,12140,12142,12142,5
2020-07-08,15:03:41.520000,12141,12142,12142,2
2020-07-08,15:03:42.125000,12141,12142,12141,2
2020-07-08,15:03:42.553000,12140,12141,12141,1
2020-07-08,15:03:44.678000,12140,12141,12141,1
2020-07-08,15:03:45.496000,12140,12141,12141,1
2020-07-08,15:03:46.412000,12140,12141,12141,1
2020-07-08,15:03:46.456000,12140,12141,12140,3
2020-07-08,15:03:46.457000,12140,12141,12140,2
2020-07-08,15:03:47.044000,12139,12141,12139,1
2020-07-08,15:03:49.153000,12140,12141,12140,1
2020-07-08,15:03:49.881000,12139,12141,12141,6
2020-07-08,15:03:51.193000,12139,12140,12140,1
2020-07-08,15:03:53.823000,12139,12140,12140,1
2020-07-08,15:03:56.380000,12139,12140,12139,1
2020-07-08,15:03:57.448000,12139,12140,12140,1
2020-07-08,15:03:57.885000,12139,12140,12139,1
2020-07-08,15:03:58.498000,12139,12140,12140,1
2020-07-08,15:04:00.028000,12139,12140,12139,1
2020-07-08,15:04:01.242000,12139,12140,12140,5
2020-07-08,15:04:02.841000,12139,12141,12139,1
2020-07-08,15:04:04.721000,12139,12140,12140,1
2020-07-08,15:04:07.770000,12139,12140,12139,5
2020-07-08,15:04:08.372000,12139,12140,12140,1
2020-07-08,15:04:08.568000,12139,12140,12140,1
2020-07-08,15:04:10.494000,12139,12140,12140,3
2020-07-08,15:04:13.075000,12139,12140,12140,1
2020-07-08,15:04:13.405000,12140,12141,12140,1
2020-07-08,15:04:14.479000,12140,12141,12140,1
2020-07-08,15:04:14.900000,12140,12141,12141,1
2020-07-08,15:04:14.900000,12140,12141,12141,3
2020-07-08,15:04:14.910000,12140,12141,12142,3
2020-07-08,15:04:15.666000,12141,12142,12142,2
2020-07-08,15:04:15.666000,12141,12142,12142,4
2020-07-08,15:04:22.643000,12142,12143,12142,1
2020-07-08,15:04:23.418000,12142,12143,12143,3
2020-07-08,15:04:23.418000,12142,12143,12144,2
2020-07-08,15:04:23.604000,12143,12144,12144,1
2020-07-08,15:04:25.680000,12143,12144,12143,1
2020-07-08,15:04:25.886000,12142,12143,12143,1
2020-07-08,15:04:26.175000,12142,12144,12144,2
2020-07-08,15:04:26.465000,12142,12144,12142,1
2020-07-08,15:04:28.266000,12142,12144,12144,2
2020-07-08,15:04:28.738000,12142,12144,12142,2
2020-07-08,15:04:29.568000,12142,12144,12144,1
2020-07-08,15:04:31.444000,12142,12143,12142,2
2020-07-08,15:04:32.108000,12141,12143,12143,1
2020-07-08,15:04:33.569000,12142,12143,12142,1
2020-07-08,15:04:34.839000,12141,12143,12143,6
2020-07-08,15:04:34.839000,12141,12143,12144,4
2020-07-08,15:04:37.864000,12142,12143,12143,1
2020-07-08,15:04:39.675000,12142,12143,12143,1
2020-07-08,15:04:40.233000,12142,12143,12143,1
2020-07-08,15:04:41.940000,12142,12143,12143,1
2020-07-08,15:04:50.483000,12142,12143,12142,2
2020-07-08,15:04:51.901000,12142,12143,12143,2
2020-07-08,15:04:52.985000,12142,12143,12142,1
2020-07-08,15:04:56.049000,12142,12143,12142,7
2020-07-08,15:04:56.644000,12141,12142,12142,1
2020-07-08,15:04:58.435000,12141,12142,12142,1
2020-07-08,15:04:58.499000,12141,12142,12141,4
2020-07-08,15:05:00.502000,12141,12142,12142,1
2020-07-08,15:05:00.565000,12141,12142,12141,7
2020-07-08,15:05:01.242000,12141,12143,12143,1
2020-07-08,15:05:02.028000,12141,12143,12143,1
2020-07-08,15:05:02.418000,12141,12143,12143,1
2020-07-08,15:05:02.607000,12141,12143,12143,1
2020-07-08,15:05:05.772000,12142,12143,12143,2
2020-07-08,15:05:06.746000,12142,12143,12142,1
2020-07-08,15:05:08.802000,12141,12142,12141,3
2020-07-08,15:05:09.060000,12140,12141,12140,2
2020-07-08,15:05:10.041000,12140,12141,12140,5
2020-07-08,15:05:10.142000,12140,12141,12140,1
2020-07-08,15:05:11.480000,12140,12141,12140,1
2020-07-08,15:05:11.490000,12139,12141,12141,2
2020-07-08,15:05:12.663000,12139,12140,12140,1
2020-07-08,15:05:12.692000,12139,12140,12141,1
2020-07-08,15:05:13.357000,12140,12142,12140,1
2020-07-08,15:05:13.403000,12140,12141,12140,1
2020-07-08,15:05:15.212000,12139,12140,12140,1
2020-07-08,15:05:15.607000,12140,12141,12139,1
2020-07-08,15:05:15.998000,12140,12141,12141,1
2020-07-08,15:05:16.138000,12140,12141,12140,1
2020-07-08,15:05:16.251000,12139,12140,12140,2
2020-07-08,15:05:17.162000,12139,12140,12139,8
2020-07-08,15:05:18.300000,12138,12139,12139,1
2020-07-08,15:05:18.903000,12138,12139,12139,2
2020-07-08,15:05:19.019000,12139,12140,12139,5
2020-07-08,15:05:21.483000,12138,12139,12138,1
2020-07-08,15:05:24.132000,12138,12139,12138,1
2020-07-08,15:05:25.303000,12138,12139,12139,1
2020-07-08,15:05:27.141000,12138,12139,12138,1
2020-07-08,15:05:28.903000,12138,12139,12138,25
2020-07-08,15:05:28.904000,12138,12139,12138,1
2020-07-08,15:05:28.986000,12137,12138,12137,2
2020-07-08,15:05:30.759000,12137,12138,12137,1
2020-07-08,15:05:33.851000,12137,12138,12137,2
2020-07-08,15:05:36.564000,12136,12137,12137,1
2020-07-08,15:05:37.162000,12136,12137,12137,2
2020-07-08,15:05:41.632000,12137,12138,12137,2
2020-07-08,15:05:42.079000,12137,12138,12138,3
2020-07-08,15:05:42.283000,12138,12139,12138,1
2020-07-08,15:05:44.041000,12138,12139,12138,1
2020-07-08,15:05:44.201000,12138,12139,12139,1
2020-07-08,15:05:45.035000,12138,12140,12138,2
2020-07-08,15:05:45.799000,12139,12140,12140,5
2020-07-08,15:05:45.801000,12139,12140,12140,1
2020-07-08,15:05:45.801000,12139,12140,12140,1
2020-07-08,15:05:51.418000,12140,12141,12140,7
2020-07-08,15:05:51.854000,12140,12141,12140,1
2020-07-08,15:05:51.932000,12140,12141,12140,1
2020-07-08,15:05:52.412000,12140,12141,12141,1
2020-07-08,15:05:52.412000,12140,12141,12141,1
2020-07-08,15:05:53.452000,12141,12142,12142,1
2020-07-08,15:05:53.861000,12141,12143,12141,1
2020-07-08,15:05:54.916000,12141,12142,12141,2
2020-07-08,15:05:56.578000,12141,12142,12142,1
2020-07-08,15:05:58.788000,12142,12143,12143,9
2020-07-08,15:06:00.110000,12142,12143,12143,5
2020-07-08,15:06:00.474000,12142,12144,12143,2
2020-07-08,15:06:00.620000,12142,12144,12143,1
2020-07-08,15:06:00.623000,12142,12144,12143,2
2020-07-08,15:06:01.142000,12143,12144,12143,1
2020-07-08,15:06:01.212000,12143,12144,12144,2
2020-07-08,15:06:01.212000,12143,12144,12144,7
2020-07-08,15:06:01.213000,12143,12144,12144,4
2020-07-08,15:06:01.296000,12144,12145,12144,1
2020-07-08,15:06:01.756000,12144,12145,12145,4
2020-07-08,15:06:01.757000,12144,12145,12145,7
2020-07-08,15:06:01.757000,12144,12145,12145,8
2020-07-08,15:06:02.088000,12145,12146,12145,1
2020-07-08,15:06:02.142000,12145,12146,12146,1
2020-07-08,15:06:03.067000,12145,12146,12145,1
2020-07-08,15:06:03.072000,12145,12146,12145,1
2020-07-08,15:06:03.865000,12145,12146,12145,1
2020-07-08,15:06:04.218000,12145,12146,12146,2
2020-07-08,15:06:04.286000,12145,12146,12145,1
2020-07-08,15:06:04.425000,12145,12146,12146,5
2020-07-08,15:06:04.850000,12145,12146,12145,1
2020-07-08,15:06:05.386000,12145,12146,12146,1
2020-07-08,15:06:05.531000,12146,12147,12147,1
2020-07-08,15:06:05.588000,12146,12147,12146,2
2020-07-08,15:06:06.195000,12145,12146,12146,3
2020-07-08,15:06:06.297000,12146,12147,12147,8
2020-07-08,15:06:06.298000,12146,12147,12147,4
2020-07-08,15:06:06.300000,12146,12147,12147,1
2020-07-08,15:06:06.302000,12146,12147,12147,1
2020-07-08,15:06:06.311000,12146,12147,12147,1
2020-07-08,15:06:06.967000,12147,12148,12148,2
2020-07-08,15:06:07.771000,12147,12148,12148,1
2020-07-08,15:06:08.289000,12147,12148,12148,1
2020-07-08,15:06:08.624000,12147,12148,12147,1
2020-07-08,15:06:08.637000,12147,12148,12147,1
2020-07-08,15:06:08.914000,12147,12148,12147,4
2020-07-08,15:06:09.089000,12146,12147,12146,1
2020-07-08,15:06:09.388000,12146,12147,12147,1
2020-07-08,15:06:09.454000,12146,12147,12147,1
2020-07-08,15:06:09.494000,12146,12147,12147,1
2020-07-08,15:06:09.903000,12146,12148,12148,1
2020-07-08,15:06:10.114000,12146,12148,12148,1
2020-07-08,15:06:10.261000,12146,12148,12148,1
2020-07-08,15:06:11.502000,12146,12147,12147,1
2020-07-08,15:06:11.502000,12146,12147,12148,32
2020-07-08,15:06:11.503000,12146,12147,12148,4
2020-07-08,15:06:11.503000,12146,12147,12148,4
2020-07-08,15:06:11.503000,12146,12147,12148,1
2020-07-08,15:06:11.503000,12146,12147,12148,1
2020-07-08,15:06:11.503000,12146,12147,12148,4
2020-07-08,15:06:11.503000,12146,12147,12148,8
2020-07-08,15:06:11.503000,12146,12147,12148,3
2020-07-08,15:06:11.503000,12146,12147,12148,1
2020-07-08,15:06:11.503000,12146,12147,12148,4
2020-07-08,15:06:11.504000,12146,12147,12148,1
2020-07-08,15:06:11.504000,12146,12147,12148,1
2020-07-08,15:06:11.504000,12146,12147,12148,3
2020-07-08,15:06:11.504000,12146,12147,12148,1
2020-07-08,15:06:11.505000,12146,12147,12148,37
2020-07-08,15:06:11.511000,12146,12147,12149,1
2020-07-08,15:06:11.540000,12146,12147,12149,7
2020-07-08,15:06:11.543000,12146,12147,12149,10
2020-07-08,15:06:12.120000,12148,12150,12150,1
2020-07-08,15:06:12.125000,12148,12150,12148,1
2020-07-08,15:06:12.132000,12148,12150,12150,1
2020-07-08,15:06:12.133000,12148,12150,12150,1
2020-07-08,15:06:12.349000,12148,12150,12150,1
2020-07-08,15:06:12.430000,12148,12150,12150,1
2020-07-08,15:06:12.443000,12148,12150,12150,1
2020-07-08,15:06:12.461000,12148,12150,12150,1
2020-07-08,15:06:12.600000,12148,12150,12150,1
2020-07-08,15:06:12.733000,12148,12150,12150,5
2020-07-08,15:06:12.777000,12148,12150,12150,1
2020-07-08,15:06:12.991000,12149,12150,12150,2
2020-07-08,15:06:13.543000,12149,12150,12149,1
2020-07-08,15:06:13.543000,12149,12150,12149,1
2020-07-08,15:06:13.805000,12148,12149,12148,1
2020-07-08,15:06:13.895000,12147,12149,12149,1
2020-07-08,15:06:13.973000,12147,12149,12149,1
2020-07-08,15:06:14.088000,12148,12149,12148,1
2020-07-08,15:06:14.320000,12147,12149,12147,5
2020-07-08,15:06:14.562000,12147,12149,12149,1
2020-07-08,15:06:14.590000,12147,12149,12148,1
2020-07-08,15:06:14.611000,12147,12148,12148,2
2020-07-08,15:06:14.725000,12147,12148,12148,2
2020-07-08,15:06:15.246000,12148,12149,12149,2
2020-07-08,15:06:15.490000,12148,12149,12149,1
2020-07-08,15:06:15.584000,12148,12149,12149,1
2020-07-08,15:06:15.584000,12148,12149,12150,3
2020-07-08,15:06:15.728000,12148,12150,12150,2
2020-07-08,15:06:17.209000,12149,12150,12150,2
2020-07-08,15:06:17.269000,12149,12150,12149,1
2020-07-08,15:06:17.833000,12149,12150,12149,4
2020-07-08,15:06:17.891000,12149,12150,12150,2
2020-07-08,15:06:18.160000,12150,12151,12150,1
2020-07-08,15:06:19.615000,12150,12151,12150,1
2020-07-08,15:06:20.109000,12150,12151,12151,2
2020-07-08,15:06:20.329000,12150,12152,12150,2
2020-07-08,15:06:20.688000,12149,12151,12151,1
2020-07-08,15:06:21.685000,12148,12149,12149,5
2020-07-08,15:06:22.412000,12149,12150,12150,1
2020-07-08,15:06:22.610000,12149,12150,12150,2
2020-07-08,15:06:22.859000,12149,12150,12150,1
2020-07-08,15:06:24.381000,12149,12151,12149,1
2020-07-08,15:06:25.711000,12149,12150,12149,3
2020-07-08,15:06:25.711000,12149,12150,12149,6
2020-07-08,15:06:26.125000,12148,12149,12149,1
2020-07-08,15:06:26.132000,12148,12149,12148,1
2020-07-08,15:06:26.556000,12148,12149,12148,1
2020-07-08,15:06:26.651000,12148,12149,12148,1
2020-07-08,15:06:26.663000,12148,12149,12149,1
2020-07-08,15:06:26.812000,12148,12149,12148,1
2020-07-08,15:06:26.931000,12148,12149,12148,1
2020-07-08,15:06:27.081000,12148,12149,12148,1
2020-07-08,15:06:27.251000,12148,12149,12148,1
2020-07-08,15:06:27.413000,12147,12148,12148,1
2020-07-08,15:06:27.799000,12147,12148,12147,1
2020-07-08,15:06:27.799000,12147,12148,12147,1
2020-07-08,15:06:27.800000,12147,12148,12147,1
2020-07-08,15:06:27.800000,12147,12148,12147,2
2020-07-08,15:06:27.800000,12147,12148,12147,5
2020-07-08,15:06:27.831000,12147,12148,12147,1
2020-07-08,15:06:27.937000,12146,12147,12147,2
2020-07-08,15:06:28.803000,12146,12147,12147,2
2020-07-08,15:06:29.651000,12146,12147,12146,2
2020-07-08,15:06:30.644000,12145,12147,12147,1
2020-07-08,15:06:31.441000,12146,12147,12146,2
2020-07-08,15:06:32.082000,12145,12146,12146,2
2020-07-08,15:06:32.375000,12146,12147,12146,3
2020-07-08,15:06:32.737000,12145,12146,12145,15
2020-07-08,15:06:33.090000,12144,12145,12144,1
2020-07-08,15:06:33.290000,12144,12145,12145,1
2020-07-08,15:06:33.790000,12144,12145,12145,3
2020-07-08,15:06:33.791000,12144,12145,12145,1
2020-07-08,15:06:33.934000,12145,12146,12146,1
2020-07-08,15:06:33.934000,12145,12146,12147,1
2020-07-08,15:06:33.965000,12145,12146,12145,2
2020-07-08,15:06:34.939000,12145,12146,12146,1
2020-07-08,15:06:34.939000,12145,12146,12147,2
2020-07-08,15:06:35.581000,12145,12146,12145,1
2020-07-08,15:06:36.333000,12143,12145,12145,1
2020-07-08,15:06:37.535000,12144,12145,12145,2
2020-07-08,15:06:37.556000,12144,12145,12145,1
2020-07-08,15:06:38.511000,12144,12145,12145,1
2020-07-08,15:06:39.670000,12144,12146,12145,2
2020-07-08,15:06:40.176000,12145,12146,12145,1
2020-07-08,15:06:40.180000,12145,12146,12145,1
2020-07-08,15:06:40.182000,12145,12146,12145,1
2020-07-08,15:06:40.928000,12144,12146,12145,1
2020-07-08,15:06:41.999000,12143,12145,12145,1
2020-07-08,15:06:42.710000,12143,12145,12145,1
2020-07-08,15:06:43.690000,12144,12145,12144,1
2020-07-08,15:06:43.728000,12144,12145,12144,5
2020-07-08,15:06:46.513000,12143,12144,12143,1
2020-07-08,15:06:46.794000,12143,12144,12143,1
2020-07-08,15:06:46.813000,12143,12144,12143,1
2020-07-08,15:06:47.688000,12142,12143,12143,1
2020-07-08,15:06:48.052000,12143,12144,12143,2
2020-07-08,15:06:48.064000,12143,12144,12143,1
2020-07-08,15:06:48.862000,12143,12144,12144,1
2020-07-08,15:06:50.466000,12143,12144,12143,1
2020-07-08,15:06:50.512000,12142,12143,12143,2
2020-07-08,15:06:50.970000,12142,12143,12143,1
2020-07-08,15:06:51.774000,12142,12144,12144,1
2020-07-08,15:06:56.555000,12143,12144,12144,1
2020-07-08,15:06:56.559000,12143,12144,12144,2
2020-07-08,15:06:56.610000,12144,12145,12145,3
2020-07-08,15:06:57.095000,12144,12145,12143,1
2020-07-08,15:06:57.499000,12143,12145,12145,2
2020-07-08,15:07:00.485000,12144,12146,12146,1
2020-07-08,15:07:01.990000,12145,12146,12145,1
2020-07-08,15:07:02.969000,12145,12146,12146,1
2020-07-08,15:07:04.668000,12145,12146,12145,1
2020-07-08,15:07:05.055000,12145,12146,12145,1
2020-07-08,15:07:05.172000,12144,12145,12144,4
2020-07-08,15:07:05.729000,12143,12144,12144,1
2020-07-08,15:07:07.851000,12144,12146,12146,1
2020-07-08,15:07:08.741000,12143,12145,12143,1
2020-07-08,15:07:08.887000,12143,12145,12145,1
2020-07-08,15:07:10.170000,12143,12144,12144,1
2020-07-08,15:07:10.443000,12143,12144,12144,1
2020-07-08,15:07:14.369000,12143,12144,12144,1
2020-07-08,15:07:15.114000,12143,12144,12144,1
2020-07-08,15:07:16.040000,12143,12144,12143,6
2020-07-08,15:07:18.105000,12143,12144,12143,4
2020-07-08,15:07:18.893000,12142,12143,12142,6
2020-07-08,15:07:18.976000,12142,12143,12143,1
2020-07-08,15:07:19.176000,12141,12143,12143,1
2020-07-08,15:07:22.313000,12141,12142,12141,7
2020-07-08,15:07:22.746000,12140,12141,12141,1
2020-07-08,15:07:22.746000,12140,12141,12141,1
2020-07-08,15:07:22.747000,12140,12141,12141,2
2020-07-08,15:07:22.747000,12140,12141,12141,1
2020-07-08,15:07:25.754000,12140,12141,12140,13
2020-07-08,15:07:27.701000,12139,12140,12140,1
2020-07-08,15:07:28.073000,12139,12140,12140,1
2020-07-08,15:07:28.814000,12139,12141,12140,1
2020-07-08,15:07:29.993000,12139,12140,12140,1
2020-07-08,15:07:30.845000,12139,12140,12140,1
2020-07-08,15:07:31.579000,12140,12141,12140,1
2020-07-08,15:07:32.539000,12139,12140,12140,1
2020-07-08,15:07:33.533000,12140,12141,12141,1
2020-07-08,15:07:34.853000,12140,12141,12141,1
2020-07-08,15:07:34.853000,12140,12141,12141,1
2020-07-08,15:07:37.029000,12140,12141,12140,5
2020-07-08,15:07:37.660000,12139,12140,12140,1
2020-07-08,15:07:40.134000,12139,12140,12140,1
2020-07-08,15:07:40.707000,12139,12140,12140,1
2020-07-08,15:07:40.812000,12139,12140,12140,1
2020-07-08,15:07:43.535000,12140,12141,12140,1
2020-07-08,15:07:45.284000,12140,12141,12140,1
2020-07-08,15:07:46.128000,12140,12141,12141,1
2020-07-08,15:07:46.844000,12140,12141,12141,2
2020-07-08,15:07:46.844000,12140,12141,12142,2
2020-07-08,15:07:51.332000,12140,12141,12141,1
2020-07-08,15:07:56.706000,12140,12142,12140,2
2020-07-08,15:07:57.924000,12140,12142,12140,10
2020-07-08,15:07:58.415000,12139,12140,12140,1
2020-07-08,15:07:58.603000,12139,12141,12139,4
2020-07-08,15:07:58.899000,12139,12140,12140,1
2020-07-08,15:07:59.073000,12139,12140,12139,1
2020-07-08,15:08:00.968000,12138,12140,12140,1
2020-07-08,15:08:01.947000,12139,12140,12140,1
2020-07-08,15:08:03.111000,12139,12140,12140,1
2020-07-08,15:08:03.111000,12139,12140,12140,2
2020-07-08,15:08:06,12140,12142,12140,1
2020-07-08,15:08:06.290000,12140,12142,12140,1
2020-07-08,15:08:06.715000,12140,12141,12140,2
2020-07-08,15:08:07.591000,12139,12140,12139,2
2020-07-08,15:08:08.974000,12138,12139,12139,2
2020-07-08,15:08:10.442000,12139,12140,12139,1
2020-07-08,15:08:12.442000,12139,12140,12139,1
2020-07-08,15:08:12.480000,12139,12140,12139,4
2020-07-08,15:08:12.480000,12139,12140,12139,2
2020-07-08,15:08:15.808000,12138,12139,12139,1
2020-07-08,15:08:16.295000,12138,12139,12138,1
2020-07-08,15:08:16.757000,12138,12139,12138,1
2020-07-08,15:08:17.273000,12138,12139,12139,2
2020-07-08,15:08:17.321000,12138,12139,12139,1
2020-07-08,15:08:20.915000,12138,12139,12138,4
2020-07-08,15:08:21.786000,12138,12139,12138,9
2020-07-08,15:08:24.593000,12137,12138,12138,1
2020-07-08,15:08:24.642000,12137,12138,12138,1
2020-07-08,15:08:25.613000,12137,12138,12138,1
2020-07-08,15:08:26.749000,12137,12138,12137,2
2020-07-08,15:08:26.749000,12137,12138,12137,16
2020-07-08,15:08:27.438000,12136,12137,12137,1
2020-07-08,15:08:29.059000,12136,12137,12136,1
2020-07-08,15:08:29.197000,12136,12137,12137,1
2020-07-08,15:08:29.398000,12136,12137,12137,2
2020-07-08,15:08:29.398000,12136,12137,12138,2
2020-07-08,15:08:31.610000,12137,12138,12137,1
2020-07-08,15:08:34.879000,12137,12138,12137,1
2020-07-08,15:08:36.190000,12136,12137,12137,1
2020-07-08,15:08:39.603000,12136,12137,12137,2
2020-07-08,15:08:41.155000,12136,12137,12136,1
2020-07-08,15:08:43.125000,12136,12138,12136,1
2020-07-08,15:08:46.333000,12137,12138,12138,9
2020-07-08,15:08:47.889000,12138,12139,12139,1
2020-07-08,15:08:47.889000,12138,12139,12139,1
2020-07-08,15:08:50.997000,12139,12140,12139,1
2020-07-08,15:08:51.686000,12139,12140,12139,1
2020-07-08,15:08:55.023000,12139,12140,12139,1
2020-07-08,15:09:00.570000,12138,12139,12139,1
2020-07-08,15:09:02.693000,12138,12140,12140,1
2020-07-08,15:09:04.511000,12138,12140,12139,1
2020-07-08,15:09:05.132000,12139,12140,12140,6
2020-07-08,15:09:05.439000,12140,12141,12140,2
2020-07-08,15:09:11.825000,12140,12141,12140,1
2020-07-08,15:09:15.154000,12139,12140,12140,1
2020-07-08,15:09:15.471000,12140,12141,12140,2
2020-07-08,15:09:17.591000,12140,12141,12140,1
2020-07-08,15:09:20.082000,12139,12140,12140,2
2020-07-08,15:09:23.138000,12140,12141,12141,3
2020-07-08,15:09:23.138000,12140,12141,12141,3
2020-07-08,15:09:23.364000,12141,12142,12141,1
2020-07-08,15:09:23.408000,12141,12142,12142,3
2020-07-08,15:09:23.656000,12142,12143,12143,1
2020-07-08,15:09:23.656000,12142,12143,12144,3
2020-07-08,15:09:24.001000,12142,12144,12144,4
2020-07-08,15:09:24.394000,12142,12144,12142,1
2020-07-08,15:09:29.373000,12140,12141,12141,1
2020-07-08,15:09:31.582000,12140,12141,12140,2
2020-07-08,15:09:31.836000,12139,12141,12141,4
2020-07-08,15:09:32.569000,12139,12140,12140,1
2020-07-08,15:09:32.569000,12139,12140,12140,1
2020-07-08,15:09:37.217000,12140,12141,12140,1
2020-07-08,15:09:38.328000,12139,12140,12140,1
2020-07-08,15:09:38.521000,12139,12140,12140,1
2020-07-08,15:09:47.449000,12140,12141,12141,1
2020-07-08,15:09:55.236000,12140,12141,12141,1
2020-07-08,15:09:55.237000,12140,12141,12141,2
2020-07-08,15:09:55.237000,12140,12141,12141,1
2020-07-08,15:09:57.167000,12141,12142,12142,1
2020-07-08,15:10:00.824000,12141,12143,12141,1
2020-07-08,15:10:01.784000,12140,12142,12140,4
2020-07-08,15:10:02.944000,12139,12141,12141,3
2020-07-08,15:10:05.640000,12139,12140,12140,2
2020-07-08,15:10:07.494000,12139,12140,12140,5
2020-07-08,15:10:07.494000,12139,12140,12140,1
2020-07-08,15:10:07.917000,12139,12140,12140,1
2020-07-08,15:10:10.122000,12139,12140,12140,1
2020-07-08,15:10:13.662000,12139,12140,12140,1
2020-07-08,15:10:17.684000,12139,12140,12140,2
2020-07-08,15:10:19.397000,12140,12141,12140,1
2020-07-08,15:10:21.068000,12140,12141,12141,1
2020-07-08,15:10:21.274000,12140,12141,12141,1
2020-07-08,15:10:21.459000,12140,12141,12141,1
2020-07-08,15:10:21.639000,12140,12141,12141,1
2020-07-08,15:10:21.790000,12140,12141,12140,5
2020-07-08,15:10:21.822000,12140,12141,12141,1
2020-07-08,15:10:21.993000,12140,12142,12142,1
2020-07-08,15:10:22.175000,12140,12142,12142,1
2020-07-08,15:10:22.357000,12140,12142,12142,5
2020-07-08,15:10:22.365000,12141,12142,12142,1
2020-07-08,15:10:23.130000,12140,12142,12142,1
2020-07-08,15:10:23.898000,12141,12142,12142,1
2020-07-08,15:10:29.021000,12140,12142,12142,1
2020-07-08,15:10:30.436000,12141,12142,12141,1
2020-07-08,15:10:34.587000,12141,12142,12142,1
2020-07-08,15:10:34.587000,12141,12142,12142,3
2020-07-08,15:10:34.587000,12141,12142,12142,1
2020-07-08,15:10:35.892000,12141,12142,12141,1
2020-07-08,15:10:37.004000,12141,12142,12142,1
2020-07-08,15:10:41.135000,12142,12143,12142,2
2020-07-08,15:10:43.855000,12140,12142,12142,2
2020-07-08,15:10:51.302000,12141,12142,12142,1
2020-07-08,15:10:51.302000,12141,12142,12142,1
2020-07-08,15:10:51.715000,12142,12143,12142,1
2020-07-08,15:10:52.875000,12142,12143,12143,1
2020-07-08,15:10:52.876000,12142,12143,12143,3
2020-07-08,15:10:53.271000,12143,12144,12143,1
2020-07-08,15:10:55.794000,12143,12144,12144,1
2020-07-08,15:10:56.491000,12144,12145,12144,1
2020-07-08,15:11:00.020000,12144,12145,12145,1
2020-07-08,15:11:00.021000,12144,12145,12145,5
2020-07-08,15:11:00.400000,12144,12145,12145,1
2020-07-08,15:11:00.400000,12144,12145,12146,3
2020-07-08,15:11:02.229000,12145,12146,12145,5
2020-07-08,15:11:02.322000,12145,12146,12145,1
2020-07-08,15:11:02.535000,12145,12146,12146,5
2020-07-08,15:11:02.535000,12145,12146,12146,4
2020-07-08,15:11:02.801000,12146,12147,12147,1
2020-07-08,15:11:02.886000,12146,12147,12147,1
2020-07-08,15:11:02.886000,12146,12147,12147,4
2020-07-08,15:11:02.887000,12146,12147,12147,6
2020-07-08,15:11:03.326000,12146,12148,12148,1
2020-07-08,15:11:03.408000,12146,12148,12146,1
2020-07-08,15:11:03.631000,12146,12148,12148,4
2020-07-08,15:11:03.815000,12147,12148,12147,4
2020-07-08,15:11:03.934000,12146,12148,12146,1
2020-07-08,15:11:04.623000,12146,12147,12146,1
2020-07-08,15:11:04.897000,12146,12147,12147,1
2020-07-08,15:11:05.990000,12146,12148,12146,1
2020-07-08,15:11:07.070000,12147,12148,12147,1
2020-07-08,15:11:07.075000,12147,12148,12147,1
2020-07-08,15:11:08.123000,12147,12148,12147,1
2020-07-08,15:11:08.570000,12147,12148,12148,1
2020-07-08,15:11:09.188000,12147,12148,12147,10
2020-07-08,15:11:09.459000,12147,12148,12147,1
2020-07-08,15:11:10.680000,12146,12148,12147,1
2020-07-08,15:11:10.680000,12146,12148,12147,1
2020-07-08,15:11:10.748000,12147,12148,12148,1
2020-07-08,15:11:12.133000,12147,12148,12147,1
2020-07-08,15:11:17.121000,12143,12144,12143,1
2020-07-08,15:11:17.546000,12143,12144,12144,1
2020-07-08,15:11:18.045000,12144,12145,12145,1
2020-07-08,15:11:18.695000,12144,12146,12146,1
2020-07-08,15:11:23.003000,12144,12145,12145,1
2020-07-08,15:11:30.217000,12144,12145,12145,1
2020-07-08,15:11:30.582000,12144,12145,12145,1
2020-07-08,15:11:32.089000,12145,12146,12145,2
2020-07-08,15:11:32.301000,12145,12146,12145,1
2020-07-08,15:11:32.561000,12144,12146,12145,1
2020-07-08,15:11:34.462000,12145,12146,12145,1
2020-07-08,15:11:34.604000,12145,12146,12145,2
2020-07-08,15:11:37.760000,12145,12146,12146,1
2020-07-08,15:11:37.819000,12145,12146,12146,4
2020-07-08,15:11:37.819000,12145,12146,12146,3
2020-07-08,15:11:41.197000,12145,12146,12146,7
2020-07-08,15:11:41.197000,12145,12146,12147,4
2020-07-08,15:11:41.959000,12145,12147,12147,1
2020-07-08,15:11:42.667000,12146,12148,12146,2
2020-07-08,15:11:43.160000,12146,12147,12147,1
2020-07-08,15:11:47.972000,12146,12147,12147,1
2020-07-08,15:11:50.049000,12147,12148,12148,4
2020-07-08,15:11:50.049000,12147,12148,12148,1
2020-07-08,15:11:50.049000,12147,12148,12148,1
2020-07-08,15:11:50.049000,12147,12148,12148,1
2020-07-08,15:11:50.050000,12147,12148,12148,3
2020-07-08,15:11:50.050000,12147,12148,12148,2
2020-07-08,15:11:50.055000,12147,12148,12148,1
2020-07-08,15:11:50.151000,12148,12149,12149,1
2020-07-08,15:11:51.383000,12148,12149,12149,2
2020-07-08,15:11:53.688000,12148,12149,12149,6
2020-07-08,15:11:53.689000,12148,12149,12149,4
2020-07-08,15:11:53.747000,12149,12150,12150,29
2020-07-08,15:11:53.917000,12150,12151,12151,1
2020-07-08,15:11:54.050000,12150,12151,12151,2
2020-07-08,15:11:54.088000,12150,12151,12151,1
2020-07-08,15:11:54.361000,12150,12151,12151,5
2020-07-08,15:11:54.361000,12150,12151,12152,5
2020-07-08,15:11:54.417000,12150,12151,12152,1
2020-07-08,15:11:54.424000,12150,12151,12152,1
2020-07-08,15:11:54.522000,12151,12152,12152,1
2020-07-08,15:11:54.561000,12151,12152,12152,2
2020-07-08,15:11:54.672000,12152,12153,12152,1
2020-07-08,15:11:54.693000,12152,12153,12153,1
2020-07-08,15:11:54.903000,12151,12153,12153,4
2020-07-08,15:11:54.940000,12151,12153,12153,1
2020-07-08,15:11:54.965000,12151,12153,12153,1
2020-07-08,15:11:55.270000,12151,12153,12153,2
2020-07-08,15:11:55.296000,12151,12153,12153,8
2020-07-08,15:11:55.551000,12153,12154,12154,2
2020-07-08,15:11:55.556000,12153,12154,12154,7
2020-07-08,15:11:55.558000,12153,12154,12154,1
2020-07-08,15:11:56.378000,12154,12155,12154,4
2020-07-08,15:11:56.378000,12154,12155,12154,2
2020-07-08,15:11:56.659000,12152,12154,12154,1
2020-07-08,15:11:57.221000,12151,12152,12152,1
2020-07-08,15:11:57.480000,12151,12152,12151,1
2020-07-08,15:11:58.856000,12150,12151,12151,2
2020-07-08,15:11:58.938000,12151,12152,12152,4
2020-07-08,15:11:59.161000,12152,12153,12153,1
2020-07-08,15:11:59.386000,12152,12153,12152,4
2020-07-08,15:11:59.386000,12152,12153,12152,2
2020-07-08,15:11:59.955000,12150,12152,12151,1
2020-07-08,15:12:00.271000,12150,12152,12152,3
2020-07-08,15:12:00.310000,12150,12152,12152,4
2020-07-08,15:12:00.561000,12151,12152,12152,1
2020-07-08,15:12:00.638000,12151,12152,12152,1
2020-07-08,15:12:00.676000,12151,12152,12152,1
2020-07-08,15:12:00.793000,12151,12153,12153,2
2020-07-08,15:12:00.797000,12151,12153,12151,1
2020-07-08,15:12:00.943000,12151,12152,12150,12
2020-07-08,15:12:01.230000,12149,12151,12151,1
2020-07-08,15:12:04.317000,12152,12153,12153,1
2020-07-08,15:12:04.470000,12152,12153,12152,1
2020-07-08,15:12:04.966000,12151,12153,12151,1
2020-07-08,15:12:05.341000,12151,12152,12151,1
2020-07-08,15:12:06.145000,12151,12152,12151,1
2020-07-08,15:12:07.109000,12151,12152,12152,1
2020-07-08,15:12:07.941000,12151,12152,12152,2
2020-07-08,15:12:07.959000,12151,12152,12152,1
2020-07-08,15:12:08.967000,12152,12153,12152,2
2020-07-08,15:12:11.117000,12152,12153,12152,1
2020-07-08,15:12:13.287000,12152,12153,12153,1
2020-07-08,15:12:13.326000,12152,12153,12152,3
2020-07-08,15:12:13.469000,12151,12152,12152,1
2020-07-08,15:12:13.556000,12151,12152,12151,17
2020-07-08,15:12:13.556000,12151,12152,12151,1
2020-07-08,15:12:15.446000,12150,12151,12150,12
2020-07-08,15:12:15.447000,12150,12151,12150,1
2020-07-08,15:12:15.841000,12150,12151,12150,1
2020-07-08,15:12:16.100000,12149,12151,12149,1
2020-07-08,15:12:17.302000,12150,12151,12151,5
2020-07-08,15:12:17.480000,12150,12151,12150,1
2020-07-08,15:12:17.915000,12149,12151,12149,1
2020-07-08,15:12:18.157000,12149,12150,12150,1
2020-07-08,15:12:19.118000,12150,12151,12150,1
2020-07-08,15:12:19.935000,12150,12151,12150,1
2020-07-08,15:12:20.011000,12150,12151,12150,1
2020-07-08,15:12:21.571000,12150,12151,12151,4
2020-07-08,15:12:21.571000,12150,12151,12151,6
2020-07-08,15:12:22.981000,12151,12152,12151,1
2020-07-08,15:12:24.079000,12150,12152,12152,2
2020-07-08,15:12:24.235000,12151,12152,12152,1
2020-07-08,15:12:25.734000,12151,12152,12151,1
2020-07-08,15:12:25.734000,12151,12152,12151,1
2020-07-08,15:12:26.456000,12150,12152,12151,1
2020-07-08,15:12:29.457000,12150,12151,12151,1
2020-07-08,15:12:29.591000,12150,12151,12150,6
2020-07-08,15:12:30.792000,12149,12150,12149,1
2020-07-08,15:12:32.101000,12149,12150,12149,11
2020-07-08,15:12:33.510000,12148,12150,12150,6
2020-07-08,15:12:33.834000,12148,12150,12148,1
2020-07-08,15:12:34.547000,12148,12150,12149,1
2020-07-08,15:12:34.976000,12148,12149,12149,1
2020-07-08,15:12:36.304000,12148,12149,12149,1
2020-07-08,15:12:37.305000,12149,12150,12149,1
2020-07-08,15:12:37.807000,12148,12149,12149,3
2020-07-08,15:12:40.537000,12149,12150,12150,10
2020-07-08,15:12:40.538000,12149,12150,12150,1
2020-07-08,15:12:41.839000,12150,12151,12150,1
2020-07-08,15:12:41.994000,12150,12151,12151,1
2020-07-08,15:12:44.474000,12148,12149,12149,1
2020-07-08,15:12:44.632000,12148,12149,12149,1
2020-07-08,15:12:45.442000,12148,12149,12149,2
2020-07-08,15:12:49.480000,12148,12150,12149,1
2020-07-08,15:12:50.357000,12148,12149,12149,1
2020-07-08,15:12:50.987000,12148,12149,12148,6
2020-07-08,15:12:51.983000,12147,12149,12147,1
2020-07-08,15:12:53.681000,12148,12149,12149,3
2020-07-08,15:12:54.262000,12148,12150,12150,1
2020-07-08,15:12:54.407000,12148,12150,12148,1
2020-07-08,15:12:54.433000,12148,12150,12148,1
2020-07-08,15:12:55.116000,12148,12149,12148,1
2020-07-08,15:12:58.103000,12148,12150,12148,1
2020-07-08,15:12:59.360000,12147,12149,12149,1
2020-07-08,15:13:01.261000,12147,12148,12148,5
2020-07-08,15:13:01.261000,12147,12148,12148,2
2020-07-08,15:13:02.539000,12148,12149,12148,1
2020-07-08,15:13:03.375000,12148,12149,12148,2
2020-07-08,15:13:04.870000,12148,12149,12149,1
2020-07-08,15:13:06.955000,12148,12149,12149,1
2020-07-08,15:13:09.119000,12148,12149,12149,4
2020-07-08,15:13:09.119000,12148,12149,12149,7
2020-07-08,15:13:10.011000,12148,12150,12148,7
2020-07-08,15:13:10.597000,12149,12150,12149,1
2020-07-08,15:13:12.954000,12148,12149,12149,1
2020-07-08,15:13:12.954000,12148,12149,12150,2
2020-07-08,15:13:14.245000,12148,12149,12149,2
2020-07-08,15:13:18.692000,12148,12149,12149,1
2020-07-08,15:13:19.622000,12148,12149,12149,1
2020-07-08,15:13:19.633000,12148,12149,12150,5
2020-07-08,15:13:19.925000,12148,12150,12150,4
2020-07-08,15:13:24.216000,12148,12149,12148,1
2020-07-08,15:13:25.173000,12148,12149,12148,2
2020-07-08,15:13:25.938000,12147,12148,12148,1
2020-07-08,15:13:27.069000,12148,12149,12149,1
2020-07-08,15:13:29.111000,12148,12149,12148,1
2020-07-08,15:13:30.418000,12148,12149,12148,2
2020-07-08,15:13:30.895000,12147,12148,12148,2
2020-07-08,15:13:33.097000,12147,12148,12148,1
2020-07-08,15:13:35.620000,12147,12148,12148,1
2020-07-08,15:13:38.068000,12147,12149,12149,1
2020-07-08,15:13:38.078000,12147,12149,12149,2
2020-07-08,15:13:40.181000,12148,12149,12149,2
2020-07-08,15:13:44.300000,12148,12149,12149,1
2020-07-08,15:13:48.138000,12148,12149,12149,1
2020-07-08,15:13:51.368000,12148,12149,12149,1
2020-07-08,15:13:51.808000,12148,12149,12149,1
2020-07-08,15:13:58.578000,12148,12149,12148,11
2020-07-08,15:13:58.796000,12147,12148,12148,1
2020-07-08,15:14:01.524000,12147,12149,12149,1
2020-07-08,15:14:01.910000,12147,12149,12149,1
2020-07-08,15:14:04.224000,12148,12149,12148,1
2020-07-08,15:14:07.473000,12147,12148,12148,2
2020-07-08,15:14:07.545000,12147,12148,12148,1
2020-07-08,15:14:07.787000,12147,12148,12148,1
2020-07-08,15:14:12.344000,12148,12149,12148,1
2020-07-08,15:14:15.305000,12147,12148,12148,1
2020-07-08,15:14:15.590000,12148,12149,12148,2
2020-07-08,15:14:17.830000,12148,12149,12149,4
2020-07-08,15:14:17.831000,12148,12149,12149,5
2020-07-08,15:14:19.016000,12148,12149,12148,1
2020-07-08,15:14:19.959000,12148,12149,12149,1
2020-07-08,15:14:19.960000,12148,12149,12149,9
2020-07-08,15:14:21.513000,12149,12150,12149,1
2020-07-08,15:14:26.256000,12149,12150,12150,4
2020-07-08,15:14:26.256000,12149,12150,12150,4
2020-07-08,15:14:26.257000,12149,12150,12150,1
2020-07-08,15:14:26.257000,12149,12150,12150,16
2020-07-08,15:14:26.469000,12150,12151,12149,1
2020-07-08,15:14:28.188000,12149,12151,12149,1
2020-07-08,15:14:28.266000,12149,12150,12149,1
2020-07-08,15:14:29.231000,12149,12150,12150,1
2020-07-08,15:14:30.717000,12149,12151,12150,1
2020-07-08,15:14:30.966000,12149,12150,12149,4
2020-07-08,15:14:33.350000,12149,12151,12149,1
2020-07-08,15:14:33.725000,12149,12151,12151,5
2020-07-08,15:14:34.374000,12150,12151,12150,1
2020-07-08,15:14:35.008000,12149,12150,12150,1
2020-07-08,15:14:40.775000,12150,12151,12151,1
2020-07-08,15:14:44.648000,12150,12151,12151,1
2020-07-08,15:14:44.683000,12150,12151,12151,1
2020-07-08,15:14:45.930000,12150,12151,12150,6
2020-07-08,15:14:45.930000,12150,12151,12150,2
2020-07-08,15:14:49.871000,12150,12151,12150,4
2020-07-08,15:14:50.182000,12149,12150,12150,1
2020-07-08,15:14:50.256000,12150,12151,12151,1
2020-07-08,15:14:50.727000,12150,12151,12150,1
2020-07-08,15:14:51.667000,12150,12151,12151,2
2020-07-08,15:14:54.357000,12150,12151,12150,1
2020-07-08,15:14:56.267000,12150,12151,12150,4
2020-07-08,15:14:57.503000,12150,12151,12150,1
2020-07-08,15:15:00.793000,12149,12151,12150,1
2020-07-08,15:15:01.450000,12149,12150,12150,5
2020-07-08,15:15:01.450000,12149,12150,12150,5
2020-07-08,15:15:02.057000,12150,12151,12151,1
2020-07-08,15:15:02.185000,12150,12151,12150,5
2020-07-08,15:15:06.475000,12149,12150,12149,4
2020-07-08,15:15:06.578000,12148,12150,12149,1
2020-07-08,15:15:06.917000,12148,12149,12149,1
2020-07-08,15:15:09.002000,12148,12149,12149,1
2020-07-08,15:15:11.258000,12148,12149,12149,1
2020-07-08,15:15:12.580000,12148,12149,12149,4
2020-07-08,15:15:13.841000,12149,12150,12150,3
2020-07-08,15:15:14.065000,12150,12151,12151,2
2020-07-08,15:15:14.813000,12150,12151,12150,1
2020-07-08,15:15:14.813000,12150,12151,12150,2
2020-07-08,15:15:18.349000,12150,12151,12150,1
2020-07-08,15:15:18.350000,12150,12151,12150,3
2020-07-08,15:15:19.527000,12149,12150,12150,1
2020-07-08,15:15:25.558000,12149,12150,12150,2
2020-07-08,15:15:29.824000,12150,12151,12150,2
2020-07-08,15:15:31.860000,12149,12150,12149,1
2020-07-08,15:15:41.307000,12149,12150,12150,2
2020-07-08,15:15:42.994000,12150,12151,12150,1
2020-07-08,15:15:43.847000,12150,12151,12150,1
2020-07-08,15:15:44.685000,12150,12151,12150,1
2020-07-08,15:15:45.623000,12150,12151,12151,6
2020-07-08,15:15:45.623000,12150,12151,12151,12
2020-07-08,15:15:45.623000,12150,12151,12151,4
2020-07-08,15:15:45.623000,12150,12151,12151,3
2020-07-08,15:15:45.623000,12150,12151,12151,2
2020-07-08,15:15:45.624000,12150,12151,12151,3
2020-07-08,15:15:45.809000,12151,12152,12152,1
2020-07-08,15:15:47.442000,12150,12152,12151,1
2020-07-08,15:15:47.877000,12150,12152,12150,1
2020-07-08,15:15:48.235000,12150,12152,12150,3
2020-07-08,15:15:48.595000,12150,12152,12152,1
2020-07-08,15:15:51.576000,12151,12152,12151,1
2020-07-08,15:15:56.061000,12150,12152,12152,1
2020-07-08,15:15:56.684000,12151,12152,12152,4
2020-07-08,15:15:56.767000,12151,12152,12152,2
2020-07-08,15:15:57.508000,12152,12153,12152,1
2020-07-08,15:15:57.508000,12152,12153,12151,1
2020-07-08,15:16:00.727000,12152,12153,12152,4
2020-07-08,15:16:00.773000,12151,12152,12152,1
2020-07-08,15:16:02.229000,12151,12152,12152,3
2020-07-08,15:16:04.653000,12151,12152,12152,2
2020-07-08,15:16:06.886000,12151,12152,12152,1
2020-07-08,15:16:06.978000,12151,12152,12151,1
2020-07-08,15:16:06.979000,12151,12152,12151,1
2020-07-08,15:16:07.087000,12150,12151,12151,3
2020-07-08,15:16:08.116000,12150,12151,12151,1
2020-07-08,15:16:14.941000,12150,12151,12150,9
2020-07-08,15:16:15.056000,12149,12150,12149,2
2020-07-08,15:16:16.092000,12149,12150,12149,2
2020-07-08,15:16:16.258000,12149,12150,12149,1
2020-07-08,15:16:16.417000,12148,12150,12150,1
2020-07-08,15:16:20.380000,12149,12150,12150,1
2020-07-08,15:16:20.467000,12149,12150,12150,2
2020-07-08,15:16:30.298000,12149,12150,12150,1
2020-07-08,15:16:30.300000,12149,12150,12150,1
2020-07-08,15:16:32.293000,12149,12150,12149,2
2020-07-08,15:16:34.876000,12149,12150,12149,1
2020-07-08,15:16:34.987000,12149,12150,12150,1
2020-07-08,15:16:35.752000,12149,12150,12149,2
2020-07-08,15:16:38.009000,12149,12150,12149,1
2020-07-08,15:16:38.232000,12149,12150,12149,1
2020-07-08,15:16:39.542000,12149,12150,12149,2
2020-07-08,15:16:40.874000,12148,12149,12149,1
2020-07-08,15:16:41.683000,12148,12149,12149,1
2020-07-08,15:16:41.729000,12148,12149,12148,1
2020-07-08,15:16:41.824000,12148,12149,12148,1
2020-07-08,15:16:43.599000,12148,12149,12149,2
2020-07-08,15:16:51.002000,12148,12149,12148,1
2020-07-08,15:16:51.839000,12148,12149,12148,13
2020-07-08,15:16:53.168000,12147,12148,12148,1
2020-07-08,15:16:55.993000,12147,12148,12147,15
2020-07-08,15:16:55.994000,12147,12148,12147,1
2020-07-08,15:16:57.766000,12146,12147,12147,1
2020-07-08,15:16:58.823000,12146,12147,12147,1
2020-07-08,15:17:00.352000,12146,12147,12146,9
2020-07-08,15:17:00.950000,12145,12146,12145,1
2020-07-08,15:17:01.176000,12145,12146,12145,1
2020-07-08,15:17:02.834000,12145,12146,12145,1
2020-07-08,15:17:04.009000,12145,12146,12145,1
2020-07-08,15:17:04.186000,12145,12146,12145,1
2020-07-08,15:17:06.062000,12145,12146,12145,1
2020-07-08,15:17:06.062000,12145,12146,12145,1
2020-07-08,15:17:06.063000,12145,12146,12145,10
2020-07-08,15:17:06.063000,12145,12146,12145,2
2020-07-08,15:17:07.710000,12144,12145,12145,1
2020-07-08,15:17:10.521000,12144,12145,12145,1
2020-07-08,15:17:10.521000,12144,12145,12145,2
2020-07-08,15:17:10.522000,12144,12145,12145,3
2020-07-08,15:17:11.329000,12145,12146,12145,1
2020-07-08,15:17:14.220000,12145,12146,12145,1
2020-07-08,15:17:14.220000,12145,12146,12145,1
2020-07-08,15:17:14.221000,12145,12146,12145,1
2020-07-08,15:17:14.838000,12144,12145,12144,1
2020-07-08,15:17:15.544000,12144,12145,12145,1
2020-07-08,15:17:16.311000,12144,12145,12145,1
2020-07-08,15:17:19.875000,12144,12145,12144,1
2020-07-08,15:17:21.148000,12144,12145,12144,1
2020-07-08,15:17:21.318000,12144,12145,12144,1
2020-07-08,15:17:21.465000,12144,12145,12144,2
2020-07-08,15:17:21.774000,12144,12145,12144,1
2020-07-08,15:17:23.325000,12144,12145,12145,1
2020-07-08,15:17:23.325000,12144,12145,12145,5
2020-07-08,15:17:23.325000,12144,12145,12145,6
2020-07-08,15:17:23.326000,12144,12145,12145,2
2020-07-08,15:17:24.612000,12145,12146,12145,8
2020-07-08,15:17:27.201000,12145,12146,12146,1
2020-07-08,15:17:27.639000,12145,12146,12145,1
2020-07-08,15:17:29.385000,12144,12145,12145,1
2020-07-08,15:17:29.442000,12144,12145,12145,1
2020-07-08,15:17:31.692000,12145,12146,12145,5
2020-07-08,15:17:33.255000,12145,12146,12145,1
2020-07-08,15:17:33.265000,12145,12146,12145,1
2020-07-08,15:17:36.976000,12145,12146,12145,2
2020-07-08,15:17:40.924000,12145,12146,12145,4
2020-07-08,15:17:41.455000,12144,12146,12146,1
2020-07-08,15:17:41.501000,12145,12146,12145,1
2020-07-08,15:17:41.501000,12145,12146,12144,28
2020-07-08,15:17:43.537000,12143,12144,12143,4
2020-07-08,15:17:43.537000,12143,12144,12143,5
2020-07-08,15:17:43.538000,12143,12144,12143,2
2020-07-08,15:17:44.582000,12142,12144,12144,1
2020-07-08,15:17:46.999000,12142,12143,12143,1
2020-07-08,15:17:48.338000,12143,12144,12143,4
2020-07-08,15:17:50.829000,12143,12144,12143,2
2020-07-08,15:17:50.829000,12143,12144,12142,8
2020-07-08,15:17:52.916000,12142,12144,12143,1
2020-07-08,15:17:55.556000,12142,12143,12143,2
2020-07-08,15:17:56.371000,12142,12143,12143,1
2020-07-08,15:17:58.509000,12142,12143,12143,1
2020-07-08,15:17:59.034000,12142,12143,12142,14
2020-07-08,15:18:02.920000,12142,12143,12143,13
2020-07-08,15:18:03.287000,12143,12144,12143,1
2020-07-08,15:18:04.934000,12143,12144,12144,1
2020-07-08,15:18:06.172000,12143,12144,12144,3
2020-07-08,15:18:06.887000,12144,12145,12144,1
2020-07-08,15:18:07.312000,12144,12145,12145,2
2020-07-08,15:18:07.402000,12145,12146,12145,1
2020-07-08,15:18:07.946000,12145,12146,12146,1
2020-07-08,15:18:08.698000,12145,12146,12146,1
2020-07-08,15:18:12.247000,12145,12146,12145,17
2020-07-08,15:18:15.147000,12144,12145,12145,5
2020-07-08,15:18:18.016000,12144,12145,12144,4
2020-07-08,15:18:18.164000,12143,12144,12144,3
2020-07-08,15:18:18.665000,12143,12144,12144,1
2020-07-08,15:18:21.629000,12143,12144,12144,1
2020-07-08,15:18:24.311000,12143,12144,12144,3
2020-07-08,15:18:29.738000,12144,12145,12145,1
2020-07-08,15:18:30.091000,12145,12146,12145,1
2020-07-08,15:18:32.230000,12144,12145,12145,5
2020-07-08,15:18:32.720000,12145,12146,12145,15
2020-07-08,15:18:32.720000,12145,12146,12144,12
2020-07-08,15:18:33.651000,12145,12146,12145,1
2020-07-08,15:18:33.652000,12145,12146,12145,3
2020-07-08,15:18:33.652000,12145,12146,12145,3
2020-07-08,15:18:35.426000,12144,12145,12145,1
2020-07-08,15:18:37.799000,12144,12145,12145,2
2020-07-08,15:18:39.996000,12145,12146,12145,4
2020-07-08,15:18:42.079000,12144,12145,12144,1
2020-07-08,15:18:42.623000,12144,12145,12145,1
2020-07-08,15:18:45.160000,12144,12145,12144,1
2020-07-08,15:18:48.723000,12144,12145,12144,1
2020-07-08,15:18:51.418000,12144,12145,12145,2
2020-07-08,15:18:52.242000,12144,12145,12145,4
2020-07-08,15:18:52.243000,12144,12145,12145,2
2020-07-08,15:18:52.668000,12144,12146,12146,1
2020-07-08,15:18:54.868000,12145,12146,12146,14
2020-07-08,15:18:54.962000,12145,12146,12146,12
2020-07-08,15:18:54.962000,12145,12146,12145,16
2020-07-08,15:18:54.962000,12145,12146,12144,15
2020-07-08,15:18:56.315000,12145,12146,12146,2
2020-07-08,15:19:02.175000,12145,12146,12146,3
2020-07-08,15:19:02.410000,12145,12146,12146,3
2020-07-08,15:19:02.919000,12145,12146,12145,13
2020-07-08,15:19:02.920000,12145,12146,12145,1
2020-07-08,15:19:06.067000,12145,12146,12146,2
2020-07-08,15:19:08.142000,12146,12147,12146,8
2020-07-08,15:19:08.702000,12146,12147,12147,1
2020-07-08,15:19:08.829000,12146,12147,12147,8
2020-07-08,15:19:11.090000,12147,12148,12147,2
2020-07-08,15:19:11.416000,12147,12148,12147,1
2020-07-08,15:19:12.391000,12147,12148,12147,1
2020-07-08,15:19:16.098000,12147,12148,12147,1
2020-07-08,15:19:23.883000,12147,12148,12147,4
2020-07-08,15:19:23.883000,12147,12148,12147,5
2020-07-08,15:19:24.215000,12146,12147,12146,2
2020-07-08,15:19:24.951000,12146,12147,12147,15
2020-07-08,15:19:25.220000,12146,12147,12146,2
2020-07-08,15:19:25.966000,12146,12147,12146,2
2020-07-08,15:19:26.452000,12145,12147,12147,1
2020-07-08,15:19:27.140000,12145,12147,12147,5
2020-07-08,15:19:29.091000,12146,12147,12146,2
2020-07-08,15:19:30.842000,12145,12147,12146,2
2020-07-08,15:19:37.683000,12145,12147,12147,1
2020-07-08,15:19:38.062000,12146,12147,12147,2
2020-07-08,15:19:38.265000,12146,12147,12147,4
2020-07-08,15:19:39.036000,12146,12148,12148,15
2020-07-08,15:19:39.037000,12146,12148,12148,2
2020-07-08,15:19:39.038000,12146,12148,12149,6
2020-07-08,15:19:39.041000,12146,12148,12149,2
2020-07-08,15:19:39.041000,12146,12148,12149,1
2020-07-08,15:19:39.042000,12146,12148,12149,1
2020-07-08,15:19:39.076000,12146,12148,12150,1
2020-07-08,15:19:39.076000,12146,12148,12150,1
2020-07-08,15:19:39.076000,12146,12148,12150,1
2020-07-08,15:19:39.076000,12146,12148,12150,2
2020-07-08,15:19:39.077000,12146,12148,12150,1
2020-07-08,15:19:39.077000,12146,12148,12150,1
2020-07-08,15:19:39.077000,12146,12148,12150,6
2020-07-08,15:19:39.077000,12146,12148,12150,16
2020-07-08,15:19:39.178000,12150,12151,12151,9
2020-07-08,15:19:41.144000,12150,12151,12150,5
2020-07-08,15:19:42.639000,12150,12151,12150,1
2020-07-08,15:19:45.619000,12149,12150,12150,1
2020-07-08,15:19:45.848000,12149,12150,12149,1
2020-07-08,15:19:46.419000,12149,12150,12150,1
2020-07-08,15:19:49.474000,12149,12150,12150,2
2020-07-08,15:19:51.165000,12149,12150,12149,4
2020-07-08,15:19:51.165000,12149,12150,12149,7
2020-07-08,15:19:52.170000,12147,12149,12149,1
2020-07-08,15:19:55.172000,12147,12148,12148,2
2020-07-08,15:19:57.601000,12147,12149,12149,1
2020-07-08,15:20:02.370000,12147,12148,12148,2
2020-07-08,15:20:03.240000,12147,12148,12147,1
2020-07-08,15:20:03.589000,12147,12148,12148,2
2020-07-08,15:20:03.601000,12147,12148,12148,1
2020-07-08,15:20:07.087000,12147,12148,12147,2
2020-07-08,15:20:07.087000,12147,12148,12147,5
2020-07-08,15:20:07.088000,12147,12148,12147,3
2020-07-08,15:20:13.342000,12146,12147,12146,2
2020-07-08,15:20:14.170000,12146,12147,12146,1
2020-07-08,15:20:16.327000,12146,12147,12146,1
2020-07-08,15:20:19.034000,12145,12147,12145,2
2020-07-08,15:20:19.050000,12145,12147,12145,1
2020-07-08,15:20:19.065000,12145,12147,12145,3
2020-07-08,15:20:19.307000,12145,12146,12146,1
2020-07-08,15:20:20.773000,12145,12146,12146,1
2020-07-08,15:20:23.587000,12145,12147,12146,1
2020-07-08,15:20:23.617000,12146,12147,12146,1
2020-07-08,15:20:23.617000,12146,12147,12145,1
2020-07-08,15:20:24.441000,12146,12147,12147,1
2020-07-08,15:20:26.734000,12146,12147,12146,1
2020-07-08,15:20:27.187000,12146,12147,12146,4
2020-07-08,15:20:28.267000,12145,12146,12146,1
2020-07-08,15:20:31.716000,12145,12146,12146,1
2020-07-08,15:20:33.637000,12145,12147,12147,1
2020-07-08,15:20:34.558000,12145,12147,12146,1
2020-07-08,15:20:37.509000,12146,12147,12146,1
2020-07-08,15:20:40.815000,12145,12147,12145,1
2020-07-08,15:20:41.541000,12145,12147,12147,1
2020-07-08,15:20:42.493000,12145,12147,12145,1
2020-07-08,15:20:45.585000,12145,12146,12145,4
2020-07-08,15:20:45.585000,12145,12146,12145,4
2020-07-08,15:20:45.585000,12145,12146,12145,2
2020-07-08,15:20:45.585000,12145,12146,12145,20
2020-07-08,15:20:45.586000,12145,12146,12145,1
2020-07-08,15:20:45.678000,12144,12145,12144,6
2020-07-08,15:20:45.817000,12143,12144,12143,7
2020-07-08,15:20:48.323000,12143,12144,12144,1
2020-07-08,15:20:51.683000,12143,12145,12145,2
2020-07-08,15:21:01.481000,12143,12144,12144,2
2020-07-08,15:21:02.224000,12144,12145,12145,1
2020-07-08,15:21:03.491000,12144,12145,12145,5
2020-07-08,15:21:04.532000,12145,12146,12146,2
2020-07-08,15:21:07.400000,12146,12147,12146,4
2020-07-08,15:21:10.341000,12146,12147,12146,1
2020-07-08,15:21:10.607000,12145,12146,12146,1
2020-07-08,15:21:11.259000,12145,12147,12147,1
2020-07-08,15:21:14.755000,12146,12147,12146,1
2020-07-08,15:21:16.351000,12146,12147,12146,1
2020-07-08,15:21:16.582000,12146,12147,12147,4
2020-07-08,15:21:17.006000,12147,12148,12148,1
2020-07-08,15:21:17.128000,12147,12148,12148,1
2020-07-08,15:21:19.562000,12146,12147,12146,1
2020-07-08,15:21:19.613000,12146,12147,12147,2
2020-07-08,15:21:21.087000,12147,12148,12147,1
2020-07-08,15:21:23.195000,12147,12148,12148,1
2020-07-08,15:21:23.466000,12147,12148,12147,2
2020-07-08,15:21:24.345000,12146,12148,12146,1
2020-07-08,15:21:29.097000,12146,12147,12146,4
2020-07-08,15:21:29.097000,12146,12147,12146,3
2020-07-08,15:21:29.097000,12146,12147,12146,3
2020-07-08,15:21:31.424000,12145,12146,12146,1
2020-07-08,15:21:35.634000,12145,12146,12146,1
2020-07-08,15:21:36.189000,12145,12146,12146,1
2020-07-08,15:21:40.146000,12145,12146,12145,2
2020-07-08,15:21:40.171000,12145,12146,12145,2
2020-07-08,15:21:41.001000,12145,12146,12146,1
2020-07-08,15:21:46.180000,12145,12146,12146,1
2020-07-08,15:21:46.790000,12145,12146,12146,1
2020-07-08,15:21:54.100000,12146,12147,12146,1
2020-07-08,15:21:55.850000,12146,12147,12146,1
2020-07-08,15:21:59.480000,12145,12146,12146,1
2020-07-08,15:22:05.284000,12145,12146,12146,2
2020-07-08,15:22:05.807000,12145,12146,12145,1
2020-07-08,15:22:07.104000,12145,12146,12145,1
2020-07-08,15:22:08.188000,12145,12146,12145,1
2020-07-08,15:22:09.569000,12145,12146,12146,1
2020-07-08,15:22:09.569000,12145,12146,12146,4
2020-07-08,15:22:09.569000,12145,12146,12146,2
2020-07-08,15:22:13.215000,12145,12146,12145,1
2020-07-08,15:22:20.892000,12145,12146,12145,2
2020-07-08,15:22:25.101000,12144,12145,12145,1
2020-07-08,15:22:29.395000,12144,12145,12145,1
2020-07-08,15:22:34.918000,12144,12145,12144,11
2020-07-08,15:22:36.841000,12143,12144,12143,2
2020-07-08,15:22:38.837000,12143,12144,12144,2
2020-07-08,15:22:39.088000,12143,12144,12143,1
2020-07-08,15:22:47.748000,12143,12144,12144,1
2020-07-08,15:22:57.938000,12143,12144,12143,1
2020-07-08,15:23:01.517000,12143,12144,12143,5
2020-07-08,15:23:01.518000,12143,12144,12143,1
2020-07-08,15:23:01.817000,12142,12143,12143,1
2020-07-08,15:23:01.854000,12142,12143,12143,2
2020-07-08,15:23:01.868000,12142,12143,12143,1
2020-07-08,15:23:01.926000,12142,12143,12143,1
2020-07-08,15:23:02.277000,12142,12143,12143,2
2020-07-08,15:23:04.443000,12142,12143,12143,1
2020-07-08,15:23:10.933000,12142,12143,12143,1
2020-07-08,15:23:18.885000,12142,12143,12142,15
2020-07-08,15:23:18.885000,12142,12143,12142,4
2020-07-08,15:23:18.886000,12142,12143,12141,23
2020-07-08,15:23:18.887000,12142,12143,12141,1
2020-07-08,15:23:18.887000,12142,12143,12141,1
2020-07-08,15:23:18.887000,12142,12143,12141,3
2020-07-08,15:23:18.888000,12142,12143,12141,2
2020-07-08,15:23:18.918000,12142,12143,12140,1
2020-07-08,15:23:18.919000,12142,12143,12140,1
2020-07-08,15:23:18.924000,12142,12143,12140,1
2020-07-08,15:23:18.924000,12142,12143,12140,1
2020-07-08,15:23:18.924000,12142,12143,12140,1
2020-07-08,15:23:18.924000,12142,12143,12140,1
2020-07-08,15:23:18.924000,12142,12143,12140,22
2020-07-08,15:23:18.925000,12142,12143,12140,18
2020-07-08,15:23:18.925000,12142,12143,12140,4
2020-07-08,15:23:18.925000,12142,12143,12140,1
2020-07-08,15:23:18.925000,12142,12143,12140,1
2020-07-08,15:23:18.937000,12142,12143,12139,1
2020-07-08,15:23:18.998000,12139,12140,12139,2
2020-07-08,15:23:19.048000,12139,12140,12139,2
2020-07-08,15:23:19.088000,12139,12140,12139,2
2020-07-08,15:23:19.165000,12139,12140,12139,2
2020-07-08,15:23:19.184000,12139,12140,12139,1
2020-07-08,15:23:19.269000,12139,12140,12140,4
2020-07-08,15:23:19.636000,12139,12140,12140,1
2020-07-08,15:23:20.568000,12138,12139,12139,1
2020-07-08,15:23:20.919000,12138,12139,12138,1
2020-07-08,15:23:23.716000,12138,12139,12138,1
2020-07-08,15:23:24.324000,12138,12139,12139,4
2020-07-08,15:23:24.324000,12138,12139,12139,4
2020-07-08,15:23:24.744000,12139,12140,12139,2
2020-07-08,15:23:24.807000,12139,12140,12139,1
2020-07-08,15:23:25.577000,12139,12140,12139,3
2020-07-08,15:23:26.143000,12139,12140,12139,1
2020-07-08,15:23:27.876000,12138,12139,12139,1
2020-07-08,15:23:27.877000,12138,12139,12139,1
2020-07-08,15:23:29.067000,12139,12140,12139,1
2020-07-08,15:23:31.388000,12138,12140,12138,1
2020-07-08,15:23:33.414000,12138,12139,12139,1
2020-07-08,15:23:33.482000,12138,12139,12139,1
2020-07-08,15:23:33.955000,12138,12139,12138,1
2020-07-08,15:23:34.039000,12138,12139,12139,2
2020-07-08,15:23:35.511000,12139,12140,12140,5
2020-07-08,15:23:38.464000,12140,12141,12140,1
2020-07-08,15:23:38.722000,12139,12140,12139,1
2020-07-08,15:23:41.922000,12140,12141,12140,2
2020-07-08,15:23:46.189000,12139,12140,12140,1
2020-07-08,15:23:47.363000,12139,12140,12140,1
2020-07-08,15:23:49.994000,12140,12141,12141,2
2020-07-08,15:23:49.995000,12140,12141,12141,1
2020-07-08,15:23:50.484000,12140,12141,12140,1
2020-07-08,15:23:53.734000,12140,12141,12140,1
2020-07-08,15:23:54.517000,12140,12141,12140,1
2020-07-08,15:23:55.265000,12140,12141,12141,1
2020-07-08,15:23:57.693000,12140,12141,12140,1
2020-07-08,15:23:59.880000,12140,12141,12140,1
2020-07-08,15:24:00.147000,12140,12141,12141,3
2020-07-08,15:24:08.538000,12141,12142,12141,1
2020-07-08,15:24:12.111000,12140,12141,12141,1
2020-07-08,15:24:14.509000,12140,12141,12141,1
2020-07-08,15:24:16.308000,12141,12142,12141,1
2020-07-08,15:24:16.607000,12140,12141,12141,1
2020-07-08,15:24:16.607000,12140,12141,12141,1
2020-07-08,15:24:21.950000,12141,12142,12142,11
2020-07-08,15:24:25.845000,12141,12143,12141,11
2020-07-08,15:24:32.373000,12141,12142,12141,1
2020-07-08,15:24:32.373000,12141,12142,12141,1
2020-07-08,15:24:35.033000,12140,12141,12141,1
2020-07-08,15:24:36.019000,12140,12141,12141,1
2020-07-08,15:24:39.295000,12140,12141,12141,1
2020-07-08,15:24:47.313000,12140,12141,12141,1
2020-07-08,15:24:49.588000,12141,12142,12141,1
2020-07-08,15:24:54.539000,12141,12142,12141,1
2020-07-08,15:25:03.940000,12141,12142,12142,1
2020-07-08,15:25:03.940000,12141,12142,12143,2
2020-07-08,15:25:09.599000,12141,12142,12141,5
2020-07-08,15:25:11.557000,12141,12142,12141,1
2020-07-08,15:25:14.612000,12141,12142,12141,4
2020-07-08,15:25:15.063000,12140,12141,12141,1
2020-07-08,15:25:32.369000,12141,12142,12141,1
2020-07-08,15:25:43.783000,12141,12142,12141,5
2020-07-08,15:25:47.206000,12141,12142,12141,1
2020-07-08,15:25:50.484000,12141,12142,12142,1
2020-07-08,15:25:50.703000,12141,12142,12142,1
2020-07-08,15:25:51.481000,12141,12142,12142,1
2020-07-08,15:25:51.870000,12141,12142,12142,2
2020-07-08,15:25:56.404000,12141,12142,12142,1
2020-07-08,15:25:57.441000,12142,12143,12143,1
2020-07-08,15:25:59.434000,12142,12143,12142,1
2020-07-08,15:25:59.521000,12142,12143,12143,1
2020-07-08,15:26:00.698000,12141,12142,12142,1
2020-07-08,15:26:08.834000,12142,12143,12143,1
2020-07-08,15:26:08.834000,12142,12143,12143,5
2020-07-08,15:26:20.467000,12142,12143,12142,2
2020-07-08,15:26:22.596000,12141,12142,12142,2
2020-07-08,15:26:28.032000,12141,12142,12142,3
2020-07-08,15:26:31.286000,12141,12142,12141,2
2020-07-08,15:26:31.286000,12141,12142,12141,2
2020-07-08,15:26:31.287000,12141,12142,12141,7
2020-07-08,15:26:31.749000,12140,12141,12141,1
2020-07-08,15:26:44.425000,12141,12142,12141,1
2020-07-08,15:26:54.300000,12141,12142,12141,1
2020-07-08,15:26:57.179000,12141,12142,12141,1
2020-07-08,15:26:58.997000,12141,12142,12141,1
2020-07-08,15:27:02.283000,12141,12142,12141,1
2020-07-08,15:27:04.933000,12141,12142,12142,4
2020-07-08,15:27:04.934000,12141,12142,12142,2
2020-07-08,15:27:17.715000,12141,12142,12141,1
2020-07-08,15:27:18.714000,12141,12142,12141,1
2020-07-08,15:27:23.960000,12141,12142,12141,1
2020-07-08,15:27:24.215000,12141,12142,12141,1
2020-07-08,15:27:28.345000,12141,12142,12141,2
2020-07-08,15:27:33.345000,12141,12142,12141,1
2020-07-08,15:27:38.395000,12140,12141,12140,1
2020-07-08,15:27:47.358000,12140,12141,12140,4
2020-07-08,15:27:47.358000,12140,12141,12140,10
2020-07-08,15:27:47.359000,12140,12141,12140,15
2020-07-08,15:27:48.882000,12139,12140,12139,5
2020-07-08,15:27:50.599000,12138,12139,12139,1
2020-07-08,15:27:50.599000,12138,12139,12139,1
2020-07-08,15:27:50.787000,12139,12140,12139,1
2020-07-08,15:27:53.063000,12139,12140,12139,1
2020-07-08,15:27:54.605000,12139,12140,12139,1
2020-07-08,15:27:55.378000,12139,12140,12139,1
2020-07-08,15:27:55.930000,12138,12140,12138,1
2020-07-08,15:28:03.300000,12138,12139,12139,1
2020-07-08,15:28:04.628000,12138,12139,12139,1
2020-07-08,15:28:04.628000,12138,12139,12139,1
2020-07-08,15:28:05.543000,12138,12139,12138,14
2020-07-08,15:28:08.495000,12138,12139,12138,1
2020-07-08,15:28:14.551000,12138,12139,12138,1
2020-07-08,15:28:16.194000,12138,12139,12138,1
2020-07-08,15:28:17.761000,12138,12139,12138,2
2020-07-08,15:28:21.047000,12138,12139,12138,1
2020-07-08,15:28:22.925000,12138,12139,12139,1
2020-07-08,15:28:23.235000,12138,12139,12139,1
2020-07-08,15:28:24.424000,12138,12140,12139,1
2020-07-08,15:28:28.162000,12139,12140,12139,1
2020-07-08,15:28:42.146000,12139,12140,12139,2
2020-07-08,15:28:47.207000,12139,12140,12139,1
2020-07-08,15:28:48.134000,12139,12140,12139,10
2020-07-08,15:28:57.358000,12139,12140,12140,5
2020-07-08,15:28:57.359000,12139,12140,12140,2
2020-07-08,15:28:57.475000,12139,12140,12141,4
2020-07-08,15:28:57.526000,12141,12142,12141,7
2020-07-08,15:28:57.526000,12141,12142,12140,13
2020-07-08,15:28:59.281000,12141,12142,12142,5
2020-07-08,15:29:11.122000,12142,12143,12143,1
2020-07-08,15:29:14.230000,12142,12143,12143,3
2020-07-08,15:29:14.231000,12142,12143,12143,2
2020-07-08,15:29:15.461000,12143,12144,12143,1
2020-07-08,15:29:19.973000,12143,12144,12144,13
2020-07-08,15:29:20.917000,12144,12145,12144,1
2020-07-08,15:29:23.942000,12144,12145,12145,1
2020-07-08,15:29:24.097000,12144,12145,12145,1
2020-07-08,15:29:24.213000,12144,12145,12145,1
2020-07-08,15:29:25.280000,12144,12145,12144,1
2020-07-08,15:29:25.280000,12144,12145,12144,1
2020-07-08,15:29:25.582000,12143,12144,12144,1
2020-07-08,15:29:26.736000,12143,12144,12144,1
2020-07-08,15:29:26.737000,12143,12144,12144,1
2020-07-08,15:29:31.781000,12144,12145,12145,8
2020-07-08,15:29:31.892000,12145,12146,12146,24
2020-07-08,15:29:32.262000,12146,12147,12146,1
2020-07-08,15:29:34.018000,12146,12147,12146,1
2020-07-08,15:29:36.354000,12146,12147,12146,1
2020-07-08,15:29:36.520000,12146,12147,12146,1
2020-07-08,15:29:37.232000,12145,12147,12147,4
2020-07-08,15:29:37.396000,12146,12147,12146,1
2020-07-08,15:29:39.311000,12146,12147,12146,1
2020-07-08,15:29:39.477000,12146,12147,12147,2
2020-07-08,15:29:42.272000,12146,12147,12146,1
2020-07-08,15:29:42.272000,12146,12147,12146,1
2020-07-08,15:29:42.272000,12146,12147,12146,1
2020-07-08,15:29:42.272000,12146,12147,12146,1
2020-07-08,15:29:42.565000,12145,12146,12146,1
2020-07-08,15:29:43.317000,12145,12146,12145,1
2020-07-08,15:29:46.350000,12145,12146,12146,1
2020-07-08,15:29:48.173000,12145,12146,12146,1
2020-07-08,15:29:48.173000,12145,12146,12147,1
2020-07-08,15:29:50.704000,12145,12147,12145,2
2020-07-08,15:29:50.907000,12145,12146,12145,1
2020-07-08,15:29:52.378000,12145,12146,12146,1
2020-07-08,15:29:53.861000,12145,12146,12145,3
2020-07-08,15:29:53.861000,12145,12146,12145,9
2020-07-08,15:30:00.433000,12144,12145,12145,2
2020-07-08,15:30:01.113000,12145,12146,12146,1
2020-07-08,15:30:01.113000,12145,12146,12146,1
2020-07-08,15:30:01.113000,12145,12146,12146,1
2020-07-08,15:30:01.114000,12145,12146,12146,1
2020-07-08,15:30:01.114000,12145,12146,12146,1
2020-07-08,15:30:01.478000,12145,12146,12146,2
2020-07-08,15:30:01.581000,12145,12146,12146,2
2020-07-08,15:30:02.101000,12145,12146,12146,1
2020-07-08,15:30:02.362000,12145,12146,12146,1
2020-07-08,15:30:02.465000,12145,12146,12145,1
2020-07-08,15:30:02.542000,12144,12145,12145,1
2020-07-08,15:30:02.542000,12144,12145,12146,7
2020-07-08,15:30:03.018000,12145,12146,12146,1
2020-07-08,15:30:05.412000,12145,12146,12145,1
2020-07-08,15:30:05.412000,12145,12146,12145,1
2020-07-08,15:30:05.563000,12144,12145,12145,1
2020-07-08,15:30:06.975000,12144,12146,12145,1
2020-07-08,15:30:09.689000,12144,12145,12145,1
2020-07-08,15:30:15.214000,12144,12145,12144,3
2020-07-08,15:30:15.214000,12144,12145,12144,1
2020-07-08,15:30:15.633000,12143,12145,12145,2
2020-07-08,15:30:20.836000,12144,12145,12145,3
2020-07-08,15:30:20.837000,12144,12145,12145,3
2020-07-08,15:30:25.398000,12144,12145,12144,2
2020-07-08,15:30:30.957000,12143,12144,12144,2
2020-07-08,15:30:33.452000,12142,12144,12144,3
2020-07-08,15:31:00.173000,12143,12144,12144,1
2020-07-08,15:31:01.394000,12143,12144,12143,2
2020-07-08,15:31:03.784000,12142,12144,12143,1
2020-07-08,15:31:05.218000,12143,12144,12143,1
2020-07-08,15:31:07.768000,12142,12143,12143,1
2020-07-08,15:31:09.850000,12143,12144,12144,1
2020-07-08,15:31:12.511000,12143,12144,12144,1
2020-07-08,15:31:12.511000,12143,12144,12144,1
2020-07-08,15:31:13.377000,12144,12145,12144,1
2020-07-08,15:31:20.372000,12144,12145,12144,1
2020-07-08,15:31:20.709000,12144,12145,12144,5
2020-07-08,15:31:34.438000,12144,12145,12144,1
2020-07-08,15:31:36.530000,12143,12144,12144,1
2020-07-08,15:31:37.951000,12143,12144,12144,1
2020-07-08,15:31:43.232000,12143,12144,12144,1
2020-07-08,15:31:45.891000,12143,12144,12144,1
2020-07-08,15:31:51.229000,12143,12144,12143,5
2020-07-08,15:32:00.277000,12142,12143,12142,6
2020-07-08,15:32:04.486000,12142,12143,12143,2
2020-07-08,15:32:04.749000,12143,12144,12143,1
2020-07-08,15:32:10.422000,12143,12144,12143,1
2020-07-08,15:32:12.112000,12143,12144,12143,2
2020-07-08,15:32:20.893000,12143,12144,12144,1
2020-07-08,15:32:27.370000,12144,12145,12145,2
2020-07-08,15:32:27.370000,12144,12145,12145,3
2020-07-08,15:32:32.727000,12144,12145,12145,1
2020-07-08,15:32:47.329000,12144,12145,12144,1
2020-07-08,15:32:54.708000,12145,12146,12145,2
2020-07-08,15:33:06.772000,12144,12145,12145,1
2020-07-08,15:33:07.749000,12144,12145,12144,1
2020-07-08,15:33:10.039000,12143,12144,12144,1
2020-07-08,15:33:10.393000,12144,12145,12143,1
2020-07-08,15:33:10.602000,12143,12145,12145,1
2020-07-08,15:33:12.497000,12144,12145,12144,1
2020-07-08,15:33:12.498000,12144,12145,12144,1
2020-07-08,15:33:15.915000,12143,12144,12144,1
2020-07-08,15:33:20.851000,12144,12145,12144,1
2020-07-08,15:33:24.237000,12144,12145,12145,1
2020-07-08,15:33:29.886000,12144,12145,12145,3
2020-07-08,15:33:33.468000,12145,12146,12146,3
2020-07-08,15:33:33.468000,12145,12146,12146,14
2020-07-08,15:33:44.723000,12146,12147,12146,1
2020-07-08,15:33:56.314000,12146,12147,12146,4
2020-07-08,15:34:02.229000,12146,12147,12147,2
2020-07-08,15:34:05.325000,12146,12147,12146,2
2020-07-08,15:34:07.106000,12145,12146,12145,5
2020-07-08,15:34:10.117000,12144,12145,12145,1
2020-07-08,15:34:16.374000,12144,12145,12144,3
2020-07-08,15:34:16.395000,12144,12145,12144,1
2020-07-08,15:34:16.485000,12143,12145,12143,1
2020-07-08,15:34:16.657000,12143,12145,12143,1
2020-07-08,15:34:29.263000,12143,12144,12143,5
2020-07-08,15:34:32.873000,12143,12144,12143,3
2020-07-08,15:34:37.285000,12143,12144,12144,1
2020-07-08,15:34:39.711000,12144,12145,12144,1
2020-07-08,15:34:48.373000,12144,12145,12145,1
2020-07-08,15:34:48.373000,12144,12145,12145,2
2020-07-08,15:34:50.477000,12145,12146,12145,1
2020-07-08,15:34:51.099000,12145,12146,12145,1
2020-07-08,15:34:52.260000,12145,12146,12145,1
2020-07-08,15:34:56.601000,12145,12146,12145,2
2020-07-08,15:35:00.307000,12145,12146,12145,6
2020-07-08,15:35:00.717000,12143,12144,12144,1
2020-07-08,15:35:01.352000,12144,12145,12145,3
2020-07-08,15:35:08.821000,12144,12145,12144,2
2020-07-08,15:35:17.656000,12143,12144,12143,1
2020-07-08,15:35:21.295000,12142,12143,12142,2
2020-07-08,15:35:21.295000,12142,12143,12142,2
2020-07-08,15:35:21.295000,12142,12143,12142,2
2020-07-08,15:35:21.295000,12142,12143,12142,2
2020-07-08,15:35:21.478000,12141,12142,12142,1
2020-07-08,15:35:25.158000,12141,12142,12141,3
2020-07-08,15:35:25.349000,12141,12142,12141,1
2020-07-08,15:35:25.357000,12141,12142,12141,2
2020-07-08,15:35:25.399000,12141,12142,12141,1
2020-07-08,15:35:25.439000,12141,12142,12140,1
2020-07-08,15:35:34.292000,12141,12142,12141,2
2020-07-08,15:35:35.554000,12141,12142,12142,1
2020-07-08,15:35:35.961000,12142,12143,12142,1
2020-07-08,15:35:42.369000,12142,12143,12143,1
2020-07-08,15:35:48.621000,12141,12143,12143,2
2020-07-08,15:35:49.514000,12142,12143,12143,1
2020-07-08,15:35:51.638000,12142,12143,12143,1
2020-07-08,15:35:54.036000,12142,12143,12143,1
2020-07-08,15:35:55.679000,12143,12144,12143,1
2020-07-08,15:35:59.755000,12143,12144,12143,1
2020-07-08,15:36:03.474000,12142,12143,12143,2
2020-07-08,15:36:03.700000,12142,12144,12144,1
2020-07-08,15:36:20.528000,12143,12144,12144,3
2020-07-08,15:36:20.528000,12143,12144,12144,2
2020-07-08,15:36:20.528000,12143,12144,12144,1
2020-07-08,15:36:20.821000,12143,12145,12145,1
2020-07-08,15:36:20.888000,12143,12145,12145,2
2020-07-08,15:36:20.953000,12143,12145,12145,2
2020-07-08,15:36:29.639000,12144,12145,12145,4
2020-07-08,15:36:30.985000,12145,12146,12146,2
2020-07-08,15:36:32.002000,12146,12147,12146,1
2020-07-08,15:36:41.639000,12145,12146,12146,1
2020-07-08,15:36:45.385000,12145,12146,12146,2
2020-07-08,15:36:50.500000,12146,12147,12147,1
2020-07-08,15:36:50.500000,12146,12147,12147,6
2020-07-08,15:36:50.500000,12146,12147,12147,2
2020-07-08,15:36:50.500000,12146,12147,12147,1
2020-07-08,15:36:50.500000,12146,12147,12147,1
2020-07-08,15:36:50.500000,12146,12147,12147,2
2020-07-08,15:36:53.558000,12147,12148,12147,1
2020-07-08,15:36:54.804000,12147,12148,12146,1
2020-07-08,15:36:56.419000,12147,12148,12147,1
2020-07-08,15:37:05.055000,12146,12148,12146,1
2020-07-08,15:37:11.422000,12146,12147,12147,1
2020-07-08,15:37:11.422000,12146,12147,12147,1
2020-07-08,15:37:11.422000,12146,12147,12147,1
2020-07-08,15:37:11.422000,12146,12147,12147,1
2020-07-08,15:37:11.423000,12146,12147,12147,1
2020-07-08,15:37:14.412000,12147,12148,12148,1
2020-07-08,15:37:14.518000,12147,12148,12147,1
2020-07-08,15:37:14.589000,12147,12148,12148,1
2020-07-08,15:37:14.757000,12147,12148,12148,1
2020-07-08,15:37:14.788000,12147,12148,12147,1
2020-07-08,15:37:17.797000,12147,12148,12148,1
2020-07-08,15:37:18.178000,12147,12148,12148,1
2020-07-08,15:37:21.254000,12147,12148,12147,1
2020-07-08,15:37:22.650000,12147,12148,12148,4
2020-07-08,15:37:22.681000,12147,12148,12148,1
2020-07-08,15:37:26.675000,12148,12149,12148,1
2020-07-08,15:37:30.352000,12148,12149,12149,2
2020-07-08,15:37:30.419000,12148,12149,12149,1
2020-07-08,15:37:33.921000,12148,12149,12148,2
2020-07-08,15:37:34.380000,12148,12149,12149,5
2020-07-08,15:37:35.208000,12148,12149,12149,8
2020-07-08,15:37:35.208000,12148,12149,12149,1
2020-07-08,15:37:35.208000,12148,12149,12149,2
2020-07-08,15:37:35.208000,12148,12149,12149,1
2020-07-08,15:37:37.427000,12149,12150,12149,1
2020-07-08,15:37:43.550000,12149,12150,12149,1
2020-07-08,15:37:58.179000,12149,12150,12149,4
2020-07-08,15:37:58.179000,12149,12150,12149,4
2020-07-08,15:37:59.049000,12148,12149,12149,1
2020-07-08,15:38:02.252000,12148,12149,12149,1
2020-07-08,15:38:02.416000,12148,12149,12149,2
2020-07-08,15:38:03.574000,12148,12149,12148,1
2020-07-08,15:38:05.338000,12147,12148,12147,2
2020-07-08,15:38:05.338000,12147,12148,12147,5
2020-07-08,15:38:25.051000,12146,12147,12146,2
2020-07-08,15:38:29.240000,12145,12146,12145,5
2020-07-08,15:38:32.102000,12143,12145,12145,3
2020-07-08,15:38:38.009000,12143,12144,12143,3
2020-07-08,15:38:42.825000,12143,12144,12144,1
2020-07-08,15:38:45.860000,12144,12145,12145,4
2020-07-08,15:38:55.847000,12144,12146,12144,5
2020-07-08,15:39:02.265000,12144,12145,12145,1
2020-07-08,15:39:04.393000,12144,12145,12145,2
2020-07-08,15:39:12.332000,12143,12144,12143,2
2020-07-08,15:39:12.749000,12142,12143,12143,1
2020-07-08,15:39:26.270000,12142,12143,12143,1
2020-07-08,15:39:28.894000,12142,12143,12142,2
2020-07-08,15:39:28.894000,12142,12143,12142,8
2020-07-08,15:39:29.002000,12141,12142,12142,1
2020-07-08,15:39:34.714000,12141,12142,12141,2
2020-07-08,15:39:35.437000,12141,12142,12142,1
2020-07-08,15:39:35.722000,12141,12142,12141,2
2020-07-08,15:39:36.341000,12141,12142,12141,1
2020-07-08,15:39:41.325000,12141,12142,12141,4
2020-07-08,15:39:47.605000,12141,12142,12141,1
2020-07-08,15:39:53.134000,12141,12142,12142,5
2020-07-08,15:40:01.496000,12142,12143,12142,4
2020-07-08,15:40:08.774000,12142,12143,12142,1
2020-07-08,15:40:09.733000,12141,12142,12142,1
2020-07-08,15:40:09.985000,12142,12143,12143,3
2020-07-08,15:40:10.465000,12142,12143,12142,1
2020-07-08,15:40:14.872000,12142,12143,12143,1
2020-07-08,15:40:16.069000,12142,12143,12143,3
2020-07-08,15:40:20.533000,12143,12144,12144,1
2020-07-08,15:40:20.534000,12143,12144,12144,3
2020-07-08,15:40:27.052000,12144,12145,12144,1
2020-07-08,15:40:38.804000,12144,12145,12145,5
2020-07-08,15:40:38.804000,12144,12145,12145,2
2020-07-08,15:40:38.865000,12145,12146,12146,1
2020-07-08,15:40:39.068000,12145,12146,12146,5
2020-07-08,15:40:40.636000,12145,12146,12146,1
2020-07-08,15:40:43.181000,12145,12146,12145,1
2020-07-08,15:40:43.880000,12145,12146,12146,3
2020-07-08,15:40:46.396000,12146,12147,12146,1
2020-07-08,15:40:46.397000,12146,12147,12146,1
2020-07-08,15:40:52.172000,12144,12145,12144,4
2020-07-08,15:40:54.526000,12142,12144,12144,1
2020-07-08,15:40:56.647000,12142,12143,12143,1
2020-07-08,15:41:02.235000,12143,12144,12143,3
2020-07-08,15:41:08.490000,12142,12143,12143,1
2020-07-08,15:41:12.989000,12142,12143,12143,2
2020-07-08,15:41:16.992000,12142,12143,12143,1
2020-07-08,15:41:27.233000,12142,12143,12143,1
2020-07-08,15:41:41.932000,12143,12144,12144,4
2020-07-08,15:41:44.119000,12143,12144,12144,1
2020-07-08,15:41:48.451000,12143,12144,12144,3
2020-07-08,15:41:51.228000,12143,12145,12145,4
2020-07-08,15:41:53.620000,12144,12145,12145,1
2020-07-08,15:41:56.663000,12144,12145,12144,3
2020-07-08,15:42:01.685000,12143,12145,12145,1
2020-07-08,15:42:01.975000,12143,12145,12145,1
2020-07-08,15:42:12.075000,12144,12145,12144,3
2020-07-08,15:42:12.075000,12144,12145,12143,12
2020-07-08,15:42:14.847000,12142,12144,12143,1
2020-07-08,15:42:23.055000,12142,12143,12142,3
2020-07-08,15:42:28.704000,12142,12143,12142,1
2020-07-08,15:42:29.652000,12142,12143,12142,2
2020-07-08,15:42:29.653000,12142,12143,12142,1
2020-07-08,15:42:33.787000,12141,12142,12141,1
2020-07-08,15:42:33.965000,12141,12142,12141,1
2020-07-08,15:42:34.171000,12141,12142,12141,1
2020-07-08,15:42:36.484000,12141,12142,12141,1
2020-07-08,15:42:37.054000,12141,12142,12141,1
2020-07-08,15:42:37.950000,12141,12142,12141,1
2020-07-08,15:42:43.739000,12141,12142,12142,1
2020-07-08,15:42:43.739000,12141,12142,12142,1
2020-07-08,15:43:00.461000,12142,12143,12142,1
2020-07-08,15:43:00.744000,12141,12143,12143,1
2020-07-08,15:43:16.521000,12142,12143,12143,1
2020-07-08,15:43:16.522000,12142,12143,12143,2
2020-07-08,15:43:16.522000,12142,12143,12143,2
2020-07-08,15:43:16.522000,12142,12143,12143,4
2020-07-08,15:43:39.128000,12143,12144,12143,3
2020-07-08,15:43:44.692000,12143,12144,12143,1
2020-07-08,15:43:44.735000,12143,12144,12144,1
2020-07-08,15:43:44.736000,12143,12144,12144,4
2020-07-08,15:43:50.751000,12143,12144,12143,1
2020-07-08,15:43:53.742000,12142,12143,12143,1
2020-07-08,15:44:10.643000,12142,12143,12143,4
2020-07-08,15:44:10.643000,12142,12143,12143,2
2020-07-08,15:44:10.643000,12142,12143,12143,1
2020-07-08,15:44:10.967000,12143,12144,12143,1
2020-07-08,15:44:14.572000,12143,12144,12143,2
2020-07-08,15:44:16.735000,12143,12144,12144,1
2020-07-08,15:44:16.735000,12143,12144,12144,4
2020-07-08,15:44:17.033000,12143,12144,12144,4
2020-07-08,15:44:17.034000,12143,12144,12144,2
2020-07-08,15:44:18.376000,12144,12145,12145,1
2020-07-08,15:44:18.376000,12144,12145,12145,3
2020-07-08,15:44:24.471000,12145,12146,12145,2
2020-07-08,15:44:39.807000,12144,12145,12144,1
2020-07-08,15:44:46.441000,12144,12145,12144,1
2020-07-08,15:45:00.992000,12144,12145,12145,7
2020-07-08,15:45:01.330000,12145,12146,12145,2
2020-07-08,15:45:01.832000,12145,12146,12145,1
2020-07-08,15:45:01.862000,12145,12146,12146,1
2020-07-08,15:45:01.866000,12145,12146,12146,1
2020-07-08,15:45:01.868000,12145,12146,12146,1
2020-07-08,15:45:01.870000,12145,12146,12146,1
2020-07-08,15:45:01.871000,12145,12146,12146,1
2020-07-08,15:45:01.872000,12145,12146,12146,1
2020-07-08,15:45:01.873000,12145,12146,12146,1
2020-07-08,15:45:01.874000,12145,12146,12146,1
2020-07-08,15:45:01.874000,12145,12146,12147,1
2020-07-08,15:45:01.880000,12145,12146,12147,1
2020-07-08,15:45:01.880000,12145,12146,12147,1
2020-07-08,15:45:01.883000,12145,12146,12147,1
2020-07-08,15:45:34.036000,12145,12146,12146,1
2020-07-08,15:45:46.491000,12145,12146,12145,1
2020-07-08,15:45:49.531000,12145,12146,12146,7
2020-07-08,15:45:59.474000,12145,12146,12146,1
2020-07-08,15:46:00.629000,12146,12147,12146,1
2020-07-08,15:46:01.135000,12145,12146,12145,1
2020-07-08,15:46:01.233000,12145,12146,12146,1
2020-07-08,15:46:04.436000,12145,12146,12146,2
2020-07-08,15:46:12.703000,12145,12146,12145,5
2020-07-08,15:46:12.703000,12145,12146,12145,4
2020-07-08,15:46:17.326000,12144,12145,12145,1
2020-07-08,15:46:23.990000,12143,12145,12145,1
2020-07-08,15:46:36.342000,12143,12144,12144,1
2020-07-08,15:46:37.096000,12143,12144,12143,1
2020-07-08,15:46:37.192000,12142,12144,12142,1
2020-07-08,15:46:48.050000,12143,12144,12143,1
2020-07-08,15:46:52.355000,12143,12144,12143,1
2020-07-08,15:46:58.669000,12143,12144,12144,1
2020-07-08,15:46:58.670000,12143,12144,12144,2
2020-07-08,15:47:02.941000,12144,12145,12145,1
2020-07-08,15:47:04.216000,12144,12145,12145,2
2020-07-08,15:47:19.840000,12144,12145,12144,1
2020-07-08,15:47:23.065000,12144,12145,12145,3
2020-07-08,15:47:25.038000,12144,12146,12144,1
2020-07-08,15:47:27.543000,12145,12146,12146,4
2020-07-08,15:47:36.480000,12146,12147,12146,1
2020-07-08,15:47:40.156000,12146,12147,12146,1
2020-07-08,15:47:42.149000,12146,12147,12146,1
2020-07-08,15:47:43.644000,12146,12147,12146,1
2020-07-08,15:47:48.410000,12144,12146,12146,3
2020-07-08,15:47:58.150000,12145,12146,12146,1
2020-07-08,15:48:17.768000,12144,12145,12145,6
2020-07-08,15:48:17.768000,12144,12145,12145,1
2020-07-08,15:48:17.897000,12145,12146,12146,2
2020-07-08,15:48:19.261000,12145,12146,12145,1
2020-07-08,15:48:19.389000,12145,12146,12145,1
2020-07-08,15:48:27.944000,12145,12146,12145,1
2020-07-08,15:48:48.578000,12145,12146,12146,1
2020-07-08,15:48:48.578000,12145,12146,12146,1
2020-07-08,15:48:53.730000,12146,12147,12146,1
2020-07-08,15:48:58.314000,12146,12147,12146,1
2020-07-08,15:49:01.962000,12146,12147,12147,1
2020-07-08,15:49:01.962000,12146,12147,12147,1
2020-07-08,15:49:01.962000,12146,12147,12147,4
2020-07-08,15:49:01.962000,12146,12147,12147,2
2020-07-08,15:49:01.962000,12146,12147,12147,1
2020-07-08,15:49:01.962000,12146,12147,12147,8
2020-07-08,15:49:01.962000,12146,12147,12147,6
2020-07-08,15:49:02.215000,12147,12148,12147,1
2020-07-08,15:49:05.849000,12147,12148,12147,6
2020-07-08,15:49:13.257000,12147,12148,12147,1
2020-07-08,15:49:14.434000,12147,12148,12147,5
2020-07-08,15:49:19.309000,12146,12148,12148,2
2020-07-08,15:49:19.665000,12146,12148,12146,1
2020-07-08,15:49:23.322000,12146,12147,12146,1
2020-07-08,15:49:24.769000,12146,12147,12147,1
2020-07-08,15:49:38.361000,12147,12148,12148,3
2020-07-08,15:49:41.402000,12147,12148,12148,1
2020-07-08,15:49:46.458000,12148,12149,12148,3
2020-07-08,15:49:46.459000,12148,12149,12148,7
2020-07-08,15:49:48.219000,12148,12149,12148,1
2020-07-08,15:49:48.395000,12148,12149,12149,1
2020-07-08,15:49:49.571000,12148,12149,12149,9
2020-07-08,15:49:53.544000,12148,12150,12150,1
2020-07-08,15:49:53.731000,12148,12150,12150,1
2020-07-08,15:49:53.752000,12148,12150,12150,1
2020-07-08,15:49:53.763000,12148,12150,12150,3
2020-07-08,15:49:53.817000,12148,12150,12150,1
2020-07-08,15:49:54.719000,12149,12150,12150,3
2020-07-08,15:49:56.765000,12149,12150,12149,2
2020-07-08,15:49:56.932000,12148,12149,12149,1
2020-07-08,15:49:58.286000,12147,12149,12149,1
2020-07-08,15:49:59.761000,12148,12149,12148,1
2020-07-08,15:50:05.665000,12148,12149,12149,1
2020-07-08,15:50:05.989000,12148,12149,12148,1
2020-07-08,15:50:08.581000,12147,12149,12148,1
2020-07-08,15:50:08.813000,12147,12148,12148,1
2020-07-08,15:50:16.504000,12147,12148,12148,1
2020-07-08,15:50:18.653000,12147,12149,12147,1
2020-07-08,15:50:25.230000,12147,12148,12147,1
2020-07-08,15:50:28.407000,12147,12148,12148,1
2020-07-08,15:50:32.546000,12147,12148,12148,1
2020-07-08,15:50:43.977000,12147,12148,12147,1
2020-07-08,15:50:43.977000,12147,12148,12147,3
2020-07-08,15:50:43.978000,12147,12148,12147,1
2020-07-08,15:50:47.961000,12146,12147,12147,1
2020-07-08,15:50:54.285000,12146,12147,12146,4
2020-07-08,15:50:55.108000,12145,12146,12146,1
2020-07-08,15:51:07.471000,12146,12148,12147,1
2020-07-08,15:51:15.739000,12146,12147,12147,1
2020-07-08,15:51:20.680000,12146,12147,12146,5
2020-07-08,15:51:26.332000,12145,12146,12146,1
2020-07-08,15:51:26.870000,12145,12146,12146,1
2020-07-08,15:51:37.168000,12146,12147,12146,2
2020-07-08,15:51:48.350000,12145,12146,12146,3
2020-07-08,15:51:50.694000,12145,12147,12147,1
2020-07-08,15:52:02.099000,12145,12146,12145,7
2020-07-08,15:52:04.604000,12144,12146,12146,1
2020-07-08,15:52:04.989000,12144,12146,12145,1
2020-07-08,15:52:07.988000,12144,12145,12145,1
2020-07-08,15:52:14.975000,12144,12145,12145,3
2020-07-08,15:52:15.214000,12144,12145,12145,1
2020-07-08,15:52:15.214000,12144,12145,12145,6
2020-07-08,15:52:15.214000,12144,12145,12145,5
2020-07-08,15:52:17.248000,12145,12146,12145,1
2020-07-08,15:52:27.784000,12145,12146,12145,1
2020-07-08,15:52:33.703000,12145,12146,12145,1
2020-07-08,15:52:33.778000,12144,12145,12145,1
2020-07-08,15:52:33.823000,12144,12145,12145,1
2020-07-08,15:52:56.772000,12144,12145,12144,4
2020-07-08,15:53:03.920000,12143,12144,12144,1
2020-07-08,15:53:05.862000,12143,12145,12145,1
2020-07-08,15:53:26.875000,12144,12145,12144,1
2020-07-08,15:53:44.642000,12143,12144,12143,2
2020-07-08,15:53:44.642000,12143,12144,12143,2
2020-07-08,15:53:44.642000,12143,12144,12143,2
2020-07-08,15:53:46.091000,12142,12143,12143,1
2020-07-08,15:53:48.019000,12142,12143,12142,1
2020-07-08,15:53:50.329000,12142,12143,12142,1
2020-07-08,15:53:50.329000,12142,12143,12142,3
2020-07-08,15:53:50.329000,12142,12143,12142,5
2020-07-08,15:54:05.482000,12141,12142,12141,1
2020-07-08,15:54:05.866000,12141,12142,12142,1
2020-07-08,15:54:06.148000,12141,12142,12142,1
2020-07-08,15:54:08.894000,12141,12142,12142,1
2020-07-08,15:54:08.894000,12141,12142,12142,2
2020-07-08,15:54:08.894000,12141,12142,12142,1
2020-07-08,15:54:10.483000,12142,12143,12142,1
2020-07-08,15:54:10.933000,12142,12143,12143,1
2020-07-08,15:54:37.389000,12142,12143,12143,1
2020-07-08,15:54:37.389000,12142,12143,12143,6
2020-07-08,15:55:14.422000,12143,12144,12144,3
2020-07-08,15:55:28.691000,12143,12144,12143,5
2020-07-08,15:55:32.191000,12142,12143,12143,1
2020-07-08,15:55:33.625000,12142,12143,12142,1
2020-07-08,15:55:33.625000,12142,12143,12142,2
2020-07-08,15:55:33.625000,12142,12143,12142,4
2020-07-08,15:55:40.019000,12141,12142,12142,2
2020-07-08,15:55:40.022000,12141,12142,12142,3
2020-07-08,15:55:44.455000,12141,12142,12142,1
2020-07-08,15:55:44.673000,12142,12143,12142,2
2020-07-08,15:55:47.481000,12141,12142,12141,25
2020-07-08,15:55:49.576000,12141,12142,12141,1
2020-07-08,15:55:53.011000,12141,12142,12142,4
2020-07-08,15:55:55.869000,12142,12143,12142,1
2020-07-08,15:56:00.072000,12141,12142,12142,1
2020-07-08,15:56:05.007000,12141,12142,12142,1
2020-07-08,15:56:10.730000,12141,12142,12142,1
2020-07-08,15:56:27.465000,12141,12142,12142,1
2020-07-08,15:56:38.367000,12141,12142,12142,1
2020-07-08,15:56:43.821000,12141,12142,12141,1
2020-07-08,15:56:44.275000,12141,12142,12141,1
2020-07-08,15:56:48.936000,12141,12142,12142,1
2020-07-08,15:56:48.936000,12141,12142,12142,1
2020-07-08,15:56:48.936000,12141,12142,12142,5
2020-07-08,15:56:48.937000,12141,12142,12142,3
2020-07-08,15:56:49.594000,12142,12143,12142,1
2020-07-08,15:56:52.881000,12142,12143,12142,2
2020-07-08,15:56:55.738000,12142,12143,12142,1
2020-07-08,15:56:58.636000,12142,12143,12142,1
2020-07-08,15:57:06.003000,12142,12143,12143,2
2020-07-08,15:57:08.697000,12143,12144,12144,2
2020-07-08,15:57:08.697000,12143,12144,12144,1
2020-07-08,15:57:09.498000,12143,12145,12143,1
2020-07-08,15:57:15.460000,12143,12145,12143,1
2020-07-08,15:57:45.242000,12143,12144,12143,1
2020-07-08,15:57:45.242000,12143,12144,12143,1
2020-07-08,15:57:56.300000,12143,12144,12143,1
2020-07-08,15:58:02.698000,12143,12144,12143,1
2020-07-08,15:58:03.962000,12143,12144,12143,1
2020-07-08,15:58:15.533000,12143,12144,12143,2
2020-07-08,15:58:34.272000,12143,12144,12144,1
2020-07-08,15:58:39.515000,12143,12144,12144,1
2020-07-08,15:58:54.015000,12143,12144,12144,1
2020-07-08,15:58:55.069000,12143,12144,12144,1
2020-07-08,15:58:59.348000,12143,12144,12144,1
2020-07-08,15:59:02.777000,12143,12144,12143,1
2020-07-08,15:59:13.080000,12142,12143,12143,1
2020-07-08,15:59:59.231000,12142,12143,12143,3
2020-07-08,16:00:00.576000,12143,12144,12144,1
2020-07-08,16:00:00.815000,12143,12144,12143,1
2020-07-08,16:00:01.097000,12143,12144,12143,1
2020-07-08,16:00:01.127000,12143,12144,12144,1
2020-07-08,16:00:01.129000,12143,12144,12143,2
2020-07-08,16:00:01.199000,12143,12144,12143,1
2020-07-08,16:00:01.248000,12143,12144,12143,1
2020-07-08,16:00:01.263000,12143,12144,12143,1
2020-07-08,16:00:01.328000,12143,12144,12144,1
2020-07-08,16:00:01.338000,12143,12144,12144,1
2020-07-08,16:00:01.344000,12143,12144,12144,1
2020-07-08,16:00:01.347000,12143,12144,12145,1
2020-07-08,16:00:01.436000,12143,12145,12143,2
2020-07-08,16:00:01.446000,12143,12145,12145,1
2020-07-08,16:00:01.597000,12143,12145,12143,1
2020-07-08,16:00:01.599000,12143,12145,12143,1
2020-07-08,16:00:26.219000,12143,12144,12143,1
2020-07-08,16:00:51.301000,12142,12143,12143,1
2020-07-08,16:01:05.487000,12142,12143,12142,2
2020-07-08,16:01:05.487000,12142,12143,12142,4
2020-07-08,16:01:05.488000,12142,12143,12142,4
2020-07-08,16:01:05.723000,12141,12142,12141,6
2020-07-08,16:01:05.904000,12141,12142,12141,1
2020-07-08,16:01:10.511000,12141,12142,12141,1
2020-07-08,16:01:10.512000,12141,12142,12141,1
2020-07-08,16:01:10.512000,12141,12142,12141,1
2020-07-08,16:01:10.512000,12141,12142,12141,1
2020-07-08,16:01:10.512000,12141,12142,12141,3
2020-07-08,16:01:10.512000,12141,12142,12141,8
