2020-12-24,15:00:00.002000,14275,14279,14279,213
2020-12-24,15:00:00.043000,14275,14279,14279,4
2020-12-24,15:00:00.063000,14275,14279,14279,15
2020-12-24,15:00:00.106000,14275,14278,14275,4
2020-12-24,15:00:00.137000,14275,14278,14277,1
2020-12-24,15:00:00.171000,14275,14277,14276,1
2020-12-24,15:00:00.171000,14275,14277,14276,1
2020-12-24,15:00:00.175000,14275,14277,14277,4
2020-12-24,15:00:00.175000,14275,14277,14279,16
2020-12-24,15:00:00.192000,14275,14277,14278,1
2020-12-24,15:00:00.246000,14275,14277,14276,1
2020-12-24,15:00:00.247000,14275,14277,14278,1
2020-12-24,15:00:00.278000,14276,14278,14278,1
2020-12-24,15:00:00.283000,14276,14278,14278,1
2020-12-24,15:00:00.283000,14276,14278,14279,2
2020-12-24,15:00:00.287000,14276,14278,14278,1
2020-12-24,15:00:00.307000,14276,14278,14278,1
2020-12-24,15:00:00.316000,14276,14278,14278,1
2020-12-24,15:00:00.340000,14276,14278,14278,1
2020-12-24,15:00:00.344000,14276,14278,14278,4
2020-12-24,15:00:00.345000,14276,14278,14279,1
2020-12-24,15:00:00.365000,14276,14278,14276,3
2020-12-24,15:00:00.373000,14276,14278,14278,1
2020-12-24,15:00:00.394000,14276,14278,14278,1
2020-12-24,15:00:00.399000,14276,14278,14276,3
2020-12-24,15:00:00.429000,14276,14278,14277,1
2020-12-24,15:00:00.441000,14276,14278,14278,1
2020-12-24,15:00:00.452000,14276,14278,14278,1
2020-12-24,15:00:00.464000,14276,14278,14278,1
2020-12-24,15:00:00.466000,14276,14278,14278,1
2020-12-24,15:00:00.467000,14276,14278,14278,2
2020-12-24,15:00:00.479000,14276,14278,14278,1
2020-12-24,15:00:00.485000,14276,14278,14278,1
2020-12-24,15:00:00.505000,14276,14278,14278,2
2020-12-24,15:00:00.505000,14276,14278,14279,2
2020-12-24,15:00:00.510000,14276,14278,14279,1
2020-12-24,15:00:00.520000,14276,14278,14279,1
2020-12-24,15:00:00.528000,14276,14279,14279,2
2020-12-24,15:00:00.552000,14276,14279,14279,1
2020-12-24,15:00:00.560000,14276,14279,14279,1
2020-12-24,15:00:00.568000,14276,14279,14279,4
2020-12-24,15:00:00.568000,14276,14279,14280,2
2020-12-24,15:00:00.612000,14276,14279,14277,1
2020-12-24,15:00:00.649000,14276,14277,14277,3
2020-12-24,15:00:00.649000,14276,14277,14277,1
2020-12-24,15:00:00.694000,14276,14277,14279,1
2020-12-24,15:00:00.694000,14276,14277,14279,1
2020-12-24,15:00:00.716000,14276,14277,14279,1
2020-12-24,15:00:00.724000,14276,14277,14279,1
2020-12-24,15:00:00.746000,14276,14277,14280,1
2020-12-24,15:00:00.776000,14276,14280,14280,1
2020-12-24,15:00:00.805000,14276,14280,14280,1
2020-12-24,15:00:00.817000,14276,14280,14280,1
2020-12-24,15:00:00.856000,14276,14280,14279,1
2020-12-24,15:00:00.884000,14276,14280,14279,1
2020-12-24,15:00:00.884000,14276,14280,14279,1
2020-12-24,15:00:00.899000,14276,14280,14280,1
2020-12-24,15:00:00.969000,14276,14280,14278,1
2020-12-24,15:00:00.993000,14276,14280,14278,1
2020-12-24,15:00:01.015000,14276,14280,14278,1
2020-12-24,15:00:01.015000,14276,14280,14279,1
2020-12-24,15:00:01.030000,14276,14279,14279,1
2020-12-24,15:00:01.078000,14276,14279,14279,1
2020-12-24,15:00:01.079000,14276,14279,14279,1
2020-12-24,15:00:01.080000,14276,14279,14279,1
2020-12-24,15:00:01.102000,14276,14279,14276,1
2020-12-24,15:00:01.102000,14276,14279,14276,1
2020-12-24,15:00:01.169000,14276,14277,14276,1
2020-12-24,15:00:01.187000,14276,14277,14277,1
2020-12-24,15:00:01.193000,14276,14277,14278,1
2020-12-24,15:00:01.260000,14276,14277,14276,1
2020-12-24,15:00:01.281000,14275,14277,14277,1
2020-12-24,15:00:01.298000,14275,14277,14275,1
2020-12-24,15:00:01.443000,14276,14278,14278,1
2020-12-24,15:00:01.494000,14276,14278,14276,1
2020-12-24,15:00:01.578000,14276,14278,14278,1
2020-12-24,15:00:01.610000,14276,14278,14276,1
2020-12-24,15:00:01.652000,14276,14278,14276,4
2020-12-24,15:00:01.776000,14275,14276,14275,3
2020-12-24,15:00:01.880000,14275,14276,14275,2
2020-12-24,15:00:02.055000,14275,14276,14276,1
2020-12-24,15:00:02.188000,14275,14276,14276,1
2020-12-24,15:00:02.201000,14275,14276,14275,1
2020-12-24,15:00:02.273000,14275,14276,14275,3
2020-12-24,15:00:02.385000,14275,14276,14275,6
2020-12-24,15:00:02.398000,14275,14276,14275,4
2020-12-24,15:00:02.433000,14275,14276,14275,1
2020-12-24,15:00:02.470000,14275,14276,14274,1
2020-12-24,15:00:02.470000,14275,14276,14273,1
2020-12-24,15:00:02.574000,14274,14276,14276,4
2020-12-24,15:00:02.696000,14275,14276,14275,1
2020-12-24,15:00:02.696000,14275,14276,14274,1
2020-12-24,15:00:02.870000,14274,14276,14276,1
2020-12-24,15:00:02.904000,14274,14276,14274,2
2020-12-24,15:00:02.940000,14274,14276,14276,1
2020-12-24,15:00:03.049000,14274,14275,14274,1
2020-12-24,15:00:03.070000,14274,14275,14274,4
2020-12-24,15:00:03.070000,14274,14275,14273,1
2020-12-24,15:00:03.116000,14274,14275,14274,2
2020-12-24,15:00:03.470000,14273,14275,14274,1
2020-12-24,15:00:03.513000,14273,14275,14273,1
2020-12-24,15:00:03.523000,14272,14274,14272,9
2020-12-24,15:00:03.660000,14272,14274,14272,1
2020-12-24,15:00:03.765000,14272,14274,14272,1
2020-12-24,15:00:03.953000,14271,14274,14271,1
2020-12-24,15:00:04.074000,14271,14273,14271,1
2020-12-24,15:00:04.141000,14271,14273,14272,1
2020-12-24,15:00:04.273000,14271,14273,14271,6
2020-12-24,15:00:04.310000,14271,14273,14271,1
2020-12-24,15:00:04.336000,14271,14273,14270,2
2020-12-24,15:00:04.398000,14270,14271,14270,13
2020-12-24,15:00:04.614000,14268,14270,14270,1
2020-12-24,15:00:04.637000,14268,14270,14270,3
2020-12-24,15:00:05.126000,14269,14271,14271,1
2020-12-24,15:00:05.206000,14269,14272,14269,1
2020-12-24,15:00:05.638000,14270,14272,14271,1
2020-12-24,15:00:05.673000,14271,14272,14272,1
2020-12-24,15:00:05.925000,14271,14272,14271,1
2020-12-24,15:00:06.151000,14271,14272,14271,1
2020-12-24,15:00:06.293000,14271,14272,14271,1
2020-12-24,15:00:07.310000,14270,14272,14272,1
2020-12-24,15:00:07.314000,14270,14272,14270,1
2020-12-24,15:00:07.570000,14271,14272,14272,3
2020-12-24,15:00:07.734000,14271,14273,14271,1
2020-12-24,15:00:07.815000,14271,14273,14271,3
2020-12-24,15:00:07.815000,14271,14273,14270,1
2020-12-24,15:00:07.844000,14271,14273,14271,1
2020-12-24,15:00:08.941000,14271,14272,14272,1
2020-12-24,15:00:10.270000,14272,14274,14274,4
2020-12-24,15:00:10.270000,14272,14274,14275,1
2020-12-24,15:00:10.273000,14273,14274,14273,5
2020-12-24,15:00:10.398000,14272,14273,14272,1
2020-12-24,15:00:10.402000,14272,14273,14271,1
2020-12-24,15:00:10.426000,14272,14273,14271,1
2020-12-24,15:00:10.523000,14271,14273,14271,3
2020-12-24,15:00:11.273000,14272,14273,14272,4
2020-12-24,15:00:11.398000,14272,14273,14272,1
2020-12-24,15:00:11.410000,14272,14273,14273,5
2020-12-24,15:00:12.051000,14272,14273,14272,1
2020-12-24,15:00:12.347000,14271,14273,14272,1
2020-12-24,15:00:12.740000,14271,14273,14271,15
2020-12-24,15:00:12.742000,14271,14273,14271,14
2020-12-24,15:00:12.773000,14270,14272,14270,11
2020-12-24,15:00:12.777000,14270,14272,14270,1
2020-12-24,15:00:12.898000,14269,14271,14269,2
2020-12-24,15:00:13.023000,14269,14271,14269,2
2020-12-24,15:00:13.029000,14269,14271,14270,1
2020-12-24,15:00:13.363000,14268,14270,14270,5
2020-12-24,15:00:13.441000,14269,14271,14269,5
2020-12-24,15:00:14.100000,14268,14270,14270,5
2020-12-24,15:00:14.216000,14269,14270,14269,4
2020-12-24,15:00:15.351000,14269,14270,14270,1
2020-12-24,15:00:15.773000,14269,14270,14269,1
2020-12-24,15:00:15.898000,14268,14270,14268,1
2020-12-24,15:00:16.023000,14268,14269,14268,1
2020-12-24,15:00:16.047000,14268,14269,14267,1
2020-12-24,15:00:16.072000,14268,14269,14267,1
2020-12-24,15:00:16.113000,14268,14269,14269,1
2020-12-24,15:00:16.130000,14268,14269,14268,1
2020-12-24,15:00:16.131000,14268,14269,14269,1
2020-12-24,15:00:16.148000,14267,14269,14267,1
2020-12-24,15:00:16.273000,14267,14268,14267,1
2020-12-24,15:00:16.281000,14267,14268,14268,1
2020-12-24,15:00:16.398000,14268,14270,14268,1
2020-12-24,15:00:16.523000,14267,14269,14267,1
2020-12-24,15:00:16.633000,14267,14269,14269,1
2020-12-24,15:00:16.648000,14268,14270,14268,1
2020-12-24,15:00:16.773000,14268,14269,14268,1
2020-12-24,15:00:16.783000,14268,14269,14269,1
2020-12-24,15:00:16.898000,14268,14269,14268,1
2020-12-24,15:00:17.023000,14267,14269,14267,1
2020-12-24,15:00:17.146000,14267,14269,14269,1
2020-12-24,15:00:17.148000,14267,14270,14268,1
2020-12-24,15:00:17.273000,14267,14269,14267,1
2020-12-24,15:00:17.295000,14267,14269,14269,1
2020-12-24,15:00:17.398000,14268,14269,14268,1
2020-12-24,15:00:17.523000,14267,14269,14267,1
2020-12-24,15:00:17.648000,14267,14269,14267,1
2020-12-24,15:00:17.649000,14267,14269,14267,4
2020-12-24,15:00:17.773000,14267,14268,14267,1
2020-12-24,15:00:17.898000,14267,14268,14267,1
2020-12-24,15:00:17.958000,14267,14268,14267,2
2020-12-24,15:00:18.056000,14266,14267,14267,5
2020-12-24,15:00:18.082000,14266,14267,14268,1
2020-12-24,15:00:18.258000,14267,14268,14268,1
2020-12-24,15:00:18.400000,14267,14268,14268,2
2020-12-24,15:00:18.400000,14267,14268,14269,1
2020-12-24,15:00:18.625000,14267,14268,14268,1
2020-12-24,15:00:18.714000,14267,14268,14268,2
2020-12-24,15:00:18.714000,14267,14268,14269,3
2020-12-24,15:00:19.801000,14268,14269,14269,5
2020-12-24,15:00:19.831000,14268,14269,14269,1
2020-12-24,15:00:19.855000,14268,14269,14269,1
2020-12-24,15:00:20.389000,14268,14269,14268,1
2020-12-24,15:00:20.916000,14268,14269,14268,2
2020-12-24,15:00:21.030000,14268,14269,14269,1
2020-12-24,15:00:21.419000,14268,14269,14268,1
2020-12-24,15:00:22.533000,14268,14269,14269,4
2020-12-24,15:00:22.533000,14268,14269,14270,1
2020-12-24,15:00:22.821000,14269,14270,14269,1
2020-12-24,15:00:22.921000,14268,14269,14269,1
2020-12-24,15:00:23.125000,14269,14270,14269,1
2020-12-24,15:00:24.011000,14269,14270,14270,5
2020-12-24,15:00:24.011000,14269,14270,14270,5
2020-12-24,15:00:24.012000,14269,14270,14270,1
2020-12-24,15:00:24.059000,14270,14271,14270,3
2020-12-24,15:00:24.059000,14270,14271,14269,7
2020-12-24,15:00:24.186000,14269,14270,14270,2
2020-12-24,15:00:24.274000,14270,14271,14270,1
2020-12-24,15:00:24.508000,14269,14270,14270,5
2020-12-24,15:00:25.430000,14270,14271,14270,2
2020-12-24,15:00:25.802000,14270,14271,14271,1
2020-12-24,15:00:26.111000,14270,14271,14271,1
2020-12-24,15:00:26.932000,14270,14271,14271,5
2020-12-24,15:00:27.021000,14270,14271,14271,1
2020-12-24,15:00:27.065000,14270,14271,14270,1
2020-12-24,15:00:27.198000,14270,14271,14271,2
2020-12-24,15:00:27.634000,14270,14271,14271,2
2020-12-24,15:00:27.634000,14270,14271,14271,13
2020-12-24,15:00:27.634000,14270,14271,14271,4
2020-12-24,15:00:27.882000,14271,14272,14271,1
2020-12-24,15:00:28.513000,14271,14272,14272,1
2020-12-24,15:00:28.963000,14271,14272,14271,1
2020-12-24,15:00:28.979000,14271,14272,14272,1
2020-12-24,15:00:29.155000,14271,14272,14271,2
2020-12-24,15:00:29.275000,14271,14272,14271,1
2020-12-24,15:00:30.370000,14271,14272,14271,1
2020-12-24,15:00:30.776000,14271,14272,14271,1
2020-12-24,15:00:30.777000,14271,14272,14271,1
2020-12-24,15:00:30.777000,14271,14272,14271,4
2020-12-24,15:00:30.777000,14271,14272,14271,1
2020-12-24,15:00:31.020000,14270,14271,14271,1
2020-12-24,15:00:31.075000,14270,14271,14271,1
2020-12-24,15:00:31.726000,14270,14271,14271,1
2020-12-24,15:00:31.776000,14270,14271,14271,1
2020-12-24,15:00:31.856000,14270,14271,14271,1
2020-12-24,15:00:32.424000,14270,14271,14271,1
2020-12-24,15:00:32.440000,14270,14271,14271,1
2020-12-24,15:00:32.503000,14270,14271,14270,1
2020-12-24,15:00:33.129000,14270,14271,14270,1
2020-12-24,15:00:34.163000,14270,14271,14270,5
2020-12-24,15:00:34.163000,14270,14271,14270,13
2020-12-24,15:00:34.921000,14269,14270,14270,1
2020-12-24,15:00:35.561000,14269,14270,14269,1
2020-12-24,15:00:35.688000,14269,14270,14270,1
2020-12-24,15:00:36.063000,14269,14270,14270,5
2020-12-24,15:00:36.230000,14269,14270,14270,3
2020-12-24,15:00:36.230000,14269,14270,14271,12
2020-12-24,15:00:36.283000,14270,14271,14270,1
2020-12-24,15:00:36.893000,14270,14271,14271,9
2020-12-24,15:00:37.031000,14271,14272,14271,1
2020-12-24,15:00:37.132000,14271,14272,14271,1
2020-12-24,15:00:37.613000,14270,14272,14271,1
2020-12-24,15:00:37.668000,14270,14272,14270,1
2020-12-24,15:00:38.506000,14271,14272,14271,1
2020-12-24,15:00:38.514000,14271,14272,14272,1
2020-12-24,15:00:38.682000,14271,14272,14271,1
2020-12-24,15:00:38.800000,14271,14272,14272,1
2020-12-24,15:00:38.995000,14271,14272,14271,4
2020-12-24,15:00:39.061000,14270,14271,14271,1
2020-12-24,15:00:39.061000,14270,14271,14272,9
2020-12-24,15:00:39.366000,14272,14273,14273,11
2020-12-24,15:00:39.366000,14272,14273,14274,4
2020-12-24,15:00:39.367000,14272,14273,14273,4
2020-12-24,15:00:39.367000,14272,14273,14273,1
2020-12-24,15:00:39.367000,14272,14273,14273,1
2020-12-24,15:00:39.580000,14272,14273,14272,1
2020-12-24,15:00:39.839000,14272,14274,14272,3
2020-12-24,15:00:39.964000,14271,14273,14273,1
2020-12-24,15:00:40.058000,14272,14273,14272,1
2020-12-24,15:00:40.083000,14272,14273,14272,4
2020-12-24,15:00:40.085000,14272,14273,14272,1
2020-12-24,15:00:40.313000,14271,14273,14273,1
2020-12-24,15:00:40.491000,14272,14273,14273,1
2020-12-24,15:00:40.493000,14272,14273,14273,6
2020-12-24,15:00:40.583000,14272,14274,14274,2
2020-12-24,15:00:40.584000,14272,14274,14274,4
2020-12-24,15:00:40.635000,14272,14274,14273,1
2020-12-24,15:00:40.917000,14273,14274,14273,1
2020-12-24,15:00:41.175000,14273,14274,14274,1
2020-12-24,15:00:41.409000,14273,14274,14273,2
2020-12-24,15:00:41.409000,14273,14274,14272,6
2020-12-24,15:00:41.826000,14273,14274,14274,3
2020-12-24,15:00:41.828000,14273,14274,14274,7
2020-12-24,15:00:41.845000,14273,14274,14274,1
2020-12-24,15:00:41.971000,14272,14274,14273,1
2020-12-24,15:00:42.136000,14272,14273,14273,1
2020-12-24,15:00:42.382000,14272,14273,14273,2
2020-12-24,15:00:43.733000,14273,14274,14274,1
2020-12-24,15:00:43.733000,14273,14274,14275,9
2020-12-24,15:00:43.733000,14273,14274,14276,5
2020-12-24,15:00:43.737000,14273,14274,14274,1
2020-12-24,15:00:44.364000,14273,14274,14274,1
2020-12-24,15:00:44.419000,14274,14276,14274,1
2020-12-24,15:00:44.504000,14274,14276,14273,1
2020-12-24,15:00:45.769000,14273,14274,14273,1
2020-12-24,15:00:45.793000,14273,14274,14274,1
2020-12-24,15:00:45.845000,14273,14274,14273,1
2020-12-24,15:00:46.396000,14273,14274,14274,1
2020-12-24,15:00:46.971000,14274,14275,14275,3
2020-12-24,15:00:48.006000,14274,14275,14275,1
2020-12-24,15:00:48.566000,14274,14275,14275,1
2020-12-24,15:00:48.757000,14274,14275,14275,1
2020-12-24,15:00:48.926000,14274,14276,14274,1
2020-12-24,15:00:49.408000,14274,14276,14276,14
2020-12-24,15:00:49.408000,14274,14276,14277,1
2020-12-24,15:00:50.090000,14274,14275,14275,2
2020-12-24,15:00:50.091000,14274,14275,14275,3
2020-12-24,15:00:50.604000,14274,14276,14274,2
2020-12-24,15:00:50.846000,14274,14276,14275,1
2020-12-24,15:00:51.176000,14275,14276,14275,1
2020-12-24,15:00:53.495000,14274,14275,14275,1
2020-12-24,15:00:53.808000,14274,14275,14275,1
2020-12-24,15:00:53.952000,14274,14275,14275,1
2020-12-24,15:00:53.958000,14274,14275,14275,1
2020-12-24,15:00:54.138000,14275,14276,14275,2
2020-12-24,15:00:54.983000,14274,14275,14275,1
2020-12-24,15:00:55.660000,14274,14275,14275,1
2020-12-24,15:00:55.660000,14274,14275,14276,13
2020-12-24,15:00:55.660000,14274,14275,14277,1
2020-12-24,15:00:55.663000,14274,14275,14275,2
2020-12-24,15:00:55.794000,14275,14276,14275,1
2020-12-24,15:00:55.961000,14274,14275,14275,1
2020-12-24,15:00:56.044000,14274,14275,14275,1
2020-12-24,15:00:56.930000,14274,14275,14274,1
2020-12-24,15:00:57.251000,14274,14275,14275,1
2020-12-24,15:00:57.791000,14274,14275,14275,1
2020-12-24,15:00:58.214000,14275,14276,14275,1
2020-12-24,15:00:58.320000,14274,14276,14275,1
2020-12-24,15:00:58.484000,14274,14276,14275,1
2020-12-24,15:00:58.918000,14274,14276,14274,1
2020-12-24,15:00:59.084000,14274,14275,14274,1
2020-12-24,15:01:00.016000,14274,14275,14275,2
2020-12-24,15:01:00.030000,14274,14275,14275,1
2020-12-24,15:01:00.034000,14274,14275,14274,1
2020-12-24,15:01:00.045000,14274,14275,14274,7
2020-12-24,15:01:00.046000,14274,14275,14274,1
2020-12-24,15:01:00.046000,14274,14275,14274,2
2020-12-24,15:01:00.055000,14274,14275,14273,1
2020-12-24,15:01:00.076000,14274,14275,14275,1
2020-12-24,15:01:00.082000,14274,14275,14275,1
2020-12-24,15:01:00.266000,14273,14275,14275,1
2020-12-24,15:01:01.132000,14275,14276,14275,1
2020-12-24,15:01:01.691000,14275,14276,14275,5
2020-12-24,15:01:02.202000,14274,14276,14276,1
2020-12-24,15:01:03.260000,14274,14275,14274,1
2020-12-24,15:01:03.338000,14274,14275,14274,1
2020-12-24,15:01:03.602000,14274,14275,14275,3
2020-12-24,15:01:04.210000,14274,14275,14275,6
2020-12-24,15:01:04.210000,14274,14275,14276,4
2020-12-24,15:01:04.946000,14275,14276,14275,1
2020-12-24,15:01:05.072000,14275,14276,14275,9
2020-12-24,15:01:07.557000,14274,14275,14275,2
2020-12-24,15:01:07.557000,14274,14275,14276,1
2020-12-24,15:01:11.416000,14274,14275,14274,3
2020-12-24,15:01:11.525000,14274,14275,14275,1
2020-12-24,15:01:11.945000,14274,14275,14274,1
2020-12-24,15:01:12.969000,14274,14275,14274,5
2020-12-24,15:01:12.969000,14274,14275,14274,1
2020-12-24,15:01:12.969000,14274,14275,14274,3
2020-12-24,15:01:12.969000,14274,14275,14274,3
2020-12-24,15:01:14.482000,14273,14274,14273,1
2020-12-24,15:01:15,14273,14274,14274,4
2020-12-24,15:01:15.503000,14273,14275,14274,1
2020-12-24,15:01:19.232000,14273,14274,14273,4
2020-12-24,15:01:19.232000,14273,14274,14273,3
2020-12-24,15:01:19.232000,14273,14274,14273,2
2020-12-24,15:01:22.294000,14273,14274,14273,5
2020-12-24,15:01:22.799000,14273,14274,14273,1
2020-12-24,15:01:24.304000,14272,14273,14273,7
2020-12-24,15:01:24.498000,14273,14274,14273,1
2020-12-24,15:01:26.062000,14273,14274,14273,1
2020-12-24,15:01:26.072000,14273,14274,14273,1
2020-12-24,15:01:26.072000,14273,14274,14272,4
2020-12-24,15:01:26.073000,14273,14274,14273,2
2020-12-24,15:01:28.189000,14272,14273,14272,1
2020-12-24,15:01:28.274000,14272,14273,14273,1
2020-12-24,15:01:28.628000,14272,14273,14272,1
2020-12-24,15:01:28.827000,14272,14273,14272,12
2020-12-24,15:01:29.273000,14271,14272,14272,1
2020-12-24,15:01:29.331000,14271,14272,14271,5
2020-12-24,15:01:30.426000,14271,14272,14271,5
2020-12-24,15:01:31.891000,14271,14272,14271,1
2020-12-24,15:01:31.891000,14271,14272,14270,1
2020-12-24,15:01:31.892000,14271,14272,14271,4
2020-12-24,15:01:31.892000,14271,14272,14271,1
2020-12-24,15:01:35.696000,14270,14271,14271,5
2020-12-24,15:01:35.696000,14270,14271,14271,2
2020-12-24,15:01:36.177000,14270,14271,14270,2
2020-12-24,15:01:38.417000,14270,14271,14270,1
2020-12-24,15:01:38.579000,14270,14271,14270,1
2020-12-24,15:01:38.834000,14270,14271,14270,3
2020-12-24,15:01:39.240000,14270,14271,14270,3
2020-12-24,15:01:40.379000,14270,14271,14270,1
2020-12-24,15:01:40.638000,14270,14271,14270,2
2020-12-24,15:01:40.638000,14270,14271,14270,6
2020-12-24,15:01:42.036000,14269,14270,14269,1
2020-12-24,15:01:43.077000,14269,14270,14270,11
2020-12-24,15:01:43.275000,14270,14271,14270,1
2020-12-24,15:01:44.553000,14269,14270,14270,2
2020-12-24,15:01:44.854000,14270,14271,14270,1
2020-12-24,15:01:44.895000,14270,14271,14270,2
2020-12-24,15:01:46.042000,14269,14270,14269,1
2020-12-24,15:01:46.441000,14269,14270,14270,5
2020-12-24,15:01:47.574000,14270,14271,14270,1
2020-12-24,15:01:48.383000,14270,14271,14270,2
2020-12-24,15:01:48.822000,14270,14271,14270,1
2020-12-24,15:01:49.499000,14270,14271,14270,1
2020-12-24,15:01:51.678000,14270,14271,14270,1
2020-12-24,15:01:54.058000,14270,14271,14271,2
2020-12-24,15:01:54.190000,14270,14271,14270,1
2020-12-24,15:01:55.058000,14270,14271,14271,2
2020-12-24,15:01:55.093000,14270,14271,14271,3
2020-12-24,15:01:55.155000,14271,14272,14271,5
2020-12-24,15:01:56.177000,14271,14272,14271,2
2020-12-24,15:01:56.461000,14270,14271,14271,1
2020-12-24,15:01:56.826000,14270,14271,14271,1
2020-12-24,15:01:57.229000,14270,14271,14270,1
2020-12-24,15:01:57.242000,14270,14271,14271,1
2020-12-24,15:01:58.422000,14270,14271,14271,1
2020-12-24,15:01:59.045000,14271,14272,14271,1
2020-12-24,15:01:59.427000,14271,14272,14271,1
2020-12-24,15:01:59.803000,14271,14272,14271,1
2020-12-24,15:02:00.507000,14271,14272,14271,1
2020-12-24,15:02:00.541000,14271,14272,14271,1
2020-12-24,15:02:00.651000,14271,14272,14271,5
2020-12-24,15:02:01.616000,14271,14272,14271,1
2020-12-24,15:02:01.616000,14271,14272,14271,4
2020-12-24,15:02:02.269000,14270,14271,14270,4
2020-12-24,15:02:02.771000,14270,14271,14271,2
2020-12-24,15:02:03.496000,14270,14271,14270,1
2020-12-24,15:02:04.056000,14270,14271,14270,1
2020-12-24,15:02:04.444000,14270,14271,14271,1
2020-12-24,15:02:05.712000,14270,14271,14271,2
2020-12-24,15:02:06.697000,14271,14272,14271,2
2020-12-24,15:02:07.803000,14271,14272,14271,2
2020-12-24,15:02:07.803000,14271,14272,14271,1
2020-12-24,15:02:07.803000,14271,14272,14271,1
2020-12-24,15:02:07.840000,14271,14272,14272,1
2020-12-24,15:02:07.869000,14271,14272,14271,1
2020-12-24,15:02:09.590000,14271,14272,14271,1
2020-12-24,15:02:13.681000,14270,14271,14270,2
2020-12-24,15:02:15.197000,14270,14271,14270,1
2020-12-24,15:02:17.115000,14270,14271,14271,2
2020-12-24,15:02:17.605000,14270,14271,14271,2
2020-12-24,15:02:17.668000,14270,14271,14270,3
2020-12-24,15:02:17.789000,14270,14271,14270,1
2020-12-24,15:02:18.075000,14270,14271,14270,1
2020-12-24,15:02:19.178000,14270,14271,14270,1
2020-12-24,15:02:19.727000,14270,14271,14270,1
2020-12-24,15:02:19.728000,14270,14271,14270,4
2020-12-24,15:02:19.728000,14270,14271,14270,2
2020-12-24,15:02:19.781000,14269,14270,14270,1
2020-12-24,15:02:26.625000,14269,14270,14270,3
2020-12-24,15:02:28.156000,14269,14270,14269,1
2020-12-24,15:02:28.722000,14269,14270,14270,7
2020-12-24,15:02:28.732000,14269,14270,14270,1
2020-12-24,15:02:30.276000,14269,14270,14270,5
2020-12-24,15:02:31.762000,14269,14270,14269,10
2020-12-24,15:02:33.498000,14269,14270,14269,3
2020-12-24,15:02:33.743000,14269,14270,14269,1
2020-12-24,15:02:34.203000,14269,14270,14269,1
2020-12-24,15:02:34.204000,14269,14270,14269,5
2020-12-24,15:02:34.204000,14269,14270,14269,4
2020-12-24,15:02:36.206000,14268,14269,14269,1
2020-12-24,15:02:38.891000,14268,14269,14268,2
2020-12-24,15:02:39.478000,14268,14269,14269,2
2020-12-24,15:02:40.859000,14268,14269,14269,2
2020-12-24,15:02:41.404000,14269,14270,14269,1
2020-12-24,15:02:45.437000,14269,14270,14269,1
2020-12-24,15:02:45.481000,14269,14270,14269,1
2020-12-24,15:02:46.200000,14269,14270,14269,1
2020-12-24,15:02:46.200000,14269,14270,14269,2
2020-12-24,15:02:46.340000,14268,14270,14268,11
2020-12-24,15:02:46.824000,14268,14269,14269,1
2020-12-24,15:02:47.385000,14268,14269,14269,1
2020-12-24,15:02:47.524000,14268,14269,14269,2
2020-12-24,15:02:53.708000,14268,14269,14269,1
2020-12-24,15:02:53.825000,14268,14269,14268,4
2020-12-24,15:02:53.959000,14268,14269,14268,2
2020-12-24,15:02:54.475000,14268,14269,14268,1
2020-12-24,15:02:54.718000,14268,14269,14268,1
2020-12-24,15:02:55.696000,14268,14269,14269,5
2020-12-24,15:02:56.204000,14268,14269,14268,1
2020-12-24,15:02:56.346000,14268,14269,14268,1
2020-12-24,15:02:56.633000,14268,14269,14268,1
2020-12-24,15:02:57.173000,14267,14268,14268,1
2020-12-24,15:02:57.640000,14267,14268,14268,1
2020-12-24,15:02:59.027000,14267,14268,14267,1
2020-12-24,15:02:59.752000,14267,14268,14268,4
2020-12-24,15:02:59.938000,14268,14269,14269,2
2020-12-24,15:03:00.054000,14268,14269,14268,2
2020-12-24,15:03:00.054000,14268,14269,14268,1
2020-12-24,15:03:00.098000,14268,14269,14268,1
2020-12-24,15:03:00.166000,14268,14269,14268,1
2020-12-24,15:03:02.183000,14268,14269,14268,2
2020-12-24,15:03:02.245000,14268,14269,14268,2
2020-12-24,15:03:02.503000,14268,14269,14268,1
2020-12-24,15:03:02.507000,14268,14269,14268,1
2020-12-24,15:03:02.515000,14268,14269,14268,1
2020-12-24,15:03:02.517000,14268,14269,14268,1
2020-12-24,15:03:02.519000,14268,14269,14268,1
2020-12-24,15:03:02.522000,14268,14269,14268,1
2020-12-24,15:03:02.524000,14268,14269,14268,1
2020-12-24,15:03:02.524000,14268,14269,14268,1
2020-12-24,15:03:02.550000,14268,14269,14267,1
2020-12-24,15:03:02.563000,14268,14269,14267,1
2020-12-24,15:03:02.564000,14268,14269,14267,1
2020-12-24,15:03:02.895000,14267,14268,14267,1
2020-12-24,15:03:03.005000,14267,14268,14268,1
2020-12-24,15:03:03.946000,14267,14268,14268,1
2020-12-24,15:03:06.158000,14267,14268,14268,4
2020-12-24,15:03:06.950000,14268,14269,14268,1
2020-12-24,15:03:07.565000,14268,14269,14268,1
2020-12-24,15:03:09.030000,14268,14269,14268,1
2020-12-24,15:03:10.029000,14268,14269,14268,1
2020-12-24,15:03:21.100000,14268,14269,14268,1
2020-12-24,15:03:22.200000,14268,14269,14268,1
2020-12-24,15:03:22.941000,14268,14269,14269,10
2020-12-24,15:03:22.941000,14268,14269,14269,1
2020-12-24,15:03:23.148000,14269,14270,14270,18
2020-12-24,15:03:23.256000,14269,14270,14271,1
2020-12-24,15:03:23.273000,14270,14271,14271,12
2020-12-24,15:03:23.274000,14270,14271,14271,2
2020-12-24,15:03:23.274000,14270,14271,14271,2
2020-12-24,15:03:23.935000,14270,14271,14270,1
2020-12-24,15:03:27.190000,14270,14271,14271,2
2020-12-24,15:03:27.962000,14270,14271,14271,2
2020-12-24,15:03:29.398000,14270,14271,14270,9
2020-12-24,15:03:29.400000,14270,14271,14270,1
2020-12-24,15:03:30.023000,14269,14270,14269,4
2020-12-24,15:03:30.398000,14268,14269,14268,13
2020-12-24,15:03:30.523000,14267,14268,14267,4
2020-12-24,15:03:31.651000,14267,14268,14267,4
2020-12-24,15:03:31.651000,14267,14268,14267,2
2020-12-24,15:03:31.652000,14267,14268,14267,1
2020-12-24,15:03:31.652000,14267,14268,14267,4
2020-12-24,15:03:32.560000,14266,14267,14267,3
2020-12-24,15:03:32.615000,14266,14267,14266,1
2020-12-24,15:03:32.726000,14266,14267,14267,1
2020-12-24,15:03:32.840000,14266,14267,14266,1
2020-12-24,15:03:33.666000,14266,14267,14266,1
2020-12-24,15:03:33.888000,14266,14267,14267,5
2020-12-24,15:03:35.145000,14267,14268,14267,1
2020-12-24,15:03:36.461000,14266,14267,14267,4
2020-12-24,15:03:36.461000,14266,14267,14268,1
2020-12-24,15:03:36.736000,14267,14268,14267,1
2020-12-24,15:03:37.044000,14267,14268,14268,1
2020-12-24,15:03:37.687000,14267,14268,14267,1
2020-12-24,15:03:37.887000,14267,14268,14268,1
2020-12-24,15:03:38.273000,14267,14268,14268,1
2020-12-24,15:03:38.898000,14267,14268,14268,4
2020-12-24,15:03:38.899000,14267,14268,14268,4
2020-12-24,15:03:39.390000,14268,14269,14268,1
2020-12-24,15:03:40.023000,14267,14268,14268,1
2020-12-24,15:03:43.291000,14269,14270,14269,1
2020-12-24,15:03:45.228000,14270,14271,14271,1
2020-12-24,15:03:45.233000,14270,14271,14270,1
2020-12-24,15:03:45.304000,14270,14271,14270,1
2020-12-24,15:03:46.795000,14270,14271,14270,2
2020-12-24,15:03:48.994000,14270,14271,14271,1
2020-12-24,15:03:49.518000,14270,14271,14270,2
2020-12-24,15:03:50.389000,14270,14271,14270,3
2020-12-24,15:03:51.808000,14270,14271,14271,1
2020-12-24,15:03:53.131000,14270,14271,14270,1
2020-12-24,15:03:55.116000,14270,14271,14270,1
2020-12-24,15:03:56.856000,14270,14271,14270,1
2020-12-24,15:03:57.073000,14270,14271,14271,1
2020-12-24,15:03:59.124000,14270,14271,14270,1
2020-12-24,15:03:59.358000,14270,14271,14271,5
2020-12-24,15:03:59.840000,14270,14271,14270,4
2020-12-24,15:03:59.919000,14269,14270,14270,2
2020-12-24,15:04:01.929000,14270,14271,14271,3
2020-12-24,15:04:02.041000,14270,14271,14270,1
2020-12-24,15:04:02.343000,14270,14271,14271,1
2020-12-24,15:04:02.348000,14270,14271,14270,1
2020-12-24,15:04:02.390000,14270,14271,14269,1
2020-12-24,15:04:13.008000,14269,14270,14270,1
2020-12-24,15:04:18.471000,14269,14270,14270,1
2020-12-24,15:04:18.920000,14269,14270,14270,4
2020-12-24,15:04:25.552000,14270,14271,14270,2
2020-12-24,15:04:28.879000,14270,14271,14270,1
2020-12-24,15:04:30.571000,14270,14271,14270,1
2020-12-24,15:04:33.753000,14270,14271,14270,1
2020-12-24,15:04:34.108000,14270,14271,14271,3
2020-12-24,15:04:34.164000,14270,14271,14271,1
2020-12-24,15:04:36.586000,14270,14271,14270,8
2020-12-24,15:04:45.391000,14269,14270,14270,2
2020-12-24,15:04:50.203000,14269,14270,14270,1
2020-12-24,15:04:50.837000,14269,14270,14270,3
2020-12-24,15:04:51.386000,14269,14270,14270,1
2020-12-24,15:04:53.717000,14269,14270,14269,1
2020-12-24,15:04:54.742000,14269,14270,14269,1
2020-12-24,15:04:55.517000,14269,14270,14269,4
2020-12-24,15:04:55.517000,14269,14270,14269,1
2020-12-24,15:04:55.745000,14268,14269,14269,1
2020-12-24,15:04:57.205000,14268,14269,14269,1
2020-12-24,15:04:57.581000,14268,14269,14268,3
2020-12-24,15:04:59.291000,14268,14269,14268,4
2020-12-24,15:04:59.291000,14268,14269,14268,6
2020-12-24,15:04:59.291000,14268,14269,14268,4
2020-12-24,15:04:59.920000,14267,14268,14268,2
2020-12-24,15:05:01.368000,14267,14268,14268,3
2020-12-24,15:05:01.368000,14267,14268,14269,2
2020-12-24,15:05:01.417000,14268,14269,14268,1
2020-12-24,15:05:01.672000,14268,14269,14269,2
2020-12-24,15:05:02.265000,14269,14270,14269,3
2020-12-24,15:05:02.320000,14268,14269,14268,1
2020-12-24,15:05:05.352000,14268,14269,14268,1
2020-12-24,15:05:08.087000,14268,14269,14269,1
2020-12-24,15:05:08.231000,14268,14269,14269,1
2020-12-24,15:05:08.618000,14268,14269,14269,1
2020-12-24,15:05:13.738000,14269,14270,14269,2
2020-12-24,15:05:25.221000,14269,14270,14269,1
2020-12-24,15:05:25.327000,14269,14270,14270,1
2020-12-24,15:05:25.436000,14269,14270,14269,1
2020-12-24,15:05:25.436000,14269,14270,14268,2
2020-12-24,15:05:29.837000,14268,14269,14269,1
2020-12-24,15:05:30.016000,14268,14269,14269,1
2020-12-24,15:05:33.935000,14269,14270,14269,1
2020-12-24,15:05:34.053000,14269,14270,14270,5
2020-12-24,15:05:40.407000,14269,14270,14269,5
2020-12-24,15:05:41.899000,14269,14270,14270,1
2020-12-24,15:05:42.103000,14269,14270,14269,1
2020-12-24,15:05:42.115000,14269,14270,14269,3
2020-12-24,15:05:42.281000,14269,14270,14269,1
2020-12-24,15:05:45.615000,14269,14270,14270,5
2020-12-24,15:05:45.616000,14269,14270,14270,4
2020-12-24,15:05:45.648000,14269,14270,14270,7
2020-12-24,15:05:45.649000,14269,14270,14270,3
2020-12-24,15:05:45.898000,14270,14271,14271,15
2020-12-24,15:05:46.021000,14270,14271,14271,1
2020-12-24,15:05:46.082000,14271,14272,14271,2
2020-12-24,15:05:49.924000,14271,14272,14272,3
2020-12-24,15:05:50.023000,14271,14272,14272,2
2020-12-24,15:05:52.614000,14271,14272,14271,1
2020-12-24,15:05:54.337000,14271,14272,14271,5
2020-12-24,15:05:56.689000,14269,14270,14270,1
2020-12-24,15:06:00.058000,14270,14271,14271,1
2020-12-24,15:06:00.067000,14270,14271,14272,1
2020-12-24,15:06:00.067000,14270,14271,14272,2
2020-12-24,15:06:00.076000,14270,14271,14272,1
2020-12-24,15:06:00.086000,14270,14271,14272,1
2020-12-24,15:06:00.093000,14270,14271,14272,1
2020-12-24,15:06:00.104000,14270,14271,14272,1
2020-12-24,15:06:00.104000,14270,14271,14272,2
2020-12-24,15:06:00.106000,14270,14271,14272,1
2020-12-24,15:06:00.128000,14270,14271,14272,1
2020-12-24,15:06:00.166000,14270,14272,14270,1
2020-12-24,15:06:00.440000,14270,14272,14270,1
2020-12-24,15:06:00.699000,14270,14272,14272,4
2020-12-24,15:06:02.424000,14270,14271,14271,1
2020-12-24,15:06:02.424000,14270,14271,14272,1
2020-12-24,15:06:03.371000,14270,14271,14271,1
2020-12-24,15:06:03.773000,14270,14271,14270,4
2020-12-24,15:06:04.468000,14270,14271,14270,1
2020-12-24,15:06:06.506000,14269,14271,14271,1
2020-12-24,15:06:07.898000,14270,14271,14270,2
2020-12-24,15:06:18.123000,14270,14271,14271,1
2020-12-24,15:06:21.368000,14270,14271,14271,2
2020-12-24,15:06:24.084000,14270,14271,14270,1
2020-12-24,15:06:27.768000,14270,14271,14271,2
2020-12-24,15:06:28.115000,14271,14272,14271,1
2020-12-24,15:06:28.838000,14271,14272,14271,1
2020-12-24,15:06:29.168000,14271,14272,14271,2
2020-12-24,15:06:29.185000,14271,14272,14271,1
2020-12-24,15:06:31.162000,14270,14271,14270,2
2020-12-24,15:06:31.273000,14270,14271,14270,13
2020-12-24,15:06:34.562000,14269,14270,14270,1
2020-12-24,15:06:35.694000,14270,14271,14271,1
2020-12-24,15:06:44.910000,14270,14271,14271,1
2020-12-24,15:06:47.353000,14270,14271,14270,1
2020-12-24,15:06:48.715000,14270,14271,14270,1
2020-12-24,15:06:55.014000,14270,14271,14270,1
2020-12-24,15:06:55.023000,14270,14271,14270,9
2020-12-24,15:06:55.024000,14270,14271,14270,1
2020-12-24,15:06:55.273000,14269,14270,14269,2
2020-12-24,15:07:00.838000,14269,14270,14269,1
2020-12-24,15:07:00.916000,14269,14270,14269,1
2020-12-24,15:07:02.343000,14269,14270,14269,1
2020-12-24,15:07:02.925000,14269,14270,14270,5
2020-12-24,15:07:03.079000,14269,14270,14269,2
2020-12-24,15:07:03.446000,14269,14270,14269,2
2020-12-24,15:07:04.287000,14269,14270,14269,1
2020-12-24,15:07:04.860000,14269,14270,14269,1
2020-12-24,15:07:05.246000,14269,14270,14269,1
2020-12-24,15:07:06.490000,14268,14269,14269,2
2020-12-24,15:07:07.133000,14268,14269,14268,1
2020-12-24,15:07:10.322000,14268,14269,14268,1
2020-12-24,15:07:11.092000,14268,14269,14269,2
2020-12-24,15:07:14.353000,14268,14269,14268,1
2020-12-24,15:07:14.648000,14268,14269,14268,1
2020-12-24,15:07:14.657000,14268,14269,14268,1
2020-12-24,15:07:14.678000,14268,14269,14268,1
2020-12-24,15:07:14.687000,14268,14269,14268,2
2020-12-24,15:07:15.066000,14268,14269,14268,1
2020-12-24,15:07:19.209000,14268,14269,14268,1
2020-12-24,15:07:20.507000,14268,14269,14268,1
2020-12-24,15:07:29.421000,14268,14269,14268,1
2020-12-24,15:07:30.549000,14268,14269,14268,1
2020-12-24,15:07:32.683000,14268,14269,14268,1
2020-12-24,15:07:37.800000,14268,14269,14269,4
2020-12-24,15:07:38.018000,14269,14270,14269,2
2020-12-24,15:07:38.058000,14269,14270,14270,1
2020-12-24,15:07:43.900000,14268,14269,14268,1
2020-12-24,15:07:47.494000,14268,14269,14269,1
2020-12-24,15:07:53.976000,14269,14270,14269,3
2020-12-24,15:07:57.254000,14269,14270,14270,1
2020-12-24,15:07:58.577000,14269,14270,14269,1
2020-12-24,15:08:03.981000,14269,14270,14269,1
2020-12-24,15:08:04.045000,14269,14270,14269,1
2020-12-24,15:08:04.046000,14269,14270,14269,3
2020-12-24,15:08:11.549000,14268,14269,14269,1
2020-12-24,15:08:11.676000,14268,14269,14269,1
2020-12-24,15:08:16.752000,14268,14269,14269,1
2020-12-24,15:08:19.286000,14268,14269,14268,1
2020-12-24,15:08:19.286000,14268,14269,14268,4
2020-12-24,15:08:19.286000,14268,14269,14268,1
2020-12-24,15:08:19.286000,14268,14269,14268,4
2020-12-24,15:08:19.287000,14268,14269,14268,3
2020-12-24,15:08:20.216000,14267,14268,14267,1
2020-12-24,15:08:24.947000,14267,14268,14267,1
2020-12-24,15:08:26.321000,14267,14268,14267,1
2020-12-24,15:08:30.005000,14267,14268,14267,1
2020-12-24,15:08:33.952000,14267,14268,14267,10
2020-12-24,15:08:34.233000,14267,14268,14267,2
2020-12-24,15:08:34.233000,14267,14268,14267,1
2020-12-24,15:08:34.262000,14267,14268,14267,1
2020-12-24,15:08:34.262000,14267,14268,14267,2
2020-12-24,15:08:34.263000,14267,14268,14267,2
2020-12-24,15:08:34.263000,14267,14268,14267,2
2020-12-24,15:08:34.278000,14266,14267,14266,2
2020-12-24,15:08:34.883000,14266,14267,14267,3
2020-12-24,15:08:34.997000,14267,14268,14267,1
2020-12-24,15:08:40.813000,14266,14267,14266,1
2020-12-24,15:08:44.438000,14266,14267,14266,1
2020-12-24,15:08:48.332000,14266,14267,14266,10
2020-12-24,15:08:48.775000,14266,14267,14266,1
2020-12-24,15:08:51.277000,14266,14267,14266,1
2020-12-24,15:08:51.576000,14266,14267,14266,1
2020-12-24,15:08:53.459000,14266,14267,14266,1
2020-12-24,15:08:53.492000,14266,14267,14266,3
2020-12-24,15:08:58.733000,14266,14267,14266,1
2020-12-24,15:08:59.538000,14266,14267,14266,2
2020-12-24,15:09:15.867000,14266,14267,14266,2
2020-12-24,15:09:15.917000,14266,14267,14266,1
2020-12-24,15:09:17.906000,14266,14267,14266,2
2020-12-24,15:09:20.864000,14265,14266,14266,1
2020-12-24,15:09:20.898000,14265,14266,14266,1
2020-12-24,15:09:21.112000,14266,14267,14266,1
2020-12-24,15:09:21.273000,14265,14266,14266,2
2020-12-24,15:09:27.250000,14266,14267,14266,2
2020-12-24,15:09:28.195000,14266,14267,14266,1
2020-12-24,15:09:28.195000,14266,14267,14265,2
2020-12-24,15:09:28.306000,14266,14267,14266,1
2020-12-24,15:09:28.499000,14266,14267,14266,1
2020-12-24,15:09:28.509000,14266,14267,14265,1
2020-12-24,15:09:28.648000,14265,14266,14266,2
2020-12-24,15:09:29.277000,14266,14267,14266,1
2020-12-24,15:09:37.832000,14266,14267,14267,2
2020-12-24,15:09:37.898000,14266,14267,14267,8
2020-12-24,15:09:37.899000,14266,14267,14267,2
2020-12-24,15:09:39.377000,14267,14268,14267,2
2020-12-24,15:09:39.377000,14267,14268,14266,1
2020-12-24,15:09:39.398000,14266,14267,14267,2
2020-12-24,15:09:39.523000,14266,14267,14267,2
2020-12-24,15:09:39.648000,14266,14267,14267,2
2020-12-24,15:09:42.523000,14267,14268,14268,4
2020-12-24,15:09:42.524000,14267,14268,14268,1
2020-12-24,15:09:42.648000,14268,14269,14269,7
2020-12-24,15:09:42.853000,14268,14269,14269,3
2020-12-24,15:09:54.122000,14269,14270,14269,1
2020-12-24,15:09:54.555000,14268,14269,14269,2
2020-12-24,15:09:57.591000,14269,14270,14269,1
2020-12-24,15:10:02.342000,14269,14270,14269,1
2020-12-24,15:10:02.415000,14269,14270,14269,1
2020-12-24,15:10:10.861000,14269,14270,14269,5
2020-12-24,15:10:17.166000,14269,14270,14269,1
2020-12-24,15:10:17.350000,14269,14270,14269,1
2020-12-24,15:10:19.647000,14269,14270,14269,1
2020-12-24,15:10:30.287000,14269,14270,14270,4
2020-12-24,15:10:30.287000,14269,14270,14270,19
2020-12-24,15:10:30.288000,14269,14270,14270,2
2020-12-24,15:10:34.567000,14270,14271,14271,3
2020-12-24,15:10:34.704000,14270,14271,14270,2
2020-12-24,15:10:45.605000,14269,14270,14269,1
2020-12-24,15:10:55.012000,14269,14270,14270,1
2020-12-24,15:10:55.092000,14269,14270,14269,1
2020-12-24,15:11:03.959000,14269,14270,14270,1
2020-12-24,15:11:05.289000,14269,14270,14270,1
2020-12-24,15:11:06.285000,14269,14270,14270,1
2020-12-24,15:11:06.364000,14269,14270,14269,1
2020-12-24,15:11:07.041000,14269,14270,14269,5
2020-12-24,15:11:07.042000,14269,14270,14269,2
2020-12-24,15:11:19.209000,14268,14269,14269,2
2020-12-24,15:11:19.223000,14268,14269,14269,1
2020-12-24,15:11:21.700000,14269,14270,14269,1
2020-12-24,15:11:23.877000,14269,14270,14269,1
2020-12-24,15:11:23.877000,14269,14270,14269,2
2020-12-24,15:11:26.307000,14268,14269,14269,1
2020-12-24,15:11:28.092000,14268,14269,14269,1
2020-12-24,15:11:29.181000,14268,14269,14268,1
2020-12-24,15:11:36.835000,14268,14269,14268,2
2020-12-24,15:11:39.983000,14268,14269,14268,1
2020-12-24,15:11:39.984000,14268,14269,14268,2
2020-12-24,15:11:40.228000,14267,14268,14268,2
2020-12-24,15:11:50.745000,14267,14268,14268,5
2020-12-24,15:11:53.871000,14268,14269,14268,1
2020-12-24,15:11:55.875000,14268,14269,14268,1
2020-12-24,15:12:01.842000,14268,14269,14268,1
2020-12-24,15:12:02.084000,14268,14269,14269,2
2020-12-24,15:12:02.084000,14268,14269,14269,4
2020-12-24,15:12:02.084000,14268,14269,14270,19
2020-12-24,15:12:02.084000,14268,14269,14271,7
2020-12-24,15:12:02.100000,14268,14269,14271,7
2020-12-24,15:12:02.100000,14268,14269,14272,8
2020-12-24,15:12:02.111000,14268,14269,14272,2
2020-12-24,15:12:02.191000,14271,14272,14272,3
2020-12-24,15:12:02.214000,14271,14272,14272,3
2020-12-24,15:12:02.274000,14271,14272,14271,1
2020-12-24,15:12:02.274000,14271,14272,14271,1
2020-12-24,15:12:02.403000,14271,14272,14272,1
2020-12-24,15:12:02.409000,14271,14272,14272,1
2020-12-24,15:12:02.413000,14271,14272,14271,2
2020-12-24,15:12:14.291000,14270,14271,14271,1
2020-12-24,15:12:14.733000,14270,14271,14271,1
2020-12-24,15:12:14.900000,14270,14271,14271,1
2020-12-24,15:12:15.495000,14270,14271,14271,6
2020-12-24,15:12:19.600000,14270,14271,14271,1
2020-12-24,15:12:23.807000,14270,14271,14270,1
2020-12-24,15:12:46.413000,14270,14271,14270,2
2020-12-24,15:12:49.988000,14270,14271,14270,1
2020-12-24,15:12:50.197000,14270,14271,14271,1
2020-12-24,15:12:55.712000,14270,14271,14270,1
2020-12-24,15:13:02.762000,14270,14271,14271,4
2020-12-24,15:13:16.124000,14270,14271,14271,4
2020-12-24,15:13:16.124000,14270,14271,14272,1
2020-12-24,15:13:19.359000,14270,14271,14271,2
2020-12-24,15:13:19.359000,14270,14271,14272,3
2020-12-24,15:13:20.595000,14271,14272,14271,1
2020-12-24,15:13:33.061000,14271,14272,14271,3
2020-12-24,15:13:34.190000,14270,14271,14271,1
2020-12-24,15:13:38.739000,14270,14271,14270,2
2020-12-24,15:13:52.599000,14271,14272,14271,2
2020-12-24,15:13:57.129000,14271,14272,14271,1
2020-12-24,15:14:00.141000,14271,14272,14271,1
2020-12-24,15:14:02.730000,14271,14272,14272,3
2020-12-24,15:14:09.061000,14271,14272,14271,3
2020-12-24,15:14:09.309000,14271,14272,14271,2
2020-12-24,15:14:14.944000,14270,14271,14271,1
2020-12-24,15:14:24.885000,14270,14271,14270,3
2020-12-24,15:14:24.898000,14270,14271,14270,5
2020-12-24,15:14:26.312000,14269,14270,14270,2
2020-12-24,15:14:26.312000,14269,14270,14271,1
2020-12-24,15:14:27.380000,14269,14270,14270,1
2020-12-24,15:14:32.398000,14269,14270,14269,3
2020-12-24,15:14:32.688000,14269,14270,14270,1
2020-12-24,15:14:38.817000,14268,14269,14269,1
2020-12-24,15:14:38.871000,14268,14269,14269,2
2020-12-24,15:14:38.873000,14268,14269,14269,2
2020-12-24,15:14:39.077000,14268,14269,14269,1
2020-12-24,15:14:50.562000,14268,14269,14269,1
2020-12-24,15:14:52.300000,14268,14269,14268,1
2020-12-24,15:14:55.018000,14268,14269,14269,1
2020-12-24,15:14:55.331000,14269,14270,14269,1
2020-12-24,15:15:11.863000,14269,14270,14270,1
2020-12-24,15:15:12.492000,14269,14270,14270,5
2020-12-24,15:15:12.492000,14269,14270,14270,5
2020-12-24,15:15:12.493000,14269,14270,14270,2
2020-12-24,15:15:13.140000,14270,14271,14270,1
2020-12-24,15:15:18.207000,14270,14271,14270,2
2020-12-24,15:15:20.553000,14270,14271,14270,1
2020-12-24,15:15:20.553000,14270,14271,14270,1
2020-12-24,15:15:26.508000,14269,14270,14269,4
2020-12-24,15:15:26.508000,14269,14270,14268,1
2020-12-24,15:15:26.523000,14269,14270,14269,2
2020-12-24,15:15:34.951000,14268,14269,14268,1
2020-12-24,15:15:34.951000,14268,14269,14268,3
2020-12-24,15:15:48.240000,14267,14268,14267,3
2020-12-24,15:15:51.526000,14267,14268,14267,1
2020-12-24,15:15:53.131000,14267,14268,14267,2
2020-12-24,15:16:06.290000,14267,14268,14267,1
2020-12-24,15:16:08.514000,14267,14268,14267,3
2020-12-24,15:16:08.515000,14267,14268,14267,1
2020-12-24,15:16:08.525000,14266,14267,14267,1
2020-12-24,15:16:08.526000,14266,14267,14268,1
2020-12-24,15:16:15.986000,14267,14268,14267,1
2020-12-24,15:16:16.282000,14267,14268,14267,1
2020-12-24,15:16:20.595000,14266,14267,14267,5
2020-12-24,15:16:23.318000,14267,14268,14267,2
2020-12-24,15:16:24.177000,14267,14268,14267,1
2020-12-24,15:16:24.540000,14267,14268,14267,1
2020-12-24,15:16:24.542000,14267,14268,14267,2
2020-12-24,15:16:25.349000,14267,14268,14267,5
2020-12-24,15:16:28.891000,14267,14268,14268,10
2020-12-24,15:16:28.891000,14267,14268,14269,17
2020-12-24,15:16:28.891000,14267,14268,14270,33
2020-12-24,15:16:28.898000,14269,14270,14270,1
2020-12-24,15:16:29.754000,14270,14271,14270,1
2020-12-24,15:16:29.755000,14270,14271,14270,1
2020-12-24,15:16:29.755000,14270,14271,14270,1
2020-12-24,15:16:29.773000,14269,14270,14270,2
2020-12-24,15:16:29.774000,14269,14270,14270,1
2020-12-24,15:16:29.898000,14269,14270,14270,2
2020-12-24,15:16:30.023000,14269,14270,14270,1
2020-12-24,15:16:33.070000,14270,14271,14270,3
2020-12-24,15:16:33.070000,14270,14271,14269,7
2020-12-24,15:16:33.071000,14270,14271,14270,1
2020-12-24,15:16:39.999000,14270,14271,14270,1
2020-12-24,15:16:48.896000,14270,14271,14271,5
2020-12-24,15:16:48.898000,14270,14271,14271,3
2020-12-24,15:16:48.900000,14270,14271,14271,1
2020-12-24,15:16:49.023000,14270,14271,14271,1
2020-12-24,15:16:54.167000,14270,14271,14270,1
2020-12-24,15:16:56.640000,14270,14271,14270,2
2020-12-24,15:16:56.642000,14270,14271,14270,1
2020-12-24,15:16:57.887000,14270,14271,14270,2
2020-12-24,15:17:02.494000,14270,14271,14270,4
2020-12-24,15:17:02.896000,14269,14270,14270,1
2020-12-24,15:17:02.896000,14269,14270,14271,1
2020-12-24,15:17:03.013000,14270,14271,14271,1
2020-12-24,15:17:10.672000,14270,14271,14271,1
2020-12-24,15:17:16.927000,14270,14271,14271,5
2020-12-24,15:17:17.481000,14270,14272,14270,2
2020-12-24,15:17:19.813000,14270,14271,14270,1
2020-12-24,15:17:22.445000,14271,14272,14271,2
2020-12-24,15:17:28.798000,14271,14272,14271,1
2020-12-24,15:17:29.361000,14271,14272,14271,1
2020-12-24,15:17:30.451000,14271,14272,14271,1
2020-12-24,15:17:49.491000,14270,14271,14270,3
2020-12-24,15:18:01.317000,14270,14271,14270,1
2020-12-24,15:18:01.961000,14270,14271,14271,1
2020-12-24,15:18:02.406000,14270,14271,14270,1
2020-12-24,15:18:08.015000,14270,14271,14270,1
2020-12-24,15:18:11.096000,14270,14271,14271,3
2020-12-24,15:18:14.043000,14270,14271,14270,1
2020-12-24,15:18:16.681000,14270,14271,14270,1
2020-12-24,15:18:18.034000,14270,14271,14271,1
2020-12-24,15:18:18.977000,14270,14271,14270,1
2020-12-24,15:18:26.698000,14270,14271,14271,3
2020-12-24,15:18:56.125000,14270,14271,14271,2
2020-12-24,15:18:58.699000,14270,14271,14271,1
2020-12-24,15:19:00.018000,14270,14271,14271,3
2020-12-24,15:19:00.085000,14270,14271,14271,4
2020-12-24,15:19:00.085000,14270,14271,14271,2
2020-12-24,15:19:01.776000,14271,14272,14271,1
2020-12-24,15:19:09.475000,14270,14271,14271,3
2020-12-24,15:19:16.042000,14271,14272,14271,1
2020-12-24,15:19:17.053000,14271,14272,14272,1
2020-12-24,15:19:23.435000,14271,14272,14272,1
2020-12-24,15:19:29.677000,14271,14272,14272,1
2020-12-24,15:19:29.780000,14271,14272,14271,1
2020-12-24,15:19:32.117000,14271,14272,14272,1
2020-12-24,15:19:35.667000,14271,14272,14271,1
2020-12-24,15:19:38.314000,14271,14272,14271,1
2020-12-24,15:19:39.667000,14271,14272,14271,1
2020-12-24,15:19:41.056000,14271,14272,14271,2
2020-12-24,15:19:44.415000,14271,14272,14271,1
2020-12-24,15:19:44.682000,14271,14272,14271,1
2020-12-24,15:19:45.247000,14271,14272,14271,1
2020-12-24,15:19:45.269000,14271,14272,14271,1
2020-12-24,15:19:49.698000,14271,14272,14271,1
2020-12-24,15:19:54.186000,14271,14272,14272,1
2020-12-24,15:19:55.500000,14271,14272,14271,1
2020-12-24,15:20:00.302000,14271,14272,14271,1
2020-12-24,15:20:01.636000,14271,14272,14272,4
2020-12-24,15:20:01.815000,14271,14272,14272,8
2020-12-24,15:20:01.816000,14271,14272,14272,4
2020-12-24,15:20:01.816000,14271,14272,14272,4
2020-12-24,15:20:01.955000,14272,14273,14273,2
2020-12-24,15:20:02.050000,14272,14273,14273,1
2020-12-24,15:20:02.956000,14272,14273,14273,4
2020-12-24,15:20:02.957000,14272,14273,14273,4
2020-12-24,15:20:02.957000,14272,14273,14273,1
2020-12-24,15:20:02.957000,14272,14273,14273,7
2020-12-24,15:20:03.069000,14272,14273,14273,2
2020-12-24,15:20:03.113000,14272,14273,14274,4
2020-12-24,15:20:03.211000,14272,14274,14272,1
2020-12-24,15:20:04.144000,14272,14273,14273,2
2020-12-24,15:20:04.144000,14272,14273,14274,3
2020-12-24,15:20:06.378000,14272,14273,14273,1
2020-12-24,15:20:13.147000,14272,14273,14273,2
2020-12-24,15:20:13.779000,14272,14273,14273,2
2020-12-24,15:20:14.363000,14272,14273,14273,2
2020-12-24,15:20:14.924000,14272,14273,14273,1
2020-12-24,15:20:14.946000,14272,14273,14274,2
2020-12-24,15:20:15.540000,14272,14274,14274,4
2020-12-24,15:20:15.712000,14273,14274,14273,1
2020-12-24,15:20:20.226000,14273,14274,14273,1
2020-12-24,15:20:29.962000,14273,14274,14274,4
2020-12-24,15:20:29.962000,14273,14274,14275,2
2020-12-24,15:20:30.073000,14274,14275,14275,3
2020-12-24,15:20:30.076000,14274,14275,14275,1
2020-12-24,15:20:30.077000,14274,14275,14275,2
2020-12-24,15:20:30.099000,14274,14275,14275,1
2020-12-24,15:20:31.084000,14274,14275,14274,1
2020-12-24,15:20:31.646000,14274,14275,14274,1
2020-12-24,15:20:32.673000,14274,14275,14274,1
2020-12-24,15:20:33.486000,14274,14275,14274,1
2020-12-24,15:20:34.800000,14274,14275,14274,1
2020-12-24,15:20:35.717000,14274,14275,14275,5
2020-12-24,15:20:37.005000,14274,14275,14275,1
2020-12-24,15:20:37.311000,14274,14275,14275,1
2020-12-24,15:20:37.311000,14274,14275,14275,2
2020-12-24,15:20:37.311000,14274,14275,14275,4
2020-12-24,15:20:37.311000,14274,14275,14275,5
2020-12-24,15:20:37.311000,14274,14275,14275,6
2020-12-24,15:20:37.311000,14274,14275,14275,4
2020-12-24,15:20:37.312000,14274,14275,14275,2
2020-12-24,15:20:39.281000,14275,14276,14276,5
2020-12-24,15:20:39.407000,14275,14276,14276,2
2020-12-24,15:20:40.348000,14275,14276,14276,3
2020-12-24,15:20:43.835000,14275,14276,14275,1
2020-12-24,15:20:44.118000,14275,14276,14276,1
2020-12-24,15:20:49.342000,14275,14276,14275,1
2020-12-24,15:20:51.735000,14275,14276,14276,1
2020-12-24,15:20:51.963000,14275,14276,14276,1
2020-12-24,15:20:52.518000,14275,14276,14275,2
2020-12-24,15:20:53.310000,14275,14276,14276,1
2020-12-24,15:20:55.381000,14275,14276,14276,2
2020-12-24,15:20:55.435000,14275,14276,14276,1
2020-12-24,15:20:59.407000,14275,14276,14276,3
2020-12-24,15:20:59.494000,14275,14276,14276,2
2020-12-24,15:20:59.494000,14275,14276,14277,19
2020-12-24,15:20:59.494000,14275,14276,14278,4
2020-12-24,15:20:59.544000,14276,14277,14277,2
2020-12-24,15:20:59.564000,14276,14277,14277,2
2020-12-24,15:20:59.588000,14276,14277,14277,1
2020-12-24,15:20:59.625000,14276,14277,14277,1
2020-12-24,15:20:59.749000,14276,14277,14277,1
2020-12-24,15:20:59.799000,14276,14278,14278,1
2020-12-24,15:21:06.820000,14277,14278,14278,1
2020-12-24,15:21:07.607000,14277,14278,14278,5
2020-12-24,15:21:10.055000,14277,14278,14278,1
2020-12-24,15:21:10.394000,14277,14278,14278,1
2020-12-24,15:21:10.882000,14277,14278,14277,1
2020-12-24,15:21:10.940000,14276,14278,14277,1
2020-12-24,15:21:11.076000,14276,14277,14277,1
2020-12-24,15:21:11.361000,14276,14277,14277,2
2020-12-24,15:21:11.455000,14277,14278,14278,1
2020-12-24,15:21:11.919000,14276,14278,14278,1
2020-12-24,15:21:12.448000,14276,14278,14276,1
2020-12-24,15:21:14.464000,14276,14277,14277,1
2020-12-24,15:21:19.978000,14276,14277,14277,1
2020-12-24,15:21:22.140000,14276,14277,14277,5
2020-12-24,15:21:23.671000,14276,14277,14277,1
2020-12-24,15:21:23.926000,14276,14277,14277,2
2020-12-24,15:21:24.252000,14277,14278,14278,1
2020-12-24,15:21:25.284000,14277,14278,14277,1
2020-12-24,15:21:25.766000,14276,14277,14277,2
2020-12-24,15:21:25.766000,14276,14277,14278,2
2020-12-24,15:21:29.391000,14276,14278,14278,1
2020-12-24,15:21:29.966000,14276,14278,14278,1
2020-12-24,15:21:30.349000,14276,14278,14278,1
2020-12-24,15:21:32.626000,14276,14278,14278,2
2020-12-24,15:21:36.755000,14276,14278,14278,2
2020-12-24,15:21:37.229000,14277,14278,14277,2
2020-12-24,15:21:37.455000,14277,14278,14277,1
2020-12-24,15:21:38.591000,14276,14277,14277,1
2020-12-24,15:21:39.692000,14276,14278,14278,1
2020-12-24,15:21:42.332000,14277,14278,14277,1
2020-12-24,15:21:42.962000,14277,14278,14277,1
2020-12-24,15:21:50.032000,14276,14277,14277,1
2020-12-24,15:21:53.610000,14276,14277,14276,1
2020-12-24,15:21:57.574000,14276,14277,14276,1
2020-12-24,15:22:03.471000,14276,14277,14277,1
2020-12-24,15:22:05.297000,14276,14277,14277,2
2020-12-24,15:22:05.334000,14276,14277,14277,2
2020-12-24,15:22:08.639000,14276,14278,14276,1
2020-12-24,15:22:08.905000,14276,14277,14277,1
2020-12-24,15:22:09.550000,14276,14277,14277,4
2020-12-24,15:22:09.648000,14277,14278,14277,3
2020-12-24,15:22:17.889000,14276,14277,14277,1
2020-12-24,15:22:19.648000,14276,14277,14276,21
2020-12-24,15:22:19.649000,14276,14277,14276,3
2020-12-24,15:22:19.651000,14276,14277,14276,2
2020-12-24,15:22:19.652000,14276,14277,14276,1
2020-12-24,15:22:19.773000,14275,14277,14275,6
2020-12-24,15:22:28.754000,14275,14276,14275,10
2020-12-24,15:22:28.754000,14275,14276,14275,1
2020-12-24,15:22:34.177000,14274,14275,14274,1
2020-12-24,15:22:34.355000,14274,14275,14275,1
2020-12-24,15:22:35.805000,14274,14275,14274,1
2020-12-24,15:22:39.612000,14274,14275,14275,1
2020-12-24,15:22:43.363000,14274,14275,14275,5
2020-12-24,15:22:53.149000,14274,14275,14274,1
2020-12-24,15:23:04.633000,14274,14275,14274,2
2020-12-24,15:23:09.507000,14274,14275,14275,1
2020-12-24,15:23:09.781000,14274,14275,14275,1
2020-12-24,15:23:09.932000,14274,14275,14274,1
2020-12-24,15:23:13.222000,14274,14275,14275,3
2020-12-24,15:23:21.537000,14274,14275,14274,1
2020-12-24,15:23:31.550000,14274,14275,14274,4
2020-12-24,15:23:31.550000,14274,14275,14274,2
2020-12-24,15:23:31.550000,14274,14275,14274,11
2020-12-24,15:23:31.551000,14274,14275,14274,3
2020-12-24,15:23:31.941000,14273,14274,14273,2
2020-12-24,15:23:34.358000,14272,14273,14273,3
2020-12-24,15:23:36.090000,14272,14273,14273,1
2020-12-24,15:23:36.148000,14272,14273,14273,2
2020-12-24,15:23:37.304000,14273,14274,14273,1
2020-12-24,15:23:46.773000,14272,14273,14273,3
2020-12-24,15:23:53.465000,14272,14273,14273,1
2020-12-24,15:23:54.389000,14272,14273,14272,2
2020-12-24,15:23:58.965000,14272,14274,14272,12
2020-12-24,15:24:04.483000,14271,14272,14272,2
2020-12-24,15:24:14.891000,14271,14272,14272,1
2020-12-24,15:24:19.877000,14271,14272,14272,3
2020-12-24,15:24:35.266000,14271,14272,14271,1
2020-12-24,15:24:35.820000,14271,14272,14271,3
2020-12-24,15:24:40.698000,14271,14272,14271,5
2020-12-24,15:24:40.957000,14271,14272,14271,1
2020-12-24,15:24:50.844000,14271,14272,14271,3
2020-12-24,15:24:51.189000,14271,14272,14271,1
2020-12-24,15:24:52.477000,14271,14272,14271,1
2020-12-24,15:24:58.681000,14271,14272,14271,2
2020-12-24,15:25:02.990000,14271,14272,14271,1
2020-12-24,15:25:04.145000,14271,14272,14272,1
2020-12-24,15:25:10.161000,14271,14272,14271,1
2020-12-24,15:25:11.327000,14271,14272,14271,1
2020-12-24,15:25:14.411000,14271,14272,14272,2
2020-12-24,15:25:14.545000,14271,14272,14271,3
2020-12-24,15:25:15.813000,14271,14272,14271,1
2020-12-24,15:25:15.912000,14271,14272,14271,4
2020-12-24,15:25:15.912000,14271,14272,14271,1
2020-12-24,15:25:17.690000,14270,14271,14271,1
2020-12-24,15:25:26.933000,14270,14271,14270,1
2020-12-24,15:25:28.092000,14270,14271,14271,1
2020-12-24,15:25:30.852000,14270,14271,14271,1
2020-12-24,15:25:32.125000,14271,14272,14271,2
2020-12-24,15:25:34.501000,14271,14272,14271,1
2020-12-24,15:25:43.698000,14271,14272,14271,2
2020-12-24,15:25:46.609000,14271,14272,14271,2
2020-12-24,15:25:53.889000,14271,14272,14271,1
2020-12-24,15:26:05.402000,14271,14272,14271,2
2020-12-24,15:26:10.461000,14271,14272,14271,1
2020-12-24,15:26:10.630000,14271,14272,14271,1
2020-12-24,15:26:11.613000,14271,14272,14271,1
2020-12-24,15:26:20.026000,14271,14272,14271,1
2020-12-24,15:26:30.167000,14271,14272,14271,2
2020-12-24,15:26:38.338000,14271,14272,14272,1
2020-12-24,15:26:43.262000,14271,14272,14272,10
2020-12-24,15:26:48.036000,14271,14272,14272,1
2020-12-24,15:27:07.975000,14271,14272,14272,1
2020-12-24,15:27:10.059000,14271,14272,14272,2
2020-12-24,15:27:24.104000,14271,14272,14272,1
2020-12-24,15:27:25.870000,14271,14272,14272,1
2020-12-24,15:27:39.867000,14271,14272,14272,1
2020-12-24,15:27:46.391000,14271,14272,14272,1
2020-12-24,15:27:57.113000,14271,14272,14271,1
2020-12-24,15:28:01.166000,14271,14272,14271,1
2020-12-24,15:28:04.133000,14271,14272,14271,2
2020-12-24,15:28:05.777000,14271,14272,14271,2
2020-12-24,15:28:06.976000,14271,14272,14271,4
2020-12-24,15:28:12.734000,14271,14272,14271,1
2020-12-24,15:28:13.827000,14271,14272,14271,1
2020-12-24,15:28:20.678000,14271,14272,14271,2
2020-12-24,15:28:21.376000,14271,14272,14271,1
2020-12-24,15:28:26.138000,14271,14272,14271,1
2020-12-24,15:28:49.129000,14271,14272,14271,1
2020-12-24,15:28:49.644000,14271,14272,14271,1
2020-12-24,15:28:58.660000,14271,14272,14271,1
2020-12-24,15:28:59.384000,14271,14272,14272,1
2020-12-24,15:29:07.503000,14271,14272,14271,1
2020-12-24,15:29:10.640000,14271,14272,14272,2
2020-12-24,15:29:14.116000,14271,14272,14271,1
2020-12-24,15:29:27.566000,14271,14272,14271,1
2020-12-24,15:29:35.425000,14271,14272,14271,1
2020-12-24,15:29:40.120000,14271,14272,14271,1
2020-12-24,15:29:58.053000,14271,14272,14271,1
2020-12-24,15:30:05.647000,14271,14272,14271,4
2020-12-24,15:30:05.879000,14271,14272,14272,1
2020-12-24,15:30:05.899000,14271,14272,14272,1
2020-12-24,15:30:05.905000,14271,14272,14272,1
2020-12-24,15:30:06.118000,14271,14272,14272,2
2020-12-24,15:30:06.869000,14271,14272,14272,1
2020-12-24,15:30:07.048000,14271,14272,14272,1
2020-12-24,15:30:10.435000,14271,14272,14271,5
2020-12-24,15:30:10.436000,14271,14272,14271,1
2020-12-24,15:30:19.798000,14270,14271,14271,1
2020-12-24,15:30:32.404000,14270,14271,14271,1
2020-12-24,15:30:33.139000,14270,14271,14270,1
2020-12-24,15:30:39.738000,14270,14271,14270,1
2020-12-24,15:30:53.605000,14270,14271,14270,3
2020-12-24,15:30:56.730000,14270,14271,14270,1
2020-12-24,15:31:06.191000,14270,14271,14270,1
2020-12-24,15:31:06.192000,14270,14271,14270,4
2020-12-24,15:31:06.192000,14270,14271,14270,1
2020-12-24,15:31:06.192000,14270,14271,14270,2
2020-12-24,15:31:06.192000,14270,14271,14270,6
2020-12-24,15:31:06.193000,14270,14271,14270,2
2020-12-24,15:31:06.648000,14269,14270,14269,5
2020-12-24,15:31:06.648000,14269,14270,14269,4
2020-12-24,15:31:06.866000,14268,14270,14268,1
2020-12-24,15:31:07.073000,14268,14269,14268,1
2020-12-24,15:31:13.728000,14268,14269,14269,1
2020-12-24,15:31:19.757000,14268,14269,14268,1
2020-12-24,15:31:21.077000,14268,14269,14268,1
2020-12-24,15:31:21.777000,14268,14269,14268,1
2020-12-24,15:31:22.023000,14268,14269,14268,4
2020-12-24,15:31:22.024000,14268,14269,14268,12
2020-12-24,15:31:22.024000,14268,14269,14268,3
2020-12-24,15:31:25.616000,14267,14268,14267,1
2020-12-24,15:31:25.674000,14267,14268,14267,1
2020-12-24,15:31:27.484000,14267,14268,14267,1
2020-12-24,15:31:31.024000,14266,14267,14266,1
2020-12-24,15:31:31.317000,14266,14267,14267,1
2020-12-24,15:31:31.992000,14266,14267,14267,1
2020-12-24,15:31:35.173000,14266,14267,14267,1
2020-12-24,15:31:35.531000,14266,14267,14266,1
2020-12-24,15:31:37.175000,14266,14267,14266,1
2020-12-24,15:31:39.071000,14266,14267,14266,2
2020-12-24,15:31:41.491000,14266,14267,14266,1
2020-12-24,15:31:42.080000,14266,14267,14267,1
2020-12-24,15:31:42.681000,14266,14267,14267,2
2020-12-24,15:31:43.105000,14266,14267,14267,2
2020-12-24,15:31:43.106000,14266,14267,14267,3
2020-12-24,15:31:44.140000,14267,14268,14267,1
2020-12-24,15:31:47.982000,14267,14268,14267,1
2020-12-24,15:31:51.273000,14267,14268,14268,5
2020-12-24,15:31:52.353000,14268,14269,14268,1
2020-12-24,15:31:52.523000,14268,14269,14269,15
2020-12-24,15:31:52.524000,14268,14269,14269,4
2020-12-24,15:31:52.648000,14269,14270,14270,8
2020-12-24,15:31:52.762000,14269,14270,14269,1
2020-12-24,15:31:59.273000,14270,14271,14271,2
2020-12-24,15:32:00.536000,14270,14271,14271,1
2020-12-24,15:32:08.674000,14270,14271,14270,5
2020-12-24,15:32:08.807000,14269,14271,14270,2
2020-12-24,15:32:08.812000,14269,14271,14270,1
2020-12-24,15:32:10.677000,14269,14270,14270,1
2020-12-24,15:32:17.062000,14268,14270,14270,2
2020-12-24,15:32:17.256000,14269,14270,14270,1
2020-12-24,15:32:22.581000,14270,14271,14270,2
2020-12-24,15:32:26.775000,14270,14271,14270,1
2020-12-24,15:32:31.398000,14270,14271,14271,1
2020-12-24,15:32:31.758000,14270,14271,14270,2
2020-12-24,15:32:33.950000,14270,14271,14270,1
2020-12-24,15:32:35.223000,14270,14271,14270,2
2020-12-24,15:32:37.623000,14269,14270,14270,1
2020-12-24,15:32:51.042000,14269,14270,14269,1
2020-12-24,15:32:51.044000,14269,14270,14269,1
2020-12-24,15:32:51.084000,14269,14270,14269,1
2020-12-24,15:32:51.122000,14269,14270,14269,1
2020-12-24,15:33:05.037000,14268,14269,14269,2
2020-12-24,15:33:05.551000,14269,14270,14270,1
2020-12-24,15:33:17.692000,14269,14270,14269,1
2020-12-24,15:33:17.712000,14269,14270,14270,1
2020-12-24,15:33:18.906000,14269,14270,14269,2
2020-12-24,15:33:28.178000,14269,14270,14269,1
2020-12-24,15:33:55.702000,14269,14270,14270,2
2020-12-24,15:33:55.702000,14269,14270,14270,2
2020-12-24,15:34:05.768000,14269,14270,14270,2
2020-12-24,15:34:10.787000,14269,14270,14270,2
2020-12-24,15:34:10.787000,14269,14270,14271,1
2020-12-24,15:34:15.236000,14270,14271,14270,1
2020-12-24,15:34:26.218000,14269,14270,14270,3
2020-12-24,15:34:40.927000,14269,14270,14270,1
2020-12-24,15:34:51.992000,14269,14270,14270,1
2020-12-24,15:35:00.332000,14269,14270,14269,1
2020-12-24,15:35:01.481000,14269,14270,14270,1
2020-12-24,15:35:08.702000,14269,14270,14270,2
2020-12-24,15:35:17.705000,14269,14270,14270,4
2020-12-24,15:35:27.431000,14269,14270,14270,3
2020-12-24,15:35:44.541000,14270,14271,14270,1
2020-12-24,15:35:59.902000,14269,14270,14270,1
2020-12-24,15:36:02.821000,14269,14270,14270,4
2020-12-24,15:36:03.396000,14270,14271,14270,1
2020-12-24,15:36:22.296000,14269,14270,14269,1
2020-12-24,15:37:08.211000,14269,14270,14269,2
2020-12-24,15:37:08.211000,14269,14270,14269,3
2020-12-24,15:37:08.212000,14269,14270,14269,2
2020-12-24,15:37:08.273000,14269,14270,14269,2
2020-12-24,15:37:08.645000,14268,14269,14268,2
2020-12-24,15:37:08.646000,14268,14269,14268,6
2020-12-24,15:37:08.648000,14268,14269,14268,2
2020-12-24,15:37:08.795000,14267,14268,14267,5
2020-12-24,15:37:09.372000,14267,14268,14268,1
2020-12-24,15:37:10.102000,14267,14268,14267,1
2020-12-24,15:37:15.786000,14268,14269,14268,1
2020-12-24,15:37:26.572000,14268,14269,14268,1
2020-12-24,15:37:27.190000,14268,14269,14268,2
2020-12-24,15:37:27.856000,14268,14269,14268,1
2020-12-24,15:37:27.856000,14268,14269,14267,3
2020-12-24,15:37:34.482000,14268,14269,14268,1
2020-12-24,15:37:34.482000,14268,14269,14267,9
2020-12-24,15:37:40.800000,14267,14269,14267,1
2020-12-24,15:37:51.056000,14267,14268,14268,1
2020-12-24,15:37:52.586000,14267,14268,14268,1
2020-12-24,15:37:57.659000,14267,14269,14269,2
2020-12-24,15:38:13.691000,14267,14268,14268,1
2020-12-24,15:38:31.597000,14267,14268,14267,3
2020-12-24,15:38:32.555000,14267,14268,14268,1
2020-12-24,15:38:41.431000,14267,14268,14267,1
2020-12-24,15:38:52.960000,14267,14268,14267,1
2020-12-24,15:38:58.709000,14266,14267,14266,3
2020-12-24,15:39:00.679000,14266,14267,14266,1
2020-12-24,15:39:10.604000,14266,14267,14267,1
2020-12-24,15:39:18.309000,14266,14267,14266,1
2020-12-24,15:39:18.317000,14266,14267,14266,1
2020-12-24,15:39:21.641000,14266,14267,14267,1
2020-12-24,15:39:33.621000,14267,14268,14268,2
2020-12-24,15:39:33.677000,14267,14268,14268,1
2020-12-24,15:39:37.030000,14267,14268,14267,3
2020-12-24,15:39:53.630000,14267,14268,14267,1
2020-12-24,15:39:53.631000,14267,14268,14267,1
2020-12-24,15:39:53.741000,14266,14267,14266,2
2020-12-24,15:39:59.976000,14267,14268,14267,1
2020-12-24,15:39:59.976000,14267,14268,14266,23
2020-12-24,15:40:08.421000,14266,14267,14267,2
2020-12-24,15:40:09.993000,14267,14268,14267,1
2020-12-24,15:40:32.288000,14267,14268,14268,9
2020-12-24,15:40:32.523000,14268,14269,14269,4
2020-12-24,15:41:13.384000,14268,14269,14269,3
2020-12-24,15:41:16.695000,14269,14270,14269,2
2020-12-24,15:41:28.138000,14268,14269,14268,3
2020-12-24,15:41:58.746000,14268,14269,14268,1
2020-12-24,15:42:15.697000,14268,14269,14268,1
2020-12-24,15:42:18.436000,14268,14269,14268,2
2020-12-24,15:42:30.023000,14268,14269,14268,1
2020-12-24,15:42:38.421000,14268,14269,14268,1
2020-12-24,15:42:40.242000,14268,14269,14268,1
2020-12-24,15:43:13.192000,14267,14268,14267,1
2020-12-24,15:43:15.277000,14267,14268,14268,2
2020-12-24,15:43:15.279000,14267,14268,14268,2
2020-12-24,15:43:18.806000,14267,14269,14269,2
2020-12-24,15:43:29.845000,14267,14268,14268,1
2020-12-24,15:43:49.423000,14268,14269,14269,3
2020-12-24,15:43:53.913000,14268,14269,14269,1
2020-12-24,15:44:06.740000,14268,14269,14269,2
2020-12-24,15:44:06.741000,14268,14269,14269,1
2020-12-24,15:44:34.065000,14269,14270,14269,6
2020-12-24,15:44:34.065000,14269,14270,14269,2
2020-12-24,15:44:35.941000,14268,14270,14268,2
2020-12-24,15:44:46.742000,14268,14269,14269,5
2020-12-24,15:44:46.744000,14268,14269,14270,1
2020-12-24,15:44:51.196000,14269,14270,14269,2
2020-12-24,15:44:59.214000,14269,14270,14269,1
2020-12-24,15:45:07.575000,14269,14270,14270,1
2020-12-24,15:45:07.817000,14269,14270,14269,1
2020-12-24,15:45:10.663000,14269,14270,14270,4
2020-12-24,15:45:10.666000,14269,14270,14270,1
2020-12-24,15:45:10.667000,14269,14270,14270,2
2020-12-24,15:45:10.667000,14269,14270,14270,5
2020-12-24,15:45:21.100000,14270,14271,14271,6
2020-12-24,15:45:21.731000,14270,14271,14270,1
2020-12-24,15:45:22.794000,14270,14271,14271,4
2020-12-24,15:45:23.300000,14271,14272,14272,2
2020-12-24,15:45:23.483000,14271,14272,14272,1
2020-12-24,15:45:39.844000,14271,14272,14272,1
2020-12-24,15:45:40.272000,14271,14272,14272,1
2020-12-24,15:46:10.751000,14271,14272,14272,1
2020-12-24,15:46:17.053000,14271,14272,14272,8
2020-12-24,15:46:20.385000,14271,14272,14272,4
2020-12-24,15:46:22.799000,14271,14272,14272,1
2020-12-24,15:46:32.238000,14271,14272,14272,1
2020-12-24,15:46:42.109000,14271,14272,14272,1
2020-12-24,15:46:43.047000,14271,14272,14272,1
2020-12-24,15:46:45.910000,14272,14273,14272,1
2020-12-24,15:46:49.939000,14272,14273,14272,1
2020-12-24,15:46:54.011000,14271,14272,14272,2
2020-12-24,15:46:59.578000,14271,14272,14272,2
2020-12-24,15:47:11.741000,14271,14272,14271,1
2020-12-24,15:47:11.741000,14271,14272,14271,6
2020-12-24,15:47:11.741000,14271,14272,14271,5
2020-12-24,15:47:11.741000,14271,14272,14271,4
2020-12-24,15:47:11.741000,14271,14272,14271,4
2020-12-24,15:47:11.741000,14271,14272,14271,5
2020-12-24,15:47:11.742000,14271,14272,14271,3
2020-12-24,15:47:11.773000,14271,14272,14271,2
2020-12-24,15:47:31.398000,14270,14271,14270,4
2020-12-24,15:47:36.722000,14269,14270,14270,1
2020-12-24,15:47:36.773000,14270,14271,14270,1
2020-12-24,15:47:36.898000,14270,14271,14270,1
2020-12-24,15:47:43.402000,14269,14270,14270,1
2020-12-24,15:47:51.103000,14269,14270,14270,1
2020-12-24,15:48:04.023000,14269,14270,14269,5
2020-12-24,15:48:04.024000,14269,14270,14269,2
2020-12-24,15:48:11.483000,14269,14271,14269,2
2020-12-24,15:48:13.502000,14269,14270,14269,2
2020-12-24,15:48:49.435000,14269,14270,14269,1
2020-12-24,15:49:00.472000,14269,14270,14269,1
2020-12-24,15:49:01.021000,14268,14269,14269,1
2020-12-24,15:49:12.206000,14268,14269,14269,2
2020-12-24,15:49:29.744000,14268,14269,14269,3
2020-12-24,15:49:56.359000,14269,14270,14269,1
2020-12-24,15:50:07.097000,14268,14269,14269,1
2020-12-24,15:50:07.577000,14268,14269,14269,1
2020-12-24,15:50:07.577000,14268,14269,14270,4
2020-12-24,15:50:07.578000,14268,14269,14269,2
2020-12-24,15:50:07.860000,14269,14270,14270,1
2020-12-24,15:50:08.344000,14270,14271,14271,1
2020-12-24,15:50:09.230000,14270,14271,14271,1
2020-12-24,15:50:19.431000,14270,14271,14271,6
2020-12-24,15:50:50.486000,14270,14271,14271,1
2020-12-24,15:51:01.853000,14270,14271,14270,1
2020-12-24,15:51:02.266000,14270,14271,14270,2
2020-12-24,15:51:03.024000,14269,14270,14270,2
2020-12-24,15:51:27.391000,14270,14271,14270,1
2020-12-24,15:51:33.235000,14270,14271,14270,4
2020-12-24,15:51:33.235000,14270,14271,14270,5
2020-12-24,15:52:18.892000,14270,14271,14270,1
2020-12-24,15:52:43.859000,14270,14271,14271,4
2020-12-24,15:52:52.839000,14270,14271,14271,1
2020-12-24,15:53:13.046000,14270,14271,14271,1
2020-12-24,15:53:30.514000,14270,14271,14271,1
2020-12-24,15:53:37.394000,14270,14271,14271,1
2020-12-24,15:53:37.395000,14270,14271,14271,1
2020-12-24,15:53:37.460000,14270,14271,14271,1
2020-12-24,15:53:45.554000,14271,14272,14271,1
2020-12-24,15:54:12.050000,14270,14271,14271,1
2020-12-24,15:54:12.050000,14270,14271,14271,1
2020-12-24,15:54:14.587000,14271,14272,14272,9
2020-12-24,15:54:14.588000,14271,14272,14272,2
2020-12-24,15:54:34.640000,14272,14273,14272,1
2020-12-24,15:54:37.307000,14272,14273,14272,1
2020-12-24,15:54:46.556000,14272,14273,14273,1
2020-12-24,15:54:47.051000,14272,14273,14273,1
2020-12-24,15:54:47.216000,14272,14273,14272,2
2020-12-24,15:55:12.563000,14272,14273,14272,1
2020-12-24,15:55:14.099000,14272,14273,14272,1
2020-12-24,15:55:14.112000,14272,14273,14272,1
2020-12-24,15:55:18.906000,14272,14273,14273,1
2020-12-24,15:55:29.373000,14272,14273,14272,1
2020-12-24,15:55:35.303000,14272,14273,14272,1
2020-12-24,15:55:40.155000,14272,14273,14272,2
2020-12-24,15:55:40.329000,14272,14273,14272,3
2020-12-24,15:55:46.090000,14272,14273,14272,1
2020-12-24,15:55:46.365000,14271,14272,14272,1
2020-12-24,15:56:05.156000,14272,14273,14272,1
2020-12-24,15:56:07.054000,14272,14273,14273,1
2020-12-24,15:56:08.436000,14272,14273,14273,1
2020-12-24,15:56:08.523000,14272,14273,14273,8
2020-12-24,15:56:08.523000,14272,14273,14273,5
2020-12-24,15:56:08.547000,14272,14273,14274,1
2020-12-24,15:56:08.655000,14273,14274,14274,1
2020-12-24,15:56:14.394000,14273,14274,14273,1
2020-12-24,15:56:16.888000,14273,14274,14274,1
2020-12-24,15:56:24.601000,14273,14274,14274,1
2020-12-24,15:56:30.599000,14273,14274,14274,2
2020-12-24,15:56:38.649000,14273,14274,14274,1
2020-12-24,15:56:58.606000,14273,14274,14274,1
2020-12-24,15:57:04.539000,14273,14274,14274,22
2020-12-24,15:57:04.540000,14273,14274,14274,2
2020-12-24,15:57:04.540000,14273,14274,14274,2
2020-12-24,15:57:08.572000,14273,14274,14274,1
2020-12-24,15:57:10.474000,14273,14274,14274,2
2020-12-24,15:57:13.896000,14274,14275,14274,1
2020-12-24,15:57:18.386000,14274,14275,14274,2
2020-12-24,15:57:24.302000,14274,14275,14274,2
2020-12-24,15:57:24.302000,14274,14275,14274,1
2020-12-24,15:57:24.302000,14274,14275,14274,1
2020-12-24,15:57:24.302000,14274,14275,14274,2
2020-12-24,15:57:24.302000,14274,14275,14274,4
2020-12-24,15:57:24.302000,14274,14275,14274,1
2020-12-24,15:57:24.302000,14274,14275,14274,1
2020-12-24,15:57:24.303000,14274,14275,14274,3
2020-12-24,15:57:26.179000,14273,14274,14274,1
2020-12-24,15:57:32.766000,14273,14274,14274,1
2020-12-24,15:57:37.227000,14273,14274,14274,1
2020-12-24,15:57:38.861000,14273,14274,14274,1
2020-12-24,15:57:40.628000,14273,14274,14274,1
2020-12-24,15:57:53.257000,14273,14274,14274,6
2020-12-24,15:57:59.385000,14274,14275,14274,3
2020-12-24,15:58:01.123000,14274,14275,14274,1
2020-12-24,15:58:02.128000,14274,14275,14274,1
2020-12-24,15:58:02.230000,14274,14275,14274,2
2020-12-24,15:58:02.691000,14273,14275,14273,1
2020-12-24,15:58:02.774000,14273,14274,14273,6
2020-12-24,15:58:27.077000,14273,14274,14274,1
2020-12-24,15:58:39.118000,14273,14274,14273,1
2020-12-24,15:58:43.520000,14273,14274,14274,1
2020-12-24,15:59:10.282000,14273,14274,14273,1
2020-12-24,15:59:19.680000,14273,14274,14273,1
2020-12-24,15:59:22.178000,14273,14274,14273,1
2020-12-24,15:59:22.273000,14273,14274,14273,1
2020-12-24,15:59:25.720000,14272,14274,14274,1
2020-12-24,15:59:32.451000,14272,14273,14273,1
2020-12-24,15:59:39.836000,14273,14274,14274,1
2020-12-24,15:59:44.184000,14273,14274,14273,1
2020-12-24,15:59:45.306000,14273,14274,14274,1
2020-12-24,15:59:45.526000,14273,14274,14274,1
2020-12-24,15:59:45.843000,14273,14274,14274,1
2020-12-24,15:59:50.188000,14273,14274,14273,1
2020-12-24,15:59:54.312000,14273,14274,14273,1
2020-12-24,15:59:58.806000,14273,14274,14273,1
2020-12-24,15:59:59.122000,14273,14274,14273,2
2020-12-24,15:59:59.148000,14272,14273,14272,4
2020-12-24,15:59:59.391000,14271,14273,14272,1
2020-12-24,16:00:00.898000,14271,14272,14271,2
2020-12-24,16:00:01.148000,14270,14271,14270,12
2020-12-24,16:00:01.529000,14270,14272,14272,2
2020-12-24,16:00:01.712000,14271,14272,14272,2
2020-12-24,16:00:01.859000,14271,14272,14271,2
2020-12-24,16:00:01.865000,14271,14272,14270,2
2020-12-24,16:00:07.088000,14271,14272,14271,1
2020-12-24,16:00:09.884000,14270,14272,14270,2
2020-12-24,16:00:12.773000,14271,14272,14271,1
2020-12-24,16:00:14.196000,14271,14272,14271,2
2020-12-24,16:00:15.148000,14271,14272,14271,2
2020-12-24,16:00:15.273000,14271,14272,14271,1
2020-12-24,16:00:35.336000,14270,14271,14270,1
2020-12-24,16:00:35.412000,14269,14270,14269,1
2020-12-24,16:00:41.550000,14270,14271,14270,1
2020-12-24,16:00:41.657000,14270,14271,14270,1
2020-12-24,16:00:56.278000,14269,14270,14270,1
2020-12-24,16:01:02.488000,14270,14271,14270,1
2020-12-24,16:01:05.532000,14269,14270,14270,1
2020-12-24,16:01:11.975000,14269,14270,14270,1
2020-12-24,16:01:14.229000,14269,14270,14270,1
2020-12-24,16:01:19.148000,14270,14271,14271,2
2020-12-24,16:01:20.619000,14270,14271,14270,2
2020-12-24,16:01:20.731000,14270,14271,14271,2
2020-12-24,16:01:24.301000,14271,14272,14271,1
2020-12-24,16:01:33.889000,14271,14272,14271,2
2020-12-24,16:02:03.829000,14271,14272,14271,1
2020-12-24,16:02:18.538000,14271,14272,14272,2
2020-12-24,16:02:18.538000,14271,14272,14272,5
2020-12-24,16:02:18.539000,14271,14272,14272,2
2020-12-24,16:02:20.501000,14272,14273,14272,1
2020-12-24,16:02:24.605000,14272,14273,14272,1
2020-12-24,16:02:33.370000,14271,14272,14272,1
2020-12-24,16:02:46.106000,14272,14273,14273,3
2020-12-24,16:02:46.106000,14272,14273,14274,1
2020-12-24,16:02:46.186000,14273,14274,14274,1
2020-12-24,16:02:54.648000,14273,14274,14273,1
2020-12-24,16:02:55.143000,14273,14274,14274,1
2020-12-24,16:03:01.144000,14273,14274,14273,4
2020-12-24,16:03:02.596000,14272,14273,14272,2
2020-12-24,16:03:18.699000,14272,14273,14272,1
2020-12-24,16:03:23.125000,14272,14273,14272,1
2020-12-24,16:03:23.125000,14272,14273,14271,5
2020-12-24,16:03:28.237000,14271,14273,14273,1
2020-12-24,16:03:32.911000,14271,14272,14271,1
2020-12-24,16:03:35.709000,14271,14272,14272,2
2020-12-24,16:03:42.775000,14271,14272,14271,1
2020-12-24,16:03:54.941000,14271,14272,14271,1
2020-12-24,16:03:58.666000,14271,14272,14271,1
2020-12-24,16:04:10.097000,14271,14272,14271,2
2020-12-24,16:05:48.007000,14271,14272,14271,1
2020-12-24,16:06:01.529000,14271,14272,14272,1
2020-12-24,16:06:02.012000,14271,14272,14272,1
2020-12-24,16:06:02.602000,14271,14272,14272,3
2020-12-24,16:06:06.813000,14271,14272,14272,1
2020-12-24,16:06:10.858000,14272,14273,14273,9
2020-12-24,16:06:16.356000,14273,14274,14274,1
2020-12-24,16:06:19.712000,14273,14274,14274,1
2020-12-24,16:06:19.773000,14273,14274,14274,2
2020-12-24,16:06:21.687000,14273,14274,14274,16
2020-12-24,16:06:25.021000,14274,14275,14275,1
2020-12-24,16:06:25.021000,14274,14275,14275,1
2020-12-24,16:06:25.021000,14274,14275,14275,1
2020-12-24,16:06:25.021000,14274,14275,14275,1
2020-12-24,16:06:25.021000,14274,14275,14275,1
2020-12-24,16:06:25.021000,14274,14275,14275,20
2020-12-24,16:06:25.021000,14274,14275,14275,20
2020-12-24,16:06:25.021000,14274,14275,14275,5
2020-12-24,16:06:27.023000,14275,14276,14276,21
2020-12-24,16:06:27.023000,14275,14276,14276,1
2020-12-24,16:06:36.901000,14276,14277,14276,1
2020-12-24,16:06:37.511000,14276,14277,14277,20
2020-12-24,16:06:37.513000,14276,14277,14277,1
2020-12-24,16:06:38.513000,14277,14278,14278,4
2020-12-24,16:06:38.550000,14277,14278,14278,1
2020-12-24,16:06:38.880000,14277,14278,14278,24
2020-12-24,16:06:39.566000,14278,14279,14279,1
2020-12-24,16:06:39.620000,14278,14279,14279,1
2020-12-24,16:06:39.697000,14278,14279,14279,1
2020-12-24,16:06:39.844000,14278,14279,14279,1
2020-12-24,16:06:39.899000,14278,14279,14279,2
2020-12-24,16:06:40.101000,14278,14279,14279,5
2020-12-24,16:06:40.444000,14278,14279,14279,1
2020-12-24,16:06:40.505000,14278,14279,14279,1
2020-12-24,16:06:41.034000,14278,14279,14279,2
2020-12-24,16:06:41.346000,14278,14279,14279,6
2020-12-24,16:06:41.346000,14278,14279,14279,4
2020-12-24,16:06:41.346000,14278,14279,14279,1
2020-12-24,16:06:41.346000,14278,14279,14279,4
2020-12-24,16:06:41.346000,14278,14279,14279,2
2020-12-24,16:06:41.346000,14278,14279,14279,1
2020-12-24,16:06:41.346000,14278,14279,14279,4
2020-12-24,16:06:41.348000,14278,14279,14279,2
2020-12-24,16:06:42.893000,14279,14280,14280,3
2020-12-24,16:06:42.913000,14279,14280,14280,5
2020-12-24,16:06:42.920000,14279,14280,14280,1
2020-12-24,16:06:42.928000,14279,14280,14280,1
2020-12-24,16:06:43.065000,14279,14280,14280,1
2020-12-24,16:06:43.070000,14279,14280,14279,1
2020-12-24,16:06:43.081000,14279,14280,14279,1
2020-12-24,16:06:43.092000,14279,14280,14280,1
2020-12-24,16:06:43.128000,14279,14280,14280,1
2020-12-24,16:06:43.187000,14279,14280,14280,1
2020-12-24,16:06:43.198000,14279,14280,14280,1
2020-12-24,16:06:43.221000,14279,14280,14280,1
2020-12-24,16:06:43.268000,14279,14280,14280,1
2020-12-24,16:06:43.275000,14279,14280,14280,1
2020-12-24,16:06:43.275000,14279,14280,14280,1
2020-12-24,16:06:43.294000,14279,14280,14280,1
2020-12-24,16:06:43.295000,14279,14280,14280,1
2020-12-24,16:06:43.298000,14279,14280,14280,1
2020-12-24,16:06:43.300000,14279,14280,14280,2
2020-12-24,16:06:43.305000,14279,14280,14280,1
2020-12-24,16:06:43.306000,14279,14280,14280,1
2020-12-24,16:06:43.320000,14279,14280,14280,2
2020-12-24,16:06:43.331000,14279,14280,14280,1
2020-12-24,16:06:43.346000,14279,14280,14280,1
2020-12-24,16:06:43.352000,14279,14280,14280,1
2020-12-24,16:06:43.372000,14279,14280,14280,1
2020-12-24,16:06:43.384000,14279,14280,14280,1
2020-12-24,16:06:43.401000,14279,14280,14280,1
2020-12-24,16:06:43.404000,14279,14280,14280,1
2020-12-24,16:06:43.446000,14279,14280,14280,1
2020-12-24,16:06:43.454000,14279,14280,14280,1
2020-12-24,16:06:43.464000,14279,14280,14280,1
2020-12-24,16:06:43.496000,14279,14280,14280,1
2020-12-24,16:06:43.502000,14279,14280,14280,4
2020-12-24,16:06:43.504000,14279,14280,14280,1
2020-12-24,16:06:43.531000,14279,14280,14280,1
2020-12-24,16:06:43.532000,14279,14280,14280,33
2020-12-24,16:06:43.533000,14279,14280,14280,11
2020-12-24,16:06:43.533000,14279,14280,14280,1
2020-12-24,16:06:43.533000,14279,14280,14280,2
2020-12-24,16:06:43.534000,14279,14280,14280,3
2020-12-24,16:06:43.534000,14279,14280,14280,1
2020-12-24,16:06:43.534000,14279,14280,14280,3
2020-12-24,16:06:43.537000,14279,14280,14281,1
2020-12-24,16:06:43.539000,14279,14280,14281,1
2020-12-24,16:06:43.629000,14279,14280,14281,1
2020-12-24,16:06:43.662000,14280,14281,14281,1
2020-12-24,16:06:43.738000,14280,14281,14281,1
2020-12-24,16:06:43.738000,14280,14281,14281,2
2020-12-24,16:06:43.766000,14280,14281,14281,1
2020-12-24,16:06:43.802000,14280,14281,14281,1
2020-12-24,16:06:43.808000,14280,14281,14281,1
2020-12-24,16:06:43.820000,14280,14281,14281,1
2020-12-24,16:06:43.831000,14280,14281,14281,1
2020-12-24,16:06:43.853000,14280,14281,14281,1
2020-12-24,16:06:43.876000,14280,14281,14281,1
2020-12-24,16:06:43.889000,14280,14281,14281,4
2020-12-24,16:06:43.956000,14281,14282,14282,1
2020-12-24,16:06:44.082000,14281,14282,14282,1
2020-12-24,16:06:44.110000,14281,14282,14282,1
2020-12-24,16:06:44.115000,14281,14282,14282,1
2020-12-24,16:06:44.144000,14281,14282,14282,1
2020-12-24,16:06:44.205000,14281,14282,14282,1
2020-12-24,16:06:44.223000,14281,14282,14282,1
2020-12-24,16:06:44.237000,14281,14282,14282,1
2020-12-24,16:06:44.239000,14281,14282,14282,1
2020-12-24,16:06:44.248000,14281,14282,14282,1
2020-12-24,16:06:44.647000,14281,14282,14281,1
2020-12-24,16:06:45.459000,14281,14282,14281,1
2020-12-24,16:06:45.459000,14281,14282,14281,2
2020-12-24,16:06:45.459000,14281,14282,14281,3
2020-12-24,16:06:45.647000,14280,14281,14281,5
2020-12-24,16:06:45.904000,14281,14282,14281,2
2020-12-24,16:06:46.070000,14280,14282,14280,2
2020-12-24,16:06:46.072000,14280,14282,14281,4
2020-12-24,16:06:47.267000,14280,14282,14281,1
2020-12-24,16:06:50.451000,14280,14281,14281,2
2020-12-24,16:06:50.460000,14280,14281,14281,3
2020-12-24,16:06:51.365000,14281,14282,14281,1
2020-12-24,16:06:53.696000,14281,14282,14281,1
2020-12-24,16:06:56.725000,14280,14281,14281,1
2020-12-24,16:06:57.441000,14280,14281,14281,2
2020-12-24,16:06:57.742000,14281,14282,14281,1
2020-12-24,16:06:58.092000,14281,14282,14281,1
2020-12-24,16:06:59.968000,14281,14282,14282,5
2020-12-24,16:07:00.289000,14281,14282,14282,4
2020-12-24,16:07:00.462000,14282,14283,14283,7
2020-12-24,16:07:00.516000,14282,14283,14283,1
2020-12-24,16:07:00.753000,14282,14283,14283,1
2020-12-24,16:07:00.978000,14282,14283,14282,1
2020-12-24,16:07:03.345000,14281,14283,14283,1
2020-12-24,16:07:04.065000,14281,14282,14282,2
2020-12-24,16:07:04.416000,14282,14283,14282,1
2020-12-24,16:07:04.510000,14282,14283,14282,1
2020-12-24,16:07:05.533000,14282,14283,14282,3
2020-12-24,16:07:05.555000,14282,14283,14282,1
2020-12-24,16:07:08.686000,14282,14283,14282,1
2020-12-24,16:07:09.271000,14282,14283,14282,1
2020-12-24,16:07:10.951000,14282,14283,14282,1
2020-12-24,16:07:12.372000,14282,14283,14282,1
2020-12-24,16:07:13.248000,14282,14283,14282,2
2020-12-24,16:07:14.398000,14282,14283,14282,1
2020-12-24,16:07:15.564000,14282,14283,14283,4
2020-12-24,16:07:15.800000,14282,14283,14283,1
2020-12-24,16:07:16.586000,14282,14283,14283,3
2020-12-24,16:07:18.763000,14282,14283,14282,1
2020-12-24,16:07:21.116000,14282,14283,14283,2
2020-12-24,16:07:21.647000,14282,14283,14282,1
2020-12-24,16:07:21.820000,14282,14283,14283,1
2020-12-24,16:07:21.885000,14282,14283,14283,1
2020-12-24,16:07:22.149000,14282,14283,14283,1
2020-12-24,16:07:25.039000,14282,14283,14282,4
2020-12-24,16:07:25.039000,14282,14283,14282,10
2020-12-24,16:07:25.605000,14281,14282,14282,1
2020-12-24,16:07:27.568000,14281,14282,14281,1
2020-12-24,16:07:27.648000,14281,14282,14281,3
2020-12-24,16:07:28.315000,14280,14282,14282,1
2020-12-24,16:07:29.718000,14280,14282,14282,1
2020-12-24,16:07:30.181000,14280,14282,14281,1
2020-12-24,16:07:32.314000,14280,14281,14280,3
2020-12-24,16:07:32.315000,14280,14281,14280,5
2020-12-24,16:07:32.331000,14280,14281,14279,3
2020-12-24,16:07:38.529000,14278,14279,14278,3
2020-12-24,16:07:38.744000,14277,14279,14277,1
2020-12-24,16:07:39.093000,14277,14279,14279,1
2020-12-24,16:07:39.568000,14277,14279,14278,1
2020-12-24,16:07:39.700000,14278,14279,14279,1
2020-12-24,16:07:41.057000,14278,14279,14279,1
2020-12-24,16:07:42.461000,14278,14279,14279,1
2020-12-24,16:07:43.169000,14278,14279,14279,3
2020-12-24,16:07:44.244000,14279,14281,14279,1
2020-12-24,16:07:44.773000,14279,14280,14280,1
2020-12-24,16:07:45.860000,14280,14282,14282,1
2020-12-24,16:07:50.151000,14280,14281,14280,1
2020-12-24,16:07:51.703000,14280,14281,14281,1
2020-12-24,16:07:51.711000,14280,14281,14281,1
2020-12-24,16:07:54.322000,14280,14281,14281,2
2020-12-24,16:07:54.322000,14280,14281,14281,2
2020-12-24,16:07:54.580000,14280,14281,14280,1
2020-12-24,16:07:56.913000,14280,14281,14281,1
2020-12-24,16:07:57.672000,14280,14281,14281,1
2020-12-24,16:07:57.961000,14280,14281,14280,4
2020-12-24,16:07:57.961000,14280,14281,14280,3
2020-12-24,16:07:57.962000,14280,14281,14280,2
2020-12-24,16:07:58.945000,14279,14280,14280,1
2020-12-24,16:08:00.443000,14279,14280,14280,1
2020-12-24,16:08:01.423000,14279,14280,14280,1
2020-12-24,16:08:03.026000,14280,14281,14280,1
2020-12-24,16:08:03.171000,14280,14281,14280,1
2020-12-24,16:08:09.858000,14280,14281,14280,1
2020-12-24,16:08:10.023000,14280,14281,14281,2
2020-12-24,16:08:10.197000,14280,14281,14280,1
2020-12-24,16:08:15.766000,14280,14281,14281,1
2020-12-24,16:08:24.700000,14280,14281,14281,1
2020-12-24,16:08:32.186000,14280,14281,14281,1
2020-12-24,16:08:37.680000,14280,14281,14280,5
2020-12-24,16:08:38.769000,14280,14281,14280,1
2020-12-24,16:08:40.809000,14280,14281,14280,2
2020-12-24,16:08:40.810000,14280,14281,14280,4
2020-12-24,16:08:40.810000,14280,14281,14280,3
2020-12-24,16:08:46.573000,14279,14280,14280,1
2020-12-24,16:08:51.890000,14279,14280,14280,3
2020-12-24,16:08:51.890000,14279,14280,14281,23
2020-12-24,16:08:51.890000,14279,14280,14282,4
2020-12-24,16:08:52.244000,14280,14282,14280,3
2020-12-24,16:08:52.549000,14280,14281,14281,7
2020-12-24,16:08:54.010000,14281,14282,14281,1
2020-12-24,16:08:54.010000,14281,14282,14280,2
2020-12-24,16:08:59.040000,14281,14282,14281,1
2020-12-24,16:09:04.702000,14281,14282,14281,1
2020-12-24,16:09:05.288000,14281,14282,14282,1
2020-12-24,16:09:05.289000,14281,14282,14282,5
2020-12-24,16:09:05.289000,14281,14282,14282,4
2020-12-24,16:09:05.289000,14281,14282,14282,1
2020-12-24,16:09:05.289000,14281,14282,14282,1
2020-12-24,16:09:05.289000,14281,14282,14282,7
2020-12-24,16:09:05.593000,14282,14283,14283,1
2020-12-24,16:09:05.602000,14282,14283,14283,1
2020-12-24,16:09:14.244000,14282,14283,14283,1
2020-12-24,16:09:17.473000,14282,14283,14283,3
2020-12-24,16:09:18.864000,14282,14283,14282,1
2020-12-24,16:09:23.999000,14282,14283,14283,2
2020-12-24,16:09:24.617000,14282,14283,14283,3
2020-12-24,16:09:25.998000,14282,14283,14283,1
2020-12-24,16:09:26.558000,14282,14283,14282,5
2020-12-24,16:09:27.676000,14281,14282,14282,1
2020-12-24,16:09:30.946000,14281,14282,14281,1
2020-12-24,16:09:37.860000,14281,14282,14281,1
2020-12-24,16:09:37.862000,14281,14282,14281,1
2020-12-24,16:09:38.533000,14280,14281,14281,1
2020-12-24,16:09:39.414000,14280,14281,14280,1
2020-12-24,16:09:50.165000,14280,14281,14280,8
2020-12-24,16:09:50.165000,14280,14281,14279,2
2020-12-24,16:09:50.166000,14280,14281,14280,2
2020-12-24,16:09:53.852000,14279,14280,14280,1
2020-12-24,16:10:04.261000,14279,14280,14280,1
2020-12-24,16:10:04.444000,14279,14280,14280,1
2020-12-24,16:10:04.783000,14279,14281,14280,1
2020-12-24,16:10:05.024000,14280,14281,14280,2
2020-12-24,16:10:05.374000,14279,14281,14281,1
2020-12-24,16:10:06.105000,14280,14281,14280,1
2020-12-24,16:10:08.171000,14279,14280,14280,2
2020-12-24,16:10:16.515000,14279,14280,14280,1
2020-12-24,16:10:20.303000,14279,14280,14279,6
2020-12-24,16:10:20.305000,14279,14280,14279,4
2020-12-24,16:10:25.750000,14279,14280,14279,1
2020-12-24,16:10:26.273000,14279,14280,14279,1
2020-12-24,16:10:35.423000,14278,14279,14278,1
2020-12-24,16:10:35.423000,14278,14279,14278,15
2020-12-24,16:10:36.576000,14277,14278,14277,2
2020-12-24,16:10:36.577000,14277,14278,14277,1
2020-12-24,16:10:40.241000,14276,14277,14277,3
2020-12-24,16:10:43.398000,14277,14278,14278,1
2020-12-24,16:10:54.662000,14277,14278,14278,5
2020-12-24,16:10:56.187000,14278,14279,14279,1
2020-12-24,16:10:56.187000,14278,14279,14279,1
2020-12-24,16:10:56.188000,14278,14279,14279,5
2020-12-24,16:10:57.102000,14278,14279,14278,1
2020-12-24,16:11:15.744000,14279,14280,14279,1
2020-12-24,16:11:18.349000,14279,14280,14279,2
2020-12-24,16:11:19.996000,14279,14280,14279,1
2020-12-24,16:11:30.746000,14278,14279,14279,2
2020-12-24,16:11:39.569000,14279,14280,14279,1
2020-12-24,16:11:53.602000,14279,14280,14279,1
2020-12-24,16:11:56.482000,14279,14280,14280,1
2020-12-24,16:12:04.045000,14279,14280,14280,1
2020-12-24,16:12:06.968000,14279,14280,14280,1
2020-12-24,16:12:07.353000,14279,14280,14280,1
2020-12-24,16:12:09.491000,14279,14280,14280,1
2020-12-24,16:12:09.615000,14279,14280,14280,2
2020-12-24,16:12:11.160000,14279,14280,14280,2
2020-12-24,16:12:11.399000,14279,14280,14280,4
2020-12-24,16:12:11.399000,14279,14280,14280,6
2020-12-24,16:12:11.399000,14279,14280,14280,2
2020-12-24,16:12:14.692000,14280,14281,14280,1
2020-12-24,16:12:25.330000,14280,14281,14280,1
2020-12-24,16:12:26.871000,14280,14281,14281,7
2020-12-24,16:12:29.807000,14280,14281,14280,1
2020-12-24,16:12:42.327000,14280,14281,14281,1
2020-12-24,16:12:57.768000,14280,14281,14280,1
2020-12-24,16:12:58.394000,14280,14281,14281,1
2020-12-24,16:13:00.456000,14280,14281,14281,6
2020-12-24,16:13:02.583000,14281,14282,14281,1
2020-12-24,16:13:06.593000,14281,14282,14282,2
2020-12-24,16:13:07.123000,14281,14282,14281,1
2020-12-24,16:13:09.617000,14281,14282,14282,1
2020-12-24,16:13:10.781000,14281,14282,14282,1
2020-12-24,16:13:10.962000,14281,14282,14281,1
2020-12-24,16:13:15.021000,14281,14282,14282,1
2020-12-24,16:13:20.352000,14281,14282,14282,1
2020-12-24,16:13:22.713000,14281,14282,14282,1
2020-12-24,16:13:26.100000,14281,14282,14282,2
2020-12-24,16:13:26.198000,14281,14282,14282,1
2020-12-24,16:13:26.431000,14282,14283,14282,1
2020-12-24,16:13:33.908000,14281,14282,14282,1
2020-12-24,16:13:35.733000,14281,14282,14282,1
2020-12-24,16:13:35.733000,14281,14282,14283,2
2020-12-24,16:13:37.111000,14281,14282,14282,1
2020-12-24,16:13:37.321000,14281,14282,14282,1
2020-12-24,16:13:37.447000,14281,14282,14282,2
2020-12-24,16:13:50.133000,14281,14282,14282,3
2020-12-24,16:13:51.382000,14281,14282,14282,3
2020-12-24,16:13:55.139000,14282,14283,14282,1
2020-12-24,16:14:01.185000,14281,14282,14282,1
2020-12-24,16:14:05.079000,14281,14282,14282,2
2020-12-24,16:14:09.972000,14281,14282,14282,1
2020-12-24,16:14:10.915000,14281,14282,14281,2
2020-12-24,16:14:13.865000,14281,14282,14281,1
2020-12-24,16:14:20.179000,14281,14282,14282,4
2020-12-24,16:14:22.180000,14281,14282,14281,1
2020-12-24,16:14:34.681000,14281,14282,14281,1
2020-12-24,16:14:36.211000,14281,14282,14282,1
2020-12-24,16:14:45.912000,14281,14282,14282,1
2020-12-24,16:14:48.830000,14281,14282,14282,1
2020-12-24,16:14:53.854000,14281,14282,14281,4
2020-12-24,16:14:53.855000,14281,14282,14281,1
2020-12-24,16:14:53.855000,14281,14282,14281,1
2020-12-24,16:14:55.581000,14280,14281,14281,2
2020-12-24,16:14:57.902000,14280,14281,14281,1
2020-12-24,16:14:59.079000,14281,14282,14281,1
2020-12-24,16:14:59.563000,14280,14281,14280,1
2020-12-24,16:15:06.969000,14280,14281,14281,2
2020-12-24,16:15:08.091000,14280,14281,14280,1
2020-12-24,16:15:10.459000,14280,14281,14281,1
2020-12-24,16:15:12.621000,14280,14281,14281,1
2020-12-24,16:15:20.208000,14280,14281,14280,2
2020-12-24,16:15:21.322000,14280,14281,14280,5
2020-12-24,16:15:24.338000,14280,14281,14280,1
2020-12-24,16:15:26.267000,14280,14281,14280,5
2020-12-24,16:15:31.140000,14280,14281,14280,1
2020-12-24,16:15:31.585000,14280,14281,14281,1
2020-12-24,16:15:33.674000,14280,14281,14280,3
2020-12-24,16:15:38.822000,14280,14281,14280,1
2020-12-24,16:15:56.889000,14280,14281,14281,1
2020-12-24,16:15:59.334000,14280,14281,14281,1
2020-12-24,16:16:03.359000,14280,14281,14281,1
2020-12-24,16:16:04.073000,14280,14281,14281,1
2020-12-24,16:16:06,14280,14281,14281,1
2020-12-24,16:16:10.209000,14280,14281,14281,1
2020-12-24,16:16:11.402000,14280,14281,14281,1
2020-12-24,16:16:11.403000,14280,14281,14281,2
2020-12-24,16:16:12.649000,14281,14282,14282,5
2020-12-24,16:16:12.650000,14281,14282,14282,1
2020-12-24,16:16:12.650000,14281,14282,14282,6
2020-12-24,16:16:15.947000,14282,14283,14283,2
2020-12-24,16:16:16.493000,14282,14283,14282,2
2020-12-24,16:16:18.816000,14282,14283,14282,1
2020-12-24,16:16:20.293000,14282,14283,14282,1
2020-12-24,16:16:23.720000,14282,14283,14283,1
2020-12-24,16:16:25.117000,14282,14283,14283,1
2020-12-24,16:16:25.300000,14282,14283,14283,1
2020-12-24,16:16:28.340000,14282,14283,14282,2
2020-12-24,16:16:40.015000,14282,14283,14282,2
2020-12-24,16:16:41.640000,14282,14283,14282,4
2020-12-24,16:17:01.966000,14282,14283,14282,2
2020-12-24,16:17:03.552000,14282,14283,14282,1
2020-12-24,16:17:03.561000,14282,14283,14283,4
2020-12-24,16:17:03.714000,14282,14283,14283,2
2020-12-24,16:17:03.739000,14282,14283,14283,2
2020-12-24,16:17:03.739000,14282,14283,14283,4
2020-12-24,16:17:03.740000,14282,14283,14283,2
2020-12-24,16:17:03.740000,14282,14283,14283,1
2020-12-24,16:17:03.740000,14282,14283,14283,1
2020-12-24,16:17:03.742000,14282,14283,14284,2
2020-12-24,16:17:08.386000,14283,14284,14284,1
2020-12-24,16:17:08.907000,14283,14284,14284,1
2020-12-24,16:17:09.397000,14283,14284,14284,1
2020-12-24,16:17:10.859000,14283,14284,14284,1
2020-12-24,16:17:12.011000,14283,14284,14283,2
2020-12-24,16:17:14.480000,14283,14284,14283,3
2020-12-24,16:17:15.631000,14282,14283,14283,1
2020-12-24,16:17:20.507000,14282,14283,14282,1
2020-12-24,16:17:33.158000,14282,14283,14282,1
2020-12-24,16:17:35.057000,14282,14283,14282,1
2020-12-24,16:17:35.058000,14282,14283,14282,2
2020-12-24,16:17:35.058000,14282,14283,14282,1
2020-12-24,16:17:35.058000,14282,14283,14282,2
2020-12-24,16:17:36.552000,14281,14282,14281,2
2020-12-24,16:17:44.277000,14281,14282,14281,1
2020-12-24,16:17:44.811000,14281,14282,14281,1
2020-12-24,16:17:45.197000,14281,14282,14281,1
2020-12-24,16:17:50.599000,14281,14282,14281,1
2020-12-24,16:17:56.986000,14281,14282,14282,5
2020-12-24,16:18:06.641000,14281,14282,14281,4
2020-12-24,16:18:06.641000,14281,14282,14281,1
2020-12-24,16:18:06.642000,14281,14282,14281,2
2020-12-24,16:18:06.912000,14280,14281,14281,1
2020-12-24,16:18:06.929000,14280,14281,14281,1
2020-12-24,16:18:07.094000,14280,14281,14281,1
2020-12-24,16:18:07.094000,14280,14281,14282,4
2020-12-24,16:18:25.914000,14281,14282,14282,1
2020-12-24,16:18:31.181000,14281,14282,14282,5
2020-12-24,16:18:31.322000,14281,14282,14282,1
2020-12-24,16:18:39.617000,14281,14282,14282,1
2020-12-24,16:18:40.566000,14281,14282,14282,1
2020-12-24,16:18:59.544000,14281,14282,14282,1
2020-12-24,16:19:00.725000,14281,14282,14281,2
2020-12-24,16:19:00.726000,14281,14282,14281,3
2020-12-24,16:19:20.954000,14281,14282,14282,1
2020-12-24,16:19:21.377000,14281,14282,14282,2
2020-12-24,16:19:22.997000,14281,14282,14281,1
2020-12-24,16:19:26.827000,14280,14281,14281,1
2020-12-24,16:19:53.508000,14280,14281,14280,25
2020-12-24,16:19:53.509000,14280,14281,14280,1
2020-12-24,16:19:53.509000,14280,14281,14280,1
2020-12-24,16:19:53.509000,14280,14281,14280,1
2020-12-24,16:19:53.509000,14280,14281,14280,1
2020-12-24,16:19:53.509000,14280,14281,14280,1
2020-12-24,16:19:53.509000,14280,14281,14280,1
2020-12-24,16:19:53.706000,14280,14281,14281,1
2020-12-24,16:19:58.367000,14280,14281,14281,1
2020-12-24,16:20:10.085000,14280,14281,14281,2
2020-12-24,16:20:10.254000,14280,14282,14282,1
2020-12-24,16:20:10.938000,14281,14282,14281,1
2020-12-24,16:20:11.091000,14281,14282,14281,1
2020-12-24,16:20:55.170000,14279,14281,14281,5
2020-12-24,16:21:29.792000,14280,14281,14280,5
2020-12-24,16:21:31.853000,14280,14281,14280,1
2020-12-24,16:21:36.357000,14280,14281,14280,1
2020-12-24,16:21:54.331000,14280,14281,14280,2
2020-12-24,16:22:00.854000,14280,14281,14280,1
2020-12-24,16:22:04.613000,14280,14281,14280,1
2020-12-24,16:22:04.649000,14279,14280,14280,2
2020-12-24,16:22:06.497000,14280,14281,14281,1
2020-12-24,16:22:24.764000,14280,14281,14281,2
2020-12-24,16:22:54.650000,14280,14281,14281,1
2020-12-24,16:22:55.358000,14280,14281,14281,1
2020-12-24,16:22:59.488000,14280,14281,14281,1
2020-12-24,16:23:02.816000,14280,14281,14281,1
2020-12-24,16:23:11.920000,14280,14281,14281,1
2020-12-24,16:23:14.012000,14280,14281,14281,1
2020-12-24,16:23:27.514000,14280,14281,14281,1
2020-12-24,16:23:30.047000,14280,14281,14281,1
2020-12-24,16:23:30.064000,14280,14281,14281,1
2020-12-24,16:23:37.381000,14281,14282,14281,1
2020-12-24,16:23:38.918000,14281,14282,14281,2
2020-12-24,16:23:40.463000,14281,14282,14282,5
2020-12-24,16:23:40.686000,14281,14282,14281,1
2020-12-24,16:23:44.351000,14281,14282,14281,1
2020-12-24,16:24:17.014000,14280,14281,14280,5
2020-12-24,16:24:19.302000,14279,14280,14279,1
2020-12-24,16:24:19.425000,14279,14280,14279,1
2020-12-24,16:24:22.711000,14279,14280,14279,2
2020-12-24,16:24:22.712000,14279,14280,14279,2
2020-12-24,16:24:39.481000,14279,14280,14280,3
2020-12-24,16:24:39.482000,14279,14280,14280,2
2020-12-24,16:24:52.454000,14279,14280,14279,1
2020-12-24,16:25:25.483000,14279,14280,14279,5
2020-12-24,16:25:26.094000,14278,14279,14278,1
2020-12-24,16:25:26.269000,14278,14279,14278,1
2020-12-24,16:25:30.218000,14278,14279,14279,1
2020-12-24,16:25:30.540000,14278,14279,14278,3
2020-12-24,16:25:39.613000,14278,14279,14278,1
2020-12-24,16:25:43.353000,14278,14279,14278,1
2020-12-24,16:25:46.947000,14279,14280,14279,1
2020-12-24,16:25:49.745000,14279,14280,14279,2
2020-12-24,16:25:51.068000,14279,14280,14279,3
2020-12-24,16:25:52.236000,14278,14279,14278,22
2020-12-24,16:25:52.237000,14278,14279,14278,5
2020-12-24,16:25:56.731000,14277,14278,14277,5
2020-12-24,16:25:57.968000,14277,14278,14277,1
2020-12-24,16:25:58.190000,14277,14278,14277,1
2020-12-24,16:25:58.838000,14277,14278,14277,1
2020-12-24,16:26:00.250000,14277,14278,14277,1
2020-12-24,16:26:03.874000,14277,14278,14277,1
2020-12-24,16:26:04.583000,14277,14278,14277,1
2020-12-24,16:26:10.049000,14277,14278,14278,2
2020-12-24,16:26:15.119000,14278,14279,14279,1
2020-12-24,16:26:15.119000,14278,14279,14279,3
2020-12-24,16:26:25.795000,14279,14280,14279,6
2020-12-24,16:26:31.176000,14279,14280,14279,1
2020-12-24,16:26:42.392000,14278,14279,14278,1
2020-12-24,16:26:48.820000,14278,14279,14279,3
2020-12-24,16:26:59.055000,14278,14279,14278,4
2020-12-24,16:27:11.931000,14278,14279,14279,2
2020-12-24,16:27:11.931000,14278,14279,14279,1
2020-12-24,16:27:11.931000,14278,14279,14279,1
2020-12-24,16:27:11.931000,14278,14279,14279,1
2020-12-24,16:27:11.931000,14278,14279,14279,1
2020-12-24,16:27:12.170000,14279,14280,14279,1
2020-12-24,16:27:17.523000,14279,14280,14279,1
2020-12-24,16:27:36.464000,14278,14279,14279,2
2020-12-24,16:27:37.519000,14279,14280,14279,1
2020-12-24,16:28:15.168000,14279,14280,14279,1
2020-12-24,16:28:22.046000,14279,14280,14279,1
2020-12-24,16:28:26.189000,14279,14280,14279,1
2020-12-24,16:28:33.316000,14279,14280,14279,2
2020-12-24,16:28:35.354000,14279,14280,14279,1
2020-12-24,16:28:37.087000,14279,14280,14280,1
2020-12-24,16:28:44.953000,14279,14280,14279,3
2020-12-24,16:28:48.909000,14278,14279,14278,3
2020-12-24,16:29:08.467000,14278,14279,14278,1
2020-12-24,16:29:08.557000,14278,14279,14278,8
2020-12-24,16:29:17.185000,14278,14279,14279,2
2020-12-24,16:29:26.093000,14278,14279,14279,1
2020-12-24,16:29:26.099000,14278,14279,14279,1
2020-12-24,16:29:27.069000,14278,14279,14279,2
2020-12-24,16:30:07.392000,14278,14279,14278,3
2020-12-24,16:30:07.393000,14278,14279,14278,1
2020-12-24,16:30:07.393000,14278,14279,14278,2
2020-12-24,16:30:07.393000,14278,14279,14278,4
2020-12-24,16:30:07.393000,14278,14279,14278,10
2020-12-24,16:30:07.394000,14278,14279,14278,2
2020-12-24,16:30:07.461000,14277,14278,14277,1
2020-12-24,16:30:07.720000,14277,14279,14279,1
2020-12-24,16:30:07.838000,14278,14279,14279,2
2020-12-24,16:30:34.948000,14277,14278,14278,3
2020-12-24,16:30:35.200000,14278,14279,14278,1
2020-12-24,16:31:07.810000,14277,14278,14277,1
2020-12-24,16:31:07.811000,14277,14278,14277,5
2020-12-24,16:31:07.811000,14277,14278,14277,5
2020-12-24,16:31:07.811000,14277,14278,14277,7
2020-12-24,16:31:07.811000,14277,14278,14277,1
2020-12-24,16:31:10.405000,14276,14277,14277,1
2020-12-24,16:31:20.810000,14276,14277,14277,2
2020-12-24,16:31:26.831000,14276,14277,14276,2
2020-12-24,16:31:26.921000,14276,14277,14276,1
2020-12-24,16:31:32.828000,14276,14277,14276,3
2020-12-24,16:31:36.416000,14276,14277,14276,1
2020-12-24,16:31:38.996000,14276,14277,14276,1
2020-12-24,16:31:43.709000,14276,14277,14277,1
2020-12-24,16:31:48.568000,14276,14277,14277,1
2020-12-24,16:32:08.522000,14276,14277,14276,1
2020-12-24,16:32:10.608000,14276,14277,14276,1
2020-12-24,16:32:15.149000,14276,14277,14276,13
2020-12-24,16:32:16.366000,14275,14276,14275,1
2020-12-24,16:32:16.433000,14275,14276,14275,1
2020-12-24,16:32:16.457000,14275,14276,14275,1
2020-12-24,16:32:16.540000,14275,14276,14275,2
2020-12-24,16:32:24.243000,14275,14276,14275,1
2020-12-24,16:32:24.547000,14275,14276,14275,1
2020-12-24,16:32:26.431000,14275,14276,14276,1
2020-12-24,16:32:29.521000,14275,14276,14276,1
2020-12-24,16:32:35.813000,14276,14277,14276,1
2020-12-24,16:32:36.998000,14276,14277,14276,1
2020-12-24,16:32:37.446000,14276,14277,14276,2
2020-12-24,16:32:39.152000,14276,14277,14276,1
2020-12-24,16:32:39.152000,14276,14277,14276,1
2020-12-24,16:32:39.354000,14275,14276,14276,2
2020-12-24,16:32:39.551000,14276,14277,14276,2
2020-12-24,16:32:39.654000,14275,14276,14276,1
2020-12-24,16:32:43.683000,14275,14276,14275,2
2020-12-24,16:32:45.538000,14275,14276,14276,2
2020-12-24,16:32:56.132000,14275,14276,14275,21
2020-12-24,16:32:56.209000,14274,14275,14274,1
2020-12-24,16:32:56.229000,14274,14275,14274,2
2020-12-24,16:32:56.249000,14274,14275,14274,1
2020-12-24,16:32:56.273000,14274,14275,14274,2
2020-12-24,16:32:56.295000,14274,14275,14274,1
2020-12-24,16:32:56.320000,14274,14275,14274,1
2020-12-24,16:32:59.106000,14274,14275,14275,1
2020-12-24,16:33:06.513000,14274,14275,14275,1
2020-12-24,16:33:16.416000,14274,14275,14274,1
2020-12-24,16:33:21.935000,14274,14275,14274,1
2020-12-24,16:33:34.391000,14274,14275,14274,1
2020-12-24,16:33:38.387000,14274,14275,14274,1
2020-12-24,16:33:46.459000,14274,14275,14274,1
2020-12-24,16:33:51.971000,14274,14275,14275,3
2020-12-24,16:33:52.038000,14274,14275,14275,4
2020-12-24,16:33:52.039000,14274,14275,14275,3
2020-12-24,16:33:56.259000,14275,14276,14275,1
2020-12-24,16:34:04.631000,14275,14276,14275,4
2020-12-24,16:34:14.219000,14275,14276,14275,1
2020-12-24,16:34:15.968000,14275,14276,14275,5
2020-12-24,16:34:15.968000,14275,14276,14275,2
2020-12-24,16:34:30.225000,14275,14276,14276,1
2020-12-24,16:34:30.225000,14275,14276,14276,1
2020-12-24,16:34:30.225000,14275,14276,14276,1
2020-12-24,16:34:30.226000,14275,14276,14276,2
2020-12-24,16:34:58.854000,14275,14276,14275,1
2020-12-24,16:35:00.403000,14275,14276,14276,5
2020-12-24,16:35:03.833000,14275,14276,14276,1
2020-12-24,16:35:05.650000,14275,14276,14275,1
2020-12-24,16:35:11.388000,14276,14277,14276,1
2020-12-24,16:35:16.894000,14276,14277,14276,1
2020-12-24,16:35:21.303000,14276,14277,14276,6
2020-12-24,16:35:21.304000,14276,14277,14276,1
2020-12-24,16:35:36.262000,14275,14276,14275,9
2020-12-24,16:35:51.391000,14274,14275,14275,1
2020-12-24,16:35:52.801000,14274,14275,14274,1
2020-12-24,16:35:53.678000,14274,14275,14275,1
2020-12-24,16:36:04.437000,14274,14275,14274,3
2020-12-24,16:36:05.116000,14274,14275,14275,1
2020-12-24,16:36:15.651000,14274,14275,14275,5
