2019-04-09,15:00:00.049000,10846,10847,10847,37
2019-04-09,15:00:00.051000,10846,10847,10846,2
2019-04-09,15:00:00.087000,10846,10847,10847,2
2019-04-09,15:00:00.113000,10846,10847,10847,4
2019-04-09,15:00:00.167000,10846,10847,10847,2
2019-04-09,15:00:00.606000,10846,10847,10847,1
2019-04-09,15:00:00.803000,10846,10847,10846,1
2019-04-09,15:00:00.857000,10846,10847,10847,1
2019-04-09,15:00:03.548000,10846,10847,10846,1
2019-04-09,15:00:03.720000,10846,10847,10846,1
2019-04-09,15:00:04.065000,10846,10847,10846,1
2019-04-09,15:00:04.431000,10846,10847,10846,1
2019-04-09,15:00:06.044000,10846,10847,10846,1
2019-04-09,15:00:06.378000,10846,10847,10846,7
2019-04-09,15:00:06.658000,10845,10846,10846,1
2019-04-09,15:00:09.087000,10845,10846,10845,1
2019-04-09,15:00:10.220000,10845,10846,10846,2
2019-04-09,15:00:10.259000,10845,10846,10845,10
2019-04-09,15:00:12.776000,10845,10846,10846,2
2019-04-09,15:00:13.181000,10845,10846,10846,1
2019-04-09,15:00:13.369000,10845,10846,10845,1
2019-04-09,15:00:15.552000,10845,10846,10845,10
2019-04-09,15:00:17.712000,10845,10846,10845,9
2019-04-09,15:00:18.070000,10844,10845,10845,1
2019-04-09,15:00:22.920000,10845,10846,10845,8
2019-04-09,15:00:23.008000,10845,10846,10845,1
2019-04-09,15:00:23.013000,10845,10846,10844,14
2019-04-09,15:00:23.665000,10844,10845,10845,5
2019-04-09,15:00:25.112000,10844,10845,10845,2
2019-04-09,15:00:25.443000,10844,10845,10845,3
2019-04-09,15:00:26.156000,10844,10845,10845,2
2019-04-09,15:00:26.389000,10844,10845,10845,1
2019-04-09,15:00:26.644000,10844,10845,10845,7
2019-04-09,15:00:28.367000,10845,10846,10845,1
2019-04-09,15:00:28.585000,10845,10846,10845,1
2019-04-09,15:00:32.668000,10845,10846,10846,1
2019-04-09,15:00:33.042000,10845,10846,10845,1
2019-04-09,15:00:39.897000,10845,10846,10846,1
2019-04-09,15:00:40.174000,10845,10846,10846,3
2019-04-09,15:00:40.995000,10845,10846,10846,10
2019-04-09,15:00:41.144000,10845,10846,10846,1
2019-04-09,15:00:41.632000,10846,10847,10847,1
2019-04-09,15:00:50.402000,10846,10847,10847,3
2019-04-09,15:00:50.710000,10846,10847,10847,1
2019-04-09,15:00:53.916000,10846,10847,10847,1
2019-04-09,15:00:55.093000,10846,10847,10847,2
2019-04-09,15:00:55.635000,10846,10847,10847,2
2019-04-09,15:00:56.541000,10846,10847,10847,2
2019-04-09,15:00:57.012000,10846,10847,10847,1
2019-04-09,15:00:58.294000,10846,10847,10847,1
2019-04-09,15:01:00.093000,10846,10847,10847,19
2019-04-09,15:01:00.971000,10847,10848,10848,1
2019-04-09,15:01:01.025000,10847,10848,10848,2
2019-04-09,15:01:01.177000,10847,10848,10847,4
2019-04-09,15:01:01.186000,10847,10848,10848,1
2019-04-09,15:01:01.266000,10847,10848,10848,1
2019-04-09,15:01:01.267000,10847,10848,10848,1
2019-04-09,15:01:01.267000,10847,10848,10848,1
2019-04-09,15:01:01.268000,10847,10848,10848,1
2019-04-09,15:01:02.008000,10847,10848,10848,11
2019-04-09,15:01:02.008000,10847,10848,10849,1
2019-04-09,15:01:02.053000,10847,10849,10849,5
2019-04-09,15:01:02.089000,10847,10849,10849,6
2019-04-09,15:01:02.269000,10848,10849,10849,17
2019-04-09,15:01:02.483000,10848,10850,10850,1
2019-04-09,15:01:02.562000,10849,10850,10850,1
2019-04-09,15:01:02.563000,10849,10850,10850,1
2019-04-09,15:01:02.563000,10849,10850,10850,1
2019-04-09,15:01:02.563000,10849,10850,10850,1
2019-04-09,15:01:02.588000,10849,10850,10849,1
2019-04-09,15:01:02.798000,10849,10850,10849,1
2019-04-09,15:01:02.813000,10849,10850,10849,1
2019-04-09,15:01:02.814000,10849,10850,10850,2
2019-04-09,15:01:02.880000,10849,10850,10850,2
2019-04-09,15:01:03.024000,10849,10850,10849,1
2019-04-09,15:01:03.607000,10849,10850,10850,5
2019-04-09,15:01:03.703000,10849,10850,10850,3
2019-04-09,15:01:04.991000,10849,10850,10849,4
2019-04-09,15:01:07.080000,10849,10850,10849,2
2019-04-09,15:01:08.749000,10849,10850,10850,1
2019-04-09,15:01:08.974000,10849,10850,10849,1
2019-04-09,15:01:09.398000,10849,10850,10849,1
2019-04-09,15:01:10.237000,10849,10850,10850,2
2019-04-09,15:01:11.108000,10849,10850,10849,3
2019-04-09,15:01:12.044000,10849,10850,10850,4
2019-04-09,15:01:13.662000,10849,10850,10850,2
2019-04-09,15:01:14.710000,10849,10850,10850,1
2019-04-09,15:01:15.182000,10849,10850,10850,4
2019-04-09,15:01:15.482000,10849,10850,10849,1
2019-04-09,15:01:15.512000,10849,10850,10850,2
2019-04-09,15:01:16.069000,10849,10850,10849,1
2019-04-09,15:01:16.378000,10849,10850,10850,1
2019-04-09,15:01:21.039000,10849,10850,10850,4
2019-04-09,15:01:26.206000,10849,10850,10850,2
2019-04-09,15:01:26.405000,10849,10850,10850,1
2019-04-09,15:01:27.680000,10849,10850,10850,1
2019-04-09,15:01:29.529000,10849,10850,10849,1
2019-04-09,15:01:31.097000,10849,10850,10849,1
2019-04-09,15:01:31.108000,10849,10850,10849,1
2019-04-09,15:01:32.043000,10849,10850,10850,1
2019-04-09,15:01:32.555000,10849,10850,10849,5
2019-04-09,15:01:33.767000,10849,10850,10850,4
2019-04-09,15:01:34.327000,10849,10850,10849,1
2019-04-09,15:01:35.973000,10849,10850,10849,1
2019-04-09,15:01:37.631000,10849,10850,10849,1
2019-04-09,15:01:37.845000,10849,10850,10850,2
2019-04-09,15:01:38.277000,10849,10850,10849,1
2019-04-09,15:01:38.894000,10849,10850,10849,1
2019-04-09,15:01:39.647000,10849,10850,10849,1
2019-04-09,15:01:39.944000,10849,10850,10850,2
2019-04-09,15:01:40.886000,10849,10850,10850,2
2019-04-09,15:01:41.843000,10849,10850,10849,1
2019-04-09,15:01:42.144000,10849,10850,10849,1
2019-04-09,15:01:45.316000,10849,10850,10849,1
2019-04-09,15:01:47.005000,10849,10850,10849,1
2019-04-09,15:01:48.635000,10849,10850,10849,1
2019-04-09,15:01:50.518000,10849,10850,10850,2
2019-04-09,15:01:50.666000,10849,10850,10849,1
2019-04-09,15:01:50.949000,10849,10850,10849,1
2019-04-09,15:01:51.570000,10849,10850,10850,1
2019-04-09,15:01:51.795000,10849,10850,10850,1
2019-04-09,15:01:51.955000,10849,10850,10849,1
2019-04-09,15:01:52.460000,10849,10850,10850,1
2019-04-09,15:01:52.478000,10849,10850,10850,1
2019-04-09,15:01:52.639000,10849,10850,10850,1
2019-04-09,15:01:52.867000,10849,10850,10850,1
2019-04-09,15:01:52.974000,10849,10850,10850,2
2019-04-09,15:01:53.476000,10849,10850,10850,1
2019-04-09,15:01:53.984000,10849,10850,10850,1
2019-04-09,15:01:54.416000,10849,10850,10850,1
2019-04-09,15:01:55.277000,10849,10850,10850,10
2019-04-09,15:01:56.860000,10849,10850,10849,1
2019-04-09,15:01:57.533000,10849,10850,10849,5
2019-04-09,15:01:59.700000,10849,10850,10850,1
2019-04-09,15:02:01.124000,10849,10850,10850,2
2019-04-09,15:02:02.337000,10849,10850,10850,1
2019-04-09,15:02:08.693000,10849,10850,10850,6
2019-04-09,15:02:12.129000,10849,10850,10849,10
2019-04-09,15:02:12.249000,10849,10850,10850,2
2019-04-09,15:02:18.251000,10849,10850,10850,1
2019-04-09,15:02:23.331000,10849,10850,10850,1
2019-04-09,15:02:24.020000,10849,10850,10849,15
2019-04-09,15:02:24.258000,10848,10850,10849,1
2019-04-09,15:02:24.269000,10849,10850,10849,3
2019-04-09,15:02:24.479000,10848,10849,10849,1
2019-04-09,15:02:27.170000,10848,10849,10849,3
2019-04-09,15:02:27.435000,10848,10849,10849,1
2019-04-09,15:02:31.582000,10848,10849,10848,7
2019-04-09,15:02:32.517000,10848,10849,10848,2
2019-04-09,15:02:34.981000,10848,10849,10848,1
2019-04-09,15:02:35.840000,10848,10849,10848,1
2019-04-09,15:02:39.634000,10848,10849,10848,1
2019-04-09,15:02:40.039000,10848,10849,10848,3
2019-04-09,15:02:41.443000,10848,10849,10848,1
2019-04-09,15:02:45.102000,10848,10849,10848,2
2019-04-09,15:02:47.463000,10847,10848,10848,3
2019-04-09,15:02:48.225000,10847,10848,10848,1
2019-04-09,15:02:56.987000,10847,10848,10848,1
2019-04-09,15:02:58.769000,10848,10849,10848,1
2019-04-09,15:03:07.790000,10847,10848,10847,1
2019-04-09,15:03:07.790000,10847,10848,10847,1
2019-04-09,15:03:07.790000,10847,10848,10847,1
2019-04-09,15:03:07.793000,10847,10848,10847,1
2019-04-09,15:03:10.976000,10847,10848,10848,1
2019-04-09,15:03:11.093000,10848,10849,10848,1
2019-04-09,15:03:14.128000,10847,10848,10847,2
2019-04-09,15:03:20.845000,10847,10848,10847,1
2019-04-09,15:03:20.924000,10847,10848,10847,9
2019-04-09,15:03:21.020000,10847,10848,10847,11
2019-04-09,15:03:25.203000,10846,10847,10847,1
2019-04-09,15:03:28.146000,10846,10847,10847,1
2019-04-09,15:03:36.735000,10846,10847,10846,15
2019-04-09,15:03:36.887000,10846,10847,10846,1
2019-04-09,15:03:37.228000,10846,10847,10846,2
2019-04-09,15:03:37.403000,10846,10847,10846,2
2019-04-09,15:03:37.555000,10846,10847,10846,2
2019-04-09,15:03:38.412000,10846,10847,10846,2
2019-04-09,15:03:45.056000,10846,10847,10846,2
2019-04-09,15:03:46.912000,10846,10847,10846,1
2019-04-09,15:03:50.956000,10846,10847,10846,14
2019-04-09,15:03:50.989000,10846,10847,10845,4
2019-04-09,15:03:51.289000,10845,10846,10845,1
2019-04-09,15:03:52.144000,10845,10846,10846,3
2019-04-09,15:03:59.121000,10845,10846,10846,1
2019-04-09,15:03:59.566000,10845,10846,10846,1
2019-04-09,15:04:01.916000,10845,10846,10846,1
2019-04-09,15:04:02.489000,10845,10846,10845,1
2019-04-09,15:04:10.262000,10845,10846,10845,1
2019-04-09,15:04:14.572000,10845,10846,10846,1
2019-04-09,15:04:21.795000,10845,10846,10846,1
2019-04-09,15:04:26.537000,10845,10846,10846,29
2019-04-09,15:04:26.772000,10846,10847,10846,1
2019-04-09,15:04:27.187000,10846,10847,10846,4
2019-04-09,15:04:37.614000,10846,10847,10847,1
2019-04-09,15:04:40.492000,10846,10847,10847,1
2019-04-09,15:04:46.362000,10846,10847,10847,1
2019-04-09,15:04:50.334000,10846,10847,10847,1
2019-04-09,15:04:56.905000,10846,10847,10846,1
2019-04-09,15:05:04.599000,10846,10847,10846,9
2019-04-09,15:05:05.684000,10845,10846,10846,1
2019-04-09,15:05:08.019000,10845,10846,10846,6
2019-04-09,15:05:11.074000,10846,10847,10846,1
2019-04-09,15:05:11.111000,10846,10847,10846,1
2019-04-09,15:05:13.870000,10846,10847,10846,2
2019-04-09,15:05:17.159000,10846,10847,10846,1
2019-04-09,15:05:24.488000,10846,10847,10846,1
2019-04-09,15:05:26.608000,10846,10847,10846,1
2019-04-09,15:05:28.827000,10846,10847,10846,1
2019-04-09,15:05:31.983000,10846,10847,10846,7
2019-04-09,15:05:54.211000,10846,10847,10846,1
2019-04-09,15:06:00.722000,10846,10847,10846,2
2019-04-09,15:06:01.096000,10846,10847,10846,1
2019-04-09,15:06:03.022000,10846,10847,10846,5
2019-04-09,15:06:05.219000,10845,10846,10846,4
2019-04-09,15:06:12.043000,10845,10846,10846,2
2019-04-09,15:06:15.033000,10845,10846,10845,1
2019-04-09,15:06:23.959000,10845,10846,10846,6
2019-04-09,15:06:25.028000,10845,10846,10846,7
2019-04-09,15:06:26.496000,10846,10847,10846,1
2019-04-09,15:06:31.584000,10846,10847,10846,1
2019-04-09,15:06:36.818000,10846,10847,10846,2
2019-04-09,15:06:44.493000,10846,10847,10846,1
2019-04-09,15:06:47.832000,10846,10847,10846,1
2019-04-09,15:06:48.500000,10846,10847,10846,1
2019-04-09,15:06:49.490000,10846,10847,10846,1
2019-04-09,15:06:50.995000,10845,10846,10846,1
2019-04-09,15:06:56.166000,10846,10847,10846,1
2019-04-09,15:07:07.415000,10846,10847,10846,1
2019-04-09,15:07:10.080000,10846,10847,10846,3
2019-04-09,15:07:10.080000,10846,10847,10845,7
2019-04-09,15:07:19.219000,10845,10846,10846,5
2019-04-09,15:07:20.068000,10845,10846,10846,1
2019-04-09,15:07:25.004000,10845,10846,10845,10
2019-04-09,15:07:25.046000,10845,10846,10845,1
2019-04-09,15:07:28.272000,10845,10846,10846,2
2019-04-09,15:07:31.090000,10845,10846,10845,1
2019-04-09,15:07:31.656000,10845,10846,10846,2
2019-04-09,15:07:33.663000,10845,10846,10845,1
2019-04-09,15:07:34.683000,10845,10846,10846,1
2019-04-09,15:07:37.638000,10845,10846,10845,1
2019-04-09,15:07:50.664000,10845,10846,10845,1
2019-04-09,15:07:59.741000,10845,10846,10846,2
2019-04-09,15:08:05.137000,10845,10846,10846,1
2019-04-09,15:08:11.268000,10845,10846,10845,1
2019-04-09,15:08:11.269000,10845,10846,10845,1
2019-04-09,15:08:11.269000,10845,10846,10845,2
2019-04-09,15:08:11.269000,10845,10846,10845,1
2019-04-09,15:08:14.551000,10845,10846,10846,5
2019-04-09,15:08:24.703000,10845,10846,10845,1
2019-04-09,15:08:29.493000,10845,10846,10845,1
2019-04-09,15:08:31.779000,10845,10846,10845,5
2019-04-09,15:08:32.820000,10845,10846,10845,1
2019-04-09,15:08:33.088000,10845,10846,10845,5
2019-04-09,15:08:33.481000,10845,10846,10845,5
2019-04-09,15:08:33.927000,10845,10846,10845,1
2019-04-09,15:08:35.594000,10845,10846,10845,1
2019-04-09,15:08:36.760000,10845,10846,10845,4
2019-04-09,15:08:36.769000,10845,10846,10845,1
2019-04-09,15:08:38.042000,10845,10846,10845,2
2019-04-09,15:08:38.144000,10845,10846,10845,2
2019-04-09,15:08:39.520000,10845,10846,10846,1
2019-04-09,15:09:01.586000,10845,10846,10845,1
2019-04-09,15:09:01.586000,10845,10846,10845,1
2019-04-09,15:09:01.838000,10845,10846,10845,1
2019-04-09,15:09:04.602000,10845,10846,10845,1
2019-04-09,15:09:27.562000,10845,10846,10845,2
2019-04-09,15:09:33.072000,10845,10846,10845,10
2019-04-09,15:09:34.170000,10845,10846,10845,2
2019-04-09,15:09:36.031000,10845,10846,10845,10
2019-04-09,15:09:38.483000,10845,10846,10845,1
2019-04-09,15:09:40.171000,10845,10846,10845,2
2019-04-09,15:09:44.924000,10844,10845,10844,5
2019-04-09,15:09:45.087000,10844,10845,10845,1
2019-04-09,15:09:53.203000,10844,10845,10845,1
2019-04-09,15:09:56.024000,10844,10845,10845,1
2019-04-09,15:09:56.146000,10845,10846,10845,1
2019-04-09,15:10:00.816000,10845,10846,10845,2
2019-04-09,15:10:00.909000,10845,10846,10845,2
2019-04-09,15:10:05.660000,10845,10846,10845,1
2019-04-09,15:10:11.584000,10845,10846,10845,1
2019-04-09,15:10:29.060000,10845,10846,10845,2
2019-04-09,15:10:36.674000,10845,10846,10845,1
2019-04-09,15:10:54.058000,10845,10846,10845,8
2019-04-09,15:10:54.243000,10844,10846,10845,1
2019-04-09,15:10:55.360000,10844,10846,10845,1
2019-04-09,15:11:02.519000,10844,10845,10845,1
2019-04-09,15:11:02.644000,10844,10845,10845,2
2019-04-09,15:11:02.644000,10844,10845,10845,1
2019-04-09,15:11:02.769000,10844,10845,10845,1
2019-04-09,15:11:02.772000,10844,10845,10845,10
2019-04-09,15:11:05.017000,10845,10846,10845,1
2019-04-09,15:11:39.719000,10845,10846,10845,1
2019-04-09,15:11:44.254000,10845,10846,10846,2
2019-04-09,15:11:54.896000,10845,10846,10846,6
2019-04-09,15:11:59.306000,10845,10846,10846,1
2019-04-09,15:12:02.769000,10845,10846,10846,15
2019-04-09,15:12:07.540000,10846,10847,10847,3
2019-04-09,15:12:14.913000,10846,10847,10846,2
2019-04-09,15:12:17.422000,10846,10847,10846,1
2019-04-09,15:12:19.445000,10845,10846,10846,2
2019-04-09,15:12:28.768000,10845,10846,10846,1
2019-04-09,15:12:30.969000,10845,10846,10846,2
2019-04-09,15:12:40.951000,10846,10847,10846,1
2019-04-09,15:12:47.398000,10846,10847,10846,1
2019-04-09,15:12:51.024000,10846,10847,10846,1
2019-04-09,15:12:52.549000,10845,10847,10845,5
2019-04-09,15:13:06.734000,10845,10846,10846,1
2019-04-09,15:13:15.040000,10845,10846,10846,8
2019-04-09,15:13:15.040000,10845,10846,10847,7
2019-04-09,15:13:20.461000,10846,10847,10846,1
2019-04-09,15:14:11.446000,10846,10847,10846,1
2019-04-09,15:14:19.858000,10846,10847,10846,1
2019-04-09,15:14:45.025000,10846,10847,10847,2
2019-04-09,15:14:52.767000,10846,10847,10846,1
2019-04-09,15:14:54.997000,10846,10847,10847,1
2019-04-09,15:15:00.336000,10846,10847,10847,2
2019-04-09,15:15:05.791000,10846,10847,10847,20
2019-04-09,15:15:05.791000,10846,10847,10848,10
2019-04-09,15:15:06.817000,10847,10848,10848,1
2019-04-09,15:15:26.477000,10847,10848,10847,1
2019-04-09,15:15:26.968000,10847,10848,10848,1
2019-04-09,15:15:34.394000,10847,10848,10848,18
2019-04-09,15:15:34.520000,10847,10848,10848,1
2019-04-09,15:15:34.783000,10848,10849,10848,1
2019-04-09,15:15:38.093000,10848,10849,10848,2
2019-04-09,15:15:38.160000,10848,10849,10848,2
2019-04-09,15:15:47.859000,10847,10849,10849,1
2019-04-09,15:16:17.039000,10848,10849,10849,14
2019-04-09,15:16:23.383000,10848,10849,10849,1
2019-04-09,15:16:26.885000,10848,10849,10849,2
2019-04-09,15:16:29.588000,10848,10849,10849,1
2019-04-09,15:16:37.065000,10848,10849,10849,1
2019-04-09,15:16:39.629000,10848,10849,10849,1
2019-04-09,15:16:46.289000,10848,10849,10849,1
2019-04-09,15:16:54.211000,10848,10849,10848,1
2019-04-09,15:17:10.072000,10848,10849,10848,1
2019-04-09,15:17:17.774000,10848,10849,10848,3
2019-04-09,15:17:22.792000,10848,10849,10849,1
2019-04-09,15:17:23.208000,10848,10849,10848,7
2019-04-09,15:17:26.748000,10848,10849,10848,2
2019-04-09,15:17:45.302000,10848,10849,10848,1
2019-04-09,15:17:51.615000,10848,10849,10848,1
2019-04-09,15:17:51.644000,10848,10849,10848,1
2019-04-09,15:17:51.644000,10848,10849,10848,2
2019-04-09,15:17:52.289000,10847,10848,10848,1
2019-04-09,15:18:16.153000,10847,10848,10847,1
2019-04-09,15:18:17.404000,10847,10848,10847,2
2019-04-09,15:18:20.850000,10847,10848,10847,2
2019-04-09,15:18:29.161000,10847,10848,10847,1
2019-04-09,15:18:56.404000,10847,10848,10847,2
2019-04-09,15:18:57.138000,10847,10848,10847,1
2019-04-09,15:19:39.207000,10846,10847,10847,1
2019-04-09,15:19:57.131000,10847,10848,10847,2
2019-04-09,15:20:14.990000,10847,10848,10847,1
2019-04-09,15:20:24.043000,10847,10848,10847,2
2019-04-09,15:20:39.841000,10847,10848,10848,1
2019-04-09,15:21:08.609000,10847,10848,10847,1
2019-04-09,15:21:09.034000,10847,10848,10847,2
2019-04-09,15:21:16.397000,10847,10848,10847,1
2019-04-09,15:21:18.481000,10847,10848,10847,1
2019-04-09,15:21:34.336000,10847,10848,10847,1
2019-04-09,15:21:55.126000,10847,10848,10847,1
2019-04-09,15:21:56.743000,10847,10848,10847,1
2019-04-09,15:22:21.275000,10847,10848,10847,1
2019-04-09,15:22:33.228000,10847,10848,10848,1
2019-04-09,15:23:11.465000,10847,10848,10847,1
2019-04-09,15:23:28.342000,10847,10848,10848,3
2019-04-09,15:23:28.396000,10847,10848,10848,45
2019-04-09,15:23:28.645000,10848,10849,10849,1
2019-04-09,15:23:28.645000,10848,10849,10849,8
2019-04-09,15:23:28.651000,10848,10849,10849,2
2019-04-09,15:23:28.651000,10848,10849,10849,4
2019-04-09,15:23:28.652000,10848,10849,10849,1
2019-04-09,15:23:28.769000,10848,10849,10849,2
2019-04-09,15:23:28.770000,10848,10849,10849,3
2019-04-09,15:23:37.320000,10849,10850,10849,2
2019-04-09,15:23:40.850000,10849,10850,10849,2
2019-04-09,15:23:46.992000,10849,10850,10849,2
2019-04-09,15:23:51.355000,10849,10850,10849,5
2019-04-09,15:23:57.485000,10848,10849,10849,1
2019-04-09,15:23:57.710000,10848,10849,10849,1
2019-04-09,15:24:02.755000,10848,10849,10849,1
2019-04-09,15:24:03.699000,10848,10849,10849,1
2019-04-09,15:24:03.699000,10848,10849,10850,5
2019-04-09,15:24:03.801000,10848,10850,10850,1
2019-04-09,15:24:03.810000,10848,10850,10850,1
2019-04-09,15:24:03.838000,10848,10850,10850,2
2019-04-09,15:24:03.972000,10848,10850,10850,1
2019-04-09,15:24:04.087000,10849,10850,10850,1
2019-04-09,15:24:07.778000,10848,10850,10848,2
2019-04-09,15:24:12.482000,10848,10849,10848,1
2019-04-09,15:24:14.119000,10848,10849,10849,1
2019-04-09,15:24:20.542000,10849,10850,10849,1
2019-04-09,15:24:26.814000,10849,10850,10849,1
2019-04-09,15:24:30.597000,10849,10850,10849,1
2019-04-09,15:24:31.962000,10848,10849,10849,1
2019-04-09,15:24:44.258000,10849,10850,10849,1
2019-04-09,15:24:53.227000,10848,10849,10849,1
2019-04-09,15:24:54.327000,10848,10849,10849,2
2019-04-09,15:25:06.972000,10848,10849,10849,1
2019-04-09,15:25:08.604000,10848,10849,10849,1
2019-04-09,15:25:26.546000,10848,10849,10849,1
2019-04-09,15:25:33.618000,10848,10849,10848,1
2019-04-09,15:25:51.525000,10848,10849,10848,1
2019-04-09,15:25:56.996000,10848,10849,10848,1
2019-04-09,15:26:15.978000,10848,10849,10848,2
2019-04-09,15:26:32.987000,10848,10849,10849,1
2019-04-09,15:26:38.296000,10848,10849,10849,1
2019-04-09,15:26:53.581000,10848,10849,10849,1
2019-04-09,15:27:05.587000,10848,10849,10849,2
2019-04-09,15:27:05.873000,10848,10849,10849,2
2019-04-09,15:27:17.880000,10848,10849,10849,1
2019-04-09,15:27:20.985000,10848,10849,10848,1
2019-04-09,15:27:21.888000,10848,10849,10849,1
2019-04-09,15:27:26.478000,10848,10849,10849,1
2019-04-09,15:27:31.336000,10848,10849,10849,1
2019-04-09,15:27:35.176000,10848,10849,10848,6
2019-04-09,15:27:48.787000,10848,10849,10849,3
2019-04-09,15:28:06.304000,10848,10849,10849,1
2019-04-09,15:28:06.563000,10848,10849,10849,1
2019-04-09,15:28:16.930000,10848,10849,10849,1
2019-04-09,15:28:24.821000,10848,10849,10849,2
2019-04-09,15:28:28.219000,10848,10849,10849,2
2019-04-09,15:28:34.408000,10848,10849,10849,1
2019-04-09,15:28:34.836000,10848,10849,10849,1
2019-04-09,15:28:34.897000,10848,10849,10849,8
2019-04-09,15:28:35.019000,10848,10849,10849,3
2019-04-09,15:28:35.123000,10848,10849,10849,1
2019-04-09,15:28:38.751000,10849,10850,10850,1
2019-04-09,15:28:39.069000,10849,10850,10850,3
2019-04-09,15:28:39.489000,10849,10850,10850,1
2019-04-09,15:28:50.260000,10849,10850,10849,1
2019-04-09,15:29:02.298000,10849,10850,10850,1
2019-04-09,15:29:17.703000,10849,10850,10850,1
2019-04-09,15:29:21.002000,10849,10850,10849,1
2019-04-09,15:29:22.938000,10849,10850,10850,1
2019-04-09,15:29:43.228000,10849,10850,10850,1
2019-04-09,15:29:45.939000,10849,10850,10850,1
2019-04-09,15:29:47.348000,10849,10850,10849,2
2019-04-09,15:29:58.947000,10849,10850,10849,1
2019-04-09,15:30:12.681000,10849,10850,10850,3
2019-04-09,15:30:12.981000,10849,10850,10850,1
2019-04-09,15:30:13.064000,10849,10850,10850,1
2019-04-09,15:30:13.066000,10849,10850,10850,1
2019-04-09,15:30:13.094000,10849,10850,10850,1
2019-04-09,15:30:13.116000,10849,10850,10850,1
2019-04-09,15:30:13.415000,10849,10850,10850,1
2019-04-09,15:30:13.467000,10849,10850,10850,5
2019-04-09,15:30:13.468000,10849,10850,10850,5
2019-04-09,15:30:13.519000,10849,10850,10850,1
2019-04-09,15:30:13.519000,10849,10850,10850,3
2019-04-09,15:30:14.318000,10850,10851,10850,2
2019-04-09,15:30:16.021000,10850,10851,10851,2
2019-04-09,15:30:16.306000,10850,10851,10851,1
2019-04-09,15:30:16.317000,10850,10851,10850,1
2019-04-09,15:30:16.369000,10850,10851,10851,5
2019-04-09,15:30:16.410000,10850,10851,10851,1
2019-04-09,15:30:17.272000,10850,10851,10851,1
2019-04-09,15:30:17.285000,10850,10851,10851,1
2019-04-09,15:30:19.021000,10850,10851,10850,5
2019-04-09,15:30:25.866000,10849,10851,10849,1
2019-04-09,15:30:28.382000,10850,10851,10851,1
2019-04-09,15:30:34.354000,10850,10851,10851,1
2019-04-09,15:30:34.387000,10850,10851,10850,1
2019-04-09,15:30:38.644000,10850,10851,10851,5
2019-04-09,15:30:44.862000,10850,10851,10851,2
2019-04-09,15:30:44.896000,10850,10851,10851,2
2019-04-09,15:30:45.958000,10850,10851,10851,1
2019-04-09,15:30:45.976000,10850,10851,10851,1
2019-04-09,15:30:47.645000,10850,10851,10851,1
2019-04-09,15:30:49.217000,10850,10852,10850,1
2019-04-09,15:30:49.450000,10850,10851,10851,1
2019-04-09,15:30:49.974000,10850,10851,10851,1
2019-04-09,15:30:51.973000,10851,10852,10851,1
2019-04-09,15:30:56.567000,10851,10852,10852,1
2019-04-09,15:30:56.758000,10851,10852,10852,4
2019-04-09,15:31:00.353000,10851,10852,10851,1
2019-04-09,15:31:07.069000,10851,10852,10852,2
2019-04-09,15:31:07.146000,10851,10852,10852,1
2019-04-09,15:31:08.079000,10851,10852,10852,1
2019-04-09,15:31:08.161000,10851,10852,10852,1
2019-04-09,15:31:12.139000,10851,10852,10852,1
2019-04-09,15:31:17.537000,10851,10852,10852,3
2019-04-09,15:31:18.689000,10851,10852,10852,1
2019-04-09,15:31:20.979000,10851,10852,10852,2
2019-04-09,15:31:21.625000,10851,10852,10852,1
2019-04-09,15:31:24.970000,10851,10852,10852,8
2019-04-09,15:31:26.773000,10851,10852,10852,1
2019-04-09,15:31:28.193000,10851,10852,10851,1
2019-04-09,15:31:28.733000,10851,10852,10852,1
2019-04-09,15:31:29.161000,10851,10852,10852,1
2019-04-09,15:31:31.045000,10851,10852,10852,1
2019-04-09,15:31:32.113000,10851,10852,10852,1
2019-04-09,15:31:33.115000,10851,10852,10852,1
2019-04-09,15:31:33.658000,10851,10852,10852,1
2019-04-09,15:31:37.389000,10851,10852,10852,1
2019-04-09,15:31:37.423000,10851,10852,10852,4
2019-04-09,15:31:37.831000,10851,10852,10852,12
2019-04-09,15:31:37.895000,10852,10853,10852,10
2019-04-09,15:31:39.531000,10852,10853,10852,1
2019-04-09,15:31:39.531000,10852,10853,10851,1
2019-04-09,15:31:41.145000,10851,10852,10852,1
2019-04-09,15:31:47.586000,10851,10852,10852,21
2019-04-09,15:31:51.495000,10851,10852,10852,1
2019-04-09,15:31:51.730000,10851,10852,10852,1
2019-04-09,15:31:52.924000,10851,10852,10852,5
2019-04-09,15:31:55.101000,10851,10852,10852,1
2019-04-09,15:31:55.823000,10852,10853,10852,1
2019-04-09,15:31:59.948000,10851,10852,10852,2
2019-04-09,15:32:01.198000,10851,10852,10852,1
2019-04-09,15:32:01.450000,10851,10852,10852,1
2019-04-09,15:32:02.617000,10851,10852,10852,2
2019-04-09,15:32:04.962000,10851,10852,10852,1
2019-04-09,15:32:05.355000,10852,10853,10852,2
2019-04-09,15:32:06.606000,10852,10853,10852,2
2019-04-09,15:32:10.490000,10852,10853,10852,1
2019-04-09,15:32:13.304000,10852,10853,10853,1
2019-04-09,15:32:13.902000,10852,10853,10852,1
2019-04-09,15:32:14.949000,10852,10853,10853,1
2019-04-09,15:32:17.319000,10852,10853,10853,1
2019-04-09,15:32:23.820000,10852,10853,10853,7
2019-04-09,15:32:27.491000,10852,10853,10853,17
2019-04-09,15:32:28.681000,10852,10853,10852,1
2019-04-09,15:32:44.862000,10852,10853,10852,2
2019-04-09,15:32:48.308000,10852,10853,10852,1
2019-04-09,15:32:48.597000,10852,10853,10852,10
2019-04-09,15:32:48.644000,10852,10853,10852,1
2019-04-09,15:32:48.644000,10852,10853,10852,6
2019-04-09,15:32:48.995000,10851,10852,10852,1
2019-04-09,15:32:49.467000,10851,10852,10852,1
2019-04-09,15:32:51.121000,10851,10852,10852,1
2019-04-09,15:32:52.882000,10851,10852,10852,1
2019-04-09,15:32:54.685000,10851,10852,10852,2
2019-04-09,15:32:55.220000,10851,10852,10851,5
2019-04-09,15:32:58.841000,10851,10852,10852,1
2019-04-09,15:33:01.066000,10851,10852,10852,11
2019-04-09,15:33:03.222000,10851,10852,10851,10
2019-04-09,15:33:03.656000,10851,10852,10852,1
2019-04-09,15:33:03.662000,10851,10852,10852,1
2019-04-09,15:33:07.459000,10851,10852,10851,1
2019-04-09,15:33:07.942000,10851,10852,10852,1
2019-04-09,15:33:08.038000,10851,10852,10852,1
2019-04-09,15:33:12.663000,10851,10852,10851,1
2019-04-09,15:33:13.679000,10851,10852,10851,21
2019-04-09,15:33:15.532000,10850,10852,10852,1
2019-04-09,15:33:20.157000,10850,10851,10851,2
2019-04-09,15:33:22.192000,10850,10851,10851,1
2019-04-09,15:33:25.590000,10850,10851,10851,1
2019-04-09,15:33:30.282000,10850,10851,10851,1
2019-04-09,15:33:30.324000,10850,10851,10851,1
2019-04-09,15:33:35.128000,10850,10851,10851,1
2019-04-09,15:33:38.980000,10850,10851,10851,1
2019-04-09,15:33:39.978000,10850,10851,10850,2
2019-04-09,15:33:44.825000,10850,10851,10850,1
2019-04-09,15:34:04.095000,10850,10851,10850,2
2019-04-09,15:34:04.394000,10850,10851,10850,22
2019-04-09,15:34:05.974000,10849,10850,10850,1
2019-04-09,15:34:10.995000,10849,10850,10850,1
2019-04-09,15:34:16.404000,10850,10851,10850,1
2019-04-09,15:34:26.094000,10849,10850,10850,1
2019-04-09,15:34:28.459000,10849,10850,10850,1
2019-04-09,15:34:38.295000,10850,10851,10850,1
2019-04-09,15:34:43.530000,10850,10851,10850,1
2019-04-09,15:34:53.114000,10850,10851,10850,2
2019-04-09,15:35:01.225000,10850,10851,10850,1
2019-04-09,15:35:01.235000,10850,10851,10850,1
2019-04-09,15:35:01.236000,10850,10851,10850,1
2019-04-09,15:35:01.440000,10850,10851,10850,1
2019-04-09,15:35:01.482000,10850,10851,10850,1
2019-04-09,15:35:01.486000,10850,10851,10850,1
2019-04-09,15:35:01.488000,10850,10851,10850,1
2019-04-09,15:35:01.634000,10850,10851,10850,1
2019-04-09,15:35:01.636000,10850,10851,10849,1
2019-04-09,15:35:01.709000,10849,10851,10849,1
2019-04-09,15:35:01.723000,10849,10851,10849,1
2019-04-09,15:35:01.805000,10849,10851,10849,1
2019-04-09,15:35:01.819000,10849,10851,10849,1
2019-04-09,15:35:01.875000,10849,10851,10849,1
2019-04-09,15:35:02.066000,10849,10850,10849,1
2019-04-09,15:35:02.089000,10849,10850,10850,1
2019-04-09,15:35:02.117000,10849,10850,10849,1
2019-04-09,15:35:02.170000,10849,10851,10849,1
2019-04-09,15:35:02.305000,10849,10851,10849,1
2019-04-09,15:35:02.463000,10849,10851,10849,1
2019-04-09,15:35:02.513000,10849,10851,10849,1
2019-04-09,15:35:02.544000,10849,10850,10849,1
2019-04-09,15:35:02.757000,10849,10850,10849,1
2019-04-09,15:35:02.772000,10849,10850,10849,1
2019-04-09,15:35:02.843000,10849,10850,10849,1
2019-04-09,15:35:03.127000,10849,10850,10849,1
2019-04-09,15:35:03.131000,10849,10850,10849,1
2019-04-09,15:35:03.211000,10849,10850,10850,1
2019-04-09,15:35:03.267000,10849,10850,10849,1
2019-04-09,15:35:03.274000,10849,10850,10849,1
2019-04-09,15:35:03.404000,10849,10850,10849,1
2019-04-09,15:35:03.626000,10849,10850,10849,1
2019-04-09,15:35:03.692000,10849,10850,10849,1
2019-04-09,15:35:03.908000,10849,10850,10849,1
2019-04-09,15:35:03.941000,10849,10850,10849,1
2019-04-09,15:35:03.953000,10849,10850,10849,1
2019-04-09,15:35:03.997000,10849,10850,10849,1
2019-04-09,15:35:04.043000,10849,10850,10849,1
2019-04-09,15:35:04.084000,10849,10850,10849,1
2019-04-09,15:35:04.084000,10849,10850,10849,1
2019-04-09,15:35:04.188000,10849,10850,10850,1
2019-04-09,15:35:04.324000,10849,10850,10849,1
2019-04-09,15:35:04.445000,10849,10850,10849,1
2019-04-09,15:35:04.644000,10849,10850,10849,1
2019-04-09,15:35:04.692000,10849,10850,10849,1
2019-04-09,15:35:04.729000,10849,10850,10849,1
2019-04-09,15:35:04.783000,10849,10850,10849,1
2019-04-09,15:35:04.803000,10849,10850,10849,1
2019-04-09,15:35:04.980000,10849,10850,10849,1
2019-04-09,15:35:05.052000,10849,10850,10849,1
2019-04-09,15:35:05.087000,10849,10850,10849,1
2019-04-09,15:35:05.230000,10849,10850,10849,1
2019-04-09,15:35:05.279000,10849,10850,10849,1
2019-04-09,15:35:05.446000,10849,10850,10849,1
2019-04-09,15:35:05.617000,10849,10850,10849,1
2019-04-09,15:35:05.829000,10849,10850,10849,1
2019-04-09,15:35:05.920000,10849,10850,10849,1
2019-04-09,15:35:06.154000,10849,10850,10849,1
2019-04-09,15:35:06.316000,10849,10850,10849,1
2019-04-09,15:35:06.328000,10849,10850,10849,1
2019-04-09,15:35:06.337000,10849,10850,10849,1
2019-04-09,15:35:06.553000,10849,10850,10849,1
2019-04-09,15:35:06.655000,10849,10850,10849,1
2019-04-09,15:35:06.701000,10849,10850,10849,1
2019-04-09,15:35:06.702000,10849,10850,10849,1
2019-04-09,15:35:06.840000,10849,10850,10849,1
2019-04-09,15:35:06.955000,10849,10850,10849,1
2019-04-09,15:35:07.091000,10848,10850,10848,1
2019-04-09,15:35:42.175000,10849,10850,10849,1
2019-04-09,15:35:42.814000,10849,10850,10849,1
2019-04-09,15:35:42.825000,10849,10850,10849,1
2019-04-09,15:35:42.871000,10849,10850,10849,1
2019-04-09,15:35:42.877000,10849,10850,10849,1
2019-04-09,15:35:42.893000,10849,10850,10849,1
2019-04-09,15:35:43.061000,10849,10850,10849,1
2019-04-09,15:35:43.063000,10849,10850,10849,1
2019-04-09,15:35:43.148000,10849,10850,10849,1
2019-04-09,15:35:43.311000,10849,10850,10849,1
2019-04-09,15:35:43.331000,10849,10850,10848,1
2019-04-09,15:35:43.389000,10849,10850,10848,1
2019-04-09,15:35:43.703000,10848,10850,10848,1
2019-04-09,15:35:43.868000,10848,10850,10849,1
2019-04-09,15:35:43.898000,10848,10850,10848,1
2019-04-09,15:35:43.944000,10848,10850,10848,1
2019-04-09,15:35:44.211000,10848,10850,10848,1
2019-04-09,15:35:44.278000,10848,10850,10848,1
2019-04-09,15:35:44.311000,10848,10850,10848,1
2019-04-09,15:35:44.784000,10848,10850,10848,1
2019-04-09,15:35:44.938000,10848,10850,10848,1
2019-04-09,15:35:45.284000,10848,10850,10848,1
2019-04-09,15:35:45.353000,10848,10850,10848,1
2019-04-09,15:35:45.374000,10848,10850,10848,1
2019-04-09,15:35:45.586000,10848,10850,10848,1
2019-04-09,15:35:45.645000,10848,10849,10849,1
2019-04-09,15:35:45.650000,10848,10849,10849,1
2019-04-09,15:35:45.760000,10848,10849,10848,1
2019-04-09,15:35:45.883000,10848,10849,10848,1
2019-04-09,15:35:46.003000,10848,10849,10848,1
2019-04-09,15:35:46.048000,10848,10849,10848,1
2019-04-09,15:35:46.183000,10848,10849,10848,1
2019-04-09,15:35:46.733000,10848,10849,10848,1
2019-04-09,15:35:46.780000,10848,10849,10848,1
2019-04-09,15:35:46.792000,10848,10849,10848,1
2019-04-09,15:35:47.004000,10848,10849,10848,1
2019-04-09,15:35:47.016000,10848,10849,10848,1
2019-04-09,15:35:47.137000,10848,10849,10848,1
2019-04-09,15:35:48.982000,10848,10849,10849,1
2019-04-09,15:35:49.075000,10848,10849,10848,1
2019-04-09,15:35:49.726000,10848,10849,10849,1
2019-04-09,15:35:50.178000,10848,10849,10849,1
2019-04-09,15:35:50.410000,10848,10849,10849,1
2019-04-09,15:35:50.726000,10848,10849,10849,1
2019-04-09,15:35:52.294000,10848,10849,10848,21
2019-04-09,15:35:53.239000,10848,10849,10848,1
2019-04-09,15:36:03.809000,10849,10850,10850,1
2019-04-09,15:36:12.698000,10849,10850,10849,10
2019-04-09,15:36:15.935000,10849,10850,10849,1
2019-04-09,15:36:18.196000,10849,10850,10849,1
2019-04-09,15:36:20.491000,10849,10850,10849,1
2019-04-09,15:36:32.396000,10848,10849,10848,1
2019-04-09,15:36:32.532000,10848,10849,10848,1
2019-04-09,15:36:32.543000,10848,10849,10848,1
2019-04-09,15:36:32.543000,10848,10849,10848,1
2019-04-09,15:36:32.631000,10848,10849,10848,1
2019-04-09,15:36:32.948000,10848,10849,10848,1
2019-04-09,15:36:33.092000,10848,10849,10848,1
2019-04-09,15:36:33.144000,10848,10849,10848,1
2019-04-09,15:36:33.256000,10848,10849,10848,1
2019-04-09,15:36:33.288000,10848,10849,10848,1
2019-04-09,15:36:33.319000,10848,10849,10848,1
2019-04-09,15:36:33.348000,10848,10849,10848,1
2019-04-09,15:36:33.355000,10848,10849,10848,1
2019-04-09,15:36:33.453000,10848,10849,10848,1
2019-04-09,15:36:33.535000,10848,10849,10848,1
2019-04-09,15:36:33.673000,10847,10849,10847,1
2019-04-09,15:36:33.921000,10847,10849,10847,1
2019-04-09,15:36:34.045000,10847,10849,10847,1
2019-04-09,15:36:34.091000,10847,10849,10847,1
2019-04-09,15:36:34.110000,10847,10849,10847,1
2019-04-09,15:36:34.185000,10847,10849,10847,1
2019-04-09,15:36:34.205000,10847,10849,10847,1
2019-04-09,15:36:34.219000,10847,10849,10847,1
2019-04-09,15:36:34.643000,10847,10849,10847,1
2019-04-09,15:36:34.693000,10847,10849,10847,1
2019-04-09,15:36:34.803000,10847,10849,10847,1
2019-04-09,15:36:34.996000,10847,10848,10848,1
2019-04-09,15:36:35.014000,10847,10848,10847,1
2019-04-09,15:36:35.094000,10847,10848,10847,1
2019-04-09,15:36:35.357000,10847,10848,10847,1
2019-04-09,15:36:35.388000,10847,10848,10847,1
2019-04-09,15:36:35.512000,10847,10848,10847,1
2019-04-09,15:36:35.519000,10847,10848,10847,1
2019-04-09,15:36:35.585000,10847,10848,10847,1
2019-04-09,15:36:35.631000,10847,10848,10848,1
2019-04-09,15:36:35.914000,10847,10848,10847,1
2019-04-09,15:36:35.920000,10847,10848,10847,1
2019-04-09,15:36:35.969000,10847,10848,10847,1
2019-04-09,15:36:35.984000,10847,10848,10847,1
2019-04-09,15:36:35.984000,10847,10848,10847,1
2019-04-09,15:36:36.469000,10847,10848,10847,1
2019-04-09,15:36:36.633000,10847,10848,10847,1
2019-04-09,15:36:36.640000,10847,10848,10847,1
2019-04-09,15:36:36.665000,10847,10848,10847,1
2019-04-09,15:36:36.728000,10847,10848,10847,1
2019-04-09,15:36:36.757000,10847,10848,10847,1
2019-04-09,15:36:36.814000,10847,10848,10847,1
2019-04-09,15:36:36.950000,10847,10848,10847,1
2019-04-09,15:36:36.961000,10847,10848,10847,1
2019-04-09,15:36:37.124000,10847,10848,10847,1
2019-04-09,15:36:37.152000,10847,10848,10847,1
2019-04-09,15:36:37.206000,10847,10848,10847,1
2019-04-09,15:36:37.299000,10847,10848,10847,1
2019-04-09,15:36:37.747000,10847,10848,10847,1
2019-04-09,15:36:37.788000,10847,10848,10847,1
2019-04-09,15:36:37.841000,10847,10848,10846,1
2019-04-09,15:36:37.932000,10846,10848,10846,1
2019-04-09,15:36:38.071000,10846,10847,10846,1
2019-04-09,15:36:38.096000,10846,10847,10846,1
2019-04-09,15:36:38.150000,10846,10847,10846,1
2019-04-09,15:36:38.189000,10846,10847,10846,1
2019-04-09,15:36:38.461000,10846,10847,10846,1
2019-04-09,15:36:38.504000,10846,10847,10846,1
2019-04-09,15:36:38.651000,10846,10847,10846,1
2019-04-09,15:36:38.672000,10846,10847,10846,1
2019-04-09,15:36:38.769000,10846,10847,10846,1
2019-04-09,15:36:38.874000,10846,10847,10846,1
2019-04-09,15:36:39.435000,10846,10847,10847,1
2019-04-09,15:36:40.538000,10846,10847,10847,1
2019-04-09,15:36:40.965000,10846,10847,10847,2
2019-04-09,15:37:03.472000,10847,10848,10848,4
2019-04-09,15:37:23.462000,10848,10849,10849,5
2019-04-09,15:37:31.132000,10848,10849,10848,3
2019-04-09,15:37:33.668000,10848,10849,10849,1
2019-04-09,15:38:25.394000,10848,10849,10849,1
2019-04-09,15:38:57.564000,10848,10849,10848,1
2019-04-09,15:39:02.353000,10848,10849,10849,1
2019-04-09,15:39:17.982000,10848,10849,10849,5
2019-04-09,15:39:22.870000,10848,10849,10849,2
2019-04-09,15:39:27.519000,10848,10849,10849,1
2019-04-09,15:39:27.644000,10848,10849,10849,7
2019-04-09,15:39:27.644000,10848,10849,10849,1
2019-04-09,15:39:27.769000,10848,10849,10849,2
2019-04-09,15:39:27.769000,10848,10849,10849,2
2019-04-09,15:39:27.769000,10848,10849,10849,2
2019-04-09,15:39:27.769000,10848,10849,10849,3
2019-04-09,15:39:27.769000,10848,10849,10849,1
2019-04-09,15:39:27.894000,10848,10849,10849,2
2019-04-09,15:39:27.894000,10848,10849,10849,1
2019-04-09,15:39:36.982000,10849,10850,10849,5
2019-04-09,15:40:01.953000,10849,10850,10849,1
2019-04-09,15:40:02.457000,10849,10850,10850,1
2019-04-09,15:40:04.997000,10849,10850,10849,2
2019-04-09,15:40:14.234000,10849,10850,10850,16
2019-04-09,15:40:59.655000,10849,10850,10850,2
2019-04-09,15:41:11.163000,10849,10850,10850,1
2019-04-09,15:41:14.052000,10849,10850,10850,3
2019-04-09,15:41:16.501000,10849,10850,10850,6
2019-04-09,15:41:17.233000,10850,10851,10850,5
2019-04-09,15:41:24.627000,10849,10850,10850,1
2019-04-09,15:41:36.873000,10849,10850,10849,1
2019-04-09,15:41:37.366000,10849,10850,10849,1
2019-04-09,15:41:37.995000,10849,10850,10849,1
2019-04-09,15:41:39.118000,10849,10850,10849,1
2019-04-09,15:41:41.019000,10849,10850,10849,1
2019-04-09,15:41:41.144000,10849,10850,10849,9
2019-04-09,15:41:46.911000,10849,10850,10850,2
2019-04-09,15:41:51.355000,10849,10850,10849,1
2019-04-09,15:41:53.612000,10849,10850,10849,1
2019-04-09,15:41:53.616000,10849,10850,10849,1
2019-04-09,15:41:53.648000,10849,10850,10849,1
2019-04-09,15:41:53.656000,10849,10850,10849,1
2019-04-09,15:41:53.722000,10849,10850,10849,1
2019-04-09,15:41:53.894000,10849,10850,10849,1
2019-04-09,15:41:53.895000,10849,10850,10849,4
2019-04-09,15:41:53.912000,10849,10850,10849,1
2019-04-09,15:41:53.912000,10849,10850,10849,1
2019-04-09,15:41:53.922000,10849,10850,10849,4
2019-04-09,15:41:53.979000,10849,10850,10849,1
2019-04-09,15:41:54.019000,10849,10850,10849,4
2019-04-09,15:41:54.558000,10849,10850,10849,1
2019-04-09,15:41:54.604000,10849,10850,10849,1
2019-04-09,15:41:54.604000,10849,10850,10849,1
2019-04-09,15:41:54.605000,10849,10850,10849,1
2019-04-09,15:41:54.644000,10849,10850,10849,4
2019-04-09,15:41:54.645000,10849,10850,10849,6
2019-04-09,15:41:54.645000,10849,10850,10849,1
2019-04-09,15:41:54.759000,10849,10850,10848,1
2019-04-09,15:41:54.805000,10848,10850,10848,1
2019-04-09,15:41:55.604000,10848,10849,10848,1
2019-04-09,15:41:55.659000,10848,10849,10848,1
2019-04-09,15:41:55.659000,10848,10849,10848,1
2019-04-09,15:41:55.705000,10848,10849,10848,1
2019-04-09,15:41:55.705000,10848,10849,10848,1
2019-04-09,15:43:03.490000,10848,10849,10849,6
2019-04-09,15:43:03.797000,10849,10850,10850,1
2019-04-09,15:43:03.826000,10849,10850,10850,1
2019-04-09,15:43:04.328000,10849,10850,10850,1
2019-04-09,15:43:10.175000,10849,10850,10850,3
2019-04-09,15:43:10.408000,10850,10851,10850,2
2019-04-09,15:43:11.619000,10849,10850,10850,1
2019-04-09,15:43:28.801000,10849,10850,10850,1
2019-04-09,15:43:33.106000,10849,10850,10850,6
2019-04-09,15:43:54.512000,10849,10850,10849,5
2019-04-09,15:43:56.489000,10849,10850,10849,2
2019-04-09,15:43:59.371000,10849,10850,10849,2
2019-04-09,15:44:11.011000,10849,10850,10850,1
2019-04-09,15:44:21.899000,10849,10850,10850,1
2019-04-09,15:44:58.011000,10849,10850,10850,1
2019-04-09,15:44:58.102000,10849,10850,10850,5
2019-04-09,15:44:58.400000,10850,10851,10850,5
2019-04-09,15:45:19.906000,10849,10850,10850,2
2019-04-09,15:45:20.117000,10849,10850,10850,2
2019-04-09,15:45:20.152000,10849,10850,10850,1
2019-04-09,15:45:21.463000,10849,10850,10850,1
2019-04-09,15:46:03.096000,10850,10851,10851,10
2019-04-09,15:46:03.283000,10850,10851,10851,3
2019-04-09,15:46:08.865000,10850,10851,10851,1
2019-04-09,15:46:14.417000,10850,10851,10851,2
2019-04-09,15:46:21.444000,10850,10851,10851,1
2019-04-09,15:46:23.331000,10850,10851,10851,1
2019-04-09,15:46:28.394000,10850,10851,10851,1
2019-04-09,15:46:31.297000,10850,10851,10851,1
2019-04-09,15:46:31.394000,10850,10851,10851,1
2019-04-09,15:46:43.490000,10851,10852,10851,4
2019-04-09,15:46:57.688000,10850,10851,10851,2
2019-04-09,15:47:02.122000,10850,10851,10851,18
2019-04-09,15:47:11.659000,10851,10852,10851,1
2019-04-09,15:47:35.597000,10851,10852,10851,1
2019-04-09,15:47:40.511000,10851,10852,10852,2
2019-04-09,15:47:46.859000,10851,10852,10851,6
2019-04-09,15:48:08.208000,10851,10852,10851,1
2019-04-09,15:48:09.311000,10851,10852,10851,1
2019-04-09,15:48:36.128000,10851,10852,10852,1
2019-04-09,15:48:44.917000,10851,10852,10852,1
2019-04-09,15:48:52.511000,10851,10852,10852,1
2019-04-09,15:49:01.404000,10851,10852,10851,1
2019-04-09,15:49:07.448000,10851,10852,10852,1
2019-04-09,15:49:30.098000,10851,10852,10852,1
2019-04-09,15:49:33.039000,10851,10852,10852,4
2019-04-09,15:49:46.981000,10851,10852,10851,1
2019-04-09,15:49:52.650000,10851,10852,10852,1
2019-04-09,15:49:55.453000,10851,10852,10852,18
2019-04-09,15:49:55.583000,10852,10853,10853,1
2019-04-09,15:49:56.461000,10852,10853,10852,1
2019-04-09,15:50:29.381000,10852,10853,10853,1
2019-04-09,15:50:52.509000,10852,10853,10853,1
2019-04-09,15:50:53.173000,10852,10853,10852,10
2019-04-09,15:51:02.390000,10852,10853,10852,1
2019-04-09,15:51:03.471000,10852,10853,10852,2
2019-04-09,15:51:03.519000,10852,10853,10852,1
2019-04-09,15:51:03.882000,10852,10853,10852,9
2019-04-09,15:51:03.894000,10852,10853,10852,3
2019-04-09,15:51:05.525000,10852,10853,10852,1
2019-04-09,15:51:08.482000,10852,10853,10852,2
2019-04-09,15:51:11.068000,10852,10853,10852,3
2019-04-09,15:51:11.372000,10852,10853,10852,1
2019-04-09,15:51:11.648000,10852,10853,10852,1
2019-04-09,15:51:11.653000,10852,10853,10852,2
2019-04-09,15:51:11.656000,10852,10853,10852,1
2019-04-09,15:51:11.656000,10852,10853,10852,2
2019-04-09,15:51:11.656000,10852,10853,10852,1
2019-04-09,15:51:35.852000,10851,10852,10852,1
2019-04-09,15:51:45.870000,10851,10852,10852,1
2019-04-09,15:52:25.267000,10851,10852,10852,1
2019-04-09,15:52:33.264000,10851,10852,10852,2
2019-04-09,15:52:37.655000,10851,10852,10852,5
2019-04-09,15:52:50.896000,10851,10852,10852,2
2019-04-09,15:53:10.939000,10851,10852,10851,1
2019-04-09,15:53:12.880000,10851,10852,10852,2
2019-04-09,15:53:56.391000,10851,10852,10852,1
2019-04-09,15:54:01.513000,10851,10852,10852,1
2019-04-09,15:54:01.519000,10851,10852,10852,1
2019-04-09,15:54:01.581000,10851,10852,10852,1
2019-04-09,15:54:01.582000,10851,10852,10852,3
2019-04-09,15:54:01.582000,10851,10852,10852,2
2019-04-09,15:54:01.644000,10851,10852,10852,2
2019-04-09,15:54:19.447000,10852,10853,10852,1
2019-04-09,15:54:20.563000,10852,10853,10852,1
2019-04-09,15:55:03.053000,10852,10853,10853,1
2019-04-09,15:55:28.522000,10852,10853,10852,1
2019-04-09,15:55:31.689000,10852,10853,10853,1
2019-04-09,15:55:36.244000,10852,10853,10852,1
2019-04-09,15:55:41.074000,10852,10853,10852,1
2019-04-09,15:55:41.760000,10852,10853,10853,1
2019-04-09,15:56:05.677000,10852,10853,10853,1
2019-04-09,15:56:07.369000,10852,10853,10853,1
2019-04-09,15:56:12.473000,10852,10853,10853,1
2019-04-09,15:56:14.365000,10852,10853,10853,1
2019-04-09,15:56:16.546000,10852,10853,10853,1
2019-04-09,15:56:28.728000,10852,10853,10853,1
2019-04-09,15:56:58.577000,10852,10853,10853,1
2019-04-09,15:57:02.485000,10852,10853,10853,1
2019-04-09,15:57:03.094000,10852,10853,10853,1
2019-04-09,15:57:12.483000,10852,10853,10853,1
2019-04-09,15:57:14.270000,10852,10853,10853,1
2019-04-09,15:57:15.133000,10852,10853,10853,1
2019-04-09,15:57:20.266000,10852,10853,10853,2
2019-04-09,15:57:21.923000,10852,10853,10853,3
2019-04-09,15:57:22.383000,10852,10853,10853,2
2019-04-09,15:57:32.349000,10852,10853,10853,1
2019-04-09,15:57:33.669000,10852,10853,10853,1
2019-04-09,15:57:34.613000,10852,10853,10853,1
2019-04-09,15:57:34.966000,10852,10853,10853,1
2019-04-09,15:57:39.239000,10852,10853,10853,1
2019-04-09,15:57:40.094000,10852,10853,10853,1
2019-04-09,15:57:42.274000,10852,10853,10853,1
2019-04-09,15:57:42.406000,10852,10853,10853,1
2019-04-09,15:57:42.723000,10852,10853,10852,1
2019-04-09,15:57:48.769000,10852,10853,10853,10
2019-04-09,15:57:50.484000,10853,10854,10853,2
2019-04-09,15:57:56.231000,10853,10854,10854,1
2019-04-09,15:57:56.307000,10853,10854,10854,5
2019-04-09,15:57:56.474000,10853,10854,10854,5
2019-04-09,15:58:09.329000,10853,10854,10853,4
2019-04-09,15:58:32.114000,10852,10853,10852,5
2019-04-09,15:58:38.545000,10852,10853,10852,1
2019-04-09,15:58:42.270000,10852,10853,10852,1
2019-04-09,15:58:44.395000,10852,10853,10853,2
2019-04-09,15:58:45.590000,10852,10853,10852,1
2019-04-09,15:58:50.046000,10852,10853,10853,1
2019-04-09,15:59:12.098000,10852,10853,10852,1
2019-04-09,15:59:14.724000,10852,10853,10853,2
2019-04-09,15:59:17.082000,10852,10853,10853,1
2019-04-09,15:59:21.247000,10852,10853,10852,2
2019-04-09,15:59:33.029000,10852,10853,10852,1
2019-04-09,15:59:37.611000,10852,10853,10852,1
2019-04-09,15:59:44.894000,10852,10853,10852,1
2019-04-09,15:59:46.460000,10852,10853,10853,1
2019-04-09,16:00:03.775000,10852,10853,10853,5
2019-04-09,16:00:03.787000,10852,10853,10853,6
2019-04-09,16:00:03.788000,10852,10853,10853,1
2019-04-09,16:00:03.894000,10852,10853,10853,4
2019-04-09,16:00:03.894000,10852,10853,10853,7
2019-04-09,16:00:03.990000,10852,10853,10854,2
2019-04-09,16:00:04.200000,10853,10854,10854,1
2019-04-09,16:00:04.460000,10853,10854,10854,1
2019-04-09,16:00:04.472000,10853,10854,10854,1
2019-04-09,16:00:04.587000,10853,10854,10853,1
2019-04-09,16:00:04.598000,10853,10854,10853,1
2019-04-09,16:00:04.598000,10853,10854,10853,1
2019-04-09,16:00:06.705000,10853,10854,10853,1
2019-04-09,16:00:06.960000,10853,10854,10854,1
2019-04-09,16:00:16.637000,10853,10854,10854,1
2019-04-09,16:00:23.202000,10853,10854,10854,5
2019-04-09,16:00:32.287000,10853,10854,10854,1
2019-04-09,16:00:46.297000,10853,10854,10854,3
2019-04-09,16:00:50.016000,10853,10854,10854,1
2019-04-09,16:01:00.079000,10853,10854,10854,1
2019-04-09,16:01:05.075000,10853,10854,10854,1
2019-04-09,16:01:09.665000,10853,10854,10854,1
2019-04-09,16:01:15.348000,10853,10854,10853,1
2019-04-09,16:01:16.284000,10853,10854,10854,1
2019-04-09,16:01:21.987000,10853,10854,10853,2
2019-04-09,16:01:22.121000,10853,10854,10854,1
2019-04-09,16:01:23.748000,10853,10854,10854,1
2019-04-09,16:01:34.340000,10853,10854,10853,1
2019-04-09,16:01:46.788000,10853,10854,10853,1
2019-04-09,16:01:50.642000,10853,10854,10854,1
2019-04-09,16:01:51.771000,10853,10854,10854,1
2019-04-09,16:01:53.606000,10853,10854,10853,2
2019-04-09,16:01:57.816000,10853,10854,10854,1
2019-04-09,16:01:58.042000,10853,10854,10854,1
2019-04-09,16:01:58.986000,10853,10854,10853,1
2019-04-09,16:02:03.218000,10853,10854,10854,1
2019-04-09,16:02:04.185000,10853,10854,10854,1
2019-04-09,16:02:12.668000,10853,10854,10853,1
2019-04-09,16:02:13.583000,10853,10854,10854,5
2019-04-09,16:02:23.697000,10853,10854,10854,1
2019-04-09,16:02:27.222000,10853,10854,10854,1
2019-04-09,16:02:29.099000,10853,10854,10853,1
2019-04-09,16:02:29.919000,10853,10854,10854,1
2019-04-09,16:02:41.896000,10853,10854,10853,9
2019-04-09,16:02:54.924000,10853,10854,10853,2
2019-04-09,16:02:54.972000,10853,10854,10853,1
2019-04-09,16:02:54.985000,10853,10854,10853,1
2019-04-09,16:02:55.003000,10853,10854,10853,2
2019-04-09,16:02:55.019000,10853,10854,10853,2
2019-04-09,16:02:55.019000,10853,10854,10853,24
2019-04-09,16:02:55.019000,10853,10854,10853,2
2019-04-09,16:02:55.364000,10852,10853,10853,20
2019-04-09,16:03:00.842000,10852,10853,10852,1
2019-04-09,16:03:10.501000,10852,10853,10852,1
2019-04-09,16:03:16.057000,10852,10853,10852,1
2019-04-09,16:03:22.982000,10852,10853,10852,3
2019-04-09,16:03:39.874000,10852,10853,10852,1
2019-04-09,16:03:43.626000,10852,10853,10852,1
2019-04-09,16:04:11.359000,10852,10853,10853,3
2019-04-09,16:04:46.226000,10852,10853,10853,7
2019-04-09,16:04:59.754000,10853,10854,10853,1
2019-04-09,16:05:00.220000,10853,10854,10854,1
2019-04-09,16:05:03.531000,10853,10854,10853,1
2019-04-09,16:05:14.755000,10853,10854,10854,4
2019-04-09,16:05:14.769000,10853,10854,10854,8
2019-04-09,16:05:14.894000,10853,10854,10854,8
2019-04-09,16:05:15.190000,10854,10855,10854,5
2019-04-09,16:05:27.090000,10853,10854,10854,4
2019-04-09,16:05:33.843000,10854,10855,10854,4
2019-04-09,16:05:34.885000,10854,10855,10854,1
2019-04-09,16:05:35.514000,10854,10855,10854,1
2019-04-09,16:05:38.219000,10853,10854,10854,3
2019-04-09,16:05:38.219000,10853,10854,10855,1
2019-04-09,16:05:38.360000,10853,10855,10853,2
2019-04-09,16:05:38.482000,10853,10855,10855,1
2019-04-09,16:05:38.501000,10853,10855,10855,1
2019-04-09,16:05:49.148000,10853,10854,10854,1
2019-04-09,16:05:58.551000,10853,10854,10854,1
2019-04-09,16:06:09.585000,10853,10854,10854,2
2019-04-09,16:06:21.646000,10854,10855,10854,1
2019-04-09,16:06:25.425000,10854,10855,10854,5
2019-04-09,16:06:39.861000,10854,10855,10854,1
2019-04-09,16:06:40.715000,10854,10855,10854,5
2019-04-09,16:06:41.241000,10854,10855,10854,1
2019-04-09,16:07:15.186000,10854,10855,10854,3
2019-04-09,16:07:19.369000,10854,10855,10854,1
2019-04-09,16:07:43.354000,10854,10855,10854,1
2019-04-09,16:07:55.925000,10854,10855,10854,1
2019-04-09,16:08:11.023000,10854,10855,10855,6
2019-04-09,16:08:11.144000,10854,10855,10855,6
2019-04-09,16:08:11.508000,10854,10855,10855,1
2019-04-09,16:08:11.509000,10854,10855,10855,4
2019-04-09,16:08:11.509000,10854,10855,10855,2
2019-04-09,16:08:11.510000,10854,10855,10855,1
2019-04-09,16:08:11.510000,10854,10855,10855,4
2019-04-09,16:08:11.510000,10854,10855,10855,6
2019-04-09,16:08:11.510000,10854,10855,10855,1
2019-04-09,16:08:11.510000,10854,10855,10855,6
2019-04-09,16:08:11.512000,10854,10855,10855,7
2019-04-09,16:08:11.514000,10854,10855,10855,1
2019-04-09,16:08:11.519000,10854,10855,10855,4
2019-04-09,16:08:11.520000,10854,10855,10855,1
2019-04-09,16:08:11.520000,10854,10855,10855,4
2019-04-09,16:08:11.647000,10855,10856,10856,6
2019-04-09,16:08:12.145000,10855,10856,10856,1
2019-04-09,16:08:12.540000,10855,10856,10856,3
2019-04-09,16:08:19.499000,10855,10856,10856,1
2019-04-09,16:08:20.562000,10855,10856,10855,1
2019-04-09,16:08:43.840000,10855,10856,10856,1
2019-04-09,16:08:44.390000,10855,10856,10856,5
2019-04-09,16:08:44.502000,10855,10856,10856,1
2019-04-09,16:08:44.599000,10855,10856,10856,3
2019-04-09,16:08:44.644000,10855,10856,10856,1
2019-04-09,16:08:44.927000,10855,10857,10857,1
2019-04-09,16:08:45.084000,10855,10857,10857,3
2019-04-09,16:08:45.306000,10856,10857,10857,1
2019-04-09,16:08:45.477000,10855,10857,10857,1
2019-04-09,16:08:45.591000,10856,10857,10857,1
2019-04-09,16:08:46.945000,10855,10857,10855,1
2019-04-09,16:08:49.407000,10855,10857,10857,3
2019-04-09,16:08:50.946000,10855,10856,10856,1
2019-04-09,16:08:51.522000,10855,10856,10856,4
2019-04-09,16:08:55.095000,10855,10856,10856,1
2019-04-09,16:08:56.821000,10855,10856,10856,1
2019-04-09,16:08:58.887000,10855,10856,10856,11
2019-04-09,16:09:02.300000,10856,10857,10856,1
2019-04-09,16:09:05.711000,10856,10857,10856,1
2019-04-09,16:09:22.282000,10856,10857,10857,3
2019-04-09,16:09:23.760000,10856,10857,10857,1
2019-04-09,16:09:30.363000,10856,10857,10857,1
2019-04-09,16:09:30.498000,10856,10857,10857,2
2019-04-09,16:09:34.142000,10856,10857,10857,3
2019-04-09,16:09:36.609000,10857,10858,10857,1
2019-04-09,16:09:44.653000,10856,10857,10857,1
2019-04-09,16:09:47.979000,10856,10857,10857,1
2019-04-09,16:09:51.878000,10856,10857,10857,1
2019-04-09,16:09:53.053000,10856,10857,10857,4
2019-04-09,16:09:56.105000,10856,10857,10857,2
2019-04-09,16:09:57.444000,10856,10857,10857,1
2019-04-09,16:10:00.165000,10856,10857,10857,6
2019-04-09,16:10:00.544000,10856,10857,10857,3
2019-04-09,16:10:03.812000,10856,10857,10857,1
2019-04-09,16:10:12.338000,10856,10857,10857,1
2019-04-09,16:10:17.850000,10856,10857,10857,4
2019-04-09,16:10:20.570000,10856,10857,10857,1
2019-04-09,16:10:21.404000,10856,10857,10856,1
2019-04-09,16:10:26.210000,10856,10857,10856,1
2019-04-09,16:10:57.388000,10856,10857,10856,3
2019-04-09,16:10:59.049000,10856,10857,10857,1
2019-04-09,16:11:03.554000,10856,10857,10857,1
2019-04-09,16:11:06.175000,10856,10857,10857,9
2019-04-09,16:11:06.561000,10856,10857,10857,1
2019-04-09,16:11:08.514000,10856,10857,10857,4
2019-04-09,16:11:13.359000,10856,10857,10857,1
2019-04-09,16:11:15.566000,10856,10857,10857,1
2019-04-09,16:11:17.802000,10856,10857,10857,3
2019-04-09,16:11:17.802000,10856,10857,10858,1
2019-04-09,16:11:17.933000,10856,10858,10857,1
2019-04-09,16:11:17.933000,10856,10858,10858,1
2019-04-09,16:11:18.042000,10856,10858,10857,1
2019-04-09,16:11:18.148000,10857,10858,10858,1
2019-04-09,16:11:19.179000,10856,10857,10857,1
2019-04-09,16:11:19.645000,10856,10857,10857,1
2019-04-09,16:11:20.569000,10856,10857,10857,1
2019-04-09,16:11:22.948000,10856,10857,10857,2
2019-04-09,16:11:26.837000,10856,10857,10857,4
2019-04-09,16:11:33.379000,10856,10857,10857,1
2019-04-09,16:11:33.845000,10856,10857,10857,1
2019-04-09,16:11:34.906000,10857,10858,10857,4
2019-04-09,16:11:42.876000,10856,10857,10856,2
2019-04-09,16:11:46.601000,10856,10857,10857,1
2019-04-09,16:11:49.225000,10856,10857,10857,1
2019-04-09,16:11:51.089000,10856,10857,10857,1
2019-04-09,16:11:53.618000,10856,10857,10857,11
2019-04-09,16:12:25.429000,10857,10858,10857,5
2019-04-09,16:12:35.088000,10857,10858,10857,10
2019-04-09,16:12:51.392000,10857,10858,10857,1
2019-04-09,16:12:53.054000,10857,10858,10858,1
2019-04-09,16:13:08.310000,10857,10858,10857,3
2019-04-09,16:13:09.105000,10857,10858,10857,1
2019-04-09,16:13:12.384000,10857,10858,10857,9
2019-04-09,16:13:12.750000,10857,10858,10858,1
2019-04-09,16:13:13.714000,10857,10858,10857,6
2019-04-09,16:13:19.427000,10857,10858,10857,7
2019-04-09,16:13:20.321000,10857,10858,10857,2
2019-04-09,16:13:27.030000,10857,10858,10857,1
2019-04-09,16:13:31.317000,10857,10858,10857,3
2019-04-09,16:13:33.797000,10857,10858,10857,1
2019-04-09,16:13:38.506000,10856,10857,10857,1
2019-04-09,16:13:48.686000,10856,10857,10857,1
2019-04-09,16:14:13.340000,10856,10857,10856,1
2019-04-09,16:14:16.443000,10856,10857,10856,1
2019-04-09,16:14:41.572000,10856,10857,10856,1
2019-04-09,16:14:47.269000,10856,10857,10856,1
2019-04-09,16:14:51.923000,10856,10857,10857,1
2019-04-09,16:14:56.880000,10856,10857,10856,1
2019-04-09,16:15:00.476000,10856,10857,10856,1
2019-04-09,16:15:00.618000,10856,10857,10857,1
2019-04-09,16:15:00.731000,10856,10857,10857,1
2019-04-09,16:15:07.286000,10856,10857,10857,2
2019-04-09,16:15:10.313000,10856,10857,10856,1
2019-04-09,16:15:11.103000,10856,10857,10857,1
2019-04-09,16:15:16.631000,10856,10857,10857,1
2019-04-09,16:15:27.369000,10856,10857,10857,1
2019-04-09,16:15:29.142000,10856,10857,10857,1
2019-04-09,16:15:32.566000,10856,10857,10857,1
2019-04-09,16:15:40.737000,10856,10857,10857,4
2019-04-09,16:15:46.544000,10856,10857,10857,1
2019-04-09,16:15:56.863000,10856,10857,10856,1
2019-04-09,16:15:58.867000,10856,10857,10857,1
2019-04-09,16:16:01.989000,10856,10857,10857,1
2019-04-09,16:16:05.467000,10856,10857,10857,2
2019-04-09,16:16:06.850000,10856,10857,10857,1
2019-04-09,16:16:09.758000,10856,10858,10857,2
2019-04-09,16:16:10.157000,10856,10858,10856,1
2019-04-09,16:16:11.693000,10856,10857,10857,1
2019-04-09,16:16:22.206000,10857,10858,10858,1
2019-04-09,16:16:22.294000,10857,10858,10858,1
2019-04-09,16:16:25.545000,10857,10858,10857,2
2019-04-09,16:16:36.669000,10857,10858,10857,1
2019-04-09,16:16:46.239000,10857,10858,10857,10
2019-04-09,16:16:48.240000,10857,10858,10858,8
2019-04-09,16:16:48.252000,10857,10858,10858,1
2019-04-09,16:17:06.805000,10857,10858,10858,4
2019-04-09,16:17:08.004000,10857,10858,10858,3
2019-04-09,16:17:09.847000,10857,10858,10858,1
2019-04-09,16:17:12.987000,10857,10858,10857,1
2019-04-09,16:17:20.142000,10857,10858,10857,1
2019-04-09,16:17:31.042000,10857,10858,10857,1
2019-04-09,16:17:40.250000,10857,10858,10857,10
2019-04-09,16:17:45.716000,10857,10858,10858,3
2019-04-09,16:17:53.810000,10857,10858,10857,1
2019-04-09,16:18:05.733000,10857,10858,10858,3
2019-04-09,16:18:09.937000,10857,10858,10857,1
2019-04-09,16:18:10.870000,10857,10858,10857,1
2019-04-09,16:18:41.125000,10857,10858,10857,2
2019-04-09,16:18:46.156000,10857,10858,10857,1
2019-04-09,16:19:37.557000,10857,10858,10858,1
2019-04-09,16:19:45.832000,10857,10858,10858,1
2019-04-09,16:19:54.550000,10857,10858,10857,1
2019-04-09,16:19:55.448000,10857,10858,10858,48
2019-04-09,16:19:55.586000,10858,10859,10858,1
2019-04-09,16:19:55.619000,10858,10859,10858,1
2019-04-09,16:19:55.631000,10858,10859,10858,1
2019-04-09,16:19:55.866000,10858,10859,10858,10
2019-04-09,16:19:58.748000,10857,10858,10858,10
2019-04-09,16:20:00.222000,10857,10858,10857,5
2019-04-09,16:20:01.416000,10857,10858,10857,5
2019-04-09,16:20:02.835000,10857,10858,10857,1
2019-04-09,16:20:11.024000,10857,10858,10858,1
2019-04-09,16:20:18.231000,10857,10858,10858,1
2019-04-09,16:20:19.857000,10857,10858,10858,1
2019-04-09,16:20:24.693000,10857,10858,10858,1
2019-04-09,16:20:24.842000,10857,10858,10858,1
2019-04-09,16:20:26.640000,10857,10858,10857,1
2019-04-09,16:20:34.584000,10857,10858,10858,1
2019-04-09,16:20:38.533000,10857,10858,10858,1
2019-04-09,16:20:44.953000,10857,10858,10857,1
2019-04-09,16:20:45.370000,10857,10858,10858,1
2019-04-09,16:20:50.343000,10857,10858,10858,1
2019-04-09,16:20:50.776000,10857,10858,10858,1
2019-04-09,16:20:54.881000,10857,10858,10858,1
2019-04-09,16:21:02.127000,10857,10858,10858,1
2019-04-09,16:21:08.109000,10857,10858,10858,1
2019-04-09,16:21:15.861000,10857,10858,10857,1
2019-04-09,16:21:21.371000,10857,10858,10857,2
2019-04-09,16:21:22.876000,10857,10858,10857,2
2019-04-09,16:21:23.404000,10857,10858,10857,1
2019-04-09,16:21:32.214000,10857,10858,10857,1
2019-04-09,16:21:35.335000,10857,10858,10857,1
2019-04-09,16:21:42.067000,10857,10858,10857,3
2019-04-09,16:21:44.359000,10857,10858,10857,1
2019-04-09,16:21:44.497000,10857,10858,10857,1
2019-04-09,16:21:44.883000,10857,10858,10857,2
2019-04-09,16:21:45.193000,10857,10858,10857,3
2019-04-09,16:21:45.394000,10857,10858,10857,1
2019-04-09,16:21:45.395000,10857,10858,10857,10
2019-04-09,16:21:58.846000,10856,10857,10856,1
2019-04-09,16:22:13.190000,10856,10857,10857,7
2019-04-09,16:22:22.420000,10856,10857,10857,1
2019-04-09,16:22:41.927000,10856,10857,10857,1
2019-04-09,16:22:47.362000,10856,10857,10857,2
2019-04-09,16:22:50.416000,10856,10857,10857,1
2019-04-09,16:22:50.885000,10856,10857,10857,1
2019-04-09,16:22:51.345000,10856,10857,10857,1
2019-04-09,16:22:59.055000,10856,10857,10856,1
2019-04-09,16:23:00.623000,10856,10857,10856,1
2019-04-09,16:23:02.269000,10856,10857,10856,23
2019-04-09,16:23:02.379000,10856,10857,10856,6
2019-04-09,16:23:02.394000,10856,10857,10856,2
2019-04-09,16:23:02.394000,10856,10857,10856,3
2019-04-09,16:23:02.394000,10856,10857,10856,8
2019-04-09,16:23:02.395000,10856,10857,10856,2
2019-04-09,16:23:02.395000,10856,10857,10856,1
2019-04-09,16:23:23.235000,10855,10856,10855,1
2019-04-09,16:23:25.505000,10855,10856,10855,1
2019-04-09,16:23:34.064000,10855,10856,10855,1
2019-04-09,16:23:40.449000,10855,10856,10855,1
2019-04-09,16:23:40.984000,10855,10856,10855,4
2019-04-09,16:24:02.399000,10855,10856,10856,5
2019-04-09,16:24:37.761000,10856,10857,10856,1
2019-04-09,16:24:39.142000,10856,10857,10856,1
2019-04-09,16:24:39.697000,10856,10857,10856,1
2019-04-09,16:25:03.215000,10856,10857,10857,1
2019-04-09,16:25:03.540000,10856,10857,10857,1
2019-04-09,16:25:13.289000,10856,10857,10857,1
2019-04-09,16:25:13.394000,10856,10857,10857,17
2019-04-09,16:25:13.519000,10856,10857,10857,3
2019-04-09,16:25:13.519000,10856,10857,10857,2
2019-04-09,16:25:14.341000,10857,10858,10857,1
2019-04-09,16:26:08.714000,10857,10858,10857,2
2019-04-09,16:26:25.436000,10857,10858,10858,1
2019-04-09,16:26:26.177000,10857,10858,10858,1
2019-04-09,16:26:36.409000,10857,10858,10858,1
2019-04-09,16:26:36.546000,10857,10858,10858,1
2019-04-09,16:26:44.554000,10857,10858,10858,3
2019-04-09,16:26:45.235000,10857,10858,10858,1
2019-04-09,16:27:13.207000,10857,10858,10858,3
2019-04-09,16:27:20.695000,10857,10858,10858,1
2019-04-09,16:27:22.066000,10857,10858,10858,1
2019-04-09,16:27:29.760000,10857,10858,10858,1
2019-04-09,16:27:32.146000,10857,10858,10857,10
2019-04-09,16:27:44.408000,10857,10858,10857,1
2019-04-09,16:28:03.625000,10857,10858,10857,1
2019-04-09,16:28:34.981000,10857,10858,10858,5
2019-04-09,16:28:37.648000,10857,10858,10858,10
2019-04-09,16:28:38.269000,10857,10858,10858,1
2019-04-09,16:28:38.270000,10857,10858,10858,6
2019-04-09,16:28:38.857000,10858,10859,10858,7
2019-04-09,16:28:38.858000,10858,10859,10858,3
2019-04-09,16:28:39.185000,10858,10859,10858,2
2019-04-09,16:28:54.919000,10858,10859,10859,1
2019-04-09,16:28:55.134000,10858,10859,10859,1
2019-04-09,16:28:55.420000,10858,10859,10859,1
2019-04-09,16:28:56.620000,10858,10859,10858,1
2019-04-09,16:29:06.809000,10858,10859,10858,1
2019-04-09,16:29:21.042000,10858,10859,10858,2
2019-04-09,16:29:22.198000,10858,10859,10858,5
2019-04-09,16:29:23.893000,10858,10859,10858,1
2019-04-09,16:29:26.152000,10858,10859,10858,5
2019-04-09,16:29:29.785000,10858,10859,10858,1
2019-04-09,16:29:38.582000,10857,10858,10858,1
2019-04-09,16:29:38.582000,10857,10858,10858,1
2019-04-09,16:29:40.391000,10858,10859,10858,3
2019-04-09,16:29:42.156000,10857,10858,10858,1
2019-04-09,16:29:51.125000,10857,10858,10858,1
2019-04-09,16:29:54.628000,10857,10858,10858,1
2019-04-09,16:29:57.106000,10858,10859,10858,1
2019-04-09,16:30:00.723000,10858,10859,10858,1
2019-04-09,16:30:10.880000,10858,10859,10859,1
2019-04-09,16:30:20.140000,10858,10859,10858,1
2019-04-09,16:30:27.018000,10858,10859,10858,5
2019-04-09,16:30:31.418000,10858,10859,10858,1
2019-04-09,16:30:34.903000,10858,10859,10858,1
2019-04-09,16:30:39.414000,10858,10859,10858,5
2019-04-09,16:30:53.758000,10858,10859,10858,5
2019-04-09,16:30:56.335000,10858,10859,10858,1
2019-04-09,16:30:58.626000,10858,10859,10858,2
2019-04-09,16:31:06.558000,10857,10858,10858,2
2019-04-09,16:31:21.277000,10857,10858,10857,1
2019-04-09,16:31:40.084000,10857,10858,10858,1
2019-04-09,16:31:53.086000,10857,10858,10858,2
2019-04-09,16:31:53.144000,10857,10858,10858,1
2019-04-09,16:31:53.144000,10857,10858,10858,1
2019-04-09,16:31:53.499000,10857,10858,10858,1
2019-04-09,16:31:53.526000,10857,10858,10858,1
2019-04-09,16:31:54.148000,10857,10858,10858,1
2019-04-09,16:31:54.148000,10857,10858,10858,1
2019-04-09,16:31:54.148000,10857,10858,10858,4
2019-04-09,16:32:03.251000,10858,10859,10858,1
2019-04-09,16:32:04.394000,10858,10859,10859,1
2019-04-09,16:32:05.191000,10858,10859,10859,1
2019-04-09,16:32:19.333000,10858,10859,10859,1
2019-04-09,16:32:27.250000,10858,10859,10858,5
2019-04-09,16:32:28.730000,10857,10858,10858,1
2019-04-09,16:32:33.315000,10857,10858,10858,1
2019-04-09,16:33:27.406000,10858,10859,10859,1
2019-04-09,16:34:14.117000,10858,10859,10858,5
2019-04-09,16:34:17.796000,10858,10859,10858,1
2019-04-09,16:34:19.494000,10858,10859,10858,1
2019-04-09,16:34:20.399000,10857,10858,10858,1
2019-04-09,16:34:24.689000,10857,10858,10858,1
2019-04-09,16:34:25.497000,10857,10858,10857,12
2019-04-09,16:34:28.781000,10857,10858,10858,8
2019-04-09,16:34:38.259000,10857,10858,10858,1
2019-04-09,16:34:39.199000,10857,10858,10858,1
2019-04-09,16:35:00.333000,10857,10858,10857,2
2019-04-09,16:35:13.355000,10857,10858,10858,1
2019-04-09,16:35:17.026000,10857,10858,10857,1
2019-04-09,16:35:20.695000,10857,10858,10857,3
2019-04-09,16:35:36.350000,10857,10858,10857,1
2019-04-09,16:35:36.394000,10857,10858,10857,1
2019-04-09,16:35:38.200000,10857,10858,10857,1
2019-04-09,16:35:42.577000,10857,10858,10857,1
2019-04-09,16:35:44.981000,10857,10858,10858,5
2019-04-09,16:35:59.556000,10857,10858,10857,1
2019-04-09,16:36:23.256000,10857,10858,10858,1
2019-04-09,16:36:27.117000,10857,10858,10857,2
2019-04-09,16:36:35.751000,10857,10858,10858,1
2019-04-09,16:36:46.425000,10857,10858,10858,1
2019-04-09,16:36:49.988000,10857,10858,10857,1
2019-04-09,16:36:50.314000,10857,10858,10857,5
2019-04-09,16:36:54.352000,10857,10858,10857,1
2019-04-09,16:36:56.072000,10857,10858,10857,1
2019-04-09,16:36:57.618000,10857,10858,10857,2
2019-04-09,16:37:02.347000,10857,10858,10857,1
2019-04-09,16:37:03.839000,10857,10858,10857,7
2019-04-09,16:37:04.825000,10856,10857,10856,6
2019-04-09,16:37:11.944000,10856,10857,10857,1
2019-04-09,16:37:23.959000,10856,10857,10856,1
2019-04-09,16:37:29.076000,10856,10857,10856,1
2019-04-09,16:37:35.133000,10856,10857,10856,1
2019-04-09,16:37:36.720000,10856,10857,10856,18
2019-04-09,16:37:47.289000,10855,10856,10856,5
2019-04-09,16:37:49.123000,10855,10856,10856,1
2019-04-09,16:37:57.936000,10856,10857,10856,1
2019-04-09,16:38:05.483000,10856,10857,10856,1
2019-04-09,16:38:31.547000,10855,10856,10855,1
2019-04-09,16:38:46.094000,10855,10856,10856,5
2019-04-09,16:39:05.775000,10855,10856,10856,2
2019-04-09,16:39:16.636000,10855,10856,10856,1
2019-04-09,16:39:18.654000,10855,10856,10856,1
2019-04-09,16:39:22.142000,10855,10856,10856,1
2019-04-09,16:39:23.815000,10855,10856,10856,1
2019-04-09,16:39:26.266000,10855,10856,10856,1
2019-04-09,16:39:28.678000,10855,10856,10856,2
2019-04-09,16:40:43.719000,10856,10857,10857,1
2019-04-09,16:40:44.176000,10856,10857,10857,2
2019-04-09,16:40:45.079000,10857,10858,10857,1
2019-04-09,16:40:49.790000,10857,10858,10857,1
2019-04-09,16:41:03.296000,10856,10857,10857,1
2019-04-09,16:41:24.221000,10857,10858,10857,1
2019-04-09,16:41:30.282000,10857,10858,10857,1
2019-04-09,16:41:32.912000,10857,10858,10857,1
2019-04-09,16:41:33.887000,10857,10858,10857,1
2019-04-09,16:41:43.034000,10856,10857,10857,1
2019-04-09,16:42:01.904000,10856,10858,10856,1
2019-04-09,16:42:03.174000,10857,10858,10858,2
2019-04-09,16:42:21.234000,10857,10858,10857,1
2019-04-09,16:42:30.290000,10857,10858,10858,1
2019-04-09,16:42:33.423000,10857,10858,10858,1
2019-04-09,16:42:34.560000,10857,10858,10858,2
2019-04-09,16:42:35.339000,10857,10858,10858,1
2019-04-09,16:42:46.547000,10858,10859,10859,2
2019-04-09,16:42:46.816000,10858,10859,10858,1
2019-04-09,16:42:47.437000,10858,10859,10859,1
2019-04-09,16:42:48.027000,10858,10859,10859,1
2019-04-09,16:42:50.458000,10858,10859,10859,1
2019-04-09,16:42:50.877000,10858,10859,10859,1
2019-04-09,16:42:50.896000,10858,10859,10859,2
2019-04-09,16:42:50.898000,10858,10859,10859,1
2019-04-09,16:42:50.936000,10858,10859,10859,1
2019-04-09,16:42:50.936000,10858,10859,10859,4
2019-04-09,16:42:50.936000,10858,10859,10859,1
2019-04-09,16:42:50.937000,10858,10859,10859,4
2019-04-09,16:42:50.937000,10858,10859,10859,1
2019-04-09,16:42:50.937000,10858,10859,10859,8
2019-04-09,16:42:50.937000,10858,10859,10859,4
2019-04-09,16:42:51.083000,10859,10860,10859,5
2019-04-09,16:42:52.936000,10859,10860,10859,1
2019-04-09,16:42:56.375000,10859,10860,10859,1
2019-04-09,16:42:56.376000,10859,10860,10859,1
2019-04-09,16:43:02.558000,10858,10859,10859,1
2019-04-09,16:43:12.324000,10858,10859,10859,1
2019-04-09,16:43:21.539000,10858,10859,10858,1
2019-04-09,16:43:29.715000,10858,10859,10858,12
2019-04-09,16:43:32.962000,10857,10858,10858,1
2019-04-09,16:43:42.444000,10857,10858,10858,1
2019-04-09,16:43:42.536000,10857,10858,10858,8
2019-04-09,16:43:42.536000,10857,10858,10858,5
2019-04-09,16:43:54.599000,10858,10859,10859,1
2019-04-09,16:43:59.359000,10858,10859,10859,3
2019-04-09,16:44:10.244000,10858,10859,10859,1
2019-04-09,16:44:13.455000,10858,10859,10859,2
2019-04-09,16:44:16.122000,10858,10859,10859,1
2019-04-09,16:44:18.127000,10858,10859,10859,2
2019-04-09,16:44:19.451000,10858,10859,10859,3
2019-04-09,16:44:19.451000,10858,10859,10859,1
2019-04-09,16:44:19.451000,10858,10859,10859,4
2019-04-09,16:44:19.452000,10858,10859,10859,2
2019-04-09,16:44:19.454000,10858,10859,10859,3
2019-04-09,16:44:19.514000,10858,10859,10859,2
2019-04-09,16:44:19.519000,10858,10859,10859,4
2019-04-09,16:44:25.586000,10859,10860,10860,2
2019-04-09,16:44:25.722000,10859,10860,10860,2
2019-04-09,16:44:25.972000,10859,10860,10860,1
2019-04-09,16:44:28.784000,10859,10860,10859,1
2019-04-09,16:44:28.791000,10859,10860,10860,1
2019-04-09,16:44:31.776000,10859,10860,10860,3
2019-04-09,16:44:32.375000,10859,10860,10860,3
2019-04-09,16:44:32.499000,10859,10860,10860,1
2019-04-09,16:44:34.915000,10859,10860,10860,1
2019-04-09,16:44:35.002000,10859,10860,10860,2
2019-04-09,16:44:35.144000,10859,10860,10860,2
2019-04-09,16:44:36.016000,10859,10860,10860,1
2019-04-09,16:44:36.749000,10859,10860,10860,1
2019-04-09,16:44:36.814000,10859,10860,10860,1
2019-04-09,16:44:36.991000,10859,10860,10860,10
2019-04-09,16:44:37.019000,10859,10860,10860,2
2019-04-09,16:44:37.066000,10859,10860,10860,2
2019-04-09,16:44:37.068000,10859,10860,10860,4
2019-04-09,16:44:37.069000,10859,10860,10860,3
2019-04-09,16:44:37.069000,10859,10860,10860,2
2019-04-09,16:44:37.119000,10859,10860,10860,3
2019-04-09,16:44:37.128000,10859,10860,10860,5
2019-04-09,16:44:37.144000,10859,10860,10860,8
2019-04-09,16:44:37.145000,10859,10860,10860,2
2019-04-09,16:44:37.269000,10859,10860,10860,1
2019-04-09,16:44:41.524000,10860,10861,10861,1
2019-04-09,16:44:41.751000,10860,10861,10861,1
2019-04-09,16:44:41.765000,10860,10861,10861,1
2019-04-09,16:44:41.826000,10860,10861,10861,1
2019-04-09,16:44:41.857000,10860,10861,10861,1
2019-04-09,16:44:41.941000,10860,10861,10861,1
2019-04-09,16:44:41.993000,10860,10861,10861,1
2019-04-09,16:44:42.018000,10860,10861,10860,1
2019-04-09,16:44:42.352000,10860,10861,10861,1
2019-04-09,16:44:42.554000,10860,10861,10861,1
2019-04-09,16:44:42.569000,10860,10861,10861,1
2019-04-09,16:44:42.950000,10860,10861,10861,1
2019-04-09,16:44:43.454000,10861,10862,10862,5
2019-04-09,16:44:43.528000,10861,10862,10862,1
2019-04-09,16:44:44.636000,10861,10862,10861,1
2019-04-09,16:44:44.636000,10861,10862,10861,1
2019-04-09,16:44:45.658000,10860,10861,10861,1
2019-04-09,16:44:46.147000,10860,10861,10861,7
2019-04-09,16:44:47.680000,10860,10861,10861,1
2019-04-09,16:44:50.141000,10860,10861,10861,2
2019-04-09,16:44:53.121000,10860,10861,10861,1
2019-04-09,16:44:56.621000,10860,10861,10861,2
2019-04-09,16:44:57.055000,10860,10861,10861,10
2019-04-09,16:44:58.762000,10860,10861,10861,1
2019-04-09,16:44:59.220000,10860,10861,10861,1
2019-04-09,16:45:00.202000,10860,10861,10861,2
2019-04-09,16:45:00.402000,10860,10861,10861,1
2019-04-09,16:45:00.676000,10860,10861,10861,1
2019-04-09,16:45:03.247000,10861,10862,10862,2
2019-04-09,16:45:13.724000,10861,10862,10862,5
2019-04-09,16:45:13.976000,10861,10862,10862,4
2019-04-09,16:45:15.403000,10861,10862,10862,3
2019-04-09,16:45:17.566000,10861,10862,10862,3
2019-04-09,16:45:20.499000,10861,10862,10862,1
2019-04-09,16:45:24.747000,10861,10862,10862,5
2019-04-09,16:45:29.298000,10861,10862,10862,4
2019-04-09,16:45:32.072000,10861,10862,10862,2
2019-04-09,16:45:33.300000,10861,10862,10861,1
2019-04-09,16:45:35.012000,10861,10862,10862,2
2019-04-09,16:45:37.070000,10861,10862,10862,4
2019-04-09,16:45:39.336000,10861,10862,10862,3
2019-04-09,16:45:39.962000,10861,10862,10862,3
2019-04-09,16:45:40.023000,10861,10862,10862,2
2019-04-09,16:45:42.755000,10861,10862,10862,3
2019-04-09,16:45:42.959000,10861,10862,10862,1
2019-04-09,16:45:44.068000,10861,10862,10862,1
2019-04-09,16:45:44.393000,10861,10862,10862,1
2019-04-09,16:45:44.537000,10861,10862,10862,2
2019-04-09,16:45:45.193000,10861,10862,10861,3
2019-04-09,16:45:45.919000,10861,10862,10862,1
2019-04-09,16:45:46.606000,10861,10862,10862,10
2019-04-09,16:45:46.825000,10862,10863,10862,1
2019-04-09,16:45:46.894000,10862,10863,10862,2
2019-04-09,16:45:47.019000,10862,10863,10862,1
2019-04-09,16:45:47.407000,10861,10863,10862,1
2019-04-09,16:45:48.954000,10861,10862,10862,4
2019-04-09,16:45:55.238000,10862,10863,10862,1
2019-04-09,16:45:58.909000,10862,10863,10862,1
2019-04-09,16:46:02.264000,10862,10863,10862,2
2019-04-09,16:46:11.894000,10862,10863,10863,2
2019-04-09,16:46:11.926000,10862,10863,10863,1
2019-04-09,16:46:12.637000,10862,10863,10863,1
2019-04-09,16:46:13.681000,10862,10863,10863,1
2019-04-09,16:46:13.897000,10862,10863,10863,4
2019-04-09,16:46:13.957000,10862,10863,10863,2
2019-04-09,16:46:17.086000,10862,10863,10863,2
2019-04-09,16:46:17.199000,10862,10863,10863,10
2019-04-09,16:46:18.711000,10862,10863,10863,1
2019-04-09,16:46:20.965000,10862,10863,10863,1
2019-04-09,16:46:21.187000,10863,10864,10863,1
2019-04-09,16:46:21.435000,10863,10864,10863,1
2019-04-09,16:46:25.616000,10863,10864,10863,1
2019-04-09,16:46:28.268000,10862,10863,10863,1
2019-04-09,16:46:30.809000,10862,10863,10863,1
2019-04-09,16:46:33.210000,10862,10863,10863,2
2019-04-09,16:46:35.013000,10862,10863,10863,6
2019-04-09,16:46:35.013000,10862,10863,10864,1
2019-04-09,16:46:35.113000,10862,10864,10864,3
2019-04-09,16:46:35.899000,10863,10864,10863,1
2019-04-09,16:46:39.914000,10862,10863,10863,2
2019-04-09,16:46:44.343000,10862,10863,10863,10
2019-04-09,16:46:47.213000,10862,10863,10863,1
2019-04-09,16:46:47.445000,10862,10863,10862,1
2019-04-09,16:46:47.552000,10862,10863,10863,2
2019-04-09,16:46:48.507000,10862,10863,10863,1
2019-04-09,16:46:52.837000,10862,10863,10863,5
2019-04-09,16:46:55.977000,10862,10863,10863,1
2019-04-09,16:46:58.591000,10862,10863,10863,1
2019-04-09,16:46:58.932000,10862,10863,10863,1
2019-04-09,16:47:02.647000,10862,10863,10863,2
2019-04-09,16:47:04.748000,10862,10863,10863,2
2019-04-09,16:47:07.435000,10863,10864,10863,3
2019-04-09,16:47:39.664000,10863,10864,10864,1
2019-04-09,16:47:40.313000,10863,10864,10864,4
2019-04-09,16:47:52.684000,10863,10864,10864,20
2019-04-09,16:47:53.525000,10863,10864,10864,1
2019-04-09,16:47:56.333000,10863,10864,10864,2
2019-04-09,16:47:57.646000,10863,10864,10864,3
2019-04-09,16:47:58.226000,10863,10864,10864,2
2019-04-09,16:48:01.988000,10863,10864,10863,1
2019-04-09,16:48:02.312000,10863,10864,10864,1
2019-04-09,16:48:02.345000,10863,10864,10864,1
2019-04-09,16:48:02.443000,10863,10864,10864,1
2019-04-09,16:48:03.158000,10863,10864,10864,2
2019-04-09,16:48:03.580000,10863,10864,10864,1
2019-04-09,16:48:07.389000,10863,10864,10864,1
2019-04-09,16:48:07.394000,10863,10864,10864,1
2019-04-09,16:48:08.281000,10863,10864,10864,2
2019-04-09,16:48:08.903000,10863,10864,10864,1
2019-04-09,16:48:10.229000,10863,10864,10863,1
2019-04-09,16:48:15.142000,10863,10864,10864,3
2019-04-09,16:48:19.814000,10863,10864,10864,1
2019-04-09,16:48:20.207000,10863,10864,10864,11
2019-04-09,16:48:22.505000,10864,10865,10864,1
2019-04-09,16:48:22.767000,10863,10864,10864,1
2019-04-09,16:48:23.081000,10863,10865,10863,1
2019-04-09,16:48:28.791000,10863,10864,10864,1
2019-04-09,16:48:32.970000,10863,10864,10864,1
2019-04-09,16:48:33.171000,10864,10865,10864,1
2019-04-09,16:48:34.577000,10864,10865,10864,1
2019-04-09,16:48:51.308000,10864,10865,10864,1
2019-04-09,16:48:52.551000,10864,10865,10865,1
2019-04-09,16:48:52.736000,10864,10865,10865,3
2019-04-09,16:48:52.752000,10864,10865,10865,1
2019-04-09,16:48:52.771000,10864,10865,10865,2
2019-04-09,16:48:53.995000,10864,10865,10865,1
2019-04-09,16:48:54.215000,10864,10865,10865,1
2019-04-09,16:48:59.638000,10864,10865,10865,1
2019-04-09,16:49:00.020000,10864,10865,10865,2
2019-04-09,16:49:00.025000,10864,10865,10865,5
2019-04-09,16:49:00.144000,10864,10865,10865,18
2019-04-09,16:49:00.713000,10865,10866,10865,1
2019-04-09,16:49:01.185000,10865,10866,10865,1
2019-04-09,16:49:03.645000,10865,10866,10865,2
2019-04-09,16:49:05.368000,10865,10866,10866,10
2019-04-09,16:49:05.663000,10865,10866,10865,1
2019-04-09,16:49:05.762000,10865,10866,10865,1
2019-04-09,16:49:07.804000,10865,10866,10866,1
2019-04-09,16:49:08.409000,10865,10866,10866,1
2019-04-09,16:49:11.475000,10865,10866,10865,20
2019-04-09,16:49:15.276000,10865,10866,10866,2
2019-04-09,16:49:20.403000,10865,10866,10866,4
2019-04-09,16:49:25.369000,10865,10866,10865,1
2019-04-09,16:49:27.869000,10865,10866,10866,1
2019-04-09,16:49:33.764000,10865,10866,10866,1
2019-04-09,16:49:40.669000,10865,10866,10866,2
2019-04-09,16:49:41.486000,10865,10866,10866,1
2019-04-09,16:49:41.519000,10865,10866,10866,1
2019-04-09,16:49:46.342000,10865,10866,10865,10
2019-04-09,16:49:46.597000,10865,10866,10866,1
2019-04-09,16:49:48.232000,10865,10866,10866,1
2019-04-09,16:49:53.284000,10865,10866,10866,1
2019-04-09,16:49:55.143000,10865,10866,10866,2
2019-04-09,16:49:57.177000,10865,10866,10866,2
2019-04-09,16:49:57.443000,10865,10866,10866,2
2019-04-09,16:49:59.946000,10865,10866,10865,2
2019-04-09,16:50:01.955000,10865,10866,10865,4
2019-04-09,16:50:02.219000,10865,10866,10865,1
2019-04-09,16:50:02.255000,10865,10866,10866,1
2019-04-09,16:50:02.579000,10865,10866,10866,1
2019-04-09,16:50:03.066000,10865,10866,10866,1
2019-04-09,16:50:03.087000,10865,10866,10866,2
2019-04-09,16:50:03.150000,10865,10866,10866,2
2019-04-09,16:50:03.510000,10865,10866,10865,2
2019-04-09,16:50:04.096000,10865,10866,10866,1
2019-04-09,16:50:04.718000,10865,10866,10866,1
2019-04-09,16:50:08.468000,10865,10866,10866,5
2019-04-09,16:50:09.394000,10865,10866,10866,1
2019-04-09,16:50:10.191000,10865,10866,10865,1
2019-04-09,16:50:14.361000,10865,10866,10866,3
2019-04-09,16:50:22.798000,10865,10866,10866,6
2019-04-09,16:50:24.683000,10865,10866,10865,10
2019-04-09,16:50:24.769000,10865,10866,10865,9
2019-04-09,16:50:24.895000,10864,10865,10865,1
2019-04-09,16:50:29.552000,10864,10865,10865,5
2019-04-09,16:50:31.894000,10864,10865,10865,1
2019-04-09,16:50:38.177000,10865,10866,10865,1
2019-04-09,16:50:40.894000,10864,10865,10865,2
2019-04-09,16:50:41.082000,10864,10865,10865,1
2019-04-09,16:50:44.269000,10864,10865,10865,1
2019-04-09,16:50:45.019000,10864,10865,10865,1
2019-04-09,16:50:46.209000,10864,10866,10864,1
2019-04-09,16:50:50.443000,10864,10866,10866,4
2019-04-09,16:50:52.255000,10865,10866,10865,1
2019-04-09,16:50:55.019000,10864,10865,10865,1
2019-04-09,16:50:55.769000,10864,10865,10865,2
2019-04-09,16:50:56.769000,10864,10865,10865,1
2019-04-09,16:50:59.021000,10865,10866,10866,1
2019-04-09,16:51:01.644000,10864,10865,10865,1
2019-04-09,16:51:09.935000,10865,10866,10865,1
2019-04-09,16:51:12.400000,10865,10866,10866,1
2019-04-09,16:51:16.521000,10865,10866,10865,1
2019-04-09,16:51:16.552000,10865,10866,10865,1
2019-04-09,16:51:16.647000,10865,10866,10865,4
2019-04-09,16:51:17.144000,10864,10865,10865,1
2019-04-09,16:51:17.494000,10864,10865,10865,1
2019-04-09,16:51:18.825000,10864,10865,10865,1
2019-04-09,16:51:28.338000,10864,10865,10865,1
2019-04-09,16:51:35.888000,10864,10865,10865,1
2019-04-09,16:51:37.769000,10864,10865,10865,11
2019-04-09,16:51:38.571000,10864,10865,10865,1
2019-04-09,16:51:39.397000,10865,10866,10865,1
2019-04-09,16:51:39.437000,10865,10866,10865,1
2019-04-09,16:51:39.464000,10865,10866,10865,1
2019-04-09,16:51:39.520000,10864,10865,10865,2
2019-04-09,16:51:41.510000,10865,10866,10865,1
2019-04-09,16:51:44.716000,10865,10866,10865,1
2019-04-09,16:51:45.684000,10865,10866,10865,1
2019-04-09,16:51:45.708000,10865,10866,10865,1
2019-04-09,16:51:48.179000,10865,10866,10865,1
2019-04-09,16:51:49.094000,10865,10866,10865,1
2019-04-09,16:51:49.935000,10865,10866,10865,1
2019-04-09,16:51:49.953000,10865,10866,10865,6
2019-04-09,16:51:50.020000,10864,10865,10865,1
2019-04-09,16:51:52.752000,10864,10865,10865,2
2019-04-09,16:51:53.372000,10864,10865,10865,3
2019-04-09,16:51:54.639000,10864,10865,10864,1
2019-04-09,16:52:01.926000,10864,10865,10864,3
2019-04-09,16:52:02.929000,10864,10865,10865,3
2019-04-09,16:52:03.160000,10865,10866,10865,1
2019-04-09,16:52:07.906000,10865,10866,10865,2
2019-04-09,16:52:08.063000,10865,10866,10865,1
2019-04-09,16:52:21.894000,10864,10865,10865,10
2019-04-09,16:52:29.018000,10864,10865,10865,1
2019-04-09,16:52:30.723000,10864,10865,10865,1
2019-04-09,16:52:33.721000,10865,10866,10865,1
2019-04-09,16:52:34.947000,10865,10866,10865,1
2019-04-09,16:52:35.141000,10865,10866,10865,1
2019-04-09,16:52:41.376000,10865,10866,10865,3
2019-04-09,16:53:00.635000,10864,10865,10865,2
2019-04-09,16:53:05.196000,10864,10865,10865,1
2019-04-09,16:53:05.196000,10864,10865,10866,1
2019-04-09,16:53:06.880000,10864,10866,10866,1
2019-04-09,16:53:08.757000,10865,10866,10865,3
2019-04-09,16:53:15.591000,10864,10866,10864,2
2019-04-09,16:53:15.866000,10864,10865,10864,1
2019-04-09,16:53:26.895000,10864,10865,10865,2
2019-04-09,16:53:41.569000,10865,10866,10865,1
2019-04-09,16:53:43.683000,10865,10866,10865,2
2019-04-09,16:53:44.975000,10865,10866,10865,1
2019-04-09,16:53:45.947000,10864,10865,10865,2
2019-04-09,16:53:45.956000,10864,10865,10865,1
2019-04-09,16:53:48.556000,10865,10866,10865,2
2019-04-09,16:53:54.098000,10864,10865,10865,1
2019-04-09,16:53:57.852000,10864,10865,10865,1
2019-04-09,16:53:59.868000,10864,10865,10865,2
2019-04-09,16:54:04.523000,10864,10865,10865,3
2019-04-09,16:54:05.543000,10865,10866,10865,1
2019-04-09,16:54:07.884000,10865,10866,10865,1
2019-04-09,16:54:07.929000,10865,10866,10865,2
2019-04-09,16:54:17.577000,10865,10866,10865,3
2019-04-09,16:54:21.083000,10865,10866,10865,1
2019-04-09,16:54:23.878000,10865,10866,10866,3
2019-04-09,16:54:30.616000,10865,10866,10865,1
2019-04-09,16:54:31.255000,10865,10866,10865,2
2019-04-09,16:54:33.334000,10865,10866,10866,5
2019-04-09,16:54:38.545000,10865,10866,10866,1
2019-04-09,16:54:39.569000,10865,10866,10865,1
2019-04-09,16:54:45.452000,10865,10866,10865,20
2019-04-09,16:54:50.177000,10865,10866,10865,1
2019-04-09,16:54:51.750000,10865,10866,10865,3
2019-04-09,16:54:58.944000,10865,10866,10866,1
2019-04-09,16:55:01.579000,10865,10866,10865,1
2019-04-09,16:55:01.952000,10865,10866,10865,2
2019-04-09,16:55:04.847000,10865,10866,10865,8
2019-04-09,16:55:05.864000,10865,10866,10866,1
2019-04-09,16:55:17.755000,10865,10866,10866,5
2019-04-09,16:55:20.431000,10865,10866,10866,5
2019-04-09,16:55:24.201000,10865,10866,10866,21
2019-04-09,16:55:24.269000,10865,10866,10866,9
2019-04-09,16:55:24.394000,10865,10866,10866,1
2019-04-09,16:55:24.394000,10865,10866,10866,8
2019-04-09,16:55:24.395000,10865,10866,10866,1
2019-04-09,16:55:37.385000,10866,10867,10866,1
2019-04-09,16:55:43.614000,10866,10867,10866,1
2019-04-09,16:55:48.184000,10866,10867,10867,12
2019-04-09,16:55:48.269000,10866,10867,10867,2
2019-04-09,16:55:49.296000,10867,10868,10867,1
2019-04-09,16:55:56.235000,10867,10868,10867,12
2019-04-09,16:55:56.773000,10866,10867,10867,5
2019-04-09,16:55:59.012000,10866,10867,10867,1
2019-04-09,16:56:00.162000,10866,10867,10867,5
2019-04-09,16:56:00.717000,10866,10868,10868,2
2019-04-09,16:56:00.851000,10866,10868,10868,2
2019-04-09,16:56:00.851000,10866,10868,10868,1
2019-04-09,16:56:00.958000,10866,10868,10868,1
2019-04-09,16:56:01.118000,10866,10868,10866,1
2019-04-09,16:56:01.141000,10866,10868,10866,1
2019-04-09,16:56:01.190000,10866,10867,10866,2
2019-04-09,16:56:01.250000,10866,10867,10866,4
2019-04-09,16:56:01.283000,10866,10867,10866,2
2019-04-09,16:56:01.291000,10866,10867,10866,1
2019-04-09,16:56:01.311000,10866,10867,10866,4
2019-04-09,16:56:01.336000,10866,10867,10866,4
2019-04-09,16:56:01.439000,10866,10867,10866,2
2019-04-09,16:56:01.464000,10866,10867,10866,2
2019-04-09,16:56:01.466000,10866,10867,10866,4
2019-04-09,16:56:01.516000,10866,10867,10866,1
2019-04-09,16:56:01.807000,10866,10867,10867,5
2019-04-09,16:56:11.356000,10866,10867,10867,1
2019-04-09,16:56:11.588000,10866,10867,10866,1
2019-04-09,16:56:14.791000,10866,10867,10866,1
2019-04-09,16:56:19.674000,10866,10867,10867,1
2019-04-09,16:56:20.342000,10866,10867,10867,2
2019-04-09,16:56:26.002000,10866,10867,10867,1
2019-04-09,16:56:28.123000,10866,10867,10867,3
2019-04-09,16:56:33.409000,10866,10867,10866,1
2019-04-09,16:56:35.612000,10866,10867,10866,1
2019-04-09,16:56:39.556000,10866,10867,10866,1
2019-04-09,16:56:41.269000,10866,10867,10867,1
2019-04-09,16:56:48.455000,10866,10867,10867,1
2019-04-09,16:56:49.223000,10866,10867,10867,1
2019-04-09,16:57:00.295000,10866,10867,10867,2
2019-04-09,16:57:00.630000,10866,10867,10866,3
2019-04-09,16:57:00.969000,10866,10867,10866,2
2019-04-09,16:57:27.027000,10866,10867,10866,1
2019-04-09,16:57:27.761000,10866,10867,10866,1
2019-04-09,16:57:28.192000,10866,10867,10867,1
2019-04-09,16:57:38.292000,10866,10867,10867,1
2019-04-09,16:57:44.847000,10866,10867,10867,3
2019-04-09,16:57:48.051000,10866,10867,10867,4
2019-04-09,16:58:00.250000,10866,10867,10867,4
2019-04-09,16:58:06.655000,10866,10867,10867,1
2019-04-09,16:58:11.638000,10866,10867,10867,1
2019-04-09,16:58:14.227000,10866,10867,10866,1
2019-04-09,16:58:34.360000,10866,10867,10867,3
2019-04-09,16:58:37.668000,10866,10867,10867,1
2019-04-09,16:58:39.887000,10866,10867,10867,1
2019-04-09,16:58:40.738000,10866,10867,10866,1
2019-04-09,16:58:46.318000,10866,10867,10867,1
2019-04-09,16:58:53.773000,10866,10867,10866,3
2019-04-09,16:58:53.842000,10866,10867,10866,1
2019-04-09,16:58:53.894000,10866,10867,10866,24
2019-04-09,16:58:53.894000,10866,10867,10866,2
2019-04-09,16:58:54.272000,10865,10866,10866,5
2019-04-09,16:58:58.289000,10865,10866,10865,1
2019-04-09,16:58:59.326000,10865,10866,10866,2
2019-04-09,16:59:02.416000,10865,10866,10866,1
2019-04-09,16:59:03.426000,10865,10866,10866,5
2019-04-09,16:59:04.242000,10865,10866,10866,5
2019-04-09,16:59:04.358000,10865,10866,10866,1
2019-04-09,16:59:04.528000,10865,10866,10866,1
2019-04-09,16:59:05.383000,10865,10866,10866,2
2019-04-09,16:59:05.383000,10865,10866,10867,3
2019-04-09,16:59:09.702000,10866,10867,10866,1
2019-04-09,16:59:10.143000,10866,10867,10866,1
2019-04-09,16:59:10.624000,10866,10867,10866,1
2019-04-09,16:59:20.338000,10866,10867,10866,5
2019-04-09,16:59:20.889000,10866,10867,10866,5
2019-04-09,16:59:22.919000,10866,10867,10866,1
2019-04-09,16:59:23.159000,10866,10867,10866,1
2019-04-09,16:59:23.307000,10866,10867,10866,1
2019-04-09,16:59:23.390000,10866,10867,10866,1
2019-04-09,16:59:27.021000,10866,10867,10866,1
2019-04-09,16:59:27.482000,10866,10867,10866,1
2019-04-09,16:59:36.977000,10866,10867,10866,2
2019-04-09,16:59:39.401000,10866,10867,10867,1
2019-04-09,16:59:53.348000,10866,10867,10867,4
2019-04-09,16:59:53.394000,10866,10867,10867,4
2019-04-09,16:59:53.519000,10866,10867,10867,17
2019-04-09,16:59:53.644000,10866,10867,10867,2
2019-04-09,16:59:53.649000,10866,10867,10867,2
2019-04-09,16:59:53.652000,10866,10867,10867,2
2019-04-09,16:59:53.769000,10866,10867,10867,15
2019-04-09,16:59:56.876000,10867,10868,10868,1
2019-04-09,16:59:57.379000,10867,10868,10868,2
2019-04-09,16:59:58.926000,10867,10868,10868,1
2019-04-09,16:59:59.677000,10867,10868,10867,1
2019-04-09,17:00:00.512000,10867,10868,10868,1
2019-04-09,17:00:00.675000,10867,10868,10868,1
2019-04-09,17:00:00.679000,10867,10868,10868,1
2019-04-09,17:00:02.704000,10867,10868,10867,10
2019-04-09,17:00:02.947000,10867,10868,10868,6
2019-04-09,17:00:03.400000,10867,10868,10868,1
2019-04-09,17:00:03.777000,10867,10868,10868,1
2019-04-09,17:00:04.040000,10867,10868,10868,1
2019-04-09,17:00:04.267000,10867,10868,10868,1
2019-04-09,17:00:04.733000,10867,10868,10868,3
2019-04-09,17:00:05.268000,10867,10868,10867,1
2019-04-09,17:00:05.730000,10867,10868,10868,1
2019-04-09,17:00:06.892000,10867,10868,10868,1
2019-04-09,17:00:09.233000,10867,10868,10868,5
2019-04-09,17:00:15.517000,10867,10868,10868,1
2019-04-09,17:00:34.975000,10867,10868,10867,1
2019-04-09,17:00:57.620000,10867,10868,10867,1
2019-04-09,17:00:58.844000,10867,10868,10868,2
2019-04-09,17:01:05.975000,10867,10868,10867,3
2019-04-09,17:01:21.704000,10867,10868,10868,2
2019-04-09,17:01:33.541000,10867,10868,10868,1
2019-04-09,17:01:34.988000,10867,10868,10868,1
2019-04-09,17:01:37.265000,10867,10868,10868,2
2019-04-09,17:01:37.342000,10867,10868,10868,2
2019-04-09,17:01:40.521000,10867,10868,10868,1
2019-04-09,17:01:43.834000,10867,10868,10868,10
2019-04-09,17:01:53.683000,10867,10868,10868,10
2019-04-09,17:01:54.854000,10867,10868,10868,10
2019-04-09,17:01:55.019000,10867,10868,10868,2
2019-04-09,17:01:55.020000,10867,10868,10868,6
2019-04-09,17:01:55.144000,10867,10868,10868,3
2019-04-09,17:02:12.050000,10868,10869,10869,2
2019-04-09,17:02:13.044000,10868,10869,10869,1
2019-04-09,17:02:15.116000,10868,10869,10868,1
2019-04-09,17:02:22.771000,10868,10869,10869,2
2019-04-09,17:02:23.315000,10868,10869,10869,1
2019-04-09,17:02:27.006000,10868,10869,10869,1
2019-04-09,17:02:27.133000,10868,10869,10868,1
2019-04-09,17:02:27.497000,10868,10869,10869,1
2019-04-09,17:02:27.975000,10868,10869,10868,1
2019-04-09,17:02:29.916000,10868,10869,10868,2
2019-04-09,17:02:30.991000,10868,10869,10869,2
2019-04-09,17:02:52.251000,10868,10869,10869,1
2019-04-09,17:02:53.412000,10868,10869,10869,5
2019-04-09,17:02:53.593000,10868,10869,10869,5
2019-04-09,17:02:55.261000,10868,10869,10869,2
2019-04-09,17:02:55.544000,10868,10869,10869,1
2019-04-09,17:02:58.543000,10869,10870,10869,2
2019-04-09,17:03:01.247000,10869,10870,10869,1
2019-04-09,17:03:10.805000,10869,10870,10869,2
2019-04-09,17:03:17.230000,10869,10870,10869,6
2019-04-09,17:03:23.235000,10869,10870,10869,3
2019-04-09,17:03:23.825000,10869,10870,10869,1
2019-04-09,17:03:25.649000,10869,10870,10870,1
2019-04-09,17:03:25.794000,10869,10870,10870,2
2019-04-09,17:03:25.797000,10869,10870,10870,1
2019-04-09,17:03:25.839000,10869,10870,10870,4
2019-04-09,17:03:25.879000,10869,10870,10869,6
2019-04-09,17:03:26.072000,10868,10870,10870,1
2019-04-09,17:03:26.132000,10868,10870,10870,1
2019-04-09,17:03:26.435000,10868,10870,10870,1
2019-04-09,17:03:29.268000,10869,10870,10870,1
2019-04-09,17:03:29.425000,10869,10870,10869,1
2019-04-09,17:03:31.280000,10868,10869,10869,1
2019-04-09,17:03:33.478000,10869,10870,10870,1
2019-04-09,17:03:42.441000,10869,10870,10870,1
2019-04-09,17:03:46.107000,10869,10870,10869,3
2019-04-09,17:03:46.927000,10869,10870,10869,2
2019-04-09,17:03:54.642000,10869,10870,10870,3
2019-04-09,17:04:00.348000,10869,10870,10869,1
2019-04-09,17:04:00.799000,10869,10870,10870,1
2019-04-09,17:04:04.280000,10869,10870,10870,1
2019-04-09,17:04:05.094000,10869,10870,10869,1
2019-04-09,17:04:11.828000,10869,10870,10870,1
2019-04-09,17:04:12.749000,10869,10870,10870,1
2019-04-09,17:04:14.493000,10869,10870,10870,1
2019-04-09,17:04:17.749000,10869,10870,10869,2
2019-04-09,17:04:20.095000,10869,10870,10870,2
2019-04-09,17:04:26.147000,10869,10870,10870,1
2019-04-09,17:04:35.433000,10869,10870,10870,1
2019-04-09,17:04:41.386000,10869,10870,10869,3
2019-04-09,17:04:41.394000,10869,10870,10869,5
2019-04-09,17:04:41.394000,10869,10870,10869,4
2019-04-09,17:04:41.395000,10869,10870,10869,3
2019-04-09,17:04:41.395000,10869,10870,10869,8
2019-04-09,17:04:41.645000,10868,10869,10869,2
2019-04-09,17:04:41.645000,10868,10869,10869,19
2019-04-09,17:04:45.159000,10868,10869,10869,1
2019-04-09,17:04:45.264000,10868,10869,10869,1
2019-04-09,17:04:57.940000,10868,10869,10869,1
2019-04-09,17:05:05.022000,10868,10869,10869,2
2019-04-09,17:05:05.154000,10868,10869,10869,3
2019-04-09,17:05:08.417000,10868,10869,10869,4
2019-04-09,17:05:08.519000,10868,10869,10869,13
2019-04-09,17:05:12.179000,10868,10869,10869,1
2019-04-09,17:05:13.766000,10868,10869,10868,1
2019-04-09,17:05:16.915000,10868,10869,10869,1
2019-04-09,17:05:18.067000,10868,10869,10868,1
2019-04-09,17:05:19.173000,10868,10869,10869,2
2019-04-09,17:05:34.180000,10868,10869,10869,1
2019-04-09,17:05:34.393000,10868,10869,10868,1
2019-04-09,17:05:44.874000,10868,10869,10869,6
2019-04-09,17:05:53.158000,10868,10869,10869,1
2019-04-09,17:05:57.271000,10868,10869,10869,6
2019-04-09,17:06:02.934000,10868,10869,10869,1
2019-04-09,17:06:02.952000,10868,10869,10869,3
2019-04-09,17:06:02.980000,10868,10869,10869,2
2019-04-09,17:06:03.089000,10868,10869,10869,3
2019-04-09,17:06:16.907000,10868,10869,10869,1
2019-04-09,17:06:16.933000,10868,10869,10869,3
2019-04-09,17:06:16.944000,10868,10869,10869,2
2019-04-09,17:06:16.953000,10868,10869,10869,2
2019-04-09,17:06:16.967000,10868,10869,10869,1
2019-04-09,17:06:17.493000,10868,10869,10869,1
2019-04-09,17:06:19.284000,10868,10869,10869,1
2019-04-09,17:06:20.854000,10868,10869,10869,1
2019-04-09,17:06:23.639000,10868,10869,10869,1
2019-04-09,17:06:27.907000,10868,10869,10869,1
2019-04-09,17:06:44.182000,10868,10869,10869,5
2019-04-09,17:06:46.123000,10868,10869,10868,1
2019-04-09,17:06:49.207000,10868,10869,10868,1
2019-04-09,17:06:52.622000,10868,10869,10869,10
2019-04-09,17:06:55.663000,10868,10869,10868,1
2019-04-09,17:07:01.241000,10868,10869,10869,1
2019-04-09,17:07:03.414000,10868,10869,10869,1
2019-04-09,17:07:08.998000,10868,10869,10869,1
2019-04-09,17:07:10.292000,10868,10869,10869,1
2019-04-09,17:07:21.441000,10868,10869,10868,2
2019-04-09,17:07:21.521000,10868,10869,10868,33
2019-04-09,17:07:21.645000,10867,10868,10868,3
2019-04-09,17:07:21.707000,10867,10868,10868,1
2019-04-09,17:07:21.833000,10867,10868,10868,5
2019-04-09,17:07:22.492000,10867,10868,10868,1
2019-04-09,17:07:32.241000,10867,10869,10867,1
2019-04-09,17:07:32.654000,10867,10869,10867,1
2019-04-09,17:07:39.719000,10867,10868,10868,1
2019-04-09,17:07:42.728000,10867,10868,10867,1
2019-04-09,17:07:44.035000,10867,10868,10868,1
2019-04-09,17:07:45.495000,10867,10868,10868,5
2019-04-09,17:07:52.014000,10868,10869,10868,2
2019-04-09,17:07:53.754000,10868,10869,10868,1
2019-04-09,17:07:54.689000,10868,10869,10868,1
2019-04-09,17:08:00.577000,10868,10869,10869,1
2019-04-09,17:08:05.656000,10868,10869,10868,1
2019-04-09,17:08:13.740000,10868,10869,10869,1
2019-04-09,17:08:21.862000,10868,10869,10868,1
2019-04-09,17:08:23.566000,10868,10869,10869,1
2019-04-09,17:08:30.938000,10868,10869,10869,2
2019-04-09,17:08:34.772000,10868,10869,10869,4
2019-04-09,17:08:41.136000,10868,10869,10869,2
2019-04-09,17:08:45.033000,10868,10869,10869,10
2019-04-09,17:08:47.077000,10868,10869,10869,1
2019-04-09,17:08:59.473000,10868,10869,10869,1
2019-04-09,17:08:59.840000,10868,10869,10869,1
2019-04-09,17:09:00.585000,10868,10869,10869,2
2019-04-09,17:09:08.557000,10868,10869,10869,2
2019-04-09,17:09:21.842000,10868,10869,10869,2
2019-04-09,17:09:24.671000,10868,10869,10869,1
2019-04-09,17:09:30.668000,10868,10869,10869,15
2019-04-09,17:09:30.668000,10868,10869,10870,5
2019-04-09,17:09:32.166000,10869,10870,10869,1
2019-04-09,17:09:33.488000,10869,10870,10869,10
2019-04-09,17:09:42.019000,10869,10870,10869,1
2019-04-09,17:09:42.637000,10869,10870,10869,1
2019-04-09,17:09:43.618000,10869,10870,10869,1
2019-04-09,17:09:44.643000,10869,10870,10869,1
2019-04-09,17:09:45.409000,10869,10870,10869,1
2019-04-09,17:09:48.839000,10869,10870,10869,10
2019-04-09,17:09:48.839000,10869,10870,10869,2
2019-04-09,17:09:49.148000,10868,10869,10869,1
2019-04-09,17:09:57.215000,10868,10869,10869,5
2019-04-09,17:10:01.116000,10868,10869,10869,1
2019-04-09,17:10:11.788000,10868,10869,10869,5
2019-04-09,17:10:12.913000,10869,10870,10870,1
2019-04-09,17:10:13.106000,10869,10870,10870,1
2019-04-09,17:10:22.645000,10869,10870,10870,3
2019-04-09,17:10:36.605000,10869,10870,10869,5
2019-04-09,17:10:39.398000,10869,10870,10870,1
2019-04-09,17:10:43.381000,10869,10870,10869,1
2019-04-09,17:10:51.021000,10868,10869,10869,1
2019-04-09,17:10:58.246000,10868,10869,10868,4
2019-04-09,17:11:02.304000,10868,10869,10868,4
2019-04-09,17:11:09.736000,10868,10869,10868,3
2019-04-09,17:11:10.319000,10868,10869,10869,1
2019-04-09,17:11:16.464000,10868,10869,10868,1
2019-04-09,17:11:21.719000,10868,10869,10868,2
2019-04-09,17:11:21.719000,10868,10869,10868,2
2019-04-09,17:11:21.720000,10868,10869,10868,4
2019-04-09,17:11:21.720000,10868,10869,10868,3
2019-04-09,17:11:21.720000,10868,10869,10868,2
2019-04-09,17:11:21.720000,10868,10869,10868,1
2019-04-09,17:11:21.721000,10868,10869,10868,21
2019-04-09,17:11:21.722000,10868,10869,10868,1
2019-04-09,17:11:24.804000,10867,10868,10867,10
2019-04-09,17:11:28.511000,10867,10868,10867,1
2019-04-09,17:11:29.337000,10867,10868,10867,2
2019-04-09,17:11:29.595000,10867,10868,10867,1
2019-04-09,17:11:29.774000,10867,10868,10867,22
2019-04-09,17:11:30.738000,10866,10867,10867,1
2019-04-09,17:11:31.280000,10866,10867,10867,1
2019-04-09,17:11:31.523000,10866,10867,10866,1
2019-04-09,17:11:31.558000,10866,10867,10866,55
2019-04-09,17:11:31.690000,10865,10867,10865,1
2019-04-09,17:11:31.808000,10865,10866,10865,1
2019-04-09,17:11:32.523000,10865,10866,10866,1
2019-04-09,17:11:34.457000,10865,10866,10866,2
2019-04-09,17:11:35.269000,10865,10866,10866,2
2019-04-09,17:11:39.023000,10865,10866,10866,1
2019-04-09,17:11:46.727000,10865,10866,10866,1
2019-04-09,17:11:47.528000,10865,10866,10866,2
2019-04-09,17:11:53.965000,10865,10866,10866,2
2019-04-09,17:11:59.877000,10865,10866,10865,2
2019-04-09,17:12:02.455000,10865,10866,10865,9
2019-04-09,17:12:02.808000,10865,10866,10866,1
2019-04-09,17:12:10.918000,10865,10866,10866,5
2019-04-09,17:12:11.069000,10865,10866,10866,1
2019-04-09,17:12:11.837000,10865,10866,10865,1
2019-04-09,17:12:19.919000,10865,10866,10865,7
2019-04-09,17:12:20.090000,10865,10866,10865,1
2019-04-09,17:12:23.202000,10865,10866,10865,1
2019-04-09,17:12:40.038000,10865,10866,10865,1
2019-04-09,17:12:40.179000,10865,10866,10865,1
2019-04-09,17:12:41.644000,10865,10866,10865,2
2019-04-09,17:12:45.697000,10865,10866,10866,1
2019-04-09,17:12:45.852000,10865,10866,10865,1
2019-04-09,17:13:00.748000,10865,10866,10865,2
2019-04-09,17:13:03.597000,10865,10866,10865,1
2019-04-09,17:13:07.827000,10865,10866,10866,1
2019-04-09,17:13:10.386000,10865,10866,10866,4
2019-04-09,17:13:13.691000,10865,10866,10866,2
2019-04-09,17:13:29.075000,10865,10866,10865,1
2019-04-09,17:13:35.968000,10865,10866,10865,1
2019-04-09,17:13:39.064000,10865,10866,10865,1
2019-04-09,17:13:41.285000,10865,10866,10865,1
2019-04-09,17:14:00.143000,10865,10866,10865,1
2019-04-09,17:14:00.861000,10865,10866,10865,2
2019-04-09,17:14:02.935000,10865,10866,10865,1
2019-04-09,17:14:19.134000,10865,10866,10866,3
2019-04-09,17:14:28.027000,10865,10866,10865,1
2019-04-09,17:14:36.482000,10865,10866,10865,2
2019-04-09,17:14:37.739000,10865,10866,10865,12
2019-04-09,17:14:40.791000,10865,10866,10865,1
2019-04-09,17:14:44.749000,10865,10866,10865,1
2019-04-09,17:14:45.067000,10865,10866,10865,1
2019-04-09,17:14:50.859000,10865,10866,10865,1
2019-04-09,17:15:09.414000,10865,10866,10865,1
2019-04-09,17:15:15.153000,10865,10866,10866,1
2019-04-09,17:15:18.619000,10865,10866,10865,1
2019-04-09,17:15:43.485000,10865,10866,10865,1
2019-04-09,17:15:58.344000,10865,10866,10865,20
2019-04-09,17:15:58.647000,10865,10866,10865,2
2019-04-09,17:15:59.254000,10865,10866,10865,10
2019-04-09,17:16:00.285000,10865,10866,10865,1
2019-04-09,17:16:00.770000,10865,10866,10865,1
2019-04-09,17:16:01.337000,10865,10866,10865,1
2019-04-09,17:16:02.016000,10865,10866,10865,1
2019-04-09,17:16:02.657000,10865,10866,10865,1
2019-04-09,17:16:02.735000,10865,10866,10865,1
2019-04-09,17:16:02.738000,10865,10866,10864,1
2019-04-09,17:16:04.043000,10865,10866,10865,2
2019-04-09,17:16:05.329000,10865,10866,10865,1
2019-04-09,17:16:08.272000,10865,10866,10866,2
2019-04-09,17:16:08.584000,10865,10866,10866,6
2019-04-09,17:16:08.584000,10865,10866,10866,3
2019-04-09,17:16:08.585000,10865,10866,10866,1
2019-04-09,17:16:08.585000,10865,10866,10866,1
2019-04-09,17:16:08.585000,10865,10866,10866,2
2019-04-09,17:16:08.585000,10865,10866,10866,6
2019-04-09,17:16:08.585000,10865,10866,10866,2
2019-04-09,17:16:09.858000,10866,10867,10866,10
2019-04-09,17:16:14.224000,10866,10867,10866,4
2019-04-09,17:16:17.108000,10866,10867,10866,1
2019-04-09,17:16:24.416000,10866,10867,10866,10
2019-04-09,17:16:40.295000,10866,10867,10866,4
2019-04-09,17:16:42.611000,10866,10867,10866,2
2019-04-09,17:16:46.056000,10865,10867,10865,1
2019-04-09,17:16:59.626000,10865,10867,10865,1
2019-04-09,17:17:06.370000,10866,10867,10866,1
2019-04-09,17:17:14.963000,10866,10867,10866,1
2019-04-09,17:17:19.115000,10866,10867,10866,1
2019-04-09,17:17:19.396000,10866,10867,10866,1
2019-04-09,17:17:19.396000,10866,10867,10865,2
2019-04-09,17:17:21.937000,10865,10867,10865,1
2019-04-09,17:17:47.541000,10866,10867,10867,2
2019-04-09,17:18:14.396000,10866,10867,10867,2
2019-04-09,17:18:14.418000,10866,10867,10867,4
2019-04-09,17:18:14.418000,10866,10867,10867,2
2019-04-09,17:18:14.440000,10866,10867,10867,1
2019-04-09,17:18:14.457000,10866,10867,10867,4
2019-04-09,17:18:14.459000,10866,10867,10867,3
2019-04-09,17:18:14.459000,10866,10867,10867,2
2019-04-09,17:18:14.460000,10866,10867,10867,1
2019-04-09,17:18:14.461000,10866,10867,10867,4
2019-04-09,17:18:14.461000,10866,10867,10867,1
2019-04-09,17:18:14.461000,10866,10867,10867,2
2019-04-09,17:18:14.461000,10866,10867,10867,3
2019-04-09,17:18:14.519000,10866,10867,10867,2
