2020-08-26,15:00:00,12796,12796,12796,106
2020-08-26,15:00:00,12796,12796,12796,2
2020-08-26,15:00:00,12796,12796,12796,2
2020-08-26,15:00:00,12796,12796,12796,6
2020-08-26,15:00:00,12796,12796,12796,8
2020-08-26,15:00:00,12797,12797,12797,2
2020-08-26,15:00:00,12796,12796,12796,8
2020-08-26,15:00:00,12797,12797,12797,2
2020-08-26,15:00:00,12797,12797,12797,2
2020-08-26,15:00:00,12797,12797,12797,2
2020-08-26,15:00:00,12795,12795,12795,2
2020-08-26,15:00:00,12797,12797,12797,6
2020-08-26,15:00:00,12798,12798,12798,36
2020-08-26,15:00:00,12799,12799,12799,8
2020-08-26,15:00:00,12799,12799,12799,50
2020-08-26,15:00:00,12796,12796,12796,8
2020-08-26,15:00:00,12795,12795,12795,2
2020-08-26,15:00:00,12795,12795,12795,4
2020-08-26,15:00:00,12795,12795,12795,2
2020-08-26,15:00:00,12795,12795,12795,4
2020-08-26,15:00:00,12795,12795,12795,4
2020-08-26,15:00:00,12795,12795,12795,8
2020-08-26,15:00:00,12794,12794,12794,2
2020-08-26,15:00:00,12794,12794,12794,2
2020-08-26,15:00:00,12793,12793,12793,10
2020-08-26,15:00:00,12792,12792,12792,2
2020-08-26,15:00:00,12792,12792,12792,2
2020-08-26,15:00:00,12799,12799,12799,2
2020-08-26,15:00:00,12793,12793,12793,8
2020-08-26,15:00:00,12792,12792,12792,8
2020-08-26,15:00:00,12792,12792,12792,2
2020-08-26,15:00:00,12791,12791,12791,2
2020-08-26,15:00:00,12791,12791,12791,2
2020-08-26,15:00:00,12791,12791,12791,2
2020-08-26,15:00:00,12798,12798,12798,2
2020-08-26,15:00:00,12799,12799,12799,4
2020-08-26,15:00:00,12800,12800,12800,18
2020-08-26,15:00:00,12800,12800,12800,2
2020-08-26,15:00:00,12801,12801,12801,20
2020-08-26,15:00:00,12801,12801,12801,2
2020-08-26,15:00:00,12795,12795,12795,2
2020-08-26,15:00:00,12802,12802,12802,4
2020-08-26,15:00:00,12802,12802,12802,2
2020-08-26,15:00:00,12801,12801,12801,2
2020-08-26,15:00:00,12802,12802,12802,2
2020-08-26,15:00:00,12802,12802,12802,4
2020-08-26,15:00:00,12800,12800,12800,4
2020-08-26,15:00:00,12797,12797,12797,2
2020-08-26,15:00:00,12797,12797,12797,2
2020-08-26,15:00:00,12798,12798,12798,4
2020-08-26,15:00:00,12795,12795,12795,2
2020-08-26,15:00:00,12794,12794,12794,2
2020-08-26,15:00:00,12798,12798,12798,8
2020-08-26,15:00:00,12798,12798,12798,4
2020-08-26,15:00:00,12798,12798,12798,4
2020-08-26,15:00:00,12800,12800,12800,6
2020-08-26,15:00:00,12797,12797,12797,2
2020-08-26,15:00:00,12796,12796,12796,4
2020-08-26,15:00:00,12798,12798,12798,4
2020-08-26,15:00:00,12799,12799,12799,8
2020-08-26,15:00:00,12800,12800,12800,2
2020-08-26,15:00:00,12801,12801,12801,6
2020-08-26,15:00:00,12801,12801,12801,4
2020-08-26,15:00:00,12798,12798,12798,2
2020-08-26,15:00:00,12798,12798,12798,2
2020-08-26,15:00:00,12801,12801,12801,2
2020-08-26,15:00:00,12802,12802,12802,2
2020-08-26,15:00:01,12801,12801,12801,2
2020-08-26,15:00:01,12802,12802,12802,6
2020-08-26,15:00:01,12802,12802,12802,2
2020-08-26,15:00:01,12800,12800,12800,2
2020-08-26,15:00:01,12799,12799,12799,8
2020-08-26,15:00:01,12799,12799,12799,2
2020-08-26,15:00:01,12799,12799,12799,2
2020-08-26,15:00:01,12798,12798,12798,8
2020-08-26,15:00:01,12798,12798,12798,2
2020-08-26,15:00:01,12798,12798,12798,10
2020-08-26,15:00:01,12800,12800,12800,2
2020-08-26,15:00:01,12798,12798,12798,2
2020-08-26,15:00:01,12798,12798,12798,2
2020-08-26,15:00:01,12800,12800,12800,4
2020-08-26,15:00:01,12800,12800,12800,2
2020-08-26,15:00:01,12800,12800,12800,2
2020-08-26,15:00:01,12801,12801,12801,2
2020-08-26,15:00:01,12802,12802,12802,2
2020-08-26,15:00:01,12802,12802,12802,20
2020-08-26,15:00:01,12801,12801,12801,8
2020-08-26,15:00:01,12803,12803,12803,4
2020-08-26,15:00:01,12802,12802,12802,2
2020-08-26,15:00:01,12802,12802,12802,6
2020-08-26,15:00:01,12801,12801,12801,2
2020-08-26,15:00:01,12801,12801,12801,8
2020-08-26,15:00:01,12801,12801,12801,2
2020-08-26,15:00:01,12801,12801,12801,2
2020-08-26,15:00:01,12802,12802,12802,2
2020-08-26,15:00:01,12803,12803,12803,2
2020-08-26,15:00:01,12802,12802,12802,2
2020-08-26,15:00:01,12803,12803,12803,4
2020-08-26,15:00:01,12804,12804,12804,4
2020-08-26,15:00:01,12804,12804,12804,2
2020-08-26,15:00:01,12801,12801,12801,2
2020-08-26,15:00:01,12804,12804,12804,2
2020-08-26,15:00:01,12804,12804,12804,2
2020-08-26,15:00:01,12803,12803,12803,2
2020-08-26,15:00:01,12803,12803,12803,2
2020-08-26,15:00:01,12802,12802,12802,4
2020-08-26,15:00:02,12802,12802,12802,4
2020-08-26,15:00:02,12803,12803,12803,2
2020-08-26,15:00:02,12803,12803,12803,4
2020-08-26,15:00:02,12802,12802,12802,8
2020-08-26,15:00:02,12802,12802,12802,2
2020-08-26,15:00:02,12802,12802,12802,8
2020-08-26,15:00:02,12802,12802,12802,2
2020-08-26,15:00:02,12801,12801,12801,2
2020-08-26,15:00:02,12801,12801,12801,6
2020-08-26,15:00:02,12801,12801,12801,2
2020-08-26,15:00:02,12801,12801,12801,2
2020-08-26,15:00:02,12800,12800,12800,2
2020-08-26,15:00:02,12800,12800,12800,2
2020-08-26,15:00:02,12800,12800,12800,2
2020-08-26,15:00:02,12799,12799,12799,2
2020-08-26,15:00:02,12798,12798,12798,6
2020-08-26,15:00:02,12797,12797,12797,6
2020-08-26,15:00:02,12797,12797,12797,8
2020-08-26,15:00:02,12797,12797,12797,4
2020-08-26,15:00:02,12796,12796,12796,2
2020-08-26,15:00:02,12798,12798,12798,2
2020-08-26,15:00:02,12798,12798,12798,2
2020-08-26,15:00:02,12799,12799,12799,2
2020-08-26,15:00:02,12799,12799,12799,2
2020-08-26,15:00:02,12797,12797,12797,2
2020-08-26,15:00:03,12796,12796,12796,2
2020-08-26,15:00:03,12796,12796,12796,2
2020-08-26,15:00:03,12798,12798,12798,4
2020-08-26,15:00:03,12797,12797,12797,2
2020-08-26,15:00:03,12796,12796,12796,2
2020-08-26,15:00:04,12796,12796,12796,2
2020-08-26,15:00:04,12795,12795,12795,6
2020-08-26,15:00:04,12794,12794,12794,2
2020-08-26,15:00:04,12794,12794,12794,2
2020-08-26,15:00:04,12794,12794,12794,2
2020-08-26,15:00:04,12795,12795,12795,2
2020-08-26,15:00:04,12794,12794,12794,2
2020-08-26,15:00:04,12794,12794,12794,2
2020-08-26,15:00:04,12797,12797,12797,10
2020-08-26,15:00:04,12797,12797,12797,2
2020-08-26,15:00:04,12797,12797,12797,10
2020-08-26,15:00:05,12797,12797,12797,2
2020-08-26,15:00:05,12797,12797,12797,2
2020-08-26,15:00:05,12797,12797,12797,2
2020-08-26,15:00:05,12798,12798,12798,2
2020-08-26,15:00:05,12797,12797,12797,2
2020-08-26,15:00:05,12798,12798,12798,2
2020-08-26,15:00:06,12796,12796,12796,2
2020-08-26,15:00:06,12795,12795,12795,2
2020-08-26,15:00:06,12795,12795,12795,14
2020-08-26,15:00:07,12795,12795,12795,2
2020-08-26,15:00:07,12796,12796,12796,2
2020-08-26,15:00:07,12796,12796,12796,2
2020-08-26,15:00:07,12796,12796,12796,2
2020-08-26,15:00:07,12795,12795,12795,10
2020-08-26,15:00:07,12795,12795,12795,4
2020-08-26,15:00:07,12795,12795,12795,6
2020-08-26,15:00:08,12794,12794,12794,2
2020-08-26,15:00:08,12795,12795,12795,2
2020-08-26,15:00:09,12796,12796,12796,4
2020-08-26,15:00:09,12797,12797,12797,2
2020-08-26,15:00:09,12796,12796,12796,2
2020-08-26,15:00:10,12795,12795,12795,2
2020-08-26,15:00:11,12796,12796,12796,2
2020-08-26,15:00:12,12796,12796,12796,4
2020-08-26,15:00:13,12795,12795,12795,2
2020-08-26,15:00:13,12795,12795,12795,2
2020-08-26,15:00:14,12795,12795,12795,2
2020-08-26,15:00:14,12795,12795,12795,6
2020-08-26,15:00:14,12795,12795,12795,2
2020-08-26,15:00:15,12794,12794,12794,4
2020-08-26,15:00:15,12794,12794,12794,2
2020-08-26,15:00:15,12794,12794,12794,2
2020-08-26,15:00:15,12794,12794,12794,2
2020-08-26,15:00:15,12793,12793,12793,2
2020-08-26,15:00:15,12793,12793,12793,2
2020-08-26,15:00:15,12793,12793,12793,2
2020-08-26,15:00:15,12793,12793,12793,2
2020-08-26,15:00:16,12794,12794,12794,4
2020-08-26,15:00:19,12794,12794,12794,8
2020-08-26,15:00:19,12793,12793,12793,4
2020-08-26,15:00:19,12793,12793,12793,2
2020-08-26,15:00:21,12794,12794,12794,4
2020-08-26,15:00:22,12794,12794,12794,2
2020-08-26,15:00:22,12794,12794,12794,2
2020-08-26,15:00:22,12794,12794,12794,2
2020-08-26,15:00:23,12796,12796,12796,4
2020-08-26,15:00:23,12796,12796,12796,4
2020-08-26,15:00:23,12797,12797,12797,2
2020-08-26,15:00:23,12797,12797,12797,4
2020-08-26,15:00:23,12797,12797,12797,2
2020-08-26,15:00:24,12795,12795,12795,2
2020-08-26,15:00:24,12795,12795,12795,2
2020-08-26,15:00:25,12795,12795,12795,2
2020-08-26,15:00:28,12795,12795,12795,2
2020-08-26,15:00:28,12794,12794,12794,2
2020-08-26,15:00:28,12794,12794,12794,2
2020-08-26,15:00:30,12795,12795,12795,10
2020-08-26,15:00:31,12793,12793,12793,2
2020-08-26,15:00:31,12793,12793,12793,2
2020-08-26,15:00:31,12793,12793,12793,4
2020-08-26,15:00:31,12793,12793,12793,2
2020-08-26,15:00:31,12792,12792,12792,2
2020-08-26,15:00:31,12792,12792,12792,2
2020-08-26,15:00:31,12792,12792,12792,8
2020-08-26,15:00:31,12792,12792,12792,2
2020-08-26,15:00:31,12792,12792,12792,2
2020-08-26,15:00:31,12792,12792,12792,2
2020-08-26,15:00:31,12792,12792,12792,8
2020-08-26,15:00:31,12792,12792,12792,4
2020-08-26,15:00:32,12793,12793,12793,2
2020-08-26,15:00:37,12792,12792,12792,2
2020-08-26,15:00:37,12792,12792,12792,2
2020-08-26,15:00:40,12791,12791,12791,2
2020-08-26,15:00:40,12793,12793,12793,2
2020-08-26,15:00:40,12793,12793,12793,2
2020-08-26,15:00:40,12793,12793,12793,2
2020-08-26,15:00:40,12793,12793,12793,2
2020-08-26,15:00:40,12793,12793,12793,2
2020-08-26,15:00:40,12793,12793,12793,2
2020-08-26,15:00:40,12793,12793,12793,2
2020-08-26,15:00:40,12793,12793,12793,2
2020-08-26,15:00:40,12793,12793,12793,2
2020-08-26,15:00:40,12793,12793,12793,2
2020-08-26,15:00:40,12793,12793,12793,2
2020-08-26,15:00:46,12792,12792,12792,2
2020-08-26,15:00:46,12792,12792,12792,2
2020-08-26,15:00:47,12793,12793,12793,8
2020-08-26,15:00:47,12793,12793,12793,2
2020-08-26,15:00:47,12792,12792,12792,2
2020-08-26,15:00:48,12793,12793,12793,2
2020-08-26,15:00:48,12792,12792,12792,4
2020-08-26,15:00:49,12792,12792,12792,2
2020-08-26,15:00:51,12791,12791,12791,2
2020-08-26,15:00:53,12792,12792,12792,2
2020-08-26,15:00:53,12793,12793,12793,2
2020-08-26,15:00:54,12792,12792,12792,2
2020-08-26,15:00:54,12792,12792,12792,2
2020-08-26,15:00:54,12792,12792,12792,2
2020-08-26,15:00:55,12791,12791,12791,2
2020-08-26,15:00:55,12791,12791,12791,2
2020-08-26,15:00:55,12791,12791,12791,2
2020-08-26,15:00:55,12791,12791,12791,2
2020-08-26,15:00:55,12791,12791,12791,2
2020-08-26,15:00:55,12791,12791,12791,2
2020-08-26,15:00:55,12791,12791,12791,2
2020-08-26,15:00:56,12791,12791,12791,2
2020-08-26,15:00:56,12791,12791,12791,2
2020-08-26,15:00:56,12791,12791,12791,8
2020-08-26,15:00:57,12792,12792,12792,4
2020-08-26,15:00:57,12790,12790,12790,2
2020-08-26,15:00:57,12790,12790,12790,2
2020-08-26,15:00:58,12790,12790,12790,2
2020-08-26,15:00:58,12790,12790,12790,2
2020-08-26,15:00:58,12790,12790,12790,2
2020-08-26,15:00:58,12790,12790,12790,2
2020-08-26,15:00:58,12790,12790,12790,2
2020-08-26,15:00:58,12790,12790,12790,2
2020-08-26,15:00:58,12790,12790,12790,2
2020-08-26,15:00:58,12790,12790,12790,2
2020-08-26,15:00:58,12790,12790,12790,2
2020-08-26,15:00:58,12791,12791,12791,2
2020-08-26,15:00:58,12789,12789,12789,2
2020-08-26,15:00:59,12790,12790,12790,4
2020-08-26,15:00:59,12791,12791,12791,2
2020-08-26,15:00:59,12789,12789,12789,2
2020-08-26,15:00:59,12789,12789,12789,2
2020-08-26,15:00:59,12789,12789,12789,4
2020-08-26,15:00:59,12790,12790,12790,4
2020-08-26,15:00:59,12791,12791,12791,2
2020-08-26,15:01:00,12791,12791,12791,2
2020-08-26,15:01:00,12791,12791,12791,2
2020-08-26,15:01:00,12792,12792,12792,2
2020-08-26,15:01:00,12792,12792,12792,2
2020-08-26,15:01:00,12792,12792,12792,2
2020-08-26,15:01:00,12792,12792,12792,6
2020-08-26,15:01:00,12792,12792,12792,2
2020-08-26,15:01:00,12792,12792,12792,2
2020-08-26,15:01:00,12792,12792,12792,4
2020-08-26,15:01:00,12792,12792,12792,2
2020-08-26,15:01:00,12792,12792,12792,2
2020-08-26,15:01:00,12793,12793,12793,2
2020-08-26,15:01:00,12793,12793,12793,2
2020-08-26,15:01:00,12793,12793,12793,2
2020-08-26,15:01:00,12793,12793,12793,6
2020-08-26,15:01:00,12791,12791,12791,2
2020-08-26,15:01:00,12793,12793,12793,2
2020-08-26,15:01:00,12793,12793,12793,2
2020-08-26,15:01:00,12791,12791,12791,2
2020-08-26,15:01:00,12791,12791,12791,2
2020-08-26,15:01:00,12791,12791,12791,2
2020-08-26,15:01:00,12793,12793,12793,2
2020-08-26,15:01:00,12791,12791,12791,2
2020-08-26,15:01:00,12791,12791,12791,2
2020-08-26,15:01:00,12792,12792,12792,2
2020-08-26,15:01:00,12792,12792,12792,2
2020-08-26,15:01:01,12790,12790,12790,2
2020-08-26,15:01:02,12790,12790,12790,6
2020-08-26,15:01:02,12790,12790,12790,2
2020-08-26,15:01:02,12790,12790,12790,2
2020-08-26,15:01:02,12790,12790,12790,2
2020-08-26,15:01:02,12791,12791,12791,2
2020-08-26,15:01:03,12789,12789,12789,2
2020-08-26,15:01:04,12788,12788,12788,2
2020-08-26,15:01:04,12788,12788,12788,2
2020-08-26,15:01:04,12788,12788,12788,2
2020-08-26,15:01:04,12788,12788,12788,2
2020-08-26,15:01:04,12788,12788,12788,2
2020-08-26,15:01:04,12788,12788,12788,2
2020-08-26,15:01:04,12788,12788,12788,2
2020-08-26,15:01:04,12788,12788,12788,2
2020-08-26,15:01:04,12788,12788,12788,2
2020-08-26,15:01:04,12788,12788,12788,2
2020-08-26,15:01:04,12788,12788,12788,8
2020-08-26,15:01:04,12788,12788,12788,2
2020-08-26,15:01:04,12788,12788,12788,2
2020-08-26,15:01:04,12787,12787,12787,2
2020-08-26,15:01:04,12787,12787,12787,4
2020-08-26,15:01:04,12787,12787,12787,2
2020-08-26,15:01:04,12789,12789,12789,2
2020-08-26,15:01:06,12789,12789,12789,2
2020-08-26,15:01:06,12787,12787,12787,2
2020-08-26,15:01:06,12788,12788,12788,2
2020-08-26,15:01:07,12787,12787,12787,2
2020-08-26,15:01:07,12787,12787,12787,2
2020-08-26,15:01:07,12787,12787,12787,2
2020-08-26,15:01:07,12787,12787,12787,2
2020-08-26,15:01:07,12787,12787,12787,2
2020-08-26,15:01:07,12787,12787,12787,2
2020-08-26,15:01:08,12788,12788,12788,2
2020-08-26,15:01:08,12788,12788,12788,2
2020-08-26,15:01:08,12789,12789,12789,6
2020-08-26,15:01:09,12789,12789,12789,2
2020-08-26,15:01:09,12789,12789,12789,2
2020-08-26,15:01:10,12787,12787,12787,2
2020-08-26,15:01:11,12787,12787,12787,2
2020-08-26,15:01:11,12787,12787,12787,2
2020-08-26,15:01:12,12788,12788,12788,2
2020-08-26,15:01:12,12787,12787,12787,2
2020-08-26,15:01:13,12787,12787,12787,2
2020-08-26,15:01:14,12788,12788,12788,2
2020-08-26,15:01:14,12787,12787,12787,2
2020-08-26,15:01:15,12787,12787,12787,2
2020-08-26,15:01:15,12787,12787,12787,2
2020-08-26,15:01:16,12787,12787,12787,2
2020-08-26,15:01:16,12787,12787,12787,2
2020-08-26,15:01:16,12788,12788,12788,2
2020-08-26,15:01:17,12788,12788,12788,2
2020-08-26,15:01:18,12787,12787,12787,2
2020-08-26,15:01:18,12788,12788,12788,2
2020-08-26,15:01:18,12787,12787,12787,2
2020-08-26,15:01:18,12787,12787,12787,2
2020-08-26,15:01:18,12787,12787,12787,2
2020-08-26,15:01:18,12787,12787,12787,2
2020-08-26,15:01:18,12786,12786,12786,2
2020-08-26,15:01:18,12786,12786,12786,2
2020-08-26,15:01:18,12786,12786,12786,2
2020-08-26,15:01:18,12786,12786,12786,2
2020-08-26,15:01:18,12786,12786,12786,2
2020-08-26,15:01:18,12786,12786,12786,2
2020-08-26,15:01:18,12786,12786,12786,2
2020-08-26,15:01:18,12786,12786,12786,2
2020-08-26,15:01:18,12786,12786,12786,8
2020-08-26,15:01:18,12787,12787,12787,2
2020-08-26,15:01:19,12788,12788,12788,2
2020-08-26,15:01:19,12788,12788,12788,12
2020-08-26,15:01:19,12788,12788,12788,2
2020-08-26,15:01:19,12788,12788,12788,6
2020-08-26,15:01:19,12787,12787,12787,2
2020-08-26,15:01:19,12787,12787,12787,2
2020-08-26,15:01:19,12787,12787,12787,2
2020-08-26,15:01:19,12787,12787,12787,2
2020-08-26,15:01:19,12786,12786,12786,6
2020-08-26,15:01:19,12786,12786,12786,2
2020-08-26,15:01:19,12786,12786,12786,2
2020-08-26,15:01:19,12786,12786,12786,2
2020-08-26,15:01:19,12786,12786,12786,6
2020-08-26,15:01:19,12785,12785,12785,2
2020-08-26,15:01:19,12785,12785,12785,2
2020-08-26,15:01:19,12785,12785,12785,2
2020-08-26,15:01:19,12785,12785,12785,2
2020-08-26,15:01:19,12785,12785,12785,4
2020-08-26,15:01:20,12786,12786,12786,2
2020-08-26,15:01:20,12786,12786,12786,2
2020-08-26,15:01:20,12786,12786,12786,8
2020-08-26,15:01:20,12786,12786,12786,2
2020-08-26,15:01:20,12785,12785,12785,6
2020-08-26,15:01:20,12785,12785,12785,2
2020-08-26,15:01:20,12785,12785,12785,2
2020-08-26,15:01:20,12785,12785,12785,2
2020-08-26,15:01:20,12785,12785,12785,2
2020-08-26,15:01:20,12785,12785,12785,4
2020-08-26,15:01:20,12785,12785,12785,2
2020-08-26,15:01:20,12785,12785,12785,8
2020-08-26,15:01:20,12784,12784,12784,2
2020-08-26,15:01:20,12786,12786,12786,2
2020-08-26,15:01:20,12785,12785,12785,2
2020-08-26,15:01:20,12785,12785,12785,8
2020-08-26,15:01:20,12785,12785,12785,2
2020-08-26,15:01:20,12785,12785,12785,2
2020-08-26,15:01:20,12785,12785,12785,2
2020-08-26,15:01:20,12785,12785,12785,4
2020-08-26,15:01:20,12785,12785,12785,2
2020-08-26,15:01:20,12785,12785,12785,4
2020-08-26,15:01:20,12785,12785,12785,2
2020-08-26,15:01:20,12784,12784,12784,6
2020-08-26,15:01:21,12786,12786,12786,2
2020-08-26,15:01:21,12784,12784,12784,32
2020-08-26,15:01:21,12784,12784,12784,2
2020-08-26,15:01:21,12784,12784,12784,2
2020-08-26,15:01:21,12784,12784,12784,2
2020-08-26,15:01:21,12784,12784,12784,2
2020-08-26,15:01:21,12785,12785,12785,2
2020-08-26,15:01:21,12785,12785,12785,4
2020-08-26,15:01:22,12786,12786,12786,10
2020-08-26,15:01:23,12786,12786,12786,2
2020-08-26,15:01:26,12788,12788,12788,10
2020-08-26,15:01:26,12788,12788,12788,14
2020-08-26,15:01:26,12789,12789,12789,10
2020-08-26,15:01:26,12789,12789,12789,2
2020-08-26,15:01:27,12788,12788,12788,2
2020-08-26,15:01:27,12787,12787,12787,2
2020-08-26,15:01:27,12787,12787,12787,4
2020-08-26,15:01:28,12787,12787,12787,4
2020-08-26,15:01:28,12787,12787,12787,2
2020-08-26,15:01:29,12787,12787,12787,2
2020-08-26,15:01:31,12788,12788,12788,2
2020-08-26,15:01:32,12787,12787,12787,2
2020-08-26,15:01:33,12787,12787,12787,2
2020-08-26,15:01:33,12787,12787,12787,2
2020-08-26,15:01:34,12787,12787,12787,2
2020-08-26,15:01:35,12788,12788,12788,2
2020-08-26,15:01:35,12787,12787,12787,2
2020-08-26,15:01:37,12788,12788,12788,2
2020-08-26,15:01:40,12788,12788,12788,2
2020-08-26,15:01:40,12789,12789,12789,10
2020-08-26,15:01:40,12788,12788,12788,2
2020-08-26,15:01:42,12787,12787,12787,4
2020-08-26,15:01:42,12787,12787,12787,2
2020-08-26,15:01:43,12788,12788,12788,2
2020-08-26,15:01:43,12788,12788,12788,2
2020-08-26,15:01:45,12788,12788,12788,2
2020-08-26,15:01:45,12787,12787,12787,2
2020-08-26,15:01:45,12787,12787,12787,2
2020-08-26,15:01:45,12787,12787,12787,6
2020-08-26,15:01:45,12787,12787,12787,2
2020-08-26,15:01:46,12788,12788,12788,4
2020-08-26,15:01:47,12787,12787,12787,2
2020-08-26,15:01:47,12787,12787,12787,2
2020-08-26,15:01:47,12787,12787,12787,6
2020-08-26,15:01:47,12787,12787,12787,2
2020-08-26,15:01:49,12788,12788,12788,2
2020-08-26,15:01:50,12787,12787,12787,2
2020-08-26,15:01:50,12787,12787,12787,2
2020-08-26,15:01:51,12786,12786,12786,2
2020-08-26,15:01:51,12786,12786,12786,4
2020-08-26,15:01:51,12786,12786,12786,4
2020-08-26,15:01:51,12786,12786,12786,2
2020-08-26,15:01:51,12786,12786,12786,2
2020-08-26,15:01:51,12786,12786,12786,2
2020-08-26,15:01:51,12786,12786,12786,2
2020-08-26,15:01:51,12786,12786,12786,2
2020-08-26,15:01:51,12785,12785,12785,2
2020-08-26,15:01:52,12785,12785,12785,2
2020-08-26,15:01:54,12786,12786,12786,2
2020-08-26,15:01:54,12786,12786,12786,2
2020-08-26,15:01:55,12785,12785,12785,2
2020-08-26,15:01:55,12785,12785,12785,2
2020-08-26,15:01:55,12785,12785,12785,2
2020-08-26,15:01:57,12785,12785,12785,2
2020-08-26,15:01:57,12785,12785,12785,2
2020-08-26,15:01:57,12786,12786,12786,2
2020-08-26,15:01:57,12785,12785,12785,2
2020-08-26,15:01:58,12786,12786,12786,2
2020-08-26,15:01:59,12785,12785,12785,2
2020-08-26,15:02:00,12785,12785,12785,2
2020-08-26,15:02:01,12786,12786,12786,4
2020-08-26,15:02:02,12785,12785,12785,2
2020-08-26,15:02:02,12785,12785,12785,2
2020-08-26,15:02:02,12785,12785,12785,2
2020-08-26,15:02:03,12785,12785,12785,4
2020-08-26,15:02:04,12784,12784,12784,2
2020-08-26,15:02:05,12784,12784,12784,2
2020-08-26,15:02:05,12784,12784,12784,2
2020-08-26,15:02:05,12784,12784,12784,2
2020-08-26,15:02:05,12784,12784,12784,2
2020-08-26,15:02:05,12784,12784,12784,2
2020-08-26,15:02:10,12783,12783,12783,2
2020-08-26,15:02:10,12784,12784,12784,4
2020-08-26,15:02:12,12785,12785,12785,2
2020-08-26,15:02:13,12784,12784,12784,2
2020-08-26,15:02:14,12785,12785,12785,4
2020-08-26,15:02:15,12785,12785,12785,2
2020-08-26,15:02:15,12785,12785,12785,2
2020-08-26,15:02:16,12785,12785,12785,4
2020-08-26,15:02:17,12785,12785,12785,2
2020-08-26,15:02:17,12786,12786,12786,16
2020-08-26,15:02:17,12786,12786,12786,22
2020-08-26,15:02:17,12786,12786,12786,2
2020-08-26,15:02:20,12786,12786,12786,2
2020-08-26,15:02:20,12786,12786,12786,2
2020-08-26,15:02:22,12786,12786,12786,2
2020-08-26,15:02:22,12787,12787,12787,2
2020-08-26,15:02:23,12786,12786,12786,2
2020-08-26,15:02:23,12786,12786,12786,6
2020-08-26,15:02:25,12785,12785,12785,2
2020-08-26,15:02:25,12786,12786,12786,14
2020-08-26,15:02:26,12786,12786,12786,2
2020-08-26,15:02:29,12785,12785,12785,2
2020-08-26,15:02:31,12786,12786,12786,6
2020-08-26,15:02:32,12787,12787,12787,10
2020-08-26,15:02:33,12786,12786,12786,2
2020-08-26,15:02:33,12786,12786,12786,2
2020-08-26,15:02:39,12787,12787,12787,2
2020-08-26,15:02:39,12786,12786,12786,2
2020-08-26,15:02:39,12788,12788,12788,2
2020-08-26,15:02:41,12787,12787,12787,2
2020-08-26,15:02:48,12788,12788,12788,2
2020-08-26,15:02:49,12787,12787,12787,2
2020-08-26,15:02:50,12786,12786,12786,2
2020-08-26,15:02:50,12786,12786,12786,2
2020-08-26,15:02:52,12785,12785,12785,2
2020-08-26,15:02:56,12786,12786,12786,2
2020-08-26,15:02:59,12786,12786,12786,2
2020-08-26,15:03:00,12788,12788,12788,6
2020-08-26,15:03:00,12786,12786,12786,2
2020-08-26,15:03:00,12786,12786,12786,6
2020-08-26,15:03:00,12788,12788,12788,2
2020-08-26,15:03:00,12788,12788,12788,4
2020-08-26,15:03:01,12787,12787,12787,2
2020-08-26,15:03:04,12787,12787,12787,4
2020-08-26,15:03:06,12787,12787,12787,6
2020-08-26,15:03:10,12788,12788,12788,2
2020-08-26,15:03:14,12787,12787,12787,2
2020-08-26,15:03:15,12787,12787,12787,2
2020-08-26,15:03:16,12788,12788,12788,2
2020-08-26,15:03:18,12788,12788,12788,2
2020-08-26,15:03:19,12788,12788,12788,2
2020-08-26,15:03:20,12788,12788,12788,2
2020-08-26,15:03:20,12788,12788,12788,2
2020-08-26,15:03:21,12788,12788,12788,2
2020-08-26,15:03:22,12787,12787,12787,2
2020-08-26,15:03:22,12786,12786,12786,2
2020-08-26,15:03:22,12786,12786,12786,2
2020-08-26,15:03:22,12786,12786,12786,2
2020-08-26,15:03:25,12786,12786,12786,2
2020-08-26,15:03:30,12786,12786,12786,2
2020-08-26,15:03:32,12786,12786,12786,2
2020-08-26,15:03:33,12786,12786,12786,2
2020-08-26,15:03:35,12785,12785,12785,2
2020-08-26,15:03:37,12785,12785,12785,2
2020-08-26,15:03:37,12785,12785,12785,2
2020-08-26,15:03:37,12785,12785,12785,6
2020-08-26,15:03:37,12785,12785,12785,2
2020-08-26,15:03:37,12785,12785,12785,2
2020-08-26,15:03:38,12785,12785,12785,2
2020-08-26,15:03:39,12784,12784,12784,2
2020-08-26,15:03:40,12784,12784,12784,2
2020-08-26,15:03:40,12784,12784,12784,4
2020-08-26,15:03:40,12784,12784,12784,2
2020-08-26,15:03:46,12784,12784,12784,2
2020-08-26,15:03:47,12785,12785,12785,2
2020-08-26,15:03:48,12785,12785,12785,2
2020-08-26,15:03:49,12784,12784,12784,2
2020-08-26,15:03:50,12786,12786,12786,4
2020-08-26,15:04:01,12785,12785,12785,2
2020-08-26,15:04:01,12785,12785,12785,2
2020-08-26,15:04:01,12785,12785,12785,2
2020-08-26,15:04:01,12786,12786,12786,2
2020-08-26,15:04:10,12785,12785,12785,2
2020-08-26,15:04:10,12786,12786,12786,2
2020-08-26,15:04:28,12786,12786,12786,2
2020-08-26,15:04:36,12786,12786,12786,2
2020-08-26,15:04:39,12786,12786,12786,10
2020-08-26,15:04:44,12787,12787,12787,2
2020-08-26,15:04:44,12786,12786,12786,2
2020-08-26,15:04:46,12786,12786,12786,2
2020-08-26,15:04:50,12786,12786,12786,2
2020-08-26,15:04:55,12785,12785,12785,2
2020-08-26,15:04:56,12785,12785,12785,2
2020-08-26,15:04:56,12785,12785,12785,2
2020-08-26,15:04:56,12785,12785,12785,2
2020-08-26,15:04:56,12785,12785,12785,2
2020-08-26,15:05:04,12785,12785,12785,4
2020-08-26,15:05:05,12784,12784,12784,2
2020-08-26,15:05:05,12784,12784,12784,2
2020-08-26,15:05:05,12784,12784,12784,2
2020-08-26,15:05:05,12784,12784,12784,8
2020-08-26,15:05:06,12783,12783,12783,2
2020-08-26,15:05:07,12783,12783,12783,2
2020-08-26,15:05:07,12783,12783,12783,2
2020-08-26,15:05:08,12783,12783,12783,2
2020-08-26,15:05:08,12783,12783,12783,2
2020-08-26,15:05:08,12783,12783,12783,2
2020-08-26,15:05:08,12783,12783,12783,4
2020-08-26,15:05:08,12783,12783,12783,2
2020-08-26,15:05:08,12783,12783,12783,2
2020-08-26,15:05:08,12783,12783,12783,2
2020-08-26,15:05:08,12783,12783,12783,2
2020-08-26,15:05:08,12783,12783,12783,2
2020-08-26,15:05:08,12782,12782,12782,2
2020-08-26,15:05:08,12782,12782,12782,4
2020-08-26,15:05:08,12782,12782,12782,2
2020-08-26,15:05:08,12782,12782,12782,2
2020-08-26,15:05:08,12782,12782,12782,2
2020-08-26,15:05:08,12782,12782,12782,2
2020-08-26,15:05:08,12782,12782,12782,4
2020-08-26,15:05:08,12782,12782,12782,2
2020-08-26,15:05:08,12782,12782,12782,2
2020-08-26,15:05:08,12782,12782,12782,2
2020-08-26,15:05:08,12782,12782,12782,2
2020-08-26,15:05:11,12781,12781,12781,2
2020-08-26,15:05:11,12781,12781,12781,2
2020-08-26,15:05:11,12781,12781,12781,2
2020-08-26,15:05:11,12781,12781,12781,2
2020-08-26,15:05:11,12781,12781,12781,2
2020-08-26,15:05:11,12781,12781,12781,2
2020-08-26,15:05:12,12782,12782,12782,2
2020-08-26,15:05:12,12782,12782,12782,4
2020-08-26,15:05:16,12782,12782,12782,2
2020-08-26,15:05:18,12782,12782,12782,2
2020-08-26,15:05:18,12782,12782,12782,4
2020-08-26,15:05:19,12782,12782,12782,2
2020-08-26,15:05:20,12783,12783,12783,2
2020-08-26,15:05:20,12783,12783,12783,8
2020-08-26,15:05:20,12783,12783,12783,2
2020-08-26,15:05:20,12783,12783,12783,2
2020-08-26,15:05:24,12783,12783,12783,2
2020-08-26,15:05:27,12782,12782,12782,2
2020-08-26,15:05:27,12782,12782,12782,2
2020-08-26,15:05:27,12782,12782,12782,2
2020-08-26,15:05:33,12783,12783,12783,2
2020-08-26,15:05:33,12782,12782,12782,2
2020-08-26,15:05:34,12783,12783,12783,2
2020-08-26,15:05:35,12783,12783,12783,10
2020-08-26,15:05:38,12783,12783,12783,2
2020-08-26,15:05:40,12783,12783,12783,2
2020-08-26,15:05:42,12784,12784,12784,2
2020-08-26,15:05:46,12783,12783,12783,6
2020-08-26,15:05:47,12784,12784,12784,2
2020-08-26,15:05:48,12783,12783,12783,2
2020-08-26,15:05:50,12783,12783,12783,2
2020-08-26,15:05:50,12783,12783,12783,2
2020-08-26,15:05:51,12783,12783,12783,2
2020-08-26,15:05:55,12782,12782,12782,2
2020-08-26,15:05:55,12782,12782,12782,4
2020-08-26,15:05:55,12782,12782,12782,2
2020-08-26,15:05:55,12782,12782,12782,2
2020-08-26,15:05:55,12782,12782,12782,2
2020-08-26,15:05:55,12782,12782,12782,2
2020-08-26,15:05:55,12782,12782,12782,2
2020-08-26,15:06:00,12783,12783,12783,2
2020-08-26,15:06:00,12784,12784,12784,6
2020-08-26,15:06:00,12784,12784,12784,14
2020-08-26,15:06:00,12784,12784,12784,2
2020-08-26,15:06:00,12785,12785,12785,6
2020-08-26,15:06:00,12785,12785,12785,8
2020-08-26,15:06:00,12785,12785,12785,8
2020-08-26,15:06:00,12785,12785,12785,8
2020-08-26,15:06:00,12784,12784,12784,2
2020-08-26,15:06:00,12783,12783,12783,2
2020-08-26,15:06:00,12783,12783,12783,2
2020-08-26,15:06:01,12783,12783,12783,2
2020-08-26,15:06:01,12783,12783,12783,2
2020-08-26,15:06:01,12783,12783,12783,2
2020-08-26,15:06:01,12783,12783,12783,2
2020-08-26,15:06:01,12783,12783,12783,2
2020-08-26,15:06:01,12783,12783,12783,2
2020-08-26,15:06:01,12783,12783,12783,2
2020-08-26,15:06:01,12783,12783,12783,2
2020-08-26,15:06:01,12783,12783,12783,2
2020-08-26,15:06:01,12782,12782,12782,2
2020-08-26,15:06:01,12782,12782,12782,2
2020-08-26,15:06:01,12782,12782,12782,2
2020-08-26,15:06:01,12783,12783,12783,2
2020-08-26,15:06:02,12785,12785,12785,2
2020-08-26,15:06:02,12785,12785,12785,2
2020-08-26,15:06:05,12784,12784,12784,20
2020-08-26,15:06:06,12784,12784,12784,2
2020-08-26,15:06:08,12785,12785,12785,18
2020-08-26,15:06:10,12784,12784,12784,2
2020-08-26,15:06:11,12784,12784,12784,2
2020-08-26,15:06:12,12785,12785,12785,2
2020-08-26,15:06:12,12785,12785,12785,10
2020-08-26,15:06:12,12785,12785,12785,2
2020-08-26,15:06:12,12785,12785,12785,2
2020-08-26,15:06:13,12786,12786,12786,14
2020-08-26,15:06:13,12787,12787,12787,6
2020-08-26,15:06:17,12786,12786,12786,2
2020-08-26,15:06:23,12786,12786,12786,2
2020-08-26,15:06:23,12786,12786,12786,2
2020-08-26,15:06:24,12786,12786,12786,2
2020-08-26,15:06:24,12785,12785,12785,2
2020-08-26,15:06:24,12785,12785,12785,2
2020-08-26,15:06:24,12787,12787,12787,2
2020-08-26,15:06:24,12786,12786,12786,20
2020-08-26,15:06:31,12786,12786,12786,4
2020-08-26,15:06:31,12787,12787,12787,22
2020-08-26,15:06:31,12786,12786,12786,2
2020-08-26,15:06:31,12786,12786,12786,4
2020-08-26,15:06:33,12787,12787,12787,2
2020-08-26,15:06:34,12786,12786,12786,2
2020-08-26,15:06:35,12786,12786,12786,2
2020-08-26,15:06:35,12787,12787,12787,10
2020-08-26,15:06:35,12788,12788,12788,8
2020-08-26,15:06:35,12786,12786,12786,2
2020-08-26,15:06:38,12785,12785,12785,2
2020-08-26,15:06:41,12787,12787,12787,2
2020-08-26,15:06:41,12786,12786,12786,2
2020-08-26,15:06:41,12786,12786,12786,2
2020-08-26,15:06:48,12787,12787,12787,18
2020-08-26,15:06:48,12787,12787,12787,22
2020-08-26,15:06:48,12788,12788,12788,2
2020-08-26,15:06:49,12788,12788,12788,2
2020-08-26,15:06:49,12787,12787,12787,2
2020-08-26,15:06:53,12787,12787,12787,2
2020-08-26,15:07:03,12787,12787,12787,2
2020-08-26,15:07:04,12788,12788,12788,2
2020-08-26,15:07:07,12787,12787,12787,2
2020-08-26,15:07:07,12787,12787,12787,2
2020-08-26,15:07:07,12787,12787,12787,2
2020-08-26,15:07:21,12787,12787,12787,2
2020-08-26,15:07:27,12787,12787,12787,2
2020-08-26,15:07:32,12786,12786,12786,2
2020-08-26,15:07:33,12787,12787,12787,2
2020-08-26,15:07:38,12787,12787,12787,2
2020-08-26,15:07:45,12787,12787,12787,2
2020-08-26,15:07:50,12788,12788,12788,12
2020-08-26,15:07:58,12787,12787,12787,2
2020-08-26,15:07:59,12786,12786,12786,2
2020-08-26,15:07:59,12786,12786,12786,2
2020-08-26,15:07:59,12786,12786,12786,2
2020-08-26,15:07:59,12786,12786,12786,2
2020-08-26,15:07:59,12786,12786,12786,2
2020-08-26,15:07:59,12787,12787,12787,2
2020-08-26,15:08:02,12786,12786,12786,2
2020-08-26,15:08:07,12786,12786,12786,2
2020-08-26,15:08:07,12786,12786,12786,2
2020-08-26,15:08:07,12786,12786,12786,2
2020-08-26,15:08:07,12786,12786,12786,2
2020-08-26,15:08:07,12786,12786,12786,2
2020-08-26,15:08:07,12786,12786,12786,6
2020-08-26,15:08:07,12786,12786,12786,2
2020-08-26,15:08:08,12786,12786,12786,2
2020-08-26,15:08:10,12786,12786,12786,2
2020-08-26,15:08:10,12786,12786,12786,2
2020-08-26,15:08:11,12785,12785,12785,2
2020-08-26,15:08:27,12786,12786,12786,2
2020-08-26,15:08:30,12787,12787,12787,4
2020-08-26,15:08:31,12786,12786,12786,2
2020-08-26,15:08:32,12788,12788,12788,2
2020-08-26,15:09:00,12787,12787,12787,2
2020-08-26,15:09:00,12788,12788,12788,30
2020-08-26,15:09:01,12789,12789,12789,2
2020-08-26,15:09:02,12788,12788,12788,2
2020-08-26,15:09:02,12788,12788,12788,8
2020-08-26,15:09:02,12788,12788,12788,10
2020-08-26,15:09:03,12788,12788,12788,2
2020-08-26,15:09:05,12789,12789,12789,2
2020-08-26,15:09:05,12789,12789,12789,4
2020-08-26,15:09:05,12790,12790,12790,2
2020-08-26,15:09:05,12788,12788,12788,2
2020-08-26,15:09:05,12790,12790,12790,2
2020-08-26,15:09:08,12789,12789,12789,2
2020-08-26,15:09:12,12788,12788,12788,2
2020-08-26,15:09:14,12788,12788,12788,2
2020-08-26,15:09:17,12790,12790,12790,2
2020-08-26,15:09:23,12789,12789,12789,2
2020-08-26,15:09:24,12790,12790,12790,2
2020-08-26,15:09:25,12790,12790,12790,4
2020-08-26,15:09:27,12790,12790,12790,2
2020-08-26,15:09:28,12790,12790,12790,14
2020-08-26,15:09:28,12790,12790,12790,4
2020-08-26,15:09:29,12790,12790,12790,8
2020-08-26,15:09:29,12790,12790,12790,2
2020-08-26,15:09:29,12790,12790,12790,2
2020-08-26,15:09:29,12790,12790,12790,4
2020-08-26,15:09:29,12790,12790,12790,4
2020-08-26,15:09:38,12790,12790,12790,2
2020-08-26,15:09:38,12790,12790,12790,2
2020-08-26,15:09:40,12790,12790,12790,2
2020-08-26,15:09:40,12790,12790,12790,4
2020-08-26,15:09:41,12791,12791,12791,4
2020-08-26,15:09:43,12791,12791,12791,4
2020-08-26,15:09:45,12791,12791,12791,2
2020-08-26,15:09:50,12791,12791,12791,2
2020-08-26,15:09:51,12791,12791,12791,2
2020-08-26,15:09:55,12791,12791,12791,2
2020-08-26,15:09:55,12791,12791,12791,6
2020-08-26,15:09:58,12791,12791,12791,10
2020-08-26,15:10:00,12791,12791,12791,2
2020-08-26,15:10:06,12792,12792,12792,2
2020-08-26,15:10:06,12792,12792,12792,2
2020-08-26,15:10:06,12792,12792,12792,2
2020-08-26,15:10:06,12792,12792,12792,2
2020-08-26,15:10:06,12792,12792,12792,2
2020-08-26,15:10:06,12792,12792,12792,2
2020-08-26,15:10:06,12792,12792,12792,2
2020-08-26,15:10:07,12792,12792,12792,2
2020-08-26,15:10:07,12791,12791,12791,2
2020-08-26,15:10:08,12791,12791,12791,2
2020-08-26,15:10:09,12791,12791,12791,2
2020-08-26,15:10:10,12791,12791,12791,2
2020-08-26,15:10:14,12791,12791,12791,2
2020-08-26,15:10:20,12792,12792,12792,4
2020-08-26,15:10:21,12792,12792,12792,42
2020-08-26,15:10:21,12793,12793,12793,2
2020-08-26,15:10:22,12793,12793,12793,2
2020-08-26,15:10:22,12792,12792,12792,2
2020-08-26,15:10:22,12794,12794,12794,4
2020-08-26,15:10:23,12794,12794,12794,4
2020-08-26,15:10:23,12794,12794,12794,2
2020-08-26,15:10:25,12793,12793,12793,2
2020-08-26,15:10:25,12793,12793,12793,4
2020-08-26,15:10:27,12793,12793,12793,2
2020-08-26,15:10:27,12792,12792,12792,2
2020-08-26,15:10:29,12794,12794,12794,2
2020-08-26,15:10:33,12794,12794,12794,2
2020-08-26,15:10:35,12793,12793,12793,2
2020-08-26,15:10:35,12793,12793,12793,2
2020-08-26,15:10:35,12794,12794,12794,2
2020-08-26,15:10:40,12793,12793,12793,2
2020-08-26,15:10:43,12793,12793,12793,2
2020-08-26,15:10:43,12793,12793,12793,2
2020-08-26,15:10:43,12793,12793,12793,2
2020-08-26,15:10:48,12794,12794,12794,2
2020-08-26,15:10:49,12793,12793,12793,2
2020-08-26,15:10:51,12793,12793,12793,2
2020-08-26,15:10:53,12793,12793,12793,2
2020-08-26,15:10:53,12793,12793,12793,2
2020-08-26,15:10:53,12792,12792,12792,2
2020-08-26,15:10:53,12792,12792,12792,2
2020-08-26,15:10:53,12792,12792,12792,2
2020-08-26,15:10:53,12792,12792,12792,2
2020-08-26,15:10:53,12792,12792,12792,8
2020-08-26,15:10:53,12792,12792,12792,2
2020-08-26,15:10:53,12792,12792,12792,2
2020-08-26,15:10:53,12792,12792,12792,2
2020-08-26,15:10:53,12792,12792,12792,2
2020-08-26,15:10:53,12792,12792,12792,2
2020-08-26,15:10:53,12792,12792,12792,2
2020-08-26,15:10:56,12792,12792,12792,2
2020-08-26,15:10:56,12792,12792,12792,2
2020-08-26,15:10:56,12792,12792,12792,2
2020-08-26,15:11:00,12792,12792,12792,2
2020-08-26,15:11:00,12792,12792,12792,24
2020-08-26,15:11:04,12793,12793,12793,2
2020-08-26,15:11:09,12792,12792,12792,2
2020-08-26,15:11:09,12792,12792,12792,2
2020-08-26,15:11:16,12791,12791,12791,2
2020-08-26,15:11:21,12791,12791,12791,14
2020-08-26,15:11:24,12792,12792,12792,2
2020-08-26,15:11:24,12792,12792,12792,2
2020-08-26,15:11:24,12792,12792,12792,8
2020-08-26,15:11:26,12791,12791,12791,2
2020-08-26,15:11:33,12792,12792,12792,10
2020-08-26,15:11:38,12792,12792,12792,2
2020-08-26,15:11:42,12792,12792,12792,4
2020-08-26,15:11:42,12792,12792,12792,2
2020-08-26,15:11:42,12792,12792,12792,2
2020-08-26,15:11:42,12792,12792,12792,2
2020-08-26,15:11:42,12792,12792,12792,2
2020-08-26,15:11:42,12792,12792,12792,2
2020-08-26,15:11:47,12792,12792,12792,2
2020-08-26,15:11:50,12793,12793,12793,2
2020-08-26,15:12:03,12792,12792,12792,2
2020-08-26,15:12:03,12793,12793,12793,2
2020-08-26,15:12:03,12793,12793,12793,16
2020-08-26,15:12:03,12794,12794,12794,34
2020-08-26,15:12:03,12794,12794,12794,12
2020-08-26,15:12:03,12795,12795,12795,12
2020-08-26,15:12:03,12795,12795,12795,2
2020-08-26,15:12:03,12795,12795,12795,4
2020-08-26,15:12:03,12795,12795,12795,4
2020-08-26,15:12:11,12794,12794,12794,4
2020-08-26,15:12:14,12794,12794,12794,2
2020-08-26,15:12:14,12793,12793,12793,2
2020-08-26,15:12:14,12795,12795,12795,2
2020-08-26,15:12:19,12794,12794,12794,2
2020-08-26,15:12:19,12794,12794,12794,2
2020-08-26,15:12:21,12794,12794,12794,2
2020-08-26,15:12:22,12794,12794,12794,2
2020-08-26,15:12:24,12794,12794,12794,2
2020-08-26,15:12:28,12794,12794,12794,2
2020-08-26,15:12:29,12794,12794,12794,2
2020-08-26,15:12:29,12794,12794,12794,2
2020-08-26,15:12:32,12794,12794,12794,2
2020-08-26,15:12:33,12794,12794,12794,2
2020-08-26,15:12:37,12794,12794,12794,2
2020-08-26,15:12:46,12795,12795,12795,2
2020-08-26,15:12:56,12795,12795,12795,2
2020-08-26,15:12:59,12795,12795,12795,4
2020-08-26,15:12:59,12795,12795,12795,2
2020-08-26,15:13:00,12795,12795,12795,2
2020-08-26,15:13:00,12796,12796,12796,8
2020-08-26,15:13:01,12796,12796,12796,2
2020-08-26,15:13:01,12796,12796,12796,2
2020-08-26,15:13:02,12796,12796,12796,2
2020-08-26,15:13:03,12795,12795,12795,2
2020-08-26,15:13:03,12795,12795,12795,8
2020-08-26,15:13:03,12795,12795,12795,4
2020-08-26,15:13:03,12795,12795,12795,2
2020-08-26,15:13:03,12795,12795,12795,2
2020-08-26,15:13:03,12795,12795,12795,4
2020-08-26,15:13:03,12795,12795,12795,2
2020-08-26,15:13:03,12795,12795,12795,4
2020-08-26,15:13:03,12795,12795,12795,8
2020-08-26,15:13:03,12795,12795,12795,2
2020-08-26,15:13:04,12795,12795,12795,2
2020-08-26,15:13:05,12795,12795,12795,4
2020-08-26,15:13:06,12795,12795,12795,4
2020-08-26,15:13:07,12795,12795,12795,2
2020-08-26,15:13:07,12795,12795,12795,6
2020-08-26,15:13:07,12795,12795,12795,2
2020-08-26,15:13:07,12795,12795,12795,44
2020-08-26,15:13:10,12796,12796,12796,8
2020-08-26,15:13:10,12796,12796,12796,8
2020-08-26,15:13:10,12796,12796,12796,18
2020-08-26,15:13:12,12797,12797,12797,2
2020-08-26,15:13:13,12797,12797,12797,24
2020-08-26,15:13:15,12797,12797,12797,2
2020-08-26,15:13:18,12797,12797,12797,2
2020-08-26,15:13:18,12797,12797,12797,4
2020-08-26,15:13:19,12797,12797,12797,4
2020-08-26,15:13:20,12797,12797,12797,4
2020-08-26,15:13:22,12798,12798,12798,4
2020-08-26,15:13:22,12798,12798,12798,6
2020-08-26,15:13:27,12797,12797,12797,2
2020-08-26,15:13:29,12797,12797,12797,4
2020-08-26,15:13:29,12797,12797,12797,8
2020-08-26,15:13:29,12797,12797,12797,2
2020-08-26,15:13:29,12797,12797,12797,2
2020-08-26,15:13:29,12797,12797,12797,2
2020-08-26,15:13:29,12797,12797,12797,4
2020-08-26,15:13:29,12797,12797,12797,2
2020-08-26,15:13:29,12797,12797,12797,2
2020-08-26,15:13:30,12798,12798,12798,2
2020-08-26,15:13:30,12798,12798,12798,2
2020-08-26,15:13:32,12798,12798,12798,8
2020-08-26,15:13:33,12798,12798,12798,4
2020-08-26,15:13:35,12798,12798,12798,2
2020-08-26,15:13:35,12798,12798,12798,2
2020-08-26,15:13:36,12798,12798,12798,2
2020-08-26,15:13:36,12798,12798,12798,8
2020-08-26,15:13:38,12797,12797,12797,2
2020-08-26,15:13:39,12797,12797,12797,2
2020-08-26,15:13:40,12797,12797,12797,2
2020-08-26,15:13:41,12797,12797,12797,2
2020-08-26,15:13:50,12797,12797,12797,2
2020-08-26,15:13:55,12797,12797,12797,2
2020-08-26,15:13:56,12797,12797,12797,2
2020-08-26,15:13:57,12797,12797,12797,2
2020-08-26,15:13:59,12796,12796,12796,2
2020-08-26,15:13:59,12796,12796,12796,2
2020-08-26,15:14:00,12797,12797,12797,2
2020-08-26,15:14:00,12797,12797,12797,2
2020-08-26,15:14:05,12796,12796,12796,2
2020-08-26,15:14:06,12798,12798,12798,2
2020-08-26,15:14:06,12798,12798,12798,2
2020-08-26,15:14:06,12798,12798,12798,2
2020-08-26,15:14:06,12798,12798,12798,2
2020-08-26,15:14:06,12798,12798,12798,2
2020-08-26,15:14:06,12798,12798,12798,2
2020-08-26,15:14:06,12798,12798,12798,2
2020-08-26,15:14:06,12798,12798,12798,2
2020-08-26,15:14:06,12798,12798,12798,2
2020-08-26,15:14:06,12798,12798,12798,2
2020-08-26,15:14:06,12798,12798,12798,2
2020-08-26,15:14:06,12797,12797,12797,2
2020-08-26,15:14:12,12797,12797,12797,2
2020-08-26,15:14:13,12797,12797,12797,2
2020-08-26,15:14:18,12797,12797,12797,2
2020-08-26,15:14:21,12797,12797,12797,2
2020-08-26,15:14:24,12797,12797,12797,8
2020-08-26,15:14:27,12796,12796,12796,2
2020-08-26,15:14:27,12796,12796,12796,2
2020-08-26,15:14:27,12796,12796,12796,2
2020-08-26,15:14:29,12795,12795,12795,2
2020-08-26,15:14:29,12796,12796,12796,2
2020-08-26,15:14:29,12797,12797,12797,2
2020-08-26,15:14:35,12797,12797,12797,2
2020-08-26,15:14:37,12797,12797,12797,2
2020-08-26,15:14:37,12797,12797,12797,4
2020-08-26,15:14:37,12798,12798,12798,2
2020-08-26,15:14:39,12797,12797,12797,2
2020-08-26,15:14:39,12798,12798,12798,2
2020-08-26,15:14:42,12798,12798,12798,2
2020-08-26,15:14:45,12797,12797,12797,2
2020-08-26,15:14:45,12797,12797,12797,2
2020-08-26,15:14:48,12797,12797,12797,2
2020-08-26,15:14:48,12797,12797,12797,4
2020-08-26,15:14:48,12797,12797,12797,4
2020-08-26,15:14:49,12797,12797,12797,2
2020-08-26,15:15:02,12797,12797,12797,2
2020-08-26,15:15:03,12797,12797,12797,2
2020-08-26,15:15:06,12797,12797,12797,4
2020-08-26,15:15:09,12796,12796,12796,2
2020-08-26,15:15:09,12796,12796,12796,2
2020-08-26,15:15:09,12796,12796,12796,2
2020-08-26,15:15:17,12796,12796,12796,2
2020-08-26,15:15:24,12796,12796,12796,6
2020-08-26,15:15:24,12796,12796,12796,2
2020-08-26,15:15:24,12796,12796,12796,2
2020-08-26,15:15:24,12796,12796,12796,2
2020-08-26,15:15:27,12796,12796,12796,2
2020-08-26,15:15:29,12795,12795,12795,8
2020-08-26,15:15:29,12795,12795,12795,2
2020-08-26,15:15:29,12795,12795,12795,10
2020-08-26,15:15:29,12795,12795,12795,2
2020-08-26,15:15:29,12795,12795,12795,2
2020-08-26,15:15:29,12795,12795,12795,2
2020-08-26,15:15:29,12795,12795,12795,2
2020-08-26,15:15:29,12795,12795,12795,6
2020-08-26,15:15:29,12795,12795,12795,2
2020-08-26,15:15:29,12795,12795,12795,2
2020-08-26,15:15:29,12795,12795,12795,2
2020-08-26,15:15:29,12795,12795,12795,2
2020-08-26,15:15:29,12795,12795,12795,2
2020-08-26,15:15:29,12795,12795,12795,2
2020-08-26,15:15:29,12795,12795,12795,2
2020-08-26,15:15:29,12795,12795,12795,4
2020-08-26,15:15:30,12795,12795,12795,2
2020-08-26,15:15:32,12795,12795,12795,2
2020-08-26,15:15:34,12795,12795,12795,2
2020-08-26,15:15:35,12795,12795,12795,2
2020-08-26,15:15:35,12794,12794,12794,2
2020-08-26,15:15:35,12794,12794,12794,2
2020-08-26,15:15:35,12794,12794,12794,2
2020-08-26,15:15:37,12795,12795,12795,2
2020-08-26,15:15:37,12795,12795,12795,4
2020-08-26,15:15:39,12795,12795,12795,2
2020-08-26,15:15:41,12795,12795,12795,2
2020-08-26,15:15:45,12794,12794,12794,4
2020-08-26,15:15:45,12793,12793,12793,2
2020-08-26,15:15:49,12794,12794,12794,6
2020-08-26,15:15:50,12794,12794,12794,2
2020-08-26,15:15:50,12794,12794,12794,2
2020-08-26,15:15:56,12794,12794,12794,2
2020-08-26,15:15:57,12794,12794,12794,2
2020-08-26,15:15:57,12794,12794,12794,2
2020-08-26,15:15:58,12794,12794,12794,2
2020-08-26,15:16:02,12793,12793,12793,2
2020-08-26,15:16:03,12793,12793,12793,2
2020-08-26,15:16:03,12793,12793,12793,2
2020-08-26,15:16:21,12793,12793,12793,2
2020-08-26,15:16:29,12793,12793,12793,2
2020-08-26,15:16:29,12793,12793,12793,2
2020-08-26,15:16:29,12793,12793,12793,2
2020-08-26,15:16:29,12793,12793,12793,10
2020-08-26,15:16:29,12793,12793,12793,2
2020-08-26,15:16:32,12792,12792,12792,2
2020-08-26,15:16:37,12792,12792,12792,4
2020-08-26,15:16:38,12791,12791,12791,2
2020-08-26,15:16:38,12791,12791,12791,2
2020-08-26,15:16:38,12791,12791,12791,2
2020-08-26,15:16:39,12791,12791,12791,2
2020-08-26,15:16:39,12791,12791,12791,2
2020-08-26,15:16:42,12791,12791,12791,2
2020-08-26,15:16:44,12792,12792,12792,4
2020-08-26,15:16:44,12791,12791,12791,4
2020-08-26,15:16:44,12791,12791,12791,2
2020-08-26,15:16:44,12791,12791,12791,2
2020-08-26,15:16:44,12791,12791,12791,2
2020-08-26,15:16:50,12791,12791,12791,2
2020-08-26,15:16:50,12791,12791,12791,2
2020-08-26,15:16:50,12791,12791,12791,2
2020-08-26,15:16:50,12791,12791,12791,2
2020-08-26,15:16:50,12790,12790,12790,4
2020-08-26,15:16:50,12790,12790,12790,2
2020-08-26,15:16:50,12790,12790,12790,2
2020-08-26,15:16:50,12790,12790,12790,2
2020-08-26,15:16:50,12790,12790,12790,2
2020-08-26,15:16:50,12790,12790,12790,2
2020-08-26,15:16:50,12790,12790,12790,2
2020-08-26,15:16:50,12790,12790,12790,2
2020-08-26,15:16:50,12790,12790,12790,2
2020-08-26,15:16:50,12790,12790,12790,2
2020-08-26,15:16:50,12790,12790,12790,20
2020-08-26,15:16:50,12790,12790,12790,2
2020-08-26,15:16:53,12790,12790,12790,2
2020-08-26,15:16:55,12791,12791,12791,2
2020-08-26,15:16:56,12792,12792,12792,10
2020-08-26,15:16:56,12793,12793,12793,4
2020-08-26,15:16:57,12794,12794,12794,6
2020-08-26,15:16:58,12793,12793,12793,2
2020-08-26,15:16:58,12793,12793,12793,2
2020-08-26,15:17:02,12794,12794,12794,8
2020-08-26,15:17:02,12794,12794,12794,2
2020-08-26,15:17:02,12794,12794,12794,2
2020-08-26,15:17:02,12793,12793,12793,2
2020-08-26,15:17:02,12793,12793,12793,2
2020-08-26,15:17:02,12793,12793,12793,2
2020-08-26,15:17:06,12793,12793,12793,6
2020-08-26,15:17:06,12794,12794,12794,2
2020-08-26,15:17:07,12795,12795,12795,2
2020-08-26,15:17:14,12795,12795,12795,6
2020-08-26,15:17:16,12794,12794,12794,4
2020-08-26,15:17:27,12794,12794,12794,4
2020-08-26,15:17:28,12793,12793,12793,2
2020-08-26,15:17:29,12793,12793,12793,2
2020-08-26,15:17:34,12794,12794,12794,4
2020-08-26,15:17:50,12795,12795,12795,8
2020-08-26,15:17:50,12795,12795,12795,2
2020-08-26,15:18:06,12795,12795,12795,2
2020-08-26,15:18:06,12795,12795,12795,2
2020-08-26,15:18:06,12795,12795,12795,2
2020-08-26,15:18:06,12795,12795,12795,2
2020-08-26,15:18:06,12795,12795,12795,2
2020-08-26,15:18:07,12796,12796,12796,4
2020-08-26,15:18:07,12796,12796,12796,2
2020-08-26,15:18:11,12796,12796,12796,2
2020-08-26,15:18:11,12795,12795,12795,2
2020-08-26,15:18:24,12796,12796,12796,2
2020-08-26,15:18:27,12796,12796,12796,2
2020-08-26,15:18:29,12795,12795,12795,2
2020-08-26,15:18:32,12795,12795,12795,8
2020-08-26,15:18:32,12795,12795,12795,2
2020-08-26,15:18:39,12795,12795,12795,2
2020-08-26,15:18:42,12797,12797,12797,2
2020-08-26,15:18:44,12797,12797,12797,2
2020-08-26,15:18:50,12796,12796,12796,2
2020-08-26,15:18:54,12796,12796,12796,4
2020-08-26,15:18:55,12796,12796,12796,2
2020-08-26,15:18:55,12796,12796,12796,2
2020-08-26,15:18:56,12796,12796,12796,2
2020-08-26,15:18:57,12795,12795,12795,2
2020-08-26,15:19:02,12796,12796,12796,4
2020-08-26,15:19:04,12795,12795,12795,2
2020-08-26,15:19:05,12795,12795,12795,2
2020-08-26,15:19:05,12795,12795,12795,2
2020-08-26,15:19:05,12795,12795,12795,4
2020-08-26,15:19:11,12794,12794,12794,2
2020-08-26,15:19:13,12796,12796,12796,4
2020-08-26,15:19:17,12795,12795,12795,2
2020-08-26,15:19:17,12795,12795,12795,2
2020-08-26,15:19:39,12795,12795,12795,2
2020-08-26,15:19:39,12795,12795,12795,2
2020-08-26,15:19:40,12795,12795,12795,2
2020-08-26,15:19:45,12796,12796,12796,4
2020-08-26,15:19:45,12796,12796,12796,4
2020-08-26,15:19:45,12796,12796,12796,4
2020-08-26,15:19:45,12796,12796,12796,24
2020-08-26,15:19:47,12796,12796,12796,2
2020-08-26,15:19:48,12796,12796,12796,2
2020-08-26,15:19:53,12796,12796,12796,2
2020-08-26,15:19:55,12796,12796,12796,2
2020-08-26,15:20:00,12796,12796,12796,2
2020-08-26,15:20:01,12796,12796,12796,2
2020-08-26,15:20:01,12795,12795,12795,2
2020-08-26,15:20:02,12796,12796,12796,2
2020-08-26,15:20:02,12797,12797,12797,4
2020-08-26,15:20:05,12796,12796,12796,2
2020-08-26,15:20:05,12797,12797,12797,4
2020-08-26,15:20:13,12796,12796,12796,2
2020-08-26,15:20:13,12796,12796,12796,4
2020-08-26,15:20:13,12796,12796,12796,2
2020-08-26,15:20:13,12796,12796,12796,2
2020-08-26,15:20:22,12796,12796,12796,2
2020-08-26,15:20:30,12796,12796,12796,4
2020-08-26,15:20:37,12796,12796,12796,2
2020-08-26,15:20:39,12795,12795,12795,2
2020-08-26,15:20:52,12795,12795,12795,2
2020-08-26,15:20:59,12795,12795,12795,2
2020-08-26,15:21:07,12795,12795,12795,2
2020-08-26,15:21:07,12796,12796,12796,4
2020-08-26,15:21:07,12796,12796,12796,4
2020-08-26,15:21:07,12796,12796,12796,2
2020-08-26,15:21:08,12797,12797,12797,2
2020-08-26,15:21:12,12796,12796,12796,2
2020-08-26,15:21:21,12797,12797,12797,24
2020-08-26,15:21:22,12797,12797,12797,8
2020-08-26,15:21:24,12797,12797,12797,2
2020-08-26,15:21:25,12797,12797,12797,2
2020-08-26,15:21:26,12798,12798,12798,6
2020-08-26,15:21:27,12798,12798,12798,6
2020-08-26,15:21:27,12798,12798,12798,4
2020-08-26,15:21:27,12798,12798,12798,2
2020-08-26,15:21:29,12798,12798,12798,2
2020-08-26,15:21:32,12797,12797,12797,2
2020-08-26,15:21:32,12797,12797,12797,2
2020-08-26,15:21:32,12797,12797,12797,2
2020-08-26,15:21:36,12797,12797,12797,2
2020-08-26,15:21:40,12797,12797,12797,2
2020-08-26,15:21:48,12796,12796,12796,2
2020-08-26,15:21:49,12797,12797,12797,2
2020-08-26,15:21:53,12797,12797,12797,2
2020-08-26,15:21:53,12797,12797,12797,10
2020-08-26,15:21:53,12797,12797,12797,2
2020-08-26,15:21:53,12797,12797,12797,22
2020-08-26,15:21:53,12797,12797,12797,2
2020-08-26,15:21:54,12797,12797,12797,4
2020-08-26,15:22:02,12798,12798,12798,2
2020-08-26,15:22:08,12797,12797,12797,2
2020-08-26,15:22:10,12797,12797,12797,2
2020-08-26,15:22:10,12797,12797,12797,2
2020-08-26,15:22:10,12797,12797,12797,4
2020-08-26,15:22:10,12797,12797,12797,2
2020-08-26,15:22:11,12797,12797,12797,8
2020-08-26,15:22:11,12798,12798,12798,2
2020-08-26,15:22:14,12798,12798,12798,2
2020-08-26,15:22:16,12798,12798,12798,44
2020-08-26,15:22:16,12798,12798,12798,10
2020-08-26,15:22:17,12797,12797,12797,2
2020-08-26,15:22:19,12799,12799,12799,2
2020-08-26,15:22:19,12799,12799,12799,2
2020-08-26,15:22:19,12799,12799,12799,10
2020-08-26,15:22:19,12799,12799,12799,4
2020-08-26,15:22:20,12799,12799,12799,2
2020-08-26,15:22:20,12799,12799,12799,2
2020-08-26,15:22:20,12799,12799,12799,2
2020-08-26,15:22:20,12799,12799,12799,2
2020-08-26,15:22:20,12799,12799,12799,2
2020-08-26,15:22:20,12799,12799,12799,2
2020-08-26,15:22:22,12799,12799,12799,2
2020-08-26,15:22:30,12799,12799,12799,6
2020-08-26,15:22:31,12799,12799,12799,2
2020-08-26,15:22:31,12799,12799,12799,2
2020-08-26,15:22:39,12799,12799,12799,2
2020-08-26,15:22:40,12799,12799,12799,2
2020-08-26,15:22:40,12799,12799,12799,4
2020-08-26,15:22:40,12799,12799,12799,2
2020-08-26,15:22:44,12799,12799,12799,2
2020-08-26,15:22:44,12799,12799,12799,2
2020-08-26,15:22:44,12799,12799,12799,2
2020-08-26,15:22:46,12799,12799,12799,6
2020-08-26,15:22:46,12798,12798,12798,4
2020-08-26,15:22:47,12798,12798,12798,2
2020-08-26,15:22:49,12799,12799,12799,2
2020-08-26,15:22:57,12799,12799,12799,2
2020-08-26,15:22:58,12799,12799,12799,2
2020-08-26,15:22:58,12799,12799,12799,6
2020-08-26,15:23:00,12798,12798,12798,2
2020-08-26,15:23:00,12799,12799,12799,2
2020-08-26,15:23:00,12799,12799,12799,8
2020-08-26,15:23:00,12799,12799,12799,4
2020-08-26,15:23:03,12799,12799,12799,2
2020-08-26,15:23:03,12800,12800,12800,2
2020-08-26,15:23:03,12800,12800,12800,2
2020-08-26,15:23:04,12800,12800,12800,2
2020-08-26,15:23:05,12799,12799,12799,2
2020-08-26,15:23:05,12800,12800,12800,2
2020-08-26,15:23:05,12799,12799,12799,2
2020-08-26,15:23:06,12800,12800,12800,2
2020-08-26,15:23:06,12799,12799,12799,2
2020-08-26,15:23:09,12799,12799,12799,2
2020-08-26,15:23:11,12800,12800,12800,2
2020-08-26,15:23:13,12800,12800,12800,2
2020-08-26,15:23:15,12799,12799,12799,4
2020-08-26,15:23:15,12799,12799,12799,2
2020-08-26,15:23:15,12799,12799,12799,2
2020-08-26,15:23:18,12799,12799,12799,2
2020-08-26,15:23:19,12798,12798,12798,2
2020-08-26,15:23:29,12799,12799,12799,2
2020-08-26,15:23:30,12798,12798,12798,6
2020-08-26,15:23:31,12799,12799,12799,2
2020-08-26,15:23:34,12799,12799,12799,2
2020-08-26,15:23:34,12799,12799,12799,4
2020-08-26,15:23:35,12798,12798,12798,2
2020-08-26,15:23:36,12799,12799,12799,2
2020-08-26,15:23:41,12799,12799,12799,8
2020-08-26,15:23:41,12799,12799,12799,4
2020-08-26,15:23:41,12799,12799,12799,8
2020-08-26,15:23:47,12798,12798,12798,2
2020-08-26,15:23:48,12799,12799,12799,2
2020-08-26,15:23:55,12799,12799,12799,2
2020-08-26,15:23:55,12799,12799,12799,8
2020-08-26,15:23:59,12800,12800,12800,14
2020-08-26,15:23:59,12800,12800,12800,8
2020-08-26,15:23:59,12800,12800,12800,6
2020-08-26,15:23:59,12800,12800,12800,2
2020-08-26,15:23:59,12800,12800,12800,8
2020-08-26,15:23:59,12800,12800,12800,14
2020-08-26,15:24:01,12801,12801,12801,46
2020-08-26,15:24:02,12802,12802,12802,20
2020-08-26,15:24:02,12802,12802,12802,6
2020-08-26,15:24:02,12802,12802,12802,6
2020-08-26,15:24:02,12802,12802,12802,8
2020-08-26,15:24:02,12803,12803,12803,2
2020-08-26,15:24:02,12803,12803,12803,2
2020-08-26,15:24:02,12803,12803,12803,38
2020-08-26,15:24:02,12804,12804,12804,2
2020-08-26,15:24:02,12804,12804,12804,10
2020-08-26,15:24:02,12805,12805,12805,2
2020-08-26,15:24:02,12805,12805,12805,2
2020-08-26,15:24:02,12805,12805,12805,2
2020-08-26,15:24:02,12805,12805,12805,2
2020-08-26,15:24:02,12805,12805,12805,2
2020-08-26,15:24:02,12805,12805,12805,10
2020-08-26,15:24:02,12805,12805,12805,4
2020-08-26,15:24:02,12804,12804,12804,8
2020-08-26,15:24:02,12804,12804,12804,2
2020-08-26,15:24:02,12804,12804,12804,2
2020-08-26,15:24:02,12804,12804,12804,4
2020-08-26,15:24:02,12804,12804,12804,4
2020-08-26,15:24:02,12804,12804,12804,2
2020-08-26,15:24:02,12804,12804,12804,4
2020-08-26,15:24:02,12805,12805,12805,2
2020-08-26,15:24:03,12803,12803,12803,4
2020-08-26,15:24:03,12804,12804,12804,2
2020-08-26,15:24:03,12804,12804,12804,2
2020-08-26,15:24:03,12804,12804,12804,2
2020-08-26,15:24:03,12804,12804,12804,2
2020-08-26,15:24:03,12804,12804,12804,4
2020-08-26,15:24:03,12803,12803,12803,2
2020-08-26,15:24:03,12803,12803,12803,4
2020-08-26,15:24:03,12804,12804,12804,2
2020-08-26,15:24:03,12804,12804,12804,2
2020-08-26,15:24:03,12804,12804,12804,8
2020-08-26,15:24:03,12805,12805,12805,4
2020-08-26,15:24:03,12805,12805,12805,2
2020-08-26,15:24:03,12805,12805,12805,6
2020-08-26,15:24:03,12805,12805,12805,2
2020-08-26,15:24:03,12805,12805,12805,6
2020-08-26,15:24:03,12805,12805,12805,4
2020-08-26,15:24:03,12806,12806,12806,2
2020-08-26,15:24:03,12806,12806,12806,2
2020-08-26,15:24:03,12806,12806,12806,2
2020-08-26,15:24:03,12806,12806,12806,14
2020-08-26,15:24:03,12806,12806,12806,6
2020-08-26,15:24:03,12806,12806,12806,2
2020-08-26,15:24:03,12806,12806,12806,2
2020-08-26,15:24:03,12806,12806,12806,2
2020-08-26,15:24:03,12806,12806,12806,2
2020-08-26,15:24:03,12806,12806,12806,2
2020-08-26,15:24:03,12807,12807,12807,4
2020-08-26,15:24:03,12807,12807,12807,2
2020-08-26,15:24:03,12807,12807,12807,2
2020-08-26,15:24:03,12807,12807,12807,4
2020-08-26,15:24:03,12807,12807,12807,2
2020-08-26,15:24:03,12806,12806,12806,2
2020-08-26,15:24:03,12806,12806,12806,2
2020-08-26,15:24:03,12806,12806,12806,2
2020-08-26,15:24:03,12807,12807,12807,14
2020-08-26,15:24:03,12806,12806,12806,2
2020-08-26,15:24:03,12806,12806,12806,2
2020-08-26,15:24:03,12806,12806,12806,2
2020-08-26,15:24:03,12807,12807,12807,2
2020-08-26,15:24:03,12807,12807,12807,2
2020-08-26,15:24:03,12807,12807,12807,2
2020-08-26,15:24:03,12806,12806,12806,2
2020-08-26,15:24:03,12806,12806,12806,2
2020-08-26,15:24:03,12806,12806,12806,2
2020-08-26,15:24:03,12806,12806,12806,2
2020-08-26,15:24:03,12806,12806,12806,2
2020-08-26,15:24:03,12806,12806,12806,2
2020-08-26,15:24:03,12806,12806,12806,2
2020-08-26,15:24:03,12806,12806,12806,2
2020-08-26,15:24:04,12805,12805,12805,2
2020-08-26,15:24:04,12805,12805,12805,2
2020-08-26,15:24:04,12805,12805,12805,4
2020-08-26,15:24:04,12803,12803,12803,2
2020-08-26,15:24:04,12803,12803,12803,6
2020-08-26,15:24:04,12803,12803,12803,6
2020-08-26,15:24:04,12804,12804,12804,2
2020-08-26,15:24:04,12802,12802,12802,2
2020-08-26,15:24:04,12802,12802,12802,2
2020-08-26,15:24:04,12802,12802,12802,4
2020-08-26,15:24:04,12802,12802,12802,6
2020-08-26,15:24:04,12802,12802,12802,6
2020-08-26,15:24:04,12802,12802,12802,6
2020-08-26,15:24:04,12803,12803,12803,2
2020-08-26,15:24:04,12803,12803,12803,4
2020-08-26,15:24:04,12801,12801,12801,2
2020-08-26,15:24:04,12803,12803,12803,2
2020-08-26,15:24:05,12803,12803,12803,4
2020-08-26,15:24:05,12802,12802,12802,2
2020-08-26,15:24:05,12804,12804,12804,2
2020-08-26,15:24:06,12803,12803,12803,2
2020-08-26,15:24:06,12803,12803,12803,2
2020-08-26,15:24:06,12803,12803,12803,2
2020-08-26,15:24:06,12803,12803,12803,2
2020-08-26,15:24:06,12803,12803,12803,2
2020-08-26,15:24:08,12803,12803,12803,2
2020-08-26,15:24:08,12803,12803,12803,2
2020-08-26,15:24:08,12804,12804,12804,4
2020-08-26,15:24:08,12802,12802,12802,2
2020-08-26,15:24:10,12802,12802,12802,2
2020-08-26,15:24:11,12803,12803,12803,2
2020-08-26,15:24:15,12802,12802,12802,2
2020-08-26,15:24:16,12803,12803,12803,2
2020-08-26,15:24:16,12803,12803,12803,2
2020-08-26,15:24:16,12803,12803,12803,2
2020-08-26,15:24:16,12803,12803,12803,8
2020-08-26,15:24:16,12803,12803,12803,2
2020-08-26,15:24:19,12804,12804,12804,4
2020-08-26,15:24:21,12804,12804,12804,6
2020-08-26,15:24:24,12804,12804,12804,2
2020-08-26,15:24:25,12804,12804,12804,2
2020-08-26,15:24:26,12804,12804,12804,6
2020-08-26,15:24:26,12805,12805,12805,2
2020-08-26,15:24:26,12805,12805,12805,2
2020-08-26,15:24:26,12804,12804,12804,2
2020-08-26,15:24:27,12804,12804,12804,2
2020-08-26,15:24:29,12804,12804,12804,4
2020-08-26,15:24:29,12804,12804,12804,2
2020-08-26,15:24:29,12804,12804,12804,8
2020-08-26,15:24:29,12804,12804,12804,2
2020-08-26,15:24:31,12805,12805,12805,2
2020-08-26,15:24:32,12805,12805,12805,2
2020-08-26,15:24:32,12805,12805,12805,2
2020-08-26,15:24:32,12805,12805,12805,2
2020-08-26,15:24:33,12805,12805,12805,2
2020-08-26,15:24:33,12805,12805,12805,2
2020-08-26,15:24:33,12805,12805,12805,2
2020-08-26,15:24:35,12805,12805,12805,2
2020-08-26,15:24:35,12804,12804,12804,2
2020-08-26,15:24:35,12805,12805,12805,8
2020-08-26,15:24:35,12804,12804,12804,6
2020-08-26,15:24:37,12803,12803,12803,2
2020-08-26,15:24:37,12803,12803,12803,2
2020-08-26,15:24:37,12803,12803,12803,2
2020-08-26,15:24:41,12804,12804,12804,10
2020-08-26,15:24:42,12803,12803,12803,2
2020-08-26,15:24:47,12803,12803,12803,2
2020-08-26,15:24:47,12803,12803,12803,2
2020-08-26,15:24:51,12803,12803,12803,4
2020-08-26,15:24:51,12803,12803,12803,2
2020-08-26,15:24:51,12803,12803,12803,2
2020-08-26,15:24:52,12802,12802,12802,2
2020-08-26,15:24:55,12802,12802,12802,2
2020-08-26,15:24:55,12803,12803,12803,4
2020-08-26,15:24:55,12803,12803,12803,2
2020-08-26,15:24:55,12803,12803,12803,2
2020-08-26,15:24:59,12804,12804,12804,2
2020-08-26,15:25:01,12804,12804,12804,6
2020-08-26,15:25:01,12804,12804,12804,2
2020-08-26,15:25:01,12804,12804,12804,4
2020-08-26,15:25:01,12805,12805,12805,2
2020-08-26,15:25:01,12805,12805,12805,2
2020-08-26,15:25:01,12805,12805,12805,2
2020-08-26,15:25:01,12804,12804,12804,8
2020-08-26,15:25:01,12804,12804,12804,2
2020-08-26,15:25:05,12805,12805,12805,8
2020-08-26,15:25:07,12803,12803,12803,2
2020-08-26,15:25:07,12803,12803,12803,2
2020-08-26,15:25:07,12803,12803,12803,8
2020-08-26,15:25:07,12803,12803,12803,2
2020-08-26,15:25:07,12803,12803,12803,2
2020-08-26,15:25:07,12803,12803,12803,2
2020-08-26,15:25:07,12803,12803,12803,2
2020-08-26,15:25:07,12803,12803,12803,4
2020-08-26,15:25:07,12803,12803,12803,2
2020-08-26,15:25:07,12802,12802,12802,2
2020-08-26,15:25:09,12803,12803,12803,2
2020-08-26,15:25:13,12803,12803,12803,2
2020-08-26,15:25:14,12803,12803,12803,18
2020-08-26,15:25:14,12803,12803,12803,4
2020-08-26,15:25:14,12803,12803,12803,34
2020-08-26,15:25:17,12803,12803,12803,2
2020-08-26,15:25:17,12803,12803,12803,2
2020-08-26,15:25:21,12803,12803,12803,6
2020-08-26,15:25:21,12803,12803,12803,2
2020-08-26,15:25:25,12803,12803,12803,2
2020-08-26,15:25:28,12803,12803,12803,2
2020-08-26,15:25:30,12804,12804,12804,2
2020-08-26,15:25:33,12804,12804,12804,2
2020-08-26,15:25:41,12804,12804,12804,4
2020-08-26,15:25:43,12804,12804,12804,2
2020-08-26,15:25:43,12804,12804,12804,2
2020-08-26,15:25:43,12803,12803,12803,2
2020-08-26,15:25:45,12804,12804,12804,2
2020-08-26,15:25:52,12804,12804,12804,2
2020-08-26,15:26:00,12804,12804,12804,6
2020-08-26,15:26:00,12804,12804,12804,2
2020-08-26,15:26:08,12804,12804,12804,2
2020-08-26,15:26:11,12803,12803,12803,2
2020-08-26,15:26:17,12804,12804,12804,4
2020-08-26,15:26:17,12804,12804,12804,2
2020-08-26,15:26:26,12804,12804,12804,2
2020-08-26,15:26:26,12804,12804,12804,8
2020-08-26,15:26:26,12804,12804,12804,2
2020-08-26,15:26:29,12804,12804,12804,2
2020-08-26,15:26:33,12804,12804,12804,4
2020-08-26,15:26:36,12804,12804,12804,2
2020-08-26,15:26:39,12804,12804,12804,4
2020-08-26,15:26:39,12804,12804,12804,6
2020-08-26,15:26:43,12805,12805,12805,2
2020-08-26,15:26:44,12804,12804,12804,2
2020-08-26,15:26:46,12805,12805,12805,2
2020-08-26,15:26:51,12804,12804,12804,6
2020-08-26,15:26:51,12804,12804,12804,4
2020-08-26,15:26:51,12804,12804,12804,2
2020-08-26,15:26:51,12804,12804,12804,6
2020-08-26,15:26:51,12804,12804,12804,2
2020-08-26,15:26:51,12804,12804,12804,2
2020-08-26,15:26:53,12804,12804,12804,2
2020-08-26,15:26:55,12803,12803,12803,8
2020-08-26,15:26:55,12803,12803,12803,2
2020-08-26,15:26:55,12803,12803,12803,2
2020-08-26,15:26:55,12803,12803,12803,2
2020-08-26,15:27:00,12803,12803,12803,2
2020-08-26,15:27:01,12804,12804,12804,4
2020-08-26,15:27:01,12804,12804,12804,2
2020-08-26,15:27:02,12803,12803,12803,2
2020-08-26,15:27:07,12803,12803,12803,2
2020-08-26,15:27:09,12804,12804,12804,2
2020-08-26,15:27:09,12803,12803,12803,2
2020-08-26,15:27:11,12804,12804,12804,2
2020-08-26,15:27:11,12804,12804,12804,10
2020-08-26,15:27:11,12804,12804,12804,4
2020-08-26,15:27:55,12804,12804,12804,20
2020-08-26,15:27:55,12805,12805,12805,12
2020-08-26,15:27:55,12805,12805,12805,8
2020-08-26,15:27:55,12805,12805,12805,4
2020-08-26,15:27:57,12805,12805,12805,20
2020-08-26,15:27:57,12805,12805,12805,12
2020-08-26,15:27:57,12805,12805,12805,4
2020-08-26,15:27:57,12805,12805,12805,12
2020-08-26,15:27:58,12805,12805,12805,8
2020-08-26,15:27:58,12806,12806,12806,2
2020-08-26,15:27:58,12806,12806,12806,8
2020-08-26,15:27:58,12806,12806,12806,16
2020-08-26,15:27:59,12806,12806,12806,14
2020-08-26,15:27:59,12807,12807,12807,6
2020-08-26,15:27:59,12807,12807,12807,12
2020-08-26,15:27:59,12807,12807,12807,12
2020-08-26,15:27:59,12808,12808,12808,2
2020-08-26,15:27:59,12808,12808,12808,2
2020-08-26,15:27:59,12808,12808,12808,2
2020-08-26,15:27:59,12808,12808,12808,2
2020-08-26,15:28:00,12808,12808,12808,16
2020-08-26,15:28:00,12808,12808,12808,2
2020-08-26,15:28:00,12808,12808,12808,4
2020-08-26,15:28:00,12808,12808,12808,2
2020-08-26,15:28:00,12808,12808,12808,2
2020-08-26,15:28:00,12808,12808,12808,4
2020-08-26,15:28:00,12808,12808,12808,2
2020-08-26,15:28:00,12808,12808,12808,2
2020-08-26,15:28:00,12808,12808,12808,2
2020-08-26,15:28:00,12808,12808,12808,2
2020-08-26,15:28:00,12809,12809,12809,2
2020-08-26,15:28:00,12809,12809,12809,12
2020-08-26,15:28:00,12809,12809,12809,8
2020-08-26,15:28:00,12809,12809,12809,12
2020-08-26,15:28:00,12809,12809,12809,2
2020-08-26,15:28:00,12809,12809,12809,2
2020-08-26,15:28:00,12808,12808,12808,2
2020-08-26,15:28:00,12808,12808,12808,6
2020-08-26,15:28:00,12808,12808,12808,2
2020-08-26,15:28:01,12807,12807,12807,2
2020-08-26,15:28:01,12807,12807,12807,2
2020-08-26,15:28:01,12806,12806,12806,2
2020-08-26,15:28:01,12808,12808,12808,2
2020-08-26,15:28:01,12808,12808,12808,2
2020-08-26,15:28:01,12808,12808,12808,2
2020-08-26,15:28:01,12806,12806,12806,2
2020-08-26,15:28:01,12808,12808,12808,2
2020-08-26,15:28:01,12808,12808,12808,2
2020-08-26,15:28:01,12808,12808,12808,2
2020-08-26,15:28:02,12808,12808,12808,2
2020-08-26,15:28:02,12806,12806,12806,2
2020-08-26,15:28:02,12808,12808,12808,2
2020-08-26,15:28:02,12808,12808,12808,6
2020-08-26,15:28:02,12808,12808,12808,2
2020-08-26,15:28:03,12808,12808,12808,2
2020-08-26,15:28:03,12808,12808,12808,2
2020-08-26,15:28:03,12808,12808,12808,2
2020-08-26,15:28:03,12808,12808,12808,2
2020-08-26,15:28:05,12809,12809,12809,2
2020-08-26,15:28:06,12807,12807,12807,2
2020-08-26,15:28:06,12807,12807,12807,6
2020-08-26,15:28:06,12808,12808,12808,2
2020-08-26,15:28:07,12808,12808,12808,2
2020-08-26,15:28:09,12808,12808,12808,2
2020-08-26,15:28:09,12806,12806,12806,2
2020-08-26,15:28:11,12807,12807,12807,2
2020-08-26,15:28:14,12808,12808,12808,2
2020-08-26,15:28:15,12808,12808,12808,2
2020-08-26,15:28:15,12808,12808,12808,2
2020-08-26,15:28:20,12808,12808,12808,2
2020-08-26,15:28:20,12808,12808,12808,2
2020-08-26,15:28:24,12808,12808,12808,2
2020-08-26,15:28:24,12808,12808,12808,2
2020-08-26,15:28:24,12808,12808,12808,2
2020-08-26,15:28:24,12809,12809,12809,2
2020-08-26,15:28:27,12809,12809,12809,2
2020-08-26,15:28:28,12808,12808,12808,4
2020-08-26,15:28:28,12809,12809,12809,2
2020-08-26,15:28:29,12809,12809,12809,2
2020-08-26,15:28:30,12810,12810,12810,2
2020-08-26,15:28:30,12810,12810,12810,2
2020-08-26,15:28:30,12810,12810,12810,2
2020-08-26,15:28:30,12810,12810,12810,10
2020-08-26,15:28:30,12810,12810,12810,4
2020-08-26,15:28:32,12810,12810,12810,2
2020-08-26,15:28:32,12810,12810,12810,4
2020-08-26,15:28:33,12810,12810,12810,4
2020-08-26,15:28:33,12810,12810,12810,2
2020-08-26,15:28:34,12810,12810,12810,2
2020-08-26,15:28:35,12810,12810,12810,2
2020-08-26,15:28:39,12810,12810,12810,10
2020-08-26,15:28:42,12809,12809,12809,2
2020-08-26,15:28:42,12810,12810,12810,4
2020-08-26,15:28:43,12810,12810,12810,14
2020-08-26,15:28:43,12810,12810,12810,26
2020-08-26,15:28:43,12810,12810,12810,8
2020-08-26,15:28:43,12810,12810,12810,16
2020-08-26,15:28:43,12810,12810,12810,2
2020-08-26,15:28:43,12810,12810,12810,12
2020-08-26,15:28:45,12810,12810,12810,2
2020-08-26,15:28:45,12810,12810,12810,2
2020-08-26,15:28:47,12809,12809,12809,2
2020-08-26,15:28:47,12810,12810,12810,2
2020-08-26,15:28:48,12809,12809,12809,2
2020-08-26,15:28:50,12810,12810,12810,4
2020-08-26,15:28:53,12810,12810,12810,2
2020-08-26,15:28:56,12809,12809,12809,2
2020-08-26,15:28:59,12809,12809,12809,2
2020-08-26,15:28:59,12809,12809,12809,2
2020-08-26,15:29:00,12809,12809,12809,2
2020-08-26,15:29:00,12809,12809,12809,2
2020-08-26,15:29:00,12809,12809,12809,2
2020-08-26,15:29:00,12810,12810,12810,2
2020-08-26,15:29:00,12809,12809,12809,2
2020-08-26,15:29:01,12810,12810,12810,2
2020-08-26,15:29:01,12809,12809,12809,2
2020-08-26,15:29:01,12809,12809,12809,2
2020-08-26,15:29:01,12809,12809,12809,2
2020-08-26,15:29:02,12809,12809,12809,2
2020-08-26,15:29:09,12809,12809,12809,2
2020-08-26,15:29:09,12809,12809,12809,2
2020-08-26,15:29:09,12809,12809,12809,2
2020-08-26,15:29:09,12809,12809,12809,2
2020-08-26,15:29:09,12809,12809,12809,2
2020-08-26,15:29:09,12809,12809,12809,2
2020-08-26,15:29:09,12809,12809,12809,2
2020-08-26,15:29:10,12808,12808,12808,2
2020-08-26,15:29:10,12808,12808,12808,2
2020-08-26,15:29:10,12808,12808,12808,2
2020-08-26,15:29:10,12808,12808,12808,2
2020-08-26,15:29:10,12808,12808,12808,2
2020-08-26,15:29:10,12808,12808,12808,2
2020-08-26,15:29:10,12808,12808,12808,2
2020-08-26,15:29:11,12807,12807,12807,2
2020-08-26,15:29:15,12809,12809,12809,2
2020-08-26,15:29:22,12808,12808,12808,2
2020-08-26,15:29:23,12807,12807,12807,2
2020-08-26,15:29:26,12808,12808,12808,2
2020-08-26,15:29:26,12808,12808,12808,2
2020-08-26,15:29:27,12808,12808,12808,2
2020-08-26,15:29:28,12808,12808,12808,4
2020-08-26,15:29:31,12808,12808,12808,2
2020-08-26,15:29:31,12807,12807,12807,2
2020-08-26,15:29:34,12808,12808,12808,2
2020-08-26,15:29:34,12808,12808,12808,2
2020-08-26,15:29:34,12808,12808,12808,2
2020-08-26,15:29:37,12808,12808,12808,2
2020-08-26,15:29:42,12808,12808,12808,4
2020-08-26,15:29:45,12809,12809,12809,2
2020-08-26,15:29:46,12808,12808,12808,4
2020-08-26,15:29:47,12809,12809,12809,2
2020-08-26,15:29:52,12809,12809,12809,2
2020-08-26,15:29:58,12809,12809,12809,2
2020-08-26,15:30:02,12809,12809,12809,8
2020-08-26,15:30:02,12809,12809,12809,2
2020-08-26,15:30:02,12809,12809,12809,2
2020-08-26,15:30:02,12809,12809,12809,8
2020-08-26,15:30:02,12809,12809,12809,2
2020-08-26,15:30:02,12809,12809,12809,2
2020-08-26,15:30:02,12809,12809,12809,2
2020-08-26,15:30:02,12809,12809,12809,2
2020-08-26,15:30:03,12809,12809,12809,2
2020-08-26,15:30:03,12809,12809,12809,2
2020-08-26,15:30:03,12809,12809,12809,2
2020-08-26,15:30:03,12810,12810,12810,2
2020-08-26,15:30:03,12810,12810,12810,2
2020-08-26,15:30:03,12809,12809,12809,8
2020-08-26,15:30:03,12809,12809,12809,2
2020-08-26,15:30:03,12810,12810,12810,16
2020-08-26,15:30:03,12810,12810,12810,4
2020-08-26,15:30:03,12810,12810,12810,16
2020-08-26,15:30:03,12810,12810,12810,4
2020-08-26,15:30:03,12810,12810,12810,4
2020-08-26,15:30:03,12810,12810,12810,26
2020-08-26,15:30:03,12810,12810,12810,12
2020-08-26,15:30:03,12810,12810,12810,2
2020-08-26,15:30:03,12810,12810,12810,4
2020-08-26,15:30:03,12810,12810,12810,4
2020-08-26,15:30:03,12810,12810,12810,4
2020-08-26,15:30:03,12810,12810,12810,40
2020-08-26,15:30:03,12810,12810,12810,20
2020-08-26,15:30:03,12810,12810,12810,16
2020-08-26,15:30:03,12811,12811,12811,2
2020-08-26,15:30:03,12810,12810,12810,4
2020-08-26,15:30:03,12810,12810,12810,6
2020-08-26,15:30:03,12810,12810,12810,8
2020-08-26,15:30:03,12810,12810,12810,2
2020-08-26,15:30:03,12811,12811,12811,6
2020-08-26,15:30:03,12811,12811,12811,2
2020-08-26,15:30:03,12811,12811,12811,2
2020-08-26,15:30:04,12810,12810,12810,8
2020-08-26,15:30:04,12810,12810,12810,2
2020-08-26,15:30:04,12810,12810,12810,10
2020-08-26,15:30:04,12811,12811,12811,2
2020-08-26,15:30:05,12811,12811,12811,2
2020-08-26,15:30:05,12811,12811,12811,8
2020-08-26,15:30:05,12811,12811,12811,2
2020-08-26,15:30:05,12811,12811,12811,2
2020-08-26,15:30:05,12811,12811,12811,2
2020-08-26,15:30:05,12812,12812,12812,2
2020-08-26,15:30:06,12810,12810,12810,2
2020-08-26,15:30:06,12812,12812,12812,6
2020-08-26,15:30:07,12812,12812,12812,2
2020-08-26,15:30:07,12812,12812,12812,2
2020-08-26,15:30:07,12812,12812,12812,2
2020-08-26,15:30:07,12812,12812,12812,2
2020-08-26,15:30:07,12810,12810,12810,2
2020-08-26,15:30:07,12810,12810,12810,2
2020-08-26,15:30:07,12810,12810,12810,2
2020-08-26,15:30:10,12812,12812,12812,4
2020-08-26,15:30:10,12811,12811,12811,2
2020-08-26,15:30:10,12810,12810,12810,2
2020-08-26,15:30:10,12810,12810,12810,4
2020-08-26,15:30:10,12809,12809,12809,2
2020-08-26,15:30:10,12809,12809,12809,2
2020-08-26,15:30:10,12808,12808,12808,2
2020-08-26,15:30:10,12809,12809,12809,2
2020-08-26,15:30:11,12810,12810,12810,2
2020-08-26,15:30:11,12809,12809,12809,2
2020-08-26,15:30:12,12810,12810,12810,2
2020-08-26,15:30:13,12809,12809,12809,2
2020-08-26,15:30:14,12809,12809,12809,2
2020-08-26,15:30:15,12810,12810,12810,4
2020-08-26,15:30:17,12809,12809,12809,4
2020-08-26,15:30:17,12809,12809,12809,2
2020-08-26,15:30:17,12809,12809,12809,2
2020-08-26,15:30:20,12809,12809,12809,2
2020-08-26,15:30:21,12808,12808,12808,6
2020-08-26,15:30:21,12808,12808,12808,2
2020-08-26,15:30:21,12808,12808,12808,10
2020-08-26,15:30:21,12808,12808,12808,2
2020-08-26,15:30:21,12808,12808,12808,4
2020-08-26,15:30:21,12808,12808,12808,2
2020-08-26,15:30:21,12808,12808,12808,2
2020-08-26,15:30:22,12807,12807,12807,2
2020-08-26,15:30:22,12807,12807,12807,2
2020-08-26,15:30:22,12807,12807,12807,2
2020-08-26,15:30:22,12808,12808,12808,2
2020-08-26,15:30:26,12806,12806,12806,2
2020-08-26,15:30:26,12806,12806,12806,2
2020-08-26,15:30:26,12806,12806,12806,2
2020-08-26,15:30:26,12806,12806,12806,2
2020-08-26,15:30:26,12806,12806,12806,2
2020-08-26,15:30:26,12805,12805,12805,2
2020-08-26,15:30:30,12806,12806,12806,2
2020-08-26,15:30:30,12806,12806,12806,4
2020-08-26,15:30:30,12806,12806,12806,10
2020-08-26,15:30:30,12806,12806,12806,10
2020-08-26,15:30:31,12805,12805,12805,2
2020-08-26,15:30:32,12807,12807,12807,2
2020-08-26,15:30:36,12806,12806,12806,2
2020-08-26,15:30:38,12806,12806,12806,2
2020-08-26,15:30:38,12806,12806,12806,6
2020-08-26,15:30:38,12806,12806,12806,4
2020-08-26,15:30:38,12806,12806,12806,4
2020-08-26,15:30:38,12806,12806,12806,2
2020-08-26,15:30:39,12806,12806,12806,2
2020-08-26,15:30:39,12806,12806,12806,2
2020-08-26,15:30:41,12806,12806,12806,2
2020-08-26,15:30:43,12806,12806,12806,6
2020-08-26,15:30:43,12806,12806,12806,2
2020-08-26,15:30:44,12806,12806,12806,4
2020-08-26,15:30:44,12806,12806,12806,2
2020-08-26,15:30:45,12806,12806,12806,4
2020-08-26,15:30:45,12806,12806,12806,4
2020-08-26,15:30:45,12806,12806,12806,2
2020-08-26,15:30:46,12806,12806,12806,2
2020-08-26,15:30:48,12806,12806,12806,2
2020-08-26,15:30:49,12806,12806,12806,4
2020-08-26,15:30:51,12806,12806,12806,6
2020-08-26,15:30:57,12806,12806,12806,2
2020-08-26,15:31:01,12805,12805,12805,2
2020-08-26,15:31:02,12806,12806,12806,2
2020-08-26,15:31:03,12806,12806,12806,4
2020-08-26,15:31:03,12806,12806,12806,2
2020-08-26,15:31:03,12806,12806,12806,10
2020-08-26,15:31:03,12806,12806,12806,12
2020-08-26,15:31:03,12806,12806,12806,2
2020-08-26,15:31:04,12807,12807,12807,8
2020-08-26,15:31:04,12807,12807,12807,4
2020-08-26,15:31:04,12807,12807,12807,4
2020-08-26,15:31:04,12807,12807,12807,6
2020-08-26,15:31:04,12807,12807,12807,4
2020-08-26,15:31:09,12807,12807,12807,2
2020-08-26,15:31:09,12806,12806,12806,2
2020-08-26,15:31:09,12806,12806,12806,2
2020-08-26,15:31:09,12806,12806,12806,2
2020-08-26,15:31:09,12806,12806,12806,4
2020-08-26,15:31:13,12805,12805,12805,2
2020-08-26,15:31:13,12805,12805,12805,6
2020-08-26,15:31:17,12807,12807,12807,2
2020-08-26,15:31:17,12807,12807,12807,2
2020-08-26,15:31:18,12807,12807,12807,2
2020-08-26,15:31:38,12807,12807,12807,2
2020-08-26,15:31:44,12807,12807,12807,2
2020-08-26,15:31:44,12807,12807,12807,10
2020-08-26,15:31:48,12807,12807,12807,2
2020-08-26,15:31:52,12807,12807,12807,10
2020-08-26,15:32:02,12807,12807,12807,4
2020-08-26,15:32:03,12807,12807,12807,2
2020-08-26,15:32:11,12807,12807,12807,12
2020-08-26,15:32:12,12807,12807,12807,2
2020-08-26,15:32:13,12807,12807,12807,4
2020-08-26,15:32:24,12806,12806,12806,2
2020-08-26,15:32:24,12806,12806,12806,2
2020-08-26,15:32:26,12806,12806,12806,2
2020-08-26,15:32:26,12806,12806,12806,2
2020-08-26,15:32:26,12806,12806,12806,2
2020-08-26,15:32:26,12806,12806,12806,2
2020-08-26,15:32:26,12806,12806,12806,2
2020-08-26,15:32:26,12806,12806,12806,2
2020-08-26,15:32:39,12805,12805,12805,2
2020-08-26,15:32:39,12805,12805,12805,6
2020-08-26,15:32:39,12805,12805,12805,6
2020-08-26,15:32:39,12805,12805,12805,4
2020-08-26,15:32:39,12805,12805,12805,4
2020-08-26,15:32:39,12805,12805,12805,2
2020-08-26,15:32:39,12805,12805,12805,2
2020-08-26,15:32:39,12805,12805,12805,4
2020-08-26,15:32:39,12805,12805,12805,8
2020-08-26,15:32:39,12805,12805,12805,4
2020-08-26,15:32:39,12805,12805,12805,2
2020-08-26,15:32:39,12805,12805,12805,2
2020-08-26,15:32:39,12805,12805,12805,2
2020-08-26,15:32:39,12805,12805,12805,2
2020-08-26,15:32:39,12805,12805,12805,2
2020-08-26,15:32:39,12805,12805,12805,2
2020-08-26,15:32:39,12805,12805,12805,2
2020-08-26,15:32:39,12805,12805,12805,2
2020-08-26,15:32:40,12805,12805,12805,2
2020-08-26,15:32:41,12805,12805,12805,2
2020-08-26,15:32:45,12805,12805,12805,2
2020-08-26,15:32:47,12805,12805,12805,2
2020-08-26,15:32:48,12804,12804,12804,2
2020-08-26,15:32:48,12805,12805,12805,2
2020-08-26,15:32:52,12805,12805,12805,2
2020-08-26,15:32:53,12805,12805,12805,2
2020-08-26,15:33:02,12805,12805,12805,4
2020-08-26,15:33:02,12805,12805,12805,2
2020-08-26,15:33:02,12806,12806,12806,2
2020-08-26,15:33:14,12806,12806,12806,2
2020-08-26,15:33:19,12806,12806,12806,2
2020-08-26,15:33:20,12805,12805,12805,2
2020-08-26,15:33:23,12806,12806,12806,2
2020-08-26,15:33:35,12806,12806,12806,2
2020-08-26,15:33:38,12805,12805,12805,2
2020-08-26,15:33:51,12805,12805,12805,2
2020-08-26,15:33:57,12805,12805,12805,2
2020-08-26,15:34:00,12805,12805,12805,2
2020-08-26,15:34:00,12805,12805,12805,2
2020-08-26,15:34:00,12805,12805,12805,2
2020-08-26,15:34:00,12805,12805,12805,2
2020-08-26,15:34:03,12805,12805,12805,4
2020-08-26,15:34:07,12805,12805,12805,2
2020-08-26,15:34:11,12805,12805,12805,4
2020-08-26,15:34:11,12805,12805,12805,2
2020-08-26,15:34:14,12805,12805,12805,2
2020-08-26,15:34:19,12804,12804,12804,2
2020-08-26,15:34:21,12804,12804,12804,4
2020-08-26,15:34:21,12804,12804,12804,2
2020-08-26,15:34:21,12804,12804,12804,2
2020-08-26,15:34:21,12804,12804,12804,2
2020-08-26,15:34:23,12803,12803,12803,2
2020-08-26,15:34:23,12803,12803,12803,2
2020-08-26,15:34:23,12803,12803,12803,2
2020-08-26,15:34:23,12803,12803,12803,2
2020-08-26,15:34:29,12803,12803,12803,2
2020-08-26,15:34:34,12803,12803,12803,4
2020-08-26,15:34:36,12803,12803,12803,2
2020-08-26,15:34:37,12802,12802,12802,2
2020-08-26,15:34:39,12803,12803,12803,2
2020-08-26,15:34:39,12802,12802,12802,2
2020-08-26,15:34:44,12802,12802,12802,2
2020-08-26,15:34:49,12803,12803,12803,2
2020-08-26,15:34:49,12803,12803,12803,18
2020-08-26,15:34:50,12803,12803,12803,2
2020-08-26,15:34:55,12804,12804,12804,2
2020-08-26,15:35:03,12804,12804,12804,2
2020-08-26,15:35:05,12804,12804,12804,4
2020-08-26,15:35:05,12804,12804,12804,6
2020-08-26,15:35:08,12805,12805,12805,4
2020-08-26,15:35:08,12805,12805,12805,4
2020-08-26,15:35:08,12805,12805,12805,2
2020-08-26,15:35:08,12806,12806,12806,2
2020-08-26,15:35:09,12806,12806,12806,2
2020-08-26,15:35:11,12805,12805,12805,2
2020-08-26,15:35:18,12805,12805,12805,2
2020-08-26,15:35:18,12805,12805,12805,2
2020-08-26,15:35:18,12805,12805,12805,2
2020-08-26,15:35:18,12805,12805,12805,2
2020-08-26,15:35:18,12805,12805,12805,2
2020-08-26,15:35:18,12805,12805,12805,4
2020-08-26,15:35:18,12805,12805,12805,8
2020-08-26,15:35:18,12805,12805,12805,2
2020-08-26,15:35:18,12805,12805,12805,2
2020-08-26,15:35:18,12805,12805,12805,2
2020-08-26,15:35:18,12805,12805,12805,2
2020-08-26,15:35:18,12805,12805,12805,4
2020-08-26,15:35:21,12805,12805,12805,2
2020-08-26,15:35:33,12804,12804,12804,4
2020-08-26,15:35:38,12804,12804,12804,6
2020-08-26,15:35:39,12803,12803,12803,2
2020-08-26,15:35:39,12803,12803,12803,2
2020-08-26,15:35:45,12804,12804,12804,10
2020-08-26,15:35:47,12804,12804,12804,2
2020-08-26,15:35:55,12804,12804,12804,2
2020-08-26,15:36:02,12804,12804,12804,6
2020-08-26,15:36:02,12804,12804,12804,2
2020-08-26,15:36:03,12804,12804,12804,2
2020-08-26,15:36:03,12804,12804,12804,2
2020-08-26,15:36:08,12803,12803,12803,2
2020-08-26,15:36:08,12803,12803,12803,2
2020-08-26,15:36:11,12804,12804,12804,4
2020-08-26,15:36:12,12804,12804,12804,6
2020-08-26,15:36:15,12804,12804,12804,2
2020-08-26,15:36:20,12803,12803,12803,2
2020-08-26,15:36:25,12804,12804,12804,2
2020-08-26,15:36:40,12804,12804,12804,2
2020-08-26,15:36:59,12804,12804,12804,2
2020-08-26,15:37:07,12804,12804,12804,2
2020-08-26,15:37:12,12804,12804,12804,2
2020-08-26,15:37:19,12804,12804,12804,2
2020-08-26,15:37:23,12804,12804,12804,2
2020-08-26,15:37:37,12804,12804,12804,2
2020-08-26,15:37:38,12804,12804,12804,2
2020-08-26,15:37:43,12804,12804,12804,2
2020-08-26,15:37:43,12804,12804,12804,4
2020-08-26,15:37:43,12804,12804,12804,4
2020-08-26,15:37:43,12805,12805,12805,2
2020-08-26,15:38:02,12805,12805,12805,2
2020-08-26,15:38:02,12805,12805,12805,24
2020-08-26,15:38:02,12805,12805,12805,22
2020-08-26,15:38:05,12806,12806,12806,2
2020-08-26,15:38:05,12806,12806,12806,2
2020-08-26,15:38:10,12806,12806,12806,2
2020-08-26,15:38:10,12805,12805,12805,2
2020-08-26,15:38:18,12806,12806,12806,2
2020-08-26,15:38:34,12807,12807,12807,2
2020-08-26,15:38:39,12807,12807,12807,2
2020-08-26,15:38:43,12807,12807,12807,4
2020-08-26,15:38:43,12807,12807,12807,2
2020-08-26,15:38:47,12807,12807,12807,2
2020-08-26,15:38:50,12807,12807,12807,2
2020-08-26,15:38:50,12807,12807,12807,4
2020-08-26,15:38:56,12806,12806,12806,2
2020-08-26,15:38:56,12806,12806,12806,4
2020-08-26,15:38:56,12806,12806,12806,2
2020-08-26,15:38:56,12806,12806,12806,2
2020-08-26,15:38:56,12806,12806,12806,2
2020-08-26,15:38:58,12806,12806,12806,2
2020-08-26,15:39:04,12805,12805,12805,2
2020-08-26,15:39:04,12805,12805,12805,2
2020-08-26,15:39:04,12805,12805,12805,2
2020-08-26,15:39:04,12805,12805,12805,2
2020-08-26,15:39:04,12805,12805,12805,2
2020-08-26,15:39:04,12805,12805,12805,2
2020-08-26,15:39:04,12805,12805,12805,2
2020-08-26,15:39:11,12805,12805,12805,2
2020-08-26,15:39:15,12805,12805,12805,2
2020-08-26,15:39:16,12805,12805,12805,2
2020-08-26,15:39:21,12804,12804,12804,2
2020-08-26,15:39:21,12804,12804,12804,2
2020-08-26,15:39:23,12805,12805,12805,2
2020-08-26,15:39:30,12804,12804,12804,2
2020-08-26,15:39:30,12804,12804,12804,2
2020-08-26,15:39:33,12804,12804,12804,2
2020-08-26,15:39:33,12804,12804,12804,4
2020-08-26,15:39:36,12803,12803,12803,2
2020-08-26,15:39:43,12803,12803,12803,4
2020-08-26,15:39:45,12803,12803,12803,2
2020-08-26,15:39:49,12803,12803,12803,2
2020-08-26,15:39:55,12803,12803,12803,2
2020-08-26,15:39:58,12803,12803,12803,2
2020-08-26,15:40:41,12805,12805,12805,4
2020-08-26,15:40:41,12805,12805,12805,2
2020-08-26,15:40:43,12805,12805,12805,8
2020-08-26,15:40:44,12806,12806,12806,4
2020-08-26,15:40:44,12806,12806,12806,2
2020-08-26,15:40:45,12806,12806,12806,2
2020-08-26,15:40:47,12807,12807,12807,2
2020-08-26,15:40:49,12808,12808,12808,2
2020-08-26,15:40:50,12806,12806,12806,2
2020-08-26,15:40:50,12806,12806,12806,2
2020-08-26,15:40:50,12806,12806,12806,2
2020-08-26,15:40:50,12806,12806,12806,4
2020-08-26,15:40:50,12806,12806,12806,8
2020-08-26,15:40:50,12806,12806,12806,2
2020-08-26,15:40:50,12806,12806,12806,2
2020-08-26,15:40:50,12806,12806,12806,2
2020-08-26,15:40:50,12806,12806,12806,4
2020-08-26,15:40:50,12806,12806,12806,2
2020-08-26,15:40:50,12806,12806,12806,2
2020-08-26,15:40:56,12806,12806,12806,2
2020-08-26,15:40:58,12805,12805,12805,2
2020-08-26,15:41:03,12805,12805,12805,2
2020-08-26,15:41:23,12806,12806,12806,62
2020-08-26,15:41:24,12807,12807,12807,2
2020-08-26,15:41:29,12807,12807,12807,2
2020-08-26,15:41:30,12806,12806,12806,2
2020-08-26,15:41:30,12806,12806,12806,2
2020-08-26,15:41:30,12806,12806,12806,8
2020-08-26,15:41:30,12806,12806,12806,2
2020-08-26,15:41:30,12806,12806,12806,4
2020-08-26,15:41:30,12806,12806,12806,2
2020-08-26,15:41:30,12806,12806,12806,2
2020-08-26,15:41:30,12806,12806,12806,2
2020-08-26,15:41:30,12806,12806,12806,2
2020-08-26,15:41:30,12805,12805,12805,2
2020-08-26,15:41:30,12805,12805,12805,2
2020-08-26,15:41:30,12805,12805,12805,2
2020-08-26,15:41:30,12805,12805,12805,2
2020-08-26,15:41:30,12805,12805,12805,8
2020-08-26,15:41:30,12805,12805,12805,2
2020-08-26,15:41:30,12805,12805,12805,4
2020-08-26,15:41:30,12805,12805,12805,4
2020-08-26,15:41:30,12805,12805,12805,2
2020-08-26,15:41:30,12805,12805,12805,4
2020-08-26,15:41:30,12805,12805,12805,2
2020-08-26,15:41:30,12806,12806,12806,2
2020-08-26,15:41:30,12806,12806,12806,2
2020-08-26,15:41:32,12806,12806,12806,4
2020-08-26,15:41:37,12806,12806,12806,14
2020-08-26,15:41:37,12807,12807,12807,30
2020-08-26,15:41:37,12807,12807,12807,10
2020-08-26,15:41:37,12807,12807,12807,16
2020-08-26,15:41:37,12807,12807,12807,2
2020-08-26,15:41:37,12806,12806,12806,2
2020-08-26,15:41:37,12806,12806,12806,2
2020-08-26,15:41:39,12805,12805,12805,4
2020-08-26,15:41:39,12805,12805,12805,4
2020-08-26,15:41:39,12805,12805,12805,2
2020-08-26,15:41:39,12805,12805,12805,2
2020-08-26,15:41:39,12805,12805,12805,4
2020-08-26,15:41:48,12805,12805,12805,2
2020-08-26,15:41:48,12805,12805,12805,2
2020-08-26,15:41:48,12805,12805,12805,2
2020-08-26,15:41:48,12805,12805,12805,2
2020-08-26,15:41:51,12804,12804,12804,2
2020-08-26,15:41:51,12804,12804,12804,2
2020-08-26,15:42:01,12806,12806,12806,2
2020-08-26,15:42:02,12806,12806,12806,2
2020-08-26,15:42:09,12804,12804,12804,2
2020-08-26,15:42:09,12804,12804,12804,2
2020-08-26,15:42:09,12804,12804,12804,2
2020-08-26,15:42:09,12804,12804,12804,4
2020-08-26,15:42:09,12804,12804,12804,2
2020-08-26,15:42:12,12805,12805,12805,2
2020-08-26,15:42:12,12804,12804,12804,2
2020-08-26,15:42:17,12803,12803,12803,2
2020-08-26,15:42:17,12803,12803,12803,2
2020-08-26,15:42:22,12803,12803,12803,2
2020-08-26,15:42:25,12803,12803,12803,2
2020-08-26,15:42:25,12803,12803,12803,2
2020-08-26,15:42:25,12803,12803,12803,2
2020-08-26,15:42:25,12803,12803,12803,2
2020-08-26,15:42:26,12803,12803,12803,2
2020-08-26,15:42:26,12802,12802,12802,2
2020-08-26,15:42:27,12803,12803,12803,6
2020-08-26,15:42:32,12803,12803,12803,6
2020-08-26,15:42:34,12803,12803,12803,2
2020-08-26,15:42:44,12804,12804,12804,2
2020-08-26,15:42:44,12804,12804,12804,2
2020-08-26,15:42:56,12804,12804,12804,2
2020-08-26,15:43:09,12804,12804,12804,2
2020-08-26,15:43:18,12804,12804,12804,18
2020-08-26,15:43:19,12804,12804,12804,8
2020-08-26,15:43:19,12804,12804,12804,8
2020-08-26,15:43:38,12804,12804,12804,4
2020-08-26,15:43:38,12804,12804,12804,2
2020-08-26,15:43:38,12804,12804,12804,2
2020-08-26,15:43:45,12804,12804,12804,2
2020-08-26,15:43:56,12803,12803,12803,2
2020-08-26,15:44:09,12803,12803,12803,2
2020-08-26,15:44:23,12803,12803,12803,2
2020-08-26,15:44:29,12803,12803,12803,2
2020-08-26,15:44:53,12803,12803,12803,2
2020-08-26,15:44:56,12803,12803,12803,2
2020-08-26,15:44:58,12803,12803,12803,2
2020-08-26,15:44:58,12803,12803,12803,2
2020-08-26,15:44:58,12803,12803,12803,2
2020-08-26,15:44:58,12803,12803,12803,2
2020-08-26,15:45:03,12804,12804,12804,2
2020-08-26,15:45:03,12804,12804,12804,10
2020-08-26,15:45:03,12804,12804,12804,12
2020-08-26,15:45:04,12805,12805,12805,2
2020-08-26,15:45:07,12805,12805,12805,4
2020-08-26,15:45:07,12805,12805,12805,4
2020-08-26,15:45:09,12805,12805,12805,2
2020-08-26,15:45:16,12805,12805,12805,2
2020-08-26,15:45:19,12805,12805,12805,2
2020-08-26,15:45:21,12806,12806,12806,4
2020-08-26,15:45:21,12806,12806,12806,2
2020-08-26,15:45:21,12806,12806,12806,6
2020-08-26,15:45:21,12807,12807,12807,4
2020-08-26,15:45:24,12807,12807,12807,2
2020-08-26,15:45:35,12807,12807,12807,2
2020-08-26,15:45:35,12808,12808,12808,4
2020-08-26,15:45:36,12808,12808,12808,2
2020-08-26,15:45:36,12808,12808,12808,2
2020-08-26,15:45:44,12807,12807,12807,2
2020-08-26,15:45:45,12805,12805,12805,4
2020-08-26,15:45:49,12806,12806,12806,2
2020-08-26,15:45:49,12806,12806,12806,8
2020-08-26,15:45:52,12807,12807,12807,2
2020-08-26,15:45:57,12807,12807,12807,2
2020-08-26,15:46:02,12807,12807,12807,2
2020-08-26,15:46:02,12806,12806,12806,2
2020-08-26,15:46:08,12807,12807,12807,2
2020-08-26,15:46:28,12806,12806,12806,4
2020-08-26,15:46:28,12806,12806,12806,2
2020-08-26,15:46:28,12807,12807,12807,2
2020-08-26,15:46:35,12807,12807,12807,2
2020-08-26,15:46:45,12806,12806,12806,2
2020-08-26,15:46:45,12807,12807,12807,8
2020-08-26,15:46:55,12806,12806,12806,8
2020-08-26,15:46:55,12807,12807,12807,2
2020-08-26,15:46:55,12807,12807,12807,2
2020-08-26,15:46:55,12807,12807,12807,2
2020-08-26,15:46:55,12807,12807,12807,2
2020-08-26,15:46:57,12805,12805,12805,2
2020-08-26,15:46:57,12805,12805,12805,4
2020-08-26,15:47:17,12807,12807,12807,8
2020-08-26,15:47:28,12807,12807,12807,2
2020-08-26,15:47:29,12808,12808,12808,2
2020-08-26,15:47:29,12808,12808,12808,8
2020-08-26,15:47:29,12808,12808,12808,4
2020-08-26,15:47:29,12808,12808,12808,16
2020-08-26,15:47:35,12809,12809,12809,2
2020-08-26,15:47:37,12808,12808,12808,2
2020-08-26,15:47:40,12808,12808,12808,2
2020-08-26,15:47:46,12807,12807,12807,4
2020-08-26,15:47:46,12807,12807,12807,4
2020-08-26,15:47:47,12806,12806,12806,6
2020-08-26,15:47:47,12806,12806,12806,2
2020-08-26,15:47:47,12806,12806,12806,2
2020-08-26,15:47:47,12806,12806,12806,2
2020-08-26,15:47:47,12806,12806,12806,4
2020-08-26,15:47:47,12805,12805,12805,2
2020-08-26,15:47:51,12807,12807,12807,2
2020-08-26,15:47:53,12806,12806,12806,2
2020-08-26,15:47:54,12806,12806,12806,2
2020-08-26,15:48:18,12806,12806,12806,2
2020-08-26,15:48:19,12807,12807,12807,2
2020-08-26,15:48:19,12806,12806,12806,2
2020-08-26,15:48:40,12806,12806,12806,2
2020-08-26,15:48:51,12805,12805,12805,4
2020-08-26,15:48:51,12805,12805,12805,2
2020-08-26,15:48:51,12805,12805,12805,2
2020-08-26,15:48:51,12805,12805,12805,2
2020-08-26,15:48:51,12805,12805,12805,2
2020-08-26,15:48:51,12804,12804,12804,2
2020-08-26,15:48:52,12804,12804,12804,2
2020-08-26,15:48:52,12804,12804,12804,2
2020-08-26,15:48:52,12804,12804,12804,2
2020-08-26,15:48:52,12804,12804,12804,10
2020-08-26,15:49:04,12804,12804,12804,2
2020-08-26,15:49:15,12804,12804,12804,2
2020-08-26,15:49:18,12803,12803,12803,2
2020-08-26,15:49:18,12804,12804,12804,4
2020-08-26,15:49:20,12804,12804,12804,2
2020-08-26,15:49:33,12804,12804,12804,20
2020-08-26,15:49:40,12804,12804,12804,2
2020-08-26,15:49:46,12805,12805,12805,2
2020-08-26,15:49:48,12804,12804,12804,2
2020-08-26,15:49:59,12803,12803,12803,2
2020-08-26,15:50:00,12804,12804,12804,2
2020-08-26,15:50:05,12803,12803,12803,2
2020-08-26,15:50:17,12804,12804,12804,2
2020-08-26,15:50:23,12804,12804,12804,2
2020-08-26,15:50:23,12804,12804,12804,2
2020-08-26,15:50:41,12803,12803,12803,2
2020-08-26,15:50:41,12803,12803,12803,2
2020-08-26,15:50:41,12803,12803,12803,10
2020-08-26,15:50:41,12803,12803,12803,2
2020-08-26,15:50:41,12803,12803,12803,2
2020-08-26,15:50:41,12803,12803,12803,2
2020-08-26,15:50:41,12803,12803,12803,2
2020-08-26,15:50:41,12803,12803,12803,2
2020-08-26,15:50:41,12803,12803,12803,4
2020-08-26,15:50:41,12803,12803,12803,2
2020-08-26,15:50:41,12802,12802,12802,2
2020-08-26,15:50:41,12802,12802,12802,2
2020-08-26,15:50:42,12803,12803,12803,2
2020-08-26,15:50:43,12803,12803,12803,2
2020-08-26,15:50:52,12802,12802,12802,2
2020-08-26,15:50:52,12802,12802,12802,2
2020-08-26,15:50:53,12803,12803,12803,2
2020-08-26,15:50:53,12804,12804,12804,4
2020-08-26,15:50:56,12803,12803,12803,2
2020-08-26,15:50:59,12803,12803,12803,2
2020-08-26,15:51:00,12802,12802,12802,2
2020-08-26,15:51:03,12803,12803,12803,4
2020-08-26,15:51:04,12802,12802,12802,2
2020-08-26,15:51:08,12803,12803,12803,4
2020-08-26,15:51:11,12803,12803,12803,2
2020-08-26,15:51:14,12802,12802,12802,2
2020-08-26,15:51:14,12802,12802,12802,2
2020-08-26,15:51:14,12802,12802,12802,2
2020-08-26,15:51:14,12802,12802,12802,2
2020-08-26,15:51:14,12802,12802,12802,2
2020-08-26,15:51:14,12802,12802,12802,2
2020-08-26,15:51:14,12802,12802,12802,8
2020-08-26,15:51:14,12802,12802,12802,2
2020-08-26,15:51:14,12802,12802,12802,2
2020-08-26,15:51:14,12802,12802,12802,2
2020-08-26,15:51:16,12801,12801,12801,2
2020-08-26,15:51:16,12801,12801,12801,2
2020-08-26,15:51:21,12802,12802,12802,2
2020-08-26,15:51:21,12802,12802,12802,2
2020-08-26,15:51:22,12801,12801,12801,2
2020-08-26,15:51:22,12801,12801,12801,2
2020-08-26,15:51:23,12801,12801,12801,2
2020-08-26,15:51:23,12801,12801,12801,2
2020-08-26,15:51:23,12801,12801,12801,2
2020-08-26,15:51:23,12801,12801,12801,2
2020-08-26,15:51:23,12801,12801,12801,2
2020-08-26,15:51:23,12801,12801,12801,2
2020-08-26,15:51:23,12801,12801,12801,2
2020-08-26,15:51:23,12801,12801,12801,4
2020-08-26,15:51:23,12801,12801,12801,6
2020-08-26,15:51:23,12801,12801,12801,2
2020-08-26,15:51:23,12801,12801,12801,4
2020-08-26,15:51:23,12801,12801,12801,2
2020-08-26,15:51:27,12801,12801,12801,2
2020-08-26,15:51:28,12800,12800,12800,2
2020-08-26,15:51:29,12800,12800,12800,2
2020-08-26,15:51:33,12800,12800,12800,4
2020-08-26,15:51:33,12800,12800,12800,2
2020-08-26,15:51:37,12800,12800,12800,2
2020-08-26,15:51:37,12801,12801,12801,2
2020-08-26,15:51:39,12800,12800,12800,4
2020-08-26,15:51:39,12800,12800,12800,4
2020-08-26,15:51:41,12801,12801,12801,2
2020-08-26,15:51:41,12801,12801,12801,2
2020-08-26,15:51:45,12801,12801,12801,2
2020-08-26,15:51:49,12800,12800,12800,2
2020-08-26,15:51:50,12800,12800,12800,2
2020-08-26,15:51:56,12800,12800,12800,2
2020-08-26,15:51:56,12800,12800,12800,2
2020-08-26,15:52:08,12801,12801,12801,2
2020-08-26,15:52:16,12801,12801,12801,4
2020-08-26,15:52:16,12800,12800,12800,2
2020-08-26,15:52:18,12801,12801,12801,2
2020-08-26,15:52:20,12801,12801,12801,4
2020-08-26,15:52:21,12800,12800,12800,2
2020-08-26,15:52:21,12800,12800,12800,2
2020-08-26,15:52:21,12800,12800,12800,2
2020-08-26,15:52:21,12800,12800,12800,2
2020-08-26,15:52:21,12800,12800,12800,2
2020-08-26,15:52:21,12800,12800,12800,6
2020-08-26,15:52:21,12800,12800,12800,2
2020-08-26,15:52:21,12800,12800,12800,2
2020-08-26,15:52:21,12800,12800,12800,8
2020-08-26,15:52:21,12800,12800,12800,2
2020-08-26,15:52:21,12800,12800,12800,6
2020-08-26,15:52:21,12800,12800,12800,2
2020-08-26,15:52:21,12800,12800,12800,2
2020-08-26,15:52:21,12799,12799,12799,2
2020-08-26,15:52:21,12799,12799,12799,6
2020-08-26,15:52:21,12799,12799,12799,2
2020-08-26,15:52:22,12798,12798,12798,2
2020-08-26,15:52:22,12800,12800,12800,2
2020-08-26,15:52:25,12799,12799,12799,2
2020-08-26,15:52:26,12800,12800,12800,2
2020-08-26,15:52:31,12799,12799,12799,2
2020-08-26,15:52:38,12799,12799,12799,2
2020-08-26,15:52:38,12798,12798,12798,2
2020-08-26,15:52:41,12798,12798,12798,2
2020-08-26,15:52:47,12798,12798,12798,2
2020-08-26,15:52:48,12799,12799,12799,2
2020-08-26,15:52:52,12798,12798,12798,2
2020-08-26,15:52:52,12798,12798,12798,2
2020-08-26,15:52:52,12798,12798,12798,2
2020-08-26,15:52:52,12798,12798,12798,4
2020-08-26,15:53:00,12798,12798,12798,2
2020-08-26,15:53:00,12798,12798,12798,2
2020-08-26,15:53:01,12797,12797,12797,2
2020-08-26,15:53:01,12797,12797,12797,2
2020-08-26,15:53:01,12797,12797,12797,2
2020-08-26,15:53:08,12799,12799,12799,4
2020-08-26,15:53:10,12798,12798,12798,2
2020-08-26,15:53:17,12799,12799,12799,2
2020-08-26,15:53:18,12798,12798,12798,2
2020-08-26,15:53:18,12798,12798,12798,2
2020-08-26,15:53:24,12799,12799,12799,4
2020-08-26,15:53:24,12799,12799,12799,6
2020-08-26,15:53:24,12799,12799,12799,2
2020-08-26,15:53:34,12800,12800,12800,2
2020-08-26,15:53:36,12800,12800,12800,4
2020-08-26,15:53:44,12801,12801,12801,2
2020-08-26,15:53:49,12802,12802,12802,2
2020-08-26,15:53:53,12801,12801,12801,2
2020-08-26,15:53:53,12801,12801,12801,2
2020-08-26,15:53:53,12801,12801,12801,2
2020-08-26,15:53:53,12802,12802,12802,2
2020-08-26,15:53:53,12802,12802,12802,2
2020-08-26,15:54:02,12801,12801,12801,2
2020-08-26,15:54:06,12802,12802,12802,4
2020-08-26,15:54:20,12802,12802,12802,2
2020-08-26,15:54:20,12803,12803,12803,2
2020-08-26,15:54:24,12802,12802,12802,4
2020-08-26,15:54:29,12802,12802,12802,6
2020-08-26,15:54:31,12803,12803,12803,4
2020-08-26,15:54:32,12802,12802,12802,4
2020-08-26,15:54:32,12802,12802,12802,4
2020-08-26,15:54:32,12802,12802,12802,8
2020-08-26,15:54:32,12802,12802,12802,4
2020-08-26,15:54:32,12802,12802,12802,4
2020-08-26,15:54:33,12801,12801,12801,2
2020-08-26,15:54:33,12801,12801,12801,2
2020-08-26,15:54:43,12801,12801,12801,2
2020-08-26,15:54:44,12802,12802,12802,4
2020-08-26,15:54:45,12801,12801,12801,2
2020-08-26,15:54:46,12802,12802,12802,16
2020-08-26,15:54:46,12802,12802,12802,4
2020-08-26,15:54:47,12801,12801,12801,2
2020-08-26,15:54:49,12801,12801,12801,2
2020-08-26,15:54:50,12801,12801,12801,2
2020-08-26,15:54:52,12801,12801,12801,2
2020-08-26,15:55:02,12801,12801,12801,2
2020-08-26,15:55:02,12801,12801,12801,2
2020-08-26,15:55:02,12801,12801,12801,4
2020-08-26,15:55:04,12801,12801,12801,2
2020-08-26,15:55:06,12801,12801,12801,2
2020-08-26,15:55:16,12802,12802,12802,4
2020-08-26,15:55:24,12801,12801,12801,2
2020-08-26,15:55:32,12801,12801,12801,4
2020-08-26,15:55:32,12800,12800,12800,2
2020-08-26,15:55:36,12801,12801,12801,8
2020-08-26,15:55:36,12801,12801,12801,2
2020-08-26,15:55:36,12801,12801,12801,26
2020-08-26,15:55:40,12802,12802,12802,8
2020-08-26,15:55:45,12801,12801,12801,2
2020-08-26,15:55:45,12801,12801,12801,2
2020-08-26,15:55:45,12801,12801,12801,8
2020-08-26,15:55:45,12801,12801,12801,2
2020-08-26,15:55:45,12801,12801,12801,4
2020-08-26,15:55:45,12801,12801,12801,2
2020-08-26,15:55:57,12801,12801,12801,2
2020-08-26,15:56:14,12801,12801,12801,4
2020-08-26,15:56:28,12802,12802,12802,20
2020-08-26,15:56:30,12802,12802,12802,20
2020-08-26,15:56:30,12801,12801,12801,4
2020-08-26,15:56:30,12801,12801,12801,2
2020-08-26,15:56:34,12801,12801,12801,2
2020-08-26,15:56:34,12800,12800,12800,2
2020-08-26,15:56:34,12800,12800,12800,2
2020-08-26,15:56:37,12800,12800,12800,2
2020-08-26,15:56:38,12799,12799,12799,2
2020-08-26,15:56:43,12800,12800,12800,10
2020-08-26,15:56:43,12800,12800,12800,10
2020-08-26,15:57:09,12800,12800,12800,2
2020-08-26,15:57:10,12801,12801,12801,20
2020-08-26,15:57:31,12801,12801,12801,4
2020-08-26,15:57:34,12802,12802,12802,2
2020-08-26,15:57:35,12801,12801,12801,2
2020-08-26,15:57:36,12801,12801,12801,2
2020-08-26,15:57:40,12802,12802,12802,2
2020-08-26,15:57:40,12802,12802,12802,4
2020-08-26,15:57:40,12802,12802,12802,10
2020-08-26,15:57:40,12802,12802,12802,6
2020-08-26,15:57:58,12801,12801,12801,4
2020-08-26,15:58:11,12800,12800,12800,2
2020-08-26,15:58:12,12800,12800,12800,2
2020-08-26,15:58:35,12801,12801,12801,2
2020-08-26,15:58:39,12801,12801,12801,4
2020-08-26,15:58:50,12801,12801,12801,10
2020-08-26,15:58:51,12802,12802,12802,2
2020-08-26,15:59:28,12801,12801,12801,2
2020-08-26,15:59:53,12802,12802,12802,10
2020-08-26,15:59:59,12800,12800,12800,2
2020-08-26,15:59:59,12800,12800,12800,2
2020-08-26,16:00:00,12801,12801,12801,2
2020-08-26,16:00:00,12800,12800,12800,2
2020-08-26,16:00:00,12800,12800,12800,2
2020-08-26,16:00:00,12800,12800,12800,2
2020-08-26,16:00:00,12800,12800,12800,2
2020-08-26,16:00:00,12800,12800,12800,2
2020-08-26,16:00:00,12802,12802,12802,2
2020-08-26,16:00:00,12802,12802,12802,2
2020-08-26,16:00:00,12802,12802,12802,2
2020-08-26,16:00:01,12802,12802,12802,2
2020-08-26,16:00:01,12803,12803,12803,2
2020-08-26,16:00:01,12803,12803,12803,2
2020-08-26,16:00:01,12801,12801,12801,2
2020-08-26,16:00:01,12801,12801,12801,2
2020-08-26,16:00:01,12801,12801,12801,2
2020-08-26,16:00:01,12801,12801,12801,2
2020-08-26,16:00:01,12803,12803,12803,4
2020-08-26,16:00:05,12802,12802,12802,8
2020-08-26,16:00:05,12802,12802,12802,4
2020-08-26,16:00:19,12801,12801,12801,2
2020-08-26,16:00:19,12801,12801,12801,2
2020-08-26,16:00:29,12802,12802,12802,4
2020-08-26,16:00:33,12802,12802,12802,2
2020-08-26,16:00:33,12801,12801,12801,2
2020-08-26,16:01:21,12802,12802,12802,8
2020-08-26,16:01:22,12803,12803,12803,2
2020-08-26,16:01:24,12802,12802,12802,2
2020-08-26,16:01:32,12802,12802,12802,2
2020-08-26,16:01:51,12802,12802,12802,2
2020-08-26,16:02:30,12802,12802,12802,2
2020-08-26,16:02:31,12802,12802,12802,2
2020-08-26,16:02:39,12803,12803,12803,18
2020-08-26,16:02:40,12803,12803,12803,2
2020-08-26,16:02:43,12804,12804,12804,4
2020-08-26,16:02:57,12805,12805,12805,30
2020-08-26,16:02:57,12805,12805,12805,2
2020-08-26,16:03:01,12806,12806,12806,4
2020-08-26,16:03:02,12806,12806,12806,4
2020-08-26,16:03:02,12806,12806,12806,14
2020-08-26,16:03:02,12806,12806,12806,2
2020-08-26,16:03:02,12806,12806,12806,14
2020-08-26,16:03:04,12806,12806,12806,8
2020-08-26,16:03:05,12805,12805,12805,10
2020-08-26,16:03:07,12804,12804,12804,2
2020-08-26,16:03:11,12803,12803,12803,4
2020-08-26,16:03:11,12803,12803,12803,2
2020-08-26,16:03:11,12803,12803,12803,2
2020-08-26,16:03:42,12803,12803,12803,2
2020-08-26,16:03:42,12803,12803,12803,2
2020-08-26,16:03:47,12802,12802,12802,2
2020-08-26,16:03:56,12802,12802,12802,8
2020-08-26,16:04:06,12802,12802,12802,2
2020-08-26,16:04:06,12802,12802,12802,6
2020-08-26,16:04:06,12801,12801,12801,6
2020-08-26,16:04:06,12801,12801,12801,2
2020-08-26,16:04:06,12801,12801,12801,2
2020-08-26,16:04:06,12801,12801,12801,2
2020-08-26,16:04:06,12801,12801,12801,2
2020-08-26,16:04:06,12801,12801,12801,2
2020-08-26,16:04:06,12801,12801,12801,2
2020-08-26,16:04:06,12801,12801,12801,2
2020-08-26,16:04:06,12802,12802,12802,2
2020-08-26,16:04:11,12800,12800,12800,2
2020-08-26,16:04:11,12800,12800,12800,12
2020-08-26,16:04:11,12800,12800,12800,2
2020-08-26,16:04:11,12799,12799,12799,8
2020-08-26,16:04:11,12800,12800,12800,2
2020-08-26,16:04:13,12799,12799,12799,2
2020-08-26,16:04:15,12798,12798,12798,4
2020-08-26,16:04:22,12798,12798,12798,6
2020-08-26,16:04:22,12798,12798,12798,2
2020-08-26,16:04:22,12798,12798,12798,2
2020-08-26,16:04:32,12797,12797,12797,2
2020-08-26,16:04:34,12797,12797,12797,4
2020-08-26,16:04:34,12797,12797,12797,6
2020-08-26,16:04:34,12797,12797,12797,2
2020-08-26,16:04:36,12797,12797,12797,2
2020-08-26,16:04:42,12796,12796,12796,2
2020-08-26,16:04:43,12796,12796,12796,2
2020-08-26,16:04:43,12796,12796,12796,2
2020-08-26,16:04:47,12796,12796,12796,2
2020-08-26,16:04:48,12796,12796,12796,2
2020-08-26,16:04:49,12796,12796,12796,2
2020-08-26,16:04:50,12796,12796,12796,2
2020-08-26,16:04:50,12796,12796,12796,2
2020-08-26,16:04:50,12796,12796,12796,2
2020-08-26,16:04:51,12796,12796,12796,2
2020-08-26,16:04:51,12796,12796,12796,2
2020-08-26,16:04:51,12795,12795,12795,2
2020-08-26,16:04:51,12795,12795,12795,2
2020-08-26,16:04:51,12795,12795,12795,2
2020-08-26,16:04:52,12795,12795,12795,6
2020-08-26,16:04:52,12795,12795,12795,2
2020-08-26,16:04:52,12795,12795,12795,4
2020-08-26,16:04:52,12795,12795,12795,4
2020-08-26,16:04:52,12795,12795,12795,2
2020-08-26,16:04:52,12795,12795,12795,2
2020-08-26,16:04:52,12795,12795,12795,2
2020-08-26,16:04:52,12795,12795,12795,2
2020-08-26,16:04:52,12795,12795,12795,2
2020-08-26,16:04:53,12795,12795,12795,2
2020-08-26,16:04:54,12796,12796,12796,2
2020-08-26,16:04:55,12795,12795,12795,2
2020-08-26,16:04:57,12796,12796,12796,4
2020-08-26,16:04:59,12795,12795,12795,2
2020-08-26,16:05:01,12795,12795,12795,2
2020-08-26,16:05:01,12795,12795,12795,2
2020-08-26,16:05:01,12795,12795,12795,2
2020-08-26,16:05:01,12795,12795,12795,2
2020-08-26,16:05:01,12795,12795,12795,2
2020-08-26,16:05:01,12795,12795,12795,2
2020-08-26,16:05:01,12795,12795,12795,2
2020-08-26,16:05:01,12795,12795,12795,4
2020-08-26,16:05:01,12795,12795,12795,2
2020-08-26,16:05:01,12795,12795,12795,4
2020-08-26,16:05:01,12795,12795,12795,6
2020-08-26,16:05:01,12795,12795,12795,4
2020-08-26,16:05:01,12795,12795,12795,2
