2019-12-11,15:00:00.081000,11707,11708,11709,45
2019-12-11,15:00:00.217000,11708,11709,11709,1
2019-12-11,15:00:00.321000,11708,11709,11709,1
2019-12-11,15:00:00.347000,11708,11709,11709,7
2019-12-11,15:00:00.490000,11709,11710,11710,1
2019-12-11,15:00:00.717000,11709,11710,11710,1
2019-12-11,15:00:00.782000,11709,11710,11710,1
2019-12-11,15:00:00.922000,11709,11710,11710,1
2019-12-11,15:00:00.926000,11709,11710,11710,1
2019-12-11,15:00:00.937000,11709,11710,11710,1
2019-12-11,15:00:00.937000,11709,11710,11710,1
2019-12-11,15:00:00.937000,11709,11710,11711,9
2019-12-11,15:00:00.944000,11709,11710,11711,1
2019-12-11,15:00:00.988000,11709,11711,11712,1
2019-12-11,15:00:01.159000,11710,11712,11712,7
2019-12-11,15:00:01.377000,11711,11712,11712,2
2019-12-11,15:00:01.448000,11711,11712,11712,1
2019-12-11,15:00:02.170000,11711,11712,11712,2
2019-12-11,15:00:02.173000,11711,11712,11711,1
2019-12-11,15:00:02.649000,11711,11712,11712,2
2019-12-11,15:00:02.909000,11711,11712,11712,1
2019-12-11,15:00:03.046000,11711,11713,11713,1
2019-12-11,15:00:03.059000,11711,11713,11713,1
2019-12-11,15:00:03.087000,11711,11713,11713,1
2019-12-11,15:00:03.100000,11712,11713,11712,1
2019-12-11,15:00:03.541000,11712,11713,11713,1
2019-12-11,15:00:03.559000,11712,11713,11712,1
2019-12-11,15:00:03.559000,11712,11713,11711,1
2019-12-11,15:00:04.619000,11711,11712,11711,2
2019-12-11,15:00:05.226000,11711,11712,11711,1
2019-12-11,15:00:06.025000,11711,11712,11711,1
2019-12-11,15:00:06.994000,11710,11711,11711,1
2019-12-11,15:00:07.719000,11710,11711,11710,5
2019-12-11,15:00:08.133000,11710,11711,11710,1
2019-12-11,15:00:08.751000,11710,11711,11710,1
2019-12-11,15:00:09.014000,11710,11711,11710,2
2019-12-11,15:00:09.091000,11710,11711,11710,2
2019-12-11,15:00:09.681000,11709,11710,11710,1
2019-12-11,15:00:10.179000,11709,11710,11710,4
2019-12-11,15:00:10.179000,11709,11710,11711,10
2019-12-11,15:00:11.294000,11710,11711,11711,2
2019-12-11,15:00:11.356000,11710,11711,11711,1
2019-12-11,15:00:13.368000,11711,11712,11712,1
2019-12-11,15:00:14.808000,11711,11712,11711,1
2019-12-11,15:00:15.018000,11711,11712,11711,1
2019-12-11,15:00:15.633000,11711,11712,11712,2
2019-12-11,15:00:16.035000,11711,11712,11711,3
2019-12-11,15:00:16.035000,11711,11712,11710,2
2019-12-11,15:00:16.832000,11710,11711,11710,1
2019-12-11,15:00:17.462000,11710,11711,11711,1
2019-12-11,15:00:18.681000,11710,11711,11711,1
2019-12-11,15:00:21.268000,11710,11711,11711,1
2019-12-11,15:00:24.591000,11710,11711,11711,1
2019-12-11,15:00:24.911000,11710,11711,11711,1
2019-12-11,15:00:26.456000,11710,11711,11710,1
2019-12-11,15:00:27.115000,11710,11711,11711,1
2019-12-11,15:00:27.121000,11710,11711,11711,1
2019-12-11,15:00:31.553000,11710,11711,11711,5
2019-12-11,15:00:31.607000,11710,11711,11711,7
2019-12-11,15:00:35.137000,11711,11712,11711,1
2019-12-11,15:00:36.860000,11711,11712,11711,1
2019-12-11,15:00:37.547000,11711,11712,11712,1
2019-12-11,15:00:40.474000,11711,11712,11711,3
2019-12-11,15:00:43.419000,11711,11712,11711,1
2019-12-11,15:00:44.393000,11711,11712,11711,1
2019-12-11,15:00:45.396000,11711,11712,11712,2
2019-12-11,15:00:47.063000,11711,11712,11712,1
2019-12-11,15:00:47.494000,11711,11712,11712,2
2019-12-11,15:00:48.592000,11711,11712,11711,1
2019-12-11,15:00:51.012000,11711,11712,11712,1
2019-12-11,15:00:52.052000,11711,11712,11711,1
2019-12-11,15:00:52.846000,11711,11712,11712,1
2019-12-11,15:00:52.981000,11711,11712,11712,23
2019-12-11,15:00:54.716000,11712,11713,11713,1
2019-12-11,15:00:55.191000,11712,11713,11713,2
2019-12-11,15:00:55.252000,11712,11713,11713,1
2019-12-11,15:00:55.591000,11712,11713,11713,1
2019-12-11,15:00:55.591000,11712,11713,11713,1
2019-12-11,15:00:55.983000,11712,11713,11713,26
2019-12-11,15:00:56.221000,11713,11714,11713,1
2019-12-11,15:00:56.423000,11713,11714,11713,1
2019-12-11,15:00:57.357000,11713,11714,11713,1
2019-12-11,15:00:59.069000,11713,11714,11713,2
2019-12-11,15:01:00.095000,11713,11714,11714,2
2019-12-11,15:01:00.101000,11713,11714,11714,1
2019-12-11,15:01:00.103000,11713,11714,11714,2
2019-12-11,15:01:00.583000,11713,11714,11714,4
2019-12-11,15:01:00.951000,11713,11714,11713,1
2019-12-11,15:01:01.131000,11713,11714,11713,1
2019-12-11,15:01:01.322000,11713,11714,11713,1
2019-12-11,15:01:01.367000,11713,11714,11714,1
2019-12-11,15:01:01.367000,11713,11714,11714,1
2019-12-11,15:01:02.372000,11713,11714,11713,1
2019-12-11,15:01:02.483000,11712,11713,11713,1
2019-12-11,15:01:02.525000,11712,11713,11713,2
2019-12-11,15:01:02.672000,11712,11714,11714,1
2019-12-11,15:01:03.197000,11713,11714,11714,2
2019-12-11,15:01:04.490000,11713,11714,11713,6
2019-12-11,15:01:05.156000,11712,11714,11714,1
2019-12-11,15:01:05.645000,11712,11714,11713,1
2019-12-11,15:01:06.130000,11712,11713,11713,1
2019-12-11,15:01:07.486000,11712,11713,11713,5
2019-12-11,15:01:08.298000,11713,11714,11713,1
2019-12-11,15:01:09.452000,11713,11714,11713,1
2019-12-11,15:01:10.187000,11713,11714,11713,1
2019-12-11,15:01:10.373000,11713,11714,11713,1
2019-12-11,15:01:11.185000,11713,11714,11713,1
2019-12-11,15:01:12.487000,11713,11714,11714,16
2019-12-11,15:01:14.837000,11713,11715,11715,1
2019-12-11,15:01:14.906000,11713,11715,11715,1
2019-12-11,15:01:15.040000,11713,11715,11715,1
2019-12-11,15:01:15.070000,11713,11715,11715,1
2019-12-11,15:01:15.481000,11714,11715,11715,30
2019-12-11,15:01:15.558000,11714,11715,11714,10
2019-12-11,15:01:15.719000,11715,11716,11715,2
2019-12-11,15:01:17.234000,11715,11716,11715,1
2019-12-11,15:01:17.514000,11715,11716,11715,1
2019-12-11,15:01:18.002000,11715,11716,11715,1
2019-12-11,15:01:19.183000,11715,11716,11715,1
2019-12-11,15:01:19.232000,11714,11715,11715,1
2019-12-11,15:01:20.002000,11715,11716,11715,1
2019-12-11,15:01:20.387000,11714,11716,11714,2
2019-12-11,15:01:20.815000,11714,11715,11715,1
2019-12-11,15:01:21.023000,11714,11715,11715,3
2019-12-11,15:01:21.354000,11715,11716,11715,1
2019-12-11,15:01:21.474000,11715,11716,11715,1
2019-12-11,15:01:21.729000,11714,11715,11714,1
2019-12-11,15:01:23.119000,11714,11715,11715,1
2019-12-11,15:01:23.933000,11714,11715,11714,1
2019-12-11,15:01:23.977000,11714,11715,11715,1
2019-12-11,15:01:24.099000,11714,11715,11714,1
2019-12-11,15:01:24.508000,11713,11715,11715,26
2019-12-11,15:01:26.239000,11714,11715,11715,9
2019-12-11,15:01:26.672000,11715,11716,11715,1
2019-12-11,15:01:29.685000,11715,11716,11715,1
2019-12-11,15:01:30.714000,11715,11716,11715,1
2019-12-11,15:01:31.432000,11715,11716,11716,1
2019-12-11,15:01:31.800000,11715,11716,11716,7
2019-12-11,15:01:32.848000,11716,11717,11716,1
2019-12-11,15:01:33.661000,11716,11717,11716,3
2019-12-11,15:01:33.862000,11716,11717,11716,6
2019-12-11,15:01:33.931000,11716,11717,11716,1
2019-12-11,15:01:35.414000,11715,11716,11716,1
2019-12-11,15:01:35.902000,11715,11716,11715,1
2019-12-11,15:01:36.100000,11715,11716,11715,8
2019-12-11,15:01:36.216000,11715,11716,11715,8
2019-12-11,15:01:36.216000,11715,11716,11715,4
2019-12-11,15:01:37.185000,11714,11715,11715,2
2019-12-11,15:01:37.386000,11714,11715,11714,1
2019-12-11,15:01:37.604000,11714,11715,11715,2
2019-12-11,15:01:37.681000,11714,11715,11714,1
2019-12-11,15:01:38.083000,11714,11715,11715,2
2019-12-11,15:01:38.348000,11714,11715,11715,5
2019-12-11,15:01:38.811000,11714,11715,11715,1
2019-12-11,15:01:39.515000,11714,11715,11715,1
2019-12-11,15:01:39.647000,11714,11715,11715,1
2019-12-11,15:01:39.898000,11714,11715,11714,1
2019-12-11,15:01:41.070000,11714,11715,11714,4
2019-12-11,15:01:41.091000,11714,11715,11714,1
2019-12-11,15:01:41.607000,11714,11715,11714,1
2019-12-11,15:01:41.634000,11714,11715,11714,1
2019-12-11,15:01:41.693000,11714,11715,11713,3
2019-12-11,15:01:42.495000,11713,11714,11713,1
2019-12-11,15:01:42.512000,11713,11714,11713,1
2019-12-11,15:01:42.660000,11713,11714,11713,1
2019-12-11,15:01:42.665000,11713,11714,11713,3
2019-12-11,15:01:42.716000,11713,11714,11713,1
2019-12-11,15:01:43.249000,11712,11713,11713,5
2019-12-11,15:01:43.865000,11712,11713,11712,1
2019-12-11,15:01:43.977000,11712,11713,11713,3
2019-12-11,15:01:44.367000,11712,11713,11712,4
2019-12-11,15:01:44.375000,11712,11713,11712,1
2019-12-11,15:01:44.487000,11712,11713,11713,1
2019-12-11,15:01:44.587000,11712,11713,11713,1
2019-12-11,15:01:45.338000,11712,11713,11712,2
2019-12-11,15:01:45.405000,11712,11713,11713,4
2019-12-11,15:01:45.494000,11712,11713,11712,1
2019-12-11,15:01:45.873000,11712,11713,11712,1
2019-12-11,15:01:45.930000,11712,11713,11712,1
2019-12-11,15:01:47.078000,11711,11712,11712,1
2019-12-11,15:01:47.780000,11711,11712,11711,2
2019-12-11,15:01:49.801000,11711,11712,11711,1
2019-12-11,15:01:50.637000,11711,11712,11711,2
2019-12-11,15:01:51.092000,11711,11712,11712,1
2019-12-11,15:01:52.141000,11711,11712,11711,2
2019-12-11,15:01:52.359000,11711,11712,11712,1
2019-12-11,15:01:53.323000,11711,11712,11712,1
2019-12-11,15:01:53.760000,11711,11712,11711,4
2019-12-11,15:01:54.148000,11711,11712,11712,2
2019-12-11,15:01:54.464000,11711,11712,11711,1
2019-12-11,15:01:54.877000,11711,11712,11711,1
2019-12-11,15:01:55.254000,11711,11712,11712,1
2019-12-11,15:01:57.202000,11711,11712,11711,1
2019-12-11,15:01:57.842000,11711,11712,11712,2
2019-12-11,15:01:58.815000,11711,11712,11712,1
2019-12-11,15:01:59.880000,11711,11712,11711,2
2019-12-11,15:02:00.790000,11711,11712,11712,1
2019-12-11,15:02:01.175000,11711,11712,11712,1
2019-12-11,15:02:01.725000,11711,11712,11712,5
2019-12-11,15:02:01.836000,11711,11712,11712,4
2019-12-11,15:02:02.312000,11711,11712,11711,1
2019-12-11,15:02:05.979000,11711,11712,11712,17
2019-12-11,15:02:10.897000,11712,11713,11712,1
2019-12-11,15:02:13.022000,11712,11713,11712,4
2019-12-11,15:02:13.912000,11712,11713,11713,1
2019-12-11,15:02:14.928000,11712,11713,11713,1
2019-12-11,15:02:14.982000,11712,11713,11713,7
2019-12-11,15:02:15.764000,11713,11714,11714,1
2019-12-11,15:02:15.826000,11713,11714,11713,1
2019-12-11,15:02:16.498000,11713,11714,11713,1
2019-12-11,15:02:19.983000,11713,11714,11714,5
2019-12-11,15:02:20.402000,11713,11714,11713,1
2019-12-11,15:02:20.515000,11713,11714,11714,1
2019-12-11,15:02:21.471000,11713,11714,11713,1
2019-12-11,15:02:21.992000,11713,11714,11714,1
2019-12-11,15:02:24.307000,11714,11715,11714,1
2019-12-11,15:02:25.023000,11714,11715,11714,2
2019-12-11,15:02:25.358000,11714,11715,11715,1
2019-12-11,15:02:27.259000,11714,11715,11714,9
2019-12-11,15:02:27.359000,11713,11714,11714,13
2019-12-11,15:02:27.564000,11713,11715,11715,1
2019-12-11,15:02:28.038000,11713,11715,11714,1
2019-12-11,15:02:28.474000,11713,11714,11714,1
2019-12-11,15:02:29.434000,11713,11714,11714,1
2019-12-11,15:02:29.482000,11713,11714,11714,1
2019-12-11,15:02:30.185000,11714,11715,11714,1
2019-12-11,15:02:30.788000,11714,11715,11715,2
2019-12-11,15:02:37.428000,11714,11715,11714,1
2019-12-11,15:02:38.357000,11714,11715,11715,19
2019-12-11,15:02:39.335000,11715,11716,11715,1
2019-12-11,15:02:39.467000,11715,11716,11716,1
2019-12-11,15:02:39.645000,11715,11716,11716,1
2019-12-11,15:02:40.425000,11715,11716,11715,5
2019-12-11,15:02:40.608000,11715,11716,11716,1
2019-12-11,15:02:41.077000,11715,11716,11716,1
2019-12-11,15:02:41.776000,11715,11716,11716,1
2019-12-11,15:02:42.018000,11715,11716,11715,2
2019-12-11,15:02:42.333000,11715,11716,11715,1
2019-12-11,15:02:44.684000,11715,11716,11716,1
2019-12-11,15:02:44.854000,11715,11716,11716,1
2019-12-11,15:02:44.945000,11715,11716,11715,2
2019-12-11,15:02:45.409000,11715,11716,11715,1
2019-12-11,15:02:45.520000,11715,11716,11715,1
2019-12-11,15:02:45.730000,11715,11716,11715,1
2019-12-11,15:02:46.061000,11715,11716,11715,1
2019-12-11,15:02:46.557000,11715,11716,11716,1
2019-12-11,15:02:47.986000,11715,11716,11715,5
2019-12-11,15:02:49.982000,11714,11715,11715,1
2019-12-11,15:02:57.023000,11714,11715,11715,2
2019-12-11,15:02:58.864000,11714,11715,11714,1
2019-12-11,15:03:01.027000,11714,11715,11715,10
2019-12-11,15:03:01.320000,11715,11716,11715,1
2019-12-11,15:03:02.220000,11715,11716,11715,1
2019-12-11,15:03:03.122000,11715,11716,11716,1
2019-12-11,15:03:03.223000,11715,11716,11716,2
2019-12-11,15:03:03.224000,11715,11716,11716,2
2019-12-11,15:03:03.229000,11715,11716,11716,2
2019-12-11,15:03:03.231000,11715,11716,11716,2
2019-12-11,15:03:03.232000,11715,11716,11716,1
2019-12-11,15:03:03.232000,11715,11716,11716,2
2019-12-11,15:03:03.235000,11715,11716,11716,2
2019-12-11,15:03:03.235000,11715,11716,11716,2
2019-12-11,15:03:03.236000,11715,11716,11716,1
2019-12-11,15:03:03.449000,11715,11716,11715,1
2019-12-11,15:03:04.081000,11715,11716,11716,2
2019-12-11,15:03:04.232000,11715,11716,11716,19
2019-12-11,15:03:04.406000,11715,11717,11716,1
2019-12-11,15:03:10.296000,11716,11717,11717,1
2019-12-11,15:03:10.442000,11716,11717,11717,1
2019-12-11,15:03:10.764000,11716,11717,11717,4
2019-12-11,15:03:10.768000,11716,11717,11717,2
2019-12-11,15:03:11.115000,11716,11717,11717,1
2019-12-11,15:03:11.628000,11716,11717,11716,1
2019-12-11,15:03:15.857000,11716,11717,11717,3
2019-12-11,15:03:16.492000,11716,11717,11716,1
2019-12-11,15:03:19.078000,11716,11717,11717,5
2019-12-11,15:03:19.107000,11716,11717,11717,1
2019-12-11,15:03:21.539000,11717,11718,11718,1
2019-12-11,15:03:21.651000,11717,11718,11718,1
2019-12-11,15:03:21.766000,11717,11718,11718,1
2019-12-11,15:03:21.779000,11717,11718,11718,1
2019-12-11,15:03:21.837000,11717,11718,11718,2
2019-12-11,15:03:21.946000,11717,11718,11717,1
2019-12-11,15:03:21.987000,11717,11718,11718,1
2019-12-11,15:03:22.351000,11717,11718,11718,2
2019-12-11,15:03:25.538000,11717,11718,11717,1
2019-12-11,15:03:27.212000,11717,11718,11718,1
2019-12-11,15:03:28.877000,11717,11718,11717,1
2019-12-11,15:03:30.264000,11717,11718,11718,5
2019-12-11,15:03:31.174000,11717,11718,11718,1
2019-12-11,15:03:31.725000,11717,11718,11717,1
2019-12-11,15:03:32.249000,11717,11718,11718,2
2019-12-11,15:03:32.809000,11717,11718,11718,1
2019-12-11,15:03:34.354000,11717,11718,11717,3
2019-12-11,15:03:34.976000,11717,11718,11717,1
2019-12-11,15:03:37.444000,11717,11718,11718,1
2019-12-11,15:03:39.139000,11717,11718,11718,5
2019-12-11,15:03:40.368000,11717,11718,11717,3
2019-12-11,15:03:40.734000,11717,11718,11718,3
2019-12-11,15:03:41.905000,11717,11718,11718,1
2019-12-11,15:03:42.298000,11717,11718,11717,6
2019-12-11,15:03:45.143000,11717,11718,11718,3
2019-12-11,15:03:46.071000,11717,11718,11718,1
2019-12-11,15:03:46.292000,11717,11718,11717,1
2019-12-11,15:03:46.540000,11717,11718,11718,1
2019-12-11,15:03:49.400000,11717,11718,11717,2
2019-12-11,15:03:49.552000,11717,11718,11718,1
2019-12-11,15:03:50.046000,11717,11718,11717,1
2019-12-11,15:03:51.673000,11717,11718,11718,1
2019-12-11,15:03:53.702000,11717,11718,11718,1
2019-12-11,15:03:53.759000,11717,11718,11718,26
2019-12-11,15:03:55.613000,11718,11719,11719,1
2019-12-11,15:03:55.790000,11718,11719,11719,4
2019-12-11,15:03:55.852000,11718,11719,11719,1
2019-12-11,15:03:55.906000,11718,11719,11718,1
2019-12-11,15:03:56.658000,11718,11719,11719,1
2019-12-11,15:03:56.940000,11718,11719,11718,1
2019-12-11,15:03:57.299000,11718,11719,11719,4
2019-12-11,15:03:58.673000,11718,11719,11718,15
2019-12-11,15:03:58.894000,11717,11718,11718,1
2019-12-11,15:04:02.973000,11717,11718,11718,2
2019-12-11,15:04:03.260000,11717,11718,11718,1
2019-12-11,15:04:03.855000,11717,11718,11718,4
2019-12-11,15:04:05.864000,11717,11718,11718,1
2019-12-11,15:04:05.926000,11717,11718,11718,4
2019-12-11,15:04:06.351000,11717,11718,11718,1
2019-12-11,15:04:08.742000,11717,11718,11718,1
2019-12-11,15:04:09.585000,11717,11718,11718,2
2019-12-11,15:04:12.426000,11717,11718,11718,1
2019-12-11,15:04:13.960000,11718,11719,11718,1
2019-12-11,15:04:19.694000,11718,11719,11718,2
2019-12-11,15:04:19.866000,11718,11719,11718,1
2019-12-11,15:04:24.537000,11718,11719,11719,1
2019-12-11,15:04:25.640000,11718,11719,11719,1
2019-12-11,15:04:25.657000,11718,11719,11719,1
2019-12-11,15:04:25.676000,11718,11719,11719,1
2019-12-11,15:04:25.733000,11718,11719,11719,1
2019-12-11,15:04:25.854000,11718,11719,11719,2
2019-12-11,15:04:25.894000,11718,11719,11719,1
2019-12-11,15:04:27.281000,11718,11719,11719,1
2019-12-11,15:04:29.298000,11718,11719,11719,1
2019-12-11,15:04:29.303000,11718,11719,11719,1
2019-12-11,15:04:29.313000,11718,11719,11719,1
2019-12-11,15:04:29.317000,11718,11719,11719,1
2019-12-11,15:04:29.435000,11718,11719,11719,1
2019-12-11,15:04:29.468000,11718,11719,11719,1
2019-12-11,15:04:29.521000,11718,11719,11719,1
2019-12-11,15:04:30.787000,11718,11719,11719,2
2019-12-11,15:04:30.817000,11718,11719,11719,2
2019-12-11,15:04:32.417000,11718,11719,11719,1
2019-12-11,15:04:33.733000,11718,11719,11719,2
2019-12-11,15:04:33.740000,11718,11719,11719,1
2019-12-11,15:04:33.788000,11718,11719,11719,1
2019-12-11,15:04:33.819000,11718,11719,11719,1
2019-12-11,15:04:34.030000,11718,11719,11719,2
2019-12-11,15:04:34.134000,11718,11719,11719,1
2019-12-11,15:04:34.143000,11718,11719,11719,1
2019-12-11,15:04:34.609000,11718,11719,11719,2
2019-12-11,15:04:35.593000,11718,11719,11719,9
2019-12-11,15:04:36.130000,11718,11719,11718,1
2019-12-11,15:04:38.083000,11718,11719,11718,1
2019-12-11,15:04:38.742000,11718,11719,11719,1
2019-12-11,15:04:38.775000,11718,11719,11719,1
2019-12-11,15:04:38.777000,11718,11719,11719,1
2019-12-11,15:04:38.783000,11718,11719,11719,1
2019-12-11,15:04:38.828000,11718,11719,11719,1
2019-12-11,15:04:38.974000,11718,11719,11719,1
2019-12-11,15:04:39.009000,11718,11719,11719,1
2019-12-11,15:04:39.091000,11718,11719,11719,1
2019-12-11,15:04:39.091000,11718,11719,11719,1
2019-12-11,15:04:39.841000,11718,11719,11719,3
2019-12-11,15:04:39.966000,11718,11719,11719,13
2019-12-11,15:04:39.966000,11718,11719,11719,3
2019-12-11,15:04:40.696000,11719,11720,11719,1
2019-12-11,15:04:42.143000,11719,11720,11720,4
2019-12-11,15:04:42.600000,11719,11720,11720,1
2019-12-11,15:04:42.805000,11719,11720,11719,1
2019-12-11,15:04:43.432000,11719,11720,11719,2
2019-12-11,15:04:43.808000,11719,11720,11719,1
2019-12-11,15:04:44.864000,11719,11720,11720,1
2019-12-11,15:04:45.257000,11719,11720,11720,1
2019-12-11,15:04:45.322000,11719,11720,11720,1
2019-12-11,15:04:45.567000,11719,11720,11720,2
2019-12-11,15:04:45.716000,11719,11720,11720,1
2019-12-11,15:04:45.758000,11719,11720,11719,1
2019-12-11,15:04:46.342000,11719,11720,11720,2
2019-12-11,15:04:46.343000,11719,11720,11720,1
2019-12-11,15:04:46.345000,11719,11720,11720,1
2019-12-11,15:04:46.476000,11719,11720,11720,1
2019-12-11,15:04:46.483000,11719,11720,11720,22
2019-12-11,15:04:46.586000,11719,11720,11721,1
2019-12-11,15:04:46.601000,11719,11721,11721,1
2019-12-11,15:04:47.172000,11720,11721,11720,20
2019-12-11,15:04:47.172000,11720,11721,11719,9
2019-12-11,15:04:49.449000,11719,11720,11720,1
2019-12-11,15:04:49.526000,11719,11720,11720,1
2019-12-11,15:04:49.603000,11719,11720,11720,1
2019-12-11,15:04:49.609000,11719,11720,11720,1
2019-12-11,15:04:49.644000,11719,11720,11720,1
2019-12-11,15:04:49.778000,11719,11720,11720,1
2019-12-11,15:04:50.060000,11719,11720,11720,1
2019-12-11,15:04:51.087000,11719,11720,11720,1
2019-12-11,15:04:52.738000,11719,11720,11720,1
2019-12-11,15:04:54.107000,11719,11720,11720,1
2019-12-11,15:04:55.545000,11719,11720,11720,2
2019-12-11,15:04:55.950000,11719,11720,11720,2
2019-12-11,15:04:56.136000,11719,11720,11720,1
2019-12-11,15:04:57.039000,11719,11720,11720,2
2019-12-11,15:04:57.137000,11719,11720,11720,2
2019-12-11,15:04:57.324000,11719,11720,11720,1
2019-12-11,15:04:57.328000,11719,11720,11720,1
2019-12-11,15:04:57.331000,11719,11720,11720,1
2019-12-11,15:04:57.447000,11719,11720,11720,1
2019-12-11,15:04:57.562000,11719,11720,11720,1
2019-12-11,15:04:57.987000,11719,11720,11720,2
2019-12-11,15:04:58.773000,11719,11720,11720,2
2019-12-11,15:05:00.559000,11719,11720,11720,16
2019-12-11,15:05:00.807000,11719,11720,11719,1
2019-12-11,15:05:01.470000,11719,11720,11720,1
2019-12-11,15:05:01.493000,11719,11720,11720,2
2019-12-11,15:05:01.508000,11719,11720,11720,1
2019-12-11,15:05:01.510000,11719,11720,11720,1
2019-12-11,15:05:01.591000,11719,11720,11720,1
2019-12-11,15:05:01.598000,11719,11720,11720,2
2019-12-11,15:05:01.600000,11719,11720,11720,2
2019-12-11,15:05:01.600000,11719,11720,11720,1
2019-12-11,15:05:01.600000,11719,11720,11720,1
2019-12-11,15:05:01.601000,11719,11720,11720,1
2019-12-11,15:05:01.601000,11719,11720,11720,1
2019-12-11,15:05:01.602000,11719,11720,11720,1
2019-12-11,15:05:01.602000,11719,11720,11720,1
2019-12-11,15:05:01.602000,11719,11720,11720,1
2019-12-11,15:05:01.602000,11719,11720,11721,1
2019-12-11,15:05:01.602000,11719,11720,11721,1
2019-12-11,15:05:01.603000,11719,11720,11721,1
2019-12-11,15:05:01.609000,11719,11720,11721,1
2019-12-11,15:05:01.610000,11719,11720,11721,1
2019-12-11,15:05:01.610000,11719,11720,11721,1
2019-12-11,15:05:01.611000,11719,11720,11721,1
2019-12-11,15:05:01.811000,11719,11721,11721,1
2019-12-11,15:05:01.945000,11720,11721,11721,1
2019-12-11,15:05:02.005000,11720,11721,11721,1
2019-12-11,15:05:02.118000,11720,11721,11721,1
2019-12-11,15:05:02.208000,11720,11721,11720,6
2019-12-11,15:05:02.278000,11720,11721,11721,1
2019-12-11,15:05:02.357000,11720,11721,11721,53
2019-12-11,15:05:02.424000,11720,11721,11721,1
2019-12-11,15:05:02.466000,11720,11721,11721,2
2019-12-11,15:05:02.466000,11720,11721,11721,1
2019-12-11,15:05:02.466000,11720,11721,11721,2
2019-12-11,15:05:02.483000,11720,11721,11721,4
2019-12-11,15:05:02.600000,11721,11722,11722,1
2019-12-11,15:05:02.756000,11721,11722,11722,1
2019-12-11,15:05:02.758000,11721,11722,11722,8
2019-12-11,15:05:02.766000,11721,11722,11722,5
2019-12-11,15:05:02.766000,11721,11722,11723,3
2019-12-11,15:05:02.771000,11721,11722,11723,1
2019-12-11,15:05:02.798000,11721,11722,11721,1
2019-12-11,15:05:02.799000,11721,11722,11722,1
2019-12-11,15:05:02.981000,11721,11723,11723,1
2019-12-11,15:05:03.311000,11722,11723,11723,1
2019-12-11,15:05:03.666000,11722,11723,11723,1
2019-12-11,15:05:03.717000,11722,11723,11723,5
2019-12-11,15:05:03.919000,11722,11723,11722,1
2019-12-11,15:05:04.206000,11722,11723,11722,1
2019-12-11,15:05:04.648000,11722,11723,11722,1
2019-12-11,15:05:05.044000,11722,11723,11722,2
2019-12-11,15:05:05.384000,11722,11723,11723,1
2019-12-11,15:05:05.406000,11722,11723,11723,1
2019-12-11,15:05:05.410000,11722,11723,11723,1
2019-12-11,15:05:05.509000,11722,11723,11723,1
2019-12-11,15:05:05.606000,11722,11723,11722,1
2019-12-11,15:05:05.654000,11722,11723,11723,1
2019-12-11,15:05:05.868000,11722,11723,11723,1
2019-12-11,15:05:07.463000,11722,11723,11722,2
2019-12-11,15:05:08.414000,11722,11723,11722,1
2019-12-11,15:05:08.582000,11722,11723,11722,5
2019-12-11,15:05:09.240000,11722,11723,11722,3
2019-12-11,15:05:09.366000,11722,11723,11722,2
2019-12-11,15:05:09.800000,11722,11723,11723,1
2019-12-11,15:05:10.079000,11722,11723,11723,1
2019-12-11,15:05:10.452000,11722,11723,11722,1
2019-12-11,15:05:10.771000,11722,11723,11723,3
2019-12-11,15:05:10.844000,11722,11723,11723,1
2019-12-11,15:05:11.188000,11722,11723,11723,1
2019-12-11,15:05:11.885000,11722,11723,11723,2
2019-12-11,15:05:12.134000,11722,11723,11723,5
2019-12-11,15:05:12.327000,11722,11723,11723,1
2019-12-11,15:05:12.327000,11722,11723,11723,1
2019-12-11,15:05:12.335000,11722,11723,11723,1
2019-12-11,15:05:12.341000,11722,11723,11723,2
2019-12-11,15:05:12.934000,11723,11724,11724,2
2019-12-11,15:05:13.097000,11723,11724,11723,1
2019-12-11,15:05:13.181000,11723,11724,11723,1
2019-12-11,15:05:13.421000,11723,11724,11724,2
2019-12-11,15:05:13.626000,11723,11724,11724,1
2019-12-11,15:05:13.650000,11723,11724,11724,1
2019-12-11,15:05:13.725000,11723,11724,11723,20
2019-12-11,15:05:13.807000,11723,11724,11724,2
2019-12-11,15:05:14.039000,11723,11724,11724,1
2019-12-11,15:05:14.480000,11723,11724,11724,1
2019-12-11,15:05:14.537000,11723,11724,11724,1
2019-12-11,15:05:15.219000,11723,11724,11724,3
2019-12-11,15:05:17.164000,11723,11725,11723,1
2019-12-11,15:05:17.216000,11724,11725,11724,1
2019-12-11,15:05:18.043000,11723,11724,11724,1
2019-12-11,15:05:18.366000,11723,11724,11724,1
2019-12-11,15:05:18.597000,11723,11724,11724,3
2019-12-11,15:05:18.824000,11723,11724,11724,1
2019-12-11,15:05:19.011000,11724,11725,11724,1
2019-12-11,15:05:20.245000,11723,11725,11723,1
2019-12-11,15:05:20.448000,11723,11725,11725,2
2019-12-11,15:05:20.511000,11723,11725,11725,5
2019-12-11,15:05:20.517000,11723,11725,11725,5
2019-12-11,15:05:20.522000,11723,11725,11725,5
2019-12-11,15:05:20.528000,11723,11725,11725,5
2019-12-11,15:05:20.589000,11723,11725,11725,1
2019-12-11,15:05:20.598000,11723,11725,11725,1
2019-12-11,15:05:20.612000,11723,11725,11725,5
2019-12-11,15:05:20.619000,11723,11725,11725,4
2019-12-11,15:05:20.668000,11723,11725,11725,1
2019-12-11,15:05:20.691000,11723,11725,11725,5
2019-12-11,15:05:20.699000,11723,11725,11726,5
2019-12-11,15:05:20.725000,11724,11726,11726,5
2019-12-11,15:05:20.734000,11724,11726,11726,5
2019-12-11,15:05:20.736000,11724,11726,11726,1
2019-12-11,15:05:20.772000,11724,11726,11726,5
2019-12-11,15:05:20.779000,11724,11726,11726,4
2019-12-11,15:05:20.779000,11724,11726,11727,1
2019-12-11,15:05:20.886000,11725,11726,11726,7
2019-12-11,15:05:20.900000,11725,11726,11727,1
2019-12-11,15:05:21.299000,11725,11726,11726,1
2019-12-11,15:05:21.372000,11725,11726,11725,1
2019-12-11,15:05:21.747000,11725,11726,11725,1
2019-12-11,15:05:21.884000,11725,11726,11725,2
2019-12-11,15:05:22.311000,11725,11726,11725,1
2019-12-11,15:05:25.097000,11725,11726,11726,1
2019-12-11,15:05:25.399000,11725,11726,11725,1
2019-12-11,15:05:25.766000,11724,11725,11725,2
2019-12-11,15:05:26.734000,11724,11725,11725,2
2019-12-11,15:05:27.472000,11724,11725,11725,1
2019-12-11,15:05:27.615000,11724,11725,11725,1
2019-12-11,15:05:27.686000,11724,11725,11725,1
2019-12-11,15:05:27.887000,11724,11725,11724,1
2019-12-11,15:05:27.930000,11724,11725,11725,1
2019-12-11,15:05:27.955000,11724,11725,11725,2
2019-12-11,15:05:28.807000,11724,11725,11725,3
2019-12-11,15:05:29.581000,11724,11725,11725,2
2019-12-11,15:05:29.973000,11724,11725,11725,2
2019-12-11,15:05:30.148000,11724,11725,11725,1
2019-12-11,15:05:31.453000,11725,11726,11725,2
2019-12-11,15:05:32.794000,11725,11726,11725,1
2019-12-11,15:05:33.291000,11725,11726,11726,2
2019-12-11,15:05:33.491000,11725,11726,11726,1
2019-12-11,15:05:33.502000,11725,11726,11726,1
2019-12-11,15:05:33.507000,11725,11726,11725,3
2019-12-11,15:05:33.561000,11725,11726,11726,1
2019-12-11,15:05:33.611000,11725,11726,11726,1
2019-12-11,15:05:33.682000,11725,11726,11725,1
2019-12-11,15:05:33.758000,11725,11726,11726,1
2019-12-11,15:05:34.336000,11725,11726,11726,1
2019-12-11,15:05:34.526000,11725,11727,11725,1
2019-12-11,15:05:34.931000,11725,11726,11725,1
2019-12-11,15:05:35.289000,11725,11726,11725,5
2019-12-11,15:05:36.991000,11725,11726,11726,3
2019-12-11,15:05:37.734000,11725,11726,11726,1
2019-12-11,15:05:38.347000,11725,11726,11726,1
2019-12-11,15:05:38.355000,11725,11726,11726,1
2019-12-11,15:05:38.359000,11725,11726,11726,1
2019-12-11,15:05:38.363000,11725,11726,11726,1
2019-12-11,15:05:38.364000,11725,11726,11726,1
2019-12-11,15:05:38.661000,11725,11726,11726,2
2019-12-11,15:05:38.678000,11725,11726,11726,1
2019-12-11,15:05:38.724000,11725,11726,11726,3
2019-12-11,15:05:39.021000,11725,11726,11725,1
2019-12-11,15:05:39.367000,11725,11726,11725,1
2019-12-11,15:05:39.622000,11725,11726,11725,1
2019-12-11,15:05:39.665000,11725,11726,11726,1
2019-12-11,15:05:39.939000,11725,11726,11726,1
2019-12-11,15:05:40.119000,11725,11726,11725,2
2019-12-11,15:05:40.260000,11725,11726,11725,1
2019-12-11,15:05:41.278000,11725,11726,11725,1
2019-12-11,15:05:41.866000,11725,11726,11726,1
2019-12-11,15:05:42.122000,11725,11726,11725,1
2019-12-11,15:05:44.312000,11725,11726,11725,1
2019-12-11,15:05:44.485000,11725,11726,11726,1
2019-12-11,15:05:44.771000,11725,11726,11726,2
2019-12-11,15:05:44.794000,11725,11726,11725,3
2019-12-11,15:05:44.931000,11725,11726,11725,12
2019-12-11,15:05:45.164000,11725,11726,11726,1
2019-12-11,15:05:45.351000,11725,11726,11726,1
2019-12-11,15:05:45.351000,11725,11726,11726,2
2019-12-11,15:05:45.352000,11725,11726,11726,1
2019-12-11,15:05:45.445000,11725,11726,11726,1
2019-12-11,15:05:45.493000,11725,11726,11726,1
2019-12-11,15:05:45.517000,11725,11726,11726,1
2019-12-11,15:05:45.576000,11725,11726,11726,1
2019-12-11,15:05:46.531000,11725,11726,11726,1
2019-12-11,15:05:47.079000,11725,11726,11725,1
2019-12-11,15:05:49.321000,11725,11726,11726,8
2019-12-11,15:05:50.532000,11725,11726,11726,1
2019-12-11,15:05:52.359000,11725,11726,11725,1
2019-12-11,15:05:53.329000,11725,11726,11725,1
2019-12-11,15:05:54.540000,11725,11726,11726,1
2019-12-11,15:05:57.873000,11725,11726,11726,1
2019-12-11,15:05:58.553000,11725,11726,11725,2
2019-12-11,15:05:58.677000,11725,11726,11725,3
2019-12-11,15:06:00.465000,11725,11726,11725,4
2019-12-11,15:06:00.891000,11725,11726,11726,5
2019-12-11,15:06:01.732000,11725,11726,11726,1
2019-12-11,15:06:02.404000,11725,11726,11725,4
2019-12-11,15:06:03.058000,11725,11726,11726,3
2019-12-11,15:06:03.482000,11725,11726,11725,1
2019-12-11,15:06:04.150000,11725,11726,11725,1
2019-12-11,15:06:05.500000,11725,11726,11726,4
2019-12-11,15:06:06.196000,11725,11726,11725,1
2019-12-11,15:06:07.712000,11725,11726,11726,4
2019-12-11,15:06:07.976000,11725,11726,11725,1
2019-12-11,15:06:08.527000,11725,11726,11726,1
2019-12-11,15:06:08.785000,11725,11726,11726,1
2019-12-11,15:06:09.882000,11725,11726,11726,1
2019-12-11,15:06:09.905000,11725,11726,11726,1
2019-12-11,15:06:13.398000,11725,11726,11726,2
2019-12-11,15:06:15.267000,11725,11726,11725,2
2019-12-11,15:06:17.685000,11725,11726,11725,1
2019-12-11,15:06:18.227000,11725,11726,11725,1
2019-12-11,15:06:18.448000,11725,11726,11726,1
2019-12-11,15:06:19.138000,11725,11726,11725,1
2019-12-11,15:06:21.659000,11725,11726,11725,1
2019-12-11,15:06:22.048000,11725,11726,11726,1
2019-12-11,15:06:22.289000,11725,11726,11726,1
2019-12-11,15:06:22.330000,11725,11726,11725,1
2019-12-11,15:06:23.140000,11725,11726,11726,1
2019-12-11,15:06:24.400000,11725,11726,11725,1
2019-12-11,15:06:24.738000,11725,11726,11725,1
2019-12-11,15:06:26.993000,11725,11726,11725,1
2019-12-11,15:06:27.009000,11725,11726,11726,2
2019-12-11,15:06:28.381000,11725,11726,11726,1
2019-12-11,15:06:28.833000,11725,11726,11726,1
2019-12-11,15:06:29.483000,11725,11726,11726,3
2019-12-11,15:06:31.803000,11725,11726,11725,1
2019-12-11,15:06:32.355000,11725,11726,11725,1
2019-12-11,15:06:32.680000,11725,11726,11726,1
2019-12-11,15:06:32.744000,11725,11726,11726,43
2019-12-11,15:06:32.841000,11725,11726,11726,3
2019-12-11,15:06:32.841000,11725,11726,11726,3
2019-12-11,15:06:32.841000,11725,11726,11726,5
2019-12-11,15:06:32.967000,11726,11727,11726,1
2019-12-11,15:06:34.493000,11726,11727,11726,1
2019-12-11,15:06:35.004000,11726,11727,11727,1
2019-12-11,15:06:35.230000,11726,11727,11727,1
2019-12-11,15:06:35.933000,11726,11727,11726,1
2019-12-11,15:06:36.139000,11726,11727,11726,2
2019-12-11,15:06:36.144000,11726,11727,11727,1
2019-12-11,15:06:36.215000,11726,11727,11727,2
2019-12-11,15:06:36.999000,11726,11727,11726,1
2019-12-11,15:06:38.274000,11726,11727,11726,1
2019-12-11,15:06:38.423000,11726,11727,11726,1
2019-12-11,15:06:38.538000,11726,11727,11727,1
2019-12-11,15:06:38.689000,11726,11727,11726,1
2019-12-11,15:06:38.963000,11726,11727,11727,1
2019-12-11,15:06:39.024000,11726,11727,11726,1
2019-12-11,15:06:39.317000,11726,11727,11727,4
2019-12-11,15:06:39.550000,11726,11727,11726,3
2019-12-11,15:06:39.613000,11726,11727,11726,1
2019-12-11,15:06:39.775000,11726,11727,11726,1
2019-12-11,15:06:39.939000,11726,11727,11726,1
2019-12-11,15:06:39.980000,11726,11727,11727,7
2019-12-11,15:06:39.980000,11726,11727,11727,1
2019-12-11,15:06:40.391000,11726,11727,11726,1
2019-12-11,15:06:40.943000,11726,11727,11726,1
2019-12-11,15:06:41.608000,11726,11727,11727,2
2019-12-11,15:06:43.875000,11726,11727,11727,3
2019-12-11,15:06:44.914000,11726,11727,11727,1
2019-12-11,15:06:45.675000,11726,11727,11726,5
2019-12-11,15:06:45.858000,11726,11727,11726,1
2019-12-11,15:06:46.356000,11726,11727,11726,5
2019-12-11,15:06:46.720000,11726,11727,11727,2
2019-12-11,15:06:47.382000,11726,11727,11726,1
2019-12-11,15:06:48.604000,11726,11727,11727,2
2019-12-11,15:06:48.621000,11726,11727,11726,2
2019-12-11,15:06:49.771000,11726,11727,11727,1
2019-12-11,15:06:50.411000,11726,11727,11726,1
2019-12-11,15:06:50.856000,11726,11727,11726,1
2019-12-11,15:06:51.893000,11726,11727,11726,1
2019-12-11,15:06:52.246000,11726,11727,11726,1
2019-12-11,15:06:52.934000,11726,11727,11726,6
2019-12-11,15:06:52.966000,11725,11726,11726,6
2019-12-11,15:06:53.090000,11725,11726,11725,4
2019-12-11,15:06:53.651000,11725,11726,11726,1
2019-12-11,15:06:55.292000,11725,11726,11726,2
2019-12-11,15:06:56.957000,11725,11727,11727,3
2019-12-11,15:06:58.040000,11726,11727,11726,1
2019-12-11,15:06:59.561000,11725,11727,11725,1
2019-12-11,15:07:00.738000,11726,11727,11726,1
2019-12-11,15:07:00.917000,11725,11726,11726,1
2019-12-11,15:07:01.385000,11725,11726,11726,1
2019-12-11,15:07:01.875000,11725,11726,11726,1
2019-12-11,15:07:02.078000,11726,11727,11726,1
2019-12-11,15:07:02.078000,11726,11727,11725,3
2019-12-11,15:07:02.973000,11725,11726,11726,1
2019-12-11,15:07:03.020000,11725,11726,11726,1
2019-12-11,15:07:06.957000,11725,11726,11726,4
2019-12-11,15:07:07.478000,11725,11726,11726,2
2019-12-11,15:07:07.818000,11725,11727,11727,1
2019-12-11,15:07:07.880000,11725,11727,11727,4
2019-12-11,15:07:08.090000,11726,11727,11727,1
2019-12-11,15:07:08.239000,11726,11727,11727,1
2019-12-11,15:07:08.498000,11726,11727,11727,1
2019-12-11,15:07:09.170000,11726,11727,11726,2
2019-12-11,15:07:12.135000,11725,11726,11725,3
2019-12-11,15:07:13.740000,11725,11726,11726,1
2019-12-11,15:07:14.416000,11725,11726,11726,1
2019-12-11,15:07:15.072000,11725,11726,11725,1
2019-12-11,15:07:15.433000,11725,11726,11726,1
2019-12-11,15:07:16.529000,11725,11726,11726,5
2019-12-11,15:07:19.893000,11725,11726,11725,2
2019-12-11,15:07:20.095000,11725,11726,11725,2
2019-12-11,15:07:20.165000,11725,11726,11725,1
2019-12-11,15:07:20.216000,11725,11726,11725,21
2019-12-11,15:07:20.217000,11725,11726,11725,20
2019-12-11,15:07:20.341000,11725,11726,11725,5
2019-12-11,15:07:20.341000,11725,11726,11725,1
2019-12-11,15:07:20.469000,11724,11725,11725,2
2019-12-11,15:07:21.681000,11724,11725,11724,1
2019-12-11,15:07:22.264000,11724,11725,11725,1
2019-12-11,15:07:22.753000,11724,11725,11724,1
2019-12-11,15:07:23.747000,11724,11725,11724,2
2019-12-11,15:07:23.952000,11724,11725,11724,4
2019-12-11,15:07:24.967000,11724,11725,11725,1
2019-12-11,15:07:26.100000,11724,11725,11724,1
2019-12-11,15:07:27.014000,11724,11725,11724,1
2019-12-11,15:07:28.042000,11724,11725,11724,2
2019-12-11,15:07:30.615000,11724,11725,11724,1
2019-12-11,15:07:35.107000,11724,11725,11724,1
2019-12-11,15:07:35.193000,11724,11725,11724,10
2019-12-11,15:07:35.231000,11724,11725,11724,1
2019-12-11,15:07:35.258000,11724,11725,11724,2
2019-12-11,15:07:35.258000,11724,11725,11724,1
2019-12-11,15:07:35.258000,11724,11725,11724,1
2019-12-11,15:07:38.362000,11723,11724,11724,1
2019-12-11,15:07:39.083000,11723,11724,11724,1
2019-12-11,15:07:40.283000,11723,11724,11723,2
2019-12-11,15:07:40.476000,11723,11724,11724,2
2019-12-11,15:07:40.518000,11723,11724,11723,2
2019-12-11,15:07:40.754000,11723,11724,11723,1
2019-12-11,15:07:41.046000,11723,11724,11724,1
2019-12-11,15:07:42.003000,11723,11724,11723,1
2019-12-11,15:07:42.278000,11723,11724,11724,2
2019-12-11,15:07:43.638000,11723,11724,11723,1
2019-12-11,15:07:43.899000,11723,11724,11724,1
2019-12-11,15:07:44.181000,11723,11724,11723,1
2019-12-11,15:07:45.847000,11723,11724,11723,1
2019-12-11,15:07:49.584000,11723,11724,11724,1
2019-12-11,15:07:50.201000,11723,11724,11723,1
2019-12-11,15:07:50.461000,11723,11724,11723,1
2019-12-11,15:07:51.070000,11723,11724,11723,2
2019-12-11,15:07:53.213000,11723,11724,11724,22
2019-12-11,15:07:58.277000,11723,11724,11723,1
2019-12-11,15:08:00.614000,11723,11724,11724,2
2019-12-11,15:08:01.968000,11723,11724,11723,12
2019-12-11,15:08:03.255000,11723,11724,11723,1
2019-12-11,15:08:03.387000,11723,11724,11724,5
2019-12-11,15:08:03.988000,11723,11724,11723,1
2019-12-11,15:08:04.079000,11723,11724,11723,2
2019-12-11,15:08:06.863000,11723,11724,11723,1
2019-12-11,15:08:08.892000,11723,11724,11723,1
2019-12-11,15:08:10.239000,11723,11724,11724,5
2019-12-11,15:08:10.698000,11723,11724,11723,1
2019-12-11,15:08:10.932000,11723,11724,11724,2
2019-12-11,15:08:11.905000,11723,11724,11723,1
2019-12-11,15:08:16.250000,11723,11724,11723,1
2019-12-11,15:08:16.916000,11723,11724,11723,1
2019-12-11,15:08:17.411000,11723,11724,11723,1
2019-12-11,15:08:18.326000,11723,11724,11724,1
2019-12-11,15:08:18.561000,11723,11724,11724,1
2019-12-11,15:08:22.024000,11723,11724,11724,1
2019-12-11,15:08:24.936000,11723,11724,11724,1
2019-12-11,15:08:26.844000,11723,11724,11724,3
2019-12-11,15:08:26.985000,11723,11724,11723,2
2019-12-11,15:08:27.153000,11723,11724,11723,2
2019-12-11,15:08:28.337000,11723,11724,11724,1
2019-12-11,15:08:28.924000,11723,11724,11723,2
2019-12-11,15:08:29.179000,11723,11724,11723,13
2019-12-11,15:08:31.050000,11722,11723,11723,6
2019-12-11,15:08:32.838000,11722,11723,11722,1
2019-12-11,15:08:34.813000,11722,11723,11722,1
2019-12-11,15:08:35.156000,11722,11723,11722,2
2019-12-11,15:08:36.005000,11722,11723,11722,1
2019-12-11,15:08:36.007000,11722,11723,11722,2
2019-12-11,15:08:36.121000,11722,11723,11722,2
2019-12-11,15:08:36.233000,11722,11723,11722,4
2019-12-11,15:08:36.233000,11722,11723,11721,39
2019-12-11,15:08:36.341000,11721,11722,11721,1
2019-12-11,15:08:36.617000,11720,11722,11722,5
2019-12-11,15:08:37.188000,11720,11721,11721,1
2019-12-11,15:08:37.461000,11720,11721,11720,2
2019-12-11,15:08:37.576000,11720,11721,11720,1
2019-12-11,15:08:37.779000,11720,11721,11720,1
2019-12-11,15:08:37.780000,11720,11721,11720,3
2019-12-11,15:08:37.780000,11720,11721,11720,2
2019-12-11,15:08:37.784000,11720,11721,11720,1
2019-12-11,15:08:37.798000,11720,11721,11720,2
2019-12-11,15:08:39.094000,11720,11721,11721,5
2019-12-11,15:08:39.260000,11720,11721,11721,1
2019-12-11,15:08:39.823000,11721,11722,11721,1
2019-12-11,15:08:41.874000,11720,11722,11722,1
2019-12-11,15:08:42.418000,11720,11722,11722,1
2019-12-11,15:08:44.853000,11720,11721,11720,2
2019-12-11,15:08:48.819000,11720,11721,11720,3
2019-12-11,15:08:52.959000,11720,11721,11720,1
2019-12-11,15:08:52.980000,11720,11721,11720,1
2019-12-11,15:08:53.011000,11720,11721,11721,1
2019-12-11,15:08:59.702000,11720,11721,11721,1
2019-12-11,15:08:59.816000,11720,11721,11720,1
2019-12-11,15:09:03.930000,11720,11721,11721,5
2019-12-11,15:09:04.680000,11720,11721,11721,1
2019-12-11,15:09:04.866000,11720,11721,11721,1
2019-12-11,15:09:08.247000,11720,11721,11720,3
2019-12-11,15:09:08.524000,11720,11721,11721,1
2019-12-11,15:09:11.061000,11720,11721,11721,1
2019-12-11,15:09:11.303000,11720,11721,11720,4
2019-12-11,15:09:11.805000,11720,11721,11721,7
2019-12-11,15:09:13.591000,11721,11722,11721,1
2019-12-11,15:09:15.187000,11721,11722,11721,1
2019-12-11,15:09:15.992000,11720,11721,11721,2
2019-12-11,15:09:17.039000,11721,11722,11721,1
2019-12-11,15:09:17.940000,11721,11722,11721,1
2019-12-11,15:09:19.081000,11721,11722,11721,2
2019-12-11,15:09:19.680000,11721,11722,11721,2
2019-12-11,15:09:20.539000,11720,11721,11720,1
2019-12-11,15:09:21.111000,11720,11721,11720,2
2019-12-11,15:09:22.110000,11720,11721,11721,1
2019-12-11,15:09:26.212000,11720,11721,11720,1
2019-12-11,15:09:26.347000,11720,11721,11720,10
2019-12-11,15:09:28.714000,11720,11721,11720,1
2019-12-11,15:09:30.777000,11720,11721,11720,1
2019-12-11,15:09:31.315000,11720,11721,11720,1
2019-12-11,15:09:31.579000,11720,11721,11721,1
2019-12-11,15:09:37.509000,11720,11721,11720,2
2019-12-11,15:09:38.896000,11720,11721,11721,1
2019-12-11,15:09:39.038000,11720,11721,11721,1
2019-12-11,15:09:40.719000,11720,11721,11721,2
2019-12-11,15:09:40.906000,11720,11721,11721,2
2019-12-11,15:09:43.187000,11720,11721,11721,1
2019-12-11,15:09:48.900000,11720,11721,11720,1
2019-12-11,15:09:56.471000,11720,11721,11721,1
2019-12-11,15:09:58.584000,11720,11721,11720,2
2019-12-11,15:09:59.173000,11720,11721,11721,1
2019-12-11,15:09:59.557000,11720,11721,11720,1
2019-12-11,15:10:00.051000,11720,11721,11720,1
2019-12-11,15:10:00.364000,11720,11721,11721,1
2019-12-11,15:10:02.786000,11720,11721,11721,1
2019-12-11,15:10:04.861000,11720,11721,11721,1
2019-12-11,15:10:08.623000,11720,11721,11721,1
2019-12-11,15:10:11.834000,11720,11721,11721,1
2019-12-11,15:10:13.281000,11720,11721,11720,1
2019-12-11,15:10:16.599000,11720,11721,11721,4
2019-12-11,15:10:20.236000,11720,11721,11721,1
2019-12-11,15:10:32.667000,11720,11721,11720,1
2019-12-11,15:10:33.301000,11720,11721,11720,1
2019-12-11,15:10:34.832000,11720,11721,11720,1
2019-12-11,15:10:40.671000,11720,11721,11721,1
2019-12-11,15:10:42.349000,11720,11721,11721,1
2019-12-11,15:10:45.175000,11720,11721,11721,1
2019-12-11,15:10:45.600000,11720,11721,11721,1
2019-12-11,15:10:47.097000,11720,11721,11721,1
2019-12-11,15:10:48.037000,11720,11721,11721,1
2019-12-11,15:10:49.185000,11720,11721,11721,1
2019-12-11,15:10:50.491000,11720,11721,11721,4
2019-12-11,15:10:54.884000,11720,11721,11721,1
2019-12-11,15:10:56.099000,11720,11721,11721,4
2019-12-11,15:10:56.437000,11720,11721,11721,1
2019-12-11,15:10:57.362000,11720,11721,11721,4
2019-12-11,15:10:59.488000,11720,11721,11721,3
2019-12-11,15:11:01.621000,11720,11721,11721,2
2019-12-11,15:11:03.401000,11720,11721,11721,1
2019-12-11,15:11:03.743000,11720,11721,11721,2
2019-12-11,15:11:04.521000,11720,11721,11721,1
2019-12-11,15:11:08.393000,11720,11721,11721,1
2019-12-11,15:11:10.371000,11720,11721,11721,4
2019-12-11,15:11:11.417000,11720,11721,11721,1
2019-12-11,15:11:12.634000,11720,11721,11721,5
2019-12-11,15:11:13.124000,11720,11721,11721,1
2019-12-11,15:11:13.958000,11720,11721,11721,3
2019-12-11,15:11:17.627000,11721,11722,11721,4
2019-12-11,15:11:19.215000,11721,11722,11721,1
2019-12-11,15:11:19.913000,11721,11722,11721,1
2019-12-11,15:11:20.256000,11721,11722,11721,2
2019-12-11,15:11:24.579000,11720,11721,11721,1
2019-12-11,15:11:30.154000,11720,11721,11721,1
2019-12-11,15:11:30.173000,11720,11721,11721,1
2019-12-11,15:11:31.333000,11720,11721,11721,1
2019-12-11,15:11:32.548000,11720,11721,11720,1
2019-12-11,15:11:32.630000,11720,11721,11721,1
2019-12-11,15:11:34.547000,11720,11721,11721,2
2019-12-11,15:11:34.759000,11720,11721,11720,3
2019-12-11,15:11:35.909000,11720,11721,11720,3
2019-12-11,15:11:37.458000,11720,11721,11720,3
2019-12-11,15:11:40.971000,11720,11721,11720,1
2019-12-11,15:11:41.216000,11720,11721,11720,4
2019-12-11,15:11:41.341000,11720,11721,11720,14
2019-12-11,15:11:41.341000,11720,11721,11720,4
2019-12-11,15:11:41.466000,11720,11721,11720,2
2019-12-11,15:11:41.466000,11720,11721,11720,2
2019-12-11,15:11:41.466000,11720,11721,11720,39
2019-12-11,15:11:42.707000,11719,11720,11719,22
2019-12-11,15:11:42.747000,11718,11720,11718,2
2019-12-11,15:11:42.750000,11718,11720,11718,2
2019-12-11,15:11:44.467000,11718,11719,11718,28
2019-12-11,15:11:45.384000,11717,11718,11717,3
2019-12-11,15:11:45.489000,11717,11718,11717,2
2019-12-11,15:11:45.565000,11717,11718,11717,1
2019-12-11,15:11:45.568000,11717,11718,11717,1
2019-12-11,15:11:45.582000,11717,11718,11717,1
2019-12-11,15:11:45.591000,11717,11718,11717,1
2019-12-11,15:11:45.797000,11716,11717,11716,10
2019-12-11,15:11:45.835000,11716,11717,11716,1
2019-12-11,15:11:45.933000,11716,11717,11717,24
2019-12-11,15:11:45.933000,11716,11717,11718,6
2019-12-11,15:11:46.735000,11716,11717,11716,1
2019-12-11,15:11:48.229000,11716,11717,11717,1
2019-12-11,15:11:48.594000,11716,11717,11716,1
2019-12-11,15:11:49.257000,11716,11717,11717,4
2019-12-11,15:11:49.281000,11716,11717,11716,1
2019-12-11,15:11:49.580000,11716,11717,11716,2
2019-12-11,15:11:50.003000,11716,11717,11716,1
2019-12-11,15:11:50.178000,11716,11717,11716,1
2019-12-11,15:11:52.046000,11716,11717,11716,1
2019-12-11,15:11:52.134000,11716,11717,11716,1
2019-12-11,15:11:52.887000,11716,11717,11717,1
2019-12-11,15:11:53.572000,11716,11717,11716,2
2019-12-11,15:11:54.671000,11716,11717,11716,1
2019-12-11,15:11:56.414000,11716,11717,11716,1
2019-12-11,15:11:57.491000,11716,11717,11716,1
2019-12-11,15:11:57.813000,11716,11717,11716,3
2019-12-11,15:11:58.192000,11716,11717,11717,1
2019-12-11,15:11:58.485000,11716,11717,11716,1
2019-12-11,15:11:59.711000,11716,11717,11716,1
2019-12-11,15:11:59.895000,11716,11717,11716,1
2019-12-11,15:12:01.151000,11716,11717,11716,10
2019-12-11,15:12:01.866000,11716,11717,11716,2
2019-12-11,15:12:02.568000,11716,11717,11716,1
2019-12-11,15:12:04.526000,11716,11717,11716,3
2019-12-11,15:12:06.085000,11716,11717,11716,1
2019-12-11,15:12:06.820000,11716,11717,11716,2
2019-12-11,15:12:08.264000,11716,11717,11716,1
2019-12-11,15:12:10.692000,11716,11717,11716,1
2019-12-11,15:12:11.930000,11716,11717,11717,1
2019-12-11,15:12:13.591000,11716,11717,11717,4
2019-12-11,15:12:13.716000,11716,11717,11717,12
2019-12-11,15:12:13.841000,11716,11717,11717,1
2019-12-11,15:12:15.447000,11717,11718,11718,1
2019-12-11,15:12:16.319000,11717,11718,11717,2
2019-12-11,15:12:24.372000,11717,11718,11717,1
2019-12-11,15:12:28.504000,11717,11718,11717,1
2019-12-11,15:12:32.627000,11717,11718,11717,3
2019-12-11,15:12:33.825000,11717,11718,11718,5
2019-12-11,15:12:34.800000,11717,11718,11718,1
2019-12-11,15:12:35.512000,11717,11718,11718,2
2019-12-11,15:12:39.681000,11717,11718,11718,1
2019-12-11,15:12:40.294000,11717,11718,11718,2
2019-12-11,15:12:40.660000,11717,11718,11718,1
2019-12-11,15:12:41.169000,11717,11718,11718,1
2019-12-11,15:12:41.194000,11717,11718,11718,1
2019-12-11,15:12:42.293000,11717,11718,11718,1
2019-12-11,15:12:42.765000,11717,11718,11718,1
2019-12-11,15:12:44.725000,11717,11718,11718,1
2019-12-11,15:12:46.230000,11717,11718,11717,3
2019-12-11,15:12:55.029000,11717,11718,11718,1
2019-12-11,15:12:57.599000,11717,11718,11718,1
2019-12-11,15:13:00.317000,11717,11718,11718,1
2019-12-11,15:13:02.751000,11717,11718,11718,1
2019-12-11,15:13:10.443000,11717,11718,11718,12
2019-12-11,15:13:10.466000,11718,11719,11718,16
2019-12-11,15:13:10.466000,11718,11719,11718,1
2019-12-11,15:13:11.824000,11717,11718,11718,1
2019-12-11,15:13:12.203000,11718,11719,11718,1
2019-12-11,15:13:12.782000,11718,11719,11718,4
2019-12-11,15:13:15.538000,11718,11719,11719,5
2019-12-11,15:13:18.920000,11718,11719,11718,1
2019-12-11,15:13:21.171000,11718,11719,11718,5
2019-12-11,15:13:21.392000,11718,11719,11718,1
2019-12-11,15:13:21.485000,11718,11719,11718,1
2019-12-11,15:13:21.579000,11718,11719,11718,1
2019-12-11,15:13:21.617000,11718,11719,11718,1
2019-12-11,15:13:21.675000,11718,11719,11718,1
2019-12-11,15:13:21.773000,11718,11719,11718,1
2019-12-11,15:13:22.897000,11718,11719,11718,1
2019-12-11,15:13:29.845000,11718,11719,11718,1
2019-12-11,15:13:33.475000,11717,11718,11718,5
2019-12-11,15:13:45.029000,11717,11718,11718,2
2019-12-11,15:13:45.533000,11717,11718,11718,1
2019-12-11,15:13:52.794000,11717,11718,11717,1
2019-12-11,15:13:55.545000,11717,11718,11717,1
2019-12-11,15:13:55.849000,11717,11718,11717,1
2019-12-11,15:14:02.273000,11717,11718,11717,1
2019-12-11,15:14:04.274000,11717,11718,11717,1
2019-12-11,15:14:04.542000,11717,11718,11717,1
2019-12-11,15:14:05.544000,11717,11718,11717,1
2019-12-11,15:14:06.490000,11717,11718,11717,1
2019-12-11,15:14:07.283000,11717,11718,11717,1
2019-12-11,15:14:09.985000,11717,11718,11717,1
2019-12-11,15:14:10.091000,11717,11718,11717,4
2019-12-11,15:14:10.216000,11717,11718,11717,3
2019-12-11,15:14:10.258000,11717,11718,11717,1
2019-12-11,15:14:10.259000,11717,11718,11717,7
2019-12-11,15:14:10.259000,11717,11718,11717,3
2019-12-11,15:14:13.693000,11716,11717,11717,1
2019-12-11,15:14:17.020000,11716,11717,11716,3
2019-12-11,15:14:17.099000,11716,11717,11716,13
2019-12-11,15:14:21.541000,11715,11716,11716,2
2019-12-11,15:14:26.936000,11715,11716,11716,1
2019-12-11,15:14:27.591000,11715,11716,11716,1
2019-12-11,15:14:28.465000,11715,11716,11716,1
2019-12-11,15:14:28.505000,11715,11716,11715,1
2019-12-11,15:14:28.679000,11715,11716,11715,1
2019-12-11,15:14:29.112000,11715,11716,11715,1
2019-12-11,15:14:29.873000,11715,11716,11715,1
2019-12-11,15:14:30.744000,11715,11716,11715,2
2019-12-11,15:14:34.872000,11715,11716,11715,1
2019-12-11,15:14:36.093000,11715,11716,11715,1
2019-12-11,15:14:36.388000,11715,11716,11715,1
2019-12-11,15:14:37.717000,11715,11716,11715,1
2019-12-11,15:14:38.281000,11715,11716,11715,1
2019-12-11,15:14:39.765000,11715,11716,11715,1
2019-12-11,15:14:41.612000,11715,11716,11715,27
2019-12-11,15:14:41.612000,11715,11716,11715,3
2019-12-11,15:14:41.612000,11715,11716,11715,3
2019-12-11,15:14:43.328000,11714,11715,11715,4
2019-12-11,15:14:45.090000,11715,11716,11715,8
2019-12-11,15:14:45.486000,11715,11716,11715,3
2019-12-11,15:14:45.677000,11715,11716,11715,2
2019-12-11,15:14:45.961000,11715,11716,11715,1
2019-12-11,15:14:47.641000,11715,11716,11715,1
2019-12-11,15:14:48.865000,11715,11716,11715,1
2019-12-11,15:14:50.670000,11715,11716,11715,1
2019-12-11,15:14:50.995000,11715,11716,11715,1
2019-12-11,15:14:54.797000,11715,11716,11715,1
2019-12-11,15:14:56.696000,11715,11716,11715,1
2019-12-11,15:14:59.617000,11715,11716,11715,1
2019-12-11,15:15:00.888000,11715,11716,11716,1
2019-12-11,15:15:03.438000,11715,11716,11716,3
2019-12-11,15:15:03.466000,11715,11716,11716,15
2019-12-11,15:15:03.591000,11715,11716,11716,4
2019-12-11,15:15:03.591000,11715,11716,11716,2
2019-12-11,15:15:03.616000,11715,11716,11716,2
2019-12-11,15:15:04.003000,11716,11717,11716,2
2019-12-11,15:15:04.012000,11716,11717,11716,2
2019-12-11,15:15:14.678000,11716,11717,11716,1
2019-12-11,15:15:20.274000,11716,11717,11717,1
2019-12-11,15:15:22.632000,11716,11717,11717,1
2019-12-11,15:15:29.079000,11716,11717,11717,1
2019-12-11,15:15:29.378000,11716,11717,11716,1
2019-12-11,15:15:29.867000,11716,11717,11717,1
2019-12-11,15:15:30.765000,11716,11717,11717,1
2019-12-11,15:15:31.713000,11716,11717,11717,1
2019-12-11,15:15:35.048000,11716,11717,11716,1
2019-12-11,15:15:35.406000,11716,11717,11717,1
2019-12-11,15:15:36.056000,11716,11717,11716,7
2019-12-11,15:15:37.973000,11716,11717,11716,1
2019-12-11,15:15:38.573000,11716,11717,11717,2
2019-12-11,15:15:38.777000,11716,11717,11717,3
2019-12-11,15:15:38.983000,11716,11717,11717,3
2019-12-11,15:15:39.392000,11716,11717,11717,10
2019-12-11,15:15:42.114000,11716,11717,11717,1
2019-12-11,15:15:42.742000,11716,11717,11717,1
2019-12-11,15:15:43.259000,11716,11718,11717,1
2019-12-11,15:15:44.608000,11717,11718,11717,1
2019-12-11,15:15:44.629000,11717,11718,11717,7
2019-12-11,15:15:46.789000,11717,11718,11717,1
2019-12-11,15:15:49.382000,11717,11718,11717,9
2019-12-11,15:15:54.935000,11716,11717,11716,19
2019-12-11,15:15:58.491000,11716,11717,11717,1
2019-12-11,15:15:59.442000,11716,11717,11716,1
2019-12-11,15:16:05.471000,11716,11717,11716,1
2019-12-11,15:16:10.490000,11716,11717,11716,1
2019-12-11,15:16:19.633000,11716,11717,11716,1
2019-12-11,15:16:22.449000,11716,11717,11716,1
2019-12-11,15:16:23.935000,11716,11717,11717,1
2019-12-11,15:16:30.465000,11716,11717,11716,1
2019-12-11,15:16:33.210000,11716,11717,11717,1
2019-12-11,15:16:34.781000,11716,11717,11717,26
2019-12-11,15:16:34.881000,11717,11718,11717,1
2019-12-11,15:16:35.753000,11717,11718,11717,1
2019-12-11,15:16:35.793000,11717,11718,11717,1
2019-12-11,15:16:39.186000,11717,11718,11717,1
2019-12-11,15:16:55.343000,11717,11718,11718,1
2019-12-11,15:16:56.935000,11717,11718,11718,2
2019-12-11,15:16:57.362000,11717,11718,11717,1
2019-12-11,15:16:59.955000,11717,11718,11718,1
2019-12-11,15:17:01.874000,11717,11718,11717,1
2019-12-11,15:17:06.992000,11717,11718,11718,1
2019-12-11,15:17:10.431000,11717,11718,11717,1
2019-12-11,15:17:11.095000,11717,11718,11717,14
2019-12-11,15:17:13.884000,11716,11717,11717,2
2019-12-11,15:17:18.646000,11716,11717,11717,1
2019-12-11,15:17:23.953000,11716,11717,11717,1
2019-12-11,15:17:30.471000,11716,11717,11717,1
2019-12-11,15:17:32.113000,11716,11717,11716,1
2019-12-11,15:17:34.374000,11716,11717,11717,15
2019-12-11,15:17:40.222000,11716,11717,11717,1
2019-12-11,15:17:42.893000,11716,11717,11717,4
2019-12-11,15:17:45.607000,11716,11718,11718,1
2019-12-11,15:17:47.559000,11716,11717,11717,1
2019-12-11,15:17:49.667000,11716,11718,11718,1
2019-12-11,15:17:58.705000,11716,11718,11717,1
2019-12-11,15:18:00.824000,11717,11718,11718,1
2019-12-11,15:18:02.857000,11717,11718,11718,1
2019-12-11,15:18:04.264000,11717,11718,11718,2
2019-12-11,15:18:04.835000,11717,11718,11718,1
2019-12-11,15:18:07.794000,11717,11718,11717,1
2019-12-11,15:18:12.841000,11717,11718,11718,8
2019-12-11,15:18:15.992000,11717,11718,11717,1
2019-12-11,15:18:16.081000,11717,11718,11717,1
2019-12-11,15:18:16.170000,11717,11718,11717,1
2019-12-11,15:18:16.260000,11717,11718,11717,1
2019-12-11,15:18:16.351000,11717,11718,11717,1
2019-12-11,15:18:16.443000,11717,11718,11717,1
2019-12-11,15:18:16.539000,11717,11718,11717,1
2019-12-11,15:18:16.633000,11717,11718,11717,1
2019-12-11,15:18:16.724000,11717,11718,11717,1
2019-12-11,15:18:16.816000,11717,11718,11717,1
2019-12-11,15:18:16.908000,11717,11718,11717,1
2019-12-11,15:18:17.123000,11716,11718,11717,1
2019-12-11,15:18:29.608000,11716,11717,11717,1
2019-12-11,15:18:30.537000,11716,11717,11717,1
2019-12-11,15:18:30.591000,11716,11718,11717,1
2019-12-11,15:18:31.738000,11716,11718,11717,1
2019-12-11,15:18:32.763000,11716,11717,11717,1
2019-12-11,15:18:36.664000,11716,11717,11716,2
2019-12-11,15:18:41.459000,11716,11717,11717,1
2019-12-11,15:18:46.537000,11716,11717,11716,1
2019-12-11,15:18:48.042000,11716,11717,11716,5
2019-12-11,15:18:49.315000,11716,11717,11716,1
2019-12-11,15:19:04.370000,11716,11717,11716,1
2019-12-11,15:19:05.367000,11716,11717,11717,1
2019-12-11,15:19:05.949000,11716,11717,11716,1
2019-12-11,15:19:11.178000,11716,11717,11716,1
2019-12-11,15:19:13.175000,11716,11717,11716,3
2019-12-11,15:19:15.561000,11716,11717,11716,1
2019-12-11,15:19:16.284000,11716,11717,11716,1
2019-12-11,15:19:18.287000,11716,11717,11716,1
2019-12-11,15:19:24.787000,11716,11717,11716,2
2019-12-11,15:19:26.801000,11716,11717,11716,1
2019-12-11,15:19:37.769000,11716,11717,11717,1
2019-12-11,15:19:43.776000,11716,11717,11717,1
2019-12-11,15:19:58.993000,11716,11717,11716,1
2019-12-11,15:20:06.860000,11716,11717,11717,1
2019-12-11,15:20:15.616000,11716,11717,11716,1
2019-12-11,15:20:33.948000,11716,11717,11717,1
2019-12-11,15:20:34.682000,11716,11717,11716,1
2019-12-11,15:20:36.569000,11716,11717,11716,1
2019-12-11,15:20:38.975000,11716,11717,11716,1
2019-12-11,15:20:40.125000,11716,11717,11716,1
2019-12-11,15:20:40.213000,11716,11717,11716,1
2019-12-11,15:20:46.020000,11716,11717,11716,2
2019-12-11,15:20:48.765000,11716,11717,11716,1
2019-12-11,15:20:52.084000,11716,11717,11716,4
2019-12-11,15:20:54.699000,11716,11717,11716,1
2019-12-11,15:20:55.716000,11716,11717,11716,2
2019-12-11,15:20:57.961000,11716,11717,11716,1
2019-12-11,15:21:00.478000,11716,11717,11716,1
2019-12-11,15:21:09.130000,11716,11717,11716,1
2019-12-11,15:21:14.372000,11716,11717,11716,4
2019-12-11,15:21:17.165000,11716,11717,11716,2
2019-12-11,15:21:19.951000,11716,11717,11716,2
2019-12-11,15:21:20.186000,11716,11717,11716,2
2019-12-11,15:21:20.421000,11716,11717,11716,1
2019-12-11,15:21:21.549000,11716,11717,11716,1
2019-12-11,15:21:31.146000,11716,11717,11716,1
2019-12-11,15:21:36.730000,11716,11717,11716,1
2019-12-11,15:21:40.294000,11716,11717,11716,1
2019-12-11,15:21:40.556000,11716,11717,11716,1
2019-12-11,15:21:50.990000,11716,11717,11716,19
2019-12-11,15:21:50.990000,11716,11717,11715,81
2019-12-11,15:21:50.991000,11716,11717,11716,1
2019-12-11,15:21:51.092000,11715,11716,11715,1
2019-12-11,15:21:51.092000,11715,11716,11715,1
2019-12-11,15:21:51.092000,11715,11716,11715,5
2019-12-11,15:21:51.216000,11715,11716,11715,2
2019-12-11,15:21:51.341000,11714,11715,11714,5
2019-12-11,15:21:53.216000,11714,11715,11715,1
2019-12-11,15:21:53.480000,11715,11716,11715,1
2019-12-11,15:21:58.298000,11714,11715,11715,6
2019-12-11,15:21:58.310000,11714,11715,11715,1
2019-12-11,15:22:03.252000,11715,11716,11716,1
2019-12-11,15:22:05.997000,11715,11716,11715,1
2019-12-11,15:22:09.603000,11715,11716,11716,3
2019-12-11,15:22:13.672000,11715,11716,11715,1
2019-12-11,15:22:15.074000,11715,11716,11715,26
2019-12-11,15:22:15.074000,11715,11716,11714,74
2019-12-11,15:22:15.075000,11715,11716,11714,7
2019-12-11,15:22:15.075000,11715,11716,11714,6
2019-12-11,15:22:15.092000,11714,11715,11714,3
2019-12-11,15:22:15.092000,11714,11715,11714,2
2019-12-11,15:22:15.341000,11713,11714,11713,3
2019-12-11,15:22:15.523000,11713,11714,11713,1
2019-12-11,15:22:15.593000,11713,11714,11713,1
2019-12-11,15:22:17.790000,11713,11714,11713,1
2019-12-11,15:22:19.041000,11713,11714,11713,1
2019-12-11,15:22:22.340000,11713,11714,11713,1
2019-12-11,15:22:22.414000,11713,11714,11713,1
2019-12-11,15:22:22.796000,11713,11714,11713,1
2019-12-11,15:22:23.830000,11713,11714,11714,1
2019-12-11,15:22:24.370000,11713,11714,11713,1
2019-12-11,15:22:25.305000,11713,11714,11713,8
2019-12-11,15:22:26.212000,11713,11714,11713,1
2019-12-11,15:22:26.513000,11713,11714,11713,1
2019-12-11,15:22:27.296000,11713,11714,11713,1
2019-12-11,15:22:28.452000,11713,11714,11714,2
2019-12-11,15:22:29.206000,11713,11714,11713,1
2019-12-11,15:22:29.951000,11713,11714,11713,11
2019-12-11,15:22:29.966000,11712,11713,11713,9
2019-12-11,15:22:33.340000,11713,11714,11713,1
2019-12-11,15:22:35.027000,11713,11714,11713,1
2019-12-11,15:22:35.518000,11713,11714,11713,2
2019-12-11,15:22:38.389000,11713,11714,11713,4
2019-12-11,15:22:38.955000,11713,11714,11713,1
2019-12-11,15:22:38.998000,11713,11714,11713,1
2019-12-11,15:22:40.352000,11713,11714,11713,1
2019-12-11,15:22:40.381000,11713,11714,11713,1
2019-12-11,15:22:41.960000,11713,11714,11713,1
2019-12-11,15:22:42.656000,11713,11714,11714,1
2019-12-11,15:22:45.575000,11713,11714,11713,1
2019-12-11,15:22:45.931000,11713,11714,11714,1
2019-12-11,15:22:46.119000,11713,11714,11713,1
2019-12-11,15:22:47.841000,11713,11714,11714,2
2019-12-11,15:22:47.966000,11713,11714,11714,3
2019-12-11,15:22:48.393000,11713,11714,11713,28
2019-12-11,15:22:48.393000,11713,11714,11712,72
2019-12-11,15:22:48.394000,11713,11714,11712,24
2019-12-11,15:22:48.394000,11713,11714,11712,3
2019-12-11,15:22:48.467000,11711,11713,11712,4
2019-12-11,15:22:48.566000,11711,11713,11713,1
2019-12-11,15:22:49.091000,11712,11713,11712,4
2019-12-11,15:22:49.216000,11711,11712,11712,1
2019-12-11,15:22:49.216000,11711,11712,11711,1
2019-12-11,15:22:49.703000,11711,11712,11712,2
2019-12-11,15:22:49.716000,11711,11712,11712,7
2019-12-11,15:22:50.170000,11712,11713,11712,1
2019-12-11,15:22:50.791000,11712,11713,11712,1
2019-12-11,15:22:53.975000,11712,11713,11712,2
2019-12-11,15:22:54.348000,11712,11713,11712,1
2019-12-11,15:22:55.722000,11712,11713,11712,4
2019-12-11,15:22:55.841000,11711,11712,11712,4
2019-12-11,15:22:57.438000,11711,11713,11713,1
2019-12-11,15:23:00.474000,11711,11712,11712,2
2019-12-11,15:23:06.586000,11711,11712,11711,1
2019-12-11,15:23:07.195000,11711,11712,11712,4
2019-12-11,15:23:11.043000,11711,11712,11712,6
2019-12-11,15:23:11.279000,11711,11712,11711,10
2019-12-11,15:23:12.482000,11711,11712,11711,10
2019-12-11,15:23:12.593000,11711,11712,11711,2
2019-12-11,15:23:13.260000,11711,11712,11711,1
2019-12-11,15:23:14.101000,11711,11712,11711,2
2019-12-11,15:23:14.157000,11711,11712,11711,10
2019-12-11,15:23:14.216000,11711,11712,11711,2
2019-12-11,15:23:14.216000,11711,11712,11711,2
2019-12-11,15:23:14.216000,11711,11712,11711,2
2019-12-11,15:23:15.216000,11710,11711,11711,1
2019-12-11,15:23:15.985000,11710,11712,11710,4
2019-12-11,15:23:16.063000,11710,11712,11710,4
2019-12-11,15:23:16.063000,11710,11712,11710,1
2019-12-11,15:23:18.800000,11710,11711,11711,1
2019-12-11,15:23:20.828000,11710,11711,11711,1
2019-12-11,15:23:21.855000,11710,11711,11710,1
2019-12-11,15:23:27.194000,11710,11711,11710,1
2019-12-11,15:23:28.418000,11710,11711,11710,1
2019-12-11,15:23:33.170000,11710,11711,11711,7
2019-12-11,15:23:34.695000,11710,11711,11711,1
2019-12-11,15:23:38.227000,11710,11711,11710,1
2019-12-11,15:23:38.394000,11710,11711,11710,1
2019-12-11,15:23:38.792000,11710,11711,11710,2
2019-12-11,15:23:42.559000,11710,11711,11710,1
2019-12-11,15:23:43.676000,11710,11711,11710,50
2019-12-11,15:23:43.718000,11710,11711,11710,1
2019-12-11,15:23:45.373000,11710,11711,11710,1
2019-12-11,15:23:45.746000,11710,11711,11710,1
2019-12-11,15:23:47.169000,11710,11711,11710,2
2019-12-11,15:23:48.307000,11709,11711,11710,1
2019-12-11,15:23:50.348000,11709,11710,11709,1
2019-12-11,15:23:50.495000,11709,11710,11709,1
2019-12-11,15:23:50.637000,11709,11710,11709,10
2019-12-11,15:23:50.638000,11709,11710,11709,1
2019-12-11,15:23:50.661000,11709,11710,11709,4
2019-12-11,15:23:50.773000,11709,11710,11709,1
2019-12-11,15:23:52.450000,11709,11710,11709,1
2019-12-11,15:23:53.020000,11709,11710,11709,1
2019-12-11,15:23:53.216000,11708,11709,11709,1
2019-12-11,15:23:53.984000,11709,11710,11709,3
2019-12-11,15:23:54.466000,11708,11709,11709,2
2019-12-11,15:23:55.583000,11708,11710,11710,6
2019-12-11,15:23:56.047000,11709,11710,11710,1
2019-12-11,15:23:56.493000,11709,11710,11709,8
2019-12-11,15:23:57.747000,11709,11710,11710,1
2019-12-11,15:23:59.178000,11709,11710,11709,1
2019-12-11,15:23:59.832000,11709,11710,11709,1
2019-12-11,15:24:02.346000,11709,11710,11709,1
2019-12-11,15:24:02.725000,11709,11710,11710,1
2019-12-11,15:24:03.259000,11709,11710,11709,1
2019-12-11,15:24:04.245000,11709,11710,11709,16
2019-12-11,15:24:04.245000,11709,11710,11709,3
2019-12-11,15:24:04.288000,11709,11710,11709,1
2019-12-11,15:24:05.971000,11709,11710,11709,1
2019-12-11,15:24:08.231000,11709,11710,11709,1
2019-12-11,15:24:10.557000,11709,11710,11709,1
2019-12-11,15:24:12.045000,11709,11710,11709,10
2019-12-11,15:24:12.045000,11709,11710,11708,2
2019-12-11,15:24:12.239000,11708,11710,11708,1
2019-12-11,15:24:12.745000,11708,11710,11708,2
2019-12-11,15:24:13.089000,11708,11709,11709,2
2019-12-11,15:24:13.158000,11708,11710,11708,1
2019-12-11,15:24:17.141000,11708,11709,11708,30
2019-12-11,15:24:17.830000,11708,11709,11708,1
2019-12-11,15:24:17.989000,11707,11709,11707,4
2019-12-11,15:24:18.126000,11707,11709,11707,1
2019-12-11,15:24:18.127000,11707,11709,11707,1
2019-12-11,15:24:18.140000,11707,11709,11707,1
2019-12-11,15:24:18.175000,11707,11709,11707,1
2019-12-11,15:24:18.200000,11707,11709,11707,1
2019-12-11,15:24:18.213000,11707,11709,11707,6
2019-12-11,15:24:19.652000,11707,11708,11708,1
2019-12-11,15:24:20.519000,11707,11709,11709,2
2019-12-11,15:24:20.920000,11707,11708,11707,1
2019-12-11,15:24:21.026000,11707,11708,11707,4
2019-12-11,15:24:21.850000,11707,11708,11708,1
2019-12-11,15:24:21.871000,11707,11708,11707,1
2019-12-11,15:24:22.088000,11707,11708,11707,2
2019-12-11,15:24:22.342000,11707,11708,11707,1
2019-12-11,15:24:23.151000,11707,11708,11708,3
2019-12-11,15:24:23.397000,11708,11709,11708,1
2019-12-11,15:24:23.465000,11708,11709,11708,4
2019-12-11,15:24:23.465000,11708,11709,11707,1
2019-12-11,15:24:25.573000,11707,11708,11707,2
2019-12-11,15:24:27.711000,11707,11708,11708,1
2019-12-11,15:24:28.070000,11707,11708,11707,1
2019-12-11,15:24:28.339000,11707,11708,11707,2
2019-12-11,15:24:28.865000,11707,11708,11707,2
2019-12-11,15:24:30.374000,11707,11708,11707,5
2019-12-11,15:24:30.452000,11707,11708,11707,1
2019-12-11,15:24:30.750000,11707,11708,11708,2
2019-12-11,15:24:32.543000,11707,11708,11707,4
2019-12-11,15:24:33.170000,11706,11707,11707,1
2019-12-11,15:24:33.186000,11706,11707,11707,1
2019-12-11,15:24:33.648000,11707,11708,11707,1
2019-12-11,15:24:34.369000,11706,11707,11706,1
2019-12-11,15:24:34.512000,11706,11707,11706,1
2019-12-11,15:24:34.545000,11706,11707,11706,1
2019-12-11,15:24:35.136000,11706,11707,11707,1
2019-12-11,15:24:35.454000,11706,11707,11706,5
2019-12-11,15:24:35.606000,11706,11707,11706,5
2019-12-11,15:24:35.788000,11706,11707,11706,5
2019-12-11,15:24:37.066000,11706,11707,11706,2
2019-12-11,15:24:37.627000,11706,11707,11706,22
2019-12-11,15:24:39.940000,11705,11706,11706,14
2019-12-11,15:24:40.599000,11706,11707,11706,1
2019-12-11,15:24:40.938000,11706,11707,11706,2
2019-12-11,15:24:41.401000,11706,11707,11706,1
2019-12-11,15:24:41.562000,11706,11707,11706,4
2019-12-11,15:24:42.381000,11706,11707,11706,4
2019-12-11,15:24:43.177000,11706,11707,11706,4
2019-12-11,15:24:48.880000,11706,11707,11706,1
2019-12-11,15:24:52.467000,11706,11707,11707,14
2019-12-11,15:24:53.229000,11707,11708,11707,2
2019-12-11,15:24:53.950000,11707,11708,11707,1
2019-12-11,15:24:57.467000,11707,11708,11708,2
2019-12-11,15:24:58.294000,11708,11709,11708,4
2019-12-11,15:24:58.405000,11708,11709,11708,3
2019-12-11,15:24:58.696000,11708,11709,11708,1
2019-12-11,15:24:58.995000,11708,11709,11708,3
2019-12-11,15:25:01.626000,11708,11709,11708,1
2019-12-11,15:25:03.273000,11708,11709,11708,1
2019-12-11,15:25:03.738000,11708,11709,11708,5
2019-12-11,15:25:04.125000,11708,11709,11709,3
2019-12-11,15:25:04.831000,11708,11709,11709,2
2019-12-11,15:25:06.640000,11709,11710,11710,1
2019-12-11,15:25:09.361000,11709,11710,11710,4
2019-12-11,15:25:11.427000,11709,11710,11710,2
2019-12-11,15:25:15.062000,11709,11710,11710,2
2019-12-11,15:25:18.875000,11709,11710,11709,1
2019-12-11,15:25:18.972000,11709,11710,11710,2
2019-12-11,15:25:19.290000,11709,11710,11710,5
2019-12-11,15:25:20.654000,11709,11710,11709,1
2019-12-11,15:25:21.590000,11709,11710,11710,4
2019-12-11,15:25:24.544000,11709,11710,11710,1
2019-12-11,15:25:25.561000,11709,11710,11710,1
2019-12-11,15:25:26.861000,11709,11710,11710,1
2019-12-11,15:25:28.195000,11709,11710,11709,4
2019-12-11,15:25:32.163000,11709,11710,11709,2
2019-12-11,15:25:37.433000,11709,11710,11710,1
2019-12-11,15:25:42.353000,11709,11710,11710,1
2019-12-11,15:25:42.641000,11709,11710,11709,10
2019-12-11,15:25:43.382000,11709,11710,11710,1
2019-12-11,15:25:43.496000,11709,11710,11709,2
2019-12-11,15:25:43.946000,11709,11710,11710,1
2019-12-11,15:25:45.161000,11709,11710,11709,13
2019-12-11,15:25:46.228000,11709,11710,11709,2
2019-12-11,15:25:46.866000,11709,11710,11710,1
2019-12-11,15:25:47.931000,11709,11710,11709,2
2019-12-11,15:25:48.034000,11709,11710,11709,2
2019-12-11,15:25:57.679000,11708,11709,11708,1
2019-12-11,15:26:06.829000,11708,11709,11708,1
2019-12-11,15:26:07.617000,11708,11709,11708,4
2019-12-11,15:26:10.424000,11708,11709,11708,3
2019-12-11,15:26:11.422000,11708,11709,11709,1
2019-12-11,15:26:11.566000,11708,11709,11708,1
2019-12-11,15:26:11.779000,11708,11709,11708,1
2019-12-11,15:26:31.200000,11707,11708,11708,3
2019-12-11,15:26:31.636000,11707,11708,11707,1
2019-12-11,15:26:35.263000,11707,11708,11707,5
2019-12-11,15:26:39.308000,11707,11708,11708,1
2019-12-11,15:26:39.329000,11707,11708,11708,2
2019-12-11,15:26:40.289000,11707,11708,11707,2
2019-12-11,15:26:45.154000,11707,11708,11707,1
2019-12-11,15:26:50.261000,11707,11708,11707,5
2019-12-11,15:26:56.745000,11707,11708,11707,1
2019-12-11,15:27:04.931000,11707,11708,11708,1
2019-12-11,15:27:04.957000,11707,11708,11708,3
2019-12-11,15:27:05.078000,11708,11709,11709,1
2019-12-11,15:27:05.293000,11708,11709,11709,1
2019-12-11,15:27:05.608000,11708,11709,11709,5
2019-12-11,15:27:17.802000,11708,11709,11709,1
2019-12-11,15:27:18.603000,11708,11709,11708,1
2019-12-11,15:27:19.096000,11708,11709,11708,5
2019-12-11,15:27:28.370000,11708,11709,11708,1
2019-12-11,15:27:41.576000,11708,11709,11709,1
2019-12-11,15:27:42.832000,11708,11709,11708,2
2019-12-11,15:27:46.475000,11708,11709,11709,25
2019-12-11,15:27:47.546000,11708,11709,11709,10
2019-12-11,15:27:47.591000,11708,11709,11709,5
2019-12-11,15:27:47.595000,11708,11709,11709,12
2019-12-11,15:27:47.966000,11709,11710,11710,3
2019-12-11,15:27:51.985000,11709,11710,11709,29
2019-12-11,15:27:51.985000,11709,11710,11708,71
2019-12-11,15:27:52.133000,11708,11709,11708,2
2019-12-11,15:27:52.157000,11708,11709,11708,2
2019-12-11,15:27:52.165000,11708,11709,11708,1
2019-12-11,15:27:52.362000,11707,11709,11709,1
2019-12-11,15:27:54.341000,11708,11709,11708,1
2019-12-11,15:27:58.678000,11708,11709,11709,1
2019-12-11,15:28:13.848000,11708,11709,11709,1
2019-12-11,15:28:15.911000,11708,11709,11709,5
2019-12-11,15:28:19.901000,11708,11709,11709,1
2019-12-11,15:28:19.988000,11708,11709,11709,3
2019-12-11,15:28:21.457000,11708,11709,11709,1
2019-12-11,15:28:21.700000,11708,11710,11710,1
2019-12-11,15:28:23.911000,11709,11710,11709,1
2019-12-11,15:28:26.655000,11708,11709,11709,4
2019-12-11,15:28:36.691000,11708,11709,11709,1
2019-12-11,15:28:45.160000,11709,11710,11709,5
2019-12-11,15:28:48.596000,11709,11710,11709,1
2019-12-11,15:28:49.679000,11708,11709,11709,2
2019-12-11,15:28:50.558000,11708,11709,11709,1
2019-12-11,15:28:50.716000,11708,11709,11709,1
2019-12-11,15:29:04.722000,11708,11709,11709,1
2019-12-11,15:29:06.766000,11708,11710,11710,12
2019-12-11,15:29:09.832000,11709,11710,11709,15
2019-12-11,15:29:09.832000,11709,11710,11708,82
2019-12-11,15:29:09.833000,11709,11710,11708,1
2019-12-11,15:29:09.833000,11709,11710,11708,2
2019-12-11,15:29:09.834000,11709,11710,11708,3
2019-12-11,15:29:09.841000,11708,11709,11708,4
2019-12-11,15:29:09.841000,11708,11709,11708,2
2019-12-11,15:29:09.842000,11708,11709,11708,1
2019-12-11,15:29:09.842000,11708,11709,11708,3
2019-12-11,15:29:09.966000,11707,11708,11707,2
2019-12-11,15:29:10.110000,11707,11708,11708,1
2019-12-11,15:29:11.794000,11707,11708,11707,1
2019-12-11,15:29:12.687000,11707,11708,11708,1
2019-12-11,15:29:14.621000,11707,11708,11708,1
2019-12-11,15:29:15.843000,11707,11708,11707,2
2019-12-11,15:29:17.644000,11707,11708,11707,1
2019-12-11,15:29:18.135000,11707,11708,11707,1
2019-12-11,15:29:18.202000,11707,11708,11707,1
2019-12-11,15:29:18.341000,11707,11708,11707,4
2019-12-11,15:29:18.466000,11707,11708,11707,1
2019-12-11,15:29:19.220000,11706,11707,11707,2
2019-12-11,15:29:19.612000,11706,11707,11707,5
2019-12-11,15:29:19.997000,11706,11707,11707,1
2019-12-11,15:29:20.961000,11706,11707,11707,5
2019-12-11,15:29:25.433000,11706,11707,11707,1
2019-12-11,15:29:35.748000,11706,11707,11707,1
2019-12-11,15:29:37.614000,11706,11707,11706,9
2019-12-11,15:29:45.226000,11706,11707,11706,1
2019-12-11,15:29:47.096000,11706,11707,11706,1
2019-12-11,15:29:48.725000,11706,11707,11707,2
2019-12-11,15:29:55.072000,11706,11707,11707,3
2019-12-11,15:29:55.631000,11706,11707,11707,1
2019-12-11,15:29:56.027000,11706,11707,11706,20
2019-12-11,15:29:58.997000,11705,11706,11706,1
2019-12-11,15:30:01.724000,11705,11706,11705,3
2019-12-11,15:30:01.837000,11705,11706,11706,2
2019-12-11,15:30:01.874000,11705,11706,11705,1
2019-12-11,15:30:01.881000,11705,11706,11705,1
2019-12-11,15:30:01.999000,11705,11706,11705,1
2019-12-11,15:30:02.045000,11705,11706,11705,1
2019-12-11,15:30:02.091000,11705,11706,11705,4
2019-12-11,15:30:02.216000,11705,11706,11705,11
2019-12-11,15:30:02.327000,11705,11706,11705,1
2019-12-11,15:30:02.341000,11705,11706,11705,2
2019-12-11,15:30:03.144000,11705,11706,11705,1
2019-12-11,15:30:03.295000,11705,11706,11705,1
2019-12-11,15:30:05.389000,11704,11705,11705,2
2019-12-11,15:30:07.034000,11704,11705,11704,1
2019-12-11,15:30:07.117000,11704,11705,11704,1
2019-12-11,15:30:07.124000,11704,11705,11704,1
2019-12-11,15:30:07.260000,11704,11705,11705,1
2019-12-11,15:30:07.362000,11704,11705,11705,1
2019-12-11,15:30:07.830000,11704,11705,11704,4
2019-12-11,15:30:09.182000,11704,11705,11704,1
2019-12-11,15:30:09.921000,11704,11705,11704,1
2019-12-11,15:30:10.032000,11704,11705,11704,1
2019-12-11,15:30:10.381000,11704,11705,11704,2
2019-12-11,15:30:11.744000,11704,11705,11704,1
2019-12-11,15:30:11.764000,11704,11705,11704,1
2019-12-11,15:30:11.795000,11704,11705,11704,1
2019-12-11,15:30:12.598000,11704,11705,11704,1
2019-12-11,15:30:13.293000,11704,11705,11704,1
2019-12-11,15:30:13.782000,11704,11705,11704,2
2019-12-11,15:30:14.055000,11704,11705,11704,1
2019-12-11,15:30:14.420000,11704,11705,11704,7
2019-12-11,15:30:14.420000,11704,11705,11703,2
2019-12-11,15:30:14.514000,11703,11705,11703,1
2019-12-11,15:30:14.535000,11703,11705,11703,2
2019-12-11,15:30:14.557000,11703,11705,11703,1
2019-12-11,15:30:14.603000,11703,11705,11703,1
2019-12-11,15:30:15.927000,11703,11704,11704,3
2019-12-11,15:30:16.175000,11703,11704,11703,1
2019-12-11,15:30:16.241000,11703,11704,11703,1
2019-12-11,15:30:17.450000,11703,11704,11703,1
2019-12-11,15:30:17.650000,11703,11704,11703,1
2019-12-11,15:30:18.258000,11703,11704,11703,1
2019-12-11,15:30:18.365000,11703,11704,11703,1
2019-12-11,15:30:18.432000,11703,11704,11703,2
2019-12-11,15:30:18.432000,11703,11704,11703,2
2019-12-11,15:30:21.205000,11703,11704,11703,1
2019-12-11,15:30:21.242000,11703,11704,11703,1
2019-12-11,15:30:21.696000,11703,11704,11703,1
2019-12-11,15:30:22.064000,11703,11704,11703,8
2019-12-11,15:30:22.803000,11702,11703,11703,1
2019-12-11,15:30:23.272000,11702,11703,11703,1
2019-12-11,15:30:24.453000,11702,11703,11702,54
2019-12-11,15:30:24.513000,11701,11703,11701,3
2019-12-11,15:30:24.518000,11701,11703,11701,4
2019-12-11,15:30:24.883000,11701,11702,11701,1
2019-12-11,15:30:25.320000,11701,11702,11701,1
2019-12-11,15:30:25.553000,11701,11702,11701,1
2019-12-11,15:30:25.795000,11701,11702,11701,9
2019-12-11,15:30:26.832000,11701,11702,11701,1
2019-12-11,15:30:27.517000,11701,11702,11701,15
2019-12-11,15:30:27.591000,11701,11702,11701,1
2019-12-11,15:30:28.077000,11700,11701,11700,5
2019-12-11,15:30:28.105000,11700,11702,11700,3
2019-12-11,15:30:28.207000,11700,11702,11700,1
2019-12-11,15:30:28.262000,11700,11701,11700,1
2019-12-11,15:30:28.572000,11700,11701,11700,1
2019-12-11,15:30:28.671000,11700,11701,11700,4
2019-12-11,15:30:28.798000,11700,11701,11700,2
2019-12-11,15:30:29.918000,11700,11701,11700,1
2019-12-11,15:30:30.077000,11700,11701,11700,1
2019-12-11,15:30:30.142000,11700,11701,11700,1
2019-12-11,15:30:30.882000,11700,11701,11700,1
2019-12-11,15:30:31.680000,11700,11701,11700,1
2019-12-11,15:30:31.739000,11700,11701,11701,13
2019-12-11,15:30:31.792000,11700,11701,11701,1
2019-12-11,15:30:32.755000,11701,11702,11701,1
2019-12-11,15:30:33.295000,11701,11702,11701,4
2019-12-11,15:30:34.856000,11701,11702,11701,5
2019-12-11,15:30:35.458000,11701,11702,11701,1
2019-12-11,15:30:36.449000,11701,11702,11701,4
2019-12-11,15:30:36.467000,11700,11701,11701,6
2019-12-11,15:30:37.069000,11700,11702,11701,1
2019-12-11,15:30:37.736000,11700,11701,11700,1
2019-12-11,15:30:37.820000,11700,11701,11701,4
2019-12-11,15:30:38.720000,11700,11701,11701,1
2019-12-11,15:30:39.062000,11700,11701,11701,2
2019-12-11,15:30:39.105000,11700,11701,11700,3
2019-12-11,15:30:39.491000,11700,11701,11700,1
2019-12-11,15:30:39.517000,11700,11701,11700,4
2019-12-11,15:30:40.126000,11700,11701,11701,10
2019-12-11,15:30:40.390000,11700,11701,11701,1
2019-12-11,15:30:41.243000,11700,11701,11700,32
2019-12-11,15:30:41.466000,11700,11701,11700,2
2019-12-11,15:30:43.040000,11700,11701,11700,10
2019-12-11,15:30:43.092000,11699,11700,11700,2
2019-12-11,15:30:44.475000,11699,11700,11699,3
2019-12-11,15:30:44.669000,11699,11700,11699,1
2019-12-11,15:30:44.670000,11699,11700,11699,5
2019-12-11,15:30:45.067000,11699,11700,11700,1
2019-12-11,15:30:45.306000,11699,11700,11699,12
2019-12-11,15:30:45.341000,11698,11699,11699,10
2019-12-11,15:30:45.343000,11698,11699,11699,1
2019-12-11,15:30:46.091000,11698,11699,11699,1
2019-12-11,15:30:46.613000,11698,11699,11698,1
2019-12-11,15:30:47.564000,11698,11699,11698,1
2019-12-11,15:30:47.825000,11698,11699,11698,1
2019-12-11,15:30:47.841000,11698,11699,11698,1
2019-12-11,15:30:47.847000,11698,11699,11698,2
2019-12-11,15:30:47.869000,11698,11699,11698,2
2019-12-11,15:30:48.014000,11698,11699,11698,8
2019-12-11,15:30:48.043000,11698,11699,11698,4
2019-12-11,15:30:48.081000,11698,11699,11698,2
2019-12-11,15:30:48.091000,11698,11699,11698,4
2019-12-11,15:30:48.216000,11697,11699,11697,1
2019-12-11,15:30:48.634000,11697,11698,11697,4
2019-12-11,15:30:48.893000,11697,11698,11697,1
2019-12-11,15:30:49.016000,11697,11698,11697,1
2019-12-11,15:30:49.276000,11697,11698,11697,1
2019-12-11,15:30:49.342000,11697,11698,11698,12
2019-12-11,15:30:49.748000,11697,11698,11697,1
2019-12-11,15:30:49.769000,11697,11698,11698,2
2019-12-11,15:30:49.858000,11697,11699,11697,1
2019-12-11,15:30:50.348000,11697,11698,11697,5
2019-12-11,15:30:50.541000,11697,11698,11697,5
2019-12-11,15:30:50.557000,11697,11698,11698,2
2019-12-11,15:30:50.899000,11697,11698,11697,1
2019-12-11,15:30:50.970000,11697,11698,11698,1
2019-12-11,15:30:50.974000,11697,11698,11698,2
2019-12-11,15:30:51.097000,11697,11698,11697,5
2019-12-11,15:30:51.111000,11697,11698,11697,1
2019-12-11,15:30:51.277000,11697,11698,11697,5
2019-12-11,15:30:51.408000,11697,11698,11698,1
2019-12-11,15:30:51.452000,11697,11698,11697,5
2019-12-11,15:30:52.055000,11697,11698,11697,1
2019-12-11,15:30:52.101000,11697,11698,11698,1
2019-12-11,15:30:52.626000,11697,11698,11698,2
2019-12-11,15:30:54.343000,11698,11699,11699,1
2019-12-11,15:30:54.632000,11698,11699,11698,1
2019-12-11,15:30:54.646000,11698,11699,11698,1
2019-12-11,15:30:55.012000,11698,11699,11698,1
2019-12-11,15:30:55.822000,11698,11699,11698,4
2019-12-11,15:30:55.944000,11698,11699,11698,1
2019-12-11,15:30:56.289000,11698,11699,11698,1
2019-12-11,15:30:57.478000,11698,11699,11698,2
2019-12-11,15:30:57.478000,11698,11699,11697,3
2019-12-11,15:30:57.869000,11698,11699,11698,1
2019-12-11,15:30:57.869000,11698,11699,11697,4
2019-12-11,15:30:58.043000,11697,11699,11698,1
2019-12-11,15:30:58.103000,11697,11699,11697,1
2019-12-11,15:30:58.392000,11697,11699,11697,1
2019-12-11,15:31:00.582000,11698,11699,11698,3
2019-12-11,15:31:00.772000,11698,11699,11698,1
2019-12-11,15:31:02.255000,11698,11699,11698,1
2019-12-11,15:31:02.395000,11698,11699,11698,3
2019-12-11,15:31:02.523000,11698,11699,11698,1
2019-12-11,15:31:02.523000,11698,11699,11697,3
2019-12-11,15:31:05.642000,11697,11698,11697,10
2019-12-11,15:31:05.828000,11697,11698,11697,1
2019-12-11,15:31:06.077000,11697,11698,11698,3
2019-12-11,15:31:06.092000,11697,11698,11697,11
2019-12-11,15:31:06.216000,11697,11698,11697,3
2019-12-11,15:31:06.531000,11696,11698,11698,1
2019-12-11,15:31:07.583000,11696,11698,11696,1
2019-12-11,15:31:07.808000,11696,11698,11696,1
2019-12-11,15:31:07.810000,11696,11698,11696,5
2019-12-11,15:31:07.840000,11696,11698,11696,1
2019-12-11,15:31:07.946000,11696,11698,11696,1
2019-12-11,15:31:09.002000,11696,11697,11696,1
2019-12-11,15:31:09.957000,11696,11698,11696,1
2019-12-11,15:31:10.660000,11696,11698,11696,1
2019-12-11,15:31:11.830000,11696,11697,11697,1
2019-12-11,15:31:12.837000,11696,11697,11696,3
2019-12-11,15:31:13.515000,11696,11697,11697,1
2019-12-11,15:31:13.855000,11696,11697,11696,1
2019-12-11,15:31:14.015000,11696,11697,11696,10
2019-12-11,15:31:14.303000,11696,11697,11697,3
2019-12-11,15:31:14.919000,11696,11697,11696,20
2019-12-11,15:31:14.987000,11696,11697,11696,1
2019-12-11,15:31:16.618000,11696,11697,11696,1
2019-12-11,15:31:16.674000,11696,11697,11696,10
2019-12-11,15:31:18.056000,11696,11697,11696,1
2019-12-11,15:31:18.456000,11696,11697,11697,5
2019-12-11,15:31:19.287000,11696,11697,11697,1
2019-12-11,15:31:19.651000,11696,11697,11696,1
2019-12-11,15:31:19.993000,11696,11697,11697,1
2019-12-11,15:31:20.093000,11696,11697,11697,1
2019-12-11,15:31:21.118000,11696,11697,11696,2
2019-12-11,15:31:22.242000,11696,11697,11697,4
2019-12-11,15:31:22.683000,11696,11697,11696,1
2019-12-11,15:31:23.489000,11696,11697,11697,6
2019-12-11,15:31:24.907000,11697,11698,11697,1
2019-12-11,15:31:25.497000,11697,11698,11697,1
2019-12-11,15:31:25.920000,11697,11698,11697,1
2019-12-11,15:31:27.157000,11697,11698,11698,2
2019-12-11,15:31:27.517000,11697,11698,11697,2
2019-12-11,15:31:27.785000,11697,11698,11697,1
2019-12-11,15:31:28.327000,11697,11698,11698,15
2019-12-11,15:31:29.849000,11698,11699,11698,1
2019-12-11,15:31:32.773000,11698,11699,11698,2
2019-12-11,15:31:34.294000,11698,11699,11699,1
2019-12-11,15:31:35.373000,11698,11699,11699,1
2019-12-11,15:31:37.216000,11698,11699,11699,6
2019-12-11,15:31:37.341000,11698,11699,11699,6
2019-12-11,15:31:40.442000,11699,11700,11699,1
2019-12-11,15:31:42.142000,11699,11700,11700,20
2019-12-11,15:31:42.341000,11699,11700,11700,1
2019-12-11,15:31:42.466000,11699,11700,11700,1
2019-12-11,15:31:43.504000,11700,11701,11700,1
2019-12-11,15:31:43.657000,11700,11701,11701,4
2019-12-11,15:31:47.233000,11700,11702,11702,2
2019-12-11,15:31:49.500000,11701,11702,11702,1
2019-12-11,15:31:51.767000,11701,11702,11701,21
2019-12-11,15:31:53.212000,11700,11701,11700,23
2019-12-11,15:31:53.213000,11700,11701,11700,2
2019-12-11,15:32:03.655000,11700,11701,11700,1
2019-12-11,15:32:03.918000,11700,11701,11701,2
2019-12-11,15:32:04.175000,11700,11701,11700,1
2019-12-11,15:32:04.373000,11699,11701,11699,1
2019-12-11,15:32:04.565000,11699,11700,11699,10
2019-12-11,15:32:04.824000,11699,11700,11700,1
2019-12-11,15:32:07.068000,11699,11700,11700,1
2019-12-11,15:32:08.503000,11699,11700,11699,1
2019-12-11,15:32:11.829000,11699,11700,11699,1
2019-12-11,15:32:11.966000,11699,11700,11699,1
2019-12-11,15:32:12.091000,11699,11700,11699,6
2019-12-11,15:32:12.571000,11698,11699,11699,5
2019-12-11,15:32:22.947000,11698,11699,11698,1
2019-12-11,15:32:26.261000,11698,11699,11699,12
2019-12-11,15:32:26.394000,11698,11699,11698,1
2019-12-11,15:32:29.036000,11698,11699,11698,2
2019-12-11,15:32:29.091000,11698,11699,11698,3
2019-12-11,15:32:29.091000,11698,11699,11698,6
2019-12-11,15:32:32.837000,11697,11698,11698,1
2019-12-11,15:32:32.876000,11697,11698,11698,8
2019-12-11,15:32:32.876000,11697,11698,11698,1
2019-12-11,15:32:32.876000,11697,11698,11698,1
2019-12-11,15:32:32.914000,11697,11698,11698,1
2019-12-11,15:32:38.951000,11698,11699,11699,7
2019-12-11,15:32:41.952000,11698,11700,11698,1
2019-12-11,15:32:42.882000,11698,11700,11700,2
2019-12-11,15:32:44.086000,11699,11700,11699,1
2019-12-11,15:32:44.387000,11699,11700,11699,1
2019-12-11,15:32:45.501000,11699,11700,11699,1
2019-12-11,15:32:47.157000,11699,11700,11699,1
2019-12-11,15:32:47.375000,11699,11700,11699,1
2019-12-11,15:32:51.096000,11698,11700,11698,1
2019-12-11,15:32:51.435000,11698,11699,11700,2
2019-12-11,15:32:59.710000,11699,11700,11699,1
2019-12-11,15:33:00.484000,11699,11700,11699,1
2019-12-11,15:33:01.923000,11698,11699,11699,1
2019-12-11,15:33:04.120000,11699,11700,11699,1
2019-12-11,15:33:07.318000,11699,11700,11699,1
2019-12-11,15:33:07.609000,11699,11700,11699,1
2019-12-11,15:33:10.090000,11699,11700,11700,1
2019-12-11,15:33:11.843000,11699,11700,11699,3
2019-12-11,15:33:12.856000,11699,11700,11699,10
2019-12-11,15:33:12.856000,11699,11700,11698,10
2019-12-11,15:33:12.858000,11699,11700,11699,1
2019-12-11,15:33:12.860000,11699,11700,11699,1
2019-12-11,15:33:15.316000,11699,11700,11699,1
2019-12-11,15:33:15.377000,11699,11700,11700,1
2019-12-11,15:33:16.349000,11699,11700,11699,1
2019-12-11,15:33:17.633000,11699,11700,11700,1
2019-12-11,15:33:19.857000,11699,11700,11700,1
2019-12-11,15:33:22.025000,11699,11700,11700,8
2019-12-11,15:33:22.091000,11699,11700,11700,11
2019-12-11,15:33:22.091000,11699,11700,11700,2
2019-12-11,15:33:23.942000,11700,11701,11701,2
2019-12-11,15:33:26.312000,11700,11701,11701,2
2019-12-11,15:33:27.523000,11700,11701,11701,4
2019-12-11,15:33:28.007000,11700,11701,11701,5
2019-12-11,15:33:33.196000,11700,11701,11701,5
2019-12-11,15:33:37.034000,11700,11701,11701,1
2019-12-11,15:33:37.903000,11700,11701,11700,1
2019-12-11,15:33:38.279000,11700,11701,11701,4
2019-12-11,15:33:39.986000,11700,11701,11701,4
2019-12-11,15:33:42.968000,11700,11701,11701,3
2019-12-11,15:33:46.850000,11700,11701,11701,2
2019-12-11,15:33:52.243000,11700,11701,11700,1
2019-12-11,15:33:53.661000,11700,11701,11700,1
2019-12-11,15:33:54.719000,11700,11701,11700,2
2019-12-11,15:33:54.841000,11700,11701,11700,1
2019-12-11,15:33:54.897000,11700,11701,11700,1
2019-12-11,15:33:54.966000,11700,11701,11700,1
2019-12-11,15:33:55.091000,11700,11701,11700,2
2019-12-11,15:33:55.116000,11700,11701,11700,2
2019-12-11,15:34:02.081000,11699,11700,11700,3
2019-12-11,15:34:02.961000,11699,11700,11700,3
2019-12-11,15:34:03.136000,11699,11700,11699,1
2019-12-11,15:34:03.308000,11699,11700,11699,1
2019-12-11,15:34:06.853000,11699,11700,11700,1
2019-12-11,15:34:07.145000,11699,11700,11700,1
2019-12-11,15:34:10.666000,11699,11700,11700,2
2019-12-11,15:34:17.935000,11699,11700,11700,1
2019-12-11,15:34:27.072000,11699,11700,11700,1
2019-12-11,15:34:28.505000,11699,11700,11700,2
2019-12-11,15:34:28.578000,11699,11700,11700,1
2019-12-11,15:34:30.321000,11699,11700,11700,1
2019-12-11,15:34:31.709000,11699,11700,11700,2
2019-12-11,15:34:35.309000,11699,11700,11700,1
2019-12-11,15:34:36.145000,11699,11700,11700,1
2019-12-11,15:34:40.226000,11699,11700,11700,10
2019-12-11,15:34:45.256000,11699,11700,11700,2
2019-12-11,15:34:46.871000,11699,11700,11700,1
2019-12-11,15:34:47.274000,11699,11700,11700,2
2019-12-11,15:34:48.399000,11699,11700,11700,1
2019-12-11,15:34:51.441000,11699,11700,11699,4
2019-12-11,15:34:51.657000,11699,11700,11700,3
2019-12-11,15:34:55.137000,11699,11700,11700,4
2019-12-11,15:35:02.216000,11699,11700,11699,8
2019-12-11,15:35:02.341000,11699,11700,11699,7
2019-12-11,15:35:02.657000,11698,11699,11699,1
2019-12-11,15:35:03.435000,11698,11699,11699,1
2019-12-11,15:35:08.739000,11698,11699,11699,2
2019-12-11,15:35:09.091000,11698,11699,11699,1
2019-12-11,15:35:11.258000,11699,11700,11700,2
2019-12-11,15:35:11.990000,11699,11700,11699,1
2019-12-11,15:35:11.990000,11699,11700,11698,4
2019-12-11,15:35:13.401000,11698,11699,11699,1
2019-12-11,15:35:15.687000,11698,11699,11698,2
2019-12-11,15:35:17.301000,11698,11699,11699,1
2019-12-11,15:35:17.615000,11698,11699,11698,1
2019-12-11,15:35:18.868000,11698,11699,11699,1
2019-12-11,15:35:20.985000,11698,11699,11699,1
2019-12-11,15:35:26.009000,11699,11700,11700,1
2019-12-11,15:35:27.743000,11699,11700,11700,1
2019-12-11,15:35:28.637000,11699,11700,11700,9
2019-12-11,15:35:28.716000,11699,11700,11700,19
2019-12-11,15:35:28.716000,11699,11700,11700,4
2019-12-11,15:35:28.841000,11699,11700,11700,1
2019-12-11,15:35:28.841000,11699,11700,11700,3
2019-12-11,15:35:28.841000,11699,11700,11700,2
2019-12-11,15:35:28.841000,11699,11700,11700,9
2019-12-11,15:35:28.841000,11699,11700,11700,4
2019-12-11,15:35:28.841000,11699,11700,11700,3
2019-12-11,15:35:28.841000,11699,11700,11700,1
2019-12-11,15:35:28.841000,11699,11700,11700,2
2019-12-11,15:35:28.843000,11699,11700,11700,1
2019-12-11,15:35:28.859000,11699,11700,11700,5
2019-12-11,15:35:29.003000,11700,11701,11700,1
2019-12-11,15:35:31.902000,11700,11701,11700,5
2019-12-11,15:35:32.966000,11700,11701,11700,1
2019-12-11,15:35:34.930000,11700,11701,11700,5
2019-12-11,15:35:35.417000,11700,11701,11700,1
2019-12-11,15:35:39.566000,11700,11701,11700,1
2019-12-11,15:35:39.827000,11700,11701,11701,1
2019-12-11,15:35:41.051000,11700,11701,11701,1
2019-12-11,15:35:41.177000,11700,11701,11700,2
2019-12-11,15:35:41.608000,11700,11701,11700,1
2019-12-11,15:35:42.178000,11700,11701,11701,2
2019-12-11,15:35:44.224000,11700,11701,11700,1
2019-12-11,15:36:06.212000,11700,11701,11700,2
2019-12-11,15:36:08.716000,11700,11701,11700,24
2019-12-11,15:36:08.841000,11700,11701,11700,3
2019-12-11,15:36:08.841000,11700,11701,11700,13
2019-12-11,15:36:08.841000,11700,11701,11700,2
2019-12-11,15:36:25.323000,11699,11700,11700,1
2019-12-11,15:36:27.985000,11699,11700,11700,2
2019-12-11,15:36:30.747000,11699,11700,11700,1
2019-12-11,15:36:30.841000,11699,11700,11700,2
2019-12-11,15:36:34.661000,11699,11700,11700,1
2019-12-11,15:36:36.424000,11699,11700,11700,1
2019-12-11,15:36:38.228000,11699,11700,11700,1
2019-12-11,15:36:48.661000,11699,11700,11700,4
2019-12-11,15:36:48.731000,11699,11700,11700,1
2019-12-11,15:36:51.203000,11699,11700,11699,1
2019-12-11,15:36:51.234000,11699,11700,11699,1
2019-12-11,15:36:51.960000,11699,11700,11700,1
2019-12-11,15:36:54.909000,11699,11700,11700,1
2019-12-11,15:36:55.939000,11699,11700,11700,1
2019-12-11,15:36:56.118000,11699,11700,11700,1
2019-12-11,15:36:56.671000,11699,11700,11700,1
2019-12-11,15:36:57.071000,11699,11700,11700,1
2019-12-11,15:37:01.172000,11700,11701,11701,1
2019-12-11,15:37:08.597000,11700,11701,11701,1
2019-12-11,15:37:10.556000,11700,11701,11700,1
2019-12-11,15:37:15.616000,11700,11701,11701,4
2019-12-11,15:37:15.716000,11700,11701,11701,12
2019-12-11,15:37:15.716000,11700,11701,11701,4
2019-12-11,15:37:15.842000,11700,11701,11701,31
2019-12-11,15:37:15.966000,11700,11701,11701,5
2019-12-11,15:37:15.966000,11700,11701,11701,1
2019-12-11,15:37:15.966000,11700,11701,11701,4
2019-12-11,15:37:15.966000,11700,11701,11701,3
2019-12-11,15:37:16.622000,11701,11702,11701,2
2019-12-11,15:37:22.812000,11701,11702,11701,1
2019-12-11,15:37:23.527000,11701,11702,11701,1
2019-12-11,15:37:27.684000,11701,11702,11701,1
2019-12-11,15:37:27.900000,11701,11702,11701,1
2019-12-11,15:37:27.966000,11701,11702,11701,1
2019-12-11,15:37:27.966000,11701,11702,11701,1
2019-12-11,15:37:28.216000,11700,11701,11701,1
2019-12-11,15:37:29.897000,11700,11701,11701,1
2019-12-11,15:37:29.946000,11700,11701,11701,1
2019-12-11,15:37:40.711000,11701,11702,11701,1
2019-12-11,15:37:40.904000,11700,11701,11701,1
2019-12-11,15:37:56.703000,11700,11701,11701,2
2019-12-11,15:37:56.759000,11700,11701,11701,1
2019-12-11,15:37:59.886000,11700,11701,11701,1
2019-12-11,15:38:02.981000,11700,11701,11701,1
2019-12-11,15:38:19.169000,11701,11702,11702,1
2019-12-11,15:38:19.242000,11701,11702,11702,1
2019-12-11,15:38:19.265000,11701,11702,11702,1
2019-12-11,15:38:19.828000,11701,11702,11702,2
2019-12-11,15:38:24.958000,11701,11702,11702,30
2019-12-11,15:38:25.235000,11701,11702,11701,1
2019-12-11,15:38:27.672000,11701,11702,11702,1
2019-12-11,15:38:32.810000,11701,11702,11701,1
2019-12-11,15:38:34.209000,11701,11702,11702,1
2019-12-11,15:38:41.114000,11701,11702,11702,1
2019-12-11,15:38:47.032000,11701,11702,11702,4
2019-12-11,15:38:47.395000,11701,11702,11701,1
2019-12-11,15:38:48.735000,11701,11702,11702,1
2019-12-11,15:38:53.153000,11701,11702,11702,2
2019-12-11,15:38:53.917000,11701,11702,11702,1
2019-12-11,15:38:54.891000,11701,11702,11702,1
2019-12-11,15:38:57.716000,11701,11702,11702,1
2019-12-11,15:39:01.443000,11701,11702,11701,1
2019-12-11,15:39:01.552000,11701,11702,11702,1
2019-12-11,15:39:06.652000,11701,11702,11702,1
2019-12-11,15:39:12.946000,11701,11702,11702,1
2019-12-11,15:39:15.635000,11701,11702,11702,1
2019-12-11,15:39:19.194000,11701,11702,11702,1
2019-12-11,15:39:19.240000,11701,11702,11702,2
2019-12-11,15:39:26.097000,11701,11702,11701,1
2019-12-11,15:39:27.836000,11701,11702,11701,1
2019-12-11,15:39:30.087000,11701,11702,11701,2
2019-12-11,15:39:30.087000,11701,11702,11701,2
2019-12-11,15:39:30.091000,11701,11702,11701,2
2019-12-11,15:39:30.091000,11701,11702,11701,16
2019-12-11,15:39:41.073000,11700,11701,11700,20
2019-12-11,15:39:41.091000,11700,11701,11700,5
2019-12-11,15:39:41.091000,11700,11701,11700,1
2019-12-11,15:39:41.216000,11700,11701,11700,2
2019-12-11,15:39:41.241000,11700,11701,11700,2
2019-12-11,15:39:46.363000,11699,11700,11700,1
2019-12-11,15:39:50.424000,11699,11700,11699,3
2019-12-11,15:40:01.393000,11699,11700,11699,1
2019-12-11,15:40:03.467000,11699,11700,11699,9
2019-12-11,15:40:11.615000,11698,11699,11699,1
2019-12-11,15:40:22.953000,11698,11699,11699,1
2019-12-11,15:40:23.607000,11698,11699,11699,5
2019-12-11,15:40:32.131000,11698,11699,11699,1
2019-12-11,15:40:38.896000,11698,11699,11699,1
2019-12-11,15:40:39.770000,11698,11699,11698,1
2019-12-11,15:40:40.102000,11698,11699,11698,2
2019-12-11,15:40:44.501000,11698,11699,11699,2
2019-12-11,15:40:45.885000,11698,11699,11699,1
2019-12-11,15:40:45.885000,11698,11699,11699,1
2019-12-11,15:40:47.183000,11698,11699,11699,1
2019-12-11,15:40:51.719000,11698,11699,11699,1
2019-12-11,15:40:56.231000,11698,11699,11699,1
2019-12-11,15:40:58.526000,11699,11700,11699,1
2019-12-11,15:41:05.197000,11698,11699,11699,1
2019-12-11,15:41:08.936000,11698,11699,11698,1
2019-12-11,15:41:09.946000,11698,11699,11698,1
2019-12-11,15:41:10.486000,11698,11699,11698,1
2019-12-11,15:41:11.087000,11698,11699,11699,1
2019-12-11,15:41:14.085000,11698,11699,11698,1
2019-12-11,15:41:15.852000,11698,11699,11699,1
2019-12-11,15:41:18.021000,11698,11699,11699,1
2019-12-11,15:41:19.534000,11698,11699,11699,1
2019-12-11,15:41:21.634000,11698,11699,11698,2
2019-12-11,15:41:23.897000,11698,11699,11698,1
2019-12-11,15:41:24.027000,11698,11699,11699,1
2019-12-11,15:41:25.805000,11698,11699,11699,1
2019-12-11,15:41:27.194000,11698,11699,11699,1
2019-12-11,15:41:28.128000,11698,11699,11698,1
2019-12-11,15:41:35.756000,11698,11699,11699,1
2019-12-11,15:41:36.666000,11698,11699,11698,1
2019-12-11,15:41:37.679000,11698,11699,11699,1
2019-12-11,15:41:41.687000,11698,11699,11699,1
2019-12-11,15:41:43.466000,11698,11699,11699,8
2019-12-11,15:41:43.467000,11698,11699,11699,4
2019-12-11,15:42:04.716000,11699,11700,11700,10
2019-12-11,15:42:04.716000,11699,11700,11700,3
2019-12-11,15:42:04.841000,11699,11700,11700,9
2019-12-11,15:42:04.842000,11699,11700,11700,5
2019-12-11,15:42:04.966000,11699,11700,11700,2
2019-12-11,15:42:04.966000,11699,11700,11700,2
2019-12-11,15:42:04.966000,11699,11700,11700,4
2019-12-11,15:42:04.966000,11699,11700,11700,1
2019-12-11,15:42:04.966000,11699,11700,11700,1
2019-12-11,15:42:05.486000,11700,11701,11700,16
2019-12-11,15:42:13.695000,11700,11702,11700,1
2019-12-11,15:42:36.025000,11700,11701,11700,1
2019-12-11,15:42:55.241000,11700,11701,11701,2
2019-12-11,15:42:56.288000,11700,11701,11700,1
2019-12-11,15:42:59.043000,11700,11701,11701,1
2019-12-11,15:43:00.137000,11701,11702,11702,3
2019-12-11,15:43:00.889000,11701,11702,11701,5
2019-12-11,15:43:16.209000,11700,11701,11701,1
2019-12-11,15:43:19.237000,11700,11701,11701,21
2019-12-11,15:43:19.861000,11701,11702,11702,1
2019-12-11,15:43:21.109000,11701,11702,11702,20
2019-12-11,15:43:25.849000,11702,11703,11702,6
2019-12-11,15:43:28.944000,11701,11702,11702,1
2019-12-11,15:43:31.613000,11701,11702,11702,1
2019-12-11,15:43:48.338000,11701,11702,11702,1
2019-12-11,15:43:54.092000,11701,11702,11701,10
2019-12-11,15:43:56.842000,11700,11701,11700,10
2019-12-11,15:43:56.966000,11700,11701,11700,21
2019-12-11,15:44:04.685000,11699,11700,11699,2
2019-12-11,15:44:04.854000,11699,11700,11699,1
2019-12-11,15:44:05.091000,11699,11700,11699,4
2019-12-11,15:44:13.693000,11699,11700,11699,1
2019-12-11,15:44:14.154000,11699,11700,11699,1
2019-12-11,15:44:22.807000,11699,11700,11699,1
2019-12-11,15:44:29.514000,11699,11700,11700,3
2019-12-11,15:44:40.074000,11699,11700,11700,2
2019-12-11,15:44:50.269000,11699,11700,11700,1
2019-12-11,15:44:58.837000,11699,11700,11700,2
2019-12-11,15:45:01.631000,11699,11700,11700,2
2019-12-11,15:45:02.092000,11699,11700,11699,5
2019-12-11,15:45:02.092000,11699,11700,11699,5
2019-12-11,15:45:02.468000,11699,11700,11700,2
2019-12-11,15:45:02.786000,11699,11700,11699,2
2019-12-11,15:45:08.957000,11699,11700,11699,1
2019-12-11,15:45:15.771000,11699,11700,11700,2
2019-12-11,15:45:15.849000,11699,11700,11700,1
2019-12-11,15:45:15.967000,11699,11700,11700,4
2019-12-11,15:45:17.536000,11700,11701,11701,7
2019-12-11,15:45:30.297000,11700,11702,11702,2
2019-12-11,15:45:44.631000,11700,11701,11701,1
2019-12-11,15:45:52.681000,11701,11702,11701,2
2019-12-11,15:45:54.837000,11700,11701,11701,1
2019-12-11,15:46:03.778000,11700,11701,11701,1
2019-12-11,15:46:06.841000,11700,11701,11701,4
2019-12-11,15:46:06.966000,11700,11701,11701,2
2019-12-11,15:46:10.026000,11701,11702,11701,1
2019-12-11,15:46:25.308000,11701,11702,11702,1
2019-12-11,15:46:32.615000,11701,11702,11701,12
2019-12-11,15:46:32.701000,11701,11702,11701,1
2019-12-11,15:46:32.717000,11700,11701,11701,14
2019-12-11,15:46:32.717000,11700,11701,11701,3
2019-12-11,15:46:35.324000,11701,11702,11700,1
2019-12-11,15:47:37.836000,11700,11701,11700,1
2019-12-11,15:47:52.546000,11700,11701,11700,12
2019-12-11,15:48:01.725000,11700,11701,11701,1
2019-12-11,15:48:43.581000,11700,11701,11701,4
2019-12-11,15:49:09.663000,11700,11701,11701,1
2019-12-11,15:49:09.902000,11700,11701,11701,1
2019-12-11,15:49:10.139000,11700,11701,11701,9
2019-12-11,15:49:10.619000,11701,11702,11702,1
2019-12-11,15:49:15.622000,11701,11702,11702,1
2019-12-11,15:49:15.713000,11701,11702,11702,9
2019-12-11,15:49:16.716000,11701,11702,11702,3
2019-12-11,15:49:16.841000,11701,11702,11702,2
2019-12-11,15:49:21.592000,11702,11703,11703,10
2019-12-11,15:49:21.861000,11703,11704,11704,1
2019-12-11,15:49:21.867000,11703,11704,11704,1
2019-12-11,15:49:21.906000,11703,11704,11704,1
2019-12-11,15:49:22.054000,11703,11704,11704,1
2019-12-11,15:49:22.098000,11703,11704,11704,1
2019-12-11,15:49:22.317000,11703,11704,11704,1
2019-12-11,15:49:22.592000,11703,11704,11704,1
2019-12-11,15:49:22.713000,11703,11704,11704,2
2019-12-11,15:49:23.247000,11703,11704,11704,1
2019-12-11,15:49:25.488000,11703,11704,11703,1
2019-12-11,15:49:25.711000,11703,11704,11704,1
2019-12-11,15:49:29.320000,11703,11704,11703,4
2019-12-11,15:49:31.522000,11703,11704,11704,1
2019-12-11,15:49:34.278000,11703,11704,11703,1
2019-12-11,15:49:38.008000,11703,11704,11704,25
2019-12-11,15:49:39.884000,11703,11704,11704,2
2019-12-11,15:49:41.078000,11703,11704,11703,1
2019-12-11,15:49:41.141000,11703,11704,11704,2
2019-12-11,15:49:41.718000,11704,11705,11704,1
2019-12-11,15:49:43.137000,11704,11705,11705,2
2019-12-11,15:49:43.237000,11704,11705,11705,1
2019-12-11,15:49:43.540000,11704,11705,11705,2
2019-12-11,15:49:44.022000,11704,11705,11705,1
2019-12-11,15:49:44.250000,11704,11705,11705,1
2019-12-11,15:49:46.008000,11704,11705,11705,11
2019-12-11,15:49:47.270000,11704,11705,11705,1
2019-12-11,15:49:48.870000,11704,11705,11705,1
2019-12-11,15:49:48.889000,11704,11705,11706,1
2019-12-11,15:49:49.002000,11704,11706,11706,1
2019-12-11,15:49:49.028000,11704,11706,11706,1
2019-12-11,15:49:49.134000,11704,11706,11706,1
2019-12-11,15:49:49.165000,11704,11706,11706,1
2019-12-11,15:49:49.642000,11705,11706,11706,30
2019-12-11,15:49:49.967000,11706,11707,11706,6
2019-12-11,15:49:49.967000,11706,11707,11706,2
2019-12-11,15:49:51.785000,11705,11706,11706,1
2019-12-11,15:49:53.736000,11705,11706,11706,2
2019-12-11,15:49:58.064000,11705,11706,11706,1
2019-12-11,15:49:58.462000,11705,11706,11706,4
2019-12-11,15:49:58.688000,11705,11706,11706,1
2019-12-11,15:49:59.332000,11705,11706,11705,26
2019-12-11,15:49:59.491000,11704,11705,11705,5
2019-12-11,15:49:59.797000,11704,11705,11705,1
2019-12-11,15:50:00.476000,11704,11705,11705,2
2019-12-11,15:50:01.702000,11704,11705,11705,1
2019-12-11,15:50:06.757000,11704,11705,11705,1
2019-12-11,15:50:08.485000,11704,11705,11705,1
2019-12-11,15:50:08.522000,11704,11705,11705,1
2019-12-11,15:50:09.695000,11704,11705,11705,1
2019-12-11,15:50:10.334000,11704,11705,11705,1
2019-12-11,15:50:17.339000,11704,11705,11705,1
2019-12-11,15:50:18.259000,11704,11705,11704,5
2019-12-11,15:50:18.406000,11704,11705,11705,5
2019-12-11,15:50:18.863000,11704,11705,11705,4
2019-12-11,15:50:19.572000,11705,11706,11706,5
2019-12-11,15:50:20.740000,11705,11706,11706,2
2019-12-11,15:50:26.206000,11705,11706,11706,2
2019-12-11,15:50:29.473000,11705,11706,11706,1
2019-12-11,15:50:30.069000,11705,11706,11706,2
2019-12-11,15:50:30.548000,11705,11706,11706,1
2019-12-11,15:50:35.707000,11705,11706,11706,2
2019-12-11,15:50:36.031000,11705,11706,11706,1
2019-12-11,15:50:37.811000,11706,11707,11707,4
2019-12-11,15:50:37.871000,11706,11707,11707,1
2019-12-11,15:50:37.945000,11706,11707,11707,1
2019-12-11,15:50:40.412000,11706,11707,11707,3
2019-12-11,15:50:42.677000,11706,11707,11707,3
2019-12-11,15:50:44.238000,11706,11707,11707,2
2019-12-11,15:50:44.627000,11706,11707,11707,2
2019-12-11,15:50:44.948000,11706,11707,11707,3
2019-12-11,15:50:45.282000,11706,11707,11707,1
2019-12-11,15:50:47.352000,11706,11707,11706,1
2019-12-11,15:50:47.549000,11706,11707,11707,1
2019-12-11,15:50:47.559000,11706,11707,11707,5
2019-12-11,15:50:53.852000,11706,11707,11707,1
2019-12-11,15:50:54.364000,11706,11707,11707,1
2019-12-11,15:50:56.906000,11706,11707,11707,2
2019-12-11,15:51:00.221000,11706,11707,11707,1
2019-12-11,15:51:00.468000,11706,11707,11707,1
2019-12-11,15:51:00.558000,11706,11707,11707,1
2019-12-11,15:51:02.141000,11706,11707,11706,2
2019-12-11,15:51:07.428000,11706,11707,11707,1
2019-12-11,15:51:09.553000,11706,11707,11707,5
2019-12-11,15:51:19.964000,11706,11707,11707,1
