2020-12-30,15:00:00.040000,14646,14647,14646,92
2020-12-30,15:00:00.041000,14646,14647,14646,2
2020-12-30,15:00:00.075000,14646,14647,14647,2
2020-12-30,15:00:00.099000,14646,14647,14647,2
2020-12-30,15:00:00.111000,14646,14647,14646,4
2020-12-30,15:00:00.111000,14646,14647,14646,2
2020-12-30,15:00:00.128000,14646,14647,14645,1
2020-12-30,15:00:00.135000,14645,14647,14647,1
2020-12-30,15:00:00.142000,14645,14647,14645,2
2020-12-30,15:00:00.149000,14645,14647,14645,1
2020-12-30,15:00:00.181000,14645,14647,14646,1
2020-12-30,15:00:00.193000,14645,14647,14645,2
2020-12-30,15:00:00.199000,14645,14647,14645,1
2020-12-30,15:00:00.199000,14645,14647,14644,1
2020-12-30,15:00:00.255000,14645,14647,14646,3
2020-12-30,15:00:00.276000,14646,14647,14646,1
2020-12-30,15:00:00.280000,14646,14647,14647,1
2020-12-30,15:00:00.318000,14646,14647,14647,2
2020-12-30,15:00:00.319000,14646,14647,14647,1
2020-12-30,15:00:00.322000,14646,14647,14647,3
2020-12-30,15:00:00.323000,14646,14647,14647,1
2020-12-30,15:00:00.326000,14646,14647,14646,1
2020-12-30,15:00:00.328000,14646,14647,14647,1
2020-12-30,15:00:00.336000,14646,14647,14647,2
2020-12-30,15:00:00.341000,14646,14647,14647,3
2020-12-30,15:00:00.342000,14646,14647,14647,1
2020-12-30,15:00:00.346000,14646,14647,14646,1
2020-12-30,15:00:00.386000,14646,14647,14646,11
2020-12-30,15:00:00.406000,14646,14647,14647,1
2020-12-30,15:00:00.459000,14646,14647,14647,2
2020-12-30,15:00:00.459000,14646,14647,14648,1
2020-12-30,15:00:00.540000,14646,14648,14648,3
2020-12-30,15:00:00.577000,14646,14648,14648,1
2020-12-30,15:00:00.653000,14646,14648,14648,1
2020-12-30,15:00:00.765000,14646,14648,14646,1
2020-12-30,15:00:00.771000,14646,14648,14648,1
2020-12-30,15:00:00.778000,14646,14648,14647,1
2020-12-30,15:00:00.780000,14646,14648,14647,1
2020-12-30,15:00:00.794000,14646,14648,14648,1
2020-12-30,15:00:00.825000,14646,14648,14647,1
2020-12-30,15:00:00.862000,14646,14648,14648,2
2020-12-30,15:00:00.873000,14646,14648,14648,1
2020-12-30,15:00:00.965000,14647,14648,14647,1
2020-12-30,15:00:01.029000,14647,14648,14648,1
2020-12-30,15:00:01.049000,14647,14648,14648,1
2020-12-30,15:00:01.093000,14647,14648,14648,1
2020-12-30,15:00:01.095000,14647,14648,14648,2
2020-12-30,15:00:01.100000,14647,14648,14647,1
2020-12-30,15:00:01.155000,14647,14649,14647,1
2020-12-30,15:00:01.196000,14647,14649,14649,2
2020-12-30,15:00:01.278000,14646,14648,14648,6
2020-12-30,15:00:01.278000,14646,14648,14649,1
2020-12-30,15:00:01.373000,14646,14648,14649,1
2020-12-30,15:00:01.375000,14646,14648,14649,1
2020-12-30,15:00:01.380000,14646,14648,14649,1
2020-12-30,15:00:01.420000,14647,14649,14649,1
2020-12-30,15:00:01.438000,14647,14649,14647,2
2020-12-30,15:00:01.438000,14647,14649,14647,1
2020-12-30,15:00:01.457000,14647,14649,14649,1
2020-12-30,15:00:01.475000,14647,14649,14649,1
2020-12-30,15:00:01.512000,14647,14649,14649,1
2020-12-30,15:00:01.518000,14647,14649,14647,1
2020-12-30,15:00:01.558000,14647,14649,14649,1
2020-12-30,15:00:01.723000,14647,14649,14649,1
2020-12-30,15:00:01.883000,14647,14649,14647,1
2020-12-30,15:00:02.025000,14647,14649,14647,1
2020-12-30,15:00:02.030000,14647,14649,14647,1
2020-12-30,15:00:02.032000,14647,14649,14647,1
2020-12-30,15:00:02.032000,14647,14649,14647,1
2020-12-30,15:00:02.036000,14647,14649,14647,1
2020-12-30,15:00:02.047000,14647,14649,14647,1
2020-12-30,15:00:02.051000,14647,14649,14647,1
2020-12-30,15:00:02.061000,14647,14649,14646,1
2020-12-30,15:00:02.129000,14647,14649,14646,1
2020-12-30,15:00:02.231000,14646,14648,14647,1
2020-12-30,15:00:02.287000,14646,14648,14648,2
2020-12-30,15:00:02.293000,14646,14648,14648,2
2020-12-30,15:00:02.460000,14647,14648,14648,4
2020-12-30,15:00:02.511000,14648,14649,14648,4
2020-12-30,15:00:02.511000,14648,14649,14647,2
2020-12-30,15:00:02.681000,14647,14648,14648,1
2020-12-30,15:00:03.205000,14647,14648,14647,1
2020-12-30,15:00:03.285000,14646,14647,14646,1
2020-12-30,15:00:03.332000,14646,14647,14646,1
2020-12-30,15:00:03.365000,14646,14647,14646,1
2020-12-30,15:00:03.492000,14646,14647,14646,1
2020-12-30,15:00:03.617000,14646,14647,14647,1
2020-12-30,15:00:03.617000,14646,14647,14648,3
2020-12-30,15:00:03.642000,14647,14648,14648,4
2020-12-30,15:00:03.642000,14647,14648,14649,1
2020-12-30,15:00:03.751000,14647,14648,14649,1
2020-12-30,15:00:03.771000,14647,14649,14649,1
2020-12-30,15:00:03.889000,14647,14649,14649,2
2020-12-30,15:00:03.942000,14647,14649,14647,1
2020-12-30,15:00:03.992000,14647,14649,14647,1
2020-12-30,15:00:04.230000,14647,14648,14648,1
2020-12-30,15:00:04.244000,14647,14648,14648,1
2020-12-30,15:00:04.244000,14647,14648,14649,1
2020-12-30,15:00:04.265000,14647,14649,14649,1
2020-12-30,15:00:04.489000,14647,14649,14647,1
2020-12-30,15:00:04.851000,14647,14648,14648,1
2020-12-30,15:00:04.870000,14647,14648,14649,1
2020-12-30,15:00:04.898000,14647,14649,14648,1
2020-12-30,15:00:04.938000,14647,14649,14647,1
2020-12-30,15:00:05.471000,14647,14648,14648,1
2020-12-30,15:00:05.472000,14647,14648,14649,1
2020-12-30,15:00:05.472000,14647,14648,14649,1
2020-12-30,15:00:05.489000,14647,14648,14647,1
2020-12-30,15:00:05.559000,14647,14649,14648,1
2020-12-30,15:00:05.605000,14647,14649,14647,3
2020-12-30,15:00:05.605000,14647,14649,14646,2
2020-12-30,15:00:06.329000,14647,14649,14649,2
2020-12-30,15:00:06.332000,14647,14649,14649,1
2020-12-30,15:00:06.332000,14647,14649,14649,1
2020-12-30,15:00:06.332000,14647,14649,14649,1
2020-12-30,15:00:06.332000,14647,14649,14649,1
2020-12-30,15:00:06.332000,14647,14649,14649,1
2020-12-30,15:00:06.335000,14647,14649,14649,1
2020-12-30,15:00:06.339000,14647,14649,14649,1
2020-12-30,15:00:06.339000,14647,14649,14649,1
2020-12-30,15:00:06.590000,14647,14649,14649,2
2020-12-30,15:00:06.801000,14647,14649,14647,1
2020-12-30,15:00:06.822000,14647,14649,14647,2
2020-12-30,15:00:06.849000,14647,14649,14647,2
2020-12-30,15:00:06.849000,14647,14649,14646,1
2020-12-30,15:00:07.350000,14647,14648,14647,1
2020-12-30,15:00:07.452000,14647,14648,14646,5
2020-12-30,15:00:07.751000,14647,14648,14647,2
2020-12-30,15:00:07.751000,14647,14648,14646,1
2020-12-30,15:00:08.728000,14646,14647,14646,2
2020-12-30,15:00:08.756000,14646,14647,14646,30
2020-12-30,15:00:08.756000,14646,14647,14646,32
2020-12-30,15:00:08.757000,14646,14647,14645,1
2020-12-30,15:00:08.757000,14646,14647,14645,1
2020-12-30,15:00:09.853000,14644,14645,14645,1
2020-12-30,15:00:10.506000,14644,14645,14644,1
2020-12-30,15:00:10.631000,14643,14644,14643,3
2020-12-30,15:00:10.753000,14643,14644,14642,1
2020-12-30,15:00:10.756000,14642,14644,14642,3
2020-12-30,15:00:10.802000,14642,14644,14642,1
2020-12-30,15:00:10.832000,14642,14644,14642,2
2020-12-30,15:00:11.756000,14642,14644,14642,1
2020-12-30,15:00:12.460000,14642,14644,14644,2
2020-12-30,15:00:12.794000,14642,14644,14642,1
2020-12-30,15:00:12.810000,14642,14644,14642,1
2020-12-30,15:00:13.109000,14642,14643,14642,2
2020-12-30,15:00:13.465000,14642,14643,14642,1
2020-12-30,15:00:13.496000,14642,14643,14642,1
2020-12-30,15:00:13.791000,14641,14643,14641,1
2020-12-30,15:00:14.325000,14641,14642,14642,2
2020-12-30,15:00:15.256000,14642,14643,14643,1
2020-12-30,15:00:15.512000,14642,14643,14643,1
2020-12-30,15:00:15.833000,14642,14644,14642,1
2020-12-30,15:00:15.857000,14642,14644,14642,1
2020-12-30,15:00:15.872000,14642,14644,14642,1
2020-12-30,15:00:15.973000,14642,14644,14644,1
2020-12-30,15:00:16.151000,14642,14644,14644,1
2020-12-30,15:00:16.922000,14642,14644,14644,1
2020-12-30,15:00:17.006000,14642,14644,14644,1
2020-12-30,15:00:17.064000,14642,14644,14643,1
2020-12-30,15:00:17.719000,14643,14645,14645,1
2020-12-30,15:00:18.506000,14644,14645,14645,1
2020-12-30,15:00:18.631000,14644,14646,14646,9
2020-12-30,15:00:18.756000,14644,14646,14646,4
2020-12-30,15:00:18.839000,14644,14646,14647,1
2020-12-30,15:00:19.437000,14645,14647,14647,1
2020-12-30,15:00:19.765000,14645,14647,14647,1
2020-12-30,15:00:20.050000,14645,14647,14645,1
2020-12-30,15:00:20.054000,14645,14647,14644,2
2020-12-30,15:00:20.325000,14645,14646,14645,3
2020-12-30,15:00:21.421000,14644,14646,14644,1
2020-12-30,15:00:22.754000,14644,14646,14646,1
2020-12-30,15:00:24.810000,14644,14646,14644,1
2020-12-30,15:00:27.298000,14644,14646,14644,1
2020-12-30,15:00:27.665000,14644,14645,14644,5
2020-12-30,15:00:28.347000,14644,14645,14644,1
2020-12-30,15:00:29.008000,14644,14645,14644,1
2020-12-30,15:00:29.476000,14644,14645,14645,1
2020-12-30,15:00:29.593000,14644,14645,14644,8
2020-12-30,15:00:29.594000,14644,14645,14644,4
2020-12-30,15:00:32.693000,14644,14645,14644,1
2020-12-30,15:00:32.892000,14644,14645,14644,1
2020-12-30,15:00:33.133000,14644,14645,14645,1
2020-12-30,15:00:33.296000,14644,14645,14645,2
2020-12-30,15:00:35.244000,14644,14645,14644,1
2020-12-30,15:00:35.505000,14644,14645,14644,2
2020-12-30,15:00:39.918000,14644,14645,14644,2
2020-12-30,15:00:39.956000,14644,14645,14645,1
2020-12-30,15:00:42.540000,14644,14645,14644,1
2020-12-30,15:00:45.941000,14644,14645,14645,1
2020-12-30,15:00:46.038000,14644,14645,14645,19
2020-12-30,15:00:46.131000,14645,14646,14646,1
2020-12-30,15:00:49.397000,14645,14646,14645,1
2020-12-30,15:00:52.456000,14644,14645,14645,1
2020-12-30,15:00:52.639000,14644,14645,14645,1
2020-12-30,15:00:54.038000,14644,14645,14645,2
2020-12-30,15:00:56.551000,14644,14645,14645,1
2020-12-30,15:00:56.571000,14644,14645,14645,1
2020-12-30,15:00:57.356000,14644,14645,14644,5
2020-12-30,15:00:57.393000,14644,14645,14644,1
2020-12-30,15:00:57.585000,14644,14645,14644,2
2020-12-30,15:00:57.678000,14644,14645,14645,1
2020-12-30,15:00:58.559000,14644,14645,14645,1
2020-12-30,15:01:00.013000,14644,14645,14645,2
2020-12-30,15:01:00.089000,14644,14645,14645,2
2020-12-30,15:01:00.092000,14644,14645,14645,4
2020-12-30,15:01:00.104000,14644,14645,14646,1
2020-12-30,15:01:00.128000,14644,14645,14646,1
2020-12-30,15:01:00.139000,14644,14646,14644,1
2020-12-30,15:01:00.148000,14644,14646,14644,1
2020-12-30,15:01:00.159000,14644,14646,14644,1
2020-12-30,15:01:00.161000,14644,14646,14646,1
2020-12-30,15:01:00.188000,14644,14646,14644,1
2020-12-30,15:01:00.198000,14644,14646,14646,1
2020-12-30,15:01:00.242000,14644,14646,14646,1
2020-12-30,15:01:00.258000,14644,14646,14646,2
2020-12-30,15:01:00.293000,14644,14646,14644,1
2020-12-30,15:01:00.881000,14644,14645,14645,1
2020-12-30,15:01:01.006000,14644,14645,14645,1
2020-12-30,15:01:01.474000,14644,14646,14644,1
2020-12-30,15:01:01.691000,14644,14646,14644,2
2020-12-30,15:01:01.999000,14644,14645,14644,6
2020-12-30,15:01:02.006000,14644,14645,14644,7
2020-12-30,15:01:02.506000,14643,14644,14643,16
2020-12-30,15:01:02.536000,14643,14644,14642,3
2020-12-30,15:01:02.631000,14642,14643,14642,7
2020-12-30,15:01:04.408000,14642,14643,14642,1
2020-12-30,15:01:05.007000,14642,14643,14642,2
2020-12-30,15:01:05.627000,14641,14643,14642,1
2020-12-30,15:01:05.718000,14641,14643,14643,1
2020-12-30,15:01:06.932000,14641,14642,14642,1
2020-12-30,15:01:07.265000,14641,14642,14642,1
2020-12-30,15:01:07.382000,14641,14643,14641,1
2020-12-30,15:01:09.716000,14641,14642,14642,1
2020-12-30,15:01:09.739000,14641,14642,14641,2
2020-12-30,15:01:10.032000,14641,14642,14641,1
2020-12-30,15:01:10.070000,14641,14642,14642,2
2020-12-30,15:01:10.090000,14641,14642,14642,2
2020-12-30,15:01:10.416000,14642,14643,14643,4
2020-12-30,15:01:10.861000,14642,14644,14642,1
2020-12-30,15:01:11.506000,14643,14644,14644,4
2020-12-30,15:01:11.756000,14643,14645,14645,16
2020-12-30,15:01:11.881000,14644,14646,14646,10
2020-12-30,15:01:12.102000,14645,14646,14646,1
2020-12-30,15:01:12.213000,14645,14646,14645,1
2020-12-30,15:01:13.942000,14645,14646,14645,1
2020-12-30,15:01:15.400000,14645,14646,14646,1
2020-12-30,15:01:16.153000,14645,14646,14645,3
2020-12-30,15:01:16.153000,14645,14646,14644,3
2020-12-30,15:01:17.024000,14644,14646,14646,1
2020-12-30,15:01:17.132000,14644,14645,14644,1
2020-12-30,15:01:21.080000,14644,14645,14644,1
2020-12-30,15:01:21.080000,14644,14645,14644,1
2020-12-30,15:01:21.245000,14643,14645,14645,1
2020-12-30,15:01:22.418000,14643,14645,14644,1
2020-12-30,15:01:22.718000,14643,14645,14644,1
2020-12-30,15:01:25.403000,14643,14645,14643,2
2020-12-30,15:01:25.465000,14643,14645,14643,2
2020-12-30,15:01:25.465000,14643,14645,14642,4
2020-12-30,15:01:36.205000,14643,14644,14644,1
2020-12-30,15:01:37.504000,14643,14644,14644,1
2020-12-30,15:01:38.260000,14643,14645,14643,6
2020-12-30,15:01:41.290000,14644,14645,14645,1
2020-12-30,15:01:41.290000,14644,14645,14645,1
2020-12-30,15:01:41.290000,14644,14645,14645,1
2020-12-30,15:01:51.337000,14644,14645,14644,1
2020-12-30,15:01:51.340000,14644,14645,14644,2
2020-12-30,15:01:53.758000,14643,14644,14644,1
2020-12-30,15:01:57.592000,14644,14645,14645,9
2020-12-30,15:01:59.538000,14645,14646,14645,1
2020-12-30,15:02:00.074000,14644,14646,14646,1
2020-12-30,15:02:00.095000,14644,14646,14646,1
2020-12-30,15:02:00.149000,14645,14646,14645,1
2020-12-30,15:02:01.907000,14644,14646,14644,1
2020-12-30,15:02:07.241000,14645,14646,14645,1
2020-12-30,15:02:07.659000,14645,14646,14645,1
2020-12-30,15:02:08.189000,14645,14646,14646,1
2020-12-30,15:02:08.856000,14645,14646,14645,1
2020-12-30,15:02:10.259000,14645,14646,14646,1
2020-12-30,15:02:10.503000,14645,14646,14645,2
2020-12-30,15:02:10.694000,14645,14646,14645,1
2020-12-30,15:02:13.229000,14645,14646,14646,1
2020-12-30,15:02:13.229000,14645,14646,14646,1
2020-12-30,15:02:13.229000,14645,14646,14646,1
2020-12-30,15:02:13.229000,14645,14646,14646,1
2020-12-30,15:02:13.229000,14645,14646,14646,1
2020-12-30,15:02:13.229000,14645,14646,14646,1
2020-12-30,15:02:13.290000,14646,14647,14646,1
2020-12-30,15:02:13.689000,14646,14647,14647,2
2020-12-30,15:02:15.869000,14646,14647,14647,1
2020-12-30,15:02:16.681000,14646,14647,14647,1
2020-12-30,15:02:18.206000,14646,14647,14646,1
2020-12-30,15:02:19.036000,14646,14647,14647,22
2020-12-30,15:02:19.037000,14646,14647,14647,1
2020-12-30,15:02:19.037000,14646,14647,14647,1
2020-12-30,15:02:19.436000,14647,14648,14647,1
2020-12-30,15:02:19.893000,14647,14648,14648,1
2020-12-30,15:02:20.176000,14647,14648,14647,1
2020-12-30,15:02:20.236000,14647,14648,14647,1
2020-12-30,15:02:21.384000,14647,14648,14648,8
2020-12-30,15:02:21.568000,14647,14648,14647,4
2020-12-30,15:02:21.568000,14647,14648,14646,1
2020-12-30,15:02:21.630000,14647,14648,14647,1
2020-12-30,15:02:21.906000,14647,14648,14648,1
2020-12-30,15:02:22.359000,14647,14648,14647,1
2020-12-30,15:02:22.918000,14647,14648,14647,1
2020-12-30,15:02:22.949000,14647,14648,14647,1
2020-12-30,15:02:22.950000,14647,14648,14647,4
2020-12-30,15:02:23.238000,14646,14648,14647,1
2020-12-30,15:02:23.286000,14646,14648,14647,1
2020-12-30,15:02:24.464000,14647,14648,14647,2
2020-12-30,15:02:25.823000,14647,14648,14647,2
2020-12-30,15:02:25.917000,14647,14648,14648,1
2020-12-30,15:02:26.046000,14647,14648,14647,1
2020-12-30,15:02:26.094000,14647,14648,14647,1
2020-12-30,15:02:27.512000,14646,14647,14647,1
2020-12-30,15:02:28.063000,14646,14647,14647,1
2020-12-30,15:02:28.252000,14646,14647,14647,1
2020-12-30,15:02:28.429000,14646,14647,14647,1
2020-12-30,15:02:28.791000,14646,14647,14646,1
2020-12-30,15:02:28.853000,14646,14647,14646,1
2020-12-30,15:02:29.929000,14646,14647,14647,8
2020-12-30,15:02:33.899000,14647,14648,14647,2
2020-12-30,15:02:36.442000,14647,14648,14648,1
2020-12-30,15:02:37.166000,14647,14648,14647,3
2020-12-30,15:02:37.166000,14647,14648,14646,2
2020-12-30,15:02:37.332000,14646,14648,14648,1
2020-12-30,15:02:40.097000,14646,14647,14647,1
2020-12-30,15:02:45.078000,14647,14648,14648,2
2020-12-30,15:02:45.562000,14647,14648,14647,1
2020-12-30,15:02:46.905000,14647,14648,14647,5
2020-12-30,15:02:47.568000,14647,14648,14647,1
2020-12-30,15:02:47.569000,14647,14648,14647,2
2020-12-30,15:02:47.569000,14647,14648,14647,2
2020-12-30,15:02:47.808000,14646,14647,14647,2
2020-12-30,15:02:47.808000,14646,14647,14646,1
2020-12-30,15:02:47.856000,14646,14647,14646,1
2020-12-30,15:02:47.929000,14646,14647,14646,1
2020-12-30,15:02:47.947000,14646,14647,14646,1
2020-12-30,15:02:49.678000,14646,14647,14646,1
2020-12-30,15:02:51.938000,14646,14647,14646,2
2020-12-30,15:02:51.938000,14646,14647,14646,3
2020-12-30,15:02:53.036000,14645,14646,14645,1
2020-12-30,15:02:53.634000,14645,14646,14646,1
2020-12-30,15:02:54.237000,14645,14646,14646,1
2020-12-30,15:02:57.869000,14646,14647,14647,1
2020-12-30,15:02:59.835000,14646,14647,14647,1
2020-12-30,15:03:00.065000,14646,14647,14647,1
2020-12-30,15:03:00.151000,14646,14647,14646,1
2020-12-30,15:03:00.322000,14646,14647,14646,1
2020-12-30,15:03:00.792000,14646,14647,14646,1
2020-12-30,15:03:01.678000,14646,14647,14646,1
2020-12-30,15:03:02.288000,14646,14647,14646,2
2020-12-30,15:03:02.625000,14646,14647,14646,1
2020-12-30,15:03:02.940000,14646,14647,14646,1
2020-12-30,15:03:04.657000,14646,14647,14646,1
2020-12-30,15:03:06.309000,14646,14647,14647,1
2020-12-30,15:03:07.188000,14646,14647,14647,1
2020-12-30,15:03:07.869000,14646,14647,14646,1
2020-12-30,15:03:11.010000,14646,14647,14646,1
2020-12-30,15:03:11.864000,14646,14647,14646,1
2020-12-30,15:03:13.176000,14646,14647,14647,1
2020-12-30,15:03:21.061000,14646,14647,14647,5
2020-12-30,15:03:24.082000,14646,14647,14647,2
2020-12-30,15:03:29.424000,14646,14647,14647,2
2020-12-30,15:03:29.964000,14646,14647,14647,7
2020-12-30,15:03:31.389000,14646,14647,14647,1
2020-12-30,15:03:36.363000,14646,14647,14647,1
2020-12-30,15:03:37.908000,14646,14647,14647,1
2020-12-30,15:03:40.190000,14646,14647,14647,1
2020-12-30,15:03:44.678000,14646,14647,14647,1
2020-12-30,15:03:49.471000,14646,14647,14647,1
2020-12-30,15:03:50.128000,14646,14647,14646,2
2020-12-30,15:03:50.271000,14646,14647,14646,1
2020-12-30,15:03:53.898000,14646,14647,14646,2
2020-12-30,15:03:57.232000,14646,14647,14647,1
2020-12-30,15:03:58.018000,14646,14647,14647,1
2020-12-30,15:03:58.674000,14646,14647,14647,1
2020-12-30,15:03:59.371000,14646,14647,14647,1
2020-12-30,15:03:59.373000,14646,14647,14647,11
2020-12-30,15:04:01.540000,14647,14648,14647,1
2020-12-30,15:04:01.649000,14647,14648,14647,1
2020-12-30,15:04:02.001000,14647,14648,14648,1
2020-12-30,15:04:03.277000,14647,14648,14647,5
2020-12-30,15:04:03.282000,14647,14648,14647,1
2020-12-30,15:04:03.776000,14647,14648,14648,1
2020-12-30,15:04:03.793000,14647,14648,14647,1
2020-12-30,15:04:03.840000,14647,14648,14648,1
2020-12-30,15:04:03.853000,14647,14648,14647,1
2020-12-30,15:04:03.913000,14647,14648,14647,1
2020-12-30,15:04:03.914000,14647,14648,14647,1
2020-12-30,15:04:04.897000,14647,14648,14647,1
2020-12-30,15:04:05.017000,14647,14648,14647,1
2020-12-30,15:04:09.219000,14647,14648,14647,2
2020-12-30,15:04:14.076000,14647,14648,14648,1
2020-12-30,15:04:17.223000,14647,14648,14648,1
2020-12-30,15:04:17.270000,14647,14648,14648,13
2020-12-30,15:04:20.248000,14647,14648,14648,1
2020-12-30,15:04:21.493000,14647,14648,14647,1
2020-12-30,15:04:21.875000,14647,14648,14647,1
2020-12-30,15:04:22.131000,14647,14648,14648,1
2020-12-30,15:04:23.529000,14647,14648,14648,1
2020-12-30,15:04:23.827000,14647,14648,14648,1
2020-12-30,15:04:25.926000,14647,14648,14648,2
2020-12-30,15:04:27.393000,14648,14649,14648,2
2020-12-30,15:04:28.909000,14648,14649,14649,5
2020-12-30,15:04:29.235000,14648,14649,14649,3
2020-12-30,15:04:29.235000,14648,14649,14649,3
2020-12-30,15:04:29.235000,14648,14649,14649,5
2020-12-30,15:04:29.235000,14648,14649,14649,7
2020-12-30,15:04:29.235000,14648,14649,14649,4
2020-12-30,15:04:29.236000,14648,14649,14649,2
2020-12-30,15:04:29.245000,14648,14649,14650,2
2020-12-30,15:04:29.268000,14649,14650,14649,1
2020-12-30,15:04:29.316000,14649,14650,14650,1
2020-12-30,15:04:29.320000,14649,14650,14650,1
2020-12-30,15:04:29.435000,14648,14649,14649,1
2020-12-30,15:04:29.461000,14648,14649,14649,1
2020-12-30,15:04:29.468000,14648,14649,14648,1
2020-12-30,15:04:29.495000,14648,14649,14650,3
2020-12-30,15:04:29.965000,14648,14649,14649,1
2020-12-30,15:04:30.411000,14648,14649,14649,1
2020-12-30,15:04:30.803000,14648,14650,14648,1
2020-12-30,15:04:30.841000,14648,14650,14648,1
2020-12-30,15:04:31.599000,14647,14649,14649,5
2020-12-30,15:04:31.599000,14647,14649,14649,3
2020-12-30,15:04:31.599000,14647,14649,14649,2
2020-12-30,15:04:32.175000,14648,14649,14649,1
2020-12-30,15:04:36.981000,14648,14649,14649,2
2020-12-30,15:04:37.011000,14649,14650,14649,1
2020-12-30,15:04:37.558000,14649,14650,14649,1
2020-12-30,15:04:37.573000,14649,14650,14650,3
2020-12-30,15:04:44.510000,14649,14650,14649,1
2020-12-30,15:04:44.510000,14649,14650,14649,1
2020-12-30,15:04:44.570000,14649,14650,14649,1
2020-12-30,15:04:45.210000,14649,14650,14649,5
2020-12-30,15:04:45.211000,14649,14650,14649,1
2020-12-30,15:04:46.536000,14648,14649,14648,4
2020-12-30,15:04:46.683000,14648,14649,14649,3
2020-12-30,15:04:46.894000,14648,14649,14649,2
2020-12-30,15:04:48.497000,14648,14649,14649,6
2020-12-30,15:04:48.497000,14648,14649,14650,4
2020-12-30,15:04:48.792000,14648,14649,14649,4
2020-12-30,15:04:57.085000,14649,14650,14649,1
2020-12-30,15:04:57.085000,14649,14650,14649,1
2020-12-30,15:04:57.085000,14649,14650,14649,1
2020-12-30,15:04:57.085000,14649,14650,14649,1
2020-12-30,15:04:57.085000,14649,14650,14649,7
2020-12-30,15:04:57.159000,14648,14649,14649,1
2020-12-30,15:05:00.517000,14648,14649,14649,3
2020-12-30,15:05:00.651000,14648,14650,14648,1
2020-12-30,15:05:01.239000,14648,14649,14649,2
2020-12-30,15:05:01.329000,14648,14649,14649,1
2020-12-30,15:05:03.430000,14648,14649,14649,1
2020-12-30,15:05:07.560000,14648,14649,14649,1
2020-12-30,15:05:11.365000,14648,14649,14649,20
2020-12-30,15:05:11.949000,14649,14650,14649,1
2020-12-30,15:05:18.395000,14649,14650,14649,2
2020-12-30,15:05:20.179000,14649,14650,14649,1
2020-12-30,15:05:23.518000,14649,14650,14649,1
2020-12-30,15:05:25.381000,14649,14650,14649,1
2020-12-30,15:05:25.859000,14649,14650,14649,1
2020-12-30,15:05:29.355000,14649,14650,14649,1
2020-12-30,15:05:30.396000,14649,14650,14649,1
2020-12-30,15:05:31.338000,14649,14650,14649,1
2020-12-30,15:05:34.601000,14649,14650,14650,5
2020-12-30,15:05:34.728000,14649,14650,14650,2
2020-12-30,15:05:34.740000,14649,14650,14650,1
2020-12-30,15:05:34.743000,14649,14650,14650,1
2020-12-30,15:05:34.754000,14649,14650,14650,2
2020-12-30,15:05:34.801000,14649,14650,14650,1
2020-12-30,15:05:34.802000,14649,14650,14650,3
2020-12-30,15:05:34.802000,14649,14650,14650,12
2020-12-30,15:05:34.802000,14649,14650,14650,4
2020-12-30,15:05:34.802000,14649,14650,14650,2
2020-12-30,15:05:34.802000,14649,14650,14650,1
2020-12-30,15:05:34.803000,14649,14650,14650,1
2020-12-30,15:05:34.803000,14649,14650,14650,1
2020-12-30,15:05:34.803000,14649,14650,14650,1
2020-12-30,15:05:34.803000,14649,14650,14650,1
2020-12-30,15:05:34.803000,14649,14650,14650,2
2020-12-30,15:05:34.809000,14649,14650,14651,1
2020-12-30,15:05:34.840000,14649,14650,14651,1
2020-12-30,15:05:34.883000,14650,14651,14651,1
2020-12-30,15:05:34.985000,14650,14651,14651,1
2020-12-30,15:05:34.991000,14650,14651,14651,10
2020-12-30,15:05:34.992000,14650,14651,14651,1
2020-12-30,15:05:35.088000,14650,14651,14650,1
2020-12-30,15:05:35.140000,14650,14651,14651,1
2020-12-30,15:05:35.156000,14650,14651,14651,1
2020-12-30,15:05:35.237000,14650,14651,14651,1
2020-12-30,15:05:35.555000,14650,14651,14651,1
2020-12-30,15:05:35.739000,14650,14651,14651,1
2020-12-30,15:05:35.915000,14650,14651,14651,1
2020-12-30,15:05:35.956000,14650,14651,14651,1
2020-12-30,15:05:36.904000,14650,14651,14650,1
2020-12-30,15:05:37.080000,14650,14651,14651,4
2020-12-30,15:05:37.761000,14650,14651,14651,1
2020-12-30,15:05:38.522000,14650,14651,14651,22
2020-12-30,15:05:40.903000,14651,14652,14651,1
2020-12-30,15:05:41.143000,14651,14652,14651,1
2020-12-30,15:05:41.587000,14651,14652,14652,1
2020-12-30,15:05:41.903000,14651,14652,14652,2
2020-12-30,15:05:42.473000,14651,14652,14652,1
2020-12-30,15:05:42.474000,14651,14652,14652,11
2020-12-30,15:05:42.474000,14651,14652,14652,15
2020-12-30,15:05:42.622000,14652,14653,14652,1
2020-12-30,15:05:42.950000,14652,14653,14653,1
2020-12-30,15:05:43.090000,14652,14653,14653,7
2020-12-30,15:05:44.221000,14652,14653,14653,15
2020-12-30,15:05:44.896000,14653,14654,14654,1
2020-12-30,15:05:45.222000,14653,14654,14653,1
2020-12-30,15:05:45.607000,14653,14654,14653,1
2020-12-30,15:05:45.922000,14653,14654,14654,1
2020-12-30,15:05:46.156000,14653,14654,14653,1
2020-12-30,15:05:46.714000,14652,14653,14653,2
2020-12-30,15:05:46.714000,14652,14653,14654,2
2020-12-30,15:05:47.082000,14653,14654,14653,1
2020-12-30,15:05:47.594000,14653,14654,14654,1
2020-12-30,15:05:48.383000,14653,14654,14654,1
2020-12-30,15:05:48.759000,14653,14654,14654,1
2020-12-30,15:05:48.959000,14653,14654,14653,1
2020-12-30,15:05:49.074000,14653,14654,14654,1
2020-12-30,15:05:49.143000,14653,14654,14654,2
2020-12-30,15:05:49.410000,14653,14654,14653,1
2020-12-30,15:05:50.420000,14653,14654,14653,1
2020-12-30,15:05:50.569000,14652,14654,14654,2
2020-12-30,15:05:50.742000,14653,14654,14654,18
2020-12-30,15:05:51.754000,14654,14655,14654,2
2020-12-30,15:05:51.909000,14654,14655,14655,1
2020-12-30,15:05:52.430000,14654,14655,14654,2
2020-12-30,15:05:53.087000,14654,14655,14655,3
2020-12-30,15:05:53.433000,14654,14655,14655,1
2020-12-30,15:05:53.871000,14654,14655,14655,1
2020-12-30,15:05:54.225000,14654,14655,14655,1
2020-12-30,15:05:54.999000,14654,14655,14655,1
2020-12-30,15:05:55.619000,14654,14655,14655,1
2020-12-30,15:05:56.335000,14654,14655,14655,10
2020-12-30,15:05:56.336000,14654,14655,14655,1
2020-12-30,15:05:56.337000,14654,14655,14655,13
2020-12-30,15:05:56.675000,14655,14656,14656,2
2020-12-30,15:05:57.151000,14655,14656,14655,2
2020-12-30,15:05:57.151000,14655,14656,14654,2
2020-12-30,15:05:57.290000,14655,14656,14655,1
2020-12-30,15:05:58.224000,14655,14656,14655,2
2020-12-30,15:06:00.512000,14655,14656,14655,1
2020-12-30,15:06:00.669000,14654,14655,14654,1
2020-12-30,15:06:00.909000,14654,14655,14655,1
2020-12-30,15:06:01.262000,14654,14656,14656,1
2020-12-30,15:06:01.567000,14654,14656,14656,1
2020-12-30,15:06:02.089000,14654,14656,14654,1
2020-12-30,15:06:02.472000,14655,14656,14656,1
2020-12-30,15:06:03.223000,14655,14656,14656,1
2020-12-30,15:06:05.239000,14655,14656,14656,1
2020-12-30,15:06:05.666000,14655,14656,14656,2
2020-12-30,15:06:06.137000,14655,14656,14656,1
2020-12-30,15:06:06.556000,14655,14656,14655,1
2020-12-30,15:06:07.596000,14655,14656,14656,1
2020-12-30,15:06:07.876000,14655,14656,14656,2
2020-12-30,15:06:08.908000,14655,14656,14655,1
2020-12-30,15:06:10.732000,14655,14656,14655,3
2020-12-30,15:06:10.732000,14655,14656,14654,2
2020-12-30,15:06:10.798000,14654,14655,14655,3
2020-12-30,15:06:11.241000,14654,14656,14656,1
2020-12-30,15:06:11.427000,14654,14656,14654,3
2020-12-30,15:06:11.836000,14655,14656,14656,1
2020-12-30,15:06:12.538000,14655,14656,14655,2
2020-12-30,15:06:13.058000,14655,14656,14656,2
2020-12-30,15:06:13.567000,14655,14656,14656,2
2020-12-30,15:06:13.603000,14655,14656,14655,1
2020-12-30,15:06:14.308000,14655,14656,14655,1
2020-12-30,15:06:16.961000,14655,14656,14655,2
2020-12-30,15:06:19.603000,14655,14656,14656,2
2020-12-30,15:06:20.145000,14655,14656,14656,1
2020-12-30,15:06:20.870000,14655,14656,14656,2
2020-12-30,15:06:23.409000,14655,14656,14655,1
2020-12-30,15:06:24.653000,14655,14656,14656,1
2020-12-30,15:06:26.197000,14655,14656,14656,1
2020-12-30,15:06:30.178000,14655,14656,14656,2
2020-12-30,15:06:33.586000,14655,14656,14656,1
2020-12-30,15:06:34.487000,14655,14656,14656,1
2020-12-30,15:06:38.056000,14655,14656,14655,1
2020-12-30,15:06:39.668000,14655,14656,14656,1
2020-12-30,15:06:43.461000,14655,14656,14656,2
2020-12-30,15:06:43.585000,14655,14656,14656,2
2020-12-30,15:06:44.257000,14655,14656,14656,2
2020-12-30,15:06:44.669000,14655,14656,14656,5
2020-12-30,15:06:45.226000,14656,14657,14656,1
2020-12-30,15:06:46.732000,14655,14656,14656,3
2020-12-30,15:06:47.042000,14655,14656,14656,1
2020-12-30,15:06:48.968000,14655,14656,14656,3
2020-12-30,15:06:50.692000,14655,14656,14656,1
2020-12-30,15:06:51.799000,14655,14657,14655,1
2020-12-30,15:06:55.893000,14655,14656,14655,3
2020-12-30,15:06:58.828000,14655,14656,14655,1
2020-12-30,15:07:02.664000,14655,14656,14655,1
2020-12-30,15:07:02.776000,14655,14656,14655,1
2020-12-30,15:07:04.621000,14655,14656,14655,1
2020-12-30,15:07:04.789000,14655,14656,14655,2
2020-12-30,15:07:05.103000,14655,14656,14655,10
2020-12-30,15:07:05.103000,14655,14656,14655,1
2020-12-30,15:07:05.104000,14655,14656,14655,2
2020-12-30,15:07:06.208000,14654,14655,14654,1
2020-12-30,15:07:06.519000,14654,14655,14655,1
2020-12-30,15:07:07.252000,14654,14655,14655,1
2020-12-30,15:07:08.270000,14654,14655,14655,1
2020-12-30,15:07:09.351000,14654,14655,14655,2
2020-12-30,15:07:12.600000,14654,14655,14655,1
2020-12-30,15:07:13.131000,14654,14655,14654,15
2020-12-30,15:07:13.256000,14653,14654,14653,2
2020-12-30,15:07:13.564000,14652,14654,14652,2
2020-12-30,15:07:13.818000,14652,14654,14652,4
2020-12-30,15:07:14.419000,14652,14654,14654,1
2020-12-30,15:07:14.585000,14652,14654,14652,3
2020-12-30,15:07:14.753000,14652,14654,14654,1
2020-12-30,15:07:15.262000,14652,14654,14654,3
2020-12-30,15:07:20.733000,14652,14653,14652,1
2020-12-30,15:07:20.985000,14652,14653,14652,2
2020-12-30,15:07:22.006000,14652,14653,14652,1
2020-12-30,15:07:22.756000,14652,14653,14652,1
2020-12-30,15:07:22.881000,14652,14653,14652,1
2020-12-30,15:07:27.181000,14652,14653,14652,1
2020-12-30,15:07:27.695000,14651,14653,14652,1
2020-12-30,15:07:29.368000,14652,14653,14652,2
2020-12-30,15:07:31.585000,14652,14653,14652,1
2020-12-30,15:07:31.631000,14652,14653,14652,1
2020-12-30,15:07:31.631000,14652,14653,14652,1
2020-12-30,15:07:34.475000,14651,14652,14652,1
2020-12-30,15:07:34.615000,14651,14652,14652,1
2020-12-30,15:07:35.898000,14651,14652,14651,1
2020-12-30,15:07:36.939000,14651,14652,14651,1
2020-12-30,15:07:38.170000,14651,14652,14652,2
2020-12-30,15:07:42.082000,14651,14652,14651,5
2020-12-30,15:07:43.303000,14651,14652,14652,1
2020-12-30,15:07:44.881000,14651,14652,14652,5
2020-12-30,15:07:45.119000,14652,14653,14653,1
2020-12-30,15:07:45.131000,14652,14653,14653,4
2020-12-30,15:07:45.347000,14652,14654,14654,1
2020-12-30,15:07:45.554000,14652,14654,14652,1
2020-12-30,15:07:45.637000,14652,14654,14652,1
2020-12-30,15:07:47.058000,14652,14654,14652,2
2020-12-30,15:07:56.982000,14652,14653,14652,1
2020-12-30,15:07:57.631000,14652,14653,14653,2
2020-12-30,15:07:57.959000,14652,14654,14652,1
2020-12-30,15:08:01.236000,14652,14654,14652,1
2020-12-30,15:08:01.275000,14652,14654,14652,1
2020-12-30,15:08:01.443000,14652,14654,14652,1
2020-12-30,15:08:01.450000,14652,14654,14652,1
2020-12-30,15:08:01.506000,14652,14654,14652,1
2020-12-30,15:08:02.028000,14652,14654,14652,1
2020-12-30,15:08:03.210000,14652,14654,14653,1
2020-12-30,15:08:04.122000,14652,14654,14653,1
2020-12-30,15:08:04.131000,14652,14653,14653,1
2020-12-30,15:08:05.407000,14653,14654,14653,2
2020-12-30,15:08:05.918000,14653,14654,14653,1
2020-12-30,15:08:09.631000,14653,14654,14654,9
2020-12-30,15:08:09.632000,14653,14654,14654,1
2020-12-30,15:08:09.632000,14653,14654,14654,1
2020-12-30,15:08:09.632000,14653,14654,14654,3
2020-12-30,15:08:17.837000,14654,14655,14655,2
2020-12-30,15:08:18.379000,14654,14655,14654,2
2020-12-30,15:08:18.379000,14654,14655,14653,10
2020-12-30,15:08:19.266000,14653,14655,14655,1
2020-12-30,15:08:20.938000,14653,14654,14654,1
2020-12-30,15:08:25.679000,14654,14655,14654,1
2020-12-30,15:08:25.801000,14654,14655,14655,1
2020-12-30,15:08:26.418000,14654,14655,14654,1
2020-12-30,15:08:26.990000,14654,14655,14654,1
2020-12-30,15:08:27.606000,14654,14655,14655,1
2020-12-30,15:08:30.959000,14654,14655,14655,10
2020-12-30,15:08:36.431000,14654,14655,14655,1
2020-12-30,15:08:36.993000,14654,14655,14654,1
2020-12-30,15:08:38.765000,14654,14655,14654,1
2020-12-30,15:08:38.892000,14654,14655,14654,1
2020-12-30,15:08:39.490000,14654,14655,14655,1
2020-12-30,15:08:40.347000,14654,14655,14654,1
2020-12-30,15:08:40.956000,14654,14655,14654,1
2020-12-30,15:08:42.259000,14654,14655,14654,1
2020-12-30,15:08:42.555000,14654,14655,14654,1
2020-12-30,15:08:44.219000,14654,14655,14654,1
2020-12-30,15:08:44.555000,14654,14655,14655,1
2020-12-30,15:08:45.395000,14654,14655,14654,1
2020-12-30,15:08:45.520000,14654,14655,14654,4
2020-12-30,15:08:45.907000,14654,14655,14654,1
2020-12-30,15:08:47.427000,14654,14655,14654,1
2020-12-30,15:08:48.316000,14654,14655,14654,1
2020-12-30,15:08:49.058000,14654,14655,14655,1
2020-12-30,15:08:49.912000,14654,14655,14654,1
2020-12-30,15:08:52.371000,14654,14655,14654,1
2020-12-30,15:09:01.158000,14654,14655,14654,1
2020-12-30,15:09:01.277000,14654,14655,14654,1
2020-12-30,15:09:04.399000,14654,14655,14654,1
2020-12-30,15:09:09.362000,14654,14655,14654,1
2020-12-30,15:09:13.766000,14654,14655,14654,1
2020-12-30,15:09:15.578000,14654,14655,14655,12
2020-12-30,15:09:17.511000,14655,14656,14656,2
2020-12-30,15:09:17.754000,14655,14656,14656,1
2020-12-30,15:09:17.755000,14655,14656,14656,1
2020-12-30,15:09:17.756000,14655,14656,14656,4
2020-12-30,15:09:17.757000,14655,14656,14656,3
2020-12-30,15:09:17.758000,14655,14656,14656,1
2020-12-30,15:09:17.785000,14655,14656,14656,1
2020-12-30,15:09:17.822000,14655,14656,14655,1
2020-12-30,15:09:18.011000,14655,14656,14656,2
2020-12-30,15:09:19.013000,14655,14656,14656,2
2020-12-30,15:09:19.100000,14655,14656,14657,2
2020-12-30,15:09:19.217000,14655,14657,14655,1
2020-12-30,15:09:19.230000,14655,14657,14656,1
2020-12-30,15:09:19.365000,14655,14656,14656,1
2020-12-30,15:09:19.447000,14655,14656,14656,1
2020-12-30,15:09:19.447000,14655,14656,14657,1
2020-12-30,15:09:19.461000,14655,14656,14657,1
2020-12-30,15:09:20.013000,14655,14657,14657,3
2020-12-30,15:09:20.014000,14655,14657,14657,2
2020-12-30,15:09:20.016000,14655,14657,14657,4
2020-12-30,15:09:20.950000,14655,14657,14656,1
2020-12-30,15:09:22.013000,14654,14656,14656,1
2020-12-30,15:09:22.014000,14654,14656,14656,1
2020-12-30,15:09:22.154000,14654,14656,14655,2
2020-12-30,15:09:25.048000,14654,14656,14654,1
2020-12-30,15:09:30.506000,14655,14656,14655,4
2020-12-30,15:09:31.270000,14654,14655,14654,2
2020-12-30,15:09:32.569000,14654,14655,14655,1
2020-12-30,15:09:32.720000,14654,14655,14655,3
2020-12-30,15:09:33.687000,14655,14656,14656,2
2020-12-30,15:09:40.268000,14655,14656,14656,1
2020-12-30,15:09:40.757000,14655,14656,14655,1
2020-12-30,15:09:40.926000,14655,14656,14655,1
2020-12-30,15:09:42.285000,14655,14656,14656,5
2020-12-30,15:09:42.941000,14655,14656,14655,1
2020-12-30,15:09:45.500000,14655,14656,14656,1
2020-12-30,15:09:48.021000,14655,14656,14656,2
2020-12-30,15:09:50.015000,14655,14656,14656,1
2020-12-30,15:09:50.240000,14655,14656,14656,2
2020-12-30,15:09:50.256000,14655,14656,14656,2
2020-12-30,15:09:53.300000,14656,14657,14657,1
2020-12-30,15:09:54.236000,14656,14657,14657,1
2020-12-30,15:09:55.661000,14656,14657,14656,1
2020-12-30,15:10:00.603000,14656,14657,14657,1
2020-12-30,15:10:00.649000,14656,14657,14656,1
2020-12-30,15:10:00.756000,14656,14657,14657,1
2020-12-30,15:10:00.786000,14656,14657,14657,1
2020-12-30,15:10:00.966000,14656,14657,14656,2
2020-12-30,15:10:01.040000,14656,14657,14657,2
2020-12-30,15:10:01.040000,14656,14657,14658,3
2020-12-30,15:10:01.211000,14656,14657,14657,2
2020-12-30,15:10:01.211000,14656,14657,14658,1
2020-12-30,15:10:01.222000,14656,14657,14658,1
2020-12-30,15:10:01.314000,14656,14658,14656,1
2020-12-30,15:10:01.599000,14656,14658,14656,1
2020-12-30,15:10:01.992000,14656,14658,14656,1
2020-12-30,15:10:01.995000,14656,14658,14656,1
2020-12-30,15:10:05.266000,14656,14657,14656,1
2020-12-30,15:10:05.312000,14656,14657,14656,2
2020-12-30,15:10:07.724000,14656,14657,14656,4
2020-12-30,15:10:07.724000,14656,14657,14655,1
2020-12-30,15:10:17.157000,14656,14657,14656,4
2020-12-30,15:10:18.665000,14655,14656,14656,2
2020-12-30,15:10:20.252000,14655,14656,14656,5
2020-12-30,15:10:22.087000,14656,14657,14656,1
2020-12-30,15:10:27.372000,14656,14657,14656,1
2020-12-30,15:10:31.009000,14656,14657,14656,1
2020-12-30,15:10:33.194000,14656,14657,14656,4
2020-12-30,15:10:33.724000,14655,14656,14656,1
2020-12-30,15:10:43.371000,14656,14657,14656,1
2020-12-30,15:10:46.979000,14655,14657,14657,1
2020-12-30,15:10:55.881000,14655,14656,14655,25
2020-12-30,15:10:57.631000,14654,14655,14654,3
2020-12-30,15:10:57.631000,14654,14655,14654,10
2020-12-30,15:10:58.235000,14653,14655,14655,1
2020-12-30,15:10:59.006000,14654,14655,14654,1
2020-12-30,15:11:02.544000,14653,14655,14655,1
2020-12-30,15:11:02.650000,14653,14655,14653,1
2020-12-30,15:11:03.048000,14653,14655,14655,1
2020-12-30,15:11:04.041000,14653,14655,14653,2
2020-12-30,15:11:04.475000,14653,14655,14653,10
2020-12-30,15:11:06.166000,14653,14654,14653,1
2020-12-30,15:11:10.318000,14653,14654,14653,1
2020-12-30,15:11:14.158000,14653,14654,14653,1
2020-12-30,15:11:16.279000,14652,14653,14653,1
2020-12-30,15:11:17.062000,14652,14654,14652,4
2020-12-30,15:11:18.599000,14652,14654,14652,2
2020-12-30,15:11:18.667000,14652,14654,14654,1
2020-12-30,15:11:21.630000,14652,14653,14653,1
2020-12-30,15:11:21.887000,14652,14653,14653,1
2020-12-30,15:11:25.193000,14652,14653,14653,1
2020-12-30,15:11:26.378000,14652,14653,14653,5
2020-12-30,15:11:28.894000,14652,14653,14652,11
2020-12-30,15:11:37.578000,14652,14653,14653,2
2020-12-30,15:11:37.586000,14652,14653,14654,2
2020-12-30,15:11:42.582000,14652,14654,14652,2
2020-12-30,15:11:47.123000,14652,14653,14653,1
2020-12-30,15:11:51.738000,14652,14653,14653,1
2020-12-30,15:12:02.289000,14653,14654,14653,1
2020-12-30,15:12:02.399000,14653,14654,14653,1
2020-12-30,15:12:02.515000,14653,14654,14654,2
2020-12-30,15:12:02.515000,14653,14654,14654,2
2020-12-30,15:12:02.516000,14653,14654,14654,2
2020-12-30,15:12:02.582000,14653,14654,14655,3
2020-12-30,15:12:02.587000,14653,14654,14655,2
2020-12-30,15:12:02.685000,14654,14655,14655,3
2020-12-30,15:12:03.988000,14654,14655,14654,1
2020-12-30,15:12:04.623000,14654,14655,14655,10
2020-12-30,15:12:04.631000,14654,14655,14655,1
2020-12-30,15:12:06.432000,14655,14656,14655,1
2020-12-30,15:12:11.906000,14653,14655,14653,1
2020-12-30,15:12:15.943000,14653,14655,14654,1
2020-12-30,15:12:19.935000,14654,14655,14655,1
2020-12-30,15:12:20.827000,14654,14655,14654,1
2020-12-30,15:12:22.340000,14654,14655,14654,4
2020-12-30,15:12:24.890000,14653,14654,14654,1
2020-12-30,15:12:25.556000,14653,14654,14654,1
2020-12-30,15:12:27.118000,14653,14655,14655,1
2020-12-30,15:12:27.163000,14653,14655,14654,1
2020-12-30,15:12:28.854000,14653,14654,14654,1
2020-12-30,15:12:34.058000,14653,14655,14655,1
2020-12-30,15:12:39.458000,14654,14655,14655,1
2020-12-30,15:12:42.035000,14654,14655,14655,2
2020-12-30,15:12:53.875000,14654,14655,14655,1
2020-12-30,15:12:57.173000,14654,14655,14654,1
2020-12-30,15:13:01.589000,14654,14655,14655,6
2020-12-30,15:13:01.648000,14655,14656,14655,1
2020-12-30,15:13:01.864000,14655,14656,14654,1
2020-12-30,15:13:02.181000,14654,14656,14654,2
2020-12-30,15:13:03.145000,14655,14656,14655,1
2020-12-30,15:13:04.666000,14654,14655,14655,1
2020-12-30,15:13:29.087000,14654,14655,14655,1
2020-12-30,15:13:31.681000,14654,14655,14655,1
2020-12-30,15:13:46.280000,14654,14655,14655,1
2020-12-30,15:13:46.454000,14654,14655,14655,1
2020-12-30,15:13:49.450000,14654,14655,14655,1
2020-12-30,15:13:54.711000,14654,14655,14655,1
2020-12-30,15:13:55.608000,14654,14655,14655,1
2020-12-30,15:13:56.717000,14654,14655,14654,1
2020-12-30,15:14:05.174000,14654,14655,14654,2
2020-12-30,15:14:05.274000,14654,14655,14654,1
2020-12-30,15:14:05.748000,14654,14655,14654,1
2020-12-30,15:14:15.821000,14654,14655,14655,1
2020-12-30,15:14:18.673000,14654,14655,14654,1
2020-12-30,15:14:24.017000,14654,14655,14655,1
2020-12-30,15:14:31.995000,14654,14655,14655,5
2020-12-30,15:14:31.996000,14654,14655,14655,8
2020-12-30,15:14:31.996000,14654,14655,14655,3
2020-12-30,15:14:32.271000,14655,14656,14655,2
2020-12-30,15:14:33.709000,14654,14656,14654,20
2020-12-30,15:14:42.222000,14654,14655,14654,1
2020-12-30,15:14:42.390000,14654,14655,14654,2
2020-12-30,15:14:58.811000,14653,14654,14654,1
2020-12-30,15:15:06.510000,14654,14655,14655,1
2020-12-30,15:15:06.650000,14654,14655,14654,1
2020-12-30,15:15:07.179000,14654,14655,14654,1
2020-12-30,15:15:07.451000,14654,14655,14654,2
2020-12-30,15:15:30.683000,14654,14655,14654,1
2020-12-30,15:15:38.380000,14654,14655,14655,1
2020-12-30,15:15:41.339000,14654,14655,14654,1
2020-12-30,15:15:46.043000,14654,14655,14654,1
2020-12-30,15:15:52.432000,14654,14655,14654,1
2020-12-30,15:16:06.904000,14654,14655,14655,1
2020-12-30,15:16:07.023000,14654,14655,14654,1
2020-12-30,15:16:16.016000,14654,14655,14655,1
2020-12-30,15:16:22.058000,14654,14655,14654,1
2020-12-30,15:16:22.452000,14654,14655,14654,1
2020-12-30,15:16:26.182000,14654,14655,14654,1
2020-12-30,15:16:27.515000,14653,14654,14654,1
2020-12-30,15:16:30.249000,14653,14654,14654,1
2020-12-30,15:16:30.783000,14653,14654,14654,1
2020-12-30,15:16:31.864000,14653,14654,14654,1
2020-12-30,15:16:32.510000,14653,14654,14654,1
2020-12-30,15:16:42.200000,14654,14655,14655,2
2020-12-30,15:16:54.322000,14654,14655,14654,1
2020-12-30,15:17:05.184000,14654,14655,14654,1
2020-12-30,15:17:05.273000,14654,14655,14654,1
2020-12-30,15:17:10.168000,14654,14655,14655,2
2020-12-30,15:17:13.862000,14654,14655,14654,10
2020-12-30,15:17:13.862000,14654,14655,14653,76
2020-12-30,15:17:13.864000,14654,14655,14652,1
2020-12-30,15:17:13.866000,14654,14655,14652,15
2020-12-30,15:17:13.900000,14651,14652,14651,1
2020-12-30,15:17:13.961000,14651,14652,14651,1
2020-12-30,15:17:14.021000,14651,14652,14651,1
2020-12-30,15:17:14.021000,14651,14652,14651,1
2020-12-30,15:17:14.082000,14651,14652,14651,1
2020-12-30,15:17:14.131000,14651,14652,14651,1
2020-12-30,15:17:15.467000,14651,14652,14652,1
2020-12-30,15:17:16.174000,14651,14653,14651,3
2020-12-30,15:17:17.926000,14651,14652,14652,1
2020-12-30,15:17:28.441000,14651,14652,14652,1
2020-12-30,15:17:29.620000,14651,14652,14651,1
2020-12-30,15:17:30.827000,14651,14652,14652,3
2020-12-30,15:17:33.781000,14651,14652,14652,1
2020-12-30,15:17:37.016000,14652,14653,14652,1
2020-12-30,15:17:37.809000,14652,14653,14652,14
2020-12-30,15:17:37.809000,14652,14653,14651,3
2020-12-30,15:17:45.032000,14652,14653,14652,1
2020-12-30,15:17:48.072000,14651,14652,14652,1
2020-12-30,15:17:49.702000,14652,14653,14652,1
2020-12-30,15:17:52.118000,14652,14653,14652,1
2020-12-30,15:18:02.505000,14651,14652,14652,1
2020-12-30,15:18:02.522000,14651,14652,14651,1
2020-12-30,15:18:02.705000,14651,14652,14652,1
2020-12-30,15:18:03.931000,14651,14652,14651,1
2020-12-30,15:18:04.867000,14651,14652,14652,1
2020-12-30,15:18:07.500000,14651,14652,14652,1
2020-12-30,15:18:09.880000,14651,14652,14651,2
2020-12-30,15:18:10.188000,14651,14652,14652,1
2020-12-30,15:18:17.028000,14651,14652,14651,2
2020-12-30,15:18:19.282000,14651,14652,14652,3
2020-12-30,15:18:19.668000,14651,14652,14651,4
2020-12-30,15:18:20.637000,14651,14652,14651,5
2020-12-30,15:18:22.042000,14651,14652,14651,2
2020-12-30,15:18:22.348000,14651,14652,14651,2
2020-12-30,15:18:22.850000,14650,14651,14651,3
2020-12-30,15:18:24.174000,14651,14652,14651,3
2020-12-30,15:18:35.332000,14650,14651,14651,8
2020-12-30,15:18:35.530000,14651,14652,14651,1
2020-12-30,15:18:37.727000,14650,14651,14651,1
2020-12-30,15:18:39.008000,14650,14652,14650,2
2020-12-30,15:18:39.258000,14650,14652,14650,3
2020-12-30,15:18:41.957000,14650,14651,14650,1
2020-12-30,15:18:45.001000,14650,14651,14650,1
2020-12-30,15:18:46.868000,14650,14651,14650,1
2020-12-30,15:18:48.364000,14650,14651,14650,1
2020-12-30,15:18:48.934000,14650,14651,14650,1
2020-12-30,15:18:51.127000,14650,14651,14650,9
2020-12-30,15:18:51.128000,14650,14651,14650,1
2020-12-30,15:18:51.130000,14650,14651,14650,1
2020-12-30,15:18:51.133000,14649,14650,14649,3
2020-12-30,15:18:53.323000,14649,14650,14650,2
2020-12-30,15:18:54.629000,14650,14651,14650,1
2020-12-30,15:18:54.900000,14650,14651,14651,1
2020-12-30,15:18:59.137000,14650,14651,14650,1
2020-12-30,15:19:00.303000,14650,14651,14651,2
2020-12-30,15:19:00.361000,14650,14651,14651,1
2020-12-30,15:19:00.378000,14650,14651,14650,1
2020-12-30,15:19:00.400000,14650,14651,14650,1
2020-12-30,15:19:02.766000,14650,14651,14651,1
2020-12-30,15:19:04.627000,14650,14651,14651,1
2020-12-30,15:19:05.693000,14651,14652,14651,1
2020-12-30,15:19:05.693000,14651,14652,14650,2
2020-12-30,15:19:14.401000,14650,14651,14650,2
2020-12-30,15:19:14.911000,14650,14651,14651,1
2020-12-30,15:19:18.121000,14650,14651,14651,1
2020-12-30,15:19:18.869000,14650,14651,14651,1
2020-12-30,15:19:32.900000,14650,14651,14651,5
2020-12-30,15:19:33.453000,14650,14651,14651,1
2020-12-30,15:19:33.454000,14650,14651,14651,1
2020-12-30,15:19:33.454000,14650,14651,14651,4
2020-12-30,15:19:33.950000,14651,14652,14651,1
2020-12-30,15:19:36.984000,14651,14652,14651,5
2020-12-30,15:19:37.572000,14651,14652,14651,2
2020-12-30,15:19:42.220000,14651,14652,14651,1
2020-12-30,15:19:43.032000,14651,14652,14651,1
2020-12-30,15:19:49.420000,14651,14652,14651,3
2020-12-30,15:19:56.259000,14651,14652,14651,1
2020-12-30,15:19:56.477000,14651,14652,14651,1
2020-12-30,15:19:59.929000,14651,14652,14651,3
2020-12-30,15:20:03.105000,14651,14652,14651,1
2020-12-30,15:20:03.148000,14651,14652,14651,1
2020-12-30,15:20:04.090000,14650,14652,14652,1
2020-12-30,15:20:11.108000,14651,14652,14651,4
2020-12-30,15:20:34.137000,14651,14652,14652,10
2020-12-30,15:20:34.138000,14651,14652,14652,4
2020-12-30,15:20:34.138000,14651,14652,14652,1
2020-12-30,15:20:34.138000,14651,14652,14652,2
2020-12-30,15:20:34.394000,14652,14653,14652,1
2020-12-30,15:20:35.630000,14652,14653,14652,4
2020-12-30,15:20:42.094000,14651,14653,14651,1
2020-12-30,15:20:45.499000,14652,14653,14653,1
2020-12-30,15:20:45.644000,14652,14653,14652,2
2020-12-30,15:20:48.987000,14651,14652,14652,1
2020-12-30,15:20:48.987000,14651,14652,14652,1
2020-12-30,15:20:49.047000,14651,14652,14652,1
2020-12-30,15:20:59.186000,14652,14653,14652,2
2020-12-30,15:21:05.145000,14652,14653,14653,11
2020-12-30,15:21:05.146000,14652,14653,14653,6
2020-12-30,15:21:05.236000,14652,14653,14654,1
2020-12-30,15:21:05.491000,14653,14654,14654,3
2020-12-30,15:21:05.898000,14653,14654,14653,4
2020-12-30,15:21:11.907000,14652,14654,14654,1
2020-12-30,15:21:17.171000,14653,14654,14654,1
2020-12-30,15:21:17.172000,14653,14654,14654,1
2020-12-30,15:21:17.232000,14653,14654,14654,1
2020-12-30,15:21:21.960000,14653,14654,14653,1
2020-12-30,15:21:22.362000,14652,14654,14654,1
2020-12-30,15:21:26.633000,14652,14653,14653,1
2020-12-30,15:21:30.317000,14652,14653,14653,2
2020-12-30,15:21:38.165000,14652,14653,14652,3
2020-12-30,15:22:02.384000,14652,14653,14652,1
2020-12-30,15:22:02.403000,14652,14653,14652,1
2020-12-30,15:22:16.184000,14652,14653,14653,1
2020-12-30,15:22:18.097000,14652,14653,14652,2
2020-12-30,15:22:18.098000,14652,14653,14652,1
2020-12-30,15:22:26.762000,14651,14653,14653,1
2020-12-30,15:22:37.078000,14652,14653,14652,1
2020-12-30,15:22:42.549000,14652,14653,14652,2
2020-12-30,15:22:47.583000,14652,14653,14652,3
2020-12-30,15:22:57.624000,14652,14653,14652,2
2020-12-30,15:22:57.955000,14652,14653,14652,1
2020-12-30,15:23:01.757000,14652,14653,14652,2
2020-12-30,15:23:04.057000,14652,14653,14652,1
2020-12-30,15:23:08.560000,14652,14653,14652,2
2020-12-30,15:23:09.867000,14652,14653,14652,1
2020-12-30,15:23:13.678000,14651,14652,14652,1
2020-12-30,15:23:14.182000,14651,14652,14652,1
2020-12-30,15:23:15.648000,14652,14653,14652,2
2020-12-30,15:23:21.538000,14651,14653,14651,1
2020-12-30,15:23:32.759000,14652,14653,14652,1
2020-12-30,15:23:35.899000,14652,14653,14652,1
2020-12-30,15:23:37.695000,14651,14652,14652,1
2020-12-30,15:23:46.955000,14651,14652,14652,1
2020-12-30,15:23:53.504000,14652,14653,14652,1
2020-12-30,15:23:55.631000,14652,14653,14653,16
2020-12-30,15:23:57.240000,14653,14654,14653,1
2020-12-30,15:23:57.805000,14653,14654,14654,7
2020-12-30,15:23:59.427000,14654,14655,14655,1
2020-12-30,15:24:06.768000,14654,14655,14655,4
2020-12-30,15:24:09.256000,14654,14655,14654,1
2020-12-30,15:24:09.257000,14654,14655,14655,1
2020-12-30,15:24:09.534000,14654,14655,14655,10
2020-12-30,15:24:15.631000,14654,14655,14655,1
2020-12-30,15:24:20.130000,14654,14656,14656,1
2020-12-30,15:24:21.881000,14654,14655,14655,1
2020-12-30,15:24:22.131000,14655,14656,14656,9
2020-12-30,15:24:23.506000,14656,14657,14657,3
2020-12-30,15:24:25.276000,14656,14657,14657,5
2020-12-30,15:24:31.568000,14656,14657,14656,1
2020-12-30,15:24:32.572000,14656,14657,14657,1
2020-12-30,15:24:33.140000,14656,14657,14657,1
2020-12-30,15:24:34.612000,14656,14657,14657,2
2020-12-30,15:24:34.960000,14656,14657,14656,5
2020-12-30,15:24:41.555000,14656,14657,14657,2
2020-12-30,15:24:43.461000,14656,14657,14657,3
2020-12-30,15:24:49.168000,14656,14657,14657,2
2020-12-30,15:24:50.248000,14656,14657,14656,3
2020-12-30,15:24:50.646000,14656,14657,14657,1
2020-12-30,15:24:52.824000,14656,14657,14657,1
2020-12-30,15:24:53.473000,14656,14657,14656,3
2020-12-30,15:24:54.678000,14655,14657,14657,1
2020-12-30,15:24:56.363000,14655,14657,14657,1
2020-12-30,15:24:59.508000,14655,14656,14656,3
2020-12-30,15:24:59.785000,14656,14657,14656,3
2020-12-30,15:25:00.708000,14656,14657,14656,1
2020-12-30,15:25:03.381000,14656,14657,14656,2
2020-12-30,15:25:09.402000,14656,14657,14657,1
2020-12-30,15:25:11.901000,14656,14657,14657,2
2020-12-30,15:25:17.761000,14656,14657,14656,3
2020-12-30,15:25:19.958000,14656,14657,14657,1
2020-12-30,15:25:21.913000,14656,14657,14656,3
2020-12-30,15:25:24.111000,14656,14657,14657,2
2020-12-30,15:25:28.917000,14656,14657,14657,1
2020-12-30,15:25:29.069000,14656,14657,14657,1
2020-12-30,15:25:29.786000,14656,14657,14657,1
2020-12-30,15:25:30.978000,14656,14657,14657,1
2020-12-30,15:25:47.444000,14656,14657,14657,7
2020-12-30,15:25:51.654000,14656,14657,14657,3
2020-12-30,15:25:51.949000,14656,14657,14657,5
2020-12-30,15:25:52.831000,14656,14657,14657,2
2020-12-30,15:25:52.926000,14657,14658,14658,1
2020-12-30,15:25:53.030000,14657,14658,14658,1
2020-12-30,15:25:53.038000,14657,14658,14658,1
2020-12-30,15:25:53.041000,14657,14658,14658,2
2020-12-30,15:25:53.123000,14657,14658,14658,1
2020-12-30,15:25:53.223000,14657,14658,14658,1
2020-12-30,15:25:53.223000,14657,14658,14658,1
2020-12-30,15:25:53.224000,14657,14658,14658,1
2020-12-30,15:25:53.270000,14657,14658,14658,1
2020-12-30,15:25:53.280000,14657,14658,14658,1
2020-12-30,15:25:53.334000,14657,14658,14658,1
2020-12-30,15:25:53.404000,14657,14658,14658,2
2020-12-30,15:25:53.476000,14657,14658,14658,2
2020-12-30,15:25:53.477000,14657,14658,14658,2
2020-12-30,15:25:53.480000,14657,14658,14659,1
2020-12-30,15:25:53.501000,14657,14658,14659,1
2020-12-30,15:25:53.525000,14657,14659,14659,1
2020-12-30,15:25:53.531000,14657,14659,14659,1
2020-12-30,15:25:53.548000,14657,14659,14659,2
2020-12-30,15:25:53.559000,14657,14659,14659,1
2020-12-30,15:25:53.617000,14657,14659,14659,8
2020-12-30,15:25:53.668000,14658,14659,14659,1
2020-12-30,15:25:53.668000,14658,14659,14660,5
2020-12-30,15:25:53.764000,14659,14660,14660,11
2020-12-30,15:25:53.771000,14659,14660,14660,1
2020-12-30,15:25:53.779000,14659,14660,14660,1
2020-12-30,15:25:53.802000,14659,14660,14660,1
2020-12-30,15:25:53.828000,14659,14660,14660,1
2020-12-30,15:25:53.858000,14659,14660,14660,1
2020-12-30,15:25:53.935000,14659,14660,14659,3
2020-12-30,15:25:54.021000,14659,14660,14660,1
2020-12-30,15:25:54.788000,14659,14660,14660,10
2020-12-30,15:25:57.528000,14659,14660,14659,3
2020-12-30,15:26:00.018000,14659,14660,14659,3
2020-12-30,15:26:01.361000,14658,14659,14659,1
2020-12-30,15:26:02.272000,14658,14659,14658,1
2020-12-30,15:26:05.751000,14658,14659,14659,1
2020-12-30,15:26:06.234000,14658,14659,14658,4
2020-12-30,15:26:09.885000,14658,14659,14659,6
2020-12-30,15:26:13.396000,14658,14659,14659,1
2020-12-30,15:26:14.694000,14658,14659,14659,1
2020-12-30,15:26:20.926000,14658,14659,14659,5
2020-12-30,15:26:26.412000,14658,14660,14660,1
2020-12-30,15:26:26.782000,14658,14660,14660,1
2020-12-30,15:26:26.805000,14658,14660,14660,1
2020-12-30,15:26:26.988000,14658,14660,14660,1
2020-12-30,15:26:27.005000,14658,14660,14660,1
2020-12-30,15:26:27.028000,14658,14660,14660,1
2020-12-30,15:26:27.056000,14658,14660,14660,1
2020-12-30,15:26:27.065000,14658,14660,14660,1
2020-12-30,15:26:27.102000,14658,14660,14660,1
2020-12-30,15:26:27.335000,14659,14660,14660,1
2020-12-30,15:26:30.208000,14659,14660,14660,2
2020-12-30,15:26:30.303000,14659,14660,14659,1
2020-12-30,15:26:31.605000,14659,14660,14660,15
2020-12-30,15:26:34.426000,14660,14661,14660,1
2020-12-30,15:26:35.136000,14660,14661,14660,1
2020-12-30,15:26:38.064000,14660,14661,14661,5
2020-12-30,15:26:38.189000,14660,14661,14661,1
2020-12-30,15:26:38.811000,14660,14661,14660,1
2020-12-30,15:26:39.087000,14660,14661,14661,1
2020-12-30,15:26:39.088000,14660,14661,14661,1
2020-12-30,15:26:39.091000,14660,14661,14661,1
2020-12-30,15:26:39.218000,14660,14661,14661,1
2020-12-30,15:26:39.360000,14660,14661,14660,1
2020-12-30,15:26:39.465000,14660,14661,14661,1
2020-12-30,15:26:39.920000,14660,14661,14661,1
2020-12-30,15:26:41.359000,14660,14661,14661,1
2020-12-30,15:26:42.912000,14660,14661,14661,1
2020-12-30,15:26:42.920000,14660,14661,14660,2
2020-12-30,15:26:43.171000,14660,14661,14661,1
2020-12-30,15:26:43.496000,14660,14661,14661,2
2020-12-30,15:26:45.427000,14660,14661,14660,5
2020-12-30,15:26:46.095000,14660,14661,14661,1
2020-12-30,15:26:47.855000,14660,14661,14661,1
2020-12-30,15:26:48.032000,14660,14661,14661,1
2020-12-30,15:26:48.476000,14660,14661,14661,1
2020-12-30,15:26:50.690000,14660,14661,14660,4
2020-12-30,15:26:51.495000,14659,14661,14661,1
2020-12-30,15:26:51.566000,14659,14661,14661,5
2020-12-30,15:26:52.675000,14660,14661,14661,1
2020-12-30,15:26:57.736000,14660,14661,14661,1
2020-12-30,15:26:57.950000,14660,14661,14661,1
2020-12-30,15:26:59.436000,14660,14661,14661,1
2020-12-30,15:27:00.530000,14660,14661,14661,1
2020-12-30,15:27:01.434000,14660,14661,14661,2
2020-12-30,15:27:02.554000,14660,14661,14661,2
2020-12-30,15:27:03.076000,14661,14662,14661,1
2020-12-30,15:27:03.212000,14661,14662,14661,1
2020-12-30,15:27:03.664000,14661,14662,14661,1
2020-12-30,15:27:04.188000,14661,14662,14661,1
2020-12-30,15:27:06.320000,14660,14661,14661,1
2020-12-30,15:27:08.235000,14660,14661,14661,1
2020-12-30,15:27:09.066000,14660,14661,14661,1
2020-12-30,15:27:10.409000,14660,14661,14661,1
2020-12-30,15:27:10.499000,14660,14661,14661,1
2020-12-30,15:27:12.852000,14660,14661,14661,1
2020-12-30,15:27:13.438000,14660,14661,14661,10
2020-12-30,15:27:13.897000,14660,14661,14661,4
2020-12-30,15:27:18.085000,14661,14662,14661,1
2020-12-30,15:27:21.943000,14661,14662,14661,3
2020-12-30,15:27:24.113000,14661,14662,14661,3
2020-12-30,15:27:26.950000,14661,14662,14661,1
2020-12-30,15:27:29.371000,14661,14662,14662,5
2020-12-30,15:27:29.487000,14661,14662,14662,1
2020-12-30,15:27:29.626000,14661,14662,14661,7
2020-12-30,15:27:29.626000,14661,14662,14660,3
2020-12-30,15:27:32.198000,14661,14662,14661,3
2020-12-30,15:27:32.507000,14660,14661,14661,1
2020-12-30,15:27:39.830000,14660,14661,14661,1
2020-12-30,15:27:42.257000,14660,14661,14661,1
2020-12-30,15:27:46.919000,14660,14661,14661,5
2020-12-30,15:27:46.919000,14660,14661,14662,2
2020-12-30,15:27:50.659000,14660,14661,14661,2
2020-12-30,15:27:56.906000,14660,14661,14661,1
2020-12-30,15:27:58.095000,14661,14662,14661,1
2020-12-30,15:28:00.398000,14660,14662,14662,1
2020-12-30,15:28:00.652000,14660,14662,14662,2
2020-12-30,15:28:00.666000,14660,14662,14662,2
2020-12-30,15:28:00.729000,14660,14662,14662,2
2020-12-30,15:28:00.777000,14661,14662,14662,2
2020-12-30,15:28:00.979000,14661,14662,14662,1
2020-12-30,15:28:03.919000,14661,14662,14662,1
2020-12-30,15:28:07.394000,14661,14662,14662,1
2020-12-30,15:28:13.502000,14661,14662,14661,1
2020-12-30,15:28:15.728000,14661,14662,14662,2
2020-12-30,15:28:20.006000,14661,14662,14661,1
2020-12-30,15:28:21.178000,14661,14662,14661,1
2020-12-30,15:28:23.814000,14661,14662,14662,2
2020-12-30,15:28:26.633000,14661,14662,14662,1
2020-12-30,15:28:29.104000,14661,14662,14662,2
2020-12-30,15:28:29.105000,14661,14662,14662,1
2020-12-30,15:28:33.131000,14661,14662,14662,2
2020-12-30,15:28:34.316000,14661,14662,14662,1
2020-12-30,15:28:35.635000,14661,14662,14662,1
2020-12-30,15:28:38.122000,14661,14662,14662,4
2020-12-30,15:28:40.364000,14661,14662,14662,1
2020-12-30,15:28:40.365000,14661,14662,14662,2
2020-12-30,15:28:40.946000,14662,14663,14662,1
2020-12-30,15:28:42.953000,14662,14663,14663,2
2020-12-30,15:28:43.039000,14662,14663,14663,1
2020-12-30,15:28:43.075000,14662,14663,14663,10
2020-12-30,15:28:43.147000,14662,14663,14662,4
2020-12-30,15:28:43.147000,14662,14663,14661,2
2020-12-30,15:28:44.237000,14662,14663,14663,40
2020-12-30,15:28:44.237000,14662,14663,14663,8
2020-12-30,15:28:51.344000,14663,14664,14664,2
2020-12-30,15:28:51.381000,14663,14664,14663,12
2020-12-30,15:28:51.581000,14663,14664,14663,2
2020-12-30,15:28:52.747000,14663,14664,14664,1
2020-12-30,15:28:52.757000,14663,14664,14663,1
2020-12-30,15:28:52.757000,14663,14664,14663,1
2020-12-30,15:28:53.028000,14663,14664,14664,1
2020-12-30,15:28:53.258000,14663,14664,14663,3
2020-12-30,15:28:54.211000,14663,14664,14664,1
2020-12-30,15:28:54.299000,14663,14664,14663,1
2020-12-30,15:28:56.048000,14663,14664,14663,2
2020-12-30,15:28:56.936000,14663,14664,14664,3
2020-12-30,15:28:58.640000,14663,14664,14664,2
2020-12-30,15:29:01.545000,14663,14664,14664,1
2020-12-30,15:29:01.581000,14663,14664,14663,2
2020-12-30,15:29:02.251000,14663,14664,14664,1
2020-12-30,15:29:02.374000,14663,14664,14663,1
2020-12-30,15:29:04.168000,14663,14664,14664,7
2020-12-30,15:29:06.915000,14663,14665,14665,2
2020-12-30,15:29:07.066000,14663,14665,14665,5
2020-12-30,15:29:07.088000,14663,14665,14665,1
2020-12-30,15:29:07.323000,14663,14665,14663,2
2020-12-30,15:29:07.526000,14663,14665,14665,1
2020-12-30,15:29:09.746000,14664,14665,14665,2
2020-12-30,15:29:12.288000,14664,14665,14665,2
2020-12-30,15:29:13.013000,14664,14665,14664,2
2020-12-30,15:29:14.248000,14664,14665,14665,1
2020-12-30,15:29:14.470000,14664,14665,14664,2
2020-12-30,15:29:16.103000,14664,14665,14664,1
2020-12-30,15:29:16.751000,14664,14665,14665,7
2020-12-30,15:29:17.246000,14664,14665,14664,1
2020-12-30,15:29:17.630000,14664,14665,14665,2
2020-12-30,15:29:18.764000,14664,14665,14665,2
2020-12-30,15:29:19.100000,14664,14665,14665,1
2020-12-30,15:29:20.537000,14664,14665,14665,2
2020-12-30,15:29:23.794000,14664,14665,14665,1
2020-12-30,15:29:25.893000,14664,14665,14665,1
2020-12-30,15:29:26.058000,14664,14665,14664,1
2020-12-30,15:29:26.594000,14664,14665,14665,2
2020-12-30,15:29:28.378000,14664,14665,14664,5
2020-12-30,15:29:31.327000,14664,14665,14665,1
2020-12-30,15:29:31.850000,14664,14665,14664,1
2020-12-30,15:29:32.565000,14664,14665,14664,1
2020-12-30,15:29:32.850000,14664,14665,14665,2
2020-12-30,15:29:37.219000,14664,14665,14664,1
2020-12-30,15:29:38.770000,14664,14665,14664,1
2020-12-30,15:29:40.005000,14664,14665,14664,1
2020-12-30,15:29:41.881000,14664,14665,14664,30
2020-12-30,15:29:41.881000,14664,14665,14664,1
2020-12-30,15:29:41.881000,14664,14665,14664,2
2020-12-30,15:29:41.882000,14664,14665,14664,1
2020-12-30,15:29:42.082000,14663,14664,14663,1
2020-12-30,15:29:42.632000,14663,14664,14663,1
2020-12-30,15:29:44.865000,14663,14664,14663,15
2020-12-30,15:29:47.904000,14662,14663,14662,1
2020-12-30,15:29:49.033000,14661,14662,14661,1
2020-12-30,15:29:54.563000,14661,14662,14661,1
2020-12-30,15:29:55.854000,14661,14662,14662,1
2020-12-30,15:29:56.112000,14661,14662,14662,1
2020-12-30,15:29:59.089000,14661,14662,14662,1
2020-12-30,15:29:59.089000,14661,14662,14662,1
2020-12-30,15:30:00.958000,14662,14663,14662,10
2020-12-30,15:30:01.162000,14662,14663,14662,1
2020-12-30,15:30:01.212000,14662,14663,14662,1
2020-12-30,15:30:01.259000,14662,14663,14663,1
2020-12-30,15:30:01.283000,14662,14663,14663,1
2020-12-30,15:30:01.288000,14662,14663,14663,1
2020-12-30,15:30:01.302000,14662,14663,14663,1
2020-12-30,15:30:01.313000,14662,14663,14662,1
2020-12-30,15:30:01.371000,14662,14663,14663,1
2020-12-30,15:30:01.375000,14662,14663,14663,1
2020-12-30,15:30:01.405000,14662,14663,14663,4
2020-12-30,15:30:01.406000,14662,14663,14663,10
2020-12-30,15:30:01.506000,14663,14664,14664,9
2020-12-30,15:30:01.523000,14663,14664,14665,2
2020-12-30,15:30:01.589000,14663,14664,14665,1
2020-12-30,15:30:01.657000,14663,14665,14664,1
2020-12-30,15:30:01.660000,14663,14665,14663,1
2020-12-30,15:30:01.685000,14663,14665,14665,1
2020-12-30,15:30:01.707000,14663,14665,14663,1
2020-12-30,15:30:01.763000,14663,14665,14663,1
2020-12-30,15:30:01.771000,14663,14665,14663,1
2020-12-30,15:30:01.776000,14663,14665,14663,1
2020-12-30,15:30:01.791000,14663,14665,14663,1
2020-12-30,15:30:01.793000,14663,14665,14663,2
2020-12-30,15:30:01.801000,14663,14665,14663,1
2020-12-30,15:30:01.804000,14663,14665,14662,1
2020-12-30,15:30:01.854000,14663,14665,14662,2
2020-12-30,15:30:02.159000,14662,14664,14664,1
2020-12-30,15:30:02.880000,14662,14663,14663,1
2020-12-30,15:30:03.069000,14662,14663,14662,1
2020-12-30,15:30:03.156000,14662,14663,14663,2
2020-12-30,15:30:08.326000,14662,14663,14663,1
2020-12-30,15:30:10.015000,14663,14664,14664,3
2020-12-30,15:30:10.016000,14663,14664,14664,2
2020-12-30,15:30:18.238000,14663,14664,14663,1
2020-12-30,15:30:20.025000,14662,14663,14663,1
2020-12-30,15:30:21.142000,14662,14663,14663,1
2020-12-30,15:30:21.146000,14662,14663,14663,1
2020-12-30,15:30:25.501000,14662,14663,14663,1
2020-12-30,15:30:39.580000,14663,14664,14664,2
2020-12-30,15:30:39.678000,14663,14664,14664,1
2020-12-30,15:30:41.304000,14663,14664,14663,1
2020-12-30,15:30:44.275000,14663,14664,14663,1
2020-12-30,15:30:51.898000,14663,14664,14663,2
2020-12-30,15:30:53.398000,14663,14664,14663,1
2020-12-30,15:30:55.081000,14663,14664,14664,4
2020-12-30,15:30:57.071000,14663,14664,14663,4
2020-12-30,15:30:57.072000,14663,14664,14663,3
2020-12-30,15:30:57.881000,14662,14663,14663,1
2020-12-30,15:30:59.393000,14662,14663,14663,3
2020-12-30,15:31:03.697000,14662,14663,14663,1
2020-12-30,15:31:06.147000,14662,14663,14663,3
2020-12-30,15:31:07.564000,14663,14664,14663,1
2020-12-30,15:31:11.568000,14662,14663,14662,1
2020-12-30,15:31:12.269000,14662,14663,14662,1
2020-12-30,15:31:12.827000,14662,14663,14663,10
2020-12-30,15:31:14.607000,14662,14663,14663,3
2020-12-30,15:31:15.115000,14662,14663,14663,2
2020-12-30,15:31:21.010000,14662,14663,14662,5
2020-12-30,15:31:22.407000,14662,14663,14663,1
2020-12-30,15:31:23.506000,14662,14663,14662,9
2020-12-30,15:31:23.506000,14662,14663,14662,25
2020-12-30,15:31:23.506000,14662,14663,14662,2
2020-12-30,15:31:23.506000,14662,14663,14662,3
2020-12-30,15:31:24.094000,14661,14662,14661,5
2020-12-30,15:31:27.882000,14662,14663,14662,1
2020-12-30,15:31:30.750000,14661,14663,14663,1
2020-12-30,15:31:34.417000,14661,14662,14662,1
2020-12-30,15:31:34.712000,14661,14662,14662,1
2020-12-30,15:31:39.097000,14662,14663,14662,3
2020-12-30,15:31:41.104000,14662,14663,14662,1
2020-12-30,15:31:42.617000,14662,14663,14662,2
2020-12-30,15:31:47.512000,14662,14663,14662,1
2020-12-30,15:31:53.837000,14662,14663,14662,1
2020-12-30,15:31:54.719000,14662,14663,14662,1
2020-12-30,15:31:57.723000,14662,14663,14663,22
2020-12-30,15:31:59.939000,14663,14664,14664,2
2020-12-30,15:32:00.496000,14663,14664,14664,2
2020-12-30,15:32:01.157000,14663,14664,14664,2
2020-12-30,15:32:02.142000,14663,14664,14664,1
2020-12-30,15:32:02.616000,14663,14664,14663,1
2020-12-30,15:32:03.382000,14663,14664,14664,2
2020-12-30,15:32:04.952000,14663,14664,14664,2
2020-12-30,15:32:05.280000,14663,14664,14663,2
2020-12-30,15:32:09.108000,14663,14664,14663,1
2020-12-30,15:32:10.302000,14663,14664,14664,3
2020-12-30,15:32:12.435000,14663,14664,14664,1
2020-12-30,15:32:21.155000,14663,14664,14664,1
2020-12-30,15:32:22.035000,14663,14664,14664,1
2020-12-30,15:32:23.896000,14663,14664,14664,2
2020-12-30,15:32:26.741000,14663,14664,14664,1
2020-12-30,15:32:28.224000,14663,14664,14664,13
2020-12-30,15:32:28.224000,14663,14664,14664,2
2020-12-30,15:32:31.526000,14664,14665,14664,1
2020-12-30,15:32:32.335000,14664,14665,14665,5
2020-12-30,15:32:34.796000,14664,14665,14664,1
2020-12-30,15:32:34.880000,14664,14665,14664,1
2020-12-30,15:32:40.769000,14664,14665,14665,1
2020-12-30,15:32:42.492000,14664,14665,14665,13
2020-12-30,15:32:42.880000,14664,14665,14664,3
2020-12-30,15:32:52.323000,14663,14664,14663,1
2020-12-30,15:32:52.584000,14663,14664,14664,1
2020-12-30,15:32:52.697000,14663,14664,14664,1
2020-12-30,15:32:54.305000,14663,14664,14663,5
2020-12-30,15:32:55.417000,14663,14664,14663,1
2020-12-30,15:32:55.822000,14663,14664,14664,2
2020-12-30,15:32:56.003000,14663,14664,14664,6
2020-12-30,15:32:57.438000,14664,14665,14665,1
2020-12-30,15:32:58.813000,14664,14665,14664,2
2020-12-30,15:32:59.103000,14664,14665,14664,1
2020-12-30,15:33:02.656000,14664,14665,14664,2
2020-12-30,15:33:07.372000,14664,14665,14665,2
2020-12-30,15:33:07.781000,14664,14665,14665,2
2020-12-30,15:33:08.362000,14664,14665,14665,2
2020-12-30,15:33:08.716000,14664,14665,14665,2
2020-12-30,15:33:10.536000,14664,14665,14664,1
2020-12-30,15:33:11.525000,14664,14665,14664,2
2020-12-30,15:33:15.583000,14664,14665,14664,2
2020-12-30,15:33:17.174000,14664,14665,14664,1
2020-12-30,15:33:20.133000,14664,14665,14664,8
2020-12-30,15:33:22.367000,14664,14665,14664,1
2020-12-30,15:33:22.958000,14664,14665,14664,1
2020-12-30,15:33:24.031000,14664,14665,14665,12
2020-12-30,15:33:33.073000,14664,14665,14665,2
2020-12-30,15:33:36.721000,14664,14665,14665,18
2020-12-30,15:33:37.543000,14664,14665,14665,1
2020-12-30,15:33:38.283000,14664,14665,14665,5
2020-12-30,15:33:38.283000,14664,14665,14665,6
2020-12-30,15:33:38.283000,14664,14665,14665,4
2020-12-30,15:33:38.284000,14664,14665,14665,24
2020-12-30,15:33:38.284000,14664,14665,14665,11
2020-12-30,15:33:38.284000,14664,14665,14665,7
2020-12-30,15:33:38.284000,14664,14665,14665,4
2020-12-30,15:33:38.284000,14664,14665,14665,19
2020-12-30,15:33:39.419000,14664,14666,14666,15
2020-12-30,15:33:39.602000,14665,14666,14666,2
2020-12-30,15:33:39.699000,14665,14666,14666,1
2020-12-30,15:33:39.706000,14665,14666,14666,1
2020-12-30,15:33:39.770000,14665,14666,14665,1
2020-12-30,15:33:39.819000,14665,14666,14665,1
2020-12-30,15:33:39.877000,14665,14666,14665,1
2020-12-30,15:33:39.928000,14665,14666,14665,5
2020-12-30,15:33:40.070000,14664,14666,14664,1
2020-12-30,15:33:40.101000,14664,14666,14664,1
2020-12-30,15:33:40.131000,14664,14666,14666,2
2020-12-30,15:33:40.163000,14664,14666,14664,1
2020-12-30,15:33:40.164000,14664,14666,14666,4
2020-12-30,15:33:40.170000,14664,14666,14664,1
2020-12-30,15:33:40.209000,14664,14666,14664,1
2020-12-30,15:33:40.314000,14664,14666,14664,1
2020-12-30,15:33:40.319000,14664,14666,14666,1
2020-12-30,15:33:40.332000,14664,14666,14664,1
2020-12-30,15:33:40.390000,14664,14666,14664,1
2020-12-30,15:33:40.728000,14664,14666,14664,1
2020-12-30,15:33:41.391000,14664,14666,14664,1
2020-12-30,15:33:41.441000,14664,14666,14664,1
2020-12-30,15:33:41.493000,14664,14666,14664,3
2020-12-30,15:33:41.550000,14664,14665,14665,1
2020-12-30,15:33:41.567000,14664,14665,14664,1
2020-12-30,15:33:41.567000,14664,14665,14664,1
2020-12-30,15:33:41.853000,14664,14665,14665,1
2020-12-30,15:33:42.415000,14664,14665,14664,1
2020-12-30,15:33:42.521000,14663,14665,14663,1
2020-12-30,15:33:42.561000,14663,14665,14663,2
2020-12-30,15:33:42.576000,14663,14665,14663,1
2020-12-30,15:33:43.380000,14663,14665,14665,5
2020-12-30,15:33:44.281000,14664,14665,14664,2
2020-12-30,15:33:44.372000,14664,14665,14664,1
2020-12-30,15:33:45.724000,14664,14665,14665,1
2020-12-30,15:33:46.200000,14664,14665,14665,1
2020-12-30,15:33:46.631000,14664,14665,14665,1
2020-12-30,15:33:51.841000,14664,14666,14666,3
2020-12-30,15:33:51.881000,14665,14666,14666,1
2020-12-30,15:33:53.631000,14665,14666,14666,1
2020-12-30,15:33:55.006000,14666,14667,14667,23
2020-12-30,15:33:55.017000,14666,14667,14667,1
2020-12-30,15:33:55.131000,14667,14668,14668,4
2020-12-30,15:33:55.268000,14667,14668,14668,1
2020-12-30,15:33:55.404000,14667,14668,14667,2
2020-12-30,15:33:55.438000,14667,14668,14668,4
2020-12-30,15:33:55.570000,14667,14668,14667,1
2020-12-30,15:33:55.688000,14667,14668,14667,1
2020-12-30,15:33:55.717000,14667,14668,14667,1
2020-12-30,15:33:55.783000,14666,14668,14666,1
2020-12-30,15:33:55.907000,14666,14668,14666,1
2020-12-30,15:33:56.263000,14666,14668,14666,1
2020-12-30,15:33:58.375000,14665,14667,14666,1
2020-12-30,15:34:02.365000,14666,14667,14667,1
2020-12-30,15:34:05.378000,14667,14668,14667,3
2020-12-30,15:34:06.280000,14667,14668,14667,2
2020-12-30,15:34:06.752000,14666,14668,14668,3
2020-12-30,15:34:07.964000,14667,14668,14667,2
2020-12-30,15:34:09.389000,14667,14668,14668,1
2020-12-30,15:34:09.949000,14667,14668,14668,2
2020-12-30,15:34:12.909000,14667,14668,14668,1
2020-12-30,15:34:13.064000,14667,14668,14668,1
2020-12-30,15:34:13.153000,14667,14668,14668,4
2020-12-30,15:34:14.831000,14668,14669,14669,17
2020-12-30,15:34:14.831000,14668,14669,14669,2
2020-12-30,15:34:14.901000,14669,14670,14670,1
2020-12-30,15:34:15.052000,14669,14670,14670,1
2020-12-30,15:34:15.255000,14669,14670,14670,1
2020-12-30,15:34:15.303000,14669,14670,14669,12
2020-12-30,15:34:15.328000,14669,14670,14668,1
2020-12-30,15:34:17.978000,14668,14669,14669,2
2020-12-30,15:34:18.132000,14668,14669,14668,1
2020-12-30,15:34:18.153000,14668,14669,14669,2
2020-12-30,15:34:20.215000,14668,14669,14669,1
2020-12-30,15:34:20.924000,14668,14669,14668,1
2020-12-30,15:34:21.300000,14668,14669,14669,1
2020-12-30,15:34:22.201000,14668,14669,14669,1
2020-12-30,15:34:22.876000,14668,14669,14669,1
2020-12-30,15:34:23.094000,14668,14669,14669,4
2020-12-30,15:34:23.176000,14668,14670,14670,5
2020-12-30,15:34:24.872000,14669,14670,14669,1
2020-12-30,15:34:25.308000,14669,14670,14669,2
2020-12-30,15:34:26.322000,14669,14670,14670,3
2020-12-30,15:34:26.966000,14669,14670,14670,2
2020-12-30,15:34:27.916000,14669,14670,14669,1
2020-12-30,15:34:27.971000,14669,14670,14670,1
2020-12-30,15:34:28.381000,14669,14670,14670,19
2020-12-30,15:34:30.519000,14669,14670,14669,1
2020-12-30,15:34:31.526000,14669,14670,14670,5
2020-12-30,15:34:32.846000,14669,14670,14669,2
2020-12-30,15:34:33.069000,14669,14670,14670,2
2020-12-30,15:34:33.237000,14669,14670,14670,1
2020-12-30,15:34:33.435000,14669,14670,14670,2
2020-12-30,15:34:33.492000,14669,14670,14670,13
2020-12-30,15:34:33.493000,14669,14670,14670,5
2020-12-30,15:34:33.493000,14669,14670,14670,5
2020-12-30,15:34:33.494000,14669,14670,14670,3
2020-12-30,15:34:33.582000,14670,14671,14671,1
2020-12-30,15:34:33.673000,14670,14671,14670,1
2020-12-30,15:34:34.437000,14670,14671,14671,3
2020-12-30,15:34:36.565000,14670,14671,14670,2
2020-12-30,15:34:36.565000,14670,14671,14669,1
2020-12-30,15:34:36.818000,14669,14670,14670,1
2020-12-30,15:34:38.541000,14669,14670,14670,1
2020-12-30,15:34:39.124000,14669,14670,14670,1
2020-12-30,15:34:39.124000,14669,14670,14671,1
2020-12-30,15:34:39.786000,14669,14671,14669,1
2020-12-30,15:34:40.458000,14669,14671,14669,2
2020-12-30,15:34:41.141000,14670,14671,14670,2
2020-12-30,15:34:41.609000,14670,14671,14670,2
2020-12-30,15:34:44.303000,14670,14671,14671,8
2020-12-30,15:34:44.682000,14671,14672,14671,1
2020-12-30,15:34:48.412000,14671,14672,14671,1
2020-12-30,15:34:48.478000,14671,14672,14672,1
2020-12-30,15:34:48.747000,14671,14672,14671,1
2020-12-30,15:34:49.163000,14671,14672,14671,1
2020-12-30,15:34:49.175000,14671,14672,14671,1
2020-12-30,15:34:49.360000,14671,14672,14672,1
2020-12-30,15:34:50.018000,14671,14672,14671,2
2020-12-30,15:34:51.200000,14671,14672,14672,3
2020-12-30,15:34:51.930000,14671,14672,14672,1
2020-12-30,15:34:54.067000,14671,14672,14672,3
2020-12-30,15:34:54.636000,14671,14672,14671,2
2020-12-30,15:34:55.867000,14671,14672,14671,1
2020-12-30,15:34:56.597000,14671,14672,14671,3
2020-12-30,15:34:56.615000,14671,14672,14672,1
2020-12-30,15:34:57.232000,14671,14672,14672,1
2020-12-30,15:34:57.753000,14671,14672,14671,1
2020-12-30,15:34:58.082000,14671,14672,14671,2
2020-12-30,15:34:59.472000,14671,14672,14672,7
2020-12-30,15:34:59.640000,14671,14672,14672,1
2020-12-30,15:35:00.003000,14671,14672,14672,1
2020-12-30,15:35:00.342000,14671,14672,14672,1
2020-12-30,15:35:01.405000,14671,14673,14673,1
2020-12-30,15:35:02.562000,14672,14673,14672,1
2020-12-30,15:35:02.915000,14672,14673,14672,1
2020-12-30,15:35:03.240000,14672,14673,14673,1
2020-12-30,15:35:05.462000,14672,14673,14672,1
2020-12-30,15:35:06.699000,14672,14673,14673,1
2020-12-30,15:35:08.160000,14672,14673,14672,1
2020-12-30,15:35:08.188000,14672,14673,14672,1
2020-12-30,15:35:09.430000,14672,14673,14673,4
2020-12-30,15:35:09.991000,14672,14673,14673,1
2020-12-30,15:35:11.276000,14672,14673,14673,1
2020-12-30,15:35:12.147000,14672,14673,14672,2
2020-12-30,15:35:12.667000,14672,14673,14673,2
2020-12-30,15:35:14.302000,14672,14673,14672,1
2020-12-30,15:35:14.507000,14672,14673,14673,1
2020-12-30,15:35:16.536000,14672,14673,14672,5
2020-12-30,15:35:16.536000,14672,14673,14672,8
2020-12-30,15:35:16.761000,14671,14672,14672,1
2020-12-30,15:35:17.835000,14671,14672,14671,7
2020-12-30,15:35:17.844000,14671,14672,14672,1
2020-12-30,15:35:18.557000,14671,14672,14672,1
2020-12-30,15:35:18.670000,14671,14672,14672,1
2020-12-30,15:35:19.005000,14671,14672,14672,1
2020-12-30,15:35:21.066000,14671,14672,14672,1
2020-12-30,15:35:21.318000,14671,14672,14671,1
2020-12-30,15:35:21.434000,14671,14672,14671,18
2020-12-30,15:35:21.467000,14671,14672,14671,1
2020-12-30,15:35:21.702000,14670,14671,14670,1
2020-12-30,15:35:21.956000,14670,14671,14671,1
2020-12-30,15:35:22.175000,14670,14671,14671,1
2020-12-30,15:35:26.793000,14670,14671,14671,1
2020-12-30,15:35:27.036000,14670,14671,14670,2
2020-12-30,15:35:27.206000,14670,14671,14671,10
2020-12-30,15:35:27.206000,14670,14671,14671,1
2020-12-30,15:35:27.206000,14670,14671,14671,1
2020-12-30,15:35:27.207000,14670,14671,14671,4
2020-12-30,15:35:27.231000,14670,14671,14670,31
2020-12-30,15:35:27.232000,14670,14671,14670,6
2020-12-30,15:35:27.510000,14669,14670,14670,6
2020-12-30,15:35:28.669000,14670,14671,14670,1
2020-12-30,15:35:33.417000,14670,14671,14670,3
2020-12-30,15:35:34.683000,14670,14671,14671,1
2020-12-30,15:35:38.212000,14670,14671,14670,1
2020-12-30,15:35:38.944000,14670,14671,14670,17
2020-12-30,15:35:39.342000,14669,14670,14670,4
2020-12-30,15:35:39.755000,14669,14671,14671,5
2020-12-30,15:35:41.770000,14670,14671,14670,1
2020-12-30,15:35:42.295000,14670,14671,14670,1
2020-12-30,15:35:43.075000,14670,14671,14670,1
2020-12-30,15:35:44.015000,14669,14670,14669,1
2020-12-30,15:35:47.721000,14669,14670,14670,1
2020-12-30,15:35:48.247000,14669,14670,14670,2
2020-12-30,15:35:48.592000,14669,14670,14669,2
2020-12-30,15:35:51.115000,14669,14670,14670,2
2020-12-30,15:35:51.203000,14669,14670,14669,2
2020-12-30,15:35:53.666000,14669,14670,14670,1
2020-12-30,15:35:53.996000,14669,14670,14670,1
2020-12-30,15:35:55.845000,14669,14670,14669,1
2020-12-30,15:36:04.831000,14669,14670,14669,2
2020-12-30,15:36:05.092000,14669,14670,14670,1
2020-12-30,15:36:05.132000,14669,14670,14669,1
2020-12-30,15:36:05.132000,14669,14670,14669,1
2020-12-30,15:36:05.133000,14669,14670,14669,1
2020-12-30,15:36:05.133000,14669,14670,14669,1
2020-12-30,15:36:05.133000,14669,14670,14669,1
2020-12-30,15:36:05.133000,14669,14670,14669,1
2020-12-30,15:36:05.134000,14669,14670,14669,1
2020-12-30,15:36:05.134000,14669,14670,14669,1
2020-12-30,15:36:05.134000,14669,14670,14669,1
2020-12-30,15:36:05.134000,14669,14670,14669,1
2020-12-30,15:36:05.134000,14669,14670,14669,1
2020-12-30,15:36:05.134000,14669,14670,14669,1
2020-12-30,15:36:05.134000,14669,14670,14669,1
2020-12-30,15:36:05.134000,14669,14670,14669,1
2020-12-30,15:36:05.134000,14669,14670,14669,2
2020-12-30,15:36:05.134000,14669,14670,14669,1
2020-12-30,15:36:05.135000,14669,14670,14669,1
2020-12-30,15:36:05.135000,14669,14670,14669,1
2020-12-30,15:36:05.135000,14669,14670,14669,1
2020-12-30,15:36:05.135000,14669,14670,14669,1
2020-12-30,15:36:05.135000,14669,14670,14669,2
2020-12-30,15:36:05.135000,14669,14670,14668,1
2020-12-30,15:36:05.135000,14669,14670,14668,1
2020-12-30,15:36:05.137000,14669,14670,14668,1
2020-12-30,15:36:05.138000,14669,14670,14668,1
2020-12-30,15:36:05.138000,14669,14670,14668,1
2020-12-30,15:36:05.141000,14669,14670,14668,1
2020-12-30,15:36:05.152000,14669,14670,14669,5
2020-12-30,15:36:05.160000,14669,14670,14670,1
2020-12-30,15:36:05.164000,14669,14670,14670,1
2020-12-30,15:36:05.175000,14669,14670,14670,1
2020-12-30,15:36:05.216000,14669,14670,14670,1
2020-12-30,15:36:05.218000,14669,14670,14670,1
2020-12-30,15:36:05.225000,14669,14670,14670,1
2020-12-30,15:36:05.226000,14669,14670,14670,2
2020-12-30,15:36:05.226000,14669,14670,14670,3
2020-12-30,15:36:05.237000,14669,14670,14671,4
2020-12-30,15:36:05.277000,14670,14671,14671,1
2020-12-30,15:36:05.358000,14670,14671,14671,3
2020-12-30,15:36:05.361000,14670,14671,14671,1
2020-12-30,15:36:05.388000,14669,14671,14671,1
2020-12-30,15:36:05.410000,14669,14671,14671,6
2020-12-30,15:36:05.494000,14669,14671,14672,1
2020-12-30,15:36:05.586000,14670,14672,14670,1
2020-12-30,15:36:05.879000,14670,14672,14672,1
2020-12-30,15:36:05.954000,14670,14672,14670,1
2020-12-30,15:36:05.986000,14670,14672,14670,1
2020-12-30,15:36:06.142000,14670,14672,14670,1
2020-12-30,15:36:06.190000,14670,14672,14670,1
2020-12-30,15:36:06.193000,14670,14672,14670,1
2020-12-30,15:36:06.198000,14670,14672,14670,1
2020-12-30,15:36:06.204000,14670,14672,14670,1
2020-12-30,15:36:07.062000,14670,14672,14670,1
2020-12-30,15:36:07.133000,14670,14672,14670,1
2020-12-30,15:36:10.255000,14670,14671,14670,1
2020-12-30,15:36:11.797000,14670,14671,14670,1
2020-12-30,15:36:15.518000,14670,14671,14670,1
2020-12-30,15:36:15.939000,14670,14671,14671,1
2020-12-30,15:36:20.356000,14670,14671,14670,1
2020-12-30,15:36:21.277000,14670,14671,14671,1
2020-12-30,15:36:21.384000,14670,14671,14670,1
2020-12-30,15:36:22.880000,14670,14671,14670,1
2020-12-30,15:36:23.094000,14670,14671,14670,4
2020-12-30,15:36:24.888000,14670,14671,14670,4
2020-12-30,15:36:24.903000,14670,14671,14670,1
2020-12-30,15:36:25.269000,14669,14670,14670,1
2020-12-30,15:36:25.269000,14669,14670,14671,1
2020-12-30,15:36:25.572000,14669,14671,14671,2
2020-12-30,15:36:32.152000,14670,14671,14670,1
2020-12-30,15:36:32.152000,14670,14671,14669,7
2020-12-30,15:36:36.015000,14669,14670,14669,1
2020-12-30,15:36:36.132000,14669,14670,14669,1
2020-12-30,15:36:39.274000,14669,14670,14669,1
2020-12-30,15:36:39.352000,14669,14670,14669,1
2020-12-30,15:36:39.382000,14668,14669,14668,1
2020-12-30,15:36:39.473000,14668,14669,14669,1
2020-12-30,15:36:40.082000,14669,14670,14669,1
2020-12-30,15:36:40.191000,14669,14670,14669,1
2020-12-30,15:36:43.804000,14668,14669,14669,2
2020-12-30,15:36:44.388000,14668,14669,14669,1
2020-12-30,15:36:44.388000,14668,14669,14669,3
2020-12-30,15:36:46.888000,14669,14670,14669,1
2020-12-30,15:36:48.069000,14669,14670,14669,1
2020-12-30,15:36:50.254000,14669,14670,14669,1
2020-12-30,15:36:52.117000,14669,14670,14670,1
2020-12-30,15:36:52.305000,14669,14670,14669,1
2020-12-30,15:36:52.474000,14669,14670,14669,1
2020-12-30,15:36:53.776000,14669,14670,14669,1
2020-12-30,15:36:54.306000,14669,14670,14669,1
2020-12-30,15:36:55.878000,14669,14670,14669,1
2020-12-30,15:36:57.649000,14668,14670,14670,5
2020-12-30,15:36:58.966000,14669,14670,14669,3
2020-12-30,15:37:01.587000,14669,14670,14669,3
2020-12-30,15:37:02.934000,14668,14670,14668,4
2020-12-30,15:37:03.290000,14669,14670,14669,4
2020-12-30,15:37:03.762000,14669,14670,14669,1
2020-12-30,15:37:03.762000,14669,14670,14668,3
2020-12-30,15:37:04.169000,14668,14669,14668,4
2020-12-30,15:37:06.358000,14668,14669,14669,1
2020-12-30,15:37:06.411000,14668,14670,14670,1
2020-12-30,15:37:08.701000,14668,14670,14668,4
2020-12-30,15:37:10.328000,14668,14670,14668,4
2020-12-30,15:37:17.057000,14669,14670,14669,4
2020-12-30,15:37:19.223000,14668,14669,14669,1
2020-12-30,15:37:19.223000,14668,14669,14669,1
2020-12-30,15:37:19.223000,14668,14669,14669,1
2020-12-30,15:37:23.812000,14669,14670,14670,1
2020-12-30,15:37:24.924000,14669,14670,14669,2
2020-12-30,15:37:31.947000,14669,14670,14670,10
2020-12-30,15:37:35.515000,14669,14670,14670,1
2020-12-30,15:37:39.867000,14669,14670,14670,1
2020-12-30,15:37:41.196000,14669,14670,14670,1
2020-12-30,15:37:42.109000,14669,14670,14670,3
2020-12-30,15:37:42.960000,14669,14670,14670,5
2020-12-30,15:37:47.062000,14669,14670,14670,1
2020-12-30,15:37:47.513000,14669,14670,14669,2
2020-12-30,15:37:53.074000,14669,14670,14669,17
2020-12-30,15:37:55.117000,14669,14670,14670,2
2020-12-30,15:37:55.118000,14669,14670,14670,2
2020-12-30,15:37:55.118000,14669,14670,14670,2
2020-12-30,15:37:56.552000,14670,14671,14670,1
2020-12-30,15:38:00.722000,14670,14671,14671,1
2020-12-30,15:38:00.733000,14670,14671,14671,4
2020-12-30,15:38:04.529000,14670,14672,14672,1
2020-12-30,15:38:04.938000,14670,14672,14672,1
2020-12-30,15:38:05.751000,14670,14671,14671,1
2020-12-30,15:38:06.047000,14671,14672,14671,1
2020-12-30,15:38:09.694000,14671,14672,14671,1
2020-12-30,15:38:10.492000,14671,14672,14671,1
2020-12-30,15:38:18.608000,14671,14672,14672,10
2020-12-30,15:38:19.241000,14671,14672,14672,5
2020-12-30,15:38:19.689000,14671,14672,14672,9
2020-12-30,15:38:19.690000,14671,14672,14672,1
2020-12-30,15:38:19.690000,14671,14672,14672,1
2020-12-30,15:38:19.690000,14671,14672,14672,1
2020-12-30,15:38:19.690000,14671,14672,14672,1
2020-12-30,15:38:19.690000,14671,14672,14672,2
2020-12-30,15:38:20.927000,14671,14672,14672,6
2020-12-30,15:38:23.183000,14672,14673,14672,1
2020-12-30,15:38:25.677000,14672,14673,14672,1
2020-12-30,15:38:26.127000,14671,14673,14671,1
2020-12-30,15:38:26.407000,14671,14672,14672,4
2020-12-30,15:38:26.758000,14672,14673,14672,1
2020-12-30,15:38:36.319000,14671,14672,14672,1
2020-12-30,15:38:38.757000,14671,14672,14671,2
2020-12-30,15:38:38.928000,14671,14672,14671,1
2020-12-30,15:38:39.841000,14670,14671,14671,1
2020-12-30,15:38:41.037000,14671,14672,14671,1
2020-12-30,15:38:43.767000,14671,14672,14671,1
2020-12-30,15:38:46.268000,14671,14672,14671,1
2020-12-30,15:38:48.656000,14671,14672,14671,1
2020-12-30,15:38:50.812000,14671,14672,14671,2
2020-12-30,15:38:50.931000,14671,14672,14671,1
2020-12-30,15:38:51.644000,14671,14672,14671,1
2020-12-30,15:38:56.161000,14670,14671,14671,2
2020-12-30,15:39:00.033000,14671,14672,14671,1
2020-12-30,15:39:00.033000,14671,14672,14670,1
2020-12-30,15:39:01.612000,14671,14672,14671,1
2020-12-30,15:39:09.603000,14671,14672,14671,1
2020-12-30,15:39:09.603000,14671,14672,14671,1
2020-12-30,15:39:09.603000,14671,14672,14671,1
2020-12-30,15:39:09.603000,14671,14672,14671,1
2020-12-30,15:39:10.601000,14670,14671,14670,1
2020-12-30,15:39:12.633000,14670,14671,14671,5
2020-12-30,15:39:13.039000,14670,14671,14671,1
2020-12-30,15:39:16.711000,14670,14671,14671,4
2020-12-30,15:39:19.305000,14671,14672,14671,1
2020-12-30,15:39:22.790000,14671,14672,14671,1
2020-12-30,15:39:28.801000,14671,14672,14671,2
2020-12-30,15:39:31.772000,14671,14672,14671,1
2020-12-30,15:39:31.976000,14671,14672,14671,15
2020-12-30,15:39:35.582000,14670,14671,14671,1
2020-12-30,15:39:38.509000,14670,14671,14671,1
2020-12-30,15:39:46.447000,14670,14671,14670,2
2020-12-30,15:39:46.447000,14670,14671,14670,5
2020-12-30,15:39:46.447000,14670,14671,14670,9
2020-12-30,15:39:46.566000,14669,14670,14670,2
2020-12-30,15:39:55.301000,14669,14670,14670,1
2020-12-30,15:40:00.006000,14669,14671,14671,1
2020-12-30,15:40:00.782000,14670,14671,14670,7
2020-12-30,15:40:00.782000,14670,14671,14670,8
2020-12-30,15:40:04.978000,14669,14671,14671,1
2020-12-30,15:40:08.329000,14670,14671,14670,1
2020-12-30,15:40:13.706000,14669,14670,14670,1
2020-12-30,15:40:19.581000,14670,14671,14670,1
2020-12-30,15:40:19.928000,14670,14671,14670,3
2020-12-30,15:40:24.914000,14670,14671,14671,2
2020-12-30,15:40:25.367000,14670,14671,14671,1
2020-12-30,15:40:29.669000,14670,14671,14670,1
2020-12-30,15:40:30.682000,14670,14671,14671,1
2020-12-30,15:40:37.405000,14670,14671,14670,2
2020-12-30,15:40:40.484000,14670,14671,14671,4
2020-12-30,15:40:40.484000,14670,14671,14671,10
2020-12-30,15:40:41.037000,14671,14672,14671,2
2020-12-30,15:40:43.977000,14671,14672,14671,1
2020-12-30,15:40:49.251000,14670,14671,14671,1
2020-12-30,15:40:52.231000,14670,14671,14671,1
2020-12-30,15:40:52.284000,14670,14671,14670,5
2020-12-30,15:40:52.698000,14670,14671,14671,1
2020-12-30,15:40:55.054000,14670,14671,14670,1
2020-12-30,15:41:05.099000,14670,14671,14670,5
2020-12-30,15:41:16.967000,14670,14671,14670,1
2020-12-30,15:41:19.016000,14670,14671,14670,1
2020-12-30,15:41:21.302000,14670,14671,14670,1
2020-12-30,15:41:26.897000,14670,14671,14670,6
2020-12-30,15:41:28.300000,14669,14670,14670,1
2020-12-30,15:41:28.595000,14669,14670,14670,1
2020-12-30,15:41:33.830000,14669,14670,14670,1
2020-12-30,15:41:34.283000,14669,14670,14669,1
2020-12-30,15:41:35.034000,14669,14670,14670,1
2020-12-30,15:41:35.546000,14669,14670,14670,4
2020-12-30,15:41:35.547000,14669,14670,14670,1
2020-12-30,15:41:35.547000,14669,14670,14670,1
2020-12-30,15:41:35.547000,14669,14670,14670,1
2020-12-30,15:41:35.547000,14669,14670,14670,1
2020-12-30,15:41:35.547000,14669,14670,14670,1
2020-12-30,15:41:35.846000,14670,14671,14670,5
2020-12-30,15:41:41.412000,14669,14670,14669,1
2020-12-30,15:41:42.139000,14669,14670,14670,1
2020-12-30,15:41:42.191000,14669,14670,14670,1
2020-12-30,15:41:45.612000,14669,14670,14669,19
2020-12-30,15:41:47.028000,14668,14669,14669,1
2020-12-30,15:41:48.134000,14668,14669,14669,1
2020-12-30,15:41:55.284000,14668,14669,14669,1
2020-12-30,15:41:57.249000,14668,14669,14669,1
2020-12-30,15:41:58.494000,14668,14669,14668,1
2020-12-30,15:42:01.875000,14668,14669,14668,2
2020-12-30,15:42:02.027000,14668,14669,14668,1
2020-12-30,15:42:02.038000,14668,14669,14669,5
2020-12-30,15:42:04.749000,14668,14669,14668,1
2020-12-30,15:42:07.612000,14668,14669,14668,4
2020-12-30,15:42:07.916000,14668,14669,14668,1
2020-12-30,15:42:09.661000,14668,14669,14668,2
2020-12-30,15:42:15.067000,14668,14669,14668,1
2020-12-30,15:42:16.116000,14668,14669,14668,1
2020-12-30,15:42:17.209000,14668,14669,14668,1
2020-12-30,15:42:19.631000,14668,14669,14668,1
2020-12-30,15:42:20.769000,14668,14669,14668,1
2020-12-30,15:42:21.640000,14668,14669,14668,1
2020-12-30,15:42:31.473000,14667,14668,14668,1
2020-12-30,15:42:31.693000,14667,14668,14667,1
2020-12-30,15:42:34.511000,14667,14668,14668,6
2020-12-30,15:42:34.770000,14668,14669,14668,1
2020-12-30,15:42:38.464000,14668,14669,14668,2
2020-12-30,15:42:38.465000,14668,14669,14668,1
2020-12-30,15:42:40.537000,14667,14668,14667,2
2020-12-30,15:42:40.686000,14667,14668,14668,1
2020-12-30,15:42:40.842000,14667,14668,14668,1
2020-12-30,15:42:42.462000,14667,14668,14667,1
2020-12-30,15:42:45.969000,14667,14668,14667,3
2020-12-30,15:42:46.598000,14667,14668,14667,1
2020-12-30,15:42:47.204000,14667,14668,14667,1
2020-12-30,15:42:47.963000,14667,14668,14667,1
2020-12-30,15:42:51.728000,14667,14668,14668,4
2020-12-30,15:42:51.729000,14667,14668,14668,2
2020-12-30,15:42:51.729000,14667,14668,14668,2
2020-12-30,15:42:51.730000,14667,14668,14668,1
2020-12-30,15:42:59.011000,14668,14669,14668,1
2020-12-30,15:43:03.564000,14667,14668,14668,1
2020-12-30,15:43:05.837000,14667,14669,14669,1
2020-12-30,15:43:17.822000,14668,14669,14669,1
2020-12-30,15:43:17.822000,14668,14669,14669,2
2020-12-30,15:43:17.823000,14668,14669,14669,3
2020-12-30,15:43:17.823000,14668,14669,14669,1
2020-12-30,15:43:17.823000,14668,14669,14669,4
2020-12-30,15:43:17.823000,14668,14669,14669,1
2020-12-30,15:43:17.823000,14668,14669,14669,1
2020-12-30,15:43:17.823000,14668,14669,14669,17
2020-12-30,15:43:19.033000,14668,14670,14668,10
2020-12-30,15:43:21.104000,14668,14670,14668,3
2020-12-30,15:43:21.884000,14667,14669,14669,1
2020-12-30,15:43:22.306000,14668,14669,14669,1
2020-12-30,15:43:22.324000,14668,14669,14668,1
2020-12-30,15:43:24.827000,14668,14669,14669,1
2020-12-30,15:43:34.149000,14668,14669,14669,3
2020-12-30,15:43:53.023000,14669,14670,14669,1
2020-12-30,15:43:56.570000,14669,14670,14670,1
2020-12-30,15:43:59.430000,14669,14670,14670,9
2020-12-30,15:43:59.431000,14669,14670,14670,1
2020-12-30,15:44:22.557000,14669,14670,14669,3
2020-12-30,15:44:22.850000,14668,14670,14670,1
2020-12-30,15:44:24.027000,14669,14670,14669,1
2020-12-30,15:44:34.446000,14669,14670,14669,1
2020-12-30,15:44:34.446000,14669,14670,14669,1
2020-12-30,15:44:34.446000,14669,14670,14669,1
2020-12-30,15:44:41.325000,14668,14669,14668,15
2020-12-30,15:44:41.326000,14668,14669,14668,6
2020-12-30,15:44:41.326000,14668,14669,14668,4
2020-12-30,15:44:41.326000,14668,14669,14668,2
2020-12-30,15:44:41.415000,14667,14668,14668,1
2020-12-30,15:44:41.822000,14667,14668,14668,1
2020-12-30,15:44:43.634000,14667,14668,14667,4
2020-12-30,15:44:48.720000,14667,14668,14668,1
2020-12-30,15:44:49.923000,14667,14668,14667,1
2020-12-30,15:45:01.998000,14667,14668,14667,2
2020-12-30,15:45:02,14667,14668,14667,10
2020-12-30,15:45:02,14667,14668,14667,2
2020-12-30,15:45:02,14667,14668,14667,7
2020-12-30,15:45:02.224000,14666,14667,14666,1
2020-12-30,15:45:02.463000,14666,14667,14666,1
2020-12-30,15:45:02.463000,14666,14667,14666,1
2020-12-30,15:45:03.387000,14666,14668,14666,1
2020-12-30,15:45:09.129000,14666,14667,14666,1
2020-12-30,15:45:10.531000,14666,14667,14666,1
2020-12-30,15:45:17.081000,14666,14667,14666,1
2020-12-30,15:45:17.081000,14666,14667,14666,6
2020-12-30,15:45:17.081000,14666,14667,14666,2
2020-12-30,15:45:17.081000,14666,14667,14666,1
2020-12-30,15:45:17.081000,14666,14667,14666,4
2020-12-30,15:45:17.081000,14666,14667,14666,4
2020-12-30,15:45:17.081000,14666,14667,14666,1
2020-12-30,15:45:17.081000,14666,14667,14666,6
2020-12-30,15:45:18.374000,14665,14666,14666,1
2020-12-30,15:45:19.719000,14665,14666,14665,3
2020-12-30,15:45:19.793000,14665,14666,14665,1
2020-12-30,15:45:19.920000,14665,14666,14666,1
2020-12-30,15:45:20.791000,14665,14666,14665,1
2020-12-30,15:45:20.791000,14665,14666,14665,11
2020-12-30,15:45:20.791000,14665,14666,14665,2
2020-12-30,15:45:20.792000,14665,14666,14665,2
2020-12-30,15:45:20.792000,14665,14666,14665,8
2020-12-30,15:45:20.792000,14665,14666,14665,4
2020-12-30,15:45:20.792000,14665,14666,14665,19
2020-12-30,15:45:20.792000,14665,14666,14665,1
2020-12-30,15:45:20.792000,14665,14666,14665,10
2020-12-30,15:45:20.797000,14665,14666,14664,33
2020-12-30,15:45:21.088000,14663,14665,14663,2
2020-12-30,15:45:21.356000,14663,14665,14665,1
2020-12-30,15:45:23.146000,14664,14666,14666,1
2020-12-30,15:45:30.622000,14664,14665,14665,1
2020-12-30,15:45:31.526000,14664,14665,14665,1
2020-12-30,15:45:31.527000,14664,14665,14665,2
2020-12-30,15:45:31.527000,14664,14665,14665,1
2020-12-30,15:45:31.527000,14664,14665,14665,2
2020-12-30,15:45:31.527000,14664,14665,14665,26
2020-12-30,15:45:39.188000,14664,14665,14664,2
2020-12-30,15:45:43.765000,14664,14665,14665,1
2020-12-30,15:45:47.935000,14664,14665,14664,1
2020-12-30,15:45:58.201000,14664,14665,14664,3
2020-12-30,15:46:00.393000,14664,14665,14664,1
2020-12-30,15:46:01.017000,14664,14665,14664,1
2020-12-30,15:46:01.017000,14664,14665,14664,4
2020-12-30,15:46:01.018000,14664,14665,14664,2
2020-12-30,15:46:01.132000,14663,14664,14663,1
2020-12-30,15:46:01.543000,14663,14664,14663,1
2020-12-30,15:46:03.290000,14663,14665,14663,1
2020-12-30,15:46:03.677000,14664,14665,14664,1
2020-12-30,15:46:04.428000,14664,14665,14664,1
2020-12-30,15:46:05.791000,14664,14665,14664,1
2020-12-30,15:46:07.942000,14663,14664,14664,1
2020-12-30,15:46:07.985000,14663,14664,14663,5
2020-12-30,15:46:08.024000,14663,14664,14664,1
2020-12-30,15:46:08.132000,14663,14664,14663,1
2020-12-30,15:46:08.133000,14663,14664,14663,1
2020-12-30,15:46:10.204000,14663,14664,14664,1
2020-12-30,15:46:12.397000,14663,14664,14663,2
2020-12-30,15:46:21.577000,14663,14664,14663,1
2020-12-30,15:46:24.169000,14663,14664,14663,1
2020-12-30,15:46:24.257000,14663,14664,14663,1
2020-12-30,15:46:24.258000,14663,14664,14663,1
2020-12-30,15:46:24.595000,14663,14664,14663,2
2020-12-30,15:46:25.295000,14663,14664,14664,1
2020-12-30,15:46:26.345000,14663,14664,14664,1
2020-12-30,15:46:30.002000,14663,14664,14664,4
2020-12-30,15:46:30.002000,14663,14664,14664,6
2020-12-30,15:46:30.007000,14664,14665,14664,1
2020-12-30,15:46:30.432000,14664,14665,14664,10
2020-12-30,15:46:31.222000,14664,14665,14664,1
2020-12-30,15:46:31.350000,14664,14665,14664,1
2020-12-30,15:46:31.949000,14664,14665,14664,1
2020-12-30,15:46:32.685000,14664,14665,14664,1
2020-12-30,15:46:33.578000,14664,14665,14665,1
2020-12-30,15:46:33.637000,14664,14665,14665,3
2020-12-30,15:46:35.816000,14664,14665,14664,9
2020-12-30,15:46:35.816000,14664,14665,14663,1
2020-12-30,15:46:37.367000,14663,14665,14665,1
2020-12-30,15:46:37.833000,14664,14665,14664,1
2020-12-30,15:46:38.877000,14664,14665,14665,3
2020-12-30,15:46:38.882000,14664,14665,14664,1
2020-12-30,15:46:44.522000,14664,14665,14665,39
2020-12-30,15:46:44.523000,14664,14665,14666,4
2020-12-30,15:46:44.527000,14664,14665,14666,1
2020-12-30,15:46:44.556000,14664,14665,14666,1
2020-12-30,15:46:44.901000,14665,14667,14667,4
2020-12-30,15:46:50.516000,14665,14667,14665,1
2020-12-30,15:46:57.620000,14665,14666,14665,1
2020-12-30,15:46:58.093000,14665,14666,14665,1
2020-12-30,15:47:00.224000,14665,14666,14666,1
2020-12-30,15:47:05.703000,14665,14666,14665,2
2020-12-30,15:47:05.728000,14665,14666,14666,1
2020-12-30,15:47:05.766000,14665,14666,14666,1
2020-12-30,15:47:06.605000,14665,14666,14666,1
2020-12-30,15:47:09.805000,14665,14666,14665,9
2020-12-30,15:47:10.462000,14664,14665,14665,1
2020-12-30,15:47:12.844000,14664,14665,14665,1
2020-12-30,15:47:14.736000,14664,14665,14664,3
2020-12-30,15:47:28.831000,14664,14665,14664,1
2020-12-30,15:47:29.390000,14664,14665,14664,1
2020-12-30,15:47:33.780000,14664,14665,14664,1
2020-12-30,15:47:35.308000,14664,14665,14664,1
2020-12-30,15:47:37.862000,14664,14665,14664,1
2020-12-30,15:47:48.748000,14664,14665,14664,5
2020-12-30,15:47:58.291000,14664,14665,14664,2
2020-12-30,15:47:59.699000,14664,14665,14664,1
2020-12-30,15:48:15.348000,14664,14665,14664,1
2020-12-30,15:48:16.782000,14664,14665,14665,1
2020-12-30,15:48:17.083000,14664,14665,14665,1
2020-12-30,15:48:17.785000,14664,14665,14664,5
2020-12-30,15:48:27.867000,14663,14664,14664,1
2020-12-30,15:48:28.491000,14663,14664,14663,1
2020-12-30,15:48:35.006000,14663,14664,14663,3
2020-12-30,15:48:35.007000,14663,14664,14663,17
2020-12-30,15:48:35.267000,14662,14663,14662,1
2020-12-30,15:48:35.472000,14662,14663,14662,2
2020-12-30,15:48:35.588000,14662,14663,14662,1
2020-12-30,15:48:35.589000,14662,14663,14662,1
2020-12-30,15:48:35.593000,14662,14663,14662,1
2020-12-30,15:48:35.594000,14662,14663,14662,1
2020-12-30,15:48:35.595000,14662,14663,14662,1
2020-12-30,15:48:35.595000,14662,14663,14662,1
2020-12-30,15:48:35.600000,14662,14663,14662,2
2020-12-30,15:48:35.601000,14662,14663,14662,1
2020-12-30,15:48:35.605000,14662,14663,14662,1
2020-12-30,15:48:35.607000,14662,14663,14662,1
2020-12-30,15:48:35.623000,14662,14663,14662,1
2020-12-30,15:48:35.631000,14662,14663,14662,3
2020-12-30,15:48:35.634000,14662,14663,14661,1
2020-12-30,15:48:35.640000,14662,14663,14661,1
2020-12-30,15:48:35.661000,14662,14663,14661,1
2020-12-30,15:48:35.940000,14661,14662,14661,2
2020-12-30,15:48:38.778000,14661,14662,14661,7
2020-12-30,15:48:40.377000,14660,14662,14660,1
2020-12-30,15:48:44.410000,14661,14662,14661,1
2020-12-30,15:48:44.410000,14661,14662,14660,6
2020-12-30,15:48:50.649000,14661,14662,14661,5
2020-12-30,15:48:51.703000,14660,14661,14660,1
2020-12-30,15:48:54.743000,14660,14661,14660,1
2020-12-30,15:48:54.760000,14660,14661,14661,1
2020-12-30,15:48:55.089000,14660,14661,14660,12
2020-12-30,15:48:55.943000,14660,14661,14660,10
2020-12-30,15:48:56.006000,14660,14661,14660,3
2020-12-30,15:48:56.617000,14659,14661,14659,3
2020-12-30,15:48:56.619000,14659,14661,14659,4
2020-12-30,15:48:56.736000,14658,14660,14660,1
2020-12-30,15:48:56.808000,14658,14660,14658,1
2020-12-30,15:48:56.859000,14658,14660,14658,1
2020-12-30,15:48:57.075000,14658,14660,14658,1
2020-12-30,15:48:58.445000,14658,14659,14659,1
2020-12-30,15:49:01.154000,14658,14659,14659,1
2020-12-30,15:49:01.154000,14658,14659,14659,1
2020-12-30,15:49:01.155000,14658,14659,14659,1
2020-12-30,15:49:01.155000,14658,14659,14659,1
2020-12-30,15:49:03.040000,14659,14660,14660,1
2020-12-30,15:49:03.145000,14659,14660,14660,3
2020-12-30,15:49:03.145000,14659,14660,14660,1
2020-12-30,15:49:03.145000,14659,14660,14660,3
2020-12-30,15:49:04.858000,14659,14660,14660,1
2020-12-30,15:49:05.031000,14659,14661,14659,3
2020-12-30,15:49:06.170000,14659,14660,14659,1
2020-12-30,15:49:07.989000,14659,14660,14659,1
2020-12-30,15:49:10.149000,14659,14660,14659,1
2020-12-30,15:49:11.772000,14659,14660,14660,1
2020-12-30,15:49:14.809000,14659,14660,14659,1
2020-12-30,15:49:15.351000,14659,14660,14659,1
2020-12-30,15:49:16.871000,14659,14660,14659,1
2020-12-30,15:49:17.045000,14659,14660,14659,1
2020-12-30,15:49:17.045000,14659,14660,14659,1
2020-12-30,15:49:18.590000,14659,14660,14659,1
2020-12-30,15:49:19.273000,14658,14659,14659,1
2020-12-30,15:49:19.997000,14658,14659,14659,1
2020-12-30,15:49:21.773000,14658,14659,14658,1
2020-12-30,15:49:22.373000,14658,14659,14659,1
2020-12-30,15:49:24.143000,14658,14659,14658,1
2020-12-30,15:49:25.393000,14658,14659,14659,1
2020-12-30,15:49:25.491000,14658,14659,14658,1
2020-12-30,15:49:35.096000,14659,14660,14659,3
2020-12-30,15:49:39.464000,14658,14660,14658,1
2020-12-30,15:49:41.871000,14658,14659,14659,1
2020-12-30,15:49:42.985000,14658,14659,14658,1
2020-12-30,15:49:43.331000,14658,14659,14658,3
2020-12-30,15:49:47.628000,14658,14659,14658,1
2020-12-30,15:49:47.657000,14658,14659,14659,1
2020-12-30,15:49:50.883000,14659,14660,14659,1
2020-12-30,15:49:50.883000,14659,14660,14658,18
2020-12-30,15:49:51.445000,14658,14659,14659,1
2020-12-30,15:49:55.057000,14658,14659,14658,1
2020-12-30,15:49:57.414000,14658,14659,14659,1
2020-12-30,15:49:57.821000,14658,14659,14659,1
2020-12-30,15:49:57.868000,14658,14659,14659,1
2020-12-30,15:50:01.078000,14659,14660,14660,2
2020-12-30,15:50:01.078000,14659,14660,14660,1
2020-12-30,15:50:01.078000,14659,14660,14660,2
2020-12-30,15:50:01.078000,14659,14660,14660,15
2020-12-30,15:50:02.306000,14660,14661,14660,1
2020-12-30,15:50:04.426000,14660,14661,14660,5
2020-12-30,15:50:17.923000,14660,14661,14660,2
2020-12-30,15:50:27.546000,14660,14661,14661,2
2020-12-30,15:50:29.745000,14660,14662,14662,1
2020-12-30,15:50:30.201000,14661,14662,14662,1
2020-12-30,15:50:32.488000,14661,14662,14661,3
2020-12-30,15:50:49.677000,14661,14662,14661,1
2020-12-30,15:50:50.369000,14661,14662,14662,5
2020-12-30,15:50:53.661000,14662,14663,14662,1
2020-12-30,15:51:01.354000,14662,14663,14663,2
2020-12-30,15:51:01.355000,14662,14663,14663,1
2020-12-30,15:51:01.610000,14662,14664,14664,2
2020-12-30,15:51:03.236000,14662,14663,14663,1
2020-12-30,15:51:06.070000,14663,14664,14663,1
2020-12-30,15:51:07.232000,14663,14664,14664,2
2020-12-30,15:51:08.482000,14663,14664,14663,1
2020-12-30,15:51:09.390000,14663,14664,14664,1
2020-12-30,15:51:16.009000,14663,14664,14663,1
2020-12-30,15:51:17.314000,14663,14664,14664,1
2020-12-30,15:51:19.121000,14663,14664,14663,6
2020-12-30,15:51:19.131000,14662,14663,14662,5
2020-12-30,15:51:22.185000,14661,14663,14663,1
2020-12-30,15:51:23.099000,14661,14663,14663,1
2020-12-30,15:51:23.256000,14662,14663,14662,1
2020-12-30,15:51:25.378000,14662,14663,14662,1
2020-12-30,15:51:27.756000,14661,14663,14661,1
2020-12-30,15:51:30.818000,14661,14663,14663,1
2020-12-30,15:51:32.548000,14661,14662,14662,1
2020-12-30,15:51:36.131000,14661,14662,14661,4
2020-12-30,15:51:36.881000,14660,14661,14660,3
2020-12-30,15:51:41.006000,14660,14661,14660,1
2020-12-30,15:51:45.702000,14660,14661,14660,1
2020-12-30,15:51:50.354000,14660,14661,14660,2
2020-12-30,15:51:54.948000,14660,14661,14660,2
2020-12-30,15:52:02.367000,14660,14661,14660,2
2020-12-30,15:52:08.400000,14660,14661,14660,1
2020-12-30,15:52:13.095000,14660,14661,14660,1
2020-12-30,15:52:24.013000,14660,14661,14661,5
2020-12-30,15:52:33.568000,14660,14661,14661,1
2020-12-30,15:52:34.719000,14660,14661,14661,1
2020-12-30,15:52:41.728000,14661,14662,14661,1
