2019-10-02,15:00:00.072000,10919,10920,10919,33
2019-10-02,15:00:00.073000,10918,10919,10919,1
2019-10-02,15:00:00.268000,10918,10919,10919,1
2019-10-02,15:00:00.439000,10918,10919,10918,1
2019-10-02,15:00:00.534000,10918,10919,10918,1
2019-10-02,15:00:00.579000,10918,10919,10918,1
2019-10-02,15:00:00.864000,10918,10919,10918,1
2019-10-02,15:00:00.865000,10918,10919,10918,2
2019-10-02,15:00:01.109000,10918,10919,10918,1
2019-10-02,15:00:01.902000,10917,10919,10919,1
2019-10-02,15:00:02.040000,10917,10919,10917,1
2019-10-02,15:00:02.173000,10917,10919,10919,4
2019-10-02,15:00:02.302000,10917,10919,10917,1
2019-10-02,15:00:03.516000,10918,10919,10918,1
2019-10-02,15:00:04.236000,10917,10918,10918,2
2019-10-02,15:00:04.352000,10917,10918,10919,1
2019-10-02,15:00:04.362000,10918,10919,10918,2
2019-10-02,15:00:04.484000,10918,10919,10918,1
2019-10-02,15:00:04.782000,10918,10919,10918,3
2019-10-02,15:00:04.855000,10918,10919,10919,5
2019-10-02,15:00:05.028000,10917,10919,10918,1
2019-10-02,15:00:07.249000,10917,10919,10917,2
2019-10-02,15:00:07.639000,10917,10919,10917,1
2019-10-02,15:00:09.697000,10917,10918,10917,1
2019-10-02,15:00:12.349000,10917,10918,10918,1
2019-10-02,15:00:12.452000,10917,10918,10918,1
2019-10-02,15:00:12.633000,10917,10918,10917,1
2019-10-02,15:00:13.434000,10917,10918,10918,1
2019-10-02,15:00:15.460000,10917,10918,10918,4
2019-10-02,15:00:15.709000,10917,10918,10917,1
2019-10-02,15:00:15.833000,10917,10918,10918,3
2019-10-02,15:00:17.319000,10918,10919,10918,2
2019-10-02,15:00:20.841000,10918,10919,10919,1
2019-10-02,15:00:20.859000,10918,10920,10919,1
2019-10-02,15:00:21.288000,10919,10920,10919,6
2019-10-02,15:00:22.310000,10919,10920,10919,1
2019-10-02,15:00:22.784000,10918,10919,10919,1
2019-10-02,15:00:23.273000,10918,10920,10918,1
2019-10-02,15:00:26.122000,10919,10920,10919,1
2019-10-02,15:00:26.902000,10919,10920,10919,1
2019-10-02,15:00:27.165000,10919,10920,10919,1
2019-10-02,15:00:29.072000,10919,10920,10919,1
2019-10-02,15:00:31.049000,10919,10920,10920,1
2019-10-02,15:00:31.126000,10919,10920,10920,7
2019-10-02,15:00:35.973000,10920,10921,10921,1
2019-10-02,15:00:37.109000,10920,10921,10921,1
2019-10-02,15:00:37.110000,10920,10921,10921,2
2019-10-02,15:00:37.350000,10920,10921,10921,1
2019-10-02,15:00:40.307000,10920,10921,10921,1
2019-10-02,15:00:40.572000,10920,10921,10921,1
2019-10-02,15:00:41.430000,10920,10921,10921,1
2019-10-02,15:00:41.484000,10920,10921,10921,1
2019-10-02,15:00:42.359000,10920,10921,10921,1
2019-10-02,15:00:47.333000,10921,10922,10921,1
2019-10-02,15:00:47.359000,10921,10922,10921,1
2019-10-02,15:00:53.450000,10921,10922,10921,2
2019-10-02,15:00:55.911000,10920,10921,10920,2
2019-10-02,15:00:56.420000,10920,10921,10920,1
2019-10-02,15:00:57.142000,10920,10921,10920,2
2019-10-02,15:00:57.267000,10920,10921,10920,3
2019-10-02,15:00:57.359000,10920,10921,10920,1
2019-10-02,15:00:58.305000,10919,10920,10919,1
2019-10-02,15:00:58.306000,10919,10920,10919,1
2019-10-02,15:00:58.876000,10919,10920,10919,13
2019-10-02,15:01:00.044000,10918,10919,10918,1
2019-10-02,15:01:00.078000,10918,10919,10918,2
2019-10-02,15:01:00.117000,10918,10919,10918,1
2019-10-02,15:01:00.584000,10918,10919,10919,2
2019-10-02,15:01:00.925000,10918,10919,10919,1
2019-10-02,15:01:02.408000,10918,10919,10918,9
2019-10-02,15:01:02.597000,10918,10919,10918,1
2019-10-02,15:01:03.984000,10917,10918,10917,2
2019-10-02,15:01:04.109000,10917,10918,10917,8
2019-10-02,15:01:08.114000,10916,10917,10916,1
2019-10-02,15:01:08.899000,10916,10917,10917,1
2019-10-02,15:01:10.419000,10916,10917,10917,1
2019-10-02,15:01:12.001000,10916,10917,10916,10
2019-10-02,15:01:12.001000,10916,10917,10916,8
2019-10-02,15:01:12.484000,10915,10916,10915,1
2019-10-02,15:01:12.484000,10915,10916,10915,7
2019-10-02,15:01:12.495000,10915,10916,10915,1
2019-10-02,15:01:12.495000,10915,10916,10915,1
2019-10-02,15:01:12.495000,10915,10916,10915,1
2019-10-02,15:01:12.678000,10915,10916,10916,1
2019-10-02,15:01:12.831000,10915,10916,10915,3
2019-10-02,15:01:12.945000,10915,10916,10915,1
2019-10-02,15:01:12.984000,10915,10916,10915,1
2019-10-02,15:01:13.031000,10915,10916,10915,1
2019-10-02,15:01:13.064000,10915,10916,10915,1
2019-10-02,15:01:13.099000,10915,10916,10915,1
2019-10-02,15:01:13.109000,10915,10916,10915,1
2019-10-02,15:01:13.109000,10915,10916,10915,1
2019-10-02,15:01:13.109000,10915,10916,10915,1
2019-10-02,15:01:13.308000,10915,10916,10915,5
2019-10-02,15:01:13.359000,10915,10916,10915,1
2019-10-02,15:01:13.359000,10915,10916,10915,3
2019-10-02,15:01:13.484000,10915,10916,10915,1
2019-10-02,15:01:13.825000,10915,10916,10915,1
2019-10-02,15:01:14.543000,10915,10916,10915,4
2019-10-02,15:01:14.596000,10915,10916,10915,4
2019-10-02,15:01:14.609000,10915,10916,10915,1
2019-10-02,15:01:14.664000,10915,10916,10915,1
2019-10-02,15:01:14.675000,10915,10916,10915,4
2019-10-02,15:01:14.734000,10915,10916,10915,3
2019-10-02,15:01:14.734000,10915,10916,10914,1
2019-10-02,15:01:14.758000,10915,10916,10914,4
2019-10-02,15:01:14.777000,10915,10916,10914,4
2019-10-02,15:01:14.824000,10915,10916,10914,4
2019-10-02,15:01:14.844000,10915,10916,10914,4
2019-10-02,15:01:14.890000,10914,10915,10914,4
2019-10-02,15:01:14.905000,10914,10915,10913,2
2019-10-02,15:01:14.950000,10914,10915,10915,1
2019-10-02,15:01:14.964000,10914,10915,10913,2
2019-10-02,15:01:14.983000,10914,10915,10913,4
2019-10-02,15:01:15.045000,10913,10915,10913,4
2019-10-02,15:01:15.051000,10913,10915,10913,2
2019-10-02,15:01:15.051000,10913,10915,10912,2
2019-10-02,15:01:15.114000,10913,10915,10913,2
2019-10-02,15:01:15.121000,10913,10915,10913,4
2019-10-02,15:01:15.130000,10913,10915,10913,4
2019-10-02,15:01:15.146000,10913,10915,10913,3
2019-10-02,15:01:15.146000,10913,10915,10912,2
2019-10-02,15:01:15.167000,10913,10915,10913,1
2019-10-02,15:01:15.167000,10913,10915,10912,3
2019-10-02,15:01:15.170000,10913,10915,10912,1
2019-10-02,15:01:15.174000,10913,10915,10912,1
2019-10-02,15:01:15.186000,10913,10915,10912,2
2019-10-02,15:01:15.208000,10913,10915,10912,4
2019-10-02,15:01:15.244000,10912,10914,10912,2
2019-10-02,15:01:15.261000,10912,10914,10912,2
2019-10-02,15:01:15.274000,10912,10914,10912,2
2019-10-02,15:01:15.360000,10912,10914,10912,6
2019-10-02,15:01:15.380000,10912,10914,10911,1
2019-10-02,15:01:15.522000,10911,10913,10911,2
2019-10-02,15:01:15.524000,10911,10913,10911,20
2019-10-02,15:01:15.541000,10911,10913,10911,5
2019-10-02,15:01:15.611000,10911,10913,10911,1
2019-10-02,15:01:15.616000,10911,10913,10913,1
2019-10-02,15:01:15.625000,10911,10913,10911,1
2019-10-02,15:01:15.695000,10911,10913,10911,2
2019-10-02,15:01:15.715000,10911,10913,10913,4
2019-10-02,15:01:15.735000,10911,10912,10912,1
2019-10-02,15:01:15.761000,10911,10912,10911,1
2019-10-02,15:01:15.860000,10910,10912,10911,2
2019-10-02,15:01:15.860000,10910,10912,10911,2
2019-10-02,15:01:15.860000,10910,10912,10912,1
2019-10-02,15:01:16.012000,10910,10912,10911,1
2019-10-02,15:01:16.019000,10910,10912,10910,1
2019-10-02,15:01:16.023000,10910,10912,10910,1
2019-10-02,15:01:16.040000,10910,10912,10910,1
2019-10-02,15:01:16.041000,10910,10912,10910,1
2019-10-02,15:01:16.359000,10911,10912,10911,5
2019-10-02,15:01:17.234000,10911,10912,10911,4
2019-10-02,15:01:17.260000,10911,10912,10912,1
2019-10-02,15:01:17.290000,10911,10912,10911,1
2019-10-02,15:01:17.424000,10910,10912,10910,6
2019-10-02,15:01:17.761000,10910,10912,10910,2
2019-10-02,15:01:18.539000,10911,10912,10911,1
2019-10-02,15:01:21.215000,10911,10912,10912,15
2019-10-02,15:01:21.303000,10911,10912,10911,2
2019-10-02,15:01:22.419000,10911,10912,10911,1
2019-10-02,15:01:22.961000,10911,10912,10912,1
2019-10-02,15:01:23.482000,10912,10913,10912,6
2019-10-02,15:01:24.116000,10912,10913,10912,1
2019-10-02,15:01:24.854000,10912,10913,10913,2
2019-10-02,15:01:24.931000,10912,10913,10912,1
2019-10-02,15:01:26.118000,10912,10914,10912,1
2019-10-02,15:01:27.010000,10913,10914,10914,18
2019-10-02,15:01:27.174000,10914,10915,10914,5
2019-10-02,15:01:27.359000,10914,10915,10915,3
2019-10-02,15:01:27.359000,10914,10915,10915,1
2019-10-02,15:01:27.366000,10914,10915,10915,1
2019-10-02,15:01:27.484000,10914,10915,10915,4
2019-10-02,15:01:27.541000,10914,10915,10915,1
2019-10-02,15:01:27.627000,10914,10915,10914,1
2019-10-02,15:01:28.263000,10914,10915,10915,1
2019-10-02,15:01:28.894000,10914,10915,10915,1
2019-10-02,15:01:29.442000,10915,10916,10915,1
2019-10-02,15:01:30.484000,10915,10916,10916,1
2019-10-02,15:01:31.216000,10915,10916,10916,1
2019-10-02,15:01:31.234000,10915,10916,10916,3
2019-10-02,15:01:32.368000,10916,10917,10916,1
2019-10-02,15:01:32.700000,10916,10917,10916,6
2019-10-02,15:01:35.609000,10915,10916,10916,1
2019-10-02,15:01:35.618000,10915,10916,10916,1
2019-10-02,15:01:36.257000,10915,10917,10915,11
2019-10-02,15:01:37.125000,10915,10916,10915,3
2019-10-02,15:01:40.827000,10915,10916,10915,1
2019-10-02,15:01:41.729000,10915,10916,10916,1
2019-10-02,15:01:43.997000,10915,10917,10917,2
2019-10-02,15:01:44.671000,10915,10917,10915,3
2019-10-02,15:01:48.539000,10915,10916,10915,2
2019-10-02,15:01:50.152000,10915,10916,10915,1
2019-10-02,15:01:55.282000,10915,10916,10915,7
2019-10-02,15:01:56.246000,10915,10916,10915,1
2019-10-02,15:01:56.915000,10914,10915,10915,1
2019-10-02,15:01:57.865000,10914,10916,10914,2
2019-10-02,15:01:59.092000,10914,10915,10915,1
2019-10-02,15:01:59.524000,10914,10915,10914,4
2019-10-02,15:02:01.017000,10914,10915,10915,1
2019-10-02,15:02:02.269000,10914,10915,10914,5
2019-10-02,15:02:03.543000,10913,10914,10914,1
2019-10-02,15:02:05.510000,10913,10914,10913,1
2019-10-02,15:02:05.885000,10913,10914,10914,3
2019-10-02,15:02:09.816000,10913,10914,10914,7
2019-10-02,15:02:18.380000,10914,10915,10914,1
2019-10-02,15:02:22.268000,10914,10915,10915,3
2019-10-02,15:02:23.575000,10914,10915,10915,1
2019-10-02,15:02:24.120000,10914,10915,10914,5
2019-10-02,15:02:26.366000,10914,10915,10914,5
2019-10-02,15:02:27.525000,10914,10915,10914,10
2019-10-02,15:02:29.621000,10914,10915,10914,1
2019-10-02,15:02:31.884000,10914,10915,10914,2
2019-10-02,15:02:34.778000,10914,10915,10914,2
2019-10-02,15:02:39.824000,10914,10915,10914,2
2019-10-02,15:02:40.017000,10913,10914,10914,1
2019-10-02,15:02:40.274000,10913,10914,10914,1
2019-10-02,15:02:41.768000,10913,10914,10913,5
2019-10-02,15:02:41.921000,10913,10914,10913,1
2019-10-02,15:02:44.557000,10913,10914,10914,2
2019-10-02,15:02:44.990000,10913,10914,10914,1
2019-10-02,15:02:46.849000,10913,10915,10913,2
2019-10-02,15:02:49.024000,10914,10915,10914,1
2019-10-02,15:02:49.422000,10913,10914,10914,1
2019-10-02,15:02:55.268000,10913,10914,10914,1
2019-10-02,15:02:55.879000,10913,10914,10914,9
2019-10-02,15:02:58.306000,10914,10915,10914,1
2019-10-02,15:02:58.910000,10914,10915,10915,1
2019-10-02,15:03:01.463000,10914,10915,10915,7
2019-10-02,15:03:01.749000,10914,10915,10914,1
2019-10-02,15:03:02.598000,10914,10915,10915,1
2019-10-02,15:03:05.647000,10914,10915,10914,5
2019-10-02,15:03:10.829000,10914,10915,10915,1
2019-10-02,15:03:12.101000,10914,10915,10914,2
2019-10-02,15:03:13.422000,10914,10915,10915,1
2019-10-02,15:03:15.406000,10914,10915,10914,1
2019-10-02,15:03:16.861000,10914,10915,10914,1
2019-10-02,15:03:17.502000,10914,10915,10915,1
2019-10-02,15:03:19.199000,10914,10915,10915,1
2019-10-02,15:03:20.152000,10914,10915,10915,1
2019-10-02,15:03:22.200000,10914,10915,10915,1
2019-10-02,15:03:22.983000,10914,10915,10914,7
2019-10-02,15:03:23.017000,10914,10915,10914,2
2019-10-02,15:03:25.725000,10914,10915,10915,3
2019-10-02,15:03:25.730000,10914,10915,10915,3
2019-10-02,15:03:26.144000,10914,10915,10915,3
2019-10-02,15:03:27.929000,10914,10915,10915,3
2019-10-02,15:03:31.658000,10914,10915,10914,1
2019-10-02,15:03:31.659000,10914,10915,10914,9
2019-10-02,15:03:31.659000,10914,10915,10914,6
2019-10-02,15:03:31.734000,10913,10915,10914,4
2019-10-02,15:03:31.734000,10913,10915,10914,1
2019-10-02,15:03:31.734000,10913,10915,10914,1
2019-10-02,15:03:31.893000,10913,10914,10914,2
2019-10-02,15:03:32.127000,10913,10914,10914,1
2019-10-02,15:03:32.150000,10913,10914,10914,1
2019-10-02,15:03:38.877000,10914,10915,10914,1
2019-10-02,15:03:43.322000,10914,10915,10915,1
2019-10-02,15:03:45.084000,10914,10915,10915,25
2019-10-02,15:03:50.871000,10915,10916,10916,11
2019-10-02,15:03:50.984000,10915,10916,10916,19
2019-10-02,15:03:51.035000,10915,10916,10916,10
2019-10-02,15:03:51.085000,10915,10916,10916,9
2019-10-02,15:03:51.110000,10915,10916,10916,1
2019-10-02,15:03:51.160000,10915,10916,10916,10
2019-10-02,15:03:51.210000,10915,10916,10916,1
2019-10-02,15:03:51.234000,10915,10916,10916,2
2019-10-02,15:03:51.234000,10915,10916,10916,3
2019-10-02,15:03:51.235000,10915,10916,10916,3
2019-10-02,15:03:51.238000,10915,10916,10916,1
2019-10-02,15:03:51.288000,10915,10916,10916,2
2019-10-02,15:03:51.359000,10915,10916,10916,1
2019-10-02,15:03:51.359000,10915,10916,10916,1
2019-10-02,15:03:51.360000,10915,10916,10916,1
2019-10-02,15:03:51.410000,10915,10916,10916,1
2019-10-02,15:03:51.484000,10915,10916,10916,4
2019-10-02,15:03:54.926000,10915,10916,10916,3
2019-10-02,15:03:55.675000,10915,10916,10915,4
2019-10-02,15:03:56.866000,10915,10916,10916,3
2019-10-02,15:03:57.720000,10915,10916,10915,5
2019-10-02,15:03:58.151000,10915,10916,10916,1
2019-10-02,15:04:00.986000,10915,10916,10916,1
2019-10-02,15:04:05.166000,10916,10917,10916,1
2019-10-02,15:04:06.453000,10916,10917,10917,1
2019-10-02,15:04:07.702000,10916,10917,10917,2
2019-10-02,15:04:13.391000,10916,10917,10916,5
2019-10-02,15:04:13.644000,10915,10916,10916,1
2019-10-02,15:04:18.995000,10915,10916,10915,5
2019-10-02,15:04:19.139000,10915,10916,10916,1
2019-10-02,15:04:20.108000,10915,10916,10916,5
2019-10-02,15:04:25.505000,10915,10916,10916,1
2019-10-02,15:04:33.214000,10915,10916,10916,1
2019-10-02,15:04:35.550000,10915,10916,10915,1
2019-10-02,15:04:40.183000,10915,10916,10916,1
2019-10-02,15:04:54.193000,10915,10916,10915,2
2019-10-02,15:04:57.047000,10915,10916,10916,1
2019-10-02,15:04:58.024000,10915,10916,10916,1
2019-10-02,15:04:58.941000,10915,10916,10916,14
2019-10-02,15:05:02.485000,10915,10916,10916,1
2019-10-02,15:05:03.521000,10915,10917,10915,1
2019-10-02,15:05:07.551000,10916,10917,10916,1
2019-10-02,15:05:12.985000,10916,10917,10916,1
2019-10-02,15:05:13.617000,10916,10917,10916,1
2019-10-02,15:05:23.173000,10916,10917,10916,2
2019-10-02,15:05:24.029000,10916,10917,10916,1
2019-10-02,15:05:25.010000,10916,10917,10916,3
2019-10-02,15:05:26.594000,10916,10917,10917,1
2019-10-02,15:05:26.861000,10916,10917,10917,1
2019-10-02,15:05:26.991000,10916,10917,10916,1
2019-10-02,15:05:28.150000,10916,10917,10917,1
2019-10-02,15:05:29.085000,10916,10917,10916,3
2019-10-02,15:05:29.085000,10916,10917,10915,3
2019-10-02,15:05:34.524000,10915,10916,10916,1
2019-10-02,15:05:34.898000,10915,10916,10916,5
2019-10-02,15:05:36.627000,10916,10917,10916,1
2019-10-02,15:05:36.627000,10916,10917,10916,1
2019-10-02,15:05:39.118000,10915,10916,10916,2
2019-10-02,15:05:39.827000,10915,10916,10916,1
2019-10-02,15:05:43.178000,10915,10917,10917,1
2019-10-02,15:05:51.795000,10916,10917,10917,1
2019-10-02,15:05:58.447000,10916,10917,10916,1
2019-10-02,15:05:58.514000,10916,10917,10916,1
2019-10-02,15:05:59.803000,10916,10917,10917,1
2019-10-02,15:06:08.379000,10916,10917,10917,1
2019-10-02,15:06:23.722000,10916,10917,10917,2
2019-10-02,15:06:26.581000,10916,10917,10917,2
2019-10-02,15:06:27.739000,10916,10917,10917,27
2019-10-02,15:06:27.857000,10916,10917,10917,1
2019-10-02,15:06:30.129000,10917,10918,10917,1
2019-10-02,15:06:37.223000,10917,10918,10917,1
2019-10-02,15:06:37.223000,10917,10918,10917,2
2019-10-02,15:06:37.234000,10917,10918,10917,3
2019-10-02,15:06:37.471000,10916,10918,10917,2
2019-10-02,15:06:40.861000,10917,10918,10918,3
2019-10-02,15:06:43.764000,10917,10918,10917,3
2019-10-02,15:06:46.506000,10917,10918,10917,1
2019-10-02,15:06:46.609000,10917,10918,10917,6
2019-10-02,15:06:46.610000,10917,10918,10917,3
2019-10-02,15:06:46.960000,10917,10918,10917,2
2019-10-02,15:06:47.194000,10916,10918,10917,2
2019-10-02,15:06:48.754000,10916,10917,10917,1
2019-10-02,15:06:49.157000,10916,10917,10916,1
2019-10-02,15:06:50.428000,10916,10917,10917,1
2019-10-02,15:06:59.832000,10916,10917,10917,1
2019-10-02,15:07:00.524000,10916,10917,10917,1
2019-10-02,15:07:01.645000,10916,10917,10917,2
2019-10-02,15:07:01.884000,10916,10917,10917,2
2019-10-02,15:07:02.121000,10916,10917,10917,2
2019-10-02,15:07:10.724000,10917,10918,10917,2
2019-10-02,15:07:11.894000,10917,10918,10918,4
2019-10-02,15:07:23.238000,10917,10918,10918,1
2019-10-02,15:07:26.002000,10917,10918,10918,14
2019-10-02,15:07:26.002000,10917,10918,10918,1
2019-10-02,15:07:26.002000,10917,10918,10918,2
2019-10-02,15:07:26.002000,10917,10918,10918,2
2019-10-02,15:07:26.002000,10917,10918,10918,1
2019-10-02,15:07:26.003000,10917,10918,10918,2
2019-10-02,15:07:26.511000,10918,10919,10918,1
2019-10-02,15:07:29.367000,10918,10919,10918,1
2019-10-02,15:07:36.064000,10918,10919,10918,1
2019-10-02,15:07:38.577000,10918,10919,10918,1
2019-10-02,15:07:43.785000,10918,10919,10919,1
2019-10-02,15:07:44.033000,10918,10919,10919,1
2019-10-02,15:07:44.059000,10918,10919,10919,1
2019-10-02,15:07:44.494000,10918,10919,10918,3
2019-10-02,15:07:49.680000,10918,10919,10919,1
2019-10-02,15:07:49.718000,10918,10919,10918,16
2019-10-02,15:07:49.859000,10917,10919,10917,10
2019-10-02,15:07:49.954000,10917,10918,10918,2
2019-10-02,15:07:53.038000,10917,10918,10918,1
2019-10-02,15:07:55.858000,10917,10918,10917,15
2019-10-02,15:07:56.563000,10917,10918,10917,2
2019-10-02,15:07:57.777000,10917,10918,10917,1
2019-10-02,15:08:01.355000,10917,10918,10917,1
2019-10-02,15:08:02.068000,10917,10918,10917,1
2019-10-02,15:08:02.073000,10917,10918,10917,1
2019-10-02,15:08:02.170000,10917,10918,10917,1
2019-10-02,15:08:02.309000,10916,10918,10917,1
2019-10-02,15:08:07.096000,10917,10918,10917,1
2019-10-02,15:08:09.990000,10916,10917,10917,1
2019-10-02,15:08:12.486000,10917,10918,10917,1
2019-10-02,15:08:20.115000,10917,10918,10917,2
2019-10-02,15:08:32.591000,10916,10917,10917,1
2019-10-02,15:08:43.039000,10916,10917,10917,7
2019-10-02,15:08:43.860000,10917,10918,10917,1
2019-10-02,15:08:44.400000,10917,10918,10917,1
2019-10-02,15:08:55.307000,10917,10918,10918,1
2019-10-02,15:09:03.797000,10917,10918,10918,1
2019-10-02,15:09:05.488000,10917,10918,10917,1
2019-10-02,15:09:07.515000,10916,10917,10917,1
2019-10-02,15:09:21.502000,10916,10917,10916,21
2019-10-02,15:09:27.735000,10915,10916,10915,36
2019-10-02,15:09:27.775000,10915,10916,10915,1
2019-10-02,15:09:34.662000,10914,10915,10914,47
2019-10-02,15:09:34.868000,10913,10914,10913,1
2019-10-02,15:09:34.902000,10913,10914,10913,1
2019-10-02,15:09:34.944000,10913,10914,10913,2
2019-10-02,15:09:34.991000,10913,10914,10913,1
2019-10-02,15:09:35.030000,10913,10914,10913,1
2019-10-02,15:09:35.052000,10913,10914,10913,3
2019-10-02,15:09:35.073000,10913,10914,10913,4
2019-10-02,15:09:35.110000,10913,10914,10913,2
2019-10-02,15:09:35.234000,10913,10914,10914,8
2019-10-02,15:09:35.273000,10913,10914,10914,1
2019-10-02,15:09:36.025000,10913,10914,10914,1
2019-10-02,15:09:36.367000,10913,10914,10913,1
2019-10-02,15:09:41.283000,10913,10914,10913,2
2019-10-02,15:09:44.136000,10913,10914,10913,3
2019-10-02,15:09:45.707000,10913,10914,10913,1
2019-10-02,15:09:45.981000,10913,10914,10913,1
2019-10-02,15:09:46.986000,10913,10914,10913,2
2019-10-02,15:09:48.624000,10913,10914,10913,2
2019-10-02,15:09:50.215000,10913,10914,10913,1
2019-10-02,15:09:50.882000,10913,10914,10913,2
2019-10-02,15:09:51.392000,10913,10914,10913,1
2019-10-02,15:09:53.113000,10913,10914,10913,1
2019-10-02,15:09:58.247000,10913,10914,10913,1
2019-10-02,15:09:58.494000,10913,10914,10913,5
2019-10-02,15:09:59.210000,10913,10914,10913,2
2019-10-02,15:09:59.503000,10913,10914,10913,14
2019-10-02,15:10:01.502000,10912,10913,10913,1
2019-10-02,15:10:01.837000,10912,10913,10912,1
2019-10-02,15:10:02.071000,10912,10913,10912,1
2019-10-02,15:10:02.072000,10912,10913,10912,3
2019-10-02,15:10:02.109000,10912,10913,10913,1
2019-10-02,15:10:02.110000,10912,10913,10912,24
2019-10-02,15:10:02.445000,10911,10912,10912,10
2019-10-02,15:10:02.833000,10911,10912,10912,1
2019-10-02,15:10:03.044000,10911,10912,10912,2
2019-10-02,15:10:03.131000,10911,10912,10912,4
2019-10-02,15:10:03.131000,10911,10912,10913,30
2019-10-02,15:10:03.133000,10911,10912,10912,1
2019-10-02,15:10:03.135000,10911,10912,10912,1
2019-10-02,15:10:03.137000,10911,10912,10912,1
2019-10-02,15:10:03.139000,10911,10912,10912,1
2019-10-02,15:10:03.211000,10911,10912,10912,1
2019-10-02,15:10:03.211000,10911,10912,10913,6
2019-10-02,15:10:03.211000,10911,10912,10914,3
2019-10-02,15:10:11.199000,10912,10913,10913,1
2019-10-02,15:10:13.674000,10912,10913,10913,2
2019-10-02,15:10:15.286000,10912,10913,10912,1
2019-10-02,15:10:17.418000,10912,10913,10912,1
2019-10-02,15:10:19.003000,10912,10913,10913,5
2019-10-02,15:10:20.398000,10912,10913,10913,3
2019-10-02,15:10:21.300000,10912,10913,10912,1
2019-10-02,15:10:21.465000,10912,10913,10913,1
2019-10-02,15:10:21.740000,10912,10913,10913,2
2019-10-02,15:10:21.825000,10912,10913,10912,9
2019-10-02,15:10:21.974000,10912,10913,10913,2
2019-10-02,15:10:21.986000,10912,10913,10912,21
2019-10-02,15:10:22.036000,10912,10913,10912,3
2019-10-02,15:10:22.109000,10912,10913,10912,2
2019-10-02,15:10:23.433000,10912,10913,10912,1
2019-10-02,15:10:24.704000,10912,10913,10912,1
2019-10-02,15:10:25.492000,10912,10913,10912,1
2019-10-02,15:10:26.104000,10912,10913,10912,6
2019-10-02,15:10:26.163000,10911,10913,10912,1
2019-10-02,15:10:26.341000,10911,10912,10912,1
2019-10-02,15:10:26.630000,10912,10913,10912,1
2019-10-02,15:10:26.883000,10911,10913,10912,1
2019-10-02,15:10:26.949000,10911,10913,10912,1
2019-10-02,15:10:28.330000,10911,10913,10911,1
2019-10-02,15:10:28.486000,10912,10913,10912,1
2019-10-02,15:10:29.047000,10911,10912,10912,1
2019-10-02,15:10:29.110000,10912,10913,10912,1
2019-10-02,15:10:29.408000,10911,10912,10911,2
2019-10-02,15:10:29.829000,10911,10912,10911,1
2019-10-02,15:10:29.947000,10911,10912,10912,2
2019-10-02,15:10:29.959000,10911,10912,10911,5
2019-10-02,15:10:30.187000,10911,10912,10912,2
2019-10-02,15:10:30.371000,10911,10912,10911,1
2019-10-02,15:10:30.420000,10911,10912,10912,2
2019-10-02,15:10:30.654000,10911,10912,10912,2
2019-10-02,15:10:30.890000,10911,10912,10912,1
2019-10-02,15:10:32.666000,10911,10912,10911,20
2019-10-02,15:10:33.487000,10911,10912,10911,26
2019-10-02,15:10:33.812000,10910,10911,10910,1
2019-10-02,15:10:33.865000,10910,10911,10910,1
2019-10-02,15:10:33.903000,10910,10911,10910,1
2019-10-02,15:10:34.063000,10910,10911,10910,8
2019-10-02,15:10:34.643000,10910,10911,10910,1
2019-10-02,15:10:35.596000,10910,10911,10911,1
2019-10-02,15:10:36.051000,10910,10911,10911,1
2019-10-02,15:10:36.137000,10910,10911,10910,1
2019-10-02,15:10:37.692000,10910,10911,10910,3
2019-10-02,15:10:37.734000,10910,10911,10910,5
2019-10-02,15:10:37.859000,10910,10911,10910,1
2019-10-02,15:10:37.908000,10910,10911,10910,1
2019-10-02,15:10:37.909000,10910,10911,10910,2
2019-10-02,15:10:37.909000,10910,10911,10910,4
2019-10-02,15:10:37.910000,10910,10911,10910,1
2019-10-02,15:10:38.537000,10909,10911,10909,3
2019-10-02,15:10:38.589000,10909,10911,10909,3
2019-10-02,15:10:38.589000,10909,10911,10909,2
2019-10-02,15:10:38.590000,10909,10911,10909,1
2019-10-02,15:10:38.591000,10909,10911,10909,1
2019-10-02,15:10:38.640000,10909,10910,10909,2
2019-10-02,15:10:39.066000,10909,10910,10909,1
2019-10-02,15:10:39.610000,10909,10910,10909,17
2019-10-02,15:10:39.633000,10909,10910,10909,3
2019-10-02,15:10:39.851000,10908,10909,10908,2
2019-10-02,15:10:40.093000,10908,10909,10908,6
2019-10-02,15:10:40.192000,10908,10909,10908,1
2019-10-02,15:10:40.298000,10908,10909,10908,1
2019-10-02,15:10:40.384000,10908,10909,10909,2
2019-10-02,15:10:41.289000,10908,10910,10908,1
2019-10-02,15:10:41.344000,10908,10910,10908,2
2019-10-02,15:10:41.356000,10908,10910,10908,1
2019-10-02,15:10:41.382000,10908,10910,10908,1
2019-10-02,15:10:41.409000,10908,10910,10908,2
2019-10-02,15:10:41.466000,10908,10910,10908,1
2019-10-02,15:10:41.530000,10908,10910,10908,1
2019-10-02,15:10:41.541000,10908,10910,10908,1
2019-10-02,15:10:41.582000,10908,10910,10908,1
2019-10-02,15:10:41.658000,10908,10910,10908,1
2019-10-02,15:10:41.749000,10908,10910,10908,2
2019-10-02,15:10:41.790000,10908,10910,10908,1
2019-10-02,15:10:42.133000,10908,10909,10908,4
2019-10-02,15:10:42.438000,10908,10909,10908,4
2019-10-02,15:10:42.505000,10908,10909,10909,1
2019-10-02,15:10:42.512000,10908,10909,10909,1
2019-10-02,15:10:42.598000,10908,10909,10908,1
2019-10-02,15:10:43.129000,10908,10909,10908,1
2019-10-02,15:10:43.484000,10908,10909,10908,10
2019-10-02,15:10:43.484000,10908,10909,10907,29
2019-10-02,15:10:43.535000,10908,10909,10908,2
2019-10-02,15:10:43.609000,10908,10909,10908,3
2019-10-02,15:10:43.671000,10908,10909,10907,2
2019-10-02,15:10:44.636000,10907,10908,10907,13
2019-10-02,15:10:44.636000,10907,10908,10906,7
2019-10-02,15:10:44.858000,10906,10908,10907,4
2019-10-02,15:10:44.858000,10906,10908,10906,1
2019-10-02,15:10:44.995000,10906,10908,10906,1
2019-10-02,15:10:45.006000,10906,10908,10906,1
2019-10-02,15:10:45.026000,10906,10908,10906,1
2019-10-02,15:10:45.545000,10907,10908,10908,5
2019-10-02,15:10:45.767000,10907,10908,10907,1
2019-10-02,15:10:45.822000,10907,10908,10907,1
2019-10-02,15:10:45.907000,10907,10908,10907,2
2019-10-02,15:10:45.999000,10907,10908,10907,2
2019-10-02,15:10:46.544000,10907,10908,10907,5
2019-10-02,15:10:46.585000,10907,10908,10907,1
2019-10-02,15:10:47.767000,10907,10908,10907,1
2019-10-02,15:10:48.123000,10907,10908,10908,1
2019-10-02,15:10:48.299000,10907,10908,10908,1
2019-10-02,15:10:48.345000,10907,10908,10907,3
2019-10-02,15:10:50.572000,10907,10908,10908,1
2019-10-02,15:10:51.689000,10908,10909,10908,1
2019-10-02,15:10:51.689000,10908,10909,10907,2
2019-10-02,15:10:52.484000,10907,10908,10908,1
2019-10-02,15:10:52.954000,10907,10908,10908,1
2019-10-02,15:10:54.948000,10908,10909,10908,1
2019-10-02,15:10:55.281000,10908,10909,10909,1
2019-10-02,15:10:56.837000,10908,10909,10909,1
2019-10-02,15:10:57.321000,10907,10909,10907,2
2019-10-02,15:10:58.138000,10907,10908,10908,2
2019-10-02,15:10:59.400000,10908,10909,10908,1
2019-10-02,15:11:00.285000,10908,10909,10909,1
2019-10-02,15:11:01.912000,10908,10909,10908,1
2019-10-02,15:11:02.728000,10908,10909,10908,1
2019-10-02,15:11:02.742000,10908,10909,10908,1
2019-10-02,15:11:03.620000,10908,10909,10908,1
2019-10-02,15:11:06.492000,10908,10909,10909,1
2019-10-02,15:11:07.438000,10908,10909,10908,1
2019-10-02,15:11:08.498000,10908,10909,10908,3
2019-10-02,15:11:08.911000,10907,10908,10908,3
2019-10-02,15:11:10.747000,10907,10908,10908,1
2019-10-02,15:11:11.324000,10907,10908,10908,2
2019-10-02,15:11:12.941000,10907,10908,10908,1
2019-10-02,15:11:16.462000,10907,10908,10907,3
2019-10-02,15:11:17.582000,10907,10908,10907,2
2019-10-02,15:11:18.470000,10907,10908,10908,1
2019-10-02,15:11:18.509000,10907,10908,10908,1
2019-10-02,15:11:18.529000,10907,10908,10907,1
2019-10-02,15:11:19.567000,10907,10908,10908,2
2019-10-02,15:11:19.587000,10907,10908,10907,16
2019-10-02,15:11:20.396000,10907,10908,10907,1
2019-10-02,15:11:21.452000,10907,10908,10907,1
2019-10-02,15:11:21.516000,10907,10908,10908,1
2019-10-02,15:11:21.886000,10907,10908,10907,1
2019-10-02,15:11:23.822000,10907,10908,10908,5
2019-10-02,15:11:24.398000,10907,10908,10908,1
2019-10-02,15:11:26.200000,10907,10908,10907,5
2019-10-02,15:11:26.500000,10907,10908,10907,1
2019-10-02,15:11:27.212000,10907,10908,10908,1
2019-10-02,15:11:27.970000,10907,10908,10908,1
2019-10-02,15:11:29.965000,10907,10908,10907,1
2019-10-02,15:11:31.910000,10907,10908,10907,1
2019-10-02,15:11:32.020000,10907,10908,10908,1
2019-10-02,15:11:32.078000,10907,10908,10907,4
2019-10-02,15:11:32.542000,10907,10908,10908,5
2019-10-02,15:11:33.061000,10907,10908,10907,2
2019-10-02,15:11:33.692000,10907,10908,10907,2
2019-10-02,15:11:33.711000,10907,10908,10907,1
2019-10-02,15:11:34.074000,10907,10908,10908,1
2019-10-02,15:11:34.844000,10907,10908,10907,1
2019-10-02,15:11:35.079000,10907,10908,10908,1
2019-10-02,15:11:35.472000,10907,10908,10907,1
2019-10-02,15:11:36.385000,10906,10908,10906,1
2019-10-02,15:11:38.811000,10906,10907,10907,1
2019-10-02,15:11:42.055000,10907,10908,10908,5
2019-10-02,15:11:42.377000,10907,10908,10908,1
2019-10-02,15:11:42.412000,10907,10908,10907,1
2019-10-02,15:11:43.429000,10907,10908,10907,1
2019-10-02,15:11:43.563000,10907,10908,10908,3
2019-10-02,15:11:43.742000,10908,10909,10908,2
2019-10-02,15:11:44.068000,10908,10909,10908,1
2019-10-02,15:11:45.904000,10908,10909,10908,4
2019-10-02,15:11:47.200000,10908,10909,10908,1
2019-10-02,15:11:47.420000,10908,10909,10908,1
2019-10-02,15:11:49.573000,10908,10909,10908,1
2019-10-02,15:11:51.172000,10907,10909,10907,2
2019-10-02,15:11:51.912000,10908,10909,10909,5
2019-10-02,15:11:52.757000,10908,10909,10908,10
2019-10-02,15:11:53.465000,10907,10909,10907,1
2019-10-02,15:11:54.250000,10907,10909,10907,1
2019-10-02,15:11:56.025000,10907,10908,10908,1
2019-10-02,15:11:56.609000,10907,10908,10908,3
2019-10-02,15:11:56.635000,10907,10908,10908,1
2019-10-02,15:11:56.841000,10907,10909,10907,1
2019-10-02,15:11:57.613000,10907,10908,10907,1
2019-10-02,15:11:58.549000,10907,10908,10908,1
2019-10-02,15:11:59.457000,10907,10908,10908,1
2019-10-02,15:12:01.070000,10908,10909,10908,1
2019-10-02,15:12:01.458000,10907,10908,10908,2
2019-10-02,15:12:01.459000,10907,10908,10909,2
2019-10-02,15:12:02.575000,10907,10909,10908,1
2019-10-02,15:12:02.575000,10907,10909,10907,2
2019-10-02,15:12:03.300000,10908,10909,10908,1
2019-10-02,15:12:04.595000,10907,10909,10909,1
2019-10-02,15:12:06.426000,10908,10909,10908,1
2019-10-02,15:12:07.337000,10907,10908,10908,1
2019-10-02,15:12:09.774000,10907,10908,10908,1
2019-10-02,15:12:10.526000,10907,10908,10908,1
2019-10-02,15:12:10.526000,10907,10908,10909,2
2019-10-02,15:12:14.002000,10907,10908,10908,1
2019-10-02,15:12:14.146000,10907,10908,10907,2
2019-10-02,15:12:14.434000,10907,10908,10908,1
2019-10-02,15:12:15.218000,10907,10908,10907,1
2019-10-02,15:12:15.631000,10907,10908,10908,1
2019-10-02,15:12:19.676000,10907,10908,10908,1
2019-10-02,15:12:22.052000,10907,10909,10907,37
2019-10-02,15:12:22.349000,10907,10908,10908,1
2019-10-02,15:12:24.253000,10907,10908,10908,1
2019-10-02,15:12:24.261000,10907,10908,10908,1
2019-10-02,15:12:24.510000,10907,10908,10908,1
2019-10-02,15:12:24.589000,10907,10908,10907,1
2019-10-02,15:12:25.893000,10907,10908,10907,1
2019-10-02,15:12:25.912000,10907,10908,10907,1
2019-10-02,15:12:26.183000,10906,10907,10906,1
2019-10-02,15:12:26.782000,10906,10907,10907,1
2019-10-02,15:12:27.935000,10906,10907,10907,1
2019-10-02,15:12:28.166000,10906,10907,10906,1
2019-10-02,15:12:32.401000,10906,10907,10907,2
2019-10-02,15:12:32.736000,10906,10907,10906,1
2019-10-02,15:12:33.080000,10906,10907,10906,4
2019-10-02,15:12:33.298000,10906,10907,10907,1
2019-10-02,15:12:33.963000,10906,10907,10906,1
2019-10-02,15:12:34.215000,10906,10907,10906,1
2019-10-02,15:12:34.494000,10906,10907,10906,1
2019-10-02,15:12:35.875000,10906,10907,10906,1
2019-10-02,15:12:35.984000,10906,10907,10906,4
2019-10-02,15:12:36,10906,10907,10906,3
2019-10-02,15:12:36.107000,10906,10907,10906,1
2019-10-02,15:12:36.411000,10906,10907,10906,1
2019-10-02,15:12:37.373000,10906,10907,10906,1
2019-10-02,15:12:42.164000,10905,10906,10905,1
2019-10-02,15:12:42.380000,10905,10906,10906,1
2019-10-02,15:12:45.106000,10905,10906,10905,2
2019-10-02,15:12:45.290000,10905,10906,10906,1
2019-10-02,15:12:45.420000,10905,10906,10906,1
2019-10-02,15:12:46.231000,10905,10906,10906,1
2019-10-02,15:12:46.548000,10905,10906,10905,2
2019-10-02,15:12:47.752000,10905,10906,10905,1
2019-10-02,15:12:47.958000,10905,10906,10905,1
2019-10-02,15:12:48.222000,10905,10906,10906,1
2019-10-02,15:12:48.378000,10905,10906,10905,1
2019-10-02,15:12:48.465000,10905,10906,10906,5
2019-10-02,15:12:48.648000,10905,10906,10905,1
2019-10-02,15:12:48.986000,10905,10906,10905,1
2019-10-02,15:12:49.242000,10905,10906,10905,1
2019-10-02,15:12:50.143000,10905,10906,10906,1
2019-10-02,15:12:50.891000,10905,10906,10906,2
2019-10-02,15:12:51.434000,10905,10906,10905,1
2019-10-02,15:12:52.370000,10905,10906,10905,2
2019-10-02,15:12:52.371000,10905,10906,10905,1
2019-10-02,15:12:52.371000,10905,10906,10905,2
2019-10-02,15:12:52.371000,10905,10906,10905,2
2019-10-02,15:12:52.371000,10905,10906,10905,5
2019-10-02,15:12:52.371000,10905,10906,10905,2
2019-10-02,15:12:52.371000,10905,10906,10905,1
2019-10-02,15:12:52.371000,10905,10906,10905,2
2019-10-02,15:12:52.371000,10905,10906,10905,10
2019-10-02,15:12:52.990000,10904,10905,10904,2
2019-10-02,15:12:52.990000,10904,10905,10904,2
2019-10-02,15:12:53.142000,10904,10905,10904,2
2019-10-02,15:12:53.153000,10904,10905,10904,1
2019-10-02,15:12:53.279000,10904,10905,10905,1
2019-10-02,15:12:53.358000,10904,10905,10904,1
2019-10-02,15:12:53.453000,10904,10905,10905,1
2019-10-02,15:12:53.566000,10904,10905,10904,1
2019-10-02,15:12:53.584000,10904,10905,10904,1
2019-10-02,15:12:53.649000,10903,10905,10903,1
2019-10-02,15:12:53.743000,10903,10905,10903,2
2019-10-02,15:12:53.848000,10903,10905,10903,1
2019-10-02,15:12:53.853000,10903,10905,10903,1
2019-10-02,15:12:53.877000,10903,10905,10903,1
2019-10-02,15:12:53.883000,10903,10905,10903,6
2019-10-02,15:12:53.891000,10903,10905,10903,4
2019-10-02,15:12:53.895000,10903,10905,10903,1
2019-10-02,15:12:53.933000,10903,10905,10903,1
2019-10-02,15:12:53.963000,10903,10905,10903,8
2019-10-02,15:12:54.049000,10903,10905,10903,1
2019-10-02,15:12:54.091000,10903,10905,10903,6
2019-10-02,15:12:54.294000,10903,10904,10903,1
2019-10-02,15:12:54.363000,10903,10904,10903,4
2019-10-02,15:12:54.756000,10903,10904,10903,1
2019-10-02,15:12:55,10903,10904,10903,1
2019-10-02,15:12:55.235000,10903,10904,10903,1
2019-10-02,15:12:55.485000,10903,10904,10903,1
2019-10-02,15:12:55.708000,10903,10904,10903,1
2019-10-02,15:12:55.935000,10903,10904,10903,1
2019-10-02,15:12:56.106000,10903,10904,10903,1
2019-10-02,15:12:56.277000,10903,10904,10903,5
2019-10-02,15:12:56.285000,10903,10904,10903,1
2019-10-02,15:12:56.476000,10903,10904,10903,1
2019-10-02,15:12:56.658000,10903,10904,10903,1
2019-10-02,15:12:56.744000,10903,10904,10903,1
2019-10-02,15:12:56.812000,10903,10904,10903,1
2019-10-02,15:12:56.881000,10903,10904,10903,1
2019-10-02,15:12:57.004000,10903,10904,10903,1
2019-10-02,15:12:57.007000,10903,10904,10903,1
2019-10-02,15:12:57.187000,10902,10903,10903,1
2019-10-02,15:12:57.187000,10902,10903,10904,2
2019-10-02,15:12:58.665000,10902,10903,10903,1
2019-10-02,15:12:58.758000,10902,10903,10903,1
2019-10-02,15:12:58.895000,10902,10903,10902,1
2019-10-02,15:12:59.020000,10902,10903,10902,1
2019-10-02,15:12:59.067000,10902,10903,10902,2
2019-10-02,15:12:59.100000,10902,10903,10902,1
2019-10-02,15:12:59.100000,10902,10903,10902,2
2019-10-02,15:12:59.212000,10902,10903,10902,2
2019-10-02,15:12:59.238000,10902,10903,10902,2
2019-10-02,15:12:59.281000,10902,10903,10902,4
2019-10-02,15:12:59.327000,10902,10903,10902,2
2019-10-02,15:12:59.347000,10902,10903,10902,8
2019-10-02,15:12:59.347000,10902,10903,10902,7
2019-10-02,15:12:59.347000,10902,10903,10902,6
2019-10-02,15:12:59.348000,10902,10903,10901,8
2019-10-02,15:12:59.348000,10902,10903,10901,7
2019-10-02,15:12:59.348000,10902,10903,10901,8
2019-10-02,15:12:59.348000,10902,10903,10901,7
2019-10-02,15:12:59.397000,10901,10902,10901,1
2019-10-02,15:12:59.442000,10901,10902,10901,15
2019-10-02,15:12:59.450000,10901,10902,10901,3
2019-10-02,15:12:59.453000,10901,10902,10901,6
2019-10-02,15:12:59.458000,10901,10902,10901,2
2019-10-02,15:12:59.505000,10900,10902,10900,5
2019-10-02,15:12:59.517000,10900,10902,10900,1
2019-10-02,15:12:59.517000,10900,10902,10900,4
2019-10-02,15:12:59.524000,10900,10902,10900,4
2019-10-02,15:12:59.564000,10900,10902,10901,1
2019-10-02,15:12:59.596000,10900,10902,10900,1
2019-10-02,15:12:59.611000,10900,10901,10900,4
2019-10-02,15:12:59.674000,10900,10901,10900,1
2019-10-02,15:12:59.674000,10900,10901,10900,1
2019-10-02,15:12:59.736000,10900,10901,10900,1
2019-10-02,15:12:59.739000,10900,10901,10900,1
2019-10-02,15:12:59.739000,10900,10901,10900,2
2019-10-02,15:12:59.751000,10900,10901,10900,1
2019-10-02,15:12:59.805000,10900,10901,10900,1
2019-10-02,15:12:59.844000,10900,10901,10900,1
2019-10-02,15:12:59.861000,10900,10901,10900,1
2019-10-02,15:12:59.862000,10900,10901,10900,1
2019-10-02,15:12:59.884000,10900,10901,10900,1
2019-10-02,15:12:59.887000,10900,10901,10900,1
2019-10-02,15:12:59.904000,10900,10901,10900,1
2019-10-02,15:12:59.904000,10900,10901,10900,1
2019-10-02,15:13:00.020000,10900,10901,10900,2
2019-10-02,15:13:00.138000,10900,10901,10900,1
2019-10-02,15:13:00.186000,10900,10901,10900,1
2019-10-02,15:13:00.187000,10900,10901,10900,3
2019-10-02,15:13:00.187000,10900,10901,10899,1
2019-10-02,15:13:00.262000,10899,10901,10899,1
2019-10-02,15:13:00.273000,10899,10901,10899,1
2019-10-02,15:13:00.320000,10899,10901,10899,1
2019-10-02,15:13:00.321000,10899,10901,10899,1
2019-10-02,15:13:00.411000,10899,10900,10899,2
2019-10-02,15:13:00.444000,10899,10900,10899,5
2019-10-02,15:13:00.459000,10899,10900,10899,1
2019-10-02,15:13:00.460000,10899,10900,10899,1
2019-10-02,15:13:00.626000,10899,10900,10899,1
2019-10-02,15:13:00.648000,10899,10900,10899,1
2019-10-02,15:13:00.675000,10899,10900,10899,1
2019-10-02,15:13:00.690000,10899,10900,10899,1
2019-10-02,15:13:00.694000,10899,10900,10898,1
2019-10-02,15:13:00.695000,10899,10900,10898,2
2019-10-02,15:13:00.715000,10899,10900,10898,1
2019-10-02,15:13:00.737000,10898,10900,10898,1
2019-10-02,15:13:00.825000,10898,10900,10899,1
2019-10-02,15:13:00.833000,10898,10900,10898,1
2019-10-02,15:13:01.120000,10898,10900,10899,1
2019-10-02,15:13:01.140000,10898,10900,10898,1
2019-10-02,15:13:01.152000,10898,10900,10898,1
2019-10-02,15:13:01.169000,10898,10900,10898,1
2019-10-02,15:13:01.202000,10898,10900,10898,1
2019-10-02,15:13:01.377000,10898,10900,10898,1
2019-10-02,15:13:01.435000,10898,10900,10898,1
2019-10-02,15:13:01.449000,10898,10900,10898,1
2019-10-02,15:13:01.452000,10898,10900,10898,1
2019-10-02,15:13:01.454000,10898,10900,10898,5
2019-10-02,15:13:01.455000,10898,10900,10898,5
2019-10-02,15:13:01.469000,10898,10900,10898,1
2019-10-02,15:13:01.482000,10898,10900,10898,3
2019-10-02,15:13:01.482000,10898,10900,10897,1
2019-10-02,15:13:01.503000,10897,10899,10898,1
2019-10-02,15:13:01.537000,10897,10899,10898,1
2019-10-02,15:13:01.549000,10897,10899,10898,1
2019-10-02,15:13:01.553000,10897,10899,10897,3
2019-10-02,15:13:01.560000,10897,10899,10897,2
2019-10-02,15:13:01.575000,10897,10899,10897,2
2019-10-02,15:13:01.575000,10897,10899,10897,2
2019-10-02,15:13:01.594000,10897,10899,10898,1
2019-10-02,15:13:01.683000,10897,10899,10897,1
2019-10-02,15:13:01.818000,10897,10899,10897,1
2019-10-02,15:13:01.893000,10897,10899,10897,1
2019-10-02,15:13:01.896000,10897,10899,10897,1
2019-10-02,15:13:01.897000,10897,10899,10897,1
2019-10-02,15:13:01.916000,10897,10899,10897,1
2019-10-02,15:13:01.933000,10897,10899,10897,1
2019-10-02,15:13:01.944000,10897,10899,10897,1
2019-10-02,15:13:01.951000,10897,10899,10897,1
2019-10-02,15:13:01.959000,10897,10899,10897,1
2019-10-02,15:13:01.971000,10897,10899,10898,1
2019-10-02,15:13:01.985000,10897,10898,10898,1
2019-10-02,15:13:01.991000,10897,10898,10897,1
2019-10-02,15:13:01.993000,10897,10898,10897,2
2019-10-02,15:13:02.005000,10897,10898,10896,1
2019-10-02,15:13:02.079000,10897,10898,10897,1
2019-10-02,15:13:02.093000,10897,10898,10896,1
2019-10-02,15:13:02.093000,10897,10898,10896,1
2019-10-02,15:13:02.104000,10897,10898,10896,1
2019-10-02,15:13:02.171000,10896,10898,10897,1
2019-10-02,15:13:02.174000,10896,10898,10896,1
2019-10-02,15:13:02.191000,10896,10898,10896,4
2019-10-02,15:13:02.254000,10896,10898,10896,1
2019-10-02,15:13:02.307000,10896,10898,10896,3
2019-10-02,15:13:02.396000,10896,10898,10896,1
2019-10-02,15:13:02.397000,10896,10898,10896,1
2019-10-02,15:13:02.409000,10896,10898,10896,1
2019-10-02,15:13:02.415000,10896,10898,10896,1
2019-10-02,15:13:02.433000,10896,10898,10896,1
2019-10-02,15:13:02.452000,10896,10898,10896,1
2019-10-02,15:13:02.485000,10896,10897,10897,10
2019-10-02,15:13:02.696000,10896,10897,10896,4
2019-10-02,15:13:02.734000,10896,10897,10897,2
2019-10-02,15:13:02.740000,10896,10897,10896,1
2019-10-02,15:13:02.741000,10896,10897,10896,1
2019-10-02,15:13:02.838000,10896,10897,10896,2
2019-10-02,15:13:02.877000,10896,10898,10898,1
2019-10-02,15:13:02.913000,10896,10898,10897,1
2019-10-02,15:13:02.915000,10896,10898,10897,1
2019-10-02,15:13:03.038000,10897,10898,10897,1
2019-10-02,15:13:03.042000,10897,10898,10897,2
2019-10-02,15:13:03.050000,10897,10898,10897,1
2019-10-02,15:13:03.088000,10897,10898,10897,1
2019-10-02,15:13:03.231000,10897,10898,10897,2
2019-10-02,15:13:03.289000,10897,10898,10897,1
2019-10-02,15:13:03.290000,10897,10898,10897,1
2019-10-02,15:13:03.366000,10897,10898,10897,1
2019-10-02,15:13:03.609000,10897,10898,10898,13
2019-10-02,15:13:03.615000,10897,10898,10897,2
2019-10-02,15:13:03.655000,10897,10898,10897,4
2019-10-02,15:13:03.687000,10897,10898,10899,1
2019-10-02,15:13:03.943000,10898,10899,10898,5
2019-10-02,15:13:04.101000,10897,10899,10897,5
2019-10-02,15:13:04.126000,10897,10899,10897,1
2019-10-02,15:13:04.192000,10897,10899,10898,1
2019-10-02,15:13:04.194000,10897,10899,10897,1
2019-10-02,15:13:04.447000,10897,10899,10897,5
2019-10-02,15:13:04.544000,10897,10899,10897,2
2019-10-02,15:13:04.759000,10898,10899,10898,1
2019-10-02,15:13:04.924000,10898,10899,10899,1
2019-10-02,15:13:04.947000,10898,10899,10898,1
2019-10-02,15:13:05.122000,10898,10899,10898,2
2019-10-02,15:13:05.234000,10897,10898,10898,3
2019-10-02,15:13:05.484000,10897,10898,10898,5
2019-10-02,15:13:05.731000,10897,10899,10897,1
2019-10-02,15:13:05.906000,10897,10898,10897,1
2019-10-02,15:13:06.359000,10897,10898,10898,1
2019-10-02,15:13:06.785000,10898,10899,10897,1
2019-10-02,15:13:07.168000,10898,10899,10898,1
2019-10-02,15:13:07.343000,10897,10899,10899,2
2019-10-02,15:13:07.875000,10897,10898,10897,2
2019-10-02,15:13:08.180000,10897,10898,10898,2
2019-10-02,15:13:08.221000,10897,10898,10897,1
2019-10-02,15:13:08.301000,10897,10898,10897,1
2019-10-02,15:13:08.893000,10897,10898,10897,1
2019-10-02,15:13:09.056000,10897,10898,10897,6
2019-10-02,15:13:09.056000,10897,10898,10896,4
2019-10-02,15:13:09.291000,10896,10897,10897,2
2019-10-02,15:13:10.763000,10897,10898,10898,4
2019-10-02,15:13:10.859000,10897,10898,10898,1
2019-10-02,15:13:10.859000,10897,10898,10898,2
2019-10-02,15:13:10.956000,10897,10898,10898,1
2019-10-02,15:13:11.042000,10897,10899,10897,1
2019-10-02,15:13:11.658000,10898,10899,10899,1
2019-10-02,15:13:12.666000,10898,10899,10898,1
2019-10-02,15:13:13.324000,10898,10899,10898,1
2019-10-02,15:13:14.208000,10898,10899,10899,1
2019-10-02,15:13:14.998000,10898,10899,10898,1
2019-10-02,15:13:16.147000,10898,10899,10898,1
2019-10-02,15:13:16.358000,10898,10899,10899,1
2019-10-02,15:13:16.734000,10898,10899,10898,2
2019-10-02,15:13:16.948000,10898,10899,10898,1
2019-10-02,15:13:18.087000,10898,10899,10898,1
2019-10-02,15:13:19.298000,10898,10899,10899,1
2019-10-02,15:13:20.167000,10898,10899,10899,1
2019-10-02,15:13:20.233000,10898,10899,10899,1
2019-10-02,15:13:21.579000,10898,10899,10898,1
2019-10-02,15:13:22.392000,10898,10899,10898,2
2019-10-02,15:13:22.704000,10898,10899,10898,2
2019-10-02,15:13:23.313000,10898,10899,10899,1
2019-10-02,15:13:23.696000,10898,10899,10899,1
2019-10-02,15:13:24.102000,10898,10899,10898,3
2019-10-02,15:13:24.723000,10898,10899,10899,1
2019-10-02,15:13:26.904000,10898,10899,10898,1
2019-10-02,15:13:29.510000,10898,10899,10899,1
2019-10-02,15:13:29.722000,10898,10899,10899,1
2019-10-02,15:13:30.756000,10898,10899,10898,1
2019-10-02,15:13:31.844000,10898,10899,10899,1
2019-10-02,15:13:31.903000,10898,10899,10898,1
2019-10-02,15:13:34.163000,10898,10899,10899,1
2019-10-02,15:13:34.219000,10898,10899,10898,2
2019-10-02,15:13:35.612000,10898,10899,10898,1
2019-10-02,15:13:36.156000,10898,10899,10899,1
2019-10-02,15:13:36.664000,10898,10899,10898,2
2019-10-02,15:13:38.120000,10898,10899,10899,1
2019-10-02,15:13:39.487000,10898,10899,10899,1
2019-10-02,15:13:39.685000,10898,10899,10898,1
2019-10-02,15:13:41.537000,10898,10899,10899,2
2019-10-02,15:13:42.240000,10898,10899,10899,1
2019-10-02,15:13:43.743000,10898,10899,10899,2
2019-10-02,15:13:44.478000,10898,10899,10898,1
2019-10-02,15:13:45.113000,10898,10899,10898,2
2019-10-02,15:13:45.865000,10898,10899,10899,5
2019-10-02,15:13:46.881000,10898,10899,10899,1
2019-10-02,15:13:48.042000,10898,10899,10899,1
2019-10-02,15:13:48.348000,10898,10899,10899,1
2019-10-02,15:13:48.494000,10898,10899,10898,1
2019-10-02,15:13:51.264000,10898,10899,10899,3
2019-10-02,15:13:51.479000,10898,10899,10898,2
2019-10-02,15:13:51.504000,10898,10899,10899,1
2019-10-02,15:13:51.862000,10898,10899,10898,5
2019-10-02,15:13:54.161000,10898,10899,10899,3
2019-10-02,15:13:57.415000,10898,10899,10899,2
2019-10-02,15:13:58.888000,10898,10899,10899,10
2019-10-02,15:13:58.987000,10898,10899,10898,1
2019-10-02,15:13:59.095000,10898,10899,10899,1
2019-10-02,15:14:00.888000,10898,10899,10899,1
2019-10-02,15:14:00.984000,10898,10899,10899,1
2019-10-02,15:14:01.071000,10898,10899,10899,1
2019-10-02,15:14:02.012000,10898,10899,10899,1
2019-10-02,15:14:02.258000,10898,10899,10898,10
2019-10-02,15:14:02.445000,10898,10899,10898,4
2019-10-02,15:14:03.376000,10898,10899,10899,1
2019-10-02,15:14:03.881000,10898,10899,10899,1
2019-10-02,15:14:05.039000,10898,10899,10899,3
2019-10-02,15:14:07.292000,10898,10899,10898,1
2019-10-02,15:14:08.594000,10898,10899,10899,1
2019-10-02,15:14:08.594000,10898,10899,10899,3
2019-10-02,15:14:08.597000,10898,10899,10899,1
2019-10-02,15:14:08.598000,10898,10899,10899,4
2019-10-02,15:14:09.304000,10899,10900,10900,6
2019-10-02,15:14:09.304000,10899,10900,10900,2
2019-10-02,15:14:09.359000,10899,10900,10900,8
2019-10-02,15:14:09.484000,10899,10900,10900,4
2019-10-02,15:14:09.484000,10899,10900,10900,1
2019-10-02,15:14:09.527000,10899,10900,10900,1
2019-10-02,15:14:09.741000,10900,10901,10900,1
2019-10-02,15:14:12.337000,10900,10901,10900,1
2019-10-02,15:14:17.021000,10900,10901,10901,1
2019-10-02,15:14:17.379000,10900,10901,10900,1
2019-10-02,15:14:17.584000,10900,10901,10900,1
2019-10-02,15:14:17.772000,10900,10901,10900,1
2019-10-02,15:14:18.250000,10900,10901,10900,5
2019-10-02,15:14:18.292000,10900,10901,10900,1
2019-10-02,15:14:18.339000,10900,10901,10901,1
2019-10-02,15:14:18.350000,10900,10901,10900,1
2019-10-02,15:14:19.205000,10900,10901,10901,1
2019-10-02,15:14:19.635000,10900,10901,10901,2
2019-10-02,15:14:20.581000,10900,10901,10900,3
2019-10-02,15:14:21.637000,10900,10901,10901,1
2019-10-02,15:14:24.965000,10900,10901,10901,1
2019-10-02,15:14:25.694000,10900,10901,10901,1
2019-10-02,15:14:26.175000,10900,10901,10901,2
2019-10-02,15:14:27.099000,10900,10901,10900,1
2019-10-02,15:14:27.337000,10900,10901,10901,1
2019-10-02,15:14:27.506000,10900,10901,10901,1
2019-10-02,15:14:29.366000,10900,10901,10901,4
2019-10-02,15:14:29.753000,10901,10902,10902,1
2019-10-02,15:14:30.386000,10901,10902,10902,1
2019-10-02,15:14:30.629000,10901,10902,10901,1
2019-10-02,15:14:34.446000,10901,10902,10901,1
2019-10-02,15:14:35.006000,10901,10902,10902,3
2019-10-02,15:14:37.690000,10901,10902,10901,2
2019-10-02,15:14:38.212000,10901,10902,10901,21
2019-10-02,15:14:39.267000,10900,10901,10901,4
2019-10-02,15:14:45.372000,10901,10902,10901,1
2019-10-02,15:14:45.373000,10901,10902,10901,3
2019-10-02,15:14:45.373000,10901,10902,10901,1
2019-10-02,15:14:46.532000,10900,10901,10901,1
2019-10-02,15:14:47.462000,10900,10901,10900,3
2019-10-02,15:14:48.728000,10900,10901,10901,5
2019-10-02,15:14:49.254000,10900,10901,10900,1
2019-10-02,15:14:50.620000,10900,10901,10901,2
2019-10-02,15:14:50.825000,10900,10901,10900,1
2019-10-02,15:14:51.846000,10900,10901,10900,13
2019-10-02,15:14:52.949000,10899,10900,10900,1
2019-10-02,15:14:55.145000,10899,10900,10900,1
2019-10-02,15:15:01.467000,10899,10900,10899,9
2019-10-02,15:15:01.484000,10899,10900,10899,13
2019-10-02,15:15:01.602000,10899,10900,10898,8
2019-10-02,15:15:01.633000,10898,10900,10899,1
2019-10-02,15:15:01.660000,10898,10900,10898,3
2019-10-02,15:15:01.911000,10898,10899,10898,1
2019-10-02,15:15:01.944000,10898,10899,10898,1
2019-10-02,15:15:01.970000,10898,10899,10898,3
2019-10-02,15:15:02.166000,10898,10899,10898,2
2019-10-02,15:15:02.406000,10898,10899,10899,1
2019-10-02,15:15:02.472000,10898,10899,10898,1
2019-10-02,15:15:02.492000,10898,10899,10898,1
2019-10-02,15:15:02.554000,10898,10899,10899,1
2019-10-02,15:15:02.560000,10898,10899,10898,4
2019-10-02,15:15:03.913000,10898,10899,10899,1
2019-10-02,15:15:04.022000,10898,10899,10899,5
2019-10-02,15:15:04.636000,10898,10899,10899,3
2019-10-02,15:15:07.528000,10899,10900,10899,1
2019-10-02,15:15:08.525000,10899,10900,10899,1
2019-10-02,15:15:08.693000,10898,10900,10898,1
2019-10-02,15:15:09.098000,10898,10900,10898,2
2019-10-02,15:15:10.230000,10899,10900,10899,1
2019-10-02,15:15:10.412000,10899,10900,10899,1
2019-10-02,15:15:10.768000,10899,10900,10899,2
2019-10-02,15:15:13.269000,10899,10900,10899,8
2019-10-02,15:15:13.415000,10898,10899,10899,1
2019-10-02,15:15:13.889000,10898,10899,10899,1
2019-10-02,15:15:19.218000,10898,10899,10898,1
2019-10-02,15:15:19.645000,10898,10899,10899,1
2019-10-02,15:15:21.235000,10898,10899,10899,3
2019-10-02,15:15:21.669000,10898,10899,10898,1
2019-10-02,15:15:25.142000,10898,10899,10899,1
2019-10-02,15:15:26.102000,10898,10899,10898,2
2019-10-02,15:15:27.221000,10898,10899,10898,5
2019-10-02,15:15:27.554000,10898,10899,10898,1
2019-10-02,15:15:28.312000,10898,10899,10898,1
2019-10-02,15:15:28.524000,10898,10899,10899,1
2019-10-02,15:15:28.803000,10898,10899,10898,5
2019-10-02,15:15:29.898000,10898,10899,10898,5
2019-10-02,15:15:30.207000,10898,10899,10898,1
2019-10-02,15:15:31.555000,10898,10899,10899,5
2019-10-02,15:15:34.249000,10898,10899,10899,1
2019-10-02,15:15:35.580000,10898,10899,10898,1
2019-10-02,15:15:41.111000,10898,10899,10899,1
2019-10-02,15:15:42.877000,10898,10899,10898,1
2019-10-02,15:15:43.507000,10898,10899,10899,4
2019-10-02,15:15:44.186000,10899,10900,10899,1
2019-10-02,15:15:44.193000,10899,10900,10899,1
2019-10-02,15:15:44.425000,10899,10900,10899,1
2019-10-02,15:15:48.860000,10899,10900,10899,1
2019-10-02,15:15:49.134000,10899,10900,10899,1
2019-10-02,15:15:50.486000,10899,10900,10900,33
2019-10-02,15:15:50.969000,10900,10901,10901,1
2019-10-02,15:15:52.432000,10900,10901,10901,2
2019-10-02,15:15:54.346000,10900,10901,10901,1
2019-10-02,15:15:56.525000,10900,10901,10900,1
2019-10-02,15:15:58.234000,10900,10901,10900,2
2019-10-02,15:16:00.826000,10900,10901,10900,7
2019-10-02,15:16:02.258000,10899,10900,10900,2
2019-10-02,15:16:03.054000,10899,10900,10900,3
2019-10-02,15:16:03.999000,10899,10900,10900,1
2019-10-02,15:16:05.562000,10899,10900,10900,4
2019-10-02,15:16:09.427000,10899,10900,10900,1
2019-10-02,15:16:12.203000,10899,10900,10899,1
2019-10-02,15:16:14.115000,10899,10900,10899,1
2019-10-02,15:16:17.570000,10899,10900,10900,1
2019-10-02,15:16:17.650000,10899,10900,10899,1
2019-10-02,15:16:18.290000,10899,10900,10899,1
2019-10-02,15:16:19.500000,10899,10900,10899,1
2019-10-02,15:16:21.462000,10899,10900,10899,1
2019-10-02,15:16:24.911000,10899,10900,10899,6
2019-10-02,15:16:24.984000,10899,10900,10899,3
2019-10-02,15:16:26.660000,10898,10899,10898,2
2019-10-02,15:16:27.365000,10898,10899,10899,1
2019-10-02,15:16:27.436000,10898,10899,10899,1
2019-10-02,15:16:27.643000,10898,10899,10899,1
2019-10-02,15:16:27.735000,10898,10899,10898,5
2019-10-02,15:16:29.185000,10898,10899,10898,2
2019-10-02,15:16:29.597000,10898,10899,10898,25
2019-10-02,15:16:29.609000,10898,10899,10898,2
2019-10-02,15:16:29.609000,10898,10899,10898,4
2019-10-02,15:16:29.609000,10898,10899,10898,3
2019-10-02,15:16:29.610000,10898,10899,10898,4
2019-10-02,15:16:30.026000,10897,10898,10899,1
2019-10-02,15:16:32.325000,10897,10898,10898,1
2019-10-02,15:16:32.329000,10897,10898,10898,1
2019-10-02,15:16:32.872000,10897,10898,10897,1
2019-10-02,15:16:32.872000,10897,10898,10897,11
2019-10-02,15:16:32.984000,10897,10898,10897,4
2019-10-02,15:16:34.104000,10897,10898,10898,1
2019-10-02,15:16:34.185000,10897,10898,10897,10
2019-10-02,15:16:34.945000,10897,10898,10898,1
2019-10-02,15:16:36.129000,10897,10898,10897,1
2019-10-02,15:16:37.085000,10897,10898,10898,1
2019-10-02,15:16:37.901000,10897,10898,10897,3
2019-10-02,15:16:38.193000,10897,10898,10897,1
2019-10-02,15:16:39.995000,10897,10898,10897,1
2019-10-02,15:16:40.471000,10897,10898,10897,1
2019-10-02,15:16:40.550000,10897,10898,10897,1
2019-10-02,15:16:41.122000,10897,10898,10898,1
2019-10-02,15:16:41.430000,10897,10898,10897,1
2019-10-02,15:16:42.058000,10897,10898,10897,1
2019-10-02,15:16:43.464000,10897,10898,10898,3
2019-10-02,15:16:47.147000,10897,10898,10898,2
2019-10-02,15:16:47.347000,10897,10898,10898,1
2019-10-02,15:16:49.214000,10897,10898,10898,1
2019-10-02,15:16:52.173000,10897,10898,10898,2
2019-10-02,15:16:52.173000,10897,10898,10898,10
2019-10-02,15:16:52.173000,10897,10898,10898,2
2019-10-02,15:16:54.176000,10898,10899,10898,1
2019-10-02,15:16:56.077000,10898,10899,10898,1
2019-10-02,15:16:58.630000,10898,10899,10899,1
2019-10-02,15:16:58.826000,10898,10899,10899,1
2019-10-02,15:16:59.384000,10898,10899,10899,2
2019-10-02,15:17:10.658000,10898,10899,10899,5
2019-10-02,15:17:14.025000,10899,10900,10899,1
2019-10-02,15:17:15.806000,10899,10900,10900,1
2019-10-02,15:17:17.979000,10899,10900,10899,1
2019-10-02,15:17:18.855000,10899,10900,10899,3
2019-10-02,15:17:20.147000,10899,10900,10899,5
2019-10-02,15:17:20.383000,10898,10899,10899,1
2019-10-02,15:17:26.471000,10898,10899,10899,1
2019-10-02,15:17:27.545000,10898,10899,10899,1
2019-10-02,15:17:28.909000,10898,10899,10899,4
2019-10-02,15:17:34.269000,10898,10899,10899,1
2019-10-02,15:17:34.732000,10898,10899,10899,1
2019-10-02,15:17:35.648000,10898,10899,10899,2
2019-10-02,15:17:36.071000,10899,10900,10899,3
2019-10-02,15:17:39.303000,10898,10899,10899,5
2019-10-02,15:17:39.445000,10898,10899,10899,2
2019-10-02,15:17:39.445000,10898,10899,10900,1
2019-10-02,15:17:46.538000,10898,10899,10899,1
2019-10-02,15:17:48.766000,10898,10899,10899,1
2019-10-02,15:17:51.490000,10898,10899,10899,2
2019-10-02,15:17:52.463000,10898,10899,10899,5
2019-10-02,15:17:57.595000,10898,10899,10899,1
2019-10-02,15:18:04.772000,10898,10899,10899,19
2019-10-02,15:18:05.350000,10899,10900,10899,1
2019-10-02,15:18:05.541000,10899,10900,10900,3
2019-10-02,15:18:05.655000,10899,10900,10899,1
2019-10-02,15:18:05.963000,10899,10900,10899,1
2019-10-02,15:18:08.796000,10899,10900,10900,1
2019-10-02,15:18:09.817000,10899,10900,10899,1
2019-10-02,15:18:16.216000,10899,10900,10900,1
2019-10-02,15:18:18.010000,10899,10900,10899,1
2019-10-02,15:18:18.331000,10899,10900,10899,1
2019-10-02,15:18:22.905000,10899,10900,10899,1
2019-10-02,15:18:22.935000,10899,10900,10899,4
2019-10-02,15:18:22.984000,10899,10900,10899,3
2019-10-02,15:18:28.202000,10898,10899,10899,1
2019-10-02,15:18:28.826000,10898,10900,10898,1
2019-10-02,15:18:28.945000,10898,10900,10898,1
2019-10-02,15:18:29.007000,10898,10899,10899,1
2019-10-02,15:18:32.623000,10898,10899,10898,1
2019-10-02,15:18:33.251000,10898,10899,10899,1
2019-10-02,15:18:34.250000,10898,10899,10899,1
2019-10-02,15:18:44.347000,10898,10899,10899,1
2019-10-02,15:18:45.879000,10898,10899,10899,1
2019-10-02,15:18:48.341000,10898,10899,10899,1
2019-10-02,15:18:48.414000,10898,10899,10899,1
2019-10-02,15:18:52.411000,10898,10899,10899,4
2019-10-02,15:18:52.411000,10898,10899,10900,1
2019-10-02,15:18:53.803000,10899,10900,10899,1
2019-10-02,15:18:55.578000,10898,10899,10899,5
2019-10-02,15:18:59.105000,10898,10899,10899,1
2019-10-02,15:19:00.612000,10899,10900,10900,4
2019-10-02,15:19:00.635000,10899,10900,10899,1
2019-10-02,15:19:02.191000,10899,10900,10899,1
2019-10-02,15:19:08.661000,10898,10899,10898,5
2019-10-02,15:19:11.437000,10898,10899,10899,1
2019-10-02,15:19:15.295000,10898,10899,10899,1
2019-10-02,15:19:18.200000,10898,10899,10898,3
2019-10-02,15:19:20.344000,10898,10899,10899,1
2019-10-02,15:19:20.631000,10898,10899,10899,1
2019-10-02,15:19:21.790000,10898,10899,10899,1
2019-10-02,15:19:25.702000,10898,10899,10899,2
2019-10-02,15:19:26.247000,10899,10900,10899,3
2019-10-02,15:19:30.722000,10899,10900,10899,3
2019-10-02,15:19:35.443000,10899,10900,10899,4
2019-10-02,15:19:36.935000,10899,10900,10899,1
2019-10-02,15:19:38.565000,10899,10900,10899,2
2019-10-02,15:19:38.875000,10899,10900,10899,1
2019-10-02,15:19:39.895000,10899,10900,10899,1
2019-10-02,15:19:45.623000,10898,10899,10898,1
2019-10-02,15:19:47.601000,10898,10899,10899,1
2019-10-02,15:19:50.130000,10898,10899,10899,1
2019-10-02,15:19:50.213000,10898,10899,10900,1
2019-10-02,15:19:50.478000,10898,10900,10898,3
2019-10-02,15:19:52.730000,10898,10899,10899,2
2019-10-02,15:19:58.166000,10898,10899,10899,3
2019-10-02,15:20:01.804000,10898,10899,10898,3
2019-10-02,15:20:01.967000,10898,10899,10898,2
2019-10-02,15:20:01.984000,10898,10899,10898,9
2019-10-02,15:20:02.069000,10898,10899,10898,2
2019-10-02,15:20:02.105000,10898,10899,10898,1
2019-10-02,15:20:02.117000,10898,10899,10898,1
2019-10-02,15:20:02.163000,10898,10899,10899,10
2019-10-02,15:20:02.228000,10898,10899,10898,1
2019-10-02,15:20:02.268000,10898,10899,10898,3
2019-10-02,15:20:02.429000,10898,10899,10898,1
2019-10-02,15:20:02.438000,10898,10899,10898,1
2019-10-02,15:20:02.540000,10898,10899,10898,1
2019-10-02,15:20:02.581000,10898,10899,10898,1
2019-10-02,15:20:02.610000,10898,10899,10898,11
2019-10-02,15:20:06.615000,10897,10898,10898,1
2019-10-02,15:20:08.539000,10897,10898,10898,1
2019-10-02,15:20:09.851000,10897,10899,10897,1
2019-10-02,15:20:10.273000,10897,10898,10897,1
2019-10-02,15:20:18.865000,10897,10898,10897,14
2019-10-02,15:20:18.865000,10897,10898,10897,2
2019-10-02,15:20:18.932000,10897,10898,10897,19
2019-10-02,15:20:21.173000,10896,10897,10896,1
2019-10-02,15:20:21.281000,10896,10897,10896,2
2019-10-02,15:20:21.474000,10896,10897,10896,1
2019-10-02,15:20:21.564000,10896,10897,10896,6
2019-10-02,15:20:21.644000,10896,10897,10896,1
2019-10-02,15:20:21.648000,10896,10897,10896,1
2019-10-02,15:20:23.922000,10896,10897,10896,1
2019-10-02,15:20:24.429000,10896,10897,10896,1
2019-10-02,15:20:25.001000,10896,10897,10896,1
2019-10-02,15:20:25.038000,10896,10897,10896,1
2019-10-02,15:20:26.471000,10896,10897,10896,1
2019-10-02,15:20:27.901000,10896,10897,10896,1
2019-10-02,15:20:29.259000,10896,10897,10896,1
2019-10-02,15:20:30.608000,10896,10897,10896,1
2019-10-02,15:20:31.233000,10896,10897,10896,1
2019-10-02,15:20:31.307000,10896,10897,10896,1
2019-10-02,15:20:33.476000,10896,10897,10896,1
2019-10-02,15:20:36.076000,10896,10897,10896,1
2019-10-02,15:20:37.200000,10896,10897,10897,1
2019-10-02,15:20:37.481000,10896,10897,10896,1
2019-10-02,15:20:37.972000,10896,10897,10897,2
2019-10-02,15:20:39.338000,10896,10897,10896,2
2019-10-02,15:20:42.956000,10896,10897,10896,1
2019-10-02,15:20:43.390000,10896,10897,10896,1
2019-10-02,15:20:44.932000,10896,10897,10896,1
2019-10-02,15:20:45.710000,10896,10897,10896,2
2019-10-02,15:20:46.195000,10896,10897,10896,1
2019-10-02,15:20:46.671000,10896,10897,10897,3
2019-10-02,15:20:47.569000,10896,10897,10896,2
2019-10-02,15:20:48.276000,10896,10897,10896,1
2019-10-02,15:20:49.899000,10896,10897,10896,1
2019-10-02,15:20:53.041000,10896,10897,10896,1
2019-10-02,15:20:54.205000,10896,10897,10896,1
2019-10-02,15:20:54.394000,10896,10897,10896,1
2019-10-02,15:20:55.312000,10896,10897,10896,1
2019-10-02,15:20:55.614000,10896,10897,10896,1
2019-10-02,15:20:55.728000,10896,10897,10896,3
2019-10-02,15:20:57.197000,10896,10897,10896,1
2019-10-02,15:20:57.304000,10896,10897,10896,3
2019-10-02,15:20:57.953000,10896,10897,10896,1
2019-10-02,15:20:59.247000,10896,10897,10897,1
2019-10-02,15:20:59.259000,10896,10897,10897,1
2019-10-02,15:21:00.543000,10896,10897,10896,1
2019-10-02,15:21:00.817000,10896,10897,10896,2
2019-10-02,15:21:00.879000,10896,10897,10896,1
2019-10-02,15:21:00.904000,10896,10897,10896,2
2019-10-02,15:21:01.168000,10896,10897,10896,3
2019-10-02,15:21:01.984000,10896,10897,10896,1
2019-10-02,15:21:02.437000,10896,10897,10896,1
2019-10-02,15:21:02.441000,10896,10897,10896,1
2019-10-02,15:21:03.027000,10896,10897,10896,2
2019-10-02,15:21:03.106000,10896,10897,10896,5
2019-10-02,15:21:03.237000,10896,10897,10896,4
2019-10-02,15:21:03.555000,10896,10897,10896,1
2019-10-02,15:21:04.669000,10896,10897,10896,3
2019-10-02,15:21:09.165000,10896,10897,10896,5
2019-10-02,15:21:09.707000,10896,10897,10897,1
2019-10-02,15:21:09.719000,10896,10897,10897,1
2019-10-02,15:21:10.609000,10896,10897,10896,1
2019-10-02,15:21:11.324000,10896,10897,10896,5
2019-10-02,15:21:11.462000,10896,10897,10896,1
2019-10-02,15:21:15.521000,10896,10897,10896,5
2019-10-02,15:21:15.537000,10896,10897,10896,1
2019-10-02,15:21:16.589000,10896,10897,10896,1
2019-10-02,15:21:16.971000,10896,10897,10897,1
2019-10-02,15:21:17.124000,10896,10897,10896,7
2019-10-02,15:21:17.124000,10896,10897,10896,7
2019-10-02,15:21:17.124000,10896,10897,10896,5
2019-10-02,15:21:17.931000,10895,10897,10897,1
2019-10-02,15:21:17.936000,10895,10897,10897,1
2019-10-02,15:21:18.219000,10895,10896,10895,7
2019-10-02,15:21:18.219000,10895,10896,10895,7
2019-10-02,15:21:18.219000,10895,10896,10895,7
2019-10-02,15:21:18.307000,10894,10895,10895,1
2019-10-02,15:21:18.344000,10894,10895,10895,3
2019-10-02,15:21:18.936000,10894,10895,10894,1
2019-10-02,15:21:19.073000,10894,10896,10894,1
2019-10-02,15:21:19.095000,10894,10896,10894,1
2019-10-02,15:21:19.175000,10894,10895,10895,4
2019-10-02,15:21:19.559000,10894,10896,10894,5
2019-10-02,15:21:19.954000,10894,10896,10896,1
2019-10-02,15:21:20.343000,10894,10896,10896,1
2019-10-02,15:21:20.745000,10894,10895,10894,1
2019-10-02,15:21:21.222000,10894,10895,10894,1
2019-10-02,15:21:24.506000,10894,10895,10894,1
2019-10-02,15:21:25.948000,10894,10895,10894,1
2019-10-02,15:21:26.600000,10894,10895,10895,1
2019-10-02,15:21:26.961000,10894,10895,10894,1
2019-10-02,15:21:27.593000,10894,10895,10895,1
2019-10-02,15:21:28.237000,10894,10895,10895,1
2019-10-02,15:21:29.258000,10894,10895,10894,1
2019-10-02,15:21:29.569000,10894,10895,10894,1
2019-10-02,15:21:29.600000,10894,10895,10894,5
2019-10-02,15:21:29.877000,10894,10895,10894,1
2019-10-02,15:21:30.032000,10894,10895,10894,6
2019-10-02,15:21:30.188000,10894,10895,10894,1
2019-10-02,15:21:30.823000,10894,10895,10894,2
2019-10-02,15:21:31.961000,10894,10895,10894,3
2019-10-02,15:21:32.012000,10894,10895,10894,1
2019-10-02,15:21:32.383000,10894,10895,10895,1
2019-10-02,15:21:32.753000,10894,10895,10894,1
2019-10-02,15:21:32.987000,10894,10895,10894,1
2019-10-02,15:21:33.221000,10894,10895,10894,19
2019-10-02,15:21:33.221000,10894,10895,10894,1
2019-10-02,15:21:34.484000,10893,10894,10894,1
2019-10-02,15:21:35.725000,10893,10895,10893,1
2019-10-02,15:21:35.891000,10893,10895,10893,1
2019-10-02,15:21:35.926000,10893,10895,10894,2
2019-10-02,15:21:36.091000,10894,10895,10894,1
2019-10-02,15:21:36.209000,10894,10895,10894,1
2019-10-02,15:21:36.228000,10894,10895,10894,1
2019-10-02,15:21:36.373000,10894,10895,10894,10
2019-10-02,15:21:36.537000,10894,10895,10894,1
2019-10-02,15:21:36.777000,10894,10895,10895,1
2019-10-02,15:21:36.777000,10894,10895,10895,1
2019-10-02,15:21:36.859000,10894,10895,10895,19
2019-10-02,15:21:37.047000,10894,10896,10895,1
2019-10-02,15:21:37.060000,10894,10896,10895,1
2019-10-02,15:21:37.259000,10895,10896,10895,1
2019-10-02,15:21:37.372000,10895,10896,10895,1
2019-10-02,15:21:37.587000,10895,10896,10895,1
2019-10-02,15:21:37.700000,10895,10896,10895,1
2019-10-02,15:21:37.739000,10895,10896,10895,1
2019-10-02,15:21:37.739000,10895,10896,10894,1
2019-10-02,15:21:39.486000,10894,10895,10894,2
2019-10-02,15:21:40.578000,10894,10895,10895,1
2019-10-02,15:21:40.641000,10894,10895,10894,10
2019-10-02,15:21:41.545000,10894,10895,10894,1
2019-10-02,15:21:41.545000,10894,10895,10894,2
2019-10-02,15:21:41.551000,10894,10895,10894,1
2019-10-02,15:21:42.732000,10893,10895,10894,1
2019-10-02,15:21:42.732000,10893,10895,10893,2
2019-10-02,15:21:45.119000,10893,10894,10894,1
2019-10-02,15:21:45.206000,10893,10894,10893,1
2019-10-02,15:21:45.651000,10893,10894,10893,1
2019-10-02,15:21:45.969000,10893,10894,10893,1
2019-10-02,15:21:46.287000,10893,10894,10893,10
2019-10-02,15:21:46.682000,10893,10894,10893,1
2019-10-02,15:21:46.791000,10893,10894,10893,1
2019-10-02,15:21:47.003000,10893,10894,10893,1
2019-10-02,15:21:47.317000,10893,10894,10893,1
2019-10-02,15:21:47.428000,10893,10894,10893,1
2019-10-02,15:21:48.691000,10893,10894,10893,1
2019-10-02,15:21:48.992000,10893,10894,10893,1
2019-10-02,15:21:49.857000,10893,10894,10893,3
2019-10-02,15:21:49.884000,10893,10894,10893,1
2019-10-02,15:21:50.959000,10893,10894,10894,1
2019-10-02,15:21:51.080000,10893,10894,10893,1
2019-10-02,15:21:51.269000,10893,10894,10894,1
2019-10-02,15:21:51.289000,10893,10894,10893,1
2019-10-02,15:21:51.375000,10893,10894,10893,1
2019-10-02,15:21:51.375000,10893,10894,10892,1
2019-10-02,15:21:51.711000,10892,10894,10892,2
2019-10-02,15:21:51.735000,10892,10893,10893,5
2019-10-02,15:21:51.750000,10892,10893,10892,2
2019-10-02,15:21:51.772000,10892,10893,10892,1
2019-10-02,15:21:51.816000,10892,10893,10892,1
2019-10-02,15:21:51.976000,10892,10893,10892,2
2019-10-02,15:21:52.077000,10892,10893,10892,1
2019-10-02,15:21:52.225000,10892,10893,10893,1
2019-10-02,15:21:53.473000,10892,10893,10892,4
2019-10-02,15:21:53.985000,10892,10893,10893,1
2019-10-02,15:21:54.081000,10892,10893,10893,1
2019-10-02,15:21:54.109000,10892,10893,10893,1
2019-10-02,15:21:54.183000,10892,10893,10893,1
2019-10-02,15:21:54.588000,10893,10894,10893,5
2019-10-02,15:21:55.243000,10893,10894,10893,2
2019-10-02,15:21:55.479000,10893,10894,10893,3
2019-10-02,15:21:56.615000,10892,10894,10892,1
2019-10-02,15:21:57.494000,10892,10893,10893,1
2019-10-02,15:21:57.853000,10892,10893,10893,8
2019-10-02,15:21:57.853000,10892,10893,10894,9
2019-10-02,15:21:58.174000,10892,10894,10892,2
2019-10-02,15:21:58.599000,10892,10894,10892,10
2019-10-02,15:21:59.272000,10892,10894,10892,4
2019-10-02,15:22:00.206000,10892,10893,10893,1
2019-10-02,15:22:00.362000,10892,10894,10892,1
2019-10-02,15:22:02.514000,10893,10894,10893,1
2019-10-02,15:22:02.552000,10893,10894,10893,2
2019-10-02,15:22:02.857000,10893,10894,10893,1
2019-10-02,15:22:03.109000,10892,10893,10893,1
2019-10-02,15:22:03.468000,10892,10894,10892,1
2019-10-02,15:22:04.038000,10893,10894,10893,1
2019-10-02,15:22:04.362000,10892,10894,10892,2
2019-10-02,15:22:05.347000,10892,10894,10892,1
2019-10-02,15:22:05.970000,10893,10894,10893,1
2019-10-02,15:22:07.101000,10892,10893,10892,3
2019-10-02,15:22:07.722000,10892,10893,10892,1
2019-10-02,15:22:07.742000,10892,10893,10892,1
2019-10-02,15:22:08.801000,10892,10893,10892,1
2019-10-02,15:22:12.484000,10892,10893,10892,4
2019-10-02,15:22:12.538000,10892,10893,10892,1
2019-10-02,15:22:12.609000,10892,10893,10892,1
2019-10-02,15:22:14.926000,10891,10893,10893,1
2019-10-02,15:22:18.413000,10892,10893,10892,1
2019-10-02,15:22:20.019000,10892,10893,10892,1
2019-10-02,15:22:20.051000,10892,10893,10891,5
2019-10-02,15:22:20.291000,10891,10892,10892,1
2019-10-02,15:22:20.425000,10891,10893,10893,1
2019-10-02,15:22:20.437000,10891,10893,10892,1
2019-10-02,15:22:20.437000,10891,10893,10891,1
2019-10-02,15:22:20.511000,10891,10893,10891,1
2019-10-02,15:22:20.907000,10892,10893,10892,1
2019-10-02,15:22:21.731000,10891,10893,10891,1
2019-10-02,15:22:21.755000,10891,10893,10891,1
2019-10-02,15:22:23.455000,10891,10893,10891,1
2019-10-02,15:22:23.471000,10891,10893,10892,1
2019-10-02,15:22:23.951000,10891,10892,10891,3
2019-10-02,15:22:26.373000,10891,10892,10891,1
2019-10-02,15:22:27.218000,10891,10892,10892,1
2019-10-02,15:22:27.234000,10891,10892,10892,1
2019-10-02,15:22:28.015000,10891,10892,10891,2
2019-10-02,15:22:28.106000,10891,10892,10892,1
2019-10-02,15:22:28.312000,10891,10893,10891,2
2019-10-02,15:22:29.595000,10892,10893,10892,1
2019-10-02,15:22:29.979000,10892,10893,10892,1
2019-10-02,15:22:29.979000,10892,10893,10891,1
2019-10-02,15:22:30.628000,10891,10893,10891,1
2019-10-02,15:22:30.989000,10891,10892,10891,1
2019-10-02,15:22:31.295000,10891,10892,10891,1
2019-10-02,15:22:31.406000,10891,10892,10891,1
2019-10-02,15:22:31.853000,10891,10892,10892,1
2019-10-02,15:22:33.102000,10891,10892,10891,1
2019-10-02,15:22:33.906000,10891,10892,10891,1
2019-10-02,15:22:34.062000,10891,10892,10891,2
2019-10-02,15:22:34.378000,10891,10893,10891,1
2019-10-02,15:22:34.694000,10891,10893,10891,1
2019-10-02,15:22:34.919000,10892,10893,10892,1
2019-10-02,15:22:34.919000,10892,10893,10891,3
2019-10-02,15:22:35.626000,10891,10892,10891,1
2019-10-02,15:22:35.630000,10891,10892,10891,25
2019-10-02,15:22:35.833000,10891,10892,10891,1
2019-10-02,15:22:35.942000,10891,10892,10891,1
2019-10-02,15:22:36.161000,10891,10892,10891,1
2019-10-02,15:22:36.274000,10891,10892,10891,1
2019-10-02,15:22:36.485000,10891,10892,10891,1
2019-10-02,15:22:37.456000,10891,10892,10891,3
2019-10-02,15:22:37.526000,10891,10892,10891,1
2019-10-02,15:22:37.552000,10891,10892,10891,1
2019-10-02,15:22:38.593000,10891,10892,10891,1
2019-10-02,15:22:39.755000,10891,10892,10891,2
2019-10-02,15:22:40.034000,10891,10892,10891,1
2019-10-02,15:22:40.464000,10890,10892,10892,1
2019-10-02,15:22:40.853000,10890,10892,10891,1
2019-10-02,15:22:41.870000,10891,10892,10892,1
2019-10-02,15:22:44.735000,10891,10892,10892,8
2019-10-02,15:22:48.105000,10891,10892,10892,1
2019-10-02,15:22:48.755000,10891,10893,10891,2
2019-10-02,15:22:50.677000,10891,10893,10891,1
2019-10-02,15:22:52.027000,10892,10893,10892,1
2019-10-02,15:22:52.143000,10891,10892,10892,1
2019-10-02,15:22:52.346000,10891,10893,10891,1
2019-10-02,15:22:52.659000,10891,10893,10891,1
2019-10-02,15:22:52.974000,10891,10893,10891,1
2019-10-02,15:22:53.291000,10891,10893,10891,1
2019-10-02,15:22:53.606000,10891,10893,10891,1
2019-10-02,15:22:53.914000,10891,10893,10891,1
2019-10-02,15:22:53.985000,10891,10892,10892,1
2019-10-02,15:22:55.669000,10892,10893,10893,16
2019-10-02,15:22:55.734000,10892,10893,10893,3
2019-10-02,15:22:56.241000,10893,10894,10893,1
2019-10-02,15:22:58.225000,10892,10894,10894,4
2019-10-02,15:22:58.359000,10893,10894,10893,2
2019-10-02,15:22:58.485000,10892,10893,10893,1
2019-10-02,15:22:59.187000,10892,10893,10893,3
2019-10-02,15:22:59.327000,10892,10894,10892,1
2019-10-02,15:23:00.155000,10892,10893,10892,1
2019-10-02,15:23:00.287000,10892,10893,10893,1
2019-10-02,15:23:00.953000,10892,10893,10893,1
2019-10-02,15:23:02.152000,10892,10893,10893,1
2019-10-02,15:23:03.087000,10892,10893,10892,5
2019-10-02,15:23:06.611000,10892,10893,10892,5
2019-10-02,15:23:09.183000,10892,10893,10893,1
2019-10-02,15:23:10.253000,10892,10893,10893,1
2019-10-02,15:23:10.593000,10892,10893,10893,1
2019-10-02,15:23:10.593000,10892,10893,10893,1
2019-10-02,15:23:10.593000,10892,10893,10893,1
2019-10-02,15:23:10.595000,10892,10893,10893,3
2019-10-02,15:23:11.037000,10892,10893,10893,5
2019-10-02,15:23:14.047000,10892,10893,10892,1
2019-10-02,15:23:16.038000,10892,10893,10893,1
2019-10-02,15:23:16.110000,10892,10893,10893,6
2019-10-02,15:23:17.403000,10893,10894,10893,1
2019-10-02,15:23:18.988000,10893,10894,10894,5
2019-10-02,15:23:23.740000,10893,10894,10894,1
2019-10-02,15:23:27.476000,10893,10894,10894,1
2019-10-02,15:23:29.262000,10893,10894,10894,1
2019-10-02,15:23:32.029000,10893,10894,10894,1
2019-10-02,15:23:32.111000,10893,10894,10894,2
2019-10-02,15:23:32.309000,10893,10894,10894,6
2019-10-02,15:23:32.525000,10894,10895,10894,1
2019-10-02,15:23:35.198000,10894,10895,10895,1
2019-10-02,15:23:35.460000,10894,10895,10895,1
2019-10-02,15:23:35.520000,10894,10895,10895,1
2019-10-02,15:23:38.229000,10894,10895,10895,1
2019-10-02,15:23:39.035000,10894,10895,10894,1
2019-10-02,15:23:39.175000,10894,10895,10894,1
2019-10-02,15:23:39.277000,10894,10895,10894,1
2019-10-02,15:23:43.109000,10894,10895,10895,1
2019-10-02,15:23:43.343000,10894,10895,10894,1
2019-10-02,15:23:43.520000,10894,10895,10894,1
2019-10-02,15:23:44.262000,10894,10895,10895,1
2019-10-02,15:23:47.175000,10894,10895,10894,1
2019-10-02,15:23:48.732000,10894,10895,10895,1
2019-10-02,15:23:49.867000,10894,10895,10894,1
2019-10-02,15:23:50.614000,10894,10895,10895,1
2019-10-02,15:23:52.198000,10894,10895,10895,5
2019-10-02,15:23:52.392000,10894,10895,10895,1
2019-10-02,15:23:53.376000,10894,10895,10894,2
2019-10-02,15:23:59.494000,10894,10895,10895,1
2019-10-02,15:24:01.138000,10894,10895,10895,1
2019-10-02,15:24:01.400000,10894,10895,10895,1
2019-10-02,15:24:01.485000,10894,10895,10894,4
2019-10-02,15:24:02.648000,10894,10895,10895,1
2019-10-02,15:24:04.751000,10894,10895,10894,5
2019-10-02,15:24:04.752000,10894,10895,10894,7
2019-10-02,15:24:04.859000,10894,10895,10894,6
2019-10-02,15:24:10.947000,10893,10894,10894,1
2019-10-02,15:24:12.657000,10893,10894,10894,1
2019-10-02,15:24:14.823000,10893,10894,10894,1
2019-10-02,15:24:15.490000,10894,10895,10894,1
2019-10-02,15:24:22.811000,10894,10895,10894,1
2019-10-02,15:24:22.885000,10894,10895,10894,4
2019-10-02,15:24:24.564000,10893,10894,10894,1
2019-10-02,15:24:33.855000,10893,10894,10894,1
2019-10-02,15:24:36.658000,10894,10895,10895,1
2019-10-02,15:24:37.167000,10894,10895,10894,1
2019-10-02,15:24:40.509000,10893,10894,10894,1
2019-10-02,15:24:42.767000,10893,10894,10894,1
2019-10-02,15:24:49.201000,10893,10894,10894,1
2019-10-02,15:24:50.633000,10893,10894,10894,1
2019-10-02,15:24:50.785000,10893,10894,10894,1
2019-10-02,15:24:50.947000,10893,10894,10894,1
2019-10-02,15:24:53.646000,10893,10894,10894,1
2019-10-02,15:24:54.008000,10893,10894,10894,1
2019-10-02,15:24:55.508000,10893,10894,10894,1
2019-10-02,15:24:58.506000,10893,10894,10894,2
2019-10-02,15:24:59.621000,10893,10894,10894,4
2019-10-02,15:24:59.734000,10893,10894,10894,1
2019-10-02,15:25:00.579000,10893,10894,10893,1
2019-10-02,15:25:01.926000,10893,10894,10894,1
2019-10-02,15:25:01.945000,10893,10894,10893,1
2019-10-02,15:25:03.272000,10893,10895,10893,1
2019-10-02,15:25:06.644000,10893,10894,10894,1
2019-10-02,15:25:07.475000,10893,10894,10893,6
2019-10-02,15:25:07.483000,10893,10894,10893,1
2019-10-02,15:25:07.484000,10893,10894,10893,2
2019-10-02,15:25:07.484000,10893,10894,10893,7
2019-10-02,15:25:07.484000,10893,10894,10893,3
2019-10-02,15:25:07.484000,10893,10894,10893,1
2019-10-02,15:25:07.485000,10893,10894,10893,2
2019-10-02,15:25:08.052000,10892,10893,10893,1
2019-10-02,15:25:14.223000,10893,10894,10893,1
2019-10-02,15:25:16.688000,10893,10894,10893,1
2019-10-02,15:25:19.455000,10893,10894,10893,1
2019-10-02,15:25:21.821000,10893,10894,10894,7
2019-10-02,15:25:27.910000,10893,10894,10894,1
2019-10-02,15:25:32.568000,10893,10895,10894,1
2019-10-02,15:25:37.636000,10893,10894,10894,1
2019-10-02,15:25:38.931000,10893,10894,10894,2
2019-10-02,15:25:40.835000,10893,10894,10894,1
2019-10-02,15:25:42.424000,10893,10894,10894,2
2019-10-02,15:25:43.997000,10893,10894,10894,2
2019-10-02,15:25:44.143000,10893,10894,10894,16
2019-10-02,15:25:44.234000,10894,10895,10894,2
2019-10-02,15:25:45.550000,10894,10895,10895,1
2019-10-02,15:25:47.365000,10894,10895,10894,1
2019-10-02,15:25:50.128000,10894,10895,10894,2
2019-10-02,15:25:50.128000,10894,10895,10894,2
2019-10-02,15:25:50.129000,10894,10895,10894,2
2019-10-02,15:25:50.438000,10893,10894,10894,1
2019-10-02,15:25:51.885000,10894,10895,10894,5
2019-10-02,15:25:55.211000,10894,10895,10894,1
2019-10-02,15:25:55.983000,10894,10895,10894,6
2019-10-02,15:25:58.354000,10893,10894,10893,1
2019-10-02,15:25:59.965000,10893,10894,10894,2
2019-10-02,15:26:00.641000,10893,10894,10894,2
2019-10-02,15:26:01.415000,10893,10894,10894,1
2019-10-02,15:26:07.359000,10893,10894,10894,1
2019-10-02,15:26:26.975000,10894,10895,10894,2
2019-10-02,15:26:27.185000,10893,10895,10894,1
2019-10-02,15:26:28.089000,10893,10894,10894,1
2019-10-02,15:26:36.952000,10893,10894,10894,1
2019-10-02,15:26:37.254000,10893,10894,10894,1
2019-10-02,15:26:38.445000,10893,10894,10893,1
2019-10-02,15:26:38.467000,10893,10894,10894,1
2019-10-02,15:26:38.668000,10893,10894,10894,1
2019-10-02,15:26:38.668000,10893,10894,10895,2
2019-10-02,15:26:39.528000,10894,10895,10894,2
2019-10-02,15:26:39.832000,10894,10895,10894,1
2019-10-02,15:26:45.657000,10894,10895,10894,1
2019-10-02,15:26:47.652000,10894,10895,10894,1
2019-10-02,15:26:50.387000,10893,10895,10893,1
2019-10-02,15:26:52.553000,10894,10895,10894,1
2019-10-02,15:26:54.414000,10894,10895,10894,3
2019-10-02,15:27:00.095000,10894,10895,10895,1
2019-10-02,15:27:00.102000,10894,10895,10895,15
2019-10-02,15:27:00.109000,10894,10895,10895,12
2019-10-02,15:27:05.582000,10895,10896,10895,10
2019-10-02,15:27:12.881000,10895,10896,10896,1
2019-10-02,15:27:17.533000,10895,10896,10896,2
2019-10-02,15:27:18.496000,10895,10896,10896,1
2019-10-02,15:27:18.823000,10895,10896,10896,1
2019-10-02,15:27:19.088000,10895,10896,10896,1
2019-10-02,15:27:19.546000,10895,10896,10895,3
2019-10-02,15:27:19.854000,10895,10896,10895,2
2019-10-02,15:27:20.176000,10895,10896,10895,2
2019-10-02,15:27:20.480000,10895,10896,10895,2
2019-10-02,15:27:20.783000,10895,10896,10895,2
2019-10-02,15:27:21.101000,10895,10896,10895,1
2019-10-02,15:27:22.826000,10895,10896,10895,1
2019-10-02,15:27:23.971000,10895,10896,10896,1
2019-10-02,15:27:28.367000,10895,10896,10896,1
2019-10-02,15:27:31.762000,10896,10897,10896,1
2019-10-02,15:27:32.069000,10896,10897,10896,1
2019-10-02,15:27:34.488000,10896,10897,10896,1
2019-10-02,15:27:34.763000,10896,10897,10897,1
2019-10-02,15:27:34.886000,10896,10897,10897,5
2019-10-02,15:27:34.890000,10896,10897,10897,5
2019-10-02,15:27:34.896000,10896,10897,10897,5
2019-10-02,15:27:34.899000,10896,10897,10897,5
2019-10-02,15:27:34.965000,10896,10897,10897,1
2019-10-02,15:27:35.131000,10896,10897,10897,1
2019-10-02,15:27:35.156000,10896,10897,10897,1
2019-10-02,15:27:35.291000,10896,10897,10896,1
2019-10-02,15:27:35.400000,10896,10897,10896,2
2019-10-02,15:27:39.601000,10895,10896,10896,1
2019-10-02,15:27:39.820000,10895,10896,10896,1
2019-10-02,15:27:43.373000,10895,10896,10896,1
2019-10-02,15:27:44.037000,10895,10896,10896,1
2019-10-02,15:27:44.037000,10895,10896,10896,1
2019-10-02,15:27:49.651000,10896,10897,10896,1
2019-10-02,15:27:49.687000,10896,10897,10895,1
2019-10-02,15:27:54.516000,10895,10896,10895,2
2019-10-02,15:27:55.921000,10895,10896,10896,1
2019-10-02,15:28:01.158000,10895,10896,10896,1
2019-10-02,15:28:02.469000,10895,10896,10896,5
2019-10-02,15:28:04.017000,10896,10897,10896,3
2019-10-02,15:28:04.332000,10896,10897,10896,1
2019-10-02,15:28:04.629000,10896,10897,10896,1
2019-10-02,15:28:05.083000,10895,10896,10895,11
2019-10-02,15:28:05.270000,10895,10896,10895,1
2019-10-02,15:28:05.333000,10895,10896,10895,9
2019-10-02,15:28:05.333000,10895,10896,10894,1
2019-10-02,15:28:05.639000,10894,10896,10896,1
2019-10-02,15:28:09.797000,10894,10896,10896,1
2019-10-02,15:28:12.068000,10895,10896,10895,1
2019-10-02,15:28:13.295000,10895,10896,10895,1
2019-10-02,15:28:13.483000,10894,10896,10894,1
2019-10-02,15:28:15.224000,10894,10895,10895,2
2019-10-02,15:28:17.672000,10894,10895,10895,1
2019-10-02,15:28:23.932000,10894,10895,10895,4
2019-10-02,15:28:23.932000,10894,10895,10895,1
2019-10-02,15:28:31.694000,10894,10895,10895,1
2019-10-02,15:28:37.110000,10894,10895,10894,17
2019-10-02,15:28:38.936000,10893,10894,10894,1
2019-10-02,15:28:39.137000,10893,10894,10894,1
2019-10-02,15:28:39.982000,10893,10894,10894,1
2019-10-02,15:28:41.027000,10893,10894,10894,7
2019-10-02,15:28:41.027000,10893,10894,10894,8
2019-10-02,15:28:46.234000,10893,10894,10894,2
2019-10-02,15:28:47.525000,10893,10894,10894,1
2019-10-02,15:29:02.902000,10893,10894,10894,1
2019-10-02,15:29:03.129000,10893,10895,10895,1
2019-10-02,15:29:07.766000,10894,10895,10894,1
2019-10-02,15:29:12.820000,10894,10895,10894,4
2019-10-02,15:29:15.016000,10893,10894,10894,1
2019-10-02,15:29:18.740000,10894,10895,10894,1
2019-10-02,15:29:18.792000,10894,10895,10894,1
2019-10-02,15:29:24.202000,10893,10894,10894,1
2019-10-02,15:29:26.318000,10893,10894,10894,1
2019-10-02,15:29:33.924000,10893,10894,10893,3
2019-10-02,15:29:35.385000,10893,10894,10894,1
2019-10-02,15:29:42.944000,10893,10894,10894,1
2019-10-02,15:29:43.636000,10893,10894,10894,1
2019-10-02,15:29:44.288000,10893,10894,10894,1
2019-10-02,15:29:44.862000,10893,10894,10894,1
2019-10-02,15:29:51.127000,10893,10894,10894,1
2019-10-02,15:29:55.713000,10893,10894,10893,2
2019-10-02,15:30:01.081000,10893,10894,10893,2
2019-10-02,15:30:01.083000,10893,10894,10893,2
2019-10-02,15:30:01.084000,10893,10894,10893,2
2019-10-02,15:30:01.206000,10893,10894,10893,2
2019-10-02,15:30:01.420000,10893,10894,10893,1
2019-10-02,15:30:01.440000,10893,10894,10893,1
2019-10-02,15:30:01.490000,10893,10894,10893,1
2019-10-02,15:30:01.515000,10893,10894,10893,1
2019-10-02,15:30:01.517000,10893,10894,10893,1
2019-10-02,15:30:01.519000,10893,10894,10893,1
2019-10-02,15:30:01.529000,10893,10894,10893,1
2019-10-02,15:30:01.538000,10893,10894,10893,2
2019-10-02,15:30:01.561000,10893,10894,10893,2
2019-10-02,15:30:01.609000,10893,10894,10893,1
2019-10-02,15:30:01.609000,10893,10894,10893,1
2019-10-02,15:30:01.609000,10893,10894,10893,11
2019-10-02,15:30:01.610000,10893,10894,10893,7
2019-10-02,15:30:01.619000,10893,10894,10893,1
2019-10-02,15:30:01.734000,10893,10894,10893,7
2019-10-02,15:30:01.831000,10893,10894,10893,3
2019-10-02,15:30:02.596000,10892,10893,10892,1
2019-10-02,15:30:05.689000,10892,10893,10892,2
2019-10-02,15:30:12.247000,10892,10893,10892,10
2019-10-02,15:30:13.039000,10892,10893,10892,1
2019-10-02,15:30:13.515000,10892,10893,10892,7
2019-10-02,15:30:15.542000,10892,10893,10893,1
2019-10-02,15:30:17.794000,10892,10893,10892,1
2019-10-02,15:30:23.086000,10892,10893,10892,1
2019-10-02,15:30:23.267000,10892,10893,10892,1
2019-10-02,15:30:24.123000,10892,10893,10892,1
2019-10-02,15:30:30.843000,10892,10893,10893,1
2019-10-02,15:30:40.148000,10892,10893,10893,1
2019-10-02,15:30:40.872000,10892,10893,10893,1
2019-10-02,15:30:41.701000,10892,10893,10893,1
2019-10-02,15:30:43.890000,10892,10893,10893,6
2019-10-02,15:30:46.054000,10893,10894,10894,1
2019-10-02,15:30:46.247000,10893,10894,10893,1
2019-10-02,15:30:49.099000,10893,10894,10893,2
2019-10-02,15:30:56.107000,10893,10894,10893,1
2019-10-02,15:30:59.038000,10893,10894,10893,1
2019-10-02,15:31:00.647000,10893,10894,10894,1
2019-10-02,15:31:01.738000,10893,10894,10894,4
2019-10-02,15:31:06.455000,10893,10894,10893,2
2019-10-02,15:31:06.513000,10893,10894,10894,1
2019-10-02,15:31:07.586000,10893,10894,10893,5
2019-10-02,15:31:07.588000,10893,10894,10893,2
2019-10-02,15:31:07.588000,10893,10894,10893,1
2019-10-02,15:31:08.573000,10892,10893,10893,1
2019-10-02,15:31:11.521000,10892,10893,10892,2
2019-10-02,15:31:13.501000,10892,10893,10892,7
2019-10-02,15:31:13.502000,10892,10893,10892,2
2019-10-02,15:31:13.502000,10892,10893,10892,3
2019-10-02,15:31:13.502000,10892,10893,10892,6
2019-10-02,15:31:13.609000,10892,10893,10892,4
2019-10-02,15:31:13.610000,10892,10893,10892,1
2019-10-02,15:31:13.610000,10892,10893,10892,4
2019-10-02,15:31:13.646000,10892,10893,10892,15
2019-10-02,15:31:13.653000,10892,10893,10892,1
2019-10-02,15:31:13.653000,10892,10893,10892,2
2019-10-02,15:31:18.134000,10892,10893,10892,1
2019-10-02,15:31:18.536000,10892,10893,10893,1
2019-10-02,15:31:27.008000,10892,10893,10892,1
2019-10-02,15:31:28.740000,10892,10893,10893,11
2019-10-02,15:31:29.386000,10892,10893,10893,2
2019-10-02,15:31:29.476000,10892,10893,10893,1
2019-10-02,15:31:33.164000,10892,10893,10893,2
2019-10-02,15:31:33.207000,10892,10893,10893,1
2019-10-02,15:31:33.234000,10892,10893,10893,2
2019-10-02,15:31:33.235000,10892,10893,10893,2
2019-10-02,15:31:34.510000,10893,10894,10893,14
2019-10-02,15:31:34.637000,10892,10893,10892,1
2019-10-02,15:31:35.354000,10892,10893,10893,1
2019-10-02,15:31:36.589000,10892,10893,10893,4
2019-10-02,15:31:36.835000,10892,10893,10892,2
2019-10-02,15:31:37.219000,10892,10893,10892,1
2019-10-02,15:31:37.708000,10892,10893,10893,1
2019-10-02,15:31:46.628000,10892,10893,10893,1
2019-10-02,15:31:51.616000,10892,10893,10892,3
2019-10-02,15:31:51.823000,10892,10893,10892,1
2019-10-02,15:31:52.309000,10892,10893,10892,2
2019-10-02,15:31:52.309000,10892,10893,10892,6
2019-10-02,15:31:54.615000,10891,10892,10892,1
2019-10-02,15:31:55.552000,10891,10892,10892,1
2019-10-02,15:31:57.375000,10891,10892,10892,3
2019-10-02,15:31:57.375000,10891,10892,10893,55
2019-10-02,15:31:57.375000,10891,10892,10894,42
2019-10-02,15:31:57.484000,10893,10895,10894,2
2019-10-02,15:31:57.485000,10893,10895,10895,3
2019-10-02,15:31:57.485000,10893,10895,10895,5
2019-10-02,15:31:57.485000,10893,10895,10894,4
2019-10-02,15:31:57.492000,10893,10895,10894,1
2019-10-02,15:31:57.582000,10893,10895,10894,1
2019-10-02,15:31:57.609000,10894,10895,10894,1
2019-10-02,15:31:57.611000,10894,10895,10894,6
2019-10-02,15:31:57.614000,10894,10895,10894,1
2019-10-02,15:31:57.639000,10894,10895,10895,1
2019-10-02,15:31:57.734000,10894,10895,10894,1
2019-10-02,15:31:57.734000,10894,10895,10894,1
2019-10-02,15:31:58.439000,10894,10895,10895,1
2019-10-02,15:32:01.177000,10894,10895,10894,5
2019-10-02,15:32:01.192000,10894,10895,10893,6
2019-10-02,15:32:01.194000,10894,10895,10893,1
2019-10-02,15:32:01.194000,10894,10895,10893,2
2019-10-02,15:32:01.194000,10894,10895,10893,2
2019-10-02,15:32:01.196000,10894,10895,10893,4
2019-10-02,15:32:01.227000,10894,10895,10894,3
2019-10-02,15:32:01.235000,10893,10894,10893,23
2019-10-02,15:32:01.359000,10892,10893,10892,3
2019-10-02,15:32:01.360000,10892,10893,10892,3
2019-10-02,15:32:01.360000,10892,10893,10892,1
2019-10-02,15:32:01.485000,10891,10892,10892,1
2019-10-02,15:32:01.485000,10891,10892,10891,5
2019-10-02,15:32:01.709000,10891,10892,10891,1
2019-10-02,15:32:01.777000,10891,10892,10892,2
2019-10-02,15:32:01.777000,10891,10892,10892,2
2019-10-02,15:32:01.777000,10891,10892,10892,3
2019-10-02,15:32:01.828000,10891,10892,10892,1
2019-10-02,15:32:01.840000,10891,10892,10891,1
2019-10-02,15:32:01.848000,10891,10892,10891,1
2019-10-02,15:32:02.032000,10891,10893,10891,1
2019-10-02,15:32:02.149000,10891,10893,10891,1
2019-10-02,15:32:02.267000,10891,10892,10891,1
2019-10-02,15:32:02.511000,10891,10892,10892,1
2019-10-02,15:32:02.511000,10891,10892,10892,1
2019-10-02,15:32:02.885000,10891,10893,10891,4
2019-10-02,15:32:02.951000,10891,10893,10891,2
2019-10-02,15:32:08.744000,10892,10893,10892,1
2019-10-02,15:32:09.326000,10892,10893,10892,5
2019-10-02,15:32:10.740000,10892,10893,10892,1
2019-10-02,15:32:14.045000,10892,10893,10892,10
2019-10-02,15:32:20.319000,10892,10893,10892,1
2019-10-02,15:32:21.772000,10892,10893,10892,1
2019-10-02,15:32:22.585000,10892,10893,10892,2
2019-10-02,15:32:26.205000,10892,10893,10892,4
2019-10-02,15:32:26.734000,10892,10893,10893,8
2019-10-02,15:32:27.438000,10893,10894,10893,1
2019-10-02,15:32:30.487000,10893,10894,10893,1
2019-10-02,15:32:33.972000,10893,10894,10893,1
2019-10-02,15:32:34.061000,10893,10894,10894,2
2019-10-02,15:32:36.009000,10893,10894,10893,1
2019-10-02,15:32:40.458000,10893,10894,10893,1
2019-10-02,15:32:40.753000,10893,10894,10894,1
2019-10-02,15:32:41.061000,10893,10894,10893,1
2019-10-02,15:32:41.372000,10893,10894,10893,1
2019-10-02,15:32:44.583000,10893,10894,10893,1
2019-10-02,15:32:44.912000,10892,10894,10894,1
2019-10-02,15:32:50.049000,10893,10894,10894,1
2019-10-02,15:32:51.073000,10893,10894,10893,1
2019-10-02,15:32:55.405000,10893,10894,10894,2
2019-10-02,15:33:01.189000,10894,10895,10894,1
2019-10-02,15:33:07.459000,10893,10894,10893,1
2019-10-02,15:33:12.254000,10893,10894,10894,1
2019-10-02,15:33:12.301000,10893,10894,10894,2
2019-10-02,15:33:19.029000,10894,10895,10894,5
2019-10-02,15:33:21.209000,10894,10895,10895,7
2019-10-02,15:33:21.359000,10894,10895,10895,1
2019-10-02,15:33:21.800000,10894,10896,10894,1
2019-10-02,15:33:28.715000,10894,10895,10894,1
2019-10-02,15:33:29.714000,10893,10895,10894,1
2019-10-02,15:33:32.015000,10894,10895,10894,1
2019-10-02,15:33:40.773000,10894,10895,10895,1
2019-10-02,15:33:41.662000,10894,10896,10894,1
2019-10-02,15:33:42.025000,10894,10896,10894,5
2019-10-02,15:33:43.222000,10894,10895,10894,4
2019-10-02,15:33:44.584000,10894,10895,10895,1
2019-10-02,15:33:49.649000,10894,10895,10894,2
2019-10-02,15:33:53.924000,10894,10895,10894,1
2019-10-02,15:33:59.472000,10894,10895,10894,1
2019-10-02,15:34:12.663000,10894,10895,10894,1
2019-10-02,15:34:13.470000,10894,10895,10894,1
2019-10-02,15:34:17.968000,10894,10895,10894,4
2019-10-02,15:34:17.969000,10894,10895,10894,2
2019-10-02,15:34:17.969000,10894,10895,10894,2
2019-10-02,15:34:18.896000,10893,10894,10894,1
2019-10-02,15:34:19.521000,10893,10894,10894,3
2019-10-02,15:34:19.863000,10893,10894,10893,2
2019-10-02,15:34:19.867000,10893,10894,10894,1
2019-10-02,15:34:24.245000,10893,10894,10894,1
2019-10-02,15:34:27.969000,10893,10894,10894,1
2019-10-02,15:34:28.371000,10893,10894,10894,1
2019-10-02,15:34:31.696000,10893,10894,10894,1
2019-10-02,15:34:45.212000,10893,10894,10894,1
2019-10-02,15:34:47.893000,10893,10894,10894,8
2019-10-02,15:34:48.862000,10893,10895,10894,1
2019-10-02,15:34:48.924000,10893,10895,10894,1
2019-10-02,15:34:53.858000,10894,10895,10894,1
2019-10-02,15:35:02.371000,10894,10895,10894,1
2019-10-02,15:35:02.917000,10894,10895,10894,1
2019-10-02,15:35:03.055000,10894,10895,10894,1
2019-10-02,15:35:03.527000,10894,10895,10894,1
2019-10-02,15:35:04.298000,10894,10895,10894,1
2019-10-02,15:35:05.506000,10894,10895,10895,10
2019-10-02,15:35:05.609000,10894,10895,10895,2
2019-10-02,15:35:09.531000,10894,10895,10894,2
2019-10-02,15:35:10.252000,10894,10895,10895,1
2019-10-02,15:35:10.541000,10894,10895,10895,1
2019-10-02,15:35:10.891000,10894,10895,10895,1
2019-10-02,15:35:11.814000,10894,10895,10894,1
2019-10-02,15:35:12.438000,10894,10895,10895,1
2019-10-02,15:35:18.756000,10894,10895,10895,13
2019-10-02,15:35:18.756000,10894,10895,10896,33
2019-10-02,15:35:18.935000,10895,10896,10895,2
2019-10-02,15:35:19.800000,10894,10896,10894,7
2019-10-02,15:35:20.539000,10894,10896,10896,1
2019-10-02,15:35:24.611000,10895,10896,10895,1
2019-10-02,15:35:27.458000,10895,10896,10896,1
2019-10-02,15:35:28.630000,10895,10896,10896,1
2019-10-02,15:35:29.041000,10895,10896,10896,1
2019-10-02,15:35:29.540000,10895,10897,10895,2
2019-10-02,15:35:33.482000,10896,10897,10896,1
2019-10-02,15:35:34.933000,10896,10897,10897,1
2019-10-02,15:35:35.206000,10896,10897,10897,4
2019-10-02,15:35:35.425000,10896,10897,10896,1
2019-10-02,15:35:36.457000,10896,10897,10896,1
2019-10-02,15:35:38.041000,10896,10897,10896,1
2019-10-02,15:35:39.021000,10896,10897,10896,3
2019-10-02,15:35:40.370000,10896,10897,10896,2
2019-10-02,15:35:47.213000,10896,10897,10897,10
2019-10-02,15:35:47.234000,10896,10897,10897,8
2019-10-02,15:35:47.736000,10897,10898,10897,1
2019-10-02,15:35:48.189000,10897,10898,10898,2
2019-10-02,15:35:48.622000,10897,10898,10898,1
2019-10-02,15:35:49.093000,10897,10898,10898,2
2019-10-02,15:35:49.461000,10897,10898,10897,4
2019-10-02,15:35:50.708000,10897,10898,10897,2
2019-10-02,15:35:53.419000,10897,10898,10898,1
2019-10-02,15:35:55.523000,10897,10898,10898,1
2019-10-02,15:35:55.856000,10897,10898,10898,1
2019-10-02,15:35:56.269000,10897,10898,10898,1
2019-10-02,15:35:56.656000,10897,10898,10897,1
2019-10-02,15:35:57.054000,10897,10898,10897,1
2019-10-02,15:35:57.148000,10897,10898,10898,1
2019-10-02,15:35:57.439000,10897,10898,10898,1
2019-10-02,15:35:57.657000,10897,10898,10898,2
2019-10-02,15:35:58.320000,10897,10898,10898,1
2019-10-02,15:35:59.815000,10897,10898,10898,1
2019-10-02,15:36:00.032000,10897,10898,10897,2
2019-10-02,15:36:00.109000,10896,10897,10897,2
2019-10-02,15:36:00.237000,10897,10898,10897,2
2019-10-02,15:36:00.653000,10896,10898,10896,3
2019-10-02,15:36:02.572000,10896,10897,10897,1
2019-10-02,15:36:03.796000,10896,10897,10896,5
2019-10-02,15:36:03.899000,10896,10897,10897,2
2019-10-02,15:36:05.367000,10897,10898,10898,1
2019-10-02,15:36:05.561000,10897,10898,10898,1
2019-10-02,15:36:08.272000,10897,10898,10898,1
2019-10-02,15:36:09.621000,10897,10898,10898,1
2019-10-02,15:36:10.159000,10897,10898,10897,3
2019-10-02,15:36:11.798000,10897,10898,10897,1
2019-10-02,15:36:15.393000,10897,10898,10898,5
2019-10-02,15:36:17.186000,10897,10898,10897,1
2019-10-02,15:36:18.768000,10897,10898,10897,2
2019-10-02,15:36:18.768000,10897,10898,10897,19
2019-10-02,15:36:19.444000,10896,10897,10896,4
2019-10-02,15:36:21.074000,10896,10897,10897,1
2019-10-02,15:36:23.222000,10897,10898,10897,2
2019-10-02,15:36:23.222000,10897,10898,10897,1
2019-10-02,15:36:24.482000,10896,10897,10896,3
2019-10-02,15:36:30.280000,10896,10897,10896,2
2019-10-02,15:36:32.252000,10896,10897,10897,5
2019-10-02,15:36:32.587000,10897,10898,10897,1
2019-10-02,15:36:39.674000,10896,10897,10896,1
2019-10-02,15:36:40.554000,10896,10897,10897,1
2019-10-02,15:36:43.774000,10896,10897,10897,1
2019-10-02,15:36:45.606000,10897,10898,10898,1
2019-10-02,15:36:46.125000,10897,10898,10897,1
2019-10-02,15:36:50.351000,10897,10898,10897,1
2019-10-02,15:36:50.995000,10897,10898,10898,1
2019-10-02,15:36:51.294000,10897,10898,10898,1
2019-10-02,15:36:52.061000,10897,10898,10897,8
2019-10-02,15:36:53.959000,10896,10897,10897,2
2019-10-02,15:36:55.386000,10896,10897,10897,5
2019-10-02,15:36:58.326000,10896,10897,10897,1
2019-10-02,15:36:59.032000,10896,10897,10896,1
2019-10-02,15:37:01.308000,10896,10897,10896,3
2019-10-02,15:37:03.007000,10896,10897,10897,4
2019-10-02,15:37:03.008000,10896,10897,10897,2
2019-10-02,15:37:03.008000,10896,10897,10897,4
2019-10-02,15:37:05.556000,10897,10898,10897,3
2019-10-02,15:37:07.399000,10897,10898,10897,7
2019-10-02,15:37:08.407000,10897,10898,10897,2
2019-10-02,15:37:11.155000,10896,10897,10897,1
2019-10-02,15:37:11.155000,10896,10897,10897,1
2019-10-02,15:37:11.156000,10896,10897,10897,1
2019-10-02,15:37:11.156000,10896,10897,10897,4
2019-10-02,15:37:11.157000,10896,10897,10897,1
2019-10-02,15:37:11.157000,10896,10897,10897,1
2019-10-02,15:37:11.157000,10896,10897,10897,1
2019-10-02,15:37:12.125000,10897,10898,10897,3
2019-10-02,15:37:13.125000,10897,10898,10897,3
2019-10-02,15:37:15.933000,10897,10898,10897,1
2019-10-02,15:37:28.163000,10896,10897,10897,1
2019-10-02,15:37:40.162000,10896,10897,10896,1
2019-10-02,15:37:45.462000,10896,10897,10897,5
2019-10-02,15:37:47.833000,10896,10897,10897,1
2019-10-02,15:37:48.158000,10896,10897,10897,1
2019-10-02,15:37:52.461000,10896,10897,10897,2
2019-10-02,15:37:54.176000,10896,10897,10896,2
2019-10-02,15:37:55.281000,10896,10897,10897,1
2019-10-02,15:38:04.333000,10896,10897,10897,1
2019-10-02,15:38:05.206000,10896,10897,10897,1
2019-10-02,15:38:06.548000,10896,10897,10897,1
2019-10-02,15:38:13.749000,10896,10897,10896,1
2019-10-02,15:38:17.109000,10896,10897,10896,3
2019-10-02,15:38:17.143000,10896,10897,10896,2
2019-10-02,15:38:17.185000,10896,10897,10896,2
2019-10-02,15:38:17.185000,10896,10897,10896,2
2019-10-02,15:38:17.234000,10896,10897,10896,4
2019-10-02,15:38:18.081000,10895,10896,10896,1
2019-10-02,15:38:24.077000,10895,10896,10895,2
2019-10-02,15:38:25.877000,10895,10896,10895,1
2019-10-02,15:38:27.806000,10895,10896,10896,1
2019-10-02,15:38:28.737000,10895,10896,10896,1
2019-10-02,15:38:30.314000,10895,10896,10895,1
2019-10-02,15:38:30.314000,10895,10896,10895,3
2019-10-02,15:38:30.318000,10895,10896,10895,2
2019-10-02,15:38:30.318000,10895,10896,10895,2
2019-10-02,15:38:30.340000,10895,10896,10895,3
2019-10-02,15:38:30.345000,10895,10896,10895,1
2019-10-02,15:38:30.355000,10895,10896,10895,5
2019-10-02,15:38:30.355000,10895,10896,10895,14
2019-10-02,15:38:30.561000,10894,10895,10895,2
2019-10-02,15:38:30.734000,10894,10895,10894,1
2019-10-02,15:38:33.483000,10894,10895,10894,2
2019-10-02,15:38:33.925000,10894,10895,10894,6
2019-10-02,15:38:34.426000,10894,10895,10894,1
2019-10-02,15:38:34.925000,10894,10895,10894,1
2019-10-02,15:38:38.814000,10894,10895,10894,1
2019-10-02,15:38:38.814000,10894,10895,10894,1
2019-10-02,15:38:38.814000,10894,10895,10894,3
2019-10-02,15:38:40.709000,10894,10895,10894,1
2019-10-02,15:38:41.646000,10894,10895,10894,1
2019-10-02,15:38:43.452000,10894,10895,10894,1
2019-10-02,15:38:44.153000,10894,10895,10894,1
2019-10-02,15:38:50.584000,10894,10895,10894,2
2019-10-02,15:38:53.564000,10894,10895,10894,1
2019-10-02,15:38:56.134000,10894,10895,10894,1
2019-10-02,15:38:58.680000,10894,10895,10894,1
2019-10-02,15:39:02.607000,10894,10895,10894,2
2019-10-02,15:39:02.689000,10894,10895,10893,1
2019-10-02,15:39:03.071000,10893,10895,10893,2
2019-10-02,15:39:05.562000,10893,10894,10893,5
2019-10-02,15:39:08.985000,10893,10894,10893,2
2019-10-02,15:39:09.660000,10893,10894,10893,2
2019-10-02,15:39:10.522000,10893,10894,10893,1
2019-10-02,15:39:12.756000,10893,10894,10893,2
2019-10-02,15:39:14.121000,10893,10894,10893,11
2019-10-02,15:39:14.985000,10893,10894,10893,1
2019-10-02,15:39:18.211000,10893,10894,10893,2
2019-10-02,15:39:18.757000,10893,10894,10893,1
2019-10-02,15:39:18.986000,10893,10894,10893,2
2019-10-02,15:39:19.818000,10893,10894,10893,1
2019-10-02,15:39:22.890000,10893,10894,10893,3
2019-10-02,15:39:23.192000,10893,10894,10893,1
2019-10-02,15:39:23.973000,10893,10894,10894,5
2019-10-02,15:39:24.366000,10893,10895,10893,4
2019-10-02,15:39:24.373000,10893,10895,10893,3
2019-10-02,15:39:29.631000,10893,10895,10893,1
2019-10-02,15:39:29.704000,10893,10895,10893,2
2019-10-02,15:39:31.954000,10894,10895,10894,2
2019-10-02,15:39:31.954000,10894,10895,10893,1
2019-10-02,15:39:32.742000,10893,10895,10893,1
2019-10-02,15:39:34.045000,10894,10895,10894,1
2019-10-02,15:39:34.045000,10894,10895,10893,3
2019-10-02,15:39:34.612000,10893,10895,10893,4
2019-10-02,15:39:34.749000,10893,10895,10893,2
2019-10-02,15:39:34.947000,10893,10895,10893,1
2019-10-02,15:39:35.613000,10893,10895,10893,1
2019-10-02,15:39:36.238000,10893,10894,10894,2
2019-10-02,15:39:41.827000,10893,10895,10893,5
2019-10-02,15:39:43.331000,10893,10894,10893,1
2019-10-02,15:39:45.556000,10893,10895,10893,1
2019-10-02,15:39:50.361000,10893,10894,10894,1
2019-10-02,15:39:50.570000,10893,10894,10893,1
2019-10-02,15:39:52.520000,10893,10894,10893,1
2019-10-02,15:39:56.051000,10894,10895,10894,1
2019-10-02,15:39:59.522000,10894,10895,10894,1
2019-10-02,15:40:02.542000,10894,10895,10894,1
2019-10-02,15:40:03.666000,10894,10895,10894,2
2019-10-02,15:40:03.736000,10893,10894,10894,3
2019-10-02,15:40:03.929000,10893,10895,10894,1
2019-10-02,15:40:16.437000,10893,10894,10893,1
2019-10-02,15:40:23.026000,10893,10894,10894,14
2019-10-02,15:40:32.807000,10894,10895,10894,1
2019-10-02,15:40:33.785000,10893,10895,10893,2
2019-10-02,15:40:39.313000,10894,10895,10894,1
2019-10-02,15:40:42.634000,10893,10895,10893,1
2019-10-02,15:40:46.576000,10894,10895,10895,1
2019-10-02,15:40:46.965000,10894,10895,10894,1
2019-10-02,15:40:50.758000,10894,10895,10894,1
2019-10-02,15:41:00.625000,10894,10895,10894,1
2019-10-02,15:41:00.933000,10894,10895,10894,1
2019-10-02,15:41:01.248000,10894,10895,10894,1
2019-10-02,15:41:02.512000,10894,10895,10894,1
2019-10-02,15:41:03.411000,10893,10894,10893,1
2019-10-02,15:41:07.231000,10893,10894,10893,10
2019-10-02,15:41:08.692000,10893,10894,10893,10
2019-10-02,15:41:10.465000,10893,10894,10893,10
2019-10-02,15:41:13.007000,10892,10894,10892,5
2019-10-02,15:41:16.371000,10893,10894,10893,1
2019-10-02,15:41:21.734000,10892,10893,10893,1
2019-10-02,15:41:21.818000,10892,10893,10893,1
2019-10-02,15:41:22.259000,10893,10894,10893,1
2019-10-02,15:41:23.420000,10893,10894,10894,1
2019-10-02,15:41:27.140000,10893,10894,10894,4
2019-10-02,15:41:27.583000,10893,10894,10893,3
2019-10-02,15:41:31.610000,10893,10894,10893,2
2019-10-02,15:41:31.610000,10893,10894,10892,3
2019-10-02,15:41:32.843000,10893,10894,10893,2
2019-10-02,15:41:35.141000,10893,10894,10893,1
2019-10-02,15:41:36.572000,10893,10894,10893,3
2019-10-02,15:41:39.872000,10893,10894,10893,2
2019-10-02,15:41:43.385000,10893,10894,10893,1
2019-10-02,15:41:48.048000,10893,10894,10894,12
2019-10-02,15:41:52.050000,10894,10895,10895,1
2019-10-02,15:41:52.462000,10894,10895,10894,2
