2019-04-22,15:00:00.006000,10971,10972,10972,39
2019-04-22,15:00:00.007000,10971,10972,10971,4
2019-04-22,15:00:00.008000,10971,10972,10971,4
2019-04-22,15:00:00.051000,10971,10972,10971,1
2019-04-22,15:00:00.374000,10971,10972,10972,3
2019-04-22,15:00:00.447000,10971,10972,10972,11
2019-04-22,15:00:00.708000,10971,10972,10972,3
2019-04-22,15:00:00.708000,10971,10972,10973,1
2019-04-22,15:00:00.754000,10971,10972,10971,2
2019-04-22,15:00:00.768000,10971,10973,10971,1
2019-04-22,15:00:00.776000,10971,10973,10971,1
2019-04-22,15:00:01.026000,10971,10973,10973,1
2019-04-22,15:00:01.177000,10971,10973,10971,1
2019-04-22,15:00:01.196000,10971,10973,10973,2
2019-04-22,15:00:01.269000,10971,10973,10971,1
2019-04-22,15:00:01.808000,10971,10973,10973,2
2019-04-22,15:00:02.553000,10971,10973,10971,1
2019-04-22,15:00:02.617000,10971,10973,10971,1
2019-04-22,15:00:02.688000,10971,10973,10973,1
2019-04-22,15:00:03.510000,10973,10974,10973,3
2019-04-22,15:00:05.086000,10972,10973,10973,1
2019-04-22,15:00:06.094000,10972,10973,10973,1
2019-04-22,15:00:11.907000,10972,10973,10972,1
2019-04-22,15:00:12.146000,10972,10973,10973,1
2019-04-22,15:00:13.193000,10972,10973,10972,1
2019-04-22,15:00:13.818000,10972,10973,10973,1
2019-04-22,15:00:14.880000,10972,10973,10972,1
2019-04-22,15:00:19.092000,10972,10973,10973,3
2019-04-22,15:00:21.167000,10972,10973,10973,3
2019-04-22,15:00:21.283000,10972,10973,10973,3
2019-04-22,15:00:22.714000,10972,10973,10973,1
2019-04-22,15:00:23.078000,10973,10974,10974,10
2019-04-22,15:00:23.078000,10973,10974,10975,19
2019-04-22,15:00:23.255000,10974,10975,10975,4
2019-04-22,15:00:23.257000,10974,10975,10975,2
2019-04-22,15:00:27.369000,10975,10976,10975,1
2019-04-22,15:00:27.388000,10975,10976,10975,1
2019-04-22,15:00:27.760000,10974,10975,10974,1
2019-04-22,15:00:28.066000,10974,10975,10975,2
2019-04-22,15:00:42.979000,10974,10975,10974,1
2019-04-22,15:00:44.461000,10974,10975,10975,1
2019-04-22,15:00:44.643000,10974,10975,10974,2
2019-04-22,15:00:45.257000,10974,10975,10975,1
2019-04-22,15:00:45.970000,10974,10975,10974,1
2019-04-22,15:00:46.452000,10974,10975,10975,4
2019-04-22,15:00:46.452000,10974,10975,10976,34
2019-04-22,15:00:48.016000,10976,10977,10976,4
2019-04-22,15:00:50.438000,10976,10977,10976,1
2019-04-22,15:00:54.195000,10976,10977,10976,1
2019-04-22,15:00:57.562000,10976,10977,10977,8
2019-04-22,15:01:00.036000,10976,10977,10976,5
2019-04-22,15:01:00.036000,10976,10977,10976,5
2019-04-22,15:01:00.037000,10976,10977,10976,5
2019-04-22,15:01:00.115000,10976,10977,10976,3
2019-04-22,15:01:00.115000,10976,10977,10975,4
2019-04-22,15:01:00.125000,10976,10977,10976,1
2019-04-22,15:01:00.125000,10976,10977,10975,4
2019-04-22,15:01:00.130000,10976,10977,10977,6
2019-04-22,15:01:00.141000,10976,10977,10976,5
2019-04-22,15:01:00.154000,10976,10977,10976,1
2019-04-22,15:01:00.231000,10976,10977,10975,1
2019-04-22,15:01:00.255000,10975,10976,10976,2
2019-04-22,15:01:00.278000,10975,10976,10976,1
2019-04-22,15:01:01.465000,10975,10977,10977,2
2019-04-22,15:01:15.590000,10975,10976,10976,1
2019-04-22,15:01:17.351000,10975,10976,10976,3
2019-04-22,15:01:20.164000,10975,10976,10976,2
2019-04-22,15:01:23.208000,10975,10976,10976,1
2019-04-22,15:01:35.404000,10975,10976,10976,1
2019-04-22,15:01:39.382000,10975,10976,10975,1
2019-04-22,15:01:40.293000,10975,10976,10976,1
2019-04-22,15:01:51.805000,10975,10976,10975,10
2019-04-22,15:01:53.327000,10975,10976,10975,5
2019-04-22,15:01:53.380000,10975,10976,10975,11
2019-04-22,15:01:53.755000,10974,10975,10974,1
2019-04-22,15:01:59.015000,10973,10974,10974,1
2019-04-22,15:01:59.187000,10973,10974,10974,2
2019-04-22,15:02:00.035000,10973,10975,10973,1
2019-04-22,15:02:00.113000,10973,10975,10973,2
2019-04-22,15:02:00.113000,10973,10975,10973,2
2019-04-22,15:02:00.122000,10973,10975,10973,2
2019-04-22,15:02:00.191000,10973,10974,10973,2
2019-04-22,15:02:00.321000,10973,10974,10974,5
2019-04-22,15:02:00.321000,10973,10974,10975,9
2019-04-22,15:02:02.209000,10974,10975,10974,1
2019-04-22,15:02:08.231000,10974,10975,10974,1
2019-04-22,15:02:22.206000,10974,10975,10974,1
2019-04-22,15:02:22.356000,10974,10975,10974,1
2019-04-22,15:02:23.384000,10974,10975,10974,1
2019-04-22,15:02:23.823000,10974,10975,10974,2
2019-04-22,15:02:26.056000,10974,10975,10974,1
2019-04-22,15:02:59.574000,10973,10974,10973,1
2019-04-22,15:03:00.076000,10973,10974,10973,2
2019-04-22,15:03:00.119000,10973,10974,10973,2
2019-04-22,15:03:00.132000,10973,10974,10973,1
2019-04-22,15:03:00.514000,10973,10974,10973,3
2019-04-22,15:03:00.853000,10973,10974,10973,2
2019-04-22,15:03:01.070000,10973,10974,10973,2
2019-04-22,15:03:03.998000,10972,10973,10973,1
2019-04-22,15:03:06.248000,10972,10973,10973,1
2019-04-22,15:03:06.478000,10972,10973,10972,2
2019-04-22,15:03:07.926000,10972,10973,10973,1
2019-04-22,15:03:10.903000,10972,10973,10973,2
2019-04-22,15:03:18.087000,10972,10973,10973,3
2019-04-22,15:03:24.598000,10972,10973,10973,1
2019-04-22,15:03:25.982000,10972,10973,10973,1
2019-04-22,15:03:27.172000,10972,10973,10973,1
2019-04-22,15:03:29.631000,10972,10973,10973,1
2019-04-22,15:03:29.701000,10972,10973,10973,1
2019-04-22,15:03:30.484000,10972,10973,10972,1
2019-04-22,15:03:32.220000,10972,10973,10973,1
2019-04-22,15:03:34.574000,10972,10973,10973,1
2019-04-22,15:03:36.174000,10972,10973,10973,1
2019-04-22,15:03:38.950000,10972,10973,10973,2
2019-04-22,15:03:38.987000,10972,10973,10973,1
2019-04-22,15:03:39.005000,10972,10973,10973,1
2019-04-22,15:03:39.190000,10973,10974,10973,1
2019-04-22,15:03:39.238000,10973,10974,10973,2
2019-04-22,15:03:39.474000,10973,10974,10973,1
2019-04-22,15:03:43.035000,10973,10974,10974,3
2019-04-22,15:03:46.125000,10973,10974,10973,1
2019-04-22,15:03:46.876000,10973,10974,10973,1
2019-04-22,15:04:00.073000,10973,10974,10973,1
2019-04-22,15:04:00.073000,10973,10974,10973,2
2019-04-22,15:04:00.154000,10973,10974,10973,2
2019-04-22,15:04:10.314000,10973,10974,10973,1
2019-04-22,15:04:16.931000,10973,10974,10973,1
2019-04-22,15:04:18.361000,10973,10974,10973,1
2019-04-22,15:04:23.061000,10973,10974,10973,1
2019-04-22,15:04:26.280000,10973,10974,10973,1
2019-04-22,15:04:29.287000,10973,10974,10973,2
2019-04-22,15:04:30.930000,10973,10974,10973,2
2019-04-22,15:04:30.930000,10973,10974,10973,1
2019-04-22,15:04:30.931000,10973,10974,10973,1
2019-04-22,15:04:32.499000,10972,10973,10973,1
2019-04-22,15:04:32.883000,10972,10973,10973,1
2019-04-22,15:04:35.423000,10972,10973,10973,1
2019-04-22,15:04:44.648000,10972,10973,10972,15
2019-04-22,15:04:44.880000,10972,10973,10972,1
2019-04-22,15:04:50.826000,10972,10973,10972,1
2019-04-22,15:04:50.882000,10972,10973,10972,9
2019-04-22,15:04:51.005000,10972,10973,10972,5
2019-04-22,15:05:00.068000,10971,10972,10971,2
2019-04-22,15:05:00.130000,10971,10972,10971,4
2019-04-22,15:05:00.255000,10971,10972,10971,1
2019-04-22,15:05:00.255000,10971,10972,10971,3
2019-04-22,15:05:00.255000,10971,10972,10971,2
2019-04-22,15:05:00.255000,10971,10972,10971,1
2019-04-22,15:05:00.282000,10971,10972,10971,1
2019-04-22,15:05:00.380000,10971,10972,10971,1
2019-04-22,15:05:00.380000,10971,10972,10971,2
2019-04-22,15:05:00.380000,10971,10972,10971,1
2019-04-22,15:05:00.380000,10971,10972,10971,6
2019-04-22,15:05:04.888000,10970,10971,10970,1
2019-04-22,15:05:05.095000,10970,10971,10970,4
2019-04-22,15:05:05.293000,10970,10971,10970,2
2019-04-22,15:05:07.316000,10970,10971,10970,1
2019-04-22,15:05:07.843000,10970,10971,10970,2
2019-04-22,15:05:08.667000,10970,10971,10970,1
2019-04-22,15:05:08.969000,10970,10971,10970,1
2019-04-22,15:05:09.071000,10970,10971,10971,1
2019-04-22,15:05:10.023000,10970,10971,10970,2
2019-04-22,15:05:12.737000,10970,10971,10970,2
2019-04-22,15:05:13.318000,10970,10971,10970,12
2019-04-22,15:05:13.633000,10969,10970,10969,1
2019-04-22,15:05:14.061000,10969,10970,10969,1
2019-04-22,15:05:14.434000,10969,10970,10969,1
2019-04-22,15:05:14.802000,10969,10970,10969,2
2019-04-22,15:05:16.811000,10968,10969,10969,2
2019-04-22,15:05:17.342000,10968,10969,10968,1
2019-04-22,15:05:17.658000,10968,10969,10969,1
2019-04-22,15:05:21.593000,10968,10969,10969,1
2019-04-22,15:05:23.694000,10968,10969,10969,1
2019-04-22,15:05:24.819000,10968,10969,10969,4
2019-04-22,15:05:25.115000,10968,10969,10968,2
2019-04-22,15:05:25.911000,10968,10969,10968,1
2019-04-22,15:05:27.769000,10968,10969,10968,1
2019-04-22,15:05:27.912000,10968,10969,10968,1
2019-04-22,15:05:28.233000,10968,10969,10968,2
2019-04-22,15:05:29.820000,10968,10969,10968,1
2019-04-22,15:05:30.323000,10968,10969,10968,1
2019-04-22,15:05:30.396000,10968,10969,10969,1
2019-04-22,15:05:37.335000,10968,10969,10968,1
2019-04-22,15:05:40.265000,10968,10969,10968,1
2019-04-22,15:05:42.772000,10968,10969,10968,1
2019-04-22,15:05:47.202000,10968,10969,10968,1
2019-04-22,15:05:48.275000,10968,10969,10968,3
2019-04-22,15:05:53.456000,10968,10969,10968,1
2019-04-22,15:05:54.006000,10968,10969,10968,1
2019-04-22,15:05:57.068000,10968,10969,10968,1
2019-04-22,15:05:57.399000,10968,10969,10968,5
2019-04-22,15:06:02.790000,10968,10969,10969,3
2019-04-22,15:06:05.006000,10968,10969,10969,4
2019-04-22,15:06:05.018000,10968,10969,10969,1
2019-04-22,15:06:05.228000,10968,10969,10969,2
2019-04-22,15:06:08.106000,10968,10969,10969,1
2019-04-22,15:06:08.765000,10968,10969,10969,2
2019-04-22,15:06:10.095000,10968,10969,10969,1
2019-04-22,15:06:10.412000,10968,10969,10969,1
2019-04-22,15:06:10.897000,10968,10969,10968,5
2019-04-22,15:06:11.934000,10968,10969,10969,1
2019-04-22,15:06:12.188000,10968,10969,10969,1
2019-04-22,15:06:12.469000,10968,10969,10968,1
2019-04-22,15:06:17.872000,10968,10969,10968,4
2019-04-22,15:06:26.246000,10968,10969,10968,4
2019-04-22,15:06:26.615000,10968,10969,10968,2
2019-04-22,15:06:28.966000,10968,10969,10968,1
2019-04-22,15:06:29.316000,10968,10969,10968,5
2019-04-22,15:06:29.380000,10968,10969,10968,1
2019-04-22,15:06:31.344000,10967,10968,10968,1
2019-04-22,15:06:33.345000,10967,10968,10968,1
2019-04-22,15:06:35.743000,10967,10968,10967,2
2019-04-22,15:06:39.419000,10967,10968,10968,1
2019-04-22,15:06:39.912000,10967,10968,10967,3
2019-04-22,15:06:40.971000,10967,10968,10967,1
2019-04-22,15:06:42.785000,10967,10968,10968,1
2019-04-22,15:06:43.469000,10967,10968,10968,1
2019-04-22,15:06:50.264000,10967,10968,10967,1
2019-04-22,15:06:51.731000,10967,10968,10968,1
2019-04-22,15:06:56.143000,10967,10968,10967,1
2019-04-22,15:06:58.022000,10967,10968,10968,1
2019-04-22,15:07:05.255000,10967,10968,10967,18
2019-04-22,15:07:05.316000,10967,10968,10967,3
2019-04-22,15:07:05.380000,10967,10968,10967,8
2019-04-22,15:07:05.380000,10967,10968,10967,1
2019-04-22,15:07:05.380000,10967,10968,10967,4
2019-04-22,15:07:05.380000,10967,10968,10967,4
2019-04-22,15:07:05.632000,10966,10967,10966,3
2019-04-22,15:07:07.417000,10966,10967,10966,1
2019-04-22,15:07:09.572000,10966,10967,10966,3
2019-04-22,15:07:09.668000,10966,10967,10966,1
2019-04-22,15:07:10.146000,10966,10967,10967,2
2019-04-22,15:07:11.154000,10966,10967,10966,3
2019-04-22,15:07:12.781000,10966,10967,10966,1
2019-04-22,15:07:13.254000,10966,10967,10966,10
2019-04-22,15:07:13.312000,10966,10967,10966,1
2019-04-22,15:07:13.312000,10966,10967,10966,1
2019-04-22,15:07:13.313000,10966,10967,10966,1
2019-04-22,15:07:13.313000,10966,10967,10966,1
2019-04-22,15:07:13.313000,10966,10967,10966,1
2019-04-22,15:07:13.325000,10966,10967,10966,3
2019-04-22,15:07:13.380000,10966,10967,10966,2
2019-04-22,15:07:15.807000,10965,10966,10966,1
2019-04-22,15:07:16.963000,10965,10966,10965,1
2019-04-22,15:07:17.413000,10965,10966,10965,20
2019-04-22,15:07:17.413000,10965,10966,10965,1
2019-04-22,15:07:17.413000,10965,10966,10965,4
2019-04-22,15:07:17.755000,10964,10965,10964,3
2019-04-22,15:07:17.755000,10964,10965,10964,2
2019-04-22,15:07:17.775000,10964,10965,10964,1
2019-04-22,15:07:17.781000,10964,10965,10964,1
2019-04-22,15:07:17.786000,10964,10965,10964,1
2019-04-22,15:07:18.020000,10963,10964,10964,1
2019-04-22,15:07:19.729000,10963,10964,10963,1
2019-04-22,15:07:19.783000,10963,10964,10963,4
2019-04-22,15:07:20.052000,10963,10964,10963,1
2019-04-22,15:07:20.052000,10963,10964,10963,1
2019-04-22,15:07:21.214000,10963,10964,10963,1
2019-04-22,15:07:23.161000,10963,10964,10963,1
2019-04-22,15:07:24.051000,10963,10964,10963,3
2019-04-22,15:07:24.521000,10963,10964,10963,1
2019-04-22,15:07:25.586000,10963,10964,10964,1
2019-04-22,15:07:25.731000,10963,10964,10964,1
2019-04-22,15:07:25.755000,10963,10964,10964,1
2019-04-22,15:07:26.512000,10963,10964,10964,1
2019-04-22,15:07:26.774000,10963,10964,10963,2
2019-04-22,15:07:29.374000,10963,10964,10964,1
2019-04-22,15:07:29.374000,10963,10964,10964,2
2019-04-22,15:07:29.375000,10963,10964,10964,1
2019-04-22,15:07:29.375000,10963,10964,10964,1
2019-04-22,15:07:29.375000,10963,10964,10964,1
2019-04-22,15:07:29.380000,10963,10964,10964,5
2019-04-22,15:07:29.616000,10963,10965,10964,2
2019-04-22,15:07:29.840000,10964,10965,10964,1
2019-04-22,15:07:29.902000,10964,10965,10964,1
2019-04-22,15:07:35.575000,10964,10965,10965,1
2019-04-22,15:07:37.053000,10964,10965,10965,1
2019-04-22,15:07:42.581000,10964,10965,10965,4
2019-04-22,15:07:42.630000,10964,10965,10965,4
2019-04-22,15:07:42.674000,10964,10965,10965,1
2019-04-22,15:07:42.709000,10964,10965,10965,1
2019-04-22,15:07:42.728000,10964,10965,10965,1
2019-04-22,15:07:42.755000,10964,10965,10965,5
2019-04-22,15:07:42.880000,10965,10966,10965,18
2019-04-22,15:07:56.080000,10965,10966,10966,1
2019-04-22,15:07:56.081000,10965,10966,10966,4
2019-04-22,15:07:56.081000,10965,10966,10966,2
2019-04-22,15:07:56.081000,10965,10966,10966,2
2019-04-22,15:08:06.091000,10965,10966,10965,2
2019-04-22,15:08:07.009000,10965,10966,10966,2
2019-04-22,15:08:07.132000,10965,10966,10966,9
2019-04-22,15:08:07.974000,10966,10967,10966,1
2019-04-22,15:08:07.986000,10966,10967,10966,1
2019-04-22,15:08:11.221000,10966,10967,10966,1
2019-04-22,15:08:14.039000,10966,10967,10966,1
2019-04-22,15:08:15.976000,10966,10967,10966,2
2019-04-22,15:08:16.373000,10966,10967,10966,1
2019-04-22,15:08:16.959000,10966,10967,10966,1
2019-04-22,15:08:18.306000,10966,10967,10967,1
2019-04-22,15:08:19.003000,10966,10967,10966,2
2019-04-22,15:08:22.002000,10966,10967,10966,1
2019-04-22,15:08:22.910000,10966,10967,10966,1
2019-04-22,15:08:25.232000,10966,10967,10967,4
2019-04-22,15:08:27.504000,10966,10967,10967,9
2019-04-22,15:08:29.903000,10967,10968,10967,10
2019-04-22,15:08:29.903000,10967,10968,10967,2
2019-04-22,15:08:29.905000,10967,10968,10967,1
2019-04-22,15:08:32.996000,10967,10968,10967,2
2019-04-22,15:08:39.234000,10967,10968,10967,2
2019-04-22,15:08:39.255000,10966,10967,10967,1
2019-04-22,15:08:39.632000,10967,10968,10967,3
2019-04-22,15:08:40.255000,10966,10967,10967,1
2019-04-22,15:08:41.186000,10967,10968,10967,3
2019-04-22,15:08:52.128000,10966,10967,10967,1
2019-04-22,15:08:52.130000,10966,10967,10967,1
2019-04-22,15:08:52.255000,10966,10967,10967,1
2019-04-22,15:08:52.313000,10966,10967,10967,1
2019-04-22,15:08:52.380000,10966,10967,10967,2
2019-04-22,15:09:00.637000,10967,10968,10967,2
2019-04-22,15:09:10.659000,10967,10968,10968,1
2019-04-22,15:09:15.444000,10967,10968,10968,1
2019-04-22,15:09:16.697000,10967,10968,10967,1
2019-04-22,15:09:25.425000,10967,10968,10968,1
2019-04-22,15:09:31.117000,10967,10968,10968,1
2019-04-22,15:09:33.789000,10967,10968,10967,1
2019-04-22,15:09:34.331000,10967,10968,10967,5
2019-04-22,15:09:36.355000,10967,10968,10967,1
2019-04-22,15:09:36.380000,10967,10968,10967,1
2019-04-22,15:09:36.438000,10967,10968,10967,1
2019-04-22,15:09:36.439000,10967,10968,10967,1
2019-04-22,15:09:36.441000,10967,10968,10967,1
2019-04-22,15:09:36.442000,10967,10968,10967,1
2019-04-22,15:09:36.443000,10967,10968,10967,1
2019-04-22,15:09:36.467000,10967,10968,10967,2
2019-04-22,15:09:36.467000,10967,10968,10967,2
2019-04-22,15:09:36.467000,10967,10968,10967,1
2019-04-22,15:09:36.489000,10967,10968,10968,1
2019-04-22,15:09:36.505000,10966,10968,10967,1
2019-04-22,15:09:36.505000,10966,10968,10967,1
2019-04-22,15:09:52.656000,10966,10967,10966,2
2019-04-22,15:09:53.737000,10966,10967,10966,5
2019-04-22,15:09:55.123000,10966,10967,10966,1
2019-04-22,15:09:57.364000,10966,10967,10966,1
2019-04-22,15:09:57.447000,10966,10967,10966,2
2019-04-22,15:10:16.355000,10966,10967,10966,2
2019-04-22,15:10:19.315000,10966,10967,10966,1
2019-04-22,15:10:23.458000,10966,10967,10966,2
2019-04-22,15:10:35.626000,10966,10967,10966,1
2019-04-22,15:10:43.745000,10966,10967,10966,2
2019-04-22,15:10:45.118000,10966,10967,10966,3
2019-04-22,15:10:45.679000,10966,10967,10966,3
2019-04-22,15:10:45.690000,10966,10967,10966,1
2019-04-22,15:10:48.952000,10966,10967,10966,2
2019-04-22,15:10:49.507000,10966,10967,10966,1
2019-04-22,15:10:49.630000,10965,10966,10966,2
2019-04-22,15:10:55.525000,10966,10967,10966,2
2019-04-22,15:11:03.469000,10966,10967,10966,2
2019-04-22,15:11:03.505000,10965,10966,10966,2
2019-04-22,15:11:04.005000,10965,10966,10966,3
2019-04-22,15:11:06.911000,10966,10967,10966,2
2019-04-22,15:11:09.095000,10966,10967,10966,1
2019-04-22,15:11:14.045000,10966,10967,10966,3
2019-04-22,15:11:20.115000,10966,10967,10966,1
2019-04-22,15:11:25.505000,10966,10967,10966,8
2019-04-22,15:11:26.444000,10966,10967,10966,3
2019-04-22,15:11:26.854000,10965,10966,10966,5
2019-04-22,15:11:29.698000,10965,10966,10966,1
2019-04-22,15:11:31.983000,10965,10966,10965,25
2019-04-22,15:11:34.612000,10965,10966,10966,1
2019-04-22,15:11:37.760000,10965,10966,10965,1
2019-04-22,15:11:37.938000,10965,10966,10965,3
2019-04-22,15:11:38.787000,10964,10966,10966,29
2019-04-22,15:11:38.787000,10964,10966,10967,5
2019-04-22,15:11:40.776000,10965,10966,10965,1
2019-04-22,15:11:46.453000,10965,10966,10965,1
2019-04-22,15:11:51.301000,10965,10966,10966,1
2019-04-22,15:11:51.301000,10965,10966,10966,1
2019-04-22,15:11:51.380000,10965,10966,10966,2
2019-04-22,15:11:51.423000,10965,10966,10966,1
2019-04-22,15:11:52.386000,10966,10967,10966,1
2019-04-22,15:11:53.197000,10966,10967,10966,1
2019-04-22,15:11:56.504000,10966,10967,10966,1
2019-04-22,15:12:08.977000,10966,10967,10966,1
2019-04-22,15:12:32.538000,10966,10967,10966,1
2019-04-22,15:12:34.748000,10966,10967,10966,5
2019-04-22,15:12:34.873000,10966,10967,10966,5
2019-04-22,15:12:34.998000,10966,10967,10966,5
2019-04-22,15:12:35.120000,10966,10967,10966,5
2019-04-22,15:12:36.108000,10966,10967,10966,2
2019-04-22,15:12:36.406000,10966,10967,10966,1
2019-04-22,15:12:36.505000,10965,10966,10966,1
2019-04-22,15:12:44.055000,10966,10967,10966,5
2019-04-22,15:13:01.872000,10966,10967,10966,1
2019-04-22,15:13:09.876000,10966,10967,10966,1
2019-04-22,15:13:13.040000,10966,10967,10966,2
2019-04-22,15:13:16.856000,10966,10967,10966,2
2019-04-22,15:13:31.076000,10966,10967,10966,3
2019-04-22,15:13:34.414000,10966,10967,10966,1
2019-04-22,15:13:42.321000,10966,10967,10966,1
2019-04-22,15:14:04.516000,10966,10967,10966,5
2019-04-22,15:14:04.620000,10966,10967,10966,1
2019-04-22,15:14:21.222000,10965,10966,10966,1
2019-04-22,15:14:23.029000,10965,10966,10965,25
2019-04-22,15:14:30.021000,10965,10966,10965,10
2019-04-22,15:14:31.415000,10964,10965,10964,1
2019-04-22,15:14:44.456000,10964,10965,10964,2
2019-04-22,15:14:47.472000,10964,10965,10965,1
2019-04-22,15:14:58.834000,10964,10965,10965,2
2019-04-22,15:14:58.834000,10964,10965,10965,1
2019-04-22,15:15:01.255000,10964,10965,10965,1
2019-04-22,15:15:01.255000,10964,10965,10965,3
2019-04-22,15:15:01.255000,10964,10965,10965,15
2019-04-22,15:15:01.496000,10964,10966,10965,2
2019-04-22,15:15:01.663000,10965,10966,10965,5
2019-04-22,15:15:01.795000,10965,10966,10965,5
2019-04-22,15:15:01.908000,10965,10966,10965,5
2019-04-22,15:15:02.037000,10965,10966,10965,5
2019-04-22,15:15:05.416000,10964,10965,10964,1
2019-04-22,15:15:07.377000,10964,10965,10965,1
2019-04-22,15:15:09.722000,10964,10965,10965,1
2019-04-22,15:15:10.950000,10964,10965,10965,1
2019-04-22,15:15:11.003000,10964,10965,10965,1
2019-04-22,15:15:11.302000,10964,10965,10965,1
2019-04-22,15:15:11.380000,10964,10965,10965,1
2019-04-22,15:15:13.304000,10964,10965,10965,2
2019-04-22,15:15:14.995000,10964,10965,10965,2
2019-04-22,15:15:18.472000,10964,10965,10965,2
2019-04-22,15:15:19.712000,10964,10965,10965,4
2019-04-22,15:15:19.755000,10964,10965,10965,1
2019-04-22,15:15:19.880000,10964,10965,10965,1
2019-04-22,15:15:19.880000,10964,10965,10965,2
2019-04-22,15:15:20.123000,10965,10966,10965,5
2019-04-22,15:15:20.142000,10965,10966,10965,1
2019-04-22,15:15:20.974000,10965,10966,10965,1
2019-04-22,15:15:25.266000,10965,10966,10965,1
2019-04-22,15:15:30.284000,10965,10966,10965,2
2019-04-22,15:15:30.774000,10965,10966,10965,1
2019-04-22,15:15:33.123000,10965,10966,10965,1
2019-04-22,15:15:36.246000,10965,10966,10965,2
2019-04-22,15:15:36.742000,10965,10966,10965,1
2019-04-22,15:15:40.088000,10965,10966,10965,1
2019-04-22,15:15:43.605000,10965,10966,10966,1
2019-04-22,15:15:46.692000,10965,10966,10965,5
2019-04-22,15:15:50.995000,10964,10965,10965,1
2019-04-22,15:16:02.152000,10965,10966,10966,5
2019-04-22,15:16:06.778000,10965,10966,10966,1
2019-04-22,15:16:06.871000,10965,10966,10965,5
2019-04-22,15:16:07.005000,10965,10966,10965,5
2019-04-22,15:16:07.121000,10965,10966,10965,5
2019-04-22,15:16:12.853000,10965,10966,10965,1
2019-04-22,15:16:18.549000,10965,10966,10965,2
2019-04-22,15:16:30.918000,10964,10966,10964,3
2019-04-22,15:16:49.322000,10964,10965,10964,1
2019-04-22,15:16:50.069000,10964,10965,10964,19
2019-04-22,15:16:53.067000,10964,10965,10964,1
2019-04-22,15:16:53.767000,10964,10965,10964,2
2019-04-22,15:16:54.622000,10964,10965,10964,1
2019-04-22,15:16:54.642000,10964,10965,10965,2
2019-04-22,15:16:55.635000,10964,10965,10964,2
2019-04-22,15:16:58.203000,10964,10965,10965,3
2019-04-22,15:17:02.917000,10964,10965,10965,4
2019-04-22,15:17:15.354000,10964,10965,10964,1
2019-04-22,15:17:17.503000,10964,10965,10964,1
2019-04-22,15:17:18.769000,10964,10965,10965,3
2019-04-22,15:17:21.247000,10964,10965,10965,4
2019-04-22,15:17:27.445000,10964,10965,10965,2
2019-04-22,15:17:31.602000,10964,10965,10965,1
2019-04-22,15:17:37.656000,10964,10965,10965,10
2019-04-22,15:17:40.638000,10964,10965,10964,1
2019-04-22,15:17:50.712000,10964,10965,10964,5
2019-04-22,15:17:54.605000,10964,10965,10965,10
2019-04-22,15:17:55.050000,10964,10965,10964,1
2019-04-22,15:18:03.062000,10964,10965,10965,3
2019-04-22,15:18:07.693000,10964,10965,10965,1
2019-04-22,15:18:08.222000,10964,10965,10965,1
2019-04-22,15:18:09.005000,10964,10965,10965,1
2019-04-22,15:18:18.080000,10964,10965,10965,4
2019-04-22,15:18:22.695000,10964,10965,10965,1
2019-04-22,15:18:25.429000,10964,10965,10964,2
2019-04-22,15:18:27.755000,10964,10965,10964,2
2019-04-22,15:18:33.301000,10964,10965,10965,1
2019-04-22,15:18:37.915000,10964,10965,10964,4
2019-04-22,15:18:39.293000,10964,10965,10964,4
2019-04-22,15:18:45.489000,10964,10965,10964,1
2019-04-22,15:18:46.366000,10964,10965,10964,1
2019-04-22,15:18:46.380000,10964,10965,10964,1
2019-04-22,15:18:48.293000,10964,10965,10964,2
2019-04-22,15:18:48.293000,10964,10965,10964,1
2019-04-22,15:18:49.194000,10964,10965,10964,3
2019-04-22,15:18:49.194000,10964,10965,10964,1
2019-04-22,15:18:49.418000,10964,10965,10964,5
2019-04-22,15:18:49.505000,10964,10965,10964,1
2019-04-22,15:18:49.505000,10964,10965,10964,2
2019-04-22,15:18:49.539000,10964,10965,10964,3
2019-04-22,15:18:49.549000,10964,10965,10963,1
2019-04-22,15:18:51.968000,10963,10964,10963,1
2019-04-22,15:18:56.274000,10963,10964,10963,1
2019-04-22,15:18:56.339000,10963,10964,10963,1
2019-04-22,15:18:56.777000,10963,10964,10963,1
2019-04-22,15:19:01.779000,10963,10964,10963,2
2019-04-22,15:19:07.639000,10963,10964,10964,1
2019-04-22,15:19:11.384000,10963,10964,10963,1
2019-04-22,15:19:11.666000,10963,10964,10964,1
2019-04-22,15:19:13.178000,10963,10964,10963,1
2019-04-22,15:19:16.727000,10963,10964,10964,1
2019-04-22,15:19:24.858000,10963,10964,10964,2
2019-04-22,15:19:27.850000,10963,10964,10964,2
2019-04-22,15:19:28.024000,10963,10964,10963,1
2019-04-22,15:19:32.970000,10963,10964,10963,1
2019-04-22,15:19:38.711000,10963,10964,10964,1
2019-04-22,15:19:40.398000,10963,10964,10964,1
2019-04-22,15:19:40.770000,10963,10964,10963,1
2019-04-22,15:19:41.311000,10963,10964,10963,1
2019-04-22,15:19:45.115000,10963,10964,10963,1
2019-04-22,15:19:55.570000,10963,10964,10963,2
2019-04-22,15:19:55.716000,10963,10964,10963,1
2019-04-22,15:19:55.855000,10963,10964,10963,1
2019-04-22,15:19:56.511000,10963,10964,10963,5
2019-04-22,15:19:56.634000,10963,10964,10963,5
2019-04-22,15:19:56.766000,10963,10964,10963,5
2019-04-22,15:19:56.880000,10963,10964,10963,3
2019-04-22,15:19:57.005000,10963,10964,10963,8
2019-04-22,15:20:02.978000,10962,10963,10963,1
2019-04-22,15:20:03.384000,10962,10963,10962,1
2019-04-22,15:20:08.130000,10962,10963,10963,1
2019-04-22,15:20:08.198000,10962,10963,10963,1
2019-04-22,15:20:11.714000,10962,10963,10963,1
2019-04-22,15:20:13.603000,10962,10963,10963,1
2019-04-22,15:20:35.668000,10962,10963,10963,1
2019-04-22,15:20:40.621000,10962,10963,10963,1
2019-04-22,15:20:55.755000,10962,10963,10963,1
2019-04-22,15:21:20.275000,10962,10963,10962,1
2019-04-22,15:21:23.144000,10962,10963,10962,1
2019-04-22,15:21:30.114000,10962,10963,10963,23
2019-04-22,15:21:30.280000,10963,10964,10963,5
2019-04-22,15:21:36.164000,10963,10964,10963,1
2019-04-22,15:21:45.648000,10963,10964,10963,1
2019-04-22,15:21:54.880000,10963,10964,10964,1
2019-04-22,15:21:55.005000,10963,10964,10964,1
2019-04-22,15:21:55.130000,10963,10964,10964,1
2019-04-22,15:21:55.177000,10963,10964,10964,1
2019-04-22,15:21:55.255000,10963,10964,10964,1
2019-04-22,15:21:55.380000,10963,10964,10964,5
2019-04-22,15:21:59.237000,10964,10965,10964,1
2019-04-22,15:21:59.845000,10964,10965,10964,1
2019-04-22,15:22:03.525000,10964,10965,10964,1
2019-04-22,15:22:03.802000,10964,10965,10965,1
2019-04-22,15:22:19.168000,10964,10965,10965,1
2019-04-22,15:22:19.350000,10964,10965,10965,1
2019-04-22,15:22:19.768000,10964,10965,10965,2
2019-04-22,15:22:19.880000,10964,10965,10965,5
2019-04-22,15:22:31.203000,10965,10966,10965,1
2019-04-22,15:22:57.130000,10964,10965,10965,1
2019-04-22,15:23:01.976000,10965,10966,10965,1
2019-04-22,15:23:06.210000,10965,10966,10965,1
2019-04-22,15:23:14.188000,10965,10966,10965,5
2019-04-22,15:23:14.293000,10965,10966,10965,5
2019-04-22,15:23:14.427000,10965,10966,10965,2
2019-04-22,15:23:33.268000,10964,10965,10965,1
2019-04-22,15:23:44.547000,10964,10965,10965,1
2019-04-22,15:23:49.253000,10964,10965,10965,1
2019-04-22,15:23:50.605000,10964,10965,10965,1
2019-04-22,15:23:51.956000,10964,10965,10965,1
2019-04-22,15:23:54.630000,10964,10965,10965,1
2019-04-22,15:23:54.755000,10964,10965,10965,1
2019-04-22,15:23:54.755000,10964,10965,10965,1
2019-04-22,15:23:54.755000,10964,10965,10965,1
2019-04-22,15:23:54.880000,10964,10965,10965,1
2019-04-22,15:23:54.880000,10964,10965,10965,1
2019-04-22,15:23:55.130000,10964,10965,10965,1
2019-04-22,15:24:03.420000,10964,10965,10965,1
2019-04-22,15:24:22.361000,10964,10965,10965,1
2019-04-22,15:24:32.382000,10964,10965,10965,1
2019-04-22,15:24:34.858000,10964,10965,10965,1
2019-04-22,15:24:39.652000,10964,10965,10965,1
2019-04-22,15:25:35.954000,10965,10966,10966,19
2019-04-22,15:25:38.997000,10965,10966,10966,1
2019-04-22,15:25:42.280000,10965,10966,10966,1
2019-04-22,15:25:45.900000,10965,10966,10966,2
2019-04-22,15:25:46.036000,10966,10967,10966,1
2019-04-22,15:25:46.324000,10966,10967,10966,1
2019-04-22,15:25:50.945000,10966,10967,10966,1
2019-04-22,15:25:54.146000,10966,10967,10966,1
2019-04-22,15:25:59.414000,10966,10967,10966,1
2019-04-22,15:26:31.517000,10966,10967,10967,3
2019-04-22,15:26:31.657000,10966,10967,10967,1
2019-04-22,15:26:31.852000,10966,10967,10967,1
2019-04-22,15:26:33.636000,10966,10967,10966,2
2019-04-22,15:27:18.861000,10966,10967,10966,5
2019-04-22,15:27:19.406000,10966,10967,10966,2
2019-04-22,15:27:19.429000,10966,10967,10966,6
2019-04-22,15:27:19.430000,10966,10967,10966,4
2019-04-22,15:27:19.430000,10966,10967,10965,5
2019-04-22,15:27:19.474000,10966,10967,10965,2
2019-04-22,15:27:19.529000,10965,10967,10965,7
2019-04-22,15:27:19.619000,10965,10967,10965,3
2019-04-22,15:27:19.633000,10965,10966,10966,2
2019-04-22,15:27:19.679000,10965,10966,10965,2
2019-04-22,15:27:19.727000,10965,10966,10965,2
2019-04-22,15:27:19.824000,10965,10966,10965,2
2019-04-22,15:27:19.828000,10965,10966,10965,1
2019-04-22,15:27:19.830000,10965,10966,10965,2
2019-04-22,15:27:19.838000,10965,10966,10965,2
2019-04-22,15:27:19.931000,10965,10966,10965,1
2019-04-22,15:27:19.931000,10965,10966,10964,2
2019-04-22,15:27:19.981000,10965,10966,10964,2
2019-04-22,15:27:19.993000,10965,10966,10964,5
2019-04-22,15:27:19.993000,10965,10966,10964,3
2019-04-22,15:27:20.001000,10965,10966,10964,2
2019-04-22,15:27:20.003000,10965,10966,10964,2
2019-04-22,15:27:26.030000,10964,10965,10965,1
2019-04-22,15:27:28.957000,10964,10965,10965,4
2019-04-22,15:27:30.002000,10964,10965,10965,1
2019-04-22,15:27:45.885000,10964,10966,10964,1
2019-04-22,15:27:50.103000,10965,10966,10965,1
2019-04-22,15:27:58.079000,10964,10966,10964,1
2019-04-22,15:28:07.698000,10964,10965,10965,2
2019-04-22,15:28:07.919000,10964,10965,10965,1
2019-04-22,15:28:10.273000,10964,10965,10965,2
2019-04-22,15:28:14.895000,10965,10966,10965,1
2019-04-22,15:28:21.873000,10965,10966,10965,1
2019-04-22,15:28:26.720000,10965,10966,10965,5
2019-04-22,15:28:27.976000,10965,10966,10966,1
2019-04-22,15:28:28.116000,10965,10966,10965,1
2019-04-22,15:28:39.343000,10965,10966,10965,2
2019-04-22,15:28:54.582000,10965,10966,10965,5
2019-04-22,15:29:02.266000,10965,10966,10966,6
2019-04-22,15:29:02.505000,10965,10966,10966,2
2019-04-22,15:29:02.507000,10965,10966,10966,7
2019-04-22,15:29:02.630000,10965,10966,10966,4
2019-04-22,15:29:02.757000,10966,10967,10967,4
2019-04-22,15:29:15.269000,10966,10967,10967,1
2019-04-22,15:29:27.941000,10966,10967,10967,1
2019-04-22,15:29:30.499000,10966,10967,10967,1
2019-04-22,15:29:32.400000,10966,10967,10967,1
2019-04-22,15:29:42.468000,10966,10967,10967,1
2019-04-22,15:30:02.998000,10966,10967,10966,1
2019-04-22,15:30:03.610000,10966,10967,10966,1
2019-04-22,15:30:11.275000,10966,10967,10966,1
2019-04-22,15:30:27.987000,10966,10967,10966,1
2019-04-22,15:30:34.055000,10966,10967,10967,1
2019-04-22,15:30:36.055000,10966,10967,10967,9
2019-04-22,15:30:36.130000,10966,10967,10967,8
2019-04-22,15:30:36.130000,10966,10967,10967,3
2019-04-22,15:30:36.257000,10966,10967,10967,6
2019-04-22,15:30:37.416000,10966,10968,10968,1
2019-04-22,15:30:43.093000,10967,10968,10967,2
2019-04-22,15:31:06.417000,10967,10968,10968,1
2019-04-22,15:31:08.973000,10967,10968,10967,1
2019-04-22,15:31:22.839000,10967,10968,10967,1
2019-04-22,15:32:08.244000,10967,10968,10967,1
2019-04-22,15:32:09.246000,10967,10968,10967,1
2019-04-22,15:32:10.048000,10967,10968,10967,3
2019-04-22,15:32:11.988000,10967,10968,10967,1
2019-04-22,15:32:11.988000,10967,10968,10967,2
2019-04-22,15:32:11.988000,10967,10968,10967,1
2019-04-22,15:32:11.988000,10967,10968,10967,1
2019-04-22,15:32:11.988000,10967,10968,10967,1
2019-04-22,15:32:11.988000,10967,10968,10967,2
2019-04-22,15:32:11.989000,10967,10968,10967,1
2019-04-22,15:32:11.989000,10967,10968,10967,1
2019-04-22,15:32:11.994000,10967,10968,10967,1
2019-04-22,15:32:11.994000,10967,10968,10967,1
2019-04-22,15:32:17.871000,10966,10967,10967,1
2019-04-22,15:32:23.258000,10966,10967,10967,1
2019-04-22,15:32:33.625000,10966,10967,10967,1
2019-04-22,15:32:33.932000,10966,10967,10967,23
2019-04-22,15:33:00.372000,10967,10968,10967,1
2019-04-22,15:33:00.374000,10967,10968,10967,1
2019-04-22,15:33:00.375000,10967,10968,10967,2
2019-04-22,15:33:00.375000,10967,10968,10967,1
2019-04-22,15:33:00.375000,10967,10968,10967,1
2019-04-22,15:33:00.375000,10967,10968,10967,1
2019-04-22,15:33:00.376000,10967,10968,10967,1
2019-04-22,15:33:00.381000,10967,10968,10967,1
2019-04-22,15:33:00.381000,10967,10968,10967,2
2019-04-22,15:33:00.381000,10967,10968,10967,3
2019-04-22,15:33:03.599000,10966,10967,10967,1
2019-04-22,15:33:08.661000,10966,10967,10967,3
2019-04-22,15:33:08.755000,10967,10968,10967,1
2019-04-22,15:33:11.754000,10967,10968,10967,1
2019-04-22,15:33:12.256000,10966,10967,10967,1
2019-04-22,15:33:15.427000,10967,10968,10967,1
2019-04-22,15:33:37.135000,10967,10968,10967,1
2019-04-22,15:33:38.108000,10967,10968,10967,1
2019-04-22,15:33:40.677000,10967,10968,10967,1
2019-04-22,15:33:48.379000,10967,10968,10967,1
2019-04-22,15:33:49.084000,10967,10968,10967,1
2019-04-22,15:33:51.932000,10967,10968,10967,1
2019-04-22,15:34:00.924000,10966,10967,10967,1
2019-04-22,15:34:02.657000,10967,10968,10967,1
2019-04-22,15:34:13.613000,10966,10967,10967,1
2019-04-22,15:34:24.206000,10966,10967,10967,2
2019-04-22,15:34:53.042000,10967,10968,10967,4
2019-04-22,15:34:57.386000,10966,10967,10967,1
2019-04-22,15:35:12.966000,10966,10967,10966,1
2019-04-22,15:35:15.966000,10966,10967,10967,1
2019-04-22,15:35:48.941000,10966,10967,10967,1
2019-04-22,15:35:50.606000,10966,10967,10967,1
2019-04-22,15:36:39.689000,10966,10967,10967,1
2019-04-22,15:37:02.369000,10966,10967,10967,1
2019-04-22,15:37:22.160000,10966,10967,10967,2
2019-04-22,15:37:25.132000,10966,10967,10967,10
2019-04-22,15:37:25.255000,10966,10967,10967,3
2019-04-22,15:38:12.149000,10967,10968,10967,1
2019-04-22,15:38:15.295000,10967,10968,10967,1
2019-04-22,15:38:28.052000,10967,10968,10967,2
2019-04-22,15:38:32.937000,10967,10968,10967,3
2019-04-22,15:38:58.158000,10966,10967,10967,1
2019-04-22,15:38:58.158000,10966,10967,10968,2
2019-04-22,15:38:58.172000,10966,10967,10968,3
2019-04-22,15:39:11.687000,10966,10968,10966,49
2019-04-22,15:39:11.755000,10965,10966,10966,1
2019-04-22,15:39:11.939000,10966,10967,10966,1
2019-04-22,15:39:25.713000,10966,10967,10966,3
2019-04-22,15:39:25.764000,10966,10967,10966,3
2019-04-22,15:39:56.646000,10966,10967,10966,1
2019-04-22,15:40:02.058000,10966,10967,10966,5
2019-04-22,15:40:02.243000,10966,10967,10966,2
2019-04-22,15:40:02.383000,10966,10967,10966,2
2019-04-22,15:40:02.427000,10966,10967,10966,2
2019-04-22,15:40:11.252000,10966,10967,10966,3
2019-04-22,15:40:11.252000,10966,10967,10965,47
2019-04-22,15:40:11.255000,10965,10966,10965,9
2019-04-22,15:40:11.303000,10965,10966,10965,1
2019-04-22,15:40:11.308000,10965,10966,10964,1
2019-04-22,15:40:50.026000,10964,10965,10965,1
2019-04-22,15:40:54.464000,10964,10965,10965,1
2019-04-22,15:41:04.735000,10964,10965,10965,1
2019-04-22,15:41:12.306000,10964,10965,10964,5
2019-04-22,15:41:13.296000,10964,10965,10965,1
2019-04-22,15:41:54.410000,10964,10965,10965,1
2019-04-22,15:41:57.555000,10964,10965,10965,1
2019-04-22,15:42:25.340000,10964,10965,10965,2
2019-04-22,15:42:26.225000,10964,10965,10964,2
2019-04-22,15:42:26.499000,10964,10965,10965,1
2019-04-22,15:42:34.438000,10964,10965,10965,1
2019-04-22,15:42:44.266000,10964,10965,10965,2
2019-04-22,15:42:46.996000,10964,10965,10965,1
2019-04-22,15:43:13.126000,10964,10965,10964,2
2019-04-22,15:43:22.018000,10964,10965,10965,1
2019-04-22,15:43:33.444000,10964,10965,10965,1
2019-04-22,15:43:36.864000,10964,10965,10965,1
2019-04-22,15:43:44.102000,10964,10965,10964,5
2019-04-22,15:43:52.634000,10964,10965,10964,1
2019-04-22,15:44:11.635000,10964,10965,10965,1
2019-04-22,15:44:30.497000,10964,10965,10964,1
2019-04-22,15:44:40.653000,10964,10965,10964,1
2019-04-22,15:44:40.876000,10964,10965,10964,1
2019-04-22,15:44:47.569000,10964,10965,10964,1
2019-04-22,15:45:02.028000,10964,10965,10964,1
2019-04-22,15:45:02.352000,10964,10965,10964,1
2019-04-22,15:45:07.361000,10964,10965,10965,2
2019-04-22,15:45:08.867000,10964,10965,10964,1
2019-04-22,15:45:18.250000,10964,10965,10964,1
2019-04-22,15:45:22.606000,10964,10965,10964,1
2019-04-22,15:45:29.689000,10964,10965,10964,1
2019-04-22,15:45:51.142000,10964,10965,10965,1
2019-04-22,15:46:04.554000,10964,10965,10965,1
2019-04-22,15:46:23.835000,10964,10965,10964,2
2019-04-22,15:46:24.940000,10964,10965,10965,1
2019-04-22,15:46:28.914000,10964,10965,10965,1
2019-04-22,15:46:34.204000,10964,10965,10965,1
2019-04-22,15:46:36.747000,10964,10965,10965,1
2019-04-22,15:46:36.747000,10964,10965,10965,9
2019-04-22,15:46:48.342000,10965,10966,10966,1
2019-04-22,15:46:57.083000,10965,10966,10966,1
2019-04-22,15:46:59.741000,10965,10966,10966,1
2019-04-22,15:47:00.459000,10965,10966,10966,1
2019-04-22,15:47:31.552000,10965,10966,10966,1
2019-04-22,15:47:32.137000,10965,10966,10966,4
2019-04-22,15:47:32.324000,10965,10966,10965,1
2019-04-22,15:47:47.132000,10965,10966,10965,6
2019-04-22,15:47:48.092000,10965,10966,10965,2
2019-04-22,15:47:48.329000,10965,10966,10965,1
2019-04-22,15:47:48.900000,10965,10966,10965,1
2019-04-22,15:47:52.930000,10965,10966,10965,1
2019-04-22,15:47:53.005000,10965,10966,10965,1
2019-04-22,15:47:53.199000,10965,10966,10965,1
2019-04-22,15:47:53.255000,10965,10966,10965,2
2019-04-22,15:48:02.364000,10964,10965,10965,6
2019-04-22,15:48:27.724000,10964,10965,10965,1
2019-04-22,15:48:42.942000,10965,10966,10965,3
2019-04-22,15:49:06.331000,10965,10966,10965,1
2019-04-22,15:49:08.290000,10965,10966,10965,1
2019-04-22,15:49:34.951000,10965,10966,10966,3
2019-04-22,15:50:17.065000,10965,10966,10966,1
2019-04-22,15:50:23.430000,10965,10966,10966,1
2019-04-22,15:50:31.266000,10965,10966,10966,1
2019-04-22,15:50:31.934000,10965,10966,10966,1
2019-04-22,15:50:33.359000,10965,10966,10966,5
2019-04-22,15:50:38.095000,10965,10966,10966,1
2019-04-22,15:50:38.130000,10965,10966,10966,1
2019-04-22,15:50:54.201000,10965,10966,10966,1
2019-04-22,15:50:54.698000,10965,10966,10966,2
2019-04-22,15:51:31.431000,10965,10966,10966,2
2019-04-22,15:51:37.522000,10965,10966,10966,2
2019-04-22,15:51:40.180000,10965,10966,10966,1
2019-04-22,15:51:45.566000,10965,10966,10966,2
2019-04-22,15:51:51.086000,10965,10966,10966,3
2019-04-22,15:51:55.832000,10965,10966,10966,1
2019-04-22,15:52:00.740000,10965,10966,10966,1
2019-04-22,15:52:03.457000,10965,10966,10966,1
2019-04-22,15:53:03.632000,10965,10966,10966,6
2019-04-22,15:53:25.915000,10966,10967,10966,1
2019-04-22,15:53:30.863000,10966,10967,10966,1
2019-04-22,15:53:31.113000,10966,10967,10966,1
2019-04-22,15:54:10.794000,10966,10967,10966,1
2019-04-22,15:54:25.022000,10966,10967,10966,1
2019-04-22,15:54:41.412000,10966,10967,10966,2
2019-04-22,15:55:28.792000,10965,10966,10966,1
2019-04-22,15:55:34.254000,10965,10966,10966,2
2019-04-22,15:55:57.786000,10965,10966,10966,1
2019-04-22,15:56:27.611000,10965,10966,10966,1
2019-04-22,15:56:28.365000,10965,10966,10965,1
2019-04-22,15:57:07.953000,10965,10966,10965,1
2019-04-22,15:57:27.770000,10965,10966,10965,1
2019-04-22,15:57:27.874000,10965,10966,10965,1
2019-04-22,15:57:56.717000,10965,10966,10966,1
2019-04-22,15:57:57.175000,10965,10966,10965,1
2019-04-22,15:57:57.803000,10965,10966,10965,2
2019-04-22,15:58:11.943000,10965,10966,10965,5
2019-04-22,15:58:17.711000,10965,10966,10965,1
2019-04-22,15:58:28.001000,10965,10966,10965,1
2019-04-22,15:58:36.587000,10965,10966,10965,2
2019-04-22,15:58:37.151000,10965,10966,10966,1
2019-04-22,15:58:38.502000,10965,10966,10965,1
2019-04-22,15:58:43.303000,10965,10966,10965,1
2019-04-22,15:58:47.096000,10965,10966,10965,1
2019-04-22,15:59:57.638000,10964,10965,10965,1
2019-04-22,15:59:59.652000,10964,10965,10965,2
2019-04-22,16:00:01.138000,10964,10965,10965,2
2019-04-22,16:00:01.376000,10964,10965,10965,2
2019-04-22,16:00:01.618000,10964,10965,10965,2
2019-04-22,16:00:01.723000,10964,10965,10965,1
2019-04-22,16:00:01.762000,10964,10965,10964,1
2019-04-22,16:00:01.864000,10964,10965,10964,2
2019-04-22,16:00:02.190000,10964,10965,10964,6
2019-04-22,16:00:03.499000,10964,10965,10965,1
2019-04-22,16:00:29.526000,10964,10965,10965,1
2019-04-22,16:00:33.051000,10964,10965,10965,5
2019-04-22,16:00:42.540000,10964,10965,10965,1
2019-04-22,16:00:57.982000,10964,10965,10965,1
2019-04-22,16:01:02.109000,10964,10965,10965,3
2019-04-22,16:01:47.880000,10965,10966,10965,2
2019-04-22,16:01:48.005000,10965,10966,10965,1
2019-04-22,16:01:55.144000,10964,10965,10965,1
2019-04-22,16:01:56.447000,10964,10965,10964,2
2019-04-22,16:02:22.049000,10964,10965,10964,1
2019-04-22,16:02:22.082000,10964,10965,10965,1
2019-04-22,16:02:29.496000,10964,10965,10965,1
2019-04-22,16:02:31.832000,10964,10965,10965,1
2019-04-22,16:02:35.349000,10965,10966,10965,1
2019-04-22,16:02:51.293000,10965,10966,10965,1
2019-04-22,16:03:00.458000,10965,10966,10965,1
2019-04-22,16:03:00.767000,10965,10966,10965,1
2019-04-22,16:03:38.209000,10965,10966,10965,1
2019-04-22,16:04:08.699000,10965,10966,10965,1
2019-04-22,16:04:28.609000,10965,10966,10965,4
2019-04-22,16:04:29.993000,10965,10966,10965,1
2019-04-22,16:04:33.700000,10965,10966,10965,1
2019-04-22,16:04:34.258000,10965,10966,10965,1
2019-04-22,16:04:34.887000,10965,10966,10965,1
2019-04-22,16:04:52.752000,10965,10966,10966,3
2019-04-22,16:04:59.824000,10965,10966,10966,1
2019-04-22,16:05:39.482000,10965,10966,10966,1
2019-04-22,16:06:34.243000,10965,10966,10966,1
2019-04-22,16:06:34.255000,10965,10966,10966,1
2019-04-22,16:06:56.017000,10965,10966,10966,2
2019-04-22,16:06:56.932000,10965,10966,10966,1
2019-04-22,16:07:44.030000,10965,10966,10966,2
2019-04-22,16:07:45.114000,10965,10966,10966,2
2019-04-22,16:08:36.527000,10965,10966,10966,1
2019-04-22,16:08:59.914000,10965,10966,10966,2
2019-04-22,16:09:01.697000,10965,10966,10965,1
2019-04-22,16:09:13.713000,10965,10966,10965,1
2019-04-22,16:09:36.677000,10965,10966,10965,5
2019-04-22,16:09:40.259000,10965,10966,10965,5
2019-04-22,16:09:49.475000,10965,10966,10965,1
2019-04-22,16:10:12.728000,10965,10966,10965,1
2019-04-22,16:10:30.088000,10965,10966,10965,1
2019-04-22,16:10:35.909000,10965,10966,10965,1
2019-04-22,16:10:50.520000,10965,10966,10965,1
2019-04-22,16:11:05.369000,10965,10966,10965,1
2019-04-22,16:11:10.259000,10965,10966,10965,1
2019-04-22,16:11:18.856000,10965,10966,10965,1
2019-04-22,16:11:51.878000,10965,10966,10965,1
2019-04-22,16:11:54.922000,10965,10966,10965,1
2019-04-22,16:13:27.387000,10965,10966,10966,40
2019-04-22,16:14:14.747000,10966,10967,10967,1
2019-04-22,16:14:14.882000,10966,10967,10967,9
2019-04-22,16:14:59.499000,10967,10968,10967,1
2019-04-22,16:15:51.496000,10967,10968,10967,6
2019-04-22,16:15:51.907000,10967,10968,10967,2
2019-04-22,16:15:51.920000,10967,10968,10967,2
2019-04-22,16:15:52.881000,10966,10967,10966,1
2019-04-22,16:16:05.341000,10966,10967,10967,5
2019-04-22,16:16:08.266000,10966,10967,10967,1
2019-04-22,16:16:08.268000,10966,10967,10967,1
2019-04-22,16:16:09.359000,10967,10968,10967,1
2019-04-22,16:16:20.432000,10967,10968,10967,1
2019-04-22,16:17:06.673000,10967,10968,10967,1
2019-04-22,16:17:09.078000,10967,10968,10967,1
2019-04-22,16:17:16.485000,10967,10968,10967,1
2019-04-22,16:17:16.485000,10967,10968,10966,1
2019-04-22,16:17:59.939000,10967,10968,10967,1
2019-04-22,16:18:27.005000,10966,10968,10967,1
2019-04-22,16:19:06.016000,10967,10968,10967,2
2019-04-22,16:19:10.951000,10967,10968,10967,1
2019-04-22,16:19:23.033000,10967,10968,10967,3
2019-04-22,16:19:50.149000,10967,10968,10967,1
2019-04-22,16:20:14.059000,10967,10968,10967,1
2019-04-22,16:20:49.061000,10967,10968,10968,40
2019-04-22,16:20:56.648000,10968,10969,10969,1
2019-04-22,16:21:03.588000,10968,10969,10969,1
2019-04-22,16:21:08.996000,10968,10969,10969,1
2019-04-22,16:21:10.308000,10968,10969,10969,1
2019-04-22,16:21:10.996000,10968,10969,10969,2
2019-04-22,16:21:11.007000,10968,10969,10969,3
2019-04-22,16:21:11.132000,10968,10969,10969,17
2019-04-22,16:21:11.380000,10969,10970,10969,2
2019-04-22,16:21:14.130000,10969,10970,10969,1
2019-04-22,16:21:14.639000,10969,10970,10970,1
2019-04-22,16:21:14.808000,10969,10970,10970,1
2019-04-22,16:21:18.918000,10969,10970,10969,1
2019-04-22,16:21:19.005000,10969,10970,10969,1
2019-04-22,16:21:20.005000,10969,10970,10969,1
2019-04-22,16:21:20.255000,10969,10970,10969,1
2019-04-22,16:21:21.254000,10968,10969,10969,1
2019-04-22,16:21:21.464000,10968,10969,10969,1
2019-04-22,16:21:22.076000,10968,10969,10969,1
2019-04-22,16:21:26.570000,10968,10969,10969,1
2019-04-22,16:21:30.799000,10968,10969,10969,1
2019-04-22,16:21:52.103000,10968,10969,10969,1
2019-04-22,16:21:56.289000,10968,10969,10969,1
2019-04-22,16:22:03.664000,10968,10969,10969,1
2019-04-22,16:22:04.095000,10968,10969,10969,5
2019-04-22,16:22:04.095000,10968,10969,10970,95
2019-04-22,16:22:04.096000,10968,10969,10970,3
2019-04-22,16:22:04.131000,10970,10971,10970,4
2019-04-22,16:22:04.131000,10970,10971,10971,5
2019-04-22,16:22:04.139000,10970,10971,10970,2
2019-04-22,16:22:04.427000,10970,10971,10971,1
2019-04-22,16:22:04.543000,10970,10971,10971,1
2019-04-22,16:22:06.635000,10970,10971,10971,2
2019-04-22,16:22:12.302000,10970,10971,10971,3
2019-04-22,16:22:13.701000,10970,10971,10971,3
2019-04-22,16:22:15.658000,10970,10971,10971,3
2019-04-22,16:22:16.512000,10970,10971,10971,1
2019-04-22,16:22:16.755000,10971,10972,10971,2
2019-04-22,16:22:18.012000,10970,10971,10971,3
2019-04-22,16:22:18.269000,10970,10971,10971,1
2019-04-22,16:22:18.816000,10971,10972,10971,1
2019-04-22,16:22:21.372000,10971,10972,10972,5
2019-04-22,16:22:21.403000,10971,10972,10972,7
2019-04-22,16:22:21.411000,10971,10972,10972,1
2019-04-22,16:22:21.452000,10971,10972,10972,1
2019-04-22,16:22:24.773000,10971,10972,10972,3
2019-04-22,16:22:26.311000,10971,10972,10972,1
2019-04-22,16:22:26.527000,10971,10972,10972,2
2019-04-22,16:22:33.171000,10971,10972,10971,1
2019-04-22,16:22:33.497000,10971,10972,10972,1
2019-04-22,16:22:35.336000,10971,10972,10972,1
2019-04-22,16:22:37.266000,10971,10972,10972,2
2019-04-22,16:22:39.942000,10971,10972,10972,1
2019-04-22,16:22:42.445000,10971,10972,10971,2
2019-04-22,16:22:47.600000,10971,10972,10972,2
2019-04-22,16:22:54.653000,10971,10972,10972,1
2019-04-22,16:22:56.309000,10971,10972,10972,1
2019-04-22,16:22:56.435000,10971,10972,10972,5
2019-04-22,16:23:02.278000,10971,10972,10972,2
2019-04-22,16:23:03.048000,10971,10972,10972,5
2019-04-22,16:23:03.093000,10971,10972,10972,4
2019-04-22,16:23:03.093000,10971,10972,10973,1
2019-04-22,16:23:03.131000,10972,10973,10972,2
2019-04-22,16:23:04.735000,10971,10973,10971,2
2019-04-22,16:23:06.042000,10971,10972,10972,1
2019-04-22,16:23:06.348000,10971,10972,10972,1
2019-04-22,16:23:07.400000,10971,10972,10972,1
2019-04-22,16:23:07.578000,10971,10972,10972,1
2019-04-22,16:23:17.800000,10971,10972,10972,1
2019-04-22,16:23:22.372000,10971,10972,10972,1
2019-04-22,16:23:31.267000,10971,10972,10971,1
2019-04-22,16:23:43.104000,10971,10972,10972,5
2019-04-22,16:23:46.258000,10971,10972,10971,3
2019-04-22,16:23:50.807000,10971,10972,10972,2
2019-04-22,16:23:53.124000,10971,10972,10971,4
2019-04-22,16:23:55.156000,10971,10972,10972,1
2019-04-22,16:24:00.123000,10971,10972,10971,1
2019-04-22,16:24:00.749000,10971,10972,10972,1
2019-04-22,16:24:04.524000,10971,10972,10972,5
2019-04-22,16:24:09.381000,10971,10972,10972,1
2019-04-22,16:24:09.837000,10971,10972,10972,1
2019-04-22,16:24:23.865000,10971,10972,10972,1
2019-04-22,16:24:31.482000,10971,10972,10972,1
2019-04-22,16:24:35.842000,10971,10972,10972,5
2019-04-22,16:24:38.090000,10971,10972,10972,1
2019-04-22,16:24:48.758000,10971,10972,10972,1
2019-04-22,16:24:49.751000,10971,10972,10972,1
2019-04-22,16:25:02.651000,10971,10972,10972,1
2019-04-22,16:25:03.629000,10971,10972,10972,1
2019-04-22,16:25:03.638000,10971,10972,10972,1
2019-04-22,16:25:03.746000,10971,10972,10972,9
2019-04-22,16:25:03.747000,10971,10972,10972,4
2019-04-22,16:25:03.747000,10971,10972,10972,3
2019-04-22,16:25:03.747000,10971,10972,10972,3
2019-04-22,16:25:03.755000,10971,10972,10972,2
2019-04-22,16:25:11.790000,10971,10972,10972,1
2019-04-22,16:25:13.342000,10971,10972,10972,1
2019-04-22,16:25:14.395000,10971,10972,10972,1
2019-04-22,16:25:14.698000,10971,10972,10972,1
2019-04-22,16:25:15.746000,10971,10972,10972,1
2019-04-22,16:25:16.807000,10971,10972,10972,1
2019-04-22,16:25:32.978000,10972,10973,10972,1
2019-04-22,16:25:34.503000,10972,10973,10972,2
2019-04-22,16:25:34.503000,10972,10973,10971,2
2019-04-22,16:25:39.935000,10971,10972,10971,1
2019-04-22,16:26:05.668000,10971,10972,10971,1
2019-04-22,16:26:12.250000,10971,10972,10971,2
2019-04-22,16:26:14.807000,10971,10972,10972,7
2019-04-22,16:26:14.807000,10971,10972,10973,53
2019-04-22,16:26:14.881000,10972,10973,10973,12
2019-04-22,16:26:15.005000,10973,10974,10974,5
2019-04-22,16:26:15.180000,10973,10974,10974,2
2019-04-22,16:26:15.439000,10973,10974,10973,2
2019-04-22,16:26:15.468000,10973,10974,10974,1
2019-04-22,16:26:15.985000,10973,10974,10974,1
2019-04-22,16:26:16.763000,10973,10974,10974,2
2019-04-22,16:26:22.998000,10973,10974,10973,1
2019-04-22,16:26:23.005000,10973,10974,10973,1
2019-04-22,16:26:24.523000,10972,10973,10972,1
2019-04-22,16:26:31.609000,10972,10973,10973,1
2019-04-22,16:26:33.984000,10972,10973,10973,1
2019-04-22,16:26:35.396000,10972,10973,10973,1
2019-04-22,16:26:37.500000,10972,10973,10973,2
2019-04-22,16:26:38.830000,10972,10973,10972,1
2019-04-22,16:26:47.788000,10972,10973,10973,2
2019-04-22,16:26:49.638000,10972,10973,10973,1
2019-04-22,16:26:58.752000,10972,10973,10973,1
2019-04-22,16:26:58.877000,10972,10973,10973,1
2019-04-22,16:27:05.815000,10972,10973,10972,3
2019-04-22,16:27:09.543000,10972,10973,10972,4
2019-04-22,16:27:09.628000,10972,10973,10973,3
2019-04-22,16:27:19.554000,10972,10973,10973,8
2019-04-22,16:27:28.672000,10972,10973,10973,4
2019-04-22,16:27:34.121000,10972,10973,10973,1
2019-04-22,16:27:45.794000,10972,10973,10973,1
2019-04-22,16:27:48.757000,10972,10973,10972,2
2019-04-22,16:28:15.550000,10972,10973,10973,5
2019-04-22,16:28:15.755000,10972,10973,10973,1
2019-04-22,16:28:24.426000,10972,10973,10973,1
2019-04-22,16:28:30.837000,10972,10973,10973,1
2019-04-22,16:28:31.934000,10972,10973,10973,1
2019-04-22,16:28:35.492000,10972,10973,10973,1
2019-04-22,16:28:42.465000,10972,10973,10973,2
2019-04-22,16:28:48.694000,10972,10973,10972,1
2019-04-22,16:28:50.118000,10972,10973,10973,1
2019-04-22,16:29:04.028000,10972,10973,10972,1
2019-04-22,16:29:18.583000,10972,10973,10972,10
2019-04-22,16:29:24.178000,10972,10973,10972,1
2019-04-22,16:29:32.432000,10972,10973,10972,1
2019-04-22,16:29:44.554000,10972,10973,10972,1
2019-04-22,16:29:56.126000,10972,10973,10972,1
2019-04-22,16:30:04.596000,10972,10973,10972,2
2019-04-22,16:30:10.406000,10972,10973,10973,1
2019-04-22,16:30:10.501000,10972,10973,10973,1
2019-04-22,16:30:13.162000,10972,10973,10972,1
2019-04-22,16:30:15.687000,10972,10973,10972,1
2019-04-22,16:30:29.370000,10972,10973,10972,2
2019-04-22,16:30:36.065000,10972,10973,10972,1
2019-04-22,16:30:57.629000,10972,10973,10972,5
2019-04-22,16:30:58.952000,10972,10973,10972,1
2019-04-22,16:31:14.092000,10972,10973,10972,1
2019-04-22,16:31:14.130000,10972,10973,10972,2
2019-04-22,16:31:14.130000,10972,10973,10972,1
2019-04-22,16:31:28.694000,10971,10972,10972,1
2019-04-22,16:31:55.784000,10971,10972,10972,1
2019-04-22,16:32:24.128000,10971,10972,10972,1
2019-04-22,16:32:24.288000,10971,10972,10972,1
2019-04-22,16:33:21.659000,10971,10972,10972,2
2019-04-22,16:34:11.519000,10971,10972,10972,4
2019-04-22,16:34:19.539000,10971,10972,10971,10
2019-04-22,16:34:27.199000,10971,10972,10971,1
2019-04-22,16:34:29.027000,10971,10972,10971,5
2019-04-22,16:35:21.118000,10970,10971,10970,1
2019-04-22,16:35:21.118000,10970,10971,10970,5
2019-04-22,16:35:21.118000,10970,10971,10970,4
2019-04-22,16:35:54.025000,10969,10970,10969,1
2019-04-22,16:35:57.435000,10969,10970,10969,1
2019-04-22,16:35:58.415000,10969,10970,10969,1
2019-04-22,16:35:58.425000,10969,10970,10969,1
2019-04-22,16:36:01.927000,10969,10970,10969,1
2019-04-22,16:36:05.599000,10969,10970,10969,1
2019-04-22,16:36:08.501000,10969,10970,10969,1
2019-04-22,16:36:08.962000,10969,10970,10969,2
2019-04-22,16:36:09.130000,10969,10970,10969,2
2019-04-22,16:36:09.255000,10969,10970,10969,1
2019-04-22,16:36:09.255000,10969,10970,10969,2
2019-04-22,16:36:20.687000,10968,10969,10968,2
2019-04-22,16:36:20.783000,10968,10969,10968,1
2019-04-22,16:36:21.441000,10968,10969,10969,3
2019-04-22,16:36:33.685000,10968,10969,10968,4
2019-04-22,16:36:34.266000,10968,10969,10968,1
2019-04-22,16:36:42.857000,10968,10969,10968,1
2019-04-22,16:36:45.638000,10968,10969,10968,2
2019-04-22,16:36:48.022000,10968,10969,10968,2
2019-04-22,16:36:55.125000,10968,10969,10968,1
2019-04-22,16:37:01.882000,10968,10969,10968,24
2019-04-22,16:37:08.795000,10967,10968,10967,14
2019-04-22,16:37:08.795000,10967,10968,10967,1
2019-04-22,16:37:25.823000,10966,10967,10966,1
2019-04-22,16:37:28.932000,10966,10967,10966,1
2019-04-22,16:37:29.300000,10966,10967,10966,4
2019-04-22,16:37:37.983000,10966,10967,10966,1
2019-04-22,16:37:39.290000,10966,10967,10966,1
2019-04-22,16:37:40.197000,10966,10967,10966,1
2019-04-22,16:37:42.827000,10966,10967,10966,1
2019-04-22,16:37:42.987000,10966,10967,10966,1
2019-04-22,16:37:45.044000,10966,10967,10966,11
2019-04-22,16:37:47.009000,10966,10967,10966,15
2019-04-22,16:37:49.833000,10965,10966,10965,3
2019-04-22,16:37:50.886000,10965,10966,10965,1
2019-04-22,16:37:52.608000,10965,10966,10966,5
2019-04-22,16:37:52.630000,10965,10966,10966,1
2019-04-22,16:37:52.799000,10966,10967,10966,1
2019-04-22,16:37:52.849000,10966,10967,10966,2
2019-04-22,16:37:52.849000,10966,10967,10966,3
2019-04-22,16:37:54.287000,10966,10967,10966,2
2019-04-22,16:37:54.889000,10966,10967,10966,1
2019-04-22,16:37:55.257000,10966,10967,10966,1
2019-04-22,16:37:55.513000,10966,10967,10966,3
2019-04-22,16:37:55.513000,10966,10967,10965,3
2019-04-22,16:38:07.884000,10965,10966,10965,1
2019-04-22,16:38:09.020000,10965,10966,10965,1
2019-04-22,16:38:09.784000,10965,10966,10965,1
2019-04-22,16:38:12.787000,10965,10966,10966,1
2019-04-22,16:38:24.924000,10965,10966,10966,2
2019-04-22,16:38:42.558000,10965,10966,10966,5
2019-04-22,16:38:59.107000,10965,10966,10966,1
2019-04-22,16:39:00.005000,10965,10966,10966,1
2019-04-22,16:39:00.970000,10965,10966,10966,1
2019-04-22,16:39:01.104000,10965,10966,10965,3
2019-04-22,16:39:17.446000,10965,10966,10965,1
2019-04-22,16:39:20.304000,10965,10966,10965,1
2019-04-22,16:39:21.416000,10965,10966,10965,1
2019-04-22,16:39:23.450000,10965,10966,10965,1
2019-04-22,16:39:24.010000,10965,10966,10965,2
2019-04-22,16:39:24.699000,10965,10966,10965,1
2019-04-22,16:39:26.131000,10965,10966,10965,1
2019-04-22,16:39:29.887000,10965,10966,10965,1
2019-04-22,16:39:30.572000,10965,10966,10965,1
2019-04-22,16:39:30.794000,10965,10966,10965,6
2019-04-22,16:39:32.178000,10965,10966,10965,1
2019-04-22,16:39:32.769000,10965,10966,10965,1
2019-04-22,16:39:38.516000,10965,10966,10965,1
2019-04-22,16:39:50.443000,10965,10966,10965,1
2019-04-22,16:40:00.212000,10965,10966,10965,1
2019-04-22,16:40:01.539000,10965,10966,10965,2
2019-04-22,16:40:07.134000,10965,10966,10965,3
2019-04-22,16:40:11.396000,10965,10966,10965,1
2019-04-22,16:40:14.561000,10965,10966,10965,2
2019-04-22,16:40:14.730000,10965,10966,10965,2
2019-04-22,16:40:25.413000,10965,10966,10965,1
2019-04-22,16:40:27.434000,10965,10966,10965,2
2019-04-22,16:40:32.627000,10965,10966,10966,1
2019-04-22,16:40:38.257000,10965,10966,10966,5
2019-04-22,16:40:39.574000,10965,10966,10965,2
2019-04-22,16:40:40.140000,10965,10966,10966,5
2019-04-22,16:40:50.125000,10965,10966,10965,1
2019-04-22,16:40:52.667000,10965,10966,10965,2
2019-04-22,16:41:00.130000,10965,10966,10966,1
2019-04-22,16:41:00.255000,10965,10966,10966,1
2019-04-22,16:41:00.380000,10965,10966,10966,1
2019-04-22,16:41:03.883000,10965,10966,10966,1
2019-04-22,16:41:03.884000,10965,10966,10966,1
2019-04-22,16:41:03.886000,10965,10966,10966,1
2019-04-22,16:41:03.924000,10965,10966,10966,1
2019-04-22,16:41:03.924000,10965,10966,10966,1
2019-04-22,16:41:03.925000,10965,10966,10966,7
2019-04-22,16:41:03.925000,10965,10966,10966,1
2019-04-22,16:41:03.925000,10965,10966,10966,7
2019-04-22,16:41:20.827000,10966,10967,10967,1
2019-04-22,16:41:27.386000,10966,10967,10967,1
2019-04-22,16:41:28.619000,10966,10967,10967,1
2019-04-22,16:41:41.379000,10966,10967,10967,1
2019-04-22,16:41:49.304000,10966,10967,10967,1
2019-04-22,16:41:56.673000,10966,10967,10967,1
2019-04-22,16:42:01.039000,10966,10967,10967,2
2019-04-22,16:42:44.843000,10966,10967,10967,1
2019-04-22,16:42:53.131000,10966,10967,10967,1
2019-04-22,16:43:00.745000,10966,10967,10967,1
2019-04-22,16:43:02.431000,10966,10967,10967,6
2019-04-22,16:43:05.422000,10966,10967,10967,1
2019-04-22,16:43:13.771000,10966,10967,10967,2
2019-04-22,16:43:15.404000,10966,10967,10967,1
2019-04-22,16:43:24.867000,10966,10967,10967,1
2019-04-22,16:43:26.238000,10966,10967,10967,2
2019-04-22,16:43:32.280000,10966,10967,10967,1
2019-04-22,16:43:32.697000,10966,10967,10967,1
2019-04-22,16:43:38.763000,10966,10967,10966,2
2019-04-22,16:43:39.986000,10966,10967,10966,2
2019-04-22,16:43:50.058000,10966,10967,10966,1
2019-04-22,16:43:50.058000,10966,10967,10966,1
2019-04-22,16:43:52.793000,10966,10967,10966,1
2019-04-22,16:43:52.880000,10966,10967,10966,2
2019-04-22,16:43:59.471000,10966,10967,10966,1
2019-04-22,16:44:02.384000,10966,10967,10966,1
2019-04-22,16:44:05.231000,10965,10966,10965,1
2019-04-22,16:44:26.603000,10965,10966,10965,2
2019-04-22,16:44:32.515000,10965,10966,10966,1
2019-04-22,16:44:32.630000,10965,10966,10966,2
2019-04-22,16:44:32.755000,10965,10966,10966,1
2019-04-22,16:44:33.941000,10965,10966,10966,1
2019-04-22,16:46:02.903000,10966,10967,10966,1
2019-04-22,16:46:15.448000,10966,10967,10966,1
2019-04-22,16:47:03.057000,10966,10967,10966,1
2019-04-22,16:47:19.130000,10966,10967,10967,1
2019-04-22,16:47:19.255000,10966,10967,10967,2
2019-04-22,16:47:25.184000,10967,10968,10967,1
2019-04-22,16:47:33.689000,10966,10967,10967,1
2019-04-22,16:47:59.687000,10966,10967,10966,1
2019-04-22,16:48:31.918000,10966,10967,10966,1
2019-04-22,16:48:32.644000,10966,10967,10966,1
2019-04-22,16:48:35.521000,10966,10967,10966,1
2019-04-22,16:48:37.722000,10966,10967,10966,1
2019-04-22,16:48:50.380000,10966,10967,10966,3
2019-04-22,16:48:50.505000,10966,10967,10966,2
2019-04-22,16:48:50.630000,10966,10967,10966,3
2019-04-22,16:48:55.799000,10965,10966,10966,4
2019-04-22,16:49:23.089000,10965,10966,10965,3
2019-04-22,16:49:51.789000,10965,10966,10965,1
2019-04-22,16:49:54.983000,10965,10966,10965,1
2019-04-22,16:50:03.285000,10965,10966,10965,1
2019-04-22,16:50:03.911000,10965,10966,10965,1
2019-04-22,16:50:18.366000,10965,10966,10966,1
2019-04-22,16:50:27.714000,10965,10966,10966,1
2019-04-22,16:50:27.893000,10965,10966,10966,2
2019-04-22,16:51:32.241000,10965,10966,10966,1
2019-04-22,16:51:54.628000,10965,10966,10966,1
2019-04-22,16:52:01.653000,10965,10966,10966,2
2019-04-22,16:52:06.991000,10965,10966,10966,1
2019-04-22,16:52:06.993000,10965,10966,10966,1
2019-04-22,16:52:07.005000,10965,10966,10966,1
2019-04-22,16:52:07.130000,10965,10966,10966,1
2019-04-22,16:52:59.021000,10966,10967,10966,1
2019-04-22,16:53:02.279000,10966,10967,10966,1
2019-04-22,16:54:02.024000,10966,10967,10966,1
2019-04-22,16:54:27.096000,10966,10967,10966,1
2019-04-22,16:54:44.556000,10966,10967,10966,6
2019-04-22,16:55:04.076000,10965,10966,10966,1
2019-04-22,16:55:04.076000,10965,10966,10966,1
2019-04-22,16:55:04.077000,10965,10966,10966,1
2019-04-22,16:55:04.317000,10966,10967,10966,1
2019-04-22,16:55:18.047000,10966,10967,10967,1
2019-04-22,16:55:19.304000,10966,10967,10967,1
2019-04-22,16:55:29.302000,10966,10967,10967,2
2019-04-22,16:55:33.264000,10966,10967,10967,2
2019-04-22,16:55:48.783000,10967,10968,10967,1
2019-04-22,16:56:04.155000,10967,10968,10968,6
2019-04-22,16:56:25.481000,10967,10968,10967,2
2019-04-22,16:56:33.909000,10967,10968,10967,1
2019-04-22,16:56:39.754000,10967,10968,10967,2
2019-04-22,16:56:41.418000,10967,10968,10967,1
2019-04-22,16:57:02.126000,10967,10968,10967,1
2019-04-22,16:58:11.690000,10967,10968,10967,1
2019-04-22,16:58:30.822000,10967,10968,10968,1
2019-04-22,16:58:58.975000,10967,10968,10968,1
2019-04-22,16:59:01.555000,10967,10968,10968,1
2019-04-22,16:59:10.991000,10967,10968,10968,1
2019-04-22,16:59:13.539000,10967,10968,10968,3
2019-04-22,16:59:13.630000,10967,10968,10968,6
2019-04-22,16:59:13.870000,10967,10969,10968,1
2019-04-22,16:59:14.132000,10968,10969,10969,2
2019-04-22,16:59:23.377000,10968,10969,10969,1
2019-04-22,16:59:26.652000,10968,10969,10969,1
2019-04-22,16:59:38.056000,10968,10969,10969,1
2019-04-22,16:59:47.679000,10968,10969,10969,2
2019-04-22,16:59:59.913000,10968,10969,10969,3
2019-04-22,17:00:01.873000,10968,10969,10969,1
2019-04-22,17:00:02.120000,10968,10969,10968,1
2019-04-22,17:00:02.123000,10968,10969,10968,1
2019-04-22,17:00:02.798000,10967,10968,10968,2
2019-04-22,17:00:03.233000,10967,10968,10968,1
2019-04-22,17:00:20.961000,10967,10968,10968,3
2019-04-22,17:00:24.194000,10967,10968,10967,2
2019-04-22,17:00:24.455000,10967,10968,10968,4
2019-04-22,17:00:24.940000,10967,10968,10967,1
2019-04-22,17:00:26.575000,10967,10968,10967,1
2019-04-22,17:00:27.122000,10967,10968,10967,1
2019-04-22,17:00:35.214000,10967,10968,10967,1
2019-04-22,17:00:35.255000,10967,10968,10967,11
2019-04-22,17:00:35.380000,10967,10968,10967,1
2019-04-22,17:00:35.380000,10967,10968,10967,3
2019-04-22,17:00:35.380000,10967,10968,10967,1
2019-04-22,17:00:37.459000,10966,10967,10967,3
2019-04-22,17:00:41.028000,10966,10967,10966,20
2019-04-22,17:00:41.180000,10966,10967,10966,4
2019-04-22,17:00:43.147000,10965,10966,10966,5
2019-04-22,17:00:44.339000,10965,10966,10965,1
2019-04-22,17:00:44.644000,10965,10966,10965,2
2019-04-22,17:00:55.548000,10965,10966,10965,1
2019-04-22,17:00:57.904000,10965,10966,10965,4
2019-04-22,17:01:08.978000,10965,10966,10965,2
2019-04-22,17:01:19.326000,10965,10966,10966,1
2019-04-22,17:02:09.656000,10965,10966,10966,5
2019-04-22,17:02:09.755000,10965,10966,10966,7
2019-04-22,17:02:12.851000,10966,10967,10967,1
2019-04-22,17:02:15.237000,10966,10967,10966,1
2019-04-22,17:02:21.068000,10966,10967,10967,2
2019-04-22,17:02:40.830000,10967,10968,10968,1
2019-04-22,17:02:42.332000,10967,10968,10968,1
2019-04-22,17:02:46.383000,10967,10968,10968,1
2019-04-22,17:02:49.250000,10968,10969,10968,1
2019-04-22,17:02:50.837000,10968,10969,10968,1
2019-04-22,17:03:01.399000,10967,10968,10968,5
2019-04-22,17:03:41.686000,10968,10969,10968,1
2019-04-22,17:03:50.960000,10968,10969,10968,1
2019-04-22,17:03:52.304000,10968,10969,10968,1
2019-04-22,17:04:05.255000,10968,10969,10968,1
2019-04-22,17:04:20.481000,10968,10969,10968,1
2019-04-22,17:04:51.141000,10968,10969,10968,3
2019-04-22,17:04:55.939000,10967,10968,10967,8
2019-04-22,17:05:24.006000,10967,10968,10968,2
2019-04-22,17:05:30.684000,10967,10968,10968,1
2019-04-22,17:05:31.781000,10968,10969,10968,4
2019-04-22,17:05:54.098000,10967,10968,10967,1
2019-04-22,17:06:11.700000,10967,10968,10968,1
2019-04-22,17:06:56.889000,10967,10968,10968,3
2019-04-22,17:06:56.889000,10967,10968,10969,1
2019-04-22,17:07:04.248000,10967,10968,10968,1
2019-04-22,17:07:05.988000,10968,10969,10968,1
2019-04-22,17:07:09.880000,10967,10969,10969,1
2019-04-22,17:07:13.406000,10967,10968,10968,1
2019-04-22,17:07:40.263000,10968,10969,10968,1
2019-04-22,17:08:07.524000,10968,10969,10968,1
2019-04-22,17:08:08.702000,10968,10969,10968,1
2019-04-22,17:08:11.311000,10968,10969,10968,1
2019-04-22,17:08:16.976000,10968,10969,10968,2
2019-04-22,17:08:22.880000,10968,10969,10968,1
2019-04-22,17:08:23.005000,10968,10969,10968,1
2019-04-22,17:08:26.875000,10967,10968,10968,1
2019-04-22,17:08:30.129000,10967,10968,10968,1
2019-04-22,17:09:12.335000,10968,10969,10968,1
2019-04-22,17:09:57.056000,10968,10969,10969,4
2019-04-22,17:09:57.968000,10968,10969,10969,2
2019-04-22,17:10:38.334000,10968,10969,10969,2
2019-04-22,17:10:38.336000,10968,10969,10969,1
2019-04-22,17:10:38.937000,10968,10969,10969,1
2019-04-22,17:11:00.011000,10968,10969,10969,1
2019-04-22,17:12:03.302000,10968,10969,10969,2
2019-04-22,17:12:05.165000,10968,10969,10969,5
2019-04-22,17:12:18.885000,10968,10969,10969,1
2019-04-22,17:12:20.778000,10968,10969,10969,1
2019-04-22,17:12:21.906000,10968,10969,10969,1
2019-04-22,17:12:39.446000,10968,10969,10969,1
2019-04-22,17:13:11.029000,10968,10969,10969,1
2019-04-22,17:13:28.727000,10968,10969,10969,1
2019-04-22,17:13:32.955000,10968,10969,10969,1
2019-04-22,17:14:11.890000,10969,10970,10969,1
2019-04-22,17:14:27.352000,10969,10970,10969,1
2019-04-22,17:15:16.738000,10968,10969,10968,1
2019-04-22,17:15:17.114000,10968,10969,10969,1
2019-04-22,17:15:21.405000,10968,10969,10968,1
2019-04-22,17:15:21.496000,10968,10969,10968,1
2019-04-22,17:15:21.705000,10968,10969,10968,4
2019-04-22,17:15:22.797000,10968,10969,10968,1
2019-04-22,17:16:07.803000,10967,10968,10968,1
2019-04-22,17:16:27.757000,10968,10969,10969,2
2019-04-22,17:16:28.680000,10968,10969,10968,1
2019-04-22,17:17:09.373000,10968,10969,10968,1
2019-04-22,17:17:16.819000,10968,10969,10968,1
2019-04-22,17:17:49.528000,10968,10969,10968,1
2019-04-22,17:18:07.288000,10968,10969,10968,1
2019-04-22,17:19:04.521000,10968,10969,10968,1
2019-04-22,17:19:42.977000,10968,10969,10968,6
2019-04-22,17:19:49.120000,10968,10969,10968,1
2019-04-22,17:19:52.042000,10968,10969,10968,4
2019-04-22,17:19:53.406000,10968,10969,10968,1
2019-04-22,17:20:01.187000,10968,10969,10968,1
2019-04-22,17:20:02.251000,10968,10969,10968,1
2019-04-22,17:20:56.895000,10967,10968,10968,1
2019-04-22,17:21:40.931000,10967,10968,10968,1
2019-04-22,17:22:24.270000,10967,10968,10968,1
2019-04-22,17:22:54.093000,10967,10968,10968,1
2019-04-22,17:23:21.788000,10967,10968,10968,1
2019-04-22,17:24:13.888000,10967,10968,10968,1
2019-04-22,17:24:29.132000,10967,10968,10967,3
2019-04-22,17:24:31.478000,10967,10968,10967,3
2019-04-22,17:24:31.632000,10967,10968,10967,1
2019-04-22,17:24:31.635000,10967,10968,10967,2
2019-04-22,17:24:46.742000,10966,10967,10967,2
2019-04-22,17:25:29.904000,10967,10968,10967,1
2019-04-22,17:27:19.710000,10967,10968,10967,1
2019-04-22,17:27:23.880000,10967,10968,10967,1
2019-04-22,17:27:35.366000,10967,10968,10967,3
2019-04-22,17:28:41.598000,10966,10967,10966,3
2019-04-22,17:28:52.140000,10966,10967,10966,1
2019-04-22,17:28:52.305000,10966,10967,10967,3
2019-04-22,17:28:53.018000,10966,10967,10966,1
2019-04-22,17:28:53.595000,10966,10967,10966,1
2019-04-22,17:28:53.780000,10966,10967,10966,1
2019-04-22,17:28:53.960000,10966,10967,10966,1
2019-04-22,17:28:54.566000,10966,10967,10966,1
2019-04-22,17:28:54.938000,10966,10967,10966,1
2019-04-22,17:28:57.815000,10966,10967,10966,1
2019-04-22,17:28:58.439000,10966,10967,10966,1
2019-04-22,17:29:04.672000,10966,10967,10966,1
2019-04-22,17:29:05.360000,10966,10967,10966,1
2019-04-22,17:29:08.237000,10966,10967,10966,1
2019-04-22,17:29:13.437000,10965,10967,10967,2
2019-04-22,17:29:49.893000,10966,10967,10967,1
2019-04-22,17:30:42.255000,10966,10967,10966,1
2019-04-22,17:30:42.380000,10966,10967,10966,2
2019-04-22,17:30:42.905000,10965,10966,10965,1
2019-04-22,17:30:43.421000,10965,10966,10965,1
2019-04-22,17:30:46.997000,10965,10966,10966,1
2019-04-22,17:30:47.091000,10965,10966,10966,1
2019-04-22,17:31:03.746000,10965,10966,10966,1
2019-04-22,17:31:05.631000,10965,10966,10966,1
2019-04-22,17:31:05.755000,10966,10967,10966,1
2019-04-22,17:31:07.510000,10966,10967,10966,4
2019-04-22,17:31:07.510000,10966,10967,10965,36
2019-04-22,17:31:09.278000,10965,10966,10965,1
2019-04-22,17:31:09.404000,10965,10966,10965,1
2019-04-22,17:31:09.863000,10965,10966,10965,1
2019-04-22,17:31:15.138000,10965,10966,10965,10
2019-04-22,17:31:17.166000,10965,10966,10965,1
2019-04-22,17:31:25.222000,10964,10965,10965,1
2019-04-22,17:31:25.255000,10964,10965,10965,2
2019-04-22,17:31:36.836000,10965,10966,10965,2
2019-04-22,17:31:49.752000,10964,10965,10965,4
2019-04-22,17:32:27.488000,10964,10965,10965,1
2019-04-22,17:32:38.725000,10964,10965,10965,1
2019-04-22,17:32:38.725000,10964,10965,10965,1
2019-04-22,17:32:38.726000,10964,10965,10965,1
2019-04-22,17:32:40.654000,10964,10965,10965,1
2019-04-22,17:32:41.373000,10964,10965,10965,1
2019-04-22,17:32:41.373000,10964,10965,10965,1
2019-04-22,17:32:41.373000,10964,10965,10965,1
2019-04-22,17:32:41.373000,10964,10965,10965,3
2019-04-22,17:32:44.576000,10965,10966,10966,1
2019-04-22,17:32:49.563000,10965,10966,10966,1
2019-04-22,17:32:56.190000,10966,10967,10966,1
2019-04-22,17:33:06.967000,10966,10967,10966,1
2019-04-22,17:33:25.517000,10966,10967,10966,1
2019-04-22,17:33:41.637000,10966,10967,10967,2
2019-04-22,17:33:43.203000,10966,10967,10967,1
2019-04-22,17:33:46.655000,10966,10967,10967,2
2019-04-22,17:34:53.670000,10966,10967,10967,1
2019-04-22,17:35:03.644000,10967,10968,10968,1
2019-04-22,17:36:00.284000,10966,10967,10967,1
2019-04-22,17:37:49.630000,10966,10967,10967,1
2019-04-22,17:37:49.880000,10967,10968,10967,1
2019-04-22,17:37:50.130000,10967,10968,10967,1
2019-04-22,17:37:50.380000,10967,10968,10967,1
2019-04-22,17:37:50.630000,10967,10968,10967,1
2019-04-22,17:37:50.880000,10967,10968,10967,1
2019-04-22,17:37:51.130000,10967,10968,10967,1
2019-04-22,17:37:51.380000,10967,10968,10967,1
2019-04-22,17:38:09.075000,10966,10967,10967,1
2019-04-22,17:38:41.255000,10966,10967,10967,1
2019-04-22,17:38:52.968000,10966,10967,10967,1
2019-04-22,17:39:00.622000,10966,10967,10966,1
2019-04-22,17:39:00.670000,10966,10967,10966,4
2019-04-22,17:39:00.671000,10966,10967,10966,6
2019-04-22,17:39:00.671000,10966,10967,10966,2
2019-04-22,17:39:00.671000,10966,10967,10966,1
2019-04-22,17:39:00.671000,10966,10967,10966,1
2019-04-22,17:39:01.257000,10965,10966,10965,2
2019-04-22,17:39:02.260000,10965,10966,10965,2
2019-04-22,17:39:02.389000,10965,10966,10965,2
2019-04-22,17:39:09.833000,10965,10966,10965,1
2019-04-22,17:39:25.430000,10965,10966,10965,1
2019-04-22,17:39:35.680000,10965,10966,10965,4
2019-04-22,17:39:35.755000,10965,10966,10965,2
2019-04-22,17:39:37.565000,10964,10966,10964,5
2019-04-22,17:39:37.696000,10964,10966,10964,5
2019-04-22,17:39:38.352000,10964,10965,10964,1
2019-04-22,17:39:47.200000,10964,10965,10965,1
2019-04-22,17:40:50.216000,10964,10965,10965,1
2019-04-22,17:41:09.533000,10964,10965,10965,1
2019-04-22,17:41:13.852000,10964,10965,10965,3
2019-04-22,17:41:13.852000,10964,10965,10965,5
2019-04-22,17:41:13.880000,10964,10965,10965,1
2019-04-22,17:41:15.665000,10965,10966,10966,2
2019-04-22,17:41:29.840000,10965,10966,10965,2
2019-04-22,17:41:34.245000,10965,10966,10965,1
2019-04-22,17:41:34.790000,10965,10966,10965,1
2019-04-22,17:41:42.869000,10965,10966,10965,1
2019-04-22,17:42:05.853000,10964,10965,10965,2
2019-04-22,17:42:11.900000,10964,10965,10964,2
2019-04-22,17:42:14.874000,10964,10965,10965,3
2019-04-22,17:42:50.347000,10964,10965,10965,2
2019-04-22,17:42:54.855000,10964,10965,10965,1
2019-04-22,17:43:31.093000,10965,10966,10965,3
2019-04-22,17:44:11.211000,10965,10966,10965,1
2019-04-22,17:44:19.070000,10965,10966,10965,5
2019-04-22,17:44:52.091000,10965,10966,10965,1
2019-04-22,17:46:23.617000,10965,10966,10965,2
2019-04-22,17:46:24.074000,10965,10966,10965,1
2019-04-22,17:46:25.255000,10965,10966,10965,1
2019-04-22,17:46:25.268000,10965,10966,10965,1
2019-04-22,17:46:34.272000,10964,10965,10965,2
2019-04-22,17:46:59.573000,10964,10965,10964,12
2019-04-22,17:48:34.068000,10964,10965,10964,2
2019-04-22,17:48:52.493000,10964,10965,10964,1
2019-04-22,17:48:59.069000,10964,10965,10964,1
2019-04-22,17:49:50.391000,10964,10965,10964,1
2019-04-22,17:50:03.580000,10964,10965,10964,9
2019-04-22,17:50:03.937000,10964,10965,10964,1
2019-04-22,17:50:39.898000,10964,10965,10965,1
2019-04-22,17:51:07.088000,10964,10965,10965,1
2019-04-22,17:51:58.369000,10964,10965,10965,2
2019-04-22,17:52:06.345000,10964,10965,10965,2
2019-04-22,17:52:09.395000,10964,10965,10965,1
2019-04-22,17:52:13.615000,10964,10965,10965,1
2019-04-22,17:52:42.094000,10964,10965,10965,1
2019-04-22,17:53:05.592000,10964,10965,10965,1
2019-04-22,17:53:18.539000,10964,10965,10965,1
2019-04-22,17:53:23.159000,10965,10966,10965,1
2019-04-22,17:53:23.257000,10964,10966,10965,1
2019-04-22,17:53:49.325000,10964,10965,10965,1
2019-04-22,17:53:54.670000,10964,10965,10964,1
2019-04-22,17:54:53.962000,10965,10966,10965,1
2019-04-22,17:54:54.005000,10965,10966,10965,2
2019-04-22,17:55:02.358000,10964,10965,10965,4
2019-04-22,17:55:05.755000,10964,10965,10965,1
2019-04-22,17:55:17.869000,10965,10966,10965,1
2019-04-22,17:56:03.864000,10964,10965,10965,1
2019-04-22,17:57:48.702000,10964,10965,10965,1
2019-04-22,17:58:15.816000,10964,10965,10965,9
2019-04-22,17:59:27.046000,10965,10966,10965,1
2019-04-22,17:59:33.278000,10965,10966,10966,1
2019-04-22,18:00:02.113000,10965,10966,10966,1
2019-04-22,18:00:02.568000,10965,10966,10966,5
2019-04-22,18:00:02.630000,10965,10966,10966,2
2019-04-22,18:00:02.630000,10965,10966,10966,1
2019-04-22,18:00:02.630000,10965,10966,10966,1
2019-04-22,18:00:02.630000,10965,10966,10966,1
2019-04-22,18:00:02.631000,10965,10966,10966,2
2019-04-22,18:00:02.761000,10966,10967,10966,2
2019-04-22,18:00:02.968000,10966,10967,10967,1
2019-04-22,18:00:03.063000,10966,10967,10966,1
2019-04-22,18:00:04.346000,10966,10967,10967,1
2019-04-22,18:00:04.714000,10966,10967,10967,1
2019-04-22,18:00:14.528000,10966,10967,10967,1
2019-04-22,18:00:14.763000,10966,10967,10967,1
2019-04-22,18:00:56.380000,10967,10968,10967,2
2019-04-22,18:01:14.821000,10966,10967,10966,1
2019-04-22,18:01:14.880000,10966,10967,10966,1
2019-04-22,18:01:18.177000,10966,10967,10966,1
2019-04-22,18:01:39.923000,10966,10967,10967,1
2019-04-22,18:01:40.005000,10966,10967,10967,2
2019-04-22,18:01:40.005000,10966,10967,10967,1
2019-04-22,18:01:40.130000,10966,10967,10967,1
2019-04-22,18:01:40.130000,10966,10967,10967,1
2019-04-22,18:01:40.130000,10966,10967,10967,1
2019-04-22,18:01:40.130000,10966,10967,10967,1
2019-04-22,18:01:49.046000,10967,10968,10967,1
2019-04-22,18:02:10.291000,10966,10967,10967,1
2019-04-22,18:02:12.161000,10967,10968,10967,1
2019-04-22,18:03:00.867000,10967,10968,10968,23
2019-04-22,18:03:02.254000,10968,10969,10969,5
2019-04-22,18:03:02.925000,10968,10969,10969,1
2019-04-22,18:03:19.528000,10968,10969,10968,1
2019-04-22,18:03:19.528000,10968,10969,10967,1
2019-04-22,18:03:20.304000,10967,10968,10968,1
2019-04-22,18:03:26.267000,10968,10969,10968,1
2019-04-22,18:03:34.771000,10968,10969,10969,4
2019-04-22,18:03:42.883000,10968,10969,10969,1
2019-04-22,18:03:44.985000,10968,10969,10969,2
2019-04-22,18:03:46.415000,10968,10969,10969,1
2019-04-22,18:03:47.014000,10968,10969,10969,2
2019-04-22,18:03:47.130000,10968,10969,10969,18
2019-04-22,18:03:47.130000,10968,10969,10969,1
2019-04-22,18:03:47.130000,10968,10969,10969,3
2019-04-22,18:03:47.130000,10968,10969,10969,2
2019-04-22,18:03:51.715000,10969,10970,10969,2
2019-04-22,18:03:54.523000,10969,10970,10969,2
2019-04-22,18:03:59.288000,10968,10969,10969,1
2019-04-22,18:04:05.712000,10968,10969,10969,1
2019-04-22,18:04:16.995000,10968,10969,10969,3
2019-04-22,18:04:22.579000,10969,10970,10969,3
2019-04-22,18:04:27.060000,10969,10970,10969,1
2019-04-22,18:04:43.327000,10968,10969,10969,1
2019-04-22,18:04:43.892000,10968,10969,10969,2
2019-04-22,18:04:45.032000,10968,10969,10969,1
2019-04-22,18:04:50.030000,10968,10969,10969,1
2019-04-22,18:04:53.813000,10968,10969,10969,1
2019-04-22,18:05:02.470000,10969,10970,10970,3
2019-04-22,18:05:06.989000,10969,10970,10969,2
2019-04-22,18:05:17.760000,10969,10970,10969,3
2019-04-22,18:05:37.375000,10969,10970,10969,1
2019-04-22,18:05:38.280000,10969,10970,10969,1
2019-04-22,18:05:38.492000,10969,10970,10969,3
2019-04-22,18:05:45.382000,10969,10970,10969,2
2019-04-22,18:06:10.785000,10969,10970,10970,26
2019-04-22,18:06:10.880000,10969,10970,10970,2
2019-04-22,18:06:12.470000,10969,10970,10970,9
2019-04-22,18:06:13.406000,10969,10970,10970,3
2019-04-22,18:06:15.121000,10969,10970,10970,2
2019-04-22,18:06:16.494000,10969,10970,10970,1
2019-04-22,18:06:44.786000,10970,10971,10971,1
2019-04-22,18:06:49.149000,10970,10971,10971,4
2019-04-22,18:06:50.040000,10970,10971,10971,1
2019-04-22,18:06:50.253000,10970,10971,10971,9
2019-04-22,18:06:50.978000,10970,10971,10971,3
2019-04-22,18:06:51.005000,10971,10972,10971,4
2019-04-22,18:06:51.234000,10970,10972,10971,1
2019-04-22,18:06:54.379000,10970,10971,10971,1
2019-04-22,18:06:54.816000,10970,10971,10971,1
2019-04-22,18:06:55.458000,10970,10971,10971,1
2019-04-22,18:06:55.916000,10970,10971,10971,2
2019-04-22,18:06:56.555000,10970,10971,10971,1
2019-04-22,18:06:56.755000,10971,10972,10971,1
2019-04-22,18:06:58.255000,10971,10972,10971,1
2019-04-22,18:07:02.688000,10970,10971,10971,2
2019-04-22,18:07:06.471000,10970,10971,10971,1
2019-04-22,18:07:12.476000,10970,10971,10971,2
2019-04-22,18:07:18.011000,10970,10971,10971,1
2019-04-22,18:07:21.542000,10970,10971,10971,2
2019-04-22,18:07:25.816000,10971,10972,10971,1
2019-04-22,18:07:27.273000,10970,10971,10971,3
2019-04-22,18:07:28.758000,10970,10971,10971,1
2019-04-22,18:07:31.916000,10970,10971,10971,3
2019-04-22,18:07:33.572000,10970,10971,10971,1
2019-04-22,18:07:34.113000,10970,10971,10971,1
2019-04-22,18:07:34.338000,10970,10971,10970,1
2019-04-22,18:07:45.609000,10970,10971,10971,1
2019-04-22,18:08:02.802000,10970,10971,10971,4
2019-04-22,18:08:16.065000,10970,10971,10971,2
2019-04-22,18:08:50.955000,10970,10971,10971,8
2019-04-22,18:08:57.197000,10970,10971,10970,1
2019-04-22,18:09:02.270000,10970,10971,10971,1
2019-04-22,18:09:31.604000,10970,10971,10970,1
2019-04-22,18:09:35.836000,10970,10971,10970,10
2019-04-22,18:09:35.880000,10970,10971,10970,1
2019-04-22,18:09:37.023000,10969,10970,10970,1
2019-04-22,18:10:16.717000,10969,10970,10970,3
2019-04-22,18:10:16.943000,10969,10970,10970,3
2019-04-22,18:11:07.458000,10969,10970,10970,2
2019-04-22,18:11:25.714000,10969,10970,10969,1
2019-04-22,18:11:28.474000,10969,10970,10970,2
2019-04-22,18:12:02.247000,10969,10970,10970,1
2019-04-22,18:12:47.771000,10969,10970,10970,2
2019-04-22,18:13:00.780000,10969,10970,10970,1
2019-04-22,18:13:02.517000,10969,10970,10970,1
2019-04-22,18:13:47.011000,10969,10970,10970,1
2019-04-22,18:13:56.837000,10969,10970,10970,1
2019-04-22,18:15:01.390000,10969,10970,10970,3
2019-04-22,18:15:02.098000,10969,10970,10970,2
2019-04-22,18:15:02.174000,10969,10970,10970,2
2019-04-22,18:15:07.021000,10969,10970,10970,1
2019-04-22,18:15:07.255000,10970,10971,10970,1
2019-04-22,18:15:12.934000,10969,10970,10970,1
2019-04-22,18:16:00.775000,10970,10971,10970,3
2019-04-22,18:16:03.930000,10970,10971,10970,1
2019-04-22,18:16:37.363000,10970,10971,10970,1
2019-04-22,18:16:42.916000,10970,10971,10970,2
2019-04-22,18:16:44.510000,10970,10971,10970,3
2019-04-22,18:16:56.269000,10970,10971,10970,1
2019-04-22,18:16:59.261000,10970,10971,10970,1
2019-04-22,18:16:59.383000,10970,10971,10970,2
2019-04-22,18:17:09.522000,10969,10970,10969,2
2019-04-22,18:17:57.381000,10969,10970,10969,3
2019-04-22,18:18:04.198000,10969,10970,10969,3
2019-04-22,18:18:45.255000,10969,10970,10969,1
2019-04-22,18:18:52.634000,10969,10970,10969,1
2019-04-22,18:19:51.940000,10969,10970,10969,1
2019-04-22,18:20:30.802000,10969,10970,10969,1
2019-04-22,18:20:53.095000,10969,10970,10969,1
2019-04-22,18:21:02.234000,10969,10970,10970,2
2019-04-22,18:21:12.737000,10969,10970,10969,3
2019-04-22,18:21:12.737000,10969,10970,10968,7
2019-04-22,18:21:16.651000,10968,10969,10969,1
2019-04-22,18:21:38.098000,10969,10970,10969,2
2019-04-22,18:21:38.098000,10969,10970,10968,1
2019-04-22,18:21:51.178000,10969,10970,10969,1
2019-04-22,18:22:02.130000,10969,10970,10969,1
2019-04-22,18:22:02.255000,10969,10970,10969,1
2019-04-22,18:22:47.086000,10968,10969,10968,1
2019-04-22,18:22:58.892000,10968,10969,10968,1
2019-04-22,18:23:49.985000,10968,10969,10968,1
2019-04-22,18:23:51.909000,10968,10969,10968,1
2019-04-22,18:23:51.911000,10968,10969,10968,3
2019-04-22,18:23:59.127000,10968,10969,10968,1
2019-04-22,18:24:16.882000,10968,10969,10969,2
2019-04-22,18:24:25.671000,10968,10969,10969,1
2019-04-22,18:27:12.658000,10968,10969,10968,2
2019-04-22,18:27:49.980000,10968,10969,10968,1
2019-04-22,18:28:03.499000,10968,10969,10968,1
2019-04-22,18:28:23.556000,10968,10969,10968,1
2019-04-22,18:28:44.721000,10968,10969,10969,1
2019-04-22,18:28:55.001000,10968,10969,10969,1
2019-04-22,18:29:05.946000,10968,10969,10969,1
2019-04-22,18:29:14.736000,10968,10969,10969,3
2019-04-22,18:29:14.737000,10968,10969,10969,3
2019-04-22,18:29:14.737000,10968,10969,10969,3
2019-04-22,18:29:50.432000,10968,10969,10969,1
2019-04-22,18:29:50.432000,10968,10969,10969,1
2019-04-22,18:30:57.761000,10969,10970,10969,1
2019-04-22,18:30:58.369000,10969,10970,10970,1
2019-04-22,18:32:29.270000,10969,10970,10970,1
2019-04-22,18:33:08.974000,10969,10970,10970,1
2019-04-22,18:33:44.270000,10969,10970,10970,1
2019-04-22,18:33:51.625000,10969,10970,10970,1
2019-04-22,18:34:01.130000,10969,10970,10970,1
2019-04-22,18:34:01.255000,10969,10970,10970,1
2019-04-22,18:34:01.255000,10969,10970,10970,4
2019-04-22,18:34:07.650000,10969,10970,10970,2
2019-04-22,18:34:07.757000,10969,10970,10970,2
2019-04-22,18:34:46.225000,10969,10970,10970,2
2019-04-22,18:34:59.432000,10969,10970,10970,2
2019-04-22,18:35:27.581000,10969,10970,10970,1
2019-04-22,18:35:28.044000,10969,10970,10970,1
2019-04-22,18:35:42.271000,10969,10970,10970,4
2019-04-22,18:36:25.335000,10969,10970,10969,1
2019-04-22,18:36:28.756000,10969,10970,10970,1
2019-04-22,18:37:02.150000,10969,10970,10969,2
2019-04-22,18:37:22.791000,10969,10970,10969,1
2019-04-22,18:37:27.434000,10969,10970,10969,2
2019-04-22,18:37:53.892000,10968,10969,10969,1
2019-04-22,18:38:00.535000,10968,10969,10969,1
2019-04-22,18:38:00.655000,10968,10970,10968,1
2019-04-22,18:38:49.768000,10969,10970,10969,1
2019-04-22,18:40:01.912000,10969,10970,10970,3
2019-04-22,18:40:02.188000,10970,10971,10971,1
2019-04-22,18:40:02.202000,10970,10971,10970,1
2019-04-22,18:40:08.268000,10970,10971,10970,2
2019-04-22,18:40:10.935000,10970,10971,10970,1
2019-04-22,18:40:12.422000,10969,10970,10970,3
2019-04-22,18:40:19.587000,10969,10970,10970,1
2019-04-22,18:40:27.475000,10969,10970,10970,2
2019-04-22,18:40:34.302000,10970,10971,10970,5
2019-04-22,18:40:44.445000,10970,10971,10970,1
2019-04-22,18:40:46.529000,10970,10971,10971,1
2019-04-22,18:41:02.429000,10970,10971,10971,1
2019-04-22,18:41:10.737000,10970,10971,10971,2
2019-04-22,18:41:24.499000,10970,10971,10971,1
2019-04-22,18:41:27.732000,10970,10971,10971,6
2019-04-22,18:41:39.317000,10970,10971,10971,1
2019-04-22,18:41:39.926000,10970,10971,10971,5
2019-04-22,18:41:40.005000,10971,10972,10971,2
2019-04-22,18:41:43.080000,10970,10971,10971,1
2019-04-22,18:41:54.376000,10970,10971,10971,1
2019-04-22,18:41:54.380000,10971,10972,10971,1
2019-04-22,18:41:57.364000,10970,10971,10971,1
2019-04-22,18:41:58.836000,10970,10971,10971,1
2019-04-22,18:42:09.751000,10971,10972,10971,1
2019-04-22,18:42:14.769000,10970,10971,10971,2
2019-04-22,18:43:38.396000,10970,10971,10971,3
2019-04-22,18:43:42.280000,10970,10971,10970,1
2019-04-22,18:43:42.353000,10970,10971,10971,1
2019-04-22,18:43:42.505000,10970,10971,10971,1
2019-04-22,18:43:43.930000,10971,10972,10971,1
2019-04-22,18:44:18.689000,10970,10971,10971,1
2019-04-22,18:44:37.831000,10970,10971,10971,1
2019-04-22,18:46:44.445000,10970,10971,10971,1
2019-04-22,18:46:44.981000,10970,10971,10971,1
2019-04-22,18:47:16.632000,10970,10971,10970,4
2019-04-22,18:47:50.757000,10970,10971,10971,2
2019-04-22,18:48:25.707000,10970,10971,10970,1
2019-04-22,18:48:39.427000,10970,10971,10970,5
2019-04-22,18:48:47.924000,10970,10971,10970,2
2019-04-22,18:48:49.307000,10970,10971,10970,1
2019-04-22,18:48:53.609000,10970,10971,10970,1
2019-04-22,18:48:55.863000,10970,10971,10970,1
2019-04-22,18:48:55.864000,10970,10971,10970,1
2019-04-22,18:48:55.865000,10970,10971,10970,1
2019-04-22,18:50:04.540000,10969,10970,10970,2
2019-04-22,18:51:04.130000,10969,10970,10970,1
2019-04-22,18:51:06.887000,10970,10971,10970,1
2019-04-22,18:51:09.839000,10970,10971,10970,1
2019-04-22,18:51:27.478000,10970,10971,10970,1
2019-04-22,18:53:06.777000,10969,10970,10970,1
2019-04-22,18:53:55.934000,10969,10970,10969,1
2019-04-22,18:53:55.935000,10969,10970,10969,1
2019-04-22,18:53:55.935000,10969,10970,10969,1
2019-04-22,18:53:56.132000,10969,10970,10969,2
2019-04-22,18:54:10.002000,10969,10970,10969,1
2019-04-22,18:56:34.225000,10968,10969,10968,2
2019-04-22,18:56:34.936000,10968,10969,10969,1
2019-04-22,18:56:35.034000,10968,10969,10969,3
2019-04-22,18:56:35.038000,10968,10969,10969,3
2019-04-22,18:56:35.055000,10968,10969,10969,3
2019-04-22,18:56:57.882000,10968,10969,10968,2
2019-04-22,18:57:19.536000,10968,10969,10968,1
2019-04-22,18:57:24.261000,10968,10969,10968,4
2019-04-22,18:57:32.113000,10968,10969,10969,4
2019-04-22,18:57:40.899000,10968,10969,10968,1
2019-04-22,18:58:01.238000,10968,10969,10968,1
2019-04-22,18:58:45.800000,10968,10969,10968,1
2019-04-22,18:58:57.064000,10968,10969,10968,4
2019-04-22,18:59:47.743000,10968,10969,10968,1
2019-04-22,18:59:55.686000,10968,10969,10968,1
2019-04-22,19:00:00.157000,10967,10968,10968,1
2019-04-22,19:00:13.509000,10968,10969,10969,3
2019-04-22,19:00:13.513000,10968,10969,10969,1
2019-04-22,19:00:14.270000,10968,10969,10969,2
2019-04-22,19:00:44.255000,10968,10969,10969,9
2019-04-22,19:01:25.208000,10969,10970,10969,2
2019-04-22,19:04:01.366000,10969,10970,10970,1
2019-04-22,19:04:16.474000,10969,10970,10969,1
2019-04-22,19:04:23.941000,10969,10970,10969,2
2019-04-22,19:04:50.713000,10969,10970,10970,1
2019-04-22,19:05:03.430000,10969,10970,10970,1
2019-04-22,19:05:25.142000,10969,10970,10970,3
2019-04-22,19:05:25.142000,10969,10970,10970,1
2019-04-22,19:05:39.498000,10970,10971,10971,1
2019-04-22,19:05:40.012000,10970,10971,10971,2
2019-04-22,19:05:40.021000,10970,10971,10971,6
2019-04-22,19:05:40.026000,10970,10971,10971,7
2019-04-22,19:05:40.034000,10970,10971,10971,1
2019-04-22,19:05:40.043000,10970,10971,10971,6
2019-04-22,19:05:40.043000,10970,10971,10972,9
2019-04-22,19:05:40.046000,10970,10971,10972,2
2019-04-22,19:05:54.486000,10971,10972,10972,4
2019-04-22,19:05:54.832000,10971,10972,10972,5
2019-04-22,19:05:56.862000,10971,10972,10972,4
2019-04-22,19:06:00.948000,10971,10972,10972,1
2019-04-22,19:06:14.353000,10971,10972,10972,1
2019-04-22,19:07:30.431000,10971,10972,10972,1
2019-04-22,19:07:56.053000,10971,10972,10971,8
2019-04-22,19:08:05.553000,10971,10972,10971,1
2019-04-22,19:08:13.847000,10971,10972,10971,1
2019-04-22,19:08:16.630000,10971,10972,10971,1
2019-04-22,19:08:16.755000,10971,10972,10971,3
2019-04-22,19:08:18.063000,10970,10971,10970,2
2019-04-22,19:08:47.005000,10970,10971,10970,1
2019-04-22,19:09:10.766000,10969,10970,10970,1
2019-04-22,19:09:47.409000,10969,10970,10970,1
2019-04-22,19:10:06.639000,10969,10970,10969,1
2019-04-22,19:10:07.249000,10969,10970,10970,1
2019-04-22,19:10:07.333000,10969,10970,10970,4
2019-04-22,19:10:07.904000,10969,10970,10970,1
2019-04-22,19:10:12.052000,10969,10970,10969,5
2019-04-22,19:10:38.965000,10969,10970,10969,2
2019-04-22,19:11:09.398000,10969,10970,10969,1
2019-04-22,19:11:53.676000,10969,10970,10969,1
2019-04-22,19:12:02.027000,10968,10969,10969,1
2019-04-22,19:12:42.705000,10968,10969,10969,4
2019-04-22,19:13:00.292000,10968,10969,10969,1
2019-04-22,19:13:01.046000,10968,10969,10969,1
2019-04-22,19:13:02.089000,10968,10969,10969,1
2019-04-22,19:13:12.038000,10968,10969,10969,1
2019-04-22,19:13:26.387000,10969,10970,10969,1
2019-04-22,19:13:59.505000,10969,10970,10969,2
2019-04-22,19:14:57.653000,10968,10969,10968,1
2019-04-22,19:16:09.552000,10968,10969,10968,4
2019-04-22,19:16:26.098000,10968,10969,10968,1
2019-04-22,19:16:40.526000,10968,10969,10969,1
2019-04-22,19:17:10.132000,10968,10969,10969,1
2019-04-22,19:17:46.881000,10969,10970,10969,1
2019-04-22,19:18:31.275000,10969,10970,10969,1
2019-04-22,19:18:58.803000,10969,10970,10969,1
2019-04-22,19:19:49.617000,10969,10970,10970,1
2019-04-22,19:19:49.617000,10969,10970,10970,1
2019-04-22,19:19:51.183000,10969,10970,10970,1
2019-04-22,19:19:51.183000,10969,10970,10970,1
2019-04-22,19:19:51.183000,10969,10970,10970,1
2019-04-22,19:19:51.184000,10969,10970,10970,2
2019-04-22,19:19:51.255000,10969,10970,10970,4
2019-04-22,19:19:53.004000,10970,10971,10970,2
2019-04-22,19:21:01.578000,10970,10971,10971,2
2019-04-22,19:21:13.158000,10970,10971,10971,1
2019-04-22,19:21:22.563000,10970,10971,10971,7
2019-04-22,19:21:48.053000,10971,10972,10971,3
2019-04-22,19:21:48.130000,10971,10972,10971,1
2019-04-22,19:22:12.215000,10970,10971,10971,1
2019-04-22,19:22:25.529000,10970,10971,10971,1
2019-04-22,19:22:43.451000,10971,10972,10972,1
2019-04-22,19:22:43.832000,10971,10972,10972,5
2019-04-22,19:22:43.853000,10971,10972,10972,2
2019-04-22,19:22:43.853000,10971,10972,10972,2
2019-04-22,19:22:43.856000,10971,10972,10972,4
2019-04-22,19:22:43.857000,10971,10972,10972,4
2019-04-22,19:22:43.867000,10971,10972,10972,3
2019-04-22,19:22:43.876000,10971,10972,10972,1
2019-04-22,19:22:43.879000,10971,10972,10972,2
2019-04-22,19:22:43.879000,10971,10972,10973,1
2019-04-22,19:22:44.322000,10972,10973,10973,1
2019-04-22,19:22:44.910000,10972,10973,10973,8
2019-04-22,19:22:45.080000,10972,10973,10973,1
2019-04-22,19:22:45.748000,10972,10973,10973,2
2019-04-22,19:22:45.805000,10972,10973,10973,1
2019-04-22,19:22:45.884000,10972,10973,10973,1
2019-04-22,19:22:55.172000,10972,10973,10973,2
2019-04-22,19:22:56.112000,10972,10973,10973,1
2019-04-22,19:23:07.508000,10972,10973,10973,1
2019-04-22,19:23:13.201000,10972,10973,10973,2
2019-04-22,19:23:34.915000,10972,10973,10973,1
2019-04-22,19:23:52.382000,10972,10973,10972,1
2019-04-22,19:24:31.131000,10970,10971,10971,1
2019-04-22,19:24:32.422000,10970,10971,10970,1
2019-04-22,19:24:40.924000,10970,10971,10970,3
2019-04-22,19:24:42.726000,10969,10970,10970,10
2019-04-22,19:24:47.246000,10970,10971,10970,1
2019-04-22,19:24:52.085000,10970,10971,10970,1
2019-04-22,19:24:58.453000,10970,10971,10970,1
2019-04-22,19:25:13.136000,10969,10970,10970,1
2019-04-22,19:25:13.393000,10969,10970,10970,1
2019-04-22,19:25:13.724000,10969,10970,10970,1
2019-04-22,19:25:13.724000,10969,10970,10970,2
2019-04-22,19:25:13.724000,10969,10970,10970,3
2019-04-22,19:25:17.644000,10970,10971,10971,1
2019-04-22,19:25:18.507000,10970,10971,10971,1
2019-04-22,19:25:18.625000,10970,10971,10971,1
2019-04-22,19:25:28.336000,10971,10972,10971,2
2019-04-22,19:25:37.529000,10971,10972,10971,1
2019-04-22,19:26:52.088000,10971,10972,10971,10
2019-04-22,19:27:05.620000,10970,10971,10971,1
2019-04-22,19:27:18.355000,10971,10972,10971,1
2019-04-22,19:27:29.241000,10970,10971,10971,1
2019-04-22,19:27:30.971000,10970,10971,10971,5
2019-04-22,19:28:04.241000,10970,10971,10971,1
2019-04-22,19:29:40.431000,10971,10972,10971,1
2019-04-22,19:31:21.725000,10971,10972,10971,1
2019-04-22,19:31:27.007000,10971,10972,10972,2
2019-04-22,19:31:27.211000,10971,10972,10972,1
2019-04-22,19:31:27.226000,10971,10972,10972,1
2019-04-22,19:31:27.998000,10971,10972,10972,2
2019-04-22,19:31:51.695000,10971,10972,10972,5
2019-04-22,19:31:54.570000,10971,10972,10972,2
2019-04-22,19:31:54.630000,10971,10972,10972,1
2019-04-22,19:32:02.531000,10971,10972,10972,1
2019-04-22,19:32:05.835000,10971,10972,10972,1
2019-04-22,19:32:29.842000,10971,10972,10972,1
2019-04-22,19:32:58.991000,10972,10973,10973,1
2019-04-22,19:32:59.250000,10972,10973,10973,6
2019-04-22,19:32:59.257000,10972,10973,10973,2
2019-04-22,19:32:59.269000,10972,10973,10973,1
2019-04-22,19:32:59.391000,10972,10973,10973,1
2019-04-22,19:32:59.460000,10972,10973,10973,1
2019-04-22,19:32:59.472000,10972,10973,10973,1
2019-04-22,19:32:59.474000,10972,10973,10973,1
2019-04-22,19:32:59.477000,10972,10973,10973,1
2019-04-22,19:32:59.805000,10972,10973,10973,2
2019-04-22,19:33:00.201000,10972,10973,10973,1
2019-04-22,19:33:00.207000,10972,10973,10973,1
2019-04-22,19:33:00.207000,10972,10973,10973,1
2019-04-22,19:33:05.095000,10972,10973,10973,8
2019-04-22,19:33:15.603000,10972,10973,10973,4
2019-04-22,19:33:18.055000,10972,10973,10973,1
2019-04-22,19:33:30.626000,10972,10973,10973,2
2019-04-22,19:33:33.983000,10972,10973,10973,4
2019-04-22,19:33:35.519000,10972,10973,10973,1
2019-04-22,19:33:44.403000,10973,10974,10973,1
2019-04-22,19:33:51.041000,10972,10973,10973,1
2019-04-22,19:33:51.515000,10972,10973,10973,2
2019-04-22,19:33:58.645000,10972,10973,10973,1
2019-04-22,19:34:01.014000,10972,10973,10973,1
2019-04-22,19:34:14.555000,10972,10973,10973,2
2019-04-22,19:34:26.081000,10972,10973,10973,3
2019-04-22,19:34:29.130000,10972,10974,10973,1
2019-04-22,19:34:49.971000,10972,10973,10973,1
2019-04-22,19:34:49.971000,10972,10973,10974,2
2019-04-22,19:34:50.229000,10973,10974,10974,1
2019-04-22,19:34:50.248000,10973,10974,10974,1
2019-04-22,19:34:50.497000,10973,10974,10974,1
2019-04-22,19:34:50.512000,10973,10974,10974,3
2019-04-22,19:34:50.695000,10973,10974,10974,2
2019-04-22,19:34:50.702000,10973,10974,10974,2
2019-04-22,19:34:50.704000,10973,10974,10974,2
2019-04-22,19:34:50.716000,10973,10974,10974,2
2019-04-22,19:34:50.722000,10973,10974,10974,2
2019-04-22,19:34:51.251000,10973,10974,10974,1
2019-04-22,19:34:58.269000,10973,10974,10974,1
2019-04-22,19:34:58.501000,10973,10974,10974,1
2019-04-22,19:34:59.430000,10973,10974,10974,1
2019-04-22,19:35:01.357000,10973,10974,10974,2
2019-04-22,19:35:01.867000,10973,10974,10974,2
2019-04-22,19:35:01.956000,10973,10974,10974,2
2019-04-22,19:35:02.126000,10973,10974,10974,2
2019-04-22,19:35:02.367000,10973,10974,10973,2
2019-04-22,19:35:02.368000,10973,10974,10973,2
2019-04-22,19:35:07.934000,10973,10974,10973,1
2019-04-22,19:35:09.363000,10973,10974,10973,1
2019-04-22,19:35:19.998000,10972,10974,10972,1
2019-04-22,19:35:47.497000,10972,10973,10973,1
2019-04-22,19:36:07.680000,10972,10973,10973,1
2019-04-22,19:36:47.477000,10972,10973,10973,1
2019-04-22,19:36:50.893000,10972,10973,10972,1
2019-04-22,19:36:51.005000,10972,10973,10972,1
2019-04-22,19:36:51.725000,10972,10973,10972,1
2019-04-22,19:37:11.606000,10972,10973,10972,1
2019-04-22,19:37:14.832000,10972,10973,10972,1
2019-04-22,19:37:56.930000,10972,10973,10972,1
2019-04-22,19:39:48.562000,10972,10973,10972,4
2019-04-22,19:40:38.065000,10972,10973,10972,1
2019-04-22,19:40:51.365000,10972,10973,10972,1
2019-04-22,19:41:02.163000,10972,10973,10972,1
2019-04-22,19:41:13.715000,10972,10973,10972,1
2019-04-22,19:41:27.252000,10972,10973,10972,1
2019-04-22,19:42:22.068000,10972,10973,10972,1
2019-04-22,19:42:34.091000,10972,10973,10972,1
2019-04-22,19:42:35.193000,10972,10973,10972,1
2019-04-22,19:42:42.126000,10971,10972,10972,1
2019-04-22,19:42:42.530000,10971,10972,10972,1
2019-04-22,19:42:42.791000,10971,10972,10972,1
2019-04-22,19:42:43.121000,10971,10972,10972,1
2019-04-22,19:42:43.440000,10971,10972,10972,1
2019-04-22,19:45:00.300000,10971,10972,10971,2
2019-04-22,19:45:00.333000,10971,10972,10971,2
2019-04-22,19:45:00.334000,10971,10972,10971,1
2019-04-22,19:45:00.380000,10971,10972,10971,3
2019-04-22,19:45:00.402000,10971,10972,10971,1
2019-04-22,19:45:00.403000,10971,10972,10971,1
2019-04-22,19:45:01.442000,10971,10972,10972,1
2019-04-22,19:45:01.464000,10971,10972,10971,2
2019-04-22,19:45:01.507000,10971,10972,10971,2
2019-04-22,19:45:01.544000,10971,10972,10972,1
2019-04-22,19:45:11.069000,10970,10971,10971,2
2019-04-22,19:45:28.034000,10970,10971,10971,1
2019-04-22,19:45:28.847000,10970,10971,10971,1
2019-04-22,19:45:36.148000,10970,10971,10970,1
2019-04-22,19:45:36.271000,10970,10971,10970,1
2019-04-22,19:45:41.468000,10970,10971,10970,1
2019-04-22,19:45:51.535000,10970,10971,10970,1
2019-04-22,19:45:51.806000,10970,10971,10970,1
2019-04-22,19:45:52.312000,10970,10971,10970,1
2019-04-22,19:45:57.714000,10970,10971,10970,1
2019-04-22,19:46:12.985000,10970,10971,10971,2
2019-04-22,19:46:13.005000,10970,10971,10971,1
2019-04-22,19:46:13.237000,10971,10972,10971,2
2019-04-22,19:46:13.475000,10971,10972,10971,1
2019-04-22,19:46:23.005000,10970,10971,10971,1
2019-04-22,19:46:23.246000,10970,10972,10971,1
2019-04-22,19:46:23.255000,10970,10971,10971,1
2019-04-22,19:46:23.495000,10970,10972,10971,1
2019-04-22,19:46:25.029000,10970,10971,10971,1
2019-04-22,19:46:29.826000,10971,10972,10971,1
2019-04-22,19:46:40.150000,10971,10972,10971,1
2019-04-22,19:46:40.225000,10971,10972,10971,1
2019-04-22,19:46:42.468000,10970,10971,10971,1
2019-04-22,19:46:54.250000,10970,10971,10970,1
2019-04-22,19:46:55.858000,10970,10971,10970,10
2019-04-22,19:47:02.118000,10970,10971,10970,5
2019-04-22,19:47:18.135000,10970,10972,10971,1
2019-04-22,19:47:46.023000,10970,10971,10971,1
2019-04-22,19:48:10.021000,10970,10971,10971,1
2019-04-22,19:49:36.174000,10970,10971,10971,1
2019-04-22,19:49:53.094000,10970,10971,10971,1
2019-04-22,19:49:58.480000,10970,10971,10971,1
2019-04-22,19:50:11.561000,10970,10971,10971,1
2019-04-22,19:50:19.158000,10970,10971,10971,1
2019-04-22,19:50:20.876000,10970,10971,10971,1
2019-04-22,19:50:41.619000,10970,10971,10971,1
2019-04-22,19:51:27.051000,10970,10971,10970,6
2019-04-22,19:51:40.482000,10970,10971,10971,1
2019-04-22,19:51:40.505000,10970,10971,10971,1
2019-04-22,19:51:40.505000,10970,10971,10971,2
2019-04-22,19:51:40.505000,10970,10971,10971,1
2019-04-22,19:51:40.505000,10970,10971,10971,3
2019-04-22,19:51:40.533000,10970,10971,10971,1
2019-04-22,19:52:16.446000,10971,10972,10971,1
2019-04-22,19:54:20.790000,10971,10972,10971,1
2019-04-22,19:54:39.700000,10971,10972,10971,1
2019-04-22,19:55:03.126000,10971,10972,10971,1
2019-04-22,19:56:35.695000,10971,10972,10972,1
2019-04-22,19:56:48.374000,10971,10972,10972,1
2019-04-22,19:56:49.038000,10971,10972,10972,1
2019-04-22,19:57:02.234000,10971,10972,10972,1
2019-04-22,19:57:26.641000,10971,10972,10972,4
2019-04-22,19:57:30.793000,10971,10972,10972,1
2019-04-22,19:57:30.793000,10971,10972,10972,1
2019-04-22,19:57:30.880000,10971,10972,10972,1
2019-04-22,19:57:32.425000,10971,10972,10972,2
2019-04-22,19:57:32.663000,10971,10972,10972,2
2019-04-22,19:57:33.271000,10971,10972,10972,1
2019-04-22,19:57:33.515000,10972,10973,10972,2
2019-04-22,19:57:58.084000,10972,10973,10972,1
2019-04-22,19:59:23.405000,10971,10972,10972,1
2019-04-22,19:59:34.124000,10971,10972,10972,2
2019-04-22,19:59:34.873000,10972,10973,10972,1
2019-04-22,20:00:03.807000,10972,10973,10973,1
2019-04-22,20:00:04.132000,10972,10973,10973,2
2019-04-22,20:00:04.195000,10972,10973,10973,1
2019-04-22,20:00:07.607000,10972,10973,10973,1
2019-04-22,20:00:10.975000,10972,10973,10973,1
2019-04-22,20:01:58.316000,10972,10973,10972,2
2019-04-22,20:01:58.316000,10972,10973,10972,3
2019-04-22,20:01:58.380000,10972,10973,10972,1
2019-04-22,20:01:58.380000,10972,10973,10972,1
2019-04-22,20:02:05.723000,10972,10973,10972,1
2019-04-22,20:02:05.755000,10972,10973,10972,2
2019-04-22,20:02:10.980000,10971,10972,10972,1
2019-04-22,20:02:16.782000,10971,10972,10972,1
2019-04-22,20:02:27.312000,10971,10972,10971,1
2019-04-22,20:02:27.315000,10971,10972,10971,1
2019-04-22,20:02:27.316000,10971,10972,10971,1
2019-04-22,20:02:27.354000,10971,10972,10971,2
2019-04-22,20:02:31.800000,10970,10971,10970,3
2019-04-22,20:02:32.639000,10970,10971,10970,9
2019-04-22,20:02:33.395000,10969,10970,10969,2
2019-04-22,20:02:33.505000,10969,10970,10969,9
2019-04-22,20:02:38.569000,10968,10969,10969,1
2019-04-22,20:02:41.464000,10968,10969,10969,1
2019-04-22,20:02:49.881000,10968,10969,10969,1
2019-04-22,20:02:52.361000,10968,10969,10969,1
2019-04-22,20:02:53.257000,10968,10969,10968,1
2019-04-22,20:02:53.667000,10968,10969,10968,2
2019-04-22,20:02:54.831000,10968,10969,10968,1
2019-04-22,20:02:58.653000,10968,10969,10969,3
2019-04-22,20:03:03.946000,10968,10969,10969,1
2019-04-22,20:03:04.005000,10968,10969,10969,3
2019-04-22,20:03:04.136000,10968,10970,10969,1
2019-04-22,20:03:05.658000,10968,10969,10969,1
2019-04-22,20:03:20.579000,10968,10969,10969,1
2019-04-22,20:03:21.738000,10968,10969,10968,10
2019-04-22,20:03:23.772000,10968,10969,10969,4
2019-04-22,20:03:24.201000,10968,10969,10968,3
2019-04-22,20:03:26.409000,10968,10969,10968,5
2019-04-22,20:03:26.834000,10968,10969,10968,1
2019-04-22,20:03:32.465000,10968,10969,10969,1
2019-04-22,20:03:32.673000,10968,10969,10968,1
2019-04-22,20:03:39.304000,10968,10969,10968,1
2019-04-22,20:03:42.944000,10968,10969,10968,1
2019-04-22,20:03:43.912000,10968,10969,10968,3
2019-04-22,20:03:46.111000,10968,10969,10968,5
2019-04-22,20:03:48.916000,10968,10969,10968,2
2019-04-22,20:03:49.120000,10968,10969,10968,1
2019-04-22,20:03:49.410000,10968,10969,10968,2
2019-04-22,20:04:00.435000,10967,10968,10968,1
2019-04-22,20:04:02.040000,10967,10968,10968,1
2019-04-22,20:04:05.571000,10967,10968,10967,1
2019-04-22,20:04:05.687000,10967,10968,10967,1
