2019-08-12,15:00:00.030000,10440,10441,10440,28
2019-08-12,15:00:01.045000,10440,10441,10440,1
2019-08-12,15:00:01.096000,10440,10441,10440,1
2019-08-12,15:00:01.262000,10440,10441,10441,5
2019-08-12,15:00:01.262000,10440,10441,10442,3
2019-08-12,15:00:01.329000,10440,10442,10442,3
2019-08-12,15:00:01.329000,10440,10442,10443,1
2019-08-12,15:00:01.571000,10442,10443,10443,4
2019-08-12,15:00:01.632000,10442,10443,10442,1
2019-08-12,15:00:01.634000,10442,10443,10442,1
2019-08-12,15:00:01.639000,10442,10443,10441,1
2019-08-12,15:00:01.642000,10442,10443,10441,1
2019-08-12,15:00:01.645000,10442,10443,10443,4
2019-08-12,15:00:01.645000,10442,10443,10444,1
2019-08-12,15:00:01.652000,10441,10444,10442,1
2019-08-12,15:00:01.659000,10441,10444,10442,1
2019-08-12,15:00:01.681000,10441,10444,10444,5
2019-08-12,15:00:01.697000,10441,10444,10444,2
2019-08-12,15:00:01.731000,10441,10444,10444,2
2019-08-12,15:00:01.740000,10441,10444,10442,1
2019-08-12,15:00:02.607000,10442,10444,10444,3
2019-08-12,15:00:02.611000,10442,10444,10444,1
2019-08-12,15:00:03.193000,10443,10445,10443,3
2019-08-12,15:00:05.160000,10443,10444,10444,2
2019-08-12,15:00:05.646000,10443,10444,10443,1
2019-08-12,15:00:09.406000,10443,10444,10444,1
2019-08-12,15:00:09.814000,10442,10444,10444,4
2019-08-12,15:00:11.434000,10443,10444,10444,5
2019-08-12,15:00:12.703000,10444,10445,10444,1
2019-08-12,15:00:15.596000,10444,10445,10444,1
2019-08-12,15:00:18.829000,10444,10445,10444,1
2019-08-12,15:00:18.973000,10443,10444,10444,2
2019-08-12,15:00:20.407000,10443,10444,10444,1
2019-08-12,15:00:20.407000,10443,10444,10444,3
2019-08-12,15:00:20.524000,10443,10444,10444,2
2019-08-12,15:00:23.057000,10444,10445,10444,3
2019-08-12,15:00:24.071000,10444,10445,10444,1
2019-08-12,15:00:24.762000,10444,10445,10444,1
2019-08-12,15:00:25.749000,10444,10445,10444,3
2019-08-12,15:00:27.859000,10444,10445,10444,1
2019-08-12,15:00:28.595000,10444,10445,10445,1
2019-08-12,15:00:29.202000,10444,10445,10445,4
2019-08-12,15:00:29.274000,10444,10445,10445,15
2019-08-12,15:00:29.399000,10444,10445,10445,7
2019-08-12,15:00:32.056000,10445,10446,10445,1
2019-08-12,15:00:33.270000,10445,10446,10445,1
2019-08-12,15:00:36.858000,10445,10446,10445,1
2019-08-12,15:00:36.891000,10445,10446,10446,1
2019-08-12,15:00:36.903000,10445,10446,10445,1
2019-08-12,15:00:37.986000,10445,10446,10445,1
2019-08-12,15:00:39.493000,10445,10446,10446,1
2019-08-12,15:00:39.493000,10445,10446,10446,1
2019-08-12,15:00:39.493000,10445,10446,10446,1
2019-08-12,15:00:39.524000,10445,10446,10446,3
2019-08-12,15:00:39.524000,10445,10446,10446,2
2019-08-12,15:00:39.649000,10446,10447,10447,7
2019-08-12,15:00:39.774000,10446,10447,10447,2
2019-08-12,15:00:40.061000,10446,10447,10447,8
2019-08-12,15:00:40.376000,10447,10448,10447,1
2019-08-12,15:00:40.936000,10447,10448,10447,1
2019-08-12,15:00:41.606000,10447,10448,10448,1
2019-08-12,15:00:43.352000,10447,10448,10448,1
2019-08-12,15:00:44.403000,10447,10448,10447,1
2019-08-12,15:00:44.656000,10447,10448,10448,1
2019-08-12,15:00:44.767000,10447,10448,10448,2
2019-08-12,15:00:44.860000,10447,10448,10447,2
2019-08-12,15:00:44.894000,10447,10448,10448,2
2019-08-12,15:00:45.422000,10447,10448,10447,1
2019-08-12,15:00:48.557000,10447,10448,10447,1
2019-08-12,15:00:51.364000,10447,10448,10447,1
2019-08-12,15:00:52.019000,10447,10448,10447,1
2019-08-12,15:00:53.452000,10447,10448,10448,2
2019-08-12,15:00:53.453000,10447,10448,10448,3
2019-08-12,15:00:53.524000,10448,10449,10449,5
2019-08-12,15:00:53.524000,10448,10449,10449,4
2019-08-12,15:00:53.585000,10448,10449,10449,3
2019-08-12,15:00:53.649000,10448,10449,10449,1
2019-08-12,15:00:53.650000,10448,10449,10449,2
2019-08-12,15:00:53.811000,10448,10449,10449,1
2019-08-12,15:00:53.862000,10448,10449,10448,1
2019-08-12,15:00:53.889000,10448,10449,10448,1
2019-08-12,15:00:56.493000,10448,10449,10448,2
2019-08-12,15:00:57.123000,10448,10449,10448,1
2019-08-12,15:01:00.074000,10448,10449,10448,1
2019-08-12,15:01:00.286000,10448,10449,10448,7
2019-08-12,15:01:03.239000,10448,10449,10448,1
2019-08-12,15:01:03.664000,10448,10449,10449,10
2019-08-12,15:01:04.501000,10449,10450,10450,1
2019-08-12,15:01:04.649000,10449,10450,10450,2
2019-08-12,15:01:04.884000,10449,10451,10449,1
2019-08-12,15:01:04.972000,10449,10451,10449,2
2019-08-12,15:01:05.269000,10449,10451,10450,1
2019-08-12,15:01:05.404000,10450,10451,10450,1
2019-08-12,15:01:05.644000,10450,10451,10450,1
2019-08-12,15:01:05.765000,10450,10451,10450,1
2019-08-12,15:01:06.231000,10449,10450,10450,10
2019-08-12,15:01:07.722000,10449,10450,10449,1
2019-08-12,15:01:07.987000,10449,10450,10449,3
2019-08-12,15:01:08.092000,10449,10450,10449,4
2019-08-12,15:01:08.830000,10448,10449,10449,1
2019-08-12,15:01:10.069000,10448,10449,10448,1
2019-08-12,15:01:10.638000,10448,10449,10448,1
2019-08-12,15:01:11.156000,10448,10449,10449,14
2019-08-12,15:01:13.686000,10448,10449,10449,1
2019-08-12,15:01:13.719000,10448,10449,10449,1
2019-08-12,15:01:13.820000,10448,10450,10449,1
2019-08-12,15:01:15.226000,10449,10450,10449,2
2019-08-12,15:01:16.810000,10449,10450,10449,1
2019-08-12,15:01:18.251000,10449,10450,10449,1
2019-08-12,15:01:20.366000,10449,10450,10450,7
2019-08-12,15:01:20.366000,10449,10450,10450,7
2019-08-12,15:01:21.461000,10450,10451,10450,2
2019-08-12,15:01:22.151000,10450,10451,10450,1
2019-08-12,15:01:22.281000,10450,10451,10450,1
2019-08-12,15:01:22.291000,10450,10451,10451,1
2019-08-12,15:01:24.055000,10450,10451,10451,1
2019-08-12,15:01:25.489000,10450,10451,10451,1
2019-08-12,15:01:26.383000,10450,10451,10451,1
2019-08-12,15:01:26.557000,10450,10451,10450,1
2019-08-12,15:01:26.752000,10450,10451,10451,1
2019-08-12,15:01:26.928000,10450,10451,10450,1
2019-08-12,15:01:30.819000,10450,10451,10451,1
2019-08-12,15:01:30.926000,10450,10451,10450,1
2019-08-12,15:01:31.549000,10450,10451,10451,6
2019-08-12,15:01:31.847000,10450,10451,10450,1
2019-08-12,15:01:32.373000,10450,10451,10450,7
2019-08-12,15:01:32.724000,10449,10450,10449,1
2019-08-12,15:01:33.436000,10448,10449,10449,1
2019-08-12,15:01:34.666000,10448,10449,10449,4
2019-08-12,15:01:36.080000,10448,10449,10448,1
2019-08-12,15:01:39.431000,10448,10449,10449,1
2019-08-12,15:01:39.794000,10448,10450,10450,2
2019-08-12,15:01:39.885000,10448,10450,10448,5
2019-08-12,15:01:41.473000,10448,10449,10449,1
2019-08-12,15:01:42.344000,10449,10450,10450,1
2019-08-12,15:01:45.031000,10449,10450,10449,2
2019-08-12,15:01:45.032000,10449,10450,10449,2
2019-08-12,15:01:45.032000,10449,10450,10449,1
2019-08-12,15:01:45.504000,10447,10449,10449,2
2019-08-12,15:01:50.057000,10447,10448,10448,1
2019-08-12,15:01:52.853000,10448,10449,10449,3
2019-08-12,15:01:54.970000,10448,10449,10449,1
2019-08-12,15:01:55.035000,10448,10449,10449,1
2019-08-12,15:01:55.050000,10448,10449,10449,1
2019-08-12,15:01:55.054000,10448,10449,10449,1
2019-08-12,15:01:55.066000,10448,10449,10449,1
2019-08-12,15:01:55.086000,10448,10449,10449,1
2019-08-12,15:01:56.614000,10448,10449,10448,2
2019-08-12,15:02:00.014000,10448,10449,10449,1
2019-08-12,15:02:02.770000,10448,10449,10449,3
2019-08-12,15:02:09.186000,10448,10449,10449,1
2019-08-12,15:02:18.236000,10448,10449,10449,1
2019-08-12,15:02:22.455000,10448,10449,10449,11
2019-08-12,15:02:22.455000,10448,10449,10450,9
2019-08-12,15:02:23.014000,10449,10450,10449,1
2019-08-12,15:02:26.434000,10449,10450,10449,1
2019-08-12,15:02:26.695000,10449,10450,10449,4
2019-08-12,15:02:30.691000,10449,10450,10449,1
2019-08-12,15:02:35.699000,10449,10450,10449,1
2019-08-12,15:02:41.515000,10449,10450,10449,3
2019-08-12,15:02:43.240000,10449,10450,10449,3
2019-08-12,15:02:44.727000,10449,10450,10449,1
2019-08-12,15:02:44.997000,10449,10450,10449,1
2019-08-12,15:02:46.595000,10449,10450,10449,1
2019-08-12,15:02:46.802000,10449,10450,10449,1
2019-08-12,15:02:47.850000,10449,10450,10450,1
2019-08-12,15:02:51.426000,10449,10450,10450,1
2019-08-12,15:02:54.767000,10449,10450,10450,2
2019-08-12,15:03:00.735000,10449,10450,10449,1
2019-08-12,15:03:04.610000,10449,10450,10450,1
2019-08-12,15:03:05.944000,10449,10450,10450,1
2019-08-12,15:03:07.197000,10449,10450,10449,4
2019-08-12,15:03:11.502000,10448,10449,10449,3
2019-08-12,15:03:11.503000,10448,10449,10449,2
2019-08-12,15:03:22.851000,10448,10449,10449,5
2019-08-12,15:03:24.342000,10448,10449,10449,5
2019-08-12,15:03:24.987000,10448,10449,10449,1
2019-08-12,15:03:25.664000,10448,10449,10449,2
2019-08-12,15:03:33.676000,10449,10450,10449,1
2019-08-12,15:03:33.774000,10449,10450,10449,3
2019-08-12,15:03:35.458000,10448,10449,10448,1
2019-08-12,15:03:37.161000,10448,10449,10449,1
2019-08-12,15:03:38.145000,10449,10450,10449,1
2019-08-12,15:03:41.851000,10449,10450,10449,1
2019-08-12,15:03:49.902000,10449,10450,10449,1
2019-08-12,15:03:51.282000,10449,10450,10449,1
2019-08-12,15:03:52.025000,10449,10450,10450,2
2019-08-12,15:03:57.170000,10449,10450,10449,6
2019-08-12,15:04:01.296000,10448,10449,10449,1
2019-08-12,15:04:05.563000,10448,10449,10449,1
2019-08-12,15:04:05.563000,10448,10449,10450,1
2019-08-12,15:04:07.667000,10448,10449,10449,1
2019-08-12,15:04:08.004000,10448,10449,10449,1
2019-08-12,15:04:08.024000,10448,10449,10449,1
2019-08-12,15:04:08.276000,10449,10450,10449,1
2019-08-12,15:04:22.168000,10448,10449,10449,3
2019-08-12,15:04:27.404000,10449,10450,10449,2
2019-08-12,15:04:28.477000,10449,10450,10449,1
2019-08-12,15:04:29.881000,10449,10450,10449,1
2019-08-12,15:04:33.947000,10449,10450,10449,1
2019-08-12,15:04:36.879000,10449,10450,10450,2
2019-08-12,15:04:42.967000,10449,10450,10449,1
2019-08-12,15:04:52.222000,10448,10449,10449,2
2019-08-12,15:05:00.439000,10449,10450,10450,1
2019-08-12,15:05:17.459000,10449,10450,10450,6
2019-08-12,15:05:17.464000,10449,10450,10450,40
2019-08-12,15:05:17.610000,10449,10451,10451,1
2019-08-12,15:05:17.649000,10450,10451,10451,17
2019-08-12,15:05:17.649000,10450,10451,10451,2
2019-08-12,15:05:17.649000,10450,10451,10451,1
2019-08-12,15:05:17.649000,10450,10451,10451,2
2019-08-12,15:05:17.654000,10450,10451,10451,1
2019-08-12,15:05:17.662000,10450,10451,10452,1
2019-08-12,15:05:17.662000,10450,10451,10452,1
2019-08-12,15:05:17.664000,10450,10451,10452,1
2019-08-12,15:05:17.674000,10450,10451,10452,1
2019-08-12,15:05:17.755000,10450,10451,10451,2
2019-08-12,15:05:19.100000,10450,10452,10450,1
2019-08-12,15:05:19.251000,10450,10452,10451,5
2019-08-12,15:05:19.251000,10450,10452,10452,1
2019-08-12,15:05:25.037000,10450,10451,10451,1
2019-08-12,15:05:26.461000,10451,10452,10451,1
2019-08-12,15:05:27.400000,10451,10452,10451,1
2019-08-12,15:05:28.985000,10451,10452,10452,4
2019-08-12,15:05:33.017000,10451,10452,10451,1
2019-08-12,15:05:33.028000,10451,10452,10452,5
2019-08-12,15:05:38.304000,10451,10452,10452,4
2019-08-12,15:05:39.652000,10451,10452,10452,1
2019-08-12,15:05:39.835000,10451,10452,10451,2
2019-08-12,15:05:43.223000,10451,10452,10452,1
2019-08-12,15:05:50.949000,10451,10452,10452,1
2019-08-12,15:05:56.075000,10451,10452,10452,3
2019-08-12,15:05:56.951000,10451,10452,10452,1
2019-08-12,15:05:58.134000,10451,10452,10452,1
2019-08-12,15:05:58.966000,10451,10452,10451,4
2019-08-12,15:05:59.079000,10450,10452,10451,1
2019-08-12,15:06:01.422000,10450,10451,10451,1
2019-08-12,15:06:01.740000,10450,10451,10451,1
2019-08-12,15:06:01.760000,10450,10451,10451,1
2019-08-12,15:06:02.155000,10450,10451,10451,2
2019-08-12,15:06:05.762000,10451,10452,10452,2
2019-08-12,15:06:05.844000,10451,10452,10451,1
2019-08-12,15:06:09.442000,10451,10452,10451,4
2019-08-12,15:06:09.996000,10450,10452,10450,1
2019-08-12,15:06:10.075000,10450,10452,10452,1
2019-08-12,15:06:14.924000,10450,10451,10451,1
2019-08-12,15:06:25.649000,10450,10451,10450,9
2019-08-12,15:06:28.399000,10449,10450,10449,19
2019-08-12,15:06:28.558000,10449,10450,10449,2
2019-08-12,15:06:28.716000,10449,10450,10450,1
2019-08-12,15:06:30.162000,10449,10450,10450,1
2019-08-12,15:06:30.526000,10449,10450,10449,2
2019-08-12,15:06:31.553000,10449,10450,10450,2
2019-08-12,15:06:34.399000,10449,10450,10449,3
2019-08-12,15:06:34.856000,10449,10450,10449,4
2019-08-12,15:06:34.867000,10449,10450,10449,2
2019-08-12,15:06:34.867000,10449,10450,10449,2
2019-08-12,15:06:41.063000,10448,10450,10450,2
2019-08-12,15:06:44.176000,10448,10449,10449,1
2019-08-12,15:06:54.271000,10448,10449,10449,2
2019-08-12,15:06:55.354000,10449,10450,10449,1
2019-08-12,15:06:56.221000,10449,10450,10450,8
2019-08-12,15:07:01.931000,10449,10450,10450,1
2019-08-12,15:07:25.024000,10449,10450,10450,7
2019-08-12,15:07:29.831000,10449,10450,10449,1
2019-08-12,15:07:36.225000,10449,10450,10449,1
2019-08-12,15:07:41.472000,10449,10450,10450,1
2019-08-12,15:07:46.864000,10449,10450,10450,1
2019-08-12,15:07:54.016000,10449,10450,10450,1
2019-08-12,15:08:19.892000,10449,10450,10450,1
2019-08-12,15:08:25.529000,10449,10450,10450,1
2019-08-12,15:08:25.531000,10449,10450,10450,1
2019-08-12,15:08:34.077000,10449,10450,10449,2
2019-08-12,15:08:40.369000,10449,10450,10449,2
2019-08-12,15:08:40.399000,10449,10450,10449,11
2019-08-12,15:08:53.460000,10448,10449,10449,2
2019-08-12,15:08:56.272000,10448,10449,10449,1
2019-08-12,15:08:59.414000,10449,10450,10449,1
2019-08-12,15:09:03.771000,10448,10450,10450,5
2019-08-12,15:09:07.871000,10448,10450,10448,1
2019-08-12,15:09:11.384000,10448,10450,10448,1
2019-08-12,15:09:12.057000,10448,10450,10448,1
2019-08-12,15:09:20.460000,10449,10450,10449,1
2019-08-12,15:09:27.163000,10448,10449,10449,1
2019-08-12,15:09:28.140000,10448,10449,10449,1
2019-08-12,15:09:32.379000,10448,10449,10449,1
2019-08-12,15:09:38.264000,10448,10449,10448,13
2019-08-12,15:09:38.330000,10448,10449,10448,13
2019-08-12,15:09:51.686000,10448,10449,10448,1
2019-08-12,15:09:58.035000,10448,10449,10448,1
2019-08-12,15:09:59.082000,10448,10449,10448,1
2019-08-12,15:10:02.549000,10448,10449,10448,3
2019-08-12,15:10:02.791000,10448,10449,10449,1
2019-08-12,15:10:03.675000,10448,10449,10448,1
2019-08-12,15:10:08.027000,10447,10448,10448,2
2019-08-12,15:10:08.297000,10448,10449,10448,1
2019-08-12,15:10:10.574000,10448,10449,10448,1
2019-08-12,15:10:11.567000,10447,10448,10447,1
2019-08-12,15:10:11.586000,10447,10448,10447,2
2019-08-12,15:10:11.649000,10447,10448,10447,4
2019-08-12,15:10:13.848000,10446,10447,10447,1
2019-08-12,15:10:14.090000,10446,10447,10447,1
2019-08-12,15:10:19.356000,10446,10447,10447,1
2019-08-12,15:10:22.025000,10446,10447,10446,2
2019-08-12,15:10:22.192000,10446,10447,10446,1
2019-08-12,15:10:28.107000,10446,10447,10446,1
2019-08-12,15:10:29.397000,10446,10447,10447,3
2019-08-12,15:10:39.916000,10446,10447,10446,1
2019-08-12,15:10:42.162000,10446,10447,10446,1
2019-08-12,15:10:51.567000,10446,10447,10446,10
2019-08-12,15:10:54.413000,10446,10447,10446,1
2019-08-12,15:10:56.354000,10446,10447,10446,1
2019-08-12,15:10:58.818000,10446,10447,10447,1
2019-08-12,15:10:59.094000,10446,10447,10446,1
2019-08-12,15:11:26.900000,10446,10447,10446,2
2019-08-12,15:11:32.350000,10446,10447,10446,1
2019-08-12,15:11:32.805000,10446,10447,10446,1
2019-08-12,15:11:33.361000,10446,10447,10446,1
2019-08-12,15:11:45.642000,10446,10447,10446,1
2019-08-12,15:11:48.674000,10446,10447,10447,1
2019-08-12,15:11:59.149000,10446,10447,10446,1
2019-08-12,15:11:59.266000,10446,10447,10446,1
2019-08-12,15:11:59.266000,10446,10447,10446,1
2019-08-12,15:11:59.267000,10446,10447,10446,1
2019-08-12,15:11:59.274000,10446,10447,10446,3
2019-08-12,15:11:59.274000,10446,10447,10446,1
2019-08-12,15:11:59.274000,10446,10447,10446,2
2019-08-12,15:12:03.471000,10445,10447,10447,1
2019-08-12,15:12:04.620000,10446,10447,10446,7
2019-08-12,15:12:13.810000,10445,10446,10446,1
2019-08-12,15:12:19.568000,10445,10446,10446,1
2019-08-12,15:12:19.916000,10445,10446,10446,1
2019-08-12,15:12:35.117000,10445,10446,10446,1
2019-08-12,15:12:52.765000,10445,10446,10446,2
2019-08-12,15:13:14.866000,10446,10447,10447,5
2019-08-12,15:13:28.202000,10446,10447,10447,1
2019-08-12,15:13:33.164000,10446,10447,10446,7
2019-08-12,15:13:35.822000,10446,10447,10447,1
2019-08-12,15:13:40.583000,10445,10447,10446,1
2019-08-12,15:13:43.007000,10446,10447,10446,1
2019-08-12,15:13:48.010000,10445,10446,10446,2
2019-08-12,15:14:21.835000,10445,10446,10446,1
2019-08-12,15:14:23.429000,10445,10446,10446,1
2019-08-12,15:14:24.333000,10445,10446,10446,1
2019-08-12,15:14:28.091000,10445,10446,10446,1
2019-08-12,15:14:30.460000,10445,10446,10446,1
2019-08-12,15:14:42.257000,10445,10446,10445,15
2019-08-12,15:14:42.257000,10445,10446,10445,2
2019-08-12,15:14:42.258000,10445,10446,10445,11
2019-08-12,15:14:42.258000,10445,10446,10445,9
2019-08-12,15:14:42.258000,10445,10446,10445,2
2019-08-12,15:14:42.258000,10445,10446,10445,6
2019-08-12,15:14:42.258000,10445,10446,10445,4
2019-08-12,15:14:42.258000,10445,10446,10445,2
2019-08-12,15:14:42.258000,10445,10446,10445,2
2019-08-12,15:14:42.314000,10444,10445,10444,1
2019-08-12,15:14:42.431000,10444,10445,10444,3
2019-08-12,15:14:42.524000,10444,10445,10444,2
2019-08-12,15:14:48.820000,10444,10445,10445,1
2019-08-12,15:15:01.685000,10444,10445,10444,1
2019-08-12,15:15:01.763000,10444,10445,10445,9
2019-08-12,15:15:03.639000,10445,10446,10446,1
2019-08-12,15:15:07.868000,10445,10446,10446,1
2019-08-12,15:15:09.735000,10445,10446,10446,2
2019-08-12,15:15:23.163000,10445,10446,10446,14
2019-08-12,15:15:23.852000,10446,10447,10446,1
2019-08-12,15:15:27.243000,10446,10447,10446,1
2019-08-12,15:15:34.723000,10446,10447,10446,2
2019-08-12,15:15:41.149000,10446,10447,10447,1
2019-08-12,15:15:41.159000,10446,10447,10447,2
2019-08-12,15:15:41.274000,10446,10447,10447,9
2019-08-12,15:15:44.684000,10447,10448,10448,2
2019-08-12,15:15:52.838000,10447,10448,10448,1
2019-08-12,15:15:54.141000,10447,10448,10448,1
2019-08-12,15:15:55.284000,10447,10448,10448,1
2019-08-12,15:16:13.770000,10447,10448,10447,1
2019-08-12,15:16:18.095000,10447,10448,10447,1
2019-08-12,15:16:24.003000,10447,10448,10447,4
2019-08-12,15:16:48.577000,10446,10447,10446,4
2019-08-12,15:17:22.597000,10446,10447,10446,1
2019-08-12,15:17:28.768000,10446,10447,10446,3
2019-08-12,15:17:42.649000,10446,10447,10447,2
2019-08-12,15:17:42.774000,10446,10447,10447,1
2019-08-12,15:18:07.748000,10446,10448,10448,1
2019-08-12,15:18:30.701000,10446,10448,10448,1
2019-08-12,15:18:35.312000,10447,10448,10447,1
2019-08-12,15:18:40.276000,10446,10447,10446,1
2019-08-12,15:18:43.569000,10446,10448,10448,1
2019-08-12,15:18:43.805000,10447,10448,10448,5
2019-08-12,15:18:49.220000,10447,10448,10448,1
2019-08-12,15:18:52.796000,10447,10448,10447,1
2019-08-12,15:19:15.531000,10447,10448,10448,1
2019-08-12,15:19:21.094000,10447,10448,10448,3
2019-08-12,15:19:21.149000,10447,10448,10448,10
2019-08-12,15:19:30.311000,10448,10449,10449,1
2019-08-12,15:19:38.274000,10448,10449,10448,7
2019-08-12,15:19:40.316000,10447,10449,10449,9
2019-08-12,15:19:41.568000,10447,10449,10449,3
2019-08-12,15:19:52.276000,10447,10449,10449,1
2019-08-12,15:19:53.156000,10447,10449,10449,1
2019-08-12,15:19:54.431000,10448,10449,10449,1
2019-08-12,15:19:55.404000,10448,10449,10449,2
2019-08-12,15:19:59.158000,10448,10450,10450,2
2019-08-12,15:19:59.305000,10448,10450,10450,1
2019-08-12,15:19:59.612000,10448,10450,10450,1
2019-08-12,15:20:03.900000,10448,10450,10450,1
2019-08-12,15:20:09.461000,10449,10450,10449,1
2019-08-12,15:20:15.513000,10449,10450,10450,1
2019-08-12,15:20:24.613000,10449,10450,10449,2
2019-08-12,15:20:52.039000,10449,10450,10450,2
2019-08-12,15:20:57.723000,10449,10450,10450,1
2019-08-12,15:21:08.038000,10449,10450,10450,6
2019-08-12,15:21:08.038000,10449,10450,10450,3
2019-08-12,15:21:08.039000,10449,10450,10450,1
2019-08-12,15:21:09.190000,10449,10450,10450,1
2019-08-12,15:21:09.274000,10449,10450,10450,6
2019-08-12,15:21:09.399000,10449,10450,10450,3
2019-08-12,15:21:09.399000,10449,10450,10450,6
2019-08-12,15:21:16.175000,10450,10451,10451,7
2019-08-12,15:21:16.176000,10450,10451,10451,2
2019-08-12,15:21:16.176000,10450,10451,10451,2
2019-08-12,15:21:16.176000,10450,10451,10451,2
2019-08-12,15:21:16.176000,10450,10451,10451,1
2019-08-12,15:21:16.176000,10450,10451,10451,1
2019-08-12,15:21:16.274000,10450,10451,10451,2
2019-08-12,15:21:26.635000,10451,10452,10451,1
2019-08-12,15:21:41.948000,10450,10451,10451,6
2019-08-12,15:21:43.473000,10451,10452,10451,1
2019-08-12,15:21:44.614000,10451,10452,10451,1
2019-08-12,15:21:52.892000,10451,10452,10451,2
2019-08-12,15:22:01.301000,10451,10452,10452,2
2019-08-12,15:22:01.570000,10451,10452,10452,2
2019-08-12,15:22:06.656000,10451,10452,10452,2
2019-08-12,15:22:06.837000,10451,10452,10452,2
2019-08-12,15:22:11.944000,10451,10452,10452,1
2019-08-12,15:22:15.998000,10451,10452,10452,1
2019-08-12,15:22:25.306000,10451,10452,10452,1
2019-08-12,15:22:29.629000,10451,10452,10451,15
2019-08-12,15:22:30.439000,10450,10451,10451,5
2019-08-12,15:22:30.618000,10450,10451,10451,1
2019-08-12,15:22:32.751000,10451,10452,10452,10
2019-08-12,15:22:35.840000,10451,10452,10452,5
2019-08-12,15:22:35.993000,10451,10452,10452,1
2019-08-12,15:22:36.229000,10451,10452,10452,3
2019-08-12,15:22:36.576000,10451,10452,10452,1
2019-08-12,15:22:36.627000,10451,10452,10452,1
2019-08-12,15:22:38.024000,10451,10452,10452,1
2019-08-12,15:22:42.793000,10451,10452,10452,2
2019-08-12,15:23:04.579000,10451,10452,10451,1
2019-08-12,15:23:07.305000,10451,10452,10451,24
2019-08-12,15:23:30.874000,10450,10451,10450,3
2019-08-12,15:23:31.535000,10450,10451,10451,2
2019-08-12,15:23:35.396000,10450,10451,10451,1
2019-08-12,15:23:35.551000,10450,10451,10451,1
2019-08-12,15:23:37.049000,10450,10451,10451,1
2019-08-12,15:23:45.101000,10450,10451,10451,2
2019-08-12,15:23:48.965000,10450,10451,10450,1
2019-08-12,15:24:03.702000,10450,10451,10451,1
2019-08-12,15:24:04.200000,10450,10451,10451,1
2019-08-12,15:24:07.026000,10450,10451,10451,1
2019-08-12,15:24:13.159000,10450,10451,10450,1
2019-08-12,15:24:38.142000,10450,10451,10450,3
2019-08-12,15:24:39.786000,10450,10451,10451,8
2019-08-12,15:24:39.786000,10450,10451,10451,7
2019-08-12,15:24:39.786000,10450,10451,10451,3
2019-08-12,15:24:40.041000,10451,10452,10451,1
2019-08-12,15:25:10.240000,10451,10452,10451,1
2019-08-12,15:25:18.310000,10451,10452,10451,3
2019-08-12,15:25:18.399000,10451,10452,10451,7
2019-08-12,15:25:24.309000,10450,10451,10450,1
2019-08-12,15:25:37.552000,10450,10451,10451,1
2019-08-12,15:26:01.387000,10450,10451,10451,1
2019-08-12,15:26:25.970000,10450,10451,10450,2
2019-08-12,15:26:25.971000,10450,10451,10450,3
2019-08-12,15:26:26.024000,10450,10451,10450,8
2019-08-12,15:26:26.981000,10449,10450,10449,1
2019-08-12,15:26:26.984000,10449,10450,10449,4
2019-08-12,15:26:26.986000,10449,10450,10449,3
2019-08-12,15:26:26.995000,10449,10450,10449,1
2019-08-12,15:26:39.065000,10448,10449,10449,3
2019-08-12,15:26:48.507000,10449,10450,10450,2
2019-08-12,15:27:00.808000,10448,10450,10449,1
2019-08-12,15:27:00.808000,10448,10450,10449,1
2019-08-12,15:27:07.194000,10448,10449,10449,1
2019-08-12,15:27:18.293000,10448,10449,10448,1
2019-08-12,15:27:19.901000,10448,10449,10449,1
2019-08-12,15:28:04.134000,10448,10449,10449,3
2019-08-12,15:28:08.121000,10448,10449,10449,1
2019-08-12,15:28:08.190000,10448,10449,10449,9
2019-08-12,15:28:18.278000,10449,10450,10449,1
2019-08-12,15:28:20.830000,10448,10450,10448,1
2019-08-12,15:28:56.430000,10448,10449,10449,1
2019-08-12,15:28:56.895000,10448,10449,10449,1
2019-08-12,15:28:58.227000,10448,10449,10449,1
2019-08-12,15:29:06.662000,10448,10449,10448,2
2019-08-12,15:29:06.663000,10448,10449,10448,2
2019-08-12,15:29:06.774000,10448,10449,10448,8
2019-08-12,15:29:06.899000,10448,10449,10448,3
2019-08-12,15:29:15.444000,10447,10448,10447,1
2019-08-12,15:29:15.589000,10447,10448,10448,1
2019-08-12,15:29:26.264000,10447,10448,10447,1
2019-08-12,15:29:29.057000,10446,10447,10447,1
2019-08-12,15:29:32.389000,10446,10447,10447,2
2019-08-12,15:30:00.337000,10447,10448,10447,3
2019-08-12,15:30:00.337000,10447,10448,10447,2
2019-08-12,15:30:02.295000,10446,10448,10448,5
2019-08-12,15:30:03.811000,10446,10448,10448,1
2019-08-12,15:30:03.935000,10446,10448,10448,2
2019-08-12,15:30:13.276000,10447,10448,10447,1
2019-08-12,15:30:13.276000,10447,10448,10446,1
2019-08-12,15:30:37.233000,10446,10447,10447,2
2019-08-12,15:30:42.182000,10446,10447,10447,3
2019-08-12,15:30:42.399000,10446,10447,10447,2
2019-08-12,15:31:02.982000,10446,10447,10446,6
2019-08-12,15:31:03.235000,10446,10447,10447,1
2019-08-12,15:31:24.915000,10446,10447,10447,1
2019-08-12,15:31:33.992000,10446,10447,10447,3
2019-08-12,15:31:38.404000,10446,10447,10446,7
2019-08-12,15:31:38.524000,10446,10447,10446,4
2019-08-12,15:31:39.215000,10446,10447,10446,7
2019-08-12,15:31:46.468000,10445,10446,10446,1
2019-08-12,15:31:48.834000,10445,10446,10446,1
2019-08-12,15:32:03.088000,10445,10446,10445,8
2019-08-12,15:32:15.549000,10445,10446,10446,1
2019-08-12,15:32:42.923000,10445,10446,10446,1
2019-08-12,15:32:52.897000,10445,10446,10446,3
2019-08-12,15:32:57.532000,10445,10446,10446,2
2019-08-12,15:32:57.576000,10445,10446,10446,1
2019-08-12,15:33:01.193000,10445,10446,10446,1
2019-08-12,15:33:02.203000,10445,10446,10445,3
2019-08-12,15:33:09.273000,10445,10446,10446,8
2019-08-12,15:33:11.226000,10446,10447,10446,1
2019-08-12,15:33:15.252000,10446,10447,10447,1
2019-08-12,15:33:20.922000,10446,10447,10447,1
2019-08-12,15:33:29.271000,10446,10447,10447,1
2019-08-12,15:33:42.284000,10446,10447,10447,1
2019-08-12,15:33:46.471000,10446,10447,10446,1
2019-08-12,15:33:46.524000,10446,10447,10446,2
2019-08-12,15:33:54.886000,10445,10446,10446,1
2019-08-12,15:34:13.264000,10446,10447,10446,1
2019-08-12,15:34:39.168000,10445,10446,10445,1
2019-08-12,15:34:39.168000,10445,10446,10445,1
2019-08-12,15:34:39.168000,10445,10446,10445,3
2019-08-12,15:34:39.168000,10445,10446,10445,1
2019-08-12,15:34:39.274000,10445,10446,10445,1
2019-08-12,15:34:39.274000,10445,10446,10445,6
2019-08-12,15:34:39.274000,10445,10446,10445,2
2019-08-12,15:34:39.316000,10445,10446,10445,3
2019-08-12,15:34:46.659000,10444,10445,10444,1
2019-08-12,15:34:47.423000,10444,10445,10445,2
2019-08-12,15:34:57.854000,10444,10445,10445,3
2019-08-12,15:35:00.028000,10444,10445,10445,1
2019-08-12,15:35:09.219000,10444,10445,10445,1
2019-08-12,15:35:09.783000,10444,10445,10445,1
2019-08-12,15:35:10.601000,10444,10446,10444,2
2019-08-12,15:35:11.026000,10444,10446,10444,1
2019-08-12,15:35:11.180000,10444,10446,10444,2
2019-08-12,15:35:14.877000,10445,10446,10445,1
2019-08-12,15:35:26.865000,10445,10446,10445,1
2019-08-12,15:35:33.871000,10445,10446,10446,6
2019-08-12,15:35:35.150000,10446,10447,10446,1
2019-08-12,15:35:41.923000,10446,10447,10446,1
2019-08-12,15:35:45.344000,10446,10447,10447,10
2019-08-12,15:35:59.132000,10446,10447,10447,1
2019-08-12,15:36:01.187000,10446,10447,10447,1
2019-08-12,15:36:10.762000,10446,10447,10447,2
2019-08-12,15:36:13.142000,10446,10447,10447,1
2019-08-12,15:36:21.346000,10446,10447,10447,1
2019-08-12,15:36:21.346000,10446,10447,10447,1
2019-08-12,15:36:21.346000,10446,10447,10447,1
2019-08-12,15:36:21.346000,10446,10447,10447,2
2019-08-12,15:36:21.399000,10446,10447,10447,25
2019-08-12,15:36:21.524000,10446,10447,10447,5
2019-08-12,15:36:23.992000,10447,10448,10447,23
2019-08-12,15:36:23.993000,10447,10448,10447,3
2019-08-12,15:36:23.993000,10447,10448,10447,3
2019-08-12,15:36:23.993000,10447,10448,10447,3
2019-08-12,15:36:23.996000,10447,10448,10447,3
2019-08-12,15:36:23.997000,10447,10448,10447,1
2019-08-12,15:36:24.004000,10447,10448,10447,1
2019-08-12,15:36:24.037000,10446,10447,10447,2
2019-08-12,15:36:24.149000,10446,10447,10447,2
2019-08-12,15:36:24.836000,10446,10447,10447,1
2019-08-12,15:36:25.963000,10446,10447,10447,1
2019-08-12,15:36:26.555000,10446,10447,10447,1
2019-08-12,15:36:27.179000,10446,10447,10447,1
2019-08-12,15:36:27.995000,10446,10447,10447,1
2019-08-12,15:36:31.482000,10447,10448,10447,3
2019-08-12,15:36:31.755000,10446,10447,10447,1
2019-08-12,15:36:43.974000,10446,10447,10446,1
2019-08-12,15:36:46.111000,10446,10447,10446,5
2019-08-12,15:36:48.403000,10445,10446,10445,2
2019-08-12,15:36:49.756000,10445,10446,10446,3
2019-08-12,15:36:49.774000,10446,10447,10446,3
2019-08-12,15:36:49.774000,10446,10447,10446,2
2019-08-12,15:36:49.899000,10446,10447,10446,2
2019-08-12,15:38:09.182000,10446,10447,10447,10
2019-08-12,15:38:09.274000,10446,10447,10447,2
2019-08-12,15:38:22.176000,10446,10447,10447,1
2019-08-12,15:38:23.339000,10446,10447,10447,1
2019-08-12,15:38:26.814000,10446,10447,10447,3
2019-08-12,15:38:28.245000,10446,10447,10447,1
2019-08-12,15:38:38.578000,10446,10447,10447,1
2019-08-12,15:38:43.886000,10446,10447,10447,1
2019-08-12,15:38:46.077000,10446,10447,10447,1
2019-08-12,15:38:46.077000,10446,10447,10447,2
2019-08-12,15:38:46.078000,10446,10447,10447,1
2019-08-12,15:38:46.078000,10446,10447,10447,1
2019-08-12,15:39:13.549000,10447,10448,10447,2
2019-08-12,15:39:13.649000,10447,10448,10447,1
2019-08-12,15:39:38.577000,10446,10447,10447,1
2019-08-12,15:40:04.413000,10446,10447,10447,1
2019-08-12,15:40:13.423000,10446,10447,10447,2
2019-08-12,15:40:46.165000,10446,10447,10447,1
2019-08-12,15:40:56.582000,10446,10447,10447,1
2019-08-12,15:40:56.772000,10446,10447,10446,1
2019-08-12,15:40:57.682000,10446,10447,10447,2
2019-08-12,15:41:18.064000,10446,10447,10447,1
2019-08-12,15:41:19.551000,10446,10447,10447,1
2019-08-12,15:41:45.087000,10446,10447,10447,2
2019-08-12,15:41:52.962000,10446,10447,10447,1
2019-08-12,15:42:26.145000,10446,10447,10447,1
2019-08-12,15:42:52.703000,10447,10448,10447,1
2019-08-12,15:43:05.181000,10446,10447,10447,1
2019-08-12,15:43:05.181000,10446,10447,10447,1
2019-08-12,15:43:05.181000,10446,10447,10447,1
2019-08-12,15:43:15.068000,10446,10447,10447,1
2019-08-12,15:43:18.283000,10446,10447,10446,1
2019-08-12,15:43:19.607000,10446,10447,10447,2
2019-08-12,15:43:21.633000,10446,10447,10447,1
2019-08-12,15:44:17.348000,10447,10448,10448,17
2019-08-12,15:44:17.349000,10447,10448,10448,1
2019-08-12,15:44:17.349000,10447,10448,10448,1
2019-08-12,15:44:17.426000,10448,10449,10449,1
2019-08-12,15:44:22.435000,10448,10449,10448,2
2019-08-12,15:44:26.728000,10448,10449,10448,3
2019-08-12,15:44:29.101000,10448,10449,10449,1
2019-08-12,15:44:34.851000,10448,10449,10448,7
2019-08-12,15:44:35.481000,10447,10448,10448,1
2019-08-12,15:44:37.914000,10447,10448,10448,1
2019-08-12,15:44:39.538000,10447,10448,10448,1
2019-08-12,15:44:40.562000,10447,10448,10448,1
2019-08-12,15:44:42.058000,10447,10448,10448,3
2019-08-12,15:44:48.055000,10448,10449,10448,1
2019-08-12,15:44:57.327000,10447,10448,10448,1
2019-08-12,15:45:02.572000,10448,10449,10448,1
2019-08-12,15:45:09.974000,10448,10449,10448,1
2019-08-12,15:45:10.089000,10448,10449,10448,1
2019-08-12,15:45:32.055000,10448,10449,10448,1
2019-08-12,15:45:37.901000,10448,10449,10448,1
2019-08-12,15:45:40.875000,10448,10449,10448,1
2019-08-12,15:45:47.185000,10448,10449,10449,1
2019-08-12,15:46:11.726000,10448,10449,10448,1
2019-08-12,15:46:16.486000,10448,10449,10449,1
2019-08-12,15:46:30.790000,10448,10449,10449,1
2019-08-12,15:46:45.158000,10448,10449,10449,2
2019-08-12,15:46:45.158000,10448,10449,10449,7
2019-08-12,15:46:52.992000,10449,10450,10449,3
2019-08-12,15:47:02.122000,10448,10449,10449,2
2019-08-12,15:47:03.136000,10448,10450,10448,1
2019-08-12,15:47:03.784000,10448,10449,10449,1
2019-08-12,15:47:03.784000,10448,10449,10450,9
2019-08-12,15:47:05.214000,10449,10450,10450,10
2019-08-12,15:47:05.521000,10449,10450,10449,1
2019-08-12,15:47:21.279000,10449,10450,10449,1
2019-08-12,15:47:23.609000,10449,10450,10449,2
2019-08-12,15:47:27.398000,10448,10449,10449,1
2019-08-12,15:47:27.811000,10449,10450,10449,1
2019-08-12,15:47:41.057000,10449,10450,10449,1
2019-08-12,15:47:47.982000,10449,10450,10449,1
2019-08-12,15:47:49.274000,10449,10450,10449,8
2019-08-12,15:47:54.999000,10448,10449,10448,1
2019-08-12,15:48:02.859000,10448,10449,10448,2
2019-08-12,15:48:22.894000,10448,10449,10448,1
2019-08-12,15:48:27.042000,10447,10448,10448,1
2019-08-12,15:48:46.718000,10447,10448,10447,6
2019-08-12,15:49:03.026000,10446,10447,10446,5
2019-08-12,15:49:17.826000,10446,10447,10446,2
2019-08-12,15:49:21.240000,10446,10447,10447,1
2019-08-12,15:49:54.105000,10446,10447,10446,2
2019-08-12,15:49:54.149000,10446,10447,10446,5
2019-08-12,15:49:54.274000,10446,10447,10446,6
2019-08-12,15:50:01.927000,10445,10446,10446,1
2019-08-12,15:50:03.100000,10445,10446,10445,1
2019-08-12,15:50:03.484000,10445,10446,10446,2
2019-08-12,15:50:04.260000,10445,10446,10446,2
2019-08-12,15:50:04.414000,10445,10446,10445,4
2019-08-12,15:50:04.455000,10445,10446,10445,1
2019-08-12,15:50:36.965000,10444,10445,10445,1
2019-08-12,15:50:38.269000,10444,10445,10445,2
2019-08-12,15:50:39.764000,10444,10445,10445,1
2019-08-12,15:50:42.295000,10444,10445,10445,1
2019-08-12,15:50:53.157000,10445,10446,10445,1
2019-08-12,15:51:02.190000,10445,10446,10445,4
2019-08-12,15:51:12.650000,10444,10445,10445,1
2019-08-12,15:51:15.543000,10444,10445,10445,1
2019-08-12,15:51:29.788000,10444,10445,10444,1
2019-08-12,15:51:32.547000,10444,10445,10445,10
2019-08-12,15:51:38.560000,10444,10446,10444,1
2019-08-12,15:51:58.798000,10445,10446,10445,1
2019-08-12,15:52:23.881000,10445,10446,10446,1
2019-08-12,15:52:38.187000,10445,10446,10446,1
2019-08-12,15:52:39.923000,10445,10446,10446,1
2019-08-12,15:52:45.984000,10445,10446,10446,1
2019-08-12,15:52:58.927000,10445,10446,10445,1
2019-08-12,15:53:02.453000,10445,10446,10445,1
2019-08-12,15:53:11.389000,10445,10446,10445,1
2019-08-12,15:53:14.619000,10444,10445,10445,1
2019-08-12,15:54:02.468000,10445,10446,10445,1
2019-08-12,15:54:02.468000,10445,10446,10445,2
2019-08-12,15:54:02.527000,10445,10446,10445,8
2019-08-12,15:54:04.593000,10444,10445,10445,1
2019-08-12,15:54:07.380000,10444,10445,10445,1
2019-08-12,15:54:13.582000,10445,10446,10445,1
2019-08-12,15:54:23.371000,10445,10446,10445,1
2019-08-12,15:54:23.399000,10445,10446,10445,1
2019-08-12,15:54:31.739000,10444,10445,10445,1
2019-08-12,15:54:35.787000,10444,10445,10444,1
2019-08-12,15:55:02.633000,10444,10445,10444,9
2019-08-12,15:55:08.135000,10444,10445,10444,2
2019-08-12,15:55:08.234000,10444,10445,10444,2
2019-08-12,15:55:08.274000,10444,10445,10444,2
2019-08-12,15:55:09.329000,10443,10444,10443,1
2019-08-12,15:55:09.329000,10443,10444,10443,1
2019-08-12,15:55:09.446000,10443,10444,10443,1
2019-08-12,15:55:09.450000,10443,10444,10443,1
2019-08-12,15:55:09.472000,10443,10444,10443,1
2019-08-12,15:55:09.607000,10443,10444,10443,1
2019-08-12,15:55:11.241000,10443,10444,10443,1
2019-08-12,15:55:11.242000,10443,10444,10443,1
2019-08-12,15:55:11.260000,10443,10444,10443,1
2019-08-12,15:55:11.650000,10443,10444,10444,2
2019-08-12,15:55:15.321000,10443,10444,10444,2
2019-08-12,15:55:18.119000,10443,10444,10444,2
2019-08-12,15:55:18.119000,10443,10444,10444,4
2019-08-12,15:55:18.119000,10443,10444,10444,1
2019-08-12,15:55:18.557000,10443,10445,10444,1
2019-08-12,15:55:21.434000,10444,10445,10444,1
2019-08-12,15:55:23.299000,10444,10445,10444,1
2019-08-12,15:55:26.748000,10444,10445,10444,1
2019-08-12,15:55:27.483000,10444,10445,10445,1
2019-08-12,15:55:34.738000,10444,10445,10445,1
2019-08-12,15:55:41.587000,10444,10445,10445,3
2019-08-12,15:55:45.186000,10444,10445,10445,1
2019-08-12,15:55:57.305000,10445,10446,10445,3
2019-08-12,15:56:14.902000,10444,10445,10445,1
2019-08-12,15:56:36.227000,10444,10445,10445,16
2019-08-12,15:56:36.344000,10444,10446,10446,1
2019-08-12,15:56:41.501000,10445,10446,10446,1
2019-08-12,15:56:42.328000,10445,10446,10445,1
2019-08-12,15:56:45.778000,10445,10446,10446,1
2019-08-12,15:56:57.137000,10445,10446,10446,1
2019-08-12,15:57:09.832000,10445,10446,10446,1
2019-08-12,15:57:11.616000,10445,10446,10445,1
2019-08-12,15:57:51.106000,10445,10446,10446,1
2019-08-12,15:57:52.548000,10445,10446,10446,2
2019-08-12,15:57:59.812000,10445,10446,10445,1
2019-08-12,15:58:09.451000,10445,10446,10445,2
2019-08-12,15:58:30.553000,10445,10446,10445,4
2019-08-12,15:58:34.378000,10445,10446,10445,1
2019-08-12,15:59:20.215000,10444,10445,10445,2
2019-08-12,15:59:21.056000,10444,10445,10444,5
2019-08-12,15:59:55.242000,10444,10445,10444,3
2019-08-12,15:59:55.242000,10444,10445,10444,12
2019-08-12,16:00:03.952000,10443,10444,10443,1
2019-08-12,16:00:04.611000,10443,10444,10443,2
2019-08-12,16:00:05.345000,10443,10444,10444,1
2019-08-12,16:00:10.789000,10443,10444,10443,3
2019-08-12,16:00:13.977000,10443,10444,10443,1
2019-08-12,16:00:15.937000,10443,10444,10443,1
2019-08-12,16:00:19.958000,10443,10444,10443,1
2019-08-12,16:00:20.184000,10443,10444,10443,1
2019-08-12,16:00:24.656000,10443,10444,10443,2
2019-08-12,16:00:44.989000,10443,10444,10443,3
2019-08-12,16:00:44.990000,10443,10444,10443,1
2019-08-12,16:00:44.990000,10443,10444,10443,8
2019-08-12,16:00:45.024000,10443,10444,10443,4
2019-08-12,16:00:48.125000,10442,10443,10442,1
2019-08-12,16:00:48.138000,10442,10443,10442,8
2019-08-12,16:00:48.149000,10442,10443,10442,4
2019-08-12,16:00:48.149000,10442,10443,10442,1
2019-08-12,16:00:48.149000,10442,10443,10442,1
2019-08-12,16:00:48.149000,10442,10443,10442,3
2019-08-12,16:00:48.149000,10442,10443,10442,4
2019-08-12,16:00:48.149000,10442,10443,10442,2
2019-08-12,16:00:48.150000,10442,10443,10442,1
2019-08-12,16:00:48.150000,10442,10443,10442,1
2019-08-12,16:00:48.150000,10442,10443,10442,15
2019-08-12,16:00:48.349000,10441,10442,10441,1
2019-08-12,16:00:48.375000,10441,10442,10441,1
2019-08-12,16:00:48.404000,10441,10442,10441,1
2019-08-12,16:00:48.528000,10441,10442,10441,1
2019-08-12,16:00:48.988000,10441,10442,10441,1
2019-08-12,16:00:49.099000,10441,10442,10441,2
2019-08-12,16:00:52.035000,10441,10442,10441,5
2019-08-12,16:00:52.395000,10441,10442,10441,1
2019-08-12,16:00:53.055000,10441,10442,10441,1
2019-08-12,16:00:55.818000,10441,10442,10442,1
2019-08-12,16:00:56.599000,10441,10442,10442,2
2019-08-12,16:00:56.599000,10441,10442,10442,1
2019-08-12,16:00:57.675000,10441,10442,10441,1
2019-08-12,16:00:59.118000,10441,10442,10441,1
2019-08-12,16:01:01.486000,10441,10442,10441,1
2019-08-12,16:01:02.284000,10441,10442,10441,10
2019-08-12,16:01:02.392000,10441,10442,10441,1
2019-08-12,16:01:02.476000,10441,10442,10441,2
2019-08-12,16:01:02.502000,10441,10442,10441,1
2019-08-12,16:01:05.525000,10441,10442,10442,1
2019-08-12,16:01:05.908000,10441,10442,10442,1
2019-08-12,16:01:06.603000,10441,10442,10442,1
2019-08-12,16:01:07.297000,10441,10442,10442,1
2019-08-12,16:01:08.022000,10441,10442,10441,1
2019-08-12,16:01:08.617000,10441,10442,10442,1
2019-08-12,16:01:09.257000,10441,10442,10442,1
2019-08-12,16:01:09.890000,10441,10442,10442,1
2019-08-12,16:01:10.548000,10442,10443,10442,1
2019-08-12,16:01:12.809000,10441,10442,10442,1
2019-08-12,16:01:15.201000,10441,10442,10442,1
2019-08-12,16:01:17.049000,10441,10442,10442,1
2019-08-12,16:01:20.200000,10441,10442,10442,2
2019-08-12,16:01:29.624000,10441,10442,10442,1
2019-08-12,16:01:38.950000,10441,10442,10442,1
2019-08-12,16:01:39.934000,10441,10442,10441,1
2019-08-12,16:01:40.481000,10441,10442,10441,1
2019-08-12,16:01:58.493000,10441,10442,10441,2
2019-08-12,16:01:59.633000,10441,10442,10441,21
2019-08-12,16:01:59.978000,10440,10441,10440,1
2019-08-12,16:01:59.979000,10440,10441,10440,3
2019-08-12,16:01:59.981000,10440,10441,10440,2
2019-08-12,16:02:00.006000,10440,10441,10440,2
2019-08-12,16:02:00.045000,10440,10441,10440,5
2019-08-12,16:02:00.187000,10440,10441,10440,1
2019-08-12,16:02:00.206000,10440,10441,10440,2
2019-08-12,16:02:10.448000,10440,10441,10441,4
2019-08-12,16:02:10.524000,10440,10441,10441,5
2019-08-12,16:02:13.024000,10440,10441,10441,2
2019-08-12,16:02:16.237000,10441,10442,10441,2
2019-08-12,16:02:18.392000,10441,10442,10441,3
2019-08-12,16:02:18.392000,10441,10442,10440,2
2019-08-12,16:02:21.036000,10441,10442,10442,1
2019-08-12,16:02:24.355000,10441,10442,10441,3
2019-08-12,16:02:25.343000,10440,10441,10441,1
2019-08-12,16:02:26.649000,10440,10441,10441,1
2019-08-12,16:02:28.121000,10440,10441,10441,1
2019-08-12,16:02:28.722000,10440,10441,10441,1
2019-08-12,16:02:29.132000,10440,10441,10441,1
2019-08-12,16:02:29.197000,10440,10441,10441,1
2019-08-12,16:02:31.081000,10440,10441,10441,1
2019-08-12,16:02:32.807000,10440,10441,10441,1
2019-08-12,16:02:34.208000,10440,10441,10441,2
2019-08-12,16:02:45.854000,10440,10441,10441,1
2019-08-12,16:02:47.463000,10440,10441,10440,1
2019-08-12,16:02:49.080000,10440,10441,10441,1
2019-08-12,16:02:50.321000,10440,10441,10441,1
2019-08-12,16:02:51.092000,10440,10441,10441,1
2019-08-12,16:02:59.332000,10440,10441,10441,1
2019-08-12,16:03:00.505000,10440,10441,10441,1
2019-08-12,16:03:00.702000,10440,10441,10440,1
2019-08-12,16:03:00.722000,10440,10441,10440,1
2019-08-12,16:03:02.515000,10440,10441,10440,7
2019-08-12,16:03:04.730000,10440,10441,10440,1
2019-08-12,16:03:04.730000,10440,10441,10440,2
2019-08-12,16:03:04.730000,10440,10441,10440,1
2019-08-12,16:03:04.740000,10440,10441,10440,1
2019-08-12,16:03:05.731000,10440,10441,10441,1
2019-08-12,16:03:07.118000,10440,10441,10440,2
2019-08-12,16:03:07.149000,10440,10441,10440,6
2019-08-12,16:03:07.337000,10440,10441,10441,1
2019-08-12,16:03:11.049000,10440,10441,10440,2
2019-08-12,16:03:11.970000,10440,10441,10440,1
2019-08-12,16:03:14.537000,10440,10441,10441,3
2019-08-12,16:03:14.858000,10440,10441,10441,1
2019-08-12,16:03:17.345000,10440,10441,10441,1
2019-08-12,16:03:28.842000,10440,10441,10440,1
2019-08-12,16:03:37.405000,10440,10441,10440,36
2019-08-12,16:03:40.419000,10439,10440,10439,2
2019-08-12,16:03:40.530000,10439,10440,10439,2
2019-08-12,16:03:40.534000,10439,10440,10439,2
2019-08-12,16:03:40.576000,10439,10440,10439,1
2019-08-12,16:03:40.666000,10439,10440,10439,1
2019-08-12,16:03:40.788000,10439,10440,10439,1
2019-08-12,16:03:40.945000,10439,10440,10439,1
2019-08-12,16:03:41.105000,10439,10440,10440,1
2019-08-12,16:03:41.264000,10439,10440,10439,1
2019-08-12,16:03:41.353000,10439,10440,10439,2
2019-08-12,16:03:41.429000,10439,10440,10439,2
2019-08-12,16:03:41.429000,10439,10440,10438,2
2019-08-12,16:03:41.561000,10438,10440,10438,1
2019-08-12,16:03:41.564000,10438,10440,10438,1
2019-08-12,16:03:41.571000,10438,10440,10438,1
2019-08-12,16:03:41.608000,10438,10440,10438,1
2019-08-12,16:03:41.610000,10438,10440,10438,1
2019-08-12,16:03:41.717000,10438,10439,10438,1
2019-08-12,16:03:41.836000,10438,10439,10438,1
2019-08-12,16:03:42.167000,10438,10439,10438,2
2019-08-12,16:03:42.386000,10438,10439,10439,1
2019-08-12,16:03:43.133000,10438,10439,10438,1
2019-08-12,16:03:43.799000,10438,10439,10439,5
2019-08-12,16:03:44.655000,10438,10439,10439,1
2019-08-12,16:03:45.794000,10438,10439,10439,1
2019-08-12,16:03:48.114000,10438,10439,10439,1
2019-08-12,16:03:48.805000,10438,10439,10438,1
2019-08-12,16:03:48.806000,10438,10439,10438,1
2019-08-12,16:03:48.900000,10438,10439,10438,11
2019-08-12,16:03:49.635000,10437,10438,10437,1
2019-08-12,16:03:49.659000,10437,10438,10437,1
2019-08-12,16:03:49.709000,10437,10438,10437,1
2019-08-12,16:03:49.767000,10437,10438,10437,2
2019-08-12,16:03:49.768000,10437,10438,10437,1
2019-08-12,16:03:49.859000,10437,10438,10438,1
2019-08-12,16:03:49.884000,10437,10438,10437,2
2019-08-12,16:03:50.180000,10437,10438,10437,1
2019-08-12,16:03:50.180000,10437,10438,10437,1
2019-08-12,16:03:50.189000,10437,10438,10437,1
2019-08-12,16:03:50.190000,10437,10438,10437,1
2019-08-12,16:03:50.190000,10437,10438,10437,1
2019-08-12,16:03:50.209000,10437,10438,10438,1
2019-08-12,16:03:50.245000,10437,10438,10437,1
2019-08-12,16:03:50.451000,10437,10438,10437,1
2019-08-12,16:03:50.495000,10437,10438,10436,1
2019-08-12,16:03:50.573000,10436,10437,10436,1
2019-08-12,16:03:50.608000,10436,10437,10436,3
2019-08-12,16:03:50.620000,10436,10437,10436,1
2019-08-12,16:03:50.746000,10436,10437,10436,1
2019-08-12,16:03:50.773000,10436,10437,10436,1
2019-08-12,16:03:50.779000,10436,10437,10436,1
2019-08-12,16:03:50.788000,10436,10437,10436,1
2019-08-12,16:03:50.830000,10436,10437,10436,1
2019-08-12,16:03:50.839000,10436,10437,10436,1
2019-08-12,16:03:50.840000,10436,10437,10436,1
2019-08-12,16:03:50.893000,10436,10437,10436,1
2019-08-12,16:03:51.191000,10436,10437,10436,1
2019-08-12,16:03:52.022000,10436,10437,10437,1
2019-08-12,16:03:53.642000,10436,10437,10436,1
2019-08-12,16:03:54.227000,10436,10437,10437,1
2019-08-12,16:03:56.698000,10436,10437,10436,1
2019-08-12,16:03:57.760000,10436,10437,10436,1
2019-08-12,16:03:59.815000,10436,10437,10436,1
2019-08-12,16:04:01.795000,10436,10437,10437,1
2019-08-12,16:04:02.342000,10436,10437,10436,2
2019-08-12,16:04:02.682000,10436,10437,10436,10
2019-08-12,16:04:02.879000,10436,10437,10436,1
2019-08-12,16:04:03.950000,10436,10437,10436,2
2019-08-12,16:04:05.248000,10436,10437,10436,1
2019-08-12,16:04:05.400000,10436,10437,10436,3
2019-08-12,16:04:06.772000,10435,10436,10435,1
2019-08-12,16:04:06.801000,10435,10436,10435,1
2019-08-12,16:04:06.804000,10435,10436,10435,1
2019-08-12,16:04:06.805000,10435,10436,10435,1
2019-08-12,16:04:06.961000,10435,10436,10435,2
2019-08-12,16:04:07.004000,10435,10436,10436,1
2019-08-12,16:04:07.151000,10435,10436,10435,1
2019-08-12,16:04:07.370000,10435,10436,10436,3
2019-08-12,16:04:07.706000,10435,10436,10435,3
2019-08-12,16:04:07.846000,10435,10436,10435,1
2019-08-12,16:04:07.995000,10435,10436,10435,2
2019-08-12,16:04:07.995000,10435,10436,10435,3
2019-08-12,16:04:08.024000,10435,10436,10435,4
2019-08-12,16:04:10.631000,10434,10435,10434,6
2019-08-12,16:04:10.743000,10434,10435,10434,3
2019-08-12,16:04:10.743000,10434,10435,10433,2
2019-08-12,16:04:10.751000,10434,10435,10433,2
2019-08-12,16:04:10.913000,10433,10434,10433,1
2019-08-12,16:04:11.160000,10433,10434,10434,1
2019-08-12,16:04:11.321000,10433,10434,10433,1
2019-08-12,16:04:12.883000,10433,10434,10434,1
2019-08-12,16:04:13.316000,10433,10434,10434,1
2019-08-12,16:04:13.509000,10433,10434,10433,1
2019-08-12,16:04:14.020000,10433,10434,10433,1
2019-08-12,16:04:14.731000,10433,10434,10433,1
2019-08-12,16:04:15.557000,10433,10434,10433,1
2019-08-12,16:04:15.689000,10433,10434,10433,1
2019-08-12,16:04:16.119000,10433,10434,10433,1
2019-08-12,16:04:16.133000,10433,10434,10433,1
2019-08-12,16:04:17.090000,10433,10434,10433,5
2019-08-12,16:04:17.880000,10433,10434,10433,1
2019-08-12,16:04:19.168000,10433,10434,10433,2
2019-08-12,16:04:20.185000,10433,10434,10433,4
2019-08-12,16:04:21.496000,10433,10434,10433,1
2019-08-12,16:04:21.927000,10433,10434,10434,2
2019-08-12,16:04:22.365000,10434,10435,10434,1
2019-08-12,16:04:22.955000,10434,10435,10434,1
2019-08-12,16:04:24.494000,10434,10435,10434,1
2019-08-12,16:04:24.519000,10434,10435,10435,1
2019-08-12,16:04:25.666000,10434,10435,10435,1
2019-08-12,16:04:26.122000,10434,10435,10435,1
2019-08-12,16:04:27.657000,10435,10436,10435,1
2019-08-12,16:04:27.813000,10435,10436,10435,1
2019-08-12,16:04:27.948000,10435,10436,10436,1
2019-08-12,16:04:27.948000,10435,10436,10436,2
2019-08-12,16:04:27.949000,10435,10436,10436,2
2019-08-12,16:04:27.949000,10435,10436,10436,1
2019-08-12,16:04:36.399000,10436,10437,10436,1
2019-08-12,16:04:37.209000,10435,10436,10436,1
2019-08-12,16:04:37.210000,10435,10436,10436,1
2019-08-12,16:04:40.066000,10435,10436,10436,1
2019-08-12,16:04:40.239000,10435,10436,10436,1
2019-08-12,16:04:40.239000,10435,10436,10436,1
2019-08-12,16:04:42.095000,10436,10437,10437,3
2019-08-12,16:04:42.683000,10436,10437,10437,6
2019-08-12,16:04:46.903000,10437,10438,10438,4
2019-08-12,16:04:46.916000,10437,10438,10437,1
2019-08-12,16:04:47.121000,10437,10439,10439,1
2019-08-12,16:04:50.763000,10438,10439,10438,1
2019-08-12,16:04:55.955000,10437,10438,10438,2
2019-08-12,16:04:55.955000,10437,10438,10439,3
2019-08-12,16:05:00.164000,10438,10439,10438,2
2019-08-12,16:05:01.430000,10437,10438,10438,1
2019-08-12,16:05:02.755000,10438,10439,10438,1
2019-08-12,16:05:02.759000,10438,10439,10438,1
2019-08-12,16:05:03.256000,10437,10438,10437,2
2019-08-12,16:05:03.904000,10437,10438,10437,2
2019-08-12,16:05:04.906000,10437,10438,10438,1
2019-08-12,16:05:09.879000,10437,10438,10437,2
2019-08-12,16:05:11.895000,10436,10438,10438,1
2019-08-12,16:05:13.416000,10437,10438,10437,2
2019-08-12,16:05:15.499000,10437,10438,10437,1
2019-08-12,16:05:21.797000,10437,10438,10437,5
2019-08-12,16:05:22.149000,10437,10438,10437,1
2019-08-12,16:05:26.040000,10437,10438,10437,1
2019-08-12,16:05:27.067000,10437,10438,10437,3
2019-08-12,16:05:28.095000,10437,10438,10438,7
2019-08-12,16:05:34.608000,10438,10439,10438,3
2019-08-12,16:05:43.649000,10437,10438,10437,1
2019-08-12,16:05:44.322000,10437,10438,10438,1
2019-08-12,16:06:02.546000,10437,10438,10437,1
2019-08-12,16:06:02.837000,10437,10438,10437,4
2019-08-12,16:06:03.012000,10437,10438,10437,1
2019-08-12,16:06:03.024000,10437,10438,10437,2
2019-08-12,16:06:12.321000,10436,10437,10437,1
2019-08-12,16:06:18.756000,10436,10437,10436,1
2019-08-12,16:06:20.731000,10436,10437,10436,1
2019-08-12,16:06:21.171000,10436,10437,10436,3
2019-08-12,16:06:21.919000,10435,10436,10436,1
2019-08-12,16:06:26.952000,10435,10436,10435,1
2019-08-12,16:06:27.080000,10435,10436,10435,9
2019-08-12,16:06:27.149000,10435,10436,10435,3
2019-08-12,16:06:27.539000,10434,10435,10435,1
2019-08-12,16:06:28.472000,10434,10435,10435,2
2019-08-12,16:06:28.673000,10435,10436,10435,1
2019-08-12,16:06:31.567000,10434,10435,10435,1
2019-08-12,16:06:31.704000,10434,10435,10435,1
2019-08-12,16:06:33.239000,10434,10435,10434,2
2019-08-12,16:06:39.728000,10434,10435,10434,3
2019-08-12,16:06:40.547000,10434,10435,10434,1
2019-08-12,16:06:43.902000,10434,10435,10435,2
2019-08-12,16:06:44.820000,10434,10435,10434,2
2019-08-12,16:06:45.504000,10434,10435,10434,1
2019-08-12,16:06:46.580000,10434,10435,10434,1
2019-08-12,16:06:46.765000,10434,10435,10434,1
2019-08-12,16:06:47.830000,10434,10435,10434,2
2019-08-12,16:06:48.068000,10434,10435,10434,1
2019-08-12,16:06:48.486000,10434,10435,10434,1
2019-08-12,16:06:48.799000,10434,10435,10435,9
2019-08-12,16:06:48.799000,10434,10435,10436,6
2019-08-12,16:06:49.564000,10434,10435,10434,1
2019-08-12,16:06:50.722000,10434,10435,10435,2
2019-08-12,16:06:51.640000,10434,10435,10435,1
2019-08-12,16:06:55.020000,10434,10435,10434,2
2019-08-12,16:06:55.021000,10434,10435,10434,1
2019-08-12,16:06:55.021000,10434,10435,10434,2
2019-08-12,16:06:55.021000,10434,10435,10434,2
2019-08-12,16:06:55.024000,10434,10435,10434,2
2019-08-12,16:06:55.024000,10434,10435,10434,1
2019-08-12,16:06:55.024000,10434,10435,10434,2
2019-08-12,16:06:55.024000,10434,10435,10434,2
2019-08-12,16:06:55.025000,10434,10435,10434,2
2019-08-12,16:06:55.025000,10434,10435,10434,7
2019-08-12,16:06:55.461000,10433,10434,10434,2
2019-08-12,16:06:55.663000,10433,10434,10434,1
2019-08-12,16:06:56.280000,10433,10434,10434,1
2019-08-12,16:06:56.281000,10433,10434,10434,6
2019-08-12,16:07:00.189000,10433,10434,10433,20
2019-08-12,16:07:01.539000,10432,10433,10432,1
2019-08-12,16:07:01.846000,10432,10433,10432,2
2019-08-12,16:07:02.127000,10432,10433,10432,1
2019-08-12,16:07:02.955000,10432,10433,10432,6
2019-08-12,16:07:03.001000,10432,10433,10432,1
2019-08-12,16:07:03.019000,10432,10433,10432,1
2019-08-12,16:07:06.082000,10432,10433,10433,1
2019-08-12,16:07:06.283000,10432,10433,10432,1
2019-08-12,16:07:06.894000,10432,10433,10432,1
2019-08-12,16:07:06.997000,10432,10433,10433,1
2019-08-12,16:07:07.097000,10432,10433,10432,1
2019-08-12,16:07:08.022000,10432,10433,10432,2
2019-08-12,16:07:11.301000,10432,10433,10432,2
2019-08-12,16:07:11.618000,10432,10433,10433,1
2019-08-12,16:07:12.325000,10432,10433,10432,1
2019-08-12,16:07:15.027000,10432,10433,10433,4
2019-08-12,16:07:15.028000,10432,10433,10433,2
2019-08-12,16:07:15.149000,10432,10433,10433,5
2019-08-12,16:07:17.460000,10432,10433,10433,1
2019-08-12,16:07:18.233000,10433,10434,10433,1
2019-08-12,16:07:19.685000,10433,10434,10433,1
2019-08-12,16:07:20.715000,10432,10433,10433,1
2019-08-12,16:07:23.546000,10432,10434,10432,2
2019-08-12,16:07:25.364000,10433,10434,10433,1
2019-08-12,16:07:26.908000,10433,10434,10434,1
2019-08-12,16:07:27.594000,10433,10434,10433,1
2019-08-12,16:07:42.040000,10434,10435,10434,1
2019-08-12,16:07:42.067000,10434,10435,10433,5
2019-08-12,16:07:44.044000,10433,10435,10433,2
2019-08-12,16:07:47.445000,10433,10434,10433,5
2019-08-12,16:07:48.799000,10433,10434,10433,1
2019-08-12,16:07:49.007000,10433,10434,10433,1
2019-08-12,16:07:49.024000,10433,10434,10433,2
2019-08-12,16:07:49.024000,10433,10434,10433,5
2019-08-12,16:07:50.836000,10432,10433,10432,3
2019-08-12,16:07:51.211000,10432,10433,10433,2
2019-08-12,16:07:51.505000,10432,10433,10432,4
2019-08-12,16:07:52.354000,10432,10433,10432,1
2019-08-12,16:07:52.355000,10432,10433,10432,2
2019-08-12,16:07:52.401000,10432,10433,10432,1
2019-08-12,16:07:53.366000,10432,10433,10432,4
2019-08-12,16:07:53.381000,10432,10433,10432,4
2019-08-12,16:07:55.123000,10431,10432,10431,3
2019-08-12,16:07:55.176000,10431,10432,10431,2
2019-08-12,16:07:55.225000,10431,10432,10431,1
2019-08-12,16:07:55.483000,10431,10432,10431,1
2019-08-12,16:07:55.623000,10431,10432,10431,2
2019-08-12,16:07:57.015000,10431,10432,10432,1
2019-08-12,16:07:57.276000,10431,10432,10432,9
2019-08-12,16:07:57.276000,10431,10432,10433,1
2019-08-12,16:07:57.412000,10431,10433,10431,1
2019-08-12,16:07:58.108000,10431,10432,10432,1
2019-08-12,16:08:00.487000,10431,10432,10432,1
2019-08-12,16:08:01.314000,10431,10432,10431,1
2019-08-12,16:08:01.676000,10431,10432,10431,5
2019-08-12,16:08:02.330000,10430,10432,10431,1
2019-08-12,16:08:02.332000,10430,10432,10432,1
2019-08-12,16:08:03.696000,10430,10431,10430,1
2019-08-12,16:08:03.696000,10430,10431,10430,1
2019-08-12,16:08:03.702000,10430,10431,10430,1
2019-08-12,16:08:03.716000,10430,10431,10430,1
2019-08-12,16:08:03.783000,10430,10431,10430,1
2019-08-12,16:08:03.792000,10430,10431,10430,1
2019-08-12,16:08:03.796000,10430,10431,10430,1
2019-08-12,16:08:03.799000,10430,10431,10430,1
2019-08-12,16:08:03.808000,10430,10431,10430,1
2019-08-12,16:08:03.810000,10430,10431,10430,1
2019-08-12,16:08:03.815000,10430,10431,10430,1
2019-08-12,16:08:03.840000,10430,10431,10430,2
2019-08-12,16:08:03.979000,10430,10431,10430,10
2019-08-12,16:08:04.051000,10430,10431,10430,1
2019-08-12,16:08:04.096000,10430,10431,10430,1
2019-08-12,16:08:04.347000,10430,10431,10430,1
2019-08-12,16:08:04.374000,10430,10431,10430,4
2019-08-12,16:08:04.512000,10430,10431,10431,1
2019-08-12,16:08:04.530000,10430,10431,10430,1
2019-08-12,16:08:05.373000,10430,10431,10430,2
2019-08-12,16:08:06.817000,10430,10431,10431,2
2019-08-12,16:08:06.931000,10430,10431,10431,1
2019-08-12,16:08:07.198000,10430,10431,10430,9
2019-08-12,16:08:07.198000,10430,10431,10429,11
2019-08-12,16:08:08.108000,10429,10430,10429,2
2019-08-12,16:08:08.128000,10429,10430,10429,1
2019-08-12,16:08:08.130000,10429,10430,10429,1
2019-08-12,16:08:08.413000,10429,10430,10429,3
2019-08-12,16:08:08.980000,10429,10430,10429,1
2019-08-12,16:08:09.349000,10428,10430,10428,1
2019-08-12,16:08:09.398000,10428,10430,10428,1
2019-08-12,16:08:09.402000,10428,10429,10428,22
2019-08-12,16:08:09.598000,10428,10429,10428,1
2019-08-12,16:08:09.606000,10428,10429,10428,1
2019-08-12,16:08:09.647000,10428,10429,10427,1
2019-08-12,16:08:09.651000,10427,10428,10427,2
2019-08-12,16:08:09.802000,10427,10428,10427,1
2019-08-12,16:08:09.833000,10427,10428,10427,1
2019-08-12,16:08:09.958000,10427,10428,10427,1
2019-08-12,16:08:10.262000,10427,10429,10427,2
2019-08-12,16:08:13.814000,10427,10428,10427,6
2019-08-12,16:08:13.935000,10426,10428,10426,1
2019-08-12,16:08:14.082000,10426,10427,10427,1
2019-08-12,16:08:14.232000,10426,10427,10426,1
2019-08-12,16:08:16.022000,10426,10427,10427,3
2019-08-12,16:08:16.185000,10426,10427,10426,2
2019-08-12,16:08:16.255000,10426,10427,10427,6
2019-08-12,16:08:17.066000,10427,10428,10427,1
2019-08-12,16:08:17.247000,10427,10428,10428,1
2019-08-12,16:08:17.345000,10427,10428,10427,1
2019-08-12,16:08:17.379000,10427,10428,10427,2
2019-08-12,16:08:17.990000,10427,10428,10427,1
2019-08-12,16:08:19.530000,10427,10428,10428,1
2019-08-12,16:08:21.755000,10427,10428,10427,1
2019-08-12,16:08:21.810000,10427,10428,10428,1
2019-08-12,16:08:25.861000,10427,10428,10428,1
2019-08-12,16:08:28.006000,10427,10428,10427,1
2019-08-12,16:08:28.151000,10427,10428,10427,7
2019-08-12,16:08:28.288000,10426,10427,10426,22
2019-08-12,16:08:28.298000,10426,10427,10426,3
2019-08-12,16:08:29.120000,10425,10427,10427,3
2019-08-12,16:08:30.516000,10425,10427,10425,1
2019-08-12,16:08:30.567000,10425,10427,10425,10
2019-08-12,16:08:30.576000,10425,10427,10425,1
2019-08-12,16:08:30.643000,10425,10427,10425,1
2019-08-12,16:08:30.702000,10425,10427,10425,2
2019-08-12,16:08:30.776000,10425,10426,10425,2
2019-08-12,16:08:31.154000,10425,10426,10425,1
2019-08-12,16:08:31.158000,10425,10426,10425,1
2019-08-12,16:08:31.166000,10425,10426,10425,1
2019-08-12,16:08:32.231000,10425,10426,10426,1
2019-08-12,16:08:34.054000,10425,10426,10425,4
2019-08-12,16:08:34.757000,10425,10426,10425,2
2019-08-12,16:08:35.400000,10425,10426,10425,2
2019-08-12,16:08:35.659000,10425,10426,10425,1
2019-08-12,16:08:37.214000,10425,10426,10426,1
2019-08-12,16:08:39.445000,10425,10426,10425,1
2019-08-12,16:08:40.008000,10425,10426,10426,5
2019-08-12,16:08:40.425000,10426,10427,10427,1
2019-08-12,16:08:40.542000,10426,10427,10426,1
2019-08-12,16:08:42.442000,10426,10427,10427,1
2019-08-12,16:08:43.111000,10426,10427,10427,1
2019-08-12,16:08:43.993000,10426,10427,10426,1
2019-08-12,16:08:47.788000,10426,10427,10426,2
2019-08-12,16:08:48.034000,10425,10426,10425,10
2019-08-12,16:08:48.427000,10424,10426,10426,1
2019-08-12,16:08:48.473000,10424,10426,10426,1
2019-08-12,16:08:48.628000,10424,10426,10424,5
2019-08-12,16:08:49.533000,10424,10426,10426,1
2019-08-12,16:08:51.149000,10425,10426,10425,1
2019-08-12,16:08:51.454000,10425,10426,10425,7
2019-08-12,16:08:52.254000,10424,10426,10424,2
2019-08-12,16:08:52.575000,10424,10426,10426,1
2019-08-12,16:08:52.964000,10424,10426,10424,1
2019-08-12,16:08:53.629000,10425,10426,10425,2
2019-08-12,16:08:53.838000,10425,10426,10426,1
2019-08-12,16:08:54.524000,10425,10426,10426,1
2019-08-12,16:08:55.126000,10425,10426,10425,1
2019-08-12,16:08:55.154000,10425,10426,10425,1
2019-08-12,16:08:56.164000,10425,10426,10425,2
2019-08-12,16:08:56.500000,10425,10426,10426,1
2019-08-12,16:08:57.094000,10425,10426,10426,1
2019-08-12,16:08:58.549000,10425,10426,10425,1
2019-08-12,16:08:59.432000,10424,10425,10425,2
2019-08-12,16:08:59.882000,10425,10426,10425,2
2019-08-12,16:08:59.919000,10425,10426,10425,1
2019-08-12,16:09:00.420000,10425,10426,10425,2
2019-08-12,16:09:00.420000,10425,10426,10425,5
2019-08-12,16:09:01.273000,10424,10425,10424,2
2019-08-12,16:09:01.666000,10424,10425,10424,2
2019-08-12,16:09:02.162000,10424,10425,10424,2
2019-08-12,16:09:02.868000,10423,10424,10424,1
2019-08-12,16:09:03.584000,10423,10424,10424,1
2019-08-12,16:09:03.584000,10423,10424,10424,1
2019-08-12,16:09:04.489000,10424,10425,10424,2
2019-08-12,16:09:09.342000,10424,10425,10425,2
2019-08-12,16:09:09.449000,10424,10425,10425,1
2019-08-12,16:09:09.451000,10424,10425,10425,1
2019-08-12,16:09:09.472000,10424,10425,10425,1
2019-08-12,16:09:09.476000,10424,10425,10425,1
2019-08-12,16:09:10.488000,10424,10425,10424,1
2019-08-12,16:09:11.679000,10424,10425,10424,1
2019-08-12,16:09:13.243000,10424,10425,10424,6
2019-08-12,16:09:13.801000,10424,10425,10425,3
2019-08-12,16:09:14.512000,10424,10425,10425,2
2019-08-12,16:09:15.496000,10424,10425,10425,1
2019-08-12,16:09:16.047000,10424,10425,10424,7
2019-08-12,16:09:18.285000,10424,10425,10425,1
2019-08-12,16:09:18.285000,10424,10425,10425,7
2019-08-12,16:09:19,10425,10426,10425,1
2019-08-12,16:09:19.043000,10425,10426,10425,1
2019-08-12,16:09:19.851000,10424,10425,10425,2
2019-08-12,16:09:19.851000,10424,10425,10426,3
2019-08-12,16:09:24.697000,10425,10426,10426,2
2019-08-12,16:09:25.858000,10425,10426,10426,1
2019-08-12,16:09:28.339000,10425,10426,10426,4
2019-08-12,16:09:30.151000,10426,10427,10427,1
2019-08-12,16:09:30.152000,10426,10427,10427,1
2019-08-12,16:09:30.152000,10426,10427,10427,4
2019-08-12,16:09:30.274000,10426,10427,10427,3
2019-08-12,16:09:30.369000,10426,10427,10428,1
2019-08-12,16:09:30.876000,10426,10428,10428,4
2019-08-12,16:09:31.422000,10426,10428,10426,6
2019-08-12,16:09:32.857000,10426,10428,10426,2
2019-08-12,16:09:33.483000,10426,10428,10426,1
2019-08-12,16:09:37.028000,10426,10428,10428,9
2019-08-12,16:09:40.027000,10426,10427,10427,1
2019-08-12,16:09:40.353000,10426,10427,10427,2
2019-08-12,16:09:41.996000,10426,10427,10427,2
2019-08-12,16:09:42.057000,10426,10428,10426,1
2019-08-12,16:09:42.385000,10426,10428,10428,2
2019-08-12,16:09:43.019000,10426,10428,10428,1
2019-08-12,16:09:45.064000,10427,10428,10427,1
2019-08-12,16:09:45.980000,10426,10428,10426,2
2019-08-12,16:09:47.926000,10426,10427,10426,6
2019-08-12,16:09:48.582000,10426,10427,10427,1
2019-08-12,16:09:49.659000,10427,10428,10428,9
2019-08-12,16:09:50.268000,10428,10429,10427,1
2019-08-12,16:09:53.439000,10427,10428,10427,2
2019-08-12,16:09:53.879000,10427,10428,10427,3
2019-08-12,16:09:56.622000,10426,10427,10427,1
2019-08-12,16:09:56.660000,10426,10427,10427,1
2019-08-12,16:09:57.130000,10426,10428,10426,1
2019-08-12,16:09:57.887000,10426,10427,10427,1
2019-08-12,16:10:00.332000,10426,10427,10427,1
2019-08-12,16:10:00.486000,10426,10427,10426,4
2019-08-12,16:10:00.497000,10426,10427,10426,2
2019-08-12,16:10:00.524000,10426,10427,10426,5
2019-08-12,16:10:00.524000,10426,10427,10426,1
2019-08-12,16:10:00.560000,10426,10427,10427,1
2019-08-12,16:10:02.316000,10425,10426,10425,10
2019-08-12,16:10:02.435000,10425,10426,10425,2
2019-08-12,16:10:02.436000,10425,10426,10425,1
2019-08-12,16:10:02.436000,10425,10426,10425,1
2019-08-12,16:10:02.436000,10425,10426,10425,4
2019-08-12,16:10:04.976000,10424,10425,10425,5
2019-08-12,16:10:05.261000,10424,10425,10425,1
2019-08-12,16:10:06.038000,10424,10426,10424,4
2019-08-12,16:10:06.227000,10424,10426,10426,1
2019-08-12,16:10:07.210000,10425,10426,10426,1
2019-08-12,16:10:07.672000,10425,10426,10425,1
2019-08-12,16:10:08.454000,10424,10426,10424,5
2019-08-12,16:10:08.550000,10424,10426,10424,1
2019-08-12,16:10:09.511000,10424,10426,10424,1
2019-08-12,16:10:12.698000,10425,10426,10425,1
2019-08-12,16:10:12.698000,10425,10426,10424,2
2019-08-12,16:10:15.231000,10424,10425,10425,2
2019-08-12,16:10:16.639000,10424,10426,10426,1
2019-08-12,16:10:18.733000,10425,10426,10425,2
2019-08-12,16:10:18.733000,10425,10426,10424,1
2019-08-12,16:10:20.210000,10424,10426,10426,2
2019-08-12,16:10:21.533000,10424,10425,10425,3
2019-08-12,16:10:23.033000,10424,10426,10426,1
2019-08-12,16:10:25.010000,10424,10426,10424,1
2019-08-12,16:10:25.422000,10424,10426,10424,1
2019-08-12,16:10:27.004000,10424,10425,10424,2
2019-08-12,16:10:27.796000,10424,10425,10424,1
2019-08-12,16:10:28.529000,10424,10425,10424,1
2019-08-12,16:10:28.972000,10423,10425,10423,2
2019-08-12,16:10:29.165000,10423,10425,10423,1
2019-08-12,16:10:29.765000,10423,10425,10425,5
2019-08-12,16:10:29.768000,10423,10425,10423,1
2019-08-12,16:10:32.383000,10424,10425,10424,2
2019-08-12,16:10:32.892000,10423,10425,10424,1
2019-08-12,16:10:34.818000,10423,10424,10424,1
2019-08-12,16:10:35.267000,10424,10425,10424,1
2019-08-12,16:10:35.963000,10424,10425,10424,1
2019-08-12,16:10:36.066000,10424,10425,10425,1
2019-08-12,16:10:37.526000,10424,10425,10424,2
2019-08-12,16:10:38.341000,10424,10425,10425,3
2019-08-12,16:10:38.761000,10424,10426,10424,2
2019-08-12,16:10:38.829000,10424,10426,10424,2
2019-08-12,16:10:41.808000,10424,10425,10425,1
2019-08-12,16:10:41.943000,10424,10425,10426,1
2019-08-12,16:10:44.019000,10425,10426,10425,1
2019-08-12,16:10:44.019000,10425,10426,10424,1
2019-08-12,16:10:44.488000,10424,10426,10424,1
2019-08-12,16:10:44.631000,10424,10426,10424,2
2019-08-12,16:10:46.993000,10424,10426,10424,10
2019-08-12,16:10:47.619000,10424,10425,10425,1
2019-08-12,16:10:47.619000,10424,10425,10426,1
2019-08-12,16:10:48.425000,10424,10426,10424,1
2019-08-12,16:10:49.027000,10424,10426,10424,1
2019-08-12,16:10:50.368000,10425,10426,10426,1
2019-08-12,16:10:51,10425,10426,10425,1
2019-08-12,16:10:57.849000,10425,10426,10426,1
2019-08-12,16:10:58.681000,10425,10426,10426,6
2019-08-12,16:10:58.681000,10425,10426,10426,2
2019-08-12,16:10:58.681000,10425,10426,10426,2
2019-08-12,16:10:58.682000,10425,10426,10426,1
2019-08-12,16:10:58.682000,10425,10426,10426,9
2019-08-12,16:10:58.774000,10425,10427,10426,1
2019-08-12,16:10:58.805000,10425,10427,10426,4
2019-08-12,16:10:58.809000,10425,10427,10426,1
2019-08-12,16:10:58.824000,10425,10427,10426,1
2019-08-12,16:10:59.845000,10425,10427,10427,1
2019-08-12,16:11:00.340000,10425,10427,10425,5
2019-08-12,16:11:08.223000,10425,10427,10425,5
2019-08-12,16:11:15.469000,10426,10427,10427,1
2019-08-12,16:11:15.554000,10426,10427,10427,1
2019-08-12,16:11:15.557000,10426,10427,10427,1
2019-08-12,16:11:15.560000,10426,10427,10427,1
2019-08-12,16:11:15.561000,10426,10427,10427,1
2019-08-12,16:11:15.678000,10426,10427,10427,1
2019-08-12,16:11:15.679000,10426,10427,10427,1
2019-08-12,16:11:17.641000,10426,10427,10427,1
2019-08-12,16:11:19.578000,10426,10427,10426,2
2019-08-12,16:11:21.455000,10426,10427,10427,6
2019-08-12,16:11:27.660000,10427,10428,10428,2
2019-08-12,16:11:28.717000,10427,10428,10428,2
2019-08-12,16:11:28.717000,10427,10428,10428,1
2019-08-12,16:11:29.410000,10427,10428,10428,1
2019-08-12,16:11:30.543000,10427,10428,10427,1
2019-08-12,16:11:32.086000,10427,10428,10428,1
2019-08-12,16:11:34.329000,10427,10428,10428,1
2019-08-12,16:11:35.231000,10427,10428,10428,4
2019-08-12,16:11:35.480000,10428,10429,10428,1
2019-08-12,16:11:40.030000,10428,10429,10428,1
2019-08-12,16:11:41.712000,10428,10429,10429,1
2019-08-12,16:11:41.870000,10428,10429,10429,1
2019-08-12,16:11:43.247000,10428,10429,10429,1
2019-08-12,16:11:45.102000,10428,10429,10429,5
2019-08-12,16:11:49.374000,10428,10429,10429,1
2019-08-12,16:11:54.733000,10428,10429,10428,1
2019-08-12,16:11:56.289000,10428,10429,10428,1
2019-08-12,16:11:56.303000,10428,10429,10428,1
2019-08-12,16:11:56.673000,10428,10429,10428,5
2019-08-12,16:11:56.774000,10428,10429,10428,2
2019-08-12,16:11:58.255000,10427,10428,10427,1
2019-08-12,16:11:59.760000,10427,10428,10428,1
2019-08-12,16:12:00.725000,10428,10429,10428,3
2019-08-12,16:12:01.966000,10427,10428,10427,1
2019-08-12,16:12:02.129000,10427,10428,10427,2
2019-08-12,16:12:02.157000,10427,10428,10427,1
2019-08-12,16:12:02.161000,10427,10428,10427,1
2019-08-12,16:12:02.890000,10426,10427,10427,1
2019-08-12,16:12:06.603000,10426,10427,10427,1
2019-08-12,16:12:07.098000,10426,10428,10428,1
2019-08-12,16:12:10.001000,10427,10428,10427,1
2019-08-12,16:12:10.486000,10427,10428,10428,1
2019-08-12,16:12:11.815000,10426,10428,10428,1
2019-08-12,16:12:12.630000,10427,10428,10428,1
2019-08-12,16:12:23.415000,10427,10428,10428,1
2019-08-12,16:12:23.842000,10427,10428,10427,1
2019-08-12,16:12:23.899000,10427,10428,10427,1
2019-08-12,16:12:24.426000,10426,10427,10426,1
2019-08-12,16:12:24.715000,10426,10427,10426,1
2019-08-12,16:12:24.715000,10426,10427,10426,2
2019-08-12,16:12:31.708000,10426,10427,10426,1
2019-08-12,16:12:31.708000,10426,10427,10426,1
2019-08-12,16:12:31.774000,10426,10427,10426,1
2019-08-12,16:12:32.136000,10426,10427,10426,3
2019-08-12,16:12:34.951000,10425,10426,10425,27
2019-08-12,16:12:34.951000,10425,10426,10424,13
2019-08-12,16:12:35.707000,10424,10426,10426,5
2019-08-12,16:12:40.649000,10424,10425,10425,1
2019-08-12,16:12:46.599000,10425,10426,10425,1
2019-08-12,16:12:48.013000,10425,10426,10426,1
2019-08-12,16:12:48.209000,10425,10427,10425,1
2019-08-12,16:12:49.668000,10425,10426,10425,1
2019-08-12,16:12:51.055000,10425,10426,10426,1
2019-08-12,16:12:57.522000,10426,10427,10427,1
2019-08-12,16:12:59.412000,10427,10428,10427,1
2019-08-12,16:13:11.128000,10427,10428,10427,1
2019-08-12,16:13:11.825000,10426,10427,10427,1
2019-08-12,16:13:13.618000,10426,10428,10426,1
2019-08-12,16:13:16.525000,10427,10428,10427,1
2019-08-12,16:13:27.345000,10427,10428,10428,1
2019-08-12,16:13:29.304000,10427,10428,10428,1
2019-08-12,16:13:37.479000,10427,10428,10428,1
2019-08-12,16:13:38.468000,10427,10428,10428,10
2019-08-12,16:13:38.524000,10427,10428,10428,5
2019-08-12,16:13:42.196000,10428,10429,10428,1
2019-08-12,16:13:42.628000,10428,10429,10428,1
2019-08-12,16:13:43.821000,10427,10428,10428,2
2019-08-12,16:13:57.963000,10427,10428,10428,1
2019-08-12,16:14:02.191000,10427,10428,10428,1
2019-08-12,16:14:02.945000,10427,10428,10428,2
2019-08-12,16:14:03.499000,10427,10428,10428,2
2019-08-12,16:14:04.240000,10427,10428,10428,1
2019-08-12,16:14:05.051000,10427,10428,10427,1
2019-08-12,16:14:06.148000,10427,10428,10428,2
2019-08-12,16:14:09.172000,10427,10428,10428,5
2019-08-12,16:14:12.294000,10427,10428,10428,1
2019-08-12,16:14:12.888000,10427,10428,10428,1
2019-08-12,16:14:20.204000,10427,10428,10428,1
2019-08-12,16:14:30.463000,10427,10428,10428,1
2019-08-12,16:14:38.188000,10427,10428,10427,1
2019-08-12,16:14:40.115000,10427,10428,10427,1
2019-08-12,16:14:43.180000,10427,10428,10427,1
2019-08-12,16:14:44.137000,10427,10428,10428,1
2019-08-12,16:14:44.775000,10427,10428,10427,1
2019-08-12,16:14:44.917000,10427,10428,10428,3
2019-08-12,16:14:47.144000,10427,10428,10427,2
2019-08-12,16:14:49.522000,10427,10428,10427,1
2019-08-12,16:14:50.252000,10427,10428,10427,1
2019-08-12,16:14:50.464000,10427,10428,10427,2
2019-08-12,16:14:50.524000,10427,10428,10427,13
2019-08-12,16:14:57.270000,10426,10427,10427,1
2019-08-12,16:14:57.631000,10426,10428,10426,2
2019-08-12,16:14:57.643000,10426,10428,10426,1
2019-08-12,16:15:01.190000,10426,10427,10426,1
2019-08-12,16:15:01.474000,10426,10427,10426,1
2019-08-12,16:15:01.527000,10426,10427,10426,2
2019-08-12,16:15:01.913000,10426,10427,10427,1
2019-08-12,16:15:01.966000,10426,10427,10427,1
2019-08-12,16:15:02.285000,10426,10427,10426,1
2019-08-12,16:15:02.676000,10426,10427,10426,3
2019-08-12,16:15:03.487000,10426,10427,10426,4
2019-08-12,16:15:03.487000,10426,10427,10426,1
2019-08-12,16:15:03.944000,10425,10426,10425,1
2019-08-12,16:15:04.093000,10425,10426,10425,1
2019-08-12,16:15:05.097000,10425,10426,10425,2
2019-08-12,16:15:05.788000,10425,10426,10425,2
2019-08-12,16:15:05.788000,10425,10426,10425,4
2019-08-12,16:15:05.797000,10425,10426,10425,1
2019-08-12,16:15:06.734000,10424,10425,10425,1
2019-08-12,16:15:07.023000,10424,10425,10425,1
2019-08-12,16:15:18.562000,10424,10425,10425,1
2019-08-12,16:15:18.562000,10424,10425,10425,1
2019-08-12,16:15:18.566000,10424,10425,10425,1
2019-08-12,16:15:18.649000,10424,10425,10425,4
2019-08-12,16:15:18.774000,10424,10425,10425,1
2019-08-12,16:15:18.899000,10424,10425,10425,2
2019-08-12,16:15:24.459000,10425,10426,10426,1
2019-08-12,16:15:29.135000,10425,10427,10425,4
2019-08-12,16:15:30.391000,10425,10427,10425,2
2019-08-12,16:15:37.454000,10426,10427,10426,1
2019-08-12,16:15:43.294000,10426,10427,10426,2
2019-08-12,16:15:46.859000,10425,10426,10426,2
2019-08-12,16:15:51.461000,10425,10426,10426,3
2019-08-12,16:15:57.061000,10426,10427,10427,1
2019-08-12,16:15:57.506000,10426,10428,10426,2
2019-08-12,16:16:10.308000,10427,10428,10427,1
2019-08-12,16:16:10.803000,10427,10428,10427,1
2019-08-12,16:16:10.822000,10427,10428,10426,1
2019-08-12,16:16:14.086000,10426,10427,10427,1
2019-08-12,16:16:33.719000,10427,10428,10427,1
2019-08-12,16:16:34.427000,10427,10428,10428,1
2019-08-12,16:16:35.476000,10427,10428,10428,7
2019-08-12,16:16:35.524000,10427,10428,10428,22
2019-08-12,16:16:35.649000,10427,10428,10428,10
2019-08-12,16:16:35.649000,10427,10428,10428,5
2019-08-12,16:16:36.864000,10428,10429,10429,1
2019-08-12,16:16:37.216000,10428,10429,10429,1
2019-08-12,16:16:37.237000,10428,10429,10429,4
2019-08-12,16:16:37.238000,10428,10429,10429,3
2019-08-12,16:16:37.238000,10428,10429,10429,1
2019-08-12,16:16:37.238000,10428,10429,10429,3
2019-08-12,16:16:37.238000,10428,10429,10429,3
2019-08-12,16:16:37.243000,10428,10429,10429,3
2019-08-12,16:16:37.274000,10428,10429,10429,1
2019-08-12,16:16:39.559000,10429,10430,10430,1
2019-08-12,16:16:39.620000,10429,10430,10430,1
2019-08-12,16:16:40.519000,10429,10430,10430,1
2019-08-12,16:16:41.150000,10429,10430,10430,1
2019-08-12,16:16:42.152000,10429,10430,10430,1
2019-08-12,16:16:46.849000,10429,10430,10430,1
2019-08-12,16:16:46.932000,10429,10430,10429,1
2019-08-12,16:16:47.158000,10429,10430,10430,1
2019-08-12,16:16:50.403000,10429,10430,10430,1
2019-08-12,16:16:51.615000,10429,10430,10429,2
2019-08-12,16:16:53.015000,10429,10430,10430,10
2019-08-12,16:16:56.357000,10429,10430,10430,1
2019-08-12,16:16:58.496000,10429,10430,10430,1
2019-08-12,16:16:59.080000,10429,10430,10429,1
2019-08-12,16:16:59.106000,10429,10430,10429,1
2019-08-12,16:17:00.009000,10429,10430,10430,1
2019-08-12,16:17:00.014000,10429,10430,10429,1
2019-08-12,16:17:00.734000,10429,10430,10430,1
2019-08-12,16:17:05.055000,10429,10430,10429,2
2019-08-12,16:17:08.717000,10429,10430,10430,1
2019-08-12,16:17:10.494000,10429,10430,10430,2
2019-08-12,16:17:12.020000,10429,10430,10430,1
2019-08-12,16:17:12.281000,10429,10430,10430,1
2019-08-12,16:17:12.532000,10429,10431,10431,1
2019-08-12,16:17:12.699000,10429,10431,10429,2
2019-08-12,16:17:12.775000,10429,10431,10431,1
2019-08-12,16:17:12.862000,10429,10431,10431,1
2019-08-12,16:17:12.879000,10429,10431,10431,3
2019-08-12,16:17:14.529000,10429,10430,10430,1
2019-08-12,16:17:14.997000,10429,10430,10429,7
2019-08-12,16:17:15.875000,10428,10430,10430,1
2019-08-12,16:17:18.670000,10427,10429,10429,1
2019-08-12,16:17:24.056000,10427,10428,10427,2
2019-08-12,16:17:24.431000,10426,10427,10427,1
2019-08-12,16:17:25.745000,10426,10427,10427,1
2019-08-12,16:17:30.692000,10427,10428,10428,1
2019-08-12,16:17:31.819000,10427,10428,10427,1
2019-08-12,16:17:31.820000,10427,10428,10427,1
2019-08-12,16:17:32.253000,10426,10427,10426,3
2019-08-12,16:17:32.255000,10426,10427,10426,4
2019-08-12,16:17:32.274000,10426,10427,10426,12
2019-08-12,16:17:33.005000,10426,10427,10426,1
2019-08-12,16:17:40.170000,10426,10427,10426,1
2019-08-12,16:17:43.173000,10426,10427,10427,1
2019-08-12,16:17:47.603000,10426,10427,10427,2
2019-08-12,16:17:49.648000,10426,10428,10426,1
2019-08-12,16:17:54.020000,10426,10427,10426,1
2019-08-12,16:17:57.276000,10426,10427,10426,1
2019-08-12,16:17:57.795000,10426,10427,10426,2
2019-08-12,16:17:58.386000,10426,10427,10426,3
2019-08-12,16:17:58.399000,10426,10427,10426,2
2019-08-12,16:17:59.469000,10425,10426,10425,4
2019-08-12,16:18:00.435000,10425,10426,10426,1
2019-08-12,16:18:02.935000,10425,10426,10425,1
2019-08-12,16:18:03.570000,10425,10426,10425,1
2019-08-12,16:18:05.364000,10425,10426,10425,1
2019-08-12,16:18:06.898000,10425,10426,10425,10
2019-08-12,16:18:07.901000,10425,10426,10425,10
2019-08-12,16:18:09.157000,10425,10426,10425,10
2019-08-12,16:18:10.591000,10425,10426,10425,3
2019-08-12,16:18:11.183000,10424,10425,10425,2
2019-08-12,16:18:11.214000,10424,10425,10425,2
2019-08-12,16:18:11.214000,10424,10425,10425,5
2019-08-12,16:18:11.687000,10425,10426,10425,1
2019-08-12,16:18:12.033000,10425,10426,10425,1
2019-08-12,16:18:13.636000,10425,10426,10425,1
2019-08-12,16:18:14.267000,10425,10426,10425,3
2019-08-12,16:18:18.625000,10424,10425,10424,32
2019-08-12,16:18:19.365000,10423,10425,10425,1
2019-08-12,16:18:34.613000,10423,10424,10423,18
2019-08-12,16:18:34.613000,10423,10424,10423,5
2019-08-12,16:18:34.614000,10423,10424,10423,1
2019-08-12,16:18:34.623000,10423,10424,10423,1
2019-08-12,16:18:34.623000,10423,10424,10423,1
2019-08-12,16:18:34.860000,10422,10423,10422,1
2019-08-12,16:18:34.877000,10422,10423,10422,3
2019-08-12,16:18:34.943000,10422,10423,10422,12
2019-08-12,16:18:34.961000,10422,10423,10422,13
2019-08-12,16:18:34.961000,10422,10423,10421,9
2019-08-12,16:18:34.989000,10422,10423,10421,8
2019-08-12,16:18:35.016000,10422,10423,10421,11
2019-08-12,16:18:35.148000,10421,10423,10421,1
2019-08-12,16:18:35.274000,10421,10422,10421,14
2019-08-12,16:18:35.274000,10421,10422,10421,4
2019-08-12,16:18:35.317000,10421,10422,10421,2
2019-08-12,16:18:35.422000,10420,10421,10420,1
2019-08-12,16:18:35.568000,10420,10421,10420,4
2019-08-12,16:18:35.568000,10420,10421,10420,2
2019-08-12,16:18:35.576000,10420,10421,10420,1
2019-08-12,16:18:35.699000,10420,10421,10420,1
2019-08-12,16:18:35.725000,10420,10421,10420,1
2019-08-12,16:18:35.725000,10420,10421,10420,1
2019-08-12,16:18:35.735000,10420,10421,10420,1
2019-08-12,16:18:35.735000,10420,10421,10420,3
2019-08-12,16:18:35.735000,10420,10421,10420,1
2019-08-12,16:18:35.781000,10420,10421,10421,5
2019-08-12,16:18:35.985000,10420,10421,10420,1
2019-08-12,16:18:36.001000,10420,10421,10420,1
2019-08-12,16:18:36.054000,10420,10421,10420,1
2019-08-12,16:18:37.414000,10420,10421,10421,1
2019-08-12,16:18:38.171000,10420,10422,10420,10
2019-08-12,16:18:39.802000,10420,10421,10421,1
2019-08-12,16:18:39.955000,10420,10421,10421,1
2019-08-12,16:18:41.670000,10420,10422,10420,1
2019-08-12,16:18:42.219000,10420,10422,10420,3
2019-08-12,16:18:42.270000,10420,10422,10420,1
2019-08-12,16:18:42.506000,10421,10422,10421,1
2019-08-12,16:18:42.641000,10421,10422,10421,3
2019-08-12,16:18:42.641000,10421,10422,10420,1
2019-08-12,16:18:42.756000,10421,10422,10421,2
2019-08-12,16:18:42.892000,10421,10422,10421,1
2019-08-12,16:18:43.353000,10420,10422,10420,6
2019-08-12,16:18:43.649000,10420,10421,10421,2
2019-08-12,16:18:44.304000,10421,10422,10421,1
2019-08-12,16:18:45.272000,10420,10422,10420,3
2019-08-12,16:18:45.452000,10420,10421,10421,1
2019-08-12,16:18:45.507000,10420,10421,10420,1
2019-08-12,16:18:46.886000,10420,10421,10420,2
2019-08-12,16:18:48.311000,10420,10421,10421,1
2019-08-12,16:18:48.821000,10420,10421,10421,1
2019-08-12,16:18:49.803000,10421,10422,10421,1
2019-08-12,16:18:50.801000,10421,10422,10422,1
2019-08-12,16:18:50.899000,10421,10422,10422,3
2019-08-12,16:18:50.899000,10421,10422,10422,1
2019-08-12,16:18:50.899000,10421,10422,10422,2
2019-08-12,16:18:51.022000,10421,10422,10422,1
2019-08-12,16:18:51.278000,10421,10423,10423,1
2019-08-12,16:18:51.348000,10421,10423,10421,1
2019-08-12,16:18:52.750000,10421,10423,10421,1
2019-08-12,16:18:53.621000,10421,10423,10421,10
2019-08-12,16:18:53.639000,10421,10423,10423,1
2019-08-12,16:18:54.877000,10421,10423,10421,1
2019-08-12,16:18:55.407000,10421,10423,10423,1
2019-08-12,16:18:59.107000,10421,10422,10421,2
2019-08-12,16:19:02.284000,10421,10422,10422,1
2019-08-12,16:19:02.409000,10421,10423,10421,1
2019-08-12,16:19:03.354000,10421,10422,10421,1
2019-08-12,16:19:04.176000,10421,10422,10422,1
2019-08-12,16:19:04.219000,10421,10422,10421,1
2019-08-12,16:19:06.528000,10421,10422,10421,1
2019-08-12,16:19:07.418000,10421,10422,10422,1
2019-08-12,16:19:07.681000,10421,10422,10421,1
2019-08-12,16:19:07.724000,10421,10422,10422,2
2019-08-12,16:19:07.724000,10421,10422,10423,3
2019-08-12,16:19:08.164000,10421,10422,10422,1
2019-08-12,16:19:08.552000,10421,10422,10422,1
2019-08-12,16:19:10.486000,10421,10423,10421,1
2019-08-12,16:19:10.829000,10421,10423,10423,3
2019-08-12,16:19:12.055000,10421,10422,10422,1
2019-08-12,16:19:12.149000,10421,10422,10422,1
2019-08-12,16:19:12.726000,10421,10422,10422,1
2019-08-12,16:19:12.727000,10421,10422,10422,1
2019-08-12,16:19:13.252000,10421,10422,10421,10
2019-08-12,16:19:13.501000,10421,10422,10421,1
2019-08-12,16:19:13.501000,10421,10422,10420,5
2019-08-12,16:19:13.525000,10420,10422,10420,1
2019-08-12,16:19:16.771000,10421,10422,10421,1
2019-08-12,16:19:19.125000,10421,10422,10421,6
2019-08-12,16:19:23.873000,10421,10422,10421,1
2019-08-12,16:19:23.917000,10421,10422,10421,2
2019-08-12,16:19:23.998000,10421,10422,10421,10
2019-08-12,16:19:27.079000,10421,10422,10421,1
2019-08-12,16:19:27.765000,10420,10422,10420,1
2019-08-12,16:19:29.451000,10421,10422,10421,1
2019-08-12,16:19:31.439000,10420,10421,10421,1
2019-08-12,16:19:36.117000,10420,10421,10421,1
2019-08-12,16:19:39.024000,10420,10421,10420,4
2019-08-12,16:19:42.732000,10420,10421,10420,4
2019-08-12,16:19:42.756000,10420,10421,10420,2
2019-08-12,16:19:42.774000,10420,10421,10421,1
2019-08-12,16:19:47.040000,10420,10421,10420,1
2019-08-12,16:19:48.496000,10420,10421,10420,9
2019-08-12,16:19:49.253000,10419,10420,10420,1
2019-08-12,16:19:49.631000,10419,10420,10420,2
2019-08-12,16:19:53.237000,10419,10420,10419,4
2019-08-12,16:19:53.329000,10419,10420,10419,1
2019-08-12,16:19:53.378000,10419,10420,10419,1
2019-08-12,16:19:53.389000,10419,10420,10419,1
2019-08-12,16:19:53.467000,10419,10420,10419,1
2019-08-12,16:19:53.759000,10419,10420,10419,6
2019-08-12,16:19:53.780000,10419,10420,10419,1
2019-08-12,16:19:53.804000,10419,10420,10418,1
2019-08-12,16:19:53.828000,10419,10420,10418,1
2019-08-12,16:19:53.853000,10419,10420,10418,1
2019-08-12,16:19:53.914000,10418,10420,10418,1
2019-08-12,16:19:53.929000,10418,10420,10418,1
2019-08-12,16:19:53.930000,10418,10420,10418,1
2019-08-12,16:19:55.307000,10418,10419,10419,1
2019-08-12,16:19:55.458000,10418,10420,10419,1
2019-08-12,16:19:58.055000,10419,10420,10419,1
2019-08-12,16:19:59.121000,10419,10420,10419,1
2019-08-12,16:19:59.212000,10419,10420,10420,2
2019-08-12,16:19:59.212000,10419,10420,10420,7
2019-08-12,16:19:59.564000,10420,10421,10420,1
2019-08-12,16:19:59.845000,10420,10421,10420,1
2019-08-12,16:20:00.285000,10420,10421,10420,1
2019-08-12,16:20:00.733000,10419,10421,10419,2
2019-08-12,16:20:01.252000,10419,10420,10420,1
2019-08-12,16:20:01.849000,10419,10420,10419,4
2019-08-12,16:20:02.370000,10419,10420,10419,2
2019-08-12,16:20:02.532000,10419,10420,10419,1
2019-08-12,16:20:02.558000,10419,10420,10418,1
2019-08-12,16:20:02.583000,10419,10420,10419,1
2019-08-12,16:20:03.451000,10418,10419,10419,1
2019-08-12,16:20:03.654000,10418,10419,10418,8
2019-08-12,16:20:03.655000,10418,10419,10418,11
2019-08-12,16:20:03.739000,10418,10419,10419,2
2019-08-12,16:20:03.740000,10418,10419,10418,4
2019-08-12,16:20:04.618000,10418,10419,10419,7
2019-08-12,16:20:04.618000,10418,10419,10419,1
2019-08-12,16:20:04.621000,10418,10419,10419,3
2019-08-12,16:20:06.683000,10418,10419,10419,5
2019-08-12,16:20:08.888000,10419,10420,10419,1
2019-08-12,16:20:11.243000,10419,10420,10419,1
2019-08-12,16:20:11.764000,10419,10420,10420,5
2019-08-12,16:20:12.899000,10419,10421,10419,1
2019-08-12,16:20:13.361000,10420,10421,10420,1
2019-08-12,16:20:13.456000,10419,10421,10419,4
2019-08-12,16:20:17.756000,10420,10421,10420,1
2019-08-12,16:20:23.502000,10419,10420,10420,2
2019-08-12,16:20:24.172000,10420,10421,10420,1
2019-08-12,16:20:24.182000,10420,10421,10420,1
2019-08-12,16:20:24.254000,10420,10421,10420,1
2019-08-12,16:20:26.153000,10420,10421,10420,1
2019-08-12,16:20:26.628000,10419,10420,10420,3
2019-08-12,16:20:26.769000,10420,10421,10420,1
2019-08-12,16:20:32.868000,10419,10421,10421,1
2019-08-12,16:20:34.495000,10419,10420,10420,1
2019-08-12,16:20:34.552000,10419,10420,10420,1
2019-08-12,16:20:36.328000,10419,10420,10420,1
2019-08-12,16:20:38.120000,10419,10421,10421,1
2019-08-12,16:20:38.320000,10420,10421,10421,1
2019-08-12,16:20:39.119000,10420,10421,10420,1
2019-08-12,16:20:44.640000,10420,10421,10421,1
2019-08-12,16:20:46.754000,10420,10421,10420,1
2019-08-12,16:20:49.463000,10420,10421,10421,1
2019-08-12,16:20:50.344000,10420,10421,10420,1
2019-08-12,16:20:55.095000,10420,10421,10421,1
2019-08-12,16:21:01.219000,10420,10421,10420,7
2019-08-12,16:21:01.219000,10420,10421,10420,4
2019-08-12,16:21:01.322000,10420,10421,10421,1
2019-08-12,16:21:01.349000,10420,10421,10420,3
2019-08-12,16:21:01.362000,10420,10421,10420,3
2019-08-12,16:21:01.399000,10420,10421,10420,1
2019-08-12,16:21:01.490000,10420,10421,10419,1
2019-08-12,16:21:02.087000,10419,10420,10420,1
2019-08-12,16:21:03.924000,10419,10420,10420,1
2019-08-12,16:21:04.104000,10419,10420,10420,1
2019-08-12,16:21:04.298000,10419,10420,10420,1
2019-08-12,16:21:09.674000,10419,10420,10420,1
2019-08-12,16:21:11.363000,10419,10420,10419,2
2019-08-12,16:21:15.065000,10419,10420,10420,1
2019-08-12,16:21:16.462000,10419,10420,10420,1
2019-08-12,16:21:17.721000,10419,10420,10420,1
2019-08-12,16:21:18.019000,10419,10420,10419,2
2019-08-12,16:21:18.039000,10419,10420,10419,1
2019-08-12,16:21:18.055000,10419,10420,10419,1
2019-08-12,16:21:19.035000,10419,10420,10419,1
2019-08-12,16:21:19.888000,10419,10420,10420,10
2019-08-12,16:21:21.375000,10419,10420,10419,1
2019-08-12,16:21:22.858000,10419,10420,10420,1
2019-08-12,16:21:23.849000,10419,10420,10419,1
2019-08-12,16:21:24.812000,10419,10420,10419,1
2019-08-12,16:21:25.370000,10419,10420,10420,6
2019-08-12,16:21:28.135000,10419,10420,10420,3
2019-08-12,16:21:32.506000,10419,10420,10419,8
2019-08-12,16:21:32.826000,10418,10419,10419,1
2019-08-12,16:21:33.257000,10419,10420,10419,1
2019-08-12,16:21:33.731000,10419,10420,10419,1
2019-08-12,16:21:34.068000,10419,10420,10420,1
2019-08-12,16:21:36.688000,10419,10420,10420,1
2019-08-12,16:21:38.960000,10419,10420,10420,1
2019-08-12,16:21:40.433000,10419,10420,10419,1
2019-08-12,16:21:40.645000,10419,10420,10420,1
2019-08-12,16:21:41.003000,10419,10420,10420,1
2019-08-12,16:21:41.413000,10420,10421,10420,1
2019-08-12,16:21:41.413000,10420,10421,10419,7
2019-08-12,16:21:44.720000,10419,10420,10420,1
2019-08-12,16:21:45.102000,10419,10421,10419,5
2019-08-12,16:21:47.125000,10419,10421,10419,1
2019-08-12,16:21:49.417000,10419,10420,10420,3
2019-08-12,16:21:50.492000,10420,10421,10420,5
2019-08-12,16:21:53.338000,10419,10420,10420,2
2019-08-12,16:21:53.338000,10419,10420,10420,2
2019-08-12,16:22:02.656000,10419,10420,10419,10
2019-08-12,16:22:02.725000,10419,10420,10420,1
2019-08-12,16:22:02.866000,10419,10420,10419,3
2019-08-12,16:22:04.865000,10419,10420,10420,1
2019-08-12,16:22:06.599000,10419,10420,10419,3
2019-08-12,16:22:07.566000,10419,10420,10419,1
2019-08-12,16:22:11.316000,10419,10420,10420,7
2019-08-12,16:22:11.316000,10419,10420,10420,1
2019-08-12,16:22:12.154000,10420,10421,10421,1
2019-08-12,16:22:12.181000,10420,10421,10421,12
2019-08-12,16:22:14.502000,10421,10422,10422,1
2019-08-12,16:22:14.502000,10421,10422,10422,7
2019-08-12,16:22:14.502000,10421,10422,10422,1
2019-08-12,16:22:14.502000,10421,10422,10422,5
2019-08-12,16:22:14.502000,10421,10422,10422,2
2019-08-12,16:22:14.502000,10421,10422,10422,3
2019-08-12,16:22:14.502000,10421,10422,10422,1
2019-08-12,16:22:15.567000,10422,10423,10423,1
2019-08-12,16:22:16.812000,10422,10423,10422,2
2019-08-12,16:22:20.329000,10421,10423,10421,1
2019-08-12,16:22:23.041000,10421,10422,10422,2
2019-08-12,16:22:27.541000,10421,10422,10421,1
2019-08-12,16:22:31.606000,10421,10422,10422,1
2019-08-12,16:22:37.530000,10421,10422,10422,2
2019-08-12,16:22:38.369000,10421,10422,10422,1
2019-08-12,16:22:38.524000,10421,10422,10421,7
2019-08-12,16:22:38.649000,10421,10422,10421,15
2019-08-12,16:22:39.024000,10420,10421,10420,2
2019-08-12,16:22:39.374000,10420,10421,10420,1
2019-08-12,16:22:39.374000,10420,10421,10420,1
2019-08-12,16:22:39.374000,10420,10421,10420,1
2019-08-12,16:22:39.374000,10420,10421,10420,1
2019-08-12,16:22:39.375000,10420,10421,10420,2
2019-08-12,16:22:39.384000,10420,10421,10420,1
2019-08-12,16:22:39.385000,10420,10421,10420,1
2019-08-12,16:22:39.385000,10420,10421,10420,3
2019-08-12,16:22:39.386000,10420,10421,10420,1
2019-08-12,16:22:39.929000,10419,10421,10421,1
2019-08-12,16:22:46.751000,10420,10421,10420,2
2019-08-12,16:22:46.899000,10420,10421,10420,2
2019-08-12,16:22:53.079000,10419,10420,10420,1
2019-08-12,16:22:54.140000,10419,10420,10420,2
2019-08-12,16:22:54.379000,10419,10420,10419,4
2019-08-12,16:22:54.747000,10419,10420,10419,4
2019-08-12,16:22:56.969000,10419,10420,10419,1
2019-08-12,16:22:59.767000,10419,10420,10419,1
2019-08-12,16:23:00.423000,10419,10420,10419,1
2019-08-12,16:23:10.219000,10419,10420,10419,1
2019-08-12,16:23:15.533000,10418,10419,10418,1
2019-08-12,16:23:16.127000,10418,10419,10419,1
2019-08-12,16:23:16.816000,10418,10419,10419,1
2019-08-12,16:23:20.013000,10418,10419,10418,1
2019-08-12,16:23:21.263000,10418,10419,10419,1
2019-08-12,16:23:21.945000,10418,10419,10418,4
2019-08-12,16:23:21.946000,10418,10419,10418,1
2019-08-12,16:23:21.983000,10418,10419,10418,4
2019-08-12,16:23:22.024000,10418,10419,10418,2
2019-08-12,16:23:22.024000,10418,10419,10418,4
2019-08-12,16:23:22.024000,10418,10419,10418,2
2019-08-12,16:23:22.025000,10418,10419,10418,2
2019-08-12,16:23:22.025000,10418,10419,10418,8
2019-08-12,16:23:31.324000,10417,10418,10418,1
2019-08-12,16:23:31.523000,10417,10418,10417,1
2019-08-12,16:23:31.567000,10417,10418,10417,1
2019-08-12,16:23:31.634000,10417,10418,10417,1
2019-08-12,16:23:31.999000,10417,10418,10417,1
2019-08-12,16:23:32.370000,10417,10418,10418,1
2019-08-12,16:23:36.935000,10417,10418,10418,1
2019-08-12,16:23:37.038000,10417,10418,10417,2
2019-08-12,16:23:37.684000,10417,10418,10417,1
2019-08-12,16:23:38.509000,10417,10418,10417,9
2019-08-12,16:23:41.077000,10416,10417,10417,2
2019-08-12,16:23:41.232000,10416,10417,10417,1
2019-08-12,16:23:42.938000,10416,10417,10417,1
2019-08-12,16:23:43.175000,10417,10418,10417,1
2019-08-12,16:23:44.756000,10416,10417,10417,2
2019-08-12,16:23:44.837000,10417,10418,10418,8
2019-08-12,16:23:44.993000,10417,10419,10418,2
2019-08-12,16:23:45.073000,10418,10419,10418,1
2019-08-12,16:23:45.775000,10418,10419,10419,2
2019-08-12,16:23:47.265000,10418,10419,10419,1
2019-08-12,16:23:50.747000,10418,10419,10419,1
2019-08-12,16:23:50.748000,10418,10419,10419,2
2019-08-12,16:23:51.552000,10419,10420,10420,1
2019-08-12,16:23:52.622000,10419,10420,10419,1
2019-08-12,16:23:52.670000,10419,10420,10419,5
2019-08-12,16:23:54.660000,10419,10420,10420,2
2019-08-12,16:23:54.660000,10419,10420,10420,1
2019-08-12,16:23:55.087000,10419,10420,10419,5
2019-08-12,16:23:59.469000,10419,10420,10420,1
2019-08-12,16:24:02.505000,10419,10420,10420,7
2019-08-12,16:24:02.832000,10419,10420,10419,2
2019-08-12,16:24:02.968000,10419,10420,10419,1
2019-08-12,16:24:03.036000,10418,10420,10419,1
2019-08-12,16:24:03.913000,10418,10419,10418,1
2019-08-12,16:24:11.360000,10418,10419,10418,1
2019-08-12,16:24:11.361000,10418,10419,10418,5
2019-08-12,16:24:11.399000,10418,10419,10418,1
2019-08-12,16:24:11.421000,10418,10419,10418,1
2019-08-12,16:24:12.996000,10417,10418,10418,1
2019-08-12,16:24:13.714000,10417,10418,10419,1
2019-08-12,16:24:17.955000,10417,10418,10418,1
2019-08-12,16:24:18.546000,10417,10418,10418,1
2019-08-12,16:24:20.024000,10417,10418,10417,20
2019-08-12,16:24:20.354000,10417,10418,10417,2
2019-08-12,16:24:20.508000,10417,10418,10417,2
2019-08-12,16:24:28.039000,10416,10417,10417,1
2019-08-12,16:24:28.513000,10416,10418,10416,1
2019-08-12,16:24:28.542000,10416,10418,10416,18
2019-08-12,16:24:28.563000,10416,10418,10416,1
2019-08-12,16:24:28.797000,10416,10417,10416,1
2019-08-12,16:24:29.114000,10415,10417,10415,1
2019-08-12,16:24:29.182000,10415,10417,10415,4
2019-08-12,16:24:29.190000,10415,10417,10415,1
2019-08-12,16:24:29.239000,10415,10417,10415,1
2019-08-12,16:24:29.265000,10415,10417,10415,1
2019-08-12,16:24:29.282000,10415,10417,10417,1
2019-08-12,16:24:29.296000,10415,10417,10417,1
2019-08-12,16:24:29.344000,10415,10417,10415,2
2019-08-12,16:24:29.358000,10415,10417,10415,1
2019-08-12,16:24:29.499000,10415,10417,10415,12
2019-08-12,16:24:29.526000,10415,10417,10415,2
2019-08-12,16:24:29.813000,10415,10417,10415,1
2019-08-12,16:24:32.933000,10416,10417,10417,1
2019-08-12,16:24:33.662000,10417,10418,10417,1
2019-08-12,16:24:34.246000,10417,10418,10417,1
2019-08-12,16:24:36.426000,10416,10417,10416,1
2019-08-12,16:24:39.150000,10416,10417,10416,2
2019-08-12,16:24:40.626000,10416,10417,10416,1
2019-08-12,16:24:41.325000,10416,10417,10416,1
2019-08-12,16:24:41.539000,10416,10417,10416,1
2019-08-12,16:24:42.186000,10416,10417,10416,1
2019-08-12,16:24:44.852000,10416,10417,10416,1
2019-08-12,16:24:45.119000,10416,10417,10416,2
2019-08-12,16:24:45.563000,10416,10417,10417,1
2019-08-12,16:24:49.987000,10416,10417,10417,1
2019-08-12,16:24:50.083000,10416,10417,10417,7
2019-08-12,16:24:54.626000,10417,10418,10417,2
2019-08-12,16:24:55.375000,10417,10418,10417,2
2019-08-12,16:24:57.284000,10417,10418,10417,1
2019-08-12,16:24:59.053000,10417,10418,10417,1
2019-08-12,16:24:59.963000,10416,10417,10417,1
2019-08-12,16:25:03.490000,10416,10417,10417,1
2019-08-12,16:25:03.728000,10416,10417,10416,8
2019-08-12,16:25:03.952000,10415,10416,10415,4
2019-08-12,16:25:04.024000,10415,10416,10415,2
2019-08-12,16:25:04.024000,10415,10416,10415,4
2019-08-12,16:25:04.192000,10414,10415,10414,2
2019-08-12,16:25:04.829000,10414,10416,10416,1
2019-08-12,16:25:05.254000,10414,10416,10416,1
2019-08-12,16:25:08.539000,10414,10415,10415,1
2019-08-12,16:25:08.846000,10414,10415,10415,1
2019-08-12,16:25:13.258000,10414,10415,10415,1
2019-08-12,16:25:13.487000,10414,10415,10415,1
2019-08-12,16:25:13.681000,10414,10415,10415,1
2019-08-12,16:25:14.397000,10414,10415,10414,5
2019-08-12,16:25:15.874000,10414,10415,10414,2
2019-08-12,16:25:16.857000,10414,10415,10414,3
2019-08-12,16:25:18.235000,10414,10415,10414,3
2019-08-12,16:25:18.235000,10414,10415,10414,1
2019-08-12,16:25:18.236000,10414,10415,10414,4
2019-08-12,16:25:18.237000,10414,10415,10414,1
2019-08-12,16:25:18.274000,10414,10415,10414,14
2019-08-12,16:25:18.274000,10414,10415,10414,3
2019-08-12,16:25:20.057000,10413,10414,10414,1
2019-08-12,16:25:22,10413,10414,10414,1
2019-08-12,16:25:22,10413,10414,10414,1
2019-08-12,16:25:23.024000,10413,10414,10414,1
2019-08-12,16:25:24.482000,10413,10415,10413,1
2019-08-12,16:25:24.853000,10414,10415,10414,1
2019-08-12,16:25:24.853000,10414,10415,10413,15
2019-08-12,16:25:25.817000,10413,10414,10414,1
2019-08-12,16:25:25.934000,10413,10415,10413,1
2019-08-12,16:25:26.601000,10413,10415,10415,1
2019-08-12,16:25:26.763000,10413,10415,10415,1
2019-08-12,16:25:27.623000,10413,10414,10414,1
2019-08-12,16:25:28.509000,10414,10415,10414,1
2019-08-12,16:25:29,10413,10415,10413,3
2019-08-12,16:25:31.306000,10414,10415,10414,7
2019-08-12,16:25:31.394000,10414,10415,10413,1
2019-08-12,16:25:31.961000,10413,10414,10413,5
2019-08-12,16:25:32.219000,10413,10414,10414,1
2019-08-12,16:25:32.219000,10413,10414,10414,1
2019-08-12,16:25:32.220000,10413,10414,10414,1
2019-08-12,16:25:35.118000,10414,10415,10414,1
2019-08-12,16:25:35.118000,10414,10415,10413,1
2019-08-12,16:25:38.032000,10413,10414,10414,1
2019-08-12,16:25:39.121000,10413,10414,10413,1
2019-08-12,16:25:40.768000,10413,10414,10413,1
2019-08-12,16:25:41.271000,10413,10414,10414,2
2019-08-12,16:25:41.736000,10413,10414,10414,2
2019-08-12,16:25:42.132000,10413,10414,10413,1
2019-08-12,16:25:42.774000,10413,10414,10414,1
2019-08-12,16:25:43.499000,10414,10415,10414,1
2019-08-12,16:25:47.189000,10414,10415,10414,4
2019-08-12,16:25:47.448000,10414,10415,10414,1
2019-08-12,16:25:48.122000,10414,10415,10414,1
2019-08-12,16:25:48.208000,10414,10415,10414,1
2019-08-12,16:25:48.926000,10413,10415,10413,1
2019-08-12,16:25:49.267000,10413,10415,10415,2
2019-08-12,16:25:49.668000,10413,10414,10414,1
2019-08-12,16:25:49.899000,10413,10414,10414,1
2019-08-12,16:25:50.314000,10413,10414,10414,1
2019-08-12,16:25:51.439000,10414,10415,10414,1
2019-08-12,16:25:51.483000,10414,10415,10414,1
2019-08-12,16:25:51.483000,10414,10415,10413,3
2019-08-12,16:25:51.891000,10413,10414,10414,1
2019-08-12,16:25:52.150000,10413,10414,10413,2
2019-08-12,16:25:52.720000,10413,10414,10413,2
2019-08-12,16:25:52.732000,10413,10414,10413,1
2019-08-12,16:25:53.721000,10412,10413,10413,1
2019-08-12,16:25:53.756000,10412,10413,10413,1
2019-08-12,16:25:59.736000,10412,10413,10412,5
2019-08-12,16:25:59.776000,10412,10413,10412,2
2019-08-12,16:25:59.831000,10412,10413,10413,1
2019-08-12,16:25:59.843000,10412,10413,10412,2
2019-08-12,16:25:59.843000,10412,10413,10411,2
2019-08-12,16:25:59.858000,10412,10413,10411,4
2019-08-12,16:26:00.155000,10411,10412,10411,1
2019-08-12,16:26:00.169000,10411,10412,10412,1
2019-08-12,16:26:00.442000,10411,10412,10411,1
2019-08-12,16:26:01.450000,10411,10412,10411,1
2019-08-12,16:26:01.864000,10411,10412,10411,4
2019-08-12,16:26:01.881000,10411,10412,10411,1
2019-08-12,16:26:01.907000,10411,10412,10411,1
2019-08-12,16:26:01.921000,10411,10412,10411,1
2019-08-12,16:26:01.928000,10411,10412,10410,1
2019-08-12,16:26:01.928000,10411,10412,10410,1
2019-08-12,16:26:01.928000,10411,10412,10410,1
2019-08-12,16:26:02.083000,10410,10412,10410,1
2019-08-12,16:26:02.101000,10410,10412,10410,1
2019-08-12,16:26:02.199000,10410,10411,10410,1
2019-08-12,16:26:02.358000,10410,10411,10410,1
2019-08-12,16:26:02.530000,10410,10411,10411,1
2019-08-12,16:26:02.714000,10410,10411,10411,1
2019-08-12,16:26:02.775000,10410,10411,10410,1
2019-08-12,16:26:02.798000,10410,10411,10411,1
2019-08-12,16:26:02.799000,10410,10411,10411,1
2019-08-12,16:26:03.132000,10410,10411,10410,1
2019-08-12,16:26:03.725000,10410,10411,10410,1
2019-08-12,16:26:03.874000,10410,10411,10410,2
2019-08-12,16:26:04.406000,10410,10411,10411,1
2019-08-12,16:26:05.835000,10410,10411,10410,5
2019-08-12,16:26:06.561000,10410,10411,10411,1
2019-08-12,16:26:06.691000,10410,10411,10411,1
2019-08-12,16:26:06.694000,10410,10411,10411,4
2019-08-12,16:26:06.695000,10410,10411,10411,1
2019-08-12,16:26:06.696000,10410,10411,10411,1
2019-08-12,16:26:06.697000,10410,10411,10411,1
2019-08-12,16:26:07.184000,10411,10412,10411,1
2019-08-12,16:26:07.426000,10411,10412,10411,4
2019-08-12,16:26:07.567000,10411,10412,10411,1
2019-08-12,16:26:11.408000,10411,10412,10411,4
2019-08-12,16:26:11.451000,10411,10412,10412,2
2019-08-12,16:26:11.774000,10411,10412,10412,9
2019-08-12,16:26:12.029000,10412,10413,10412,2
2019-08-12,16:26:12.149000,10411,10412,10412,2
2019-08-12,16:26:12.228000,10411,10412,10412,1
2019-08-12,16:26:12.457000,10412,10413,10412,3
2019-08-12,16:26:12.457000,10412,10413,10411,1
2019-08-12,16:26:12.899000,10411,10412,10412,1
2019-08-12,16:26:13.633000,10412,10413,10412,2
2019-08-12,16:26:14.090000,10412,10413,10413,2
2019-08-12,16:26:14.821000,10412,10413,10413,1
2019-08-12,16:26:14.942000,10412,10413,10412,3
2019-08-12,16:26:16.843000,10412,10413,10413,2
2019-08-12,16:26:17,10412,10413,10412,1
2019-08-12,16:26:18.798000,10412,10413,10412,1
2019-08-12,16:26:18.799000,10412,10413,10412,1
2019-08-12,16:26:18.802000,10412,10413,10412,1
2019-08-12,16:26:20.123000,10412,10413,10412,1
2019-08-12,16:26:20.905000,10412,10413,10412,1
2019-08-12,16:26:20.914000,10412,10413,10412,1
2019-08-12,16:26:22.365000,10412,10413,10412,1
2019-08-12,16:26:22.383000,10412,10413,10412,1
2019-08-12,16:26:22.567000,10412,10413,10413,1
2019-08-12,16:26:22.567000,10412,10413,10413,1
2019-08-12,16:26:22.649000,10412,10413,10413,2
2019-08-12,16:26:22.649000,10412,10413,10413,2
2019-08-12,16:26:22.649000,10412,10413,10413,4
2019-08-12,16:26:22.839000,10412,10414,10413,1
2019-08-12,16:26:26.634000,10413,10414,10414,1
2019-08-12,16:26:30.181000,10413,10414,10413,1
2019-08-12,16:26:31.172000,10413,10414,10413,2
2019-08-12,16:26:31.762000,10413,10414,10414,1
2019-08-12,16:26:34.675000,10413,10414,10414,6
2019-08-12,16:26:34.675000,10413,10414,10414,1
2019-08-12,16:26:34.675000,10413,10414,10414,6
2019-08-12,16:26:36.709000,10413,10414,10413,1
2019-08-12,16:26:41.401000,10413,10414,10413,2
2019-08-12,16:26:43.762000,10413,10414,10413,1
2019-08-12,16:26:43.925000,10413,10414,10414,1
2019-08-12,16:26:47.876000,10413,10414,10413,2
2019-08-12,16:26:50.334000,10413,10414,10414,2
2019-08-12,16:26:52.099000,10413,10414,10414,1
2019-08-12,16:27:03.145000,10414,10415,10414,3
2019-08-12,16:27:03.150000,10414,10415,10414,1
2019-08-12,16:27:04.278000,10413,10414,10413,2
2019-08-12,16:27:04.409000,10413,10414,10413,5
2019-08-12,16:27:17.377000,10413,10414,10413,1
2019-08-12,16:27:22.324000,10413,10414,10413,2
2019-08-12,16:27:26.848000,10413,10414,10414,1
2019-08-12,16:27:27.324000,10413,10414,10413,4
2019-08-12,16:27:34.617000,10413,10414,10414,1
2019-08-12,16:27:41.885000,10413,10414,10413,2
2019-08-12,16:27:44.561000,10413,10414,10414,1
2019-08-12,16:27:45.139000,10413,10414,10413,2
2019-08-12,16:27:50.033000,10413,10414,10413,6
2019-08-12,16:27:50.034000,10413,10414,10413,1
2019-08-12,16:27:50.205000,10413,10414,10413,1
2019-08-12,16:27:50.205000,10413,10414,10413,1
2019-08-12,16:27:50.206000,10413,10414,10413,6
2019-08-12,16:27:50.351000,10412,10413,10413,1
2019-08-12,16:27:54.293000,10412,10413,10413,1
2019-08-12,16:27:55.016000,10412,10413,10413,1
2019-08-12,16:27:55.289000,10412,10413,10412,1
2019-08-12,16:27:55.560000,10412,10413,10413,2
2019-08-12,16:27:57.077000,10412,10413,10412,1
2019-08-12,16:28:01.103000,10412,10413,10413,1
2019-08-12,16:28:01.144000,10412,10413,10413,2
