2019-09-12,15:00:00,10818,10819,10821,29
2019-09-12,15:00:00.089000,10820,10821,10820,1
2019-09-12,15:00:00.089000,10820,10821,10819,3
2019-09-12,15:00:00.192000,10819,10821,10821,1
2019-09-12,15:00:00.206000,10819,10821,10821,1
2019-09-12,15:00:00.215000,10819,10821,10821,1
2019-09-12,15:00:00.260000,10819,10821,10821,1
2019-09-12,15:00:00.279000,10819,10821,10821,1
2019-09-12,15:00:00.293000,10819,10821,10821,1
2019-09-12,15:00:00.796000,10819,10821,10821,1
2019-09-12,15:00:00.878000,10819,10821,10819,1
2019-09-12,15:00:01.210000,10820,10821,10820,2
2019-09-12,15:00:01.218000,10820,10821,10820,2
2019-09-12,15:00:01.237000,10820,10821,10820,1
2019-09-12,15:00:01.428000,10819,10820,10820,1
2019-09-12,15:00:01.813000,10820,10821,10820,2
2019-09-12,15:00:03.801000,10820,10821,10820,1
2019-09-12,15:00:05.477000,10820,10821,10820,1
2019-09-12,15:00:05.573000,10819,10821,10820,1
2019-09-12,15:00:05.642000,10819,10821,10820,1
2019-09-12,15:00:07.412000,10819,10821,10819,1
2019-09-12,15:00:08.789000,10820,10821,10821,1
2019-09-12,15:00:09.153000,10820,10821,10820,1
2019-09-12,15:00:09.937000,10820,10821,10820,4
2019-09-12,15:00:12.053000,10820,10821,10821,1
2019-09-12,15:00:13.123000,10820,10821,10821,1
2019-09-12,15:00:13.428000,10820,10821,10821,1
2019-09-12,15:00:14.681000,10820,10821,10821,1
2019-09-12,15:00:22.618000,10820,10821,10821,5
2019-09-12,15:00:24.546000,10820,10821,10820,3
2019-09-12,15:00:27.003000,10820,10821,10821,1
2019-09-12,15:00:29.710000,10820,10821,10821,3
2019-09-12,15:00:30.163000,10820,10822,10820,1
2019-09-12,15:00:30.720000,10820,10821,10821,1
2019-09-12,15:00:31.394000,10820,10821,10821,3
2019-09-12,15:00:31.428000,10820,10821,10821,2
2019-09-12,15:00:31.890000,10821,10822,10821,2
2019-09-12,15:00:35.286000,10821,10822,10821,1
2019-09-12,15:00:36.020000,10821,10822,10822,6
2019-09-12,15:00:43.494000,10821,10822,10821,2
2019-09-12,15:00:43.579000,10821,10822,10821,1
2019-09-12,15:00:46.143000,10821,10822,10822,2
2019-09-12,15:00:47.295000,10822,10823,10822,1
2019-09-12,15:00:47.894000,10821,10822,10821,1
2019-09-12,15:00:53.136000,10821,10822,10821,1
2019-09-12,15:00:54.671000,10821,10822,10821,1
2019-09-12,15:00:55.228000,10821,10822,10821,1
2019-09-12,15:00:55.576000,10821,10822,10822,2
2019-09-12,15:00:58.363000,10821,10822,10821,1
2019-09-12,15:00:58.560000,10821,10822,10822,1
2019-09-12,15:01:00.091000,10821,10822,10821,1
2019-09-12,15:01:00.166000,10821,10822,10821,1
2019-09-12,15:01:00.428000,10821,10822,10822,1
2019-09-12,15:01:02.867000,10821,10822,10822,4
2019-09-12,15:01:05.570000,10821,10822,10822,1
2019-09-12,15:01:06.564000,10821,10822,10822,1
2019-09-12,15:01:08.977000,10821,10823,10823,6
2019-09-12,15:01:12.043000,10821,10823,10822,1
2019-09-12,15:01:23.770000,10822,10823,10822,1
2019-09-12,15:01:25.598000,10822,10823,10822,8
2019-09-12,15:01:27.362000,10821,10822,10821,14
2019-09-12,15:01:37.362000,10820,10821,10821,1
2019-09-12,15:01:42.491000,10820,10821,10821,1
2019-09-12,15:01:44.212000,10820,10821,10821,1
2019-09-12,15:01:46.281000,10820,10821,10821,1
2019-09-12,15:01:47.191000,10820,10821,10820,1
2019-09-12,15:01:48.259000,10820,10821,10821,1
2019-09-12,15:01:50.141000,10820,10821,10820,5
2019-09-12,15:01:50.167000,10820,10821,10820,2
2019-09-12,15:01:50.175000,10820,10821,10820,1
2019-09-12,15:01:50.176000,10820,10821,10820,1
2019-09-12,15:01:50.176000,10820,10821,10820,2
2019-09-12,15:01:50.176000,10820,10821,10820,11
2019-09-12,15:01:50.178000,10820,10821,10820,2
2019-09-12,15:01:50.279000,10820,10821,10820,1
2019-09-12,15:01:53.629000,10819,10820,10820,1
2019-09-12,15:01:55.016000,10819,10820,10820,1
2019-09-12,15:01:57.208000,10819,10820,10819,6
2019-09-12,15:01:58.451000,10818,10819,10818,1
2019-09-12,15:01:58.871000,10818,10819,10819,1
2019-09-12,15:02:03.805000,10818,10819,10819,1
2019-09-12,15:02:04.681000,10818,10819,10819,4
2019-09-12,15:02:04.681000,10818,10819,10820,2
2019-09-12,15:02:04.906000,10818,10819,10818,1
2019-09-12,15:02:06.512000,10818,10819,10818,9
2019-09-12,15:02:09.465000,10817,10818,10817,9
2019-09-12,15:02:09.665000,10816,10818,10816,1
2019-09-12,15:02:10.487000,10816,10818,10816,1
2019-09-12,15:02:11.335000,10816,10818,10816,1
2019-09-12,15:02:12.494000,10816,10817,10817,1
2019-09-12,15:02:14.084000,10816,10817,10817,1
2019-09-12,15:02:14.485000,10816,10817,10816,1
2019-09-12,15:02:14.586000,10816,10817,10816,5
2019-09-12,15:02:14.718000,10816,10817,10817,1
2019-09-12,15:02:15.777000,10816,10817,10817,1
2019-09-12,15:02:16.735000,10816,10817,10816,4
2019-09-12,15:02:19.388000,10816,10817,10816,4
2019-09-12,15:02:21.160000,10816,10817,10816,1
2019-09-12,15:02:21.954000,10816,10817,10816,1
2019-09-12,15:02:22.666000,10816,10817,10816,2
2019-09-12,15:02:22.873000,10816,10817,10816,3
2019-09-12,15:02:25.648000,10816,10817,10816,1
2019-09-12,15:02:26.951000,10816,10817,10816,5
2019-09-12,15:02:28.773000,10816,10817,10816,4
2019-09-12,15:02:31.998000,10816,10817,10816,1
2019-09-12,15:02:32.485000,10816,10817,10816,1
2019-09-12,15:02:35.791000,10816,10817,10816,1
2019-09-12,15:02:36.931000,10816,10817,10816,2
2019-09-12,15:02:38.523000,10816,10817,10816,1
2019-09-12,15:02:46.970000,10816,10817,10816,4
2019-09-12,15:02:49.435000,10816,10817,10816,1
2019-09-12,15:02:49.670000,10816,10817,10816,1
2019-09-12,15:02:49.918000,10816,10817,10816,1
2019-09-12,15:02:50.150000,10816,10817,10816,1
2019-09-12,15:02:50.374000,10816,10817,10816,1
2019-09-12,15:03:00.540000,10816,10817,10817,1
2019-09-12,15:03:03.277000,10816,10817,10816,2
2019-09-12,15:03:03.560000,10816,10817,10816,2
2019-09-12,15:03:03.868000,10816,10817,10816,1
2019-09-12,15:03:05.987000,10816,10817,10816,2
2019-09-12,15:03:18.872000,10816,10817,10817,1
2019-09-12,15:03:23.774000,10816,10817,10817,1
2019-09-12,15:03:25.241000,10816,10817,10817,1
2019-09-12,15:03:28.579000,10816,10817,10817,3
2019-09-12,15:03:28.585000,10816,10817,10817,2
2019-09-12,15:03:28.590000,10816,10817,10817,1
2019-09-12,15:03:28.678000,10816,10817,10817,7
2019-09-12,15:03:34.190000,10817,10818,10818,1
2019-09-12,15:03:34.446000,10817,10818,10818,2
2019-09-12,15:03:34.516000,10817,10818,10818,2
2019-09-12,15:03:34.553000,10817,10818,10818,1
2019-09-12,15:03:35.025000,10818,10819,10819,2
2019-09-12,15:03:35.045000,10818,10819,10819,1
2019-09-12,15:03:35.674000,10818,10819,10818,1
2019-09-12,15:03:38.329000,10818,10819,10818,1
2019-09-12,15:03:41.905000,10818,10819,10818,1
2019-09-12,15:03:46.999000,10818,10819,10818,1
2019-09-12,15:03:59.495000,10818,10819,10819,1
2019-09-12,15:04:10.619000,10818,10819,10819,1
2019-09-12,15:04:11.160000,10818,10819,10818,2
2019-09-12,15:04:13.926000,10818,10819,10818,10
2019-09-12,15:04:16.793000,10818,10819,10818,1
2019-09-12,15:04:19.044000,10818,10819,10818,1
2019-09-12,15:04:20.432000,10818,10819,10818,3
2019-09-12,15:04:21.164000,10818,10819,10818,1
2019-09-12,15:04:22.265000,10818,10819,10818,1
2019-09-12,15:04:34.553000,10818,10819,10818,5
2019-09-12,15:04:50.556000,10817,10818,10817,1
2019-09-12,15:04:53.157000,10817,10818,10817,1
2019-09-12,15:04:54.454000,10817,10818,10817,1
2019-09-12,15:04:54.491000,10817,10818,10817,1
2019-09-12,15:05:02.839000,10817,10818,10817,1
2019-09-12,15:05:10.770000,10817,10818,10817,2
2019-09-12,15:05:10.798000,10817,10818,10817,1
2019-09-12,15:05:17.449000,10817,10818,10818,1
2019-09-12,15:05:26.489000,10817,10818,10817,1
2019-09-12,15:05:37.635000,10817,10818,10818,1
2019-09-12,15:05:37.795000,10817,10818,10818,1
2019-09-12,15:05:40.068000,10817,10818,10817,1
2019-09-12,15:05:40.270000,10817,10818,10817,1
2019-09-12,15:05:40.389000,10817,10818,10818,5
2019-09-12,15:05:40.551000,10817,10818,10818,3
2019-09-12,15:06:02.829000,10817,10818,10818,1
2019-09-12,15:06:03.264000,10817,10818,10817,2
2019-09-12,15:06:03.321000,10817,10818,10817,2
2019-09-12,15:06:05.739000,10817,10818,10818,1
2019-09-12,15:06:13.554000,10817,10818,10818,3
2019-09-12,15:06:17.746000,10817,10818,10818,1
2019-09-12,15:06:20.121000,10817,10818,10818,1
2019-09-12,15:06:20.389000,10817,10818,10818,1
2019-09-12,15:06:23.159000,10817,10818,10818,1
2019-09-12,15:06:31.927000,10817,10818,10817,26
2019-09-12,15:06:37.009000,10816,10817,10816,2
2019-09-12,15:06:37.053000,10816,10817,10816,1
2019-09-12,15:06:37.644000,10816,10817,10816,19
2019-09-12,15:06:38.602000,10815,10816,10815,1
2019-09-12,15:06:38.858000,10815,10816,10815,1
2019-09-12,15:06:38.890000,10815,10816,10815,1
2019-09-12,15:06:38.925000,10815,10816,10815,1
2019-09-12,15:06:39.198000,10815,10816,10815,1
2019-09-12,15:06:39.263000,10815,10816,10815,1
2019-09-12,15:06:39.399000,10815,10816,10815,1
2019-09-12,15:06:39.592000,10815,10816,10815,1
2019-09-12,15:06:39.756000,10815,10816,10815,1
2019-09-12,15:06:39.785000,10815,10816,10815,2
2019-09-12,15:06:39.944000,10815,10816,10815,1
2019-09-12,15:06:40.105000,10815,10816,10815,1
2019-09-12,15:06:40.260000,10815,10816,10815,1
2019-09-12,15:06:40.599000,10815,10816,10815,1
2019-09-12,15:06:41.394000,10815,10816,10815,1
2019-09-12,15:06:41.539000,10815,10816,10815,1
2019-09-12,15:06:41.852000,10815,10816,10815,1
2019-09-12,15:06:42.106000,10815,10816,10816,1
2019-09-12,15:06:42.286000,10815,10816,10816,1
2019-09-12,15:06:42.439000,10815,10816,10815,1
2019-09-12,15:06:43.318000,10815,10816,10815,1
2019-09-12,15:06:48.078000,10815,10816,10816,2
2019-09-12,15:06:50.233000,10816,10817,10816,1
2019-09-12,15:06:52.242000,10816,10818,10816,1
2019-09-12,15:06:59.031000,10816,10817,10817,1
2019-09-12,15:06:59.901000,10817,10818,10817,1
2019-09-12,15:07:03.479000,10817,10818,10817,1
2019-09-12,15:07:03.858000,10817,10818,10818,1
2019-09-12,15:07:10.123000,10817,10818,10817,2
2019-09-12,15:07:24.308000,10816,10817,10817,1
2019-09-12,15:07:32.448000,10816,10817,10817,1
2019-09-12,15:07:32.861000,10816,10817,10816,1
2019-09-12,15:07:32.869000,10816,10817,10816,1
2019-09-12,15:07:34.742000,10816,10817,10816,9
2019-09-12,15:07:41.878000,10815,10816,10815,1
2019-09-12,15:07:44.436000,10815,10816,10816,5
2019-09-12,15:07:54.156000,10815,10816,10816,1
2019-09-12,15:07:56.834000,10815,10816,10816,1
2019-09-12,15:08:01.879000,10815,10816,10816,1
2019-09-12,15:08:01.918000,10815,10816,10816,1
2019-09-12,15:08:02.983000,10815,10816,10815,10
2019-09-12,15:08:03.171000,10815,10816,10815,10
2019-09-12,15:08:03.179000,10815,10816,10815,3
2019-09-12,15:08:03.479000,10814,10815,10815,1
2019-09-12,15:08:09.224000,10814,10815,10814,1
2019-09-12,15:08:09.326000,10814,10815,10814,1
2019-09-12,15:08:09.748000,10814,10815,10814,1
2019-09-12,15:08:09.810000,10814,10815,10814,1
2019-09-12,15:08:10.040000,10814,10815,10814,1
2019-09-12,15:08:10.045000,10814,10815,10814,3
2019-09-12,15:08:10.177000,10814,10815,10814,1
2019-09-12,15:08:10.178000,10814,10815,10814,1
2019-09-12,15:08:10.428000,10813,10814,10814,1
2019-09-12,15:08:12.845000,10813,10814,10814,1
2019-09-12,15:08:15.545000,10813,10814,10814,2
2019-09-12,15:08:21.300000,10814,10815,10814,1
2019-09-12,15:08:21.644000,10814,10815,10814,1
2019-09-12,15:08:24.983000,10814,10815,10815,33
2019-09-12,15:08:25.304000,10815,10816,10816,2
2019-09-12,15:08:25.428000,10815,10817,10816,1
2019-09-12,15:08:25.442000,10815,10817,10816,1
2019-09-12,15:08:26.397000,10815,10817,10815,1
2019-09-12,15:08:37.938000,10815,10816,10816,1
2019-09-12,15:08:41.927000,10816,10817,10816,1
2019-09-12,15:08:44.937000,10816,10817,10816,1
2019-09-12,15:08:45.349000,10816,10817,10816,1
2019-09-12,15:09:03.688000,10815,10817,10815,3
2019-09-12,15:09:04.160000,10815,10817,10815,2
2019-09-12,15:09:08.429000,10815,10816,10815,4
2019-09-12,15:09:28.338000,10814,10815,10815,4
2019-09-12,15:09:30.350000,10815,10816,10815,1
2019-09-12,15:09:39.403000,10815,10816,10815,4
2019-09-12,15:09:42.138000,10815,10816,10816,5
2019-09-12,15:09:49.096000,10815,10816,10816,1
2019-09-12,15:09:50.037000,10815,10816,10815,5
2019-09-12,15:10:04.951000,10815,10816,10816,1
2019-09-12,15:10:05.057000,10815,10816,10815,1
2019-09-12,15:10:05.781000,10815,10816,10815,1
2019-09-12,15:10:09.412000,10815,10816,10815,1
2019-09-12,15:10:10.056000,10815,10816,10815,8
2019-09-12,15:10:17.551000,10814,10815,10814,1
2019-09-12,15:10:18.861000,10814,10815,10814,1
2019-09-12,15:10:18.928000,10814,10815,10814,3
2019-09-12,15:10:21.979000,10813,10815,10815,1
2019-09-12,15:10:23.061000,10814,10815,10814,1
2019-09-12,15:10:23.310000,10813,10815,10813,1
2019-09-12,15:10:23.466000,10814,10815,10814,1
2019-09-12,15:10:23.532000,10814,10815,10813,1
2019-09-12,15:10:23.649000,10813,10815,10813,2
2019-09-12,15:10:23.680000,10813,10815,10813,2
2019-09-12,15:10:23.730000,10813,10815,10813,4
2019-09-12,15:10:23.742000,10813,10815,10813,2
2019-09-12,15:10:23.794000,10813,10815,10813,2
2019-09-12,15:10:23.803000,10813,10815,10813,2
2019-09-12,15:10:23.869000,10813,10815,10813,2
2019-09-12,15:10:23.890000,10813,10815,10813,2
2019-09-12,15:10:23.954000,10813,10814,10813,2
2019-09-12,15:10:23.985000,10813,10814,10813,2
2019-09-12,15:10:24.040000,10813,10814,10813,2
2019-09-12,15:10:24.044000,10813,10814,10813,2
2019-09-12,15:10:24.113000,10813,10814,10813,1
2019-09-12,15:10:24.113000,10813,10814,10812,1
2019-09-12,15:10:24.130000,10813,10814,10812,2
2019-09-12,15:10:24.196000,10812,10814,10812,4
2019-09-12,15:10:24.216000,10812,10814,10812,4
2019-09-12,15:10:24.273000,10812,10814,10812,2
2019-09-12,15:10:24.291000,10812,10814,10812,4
2019-09-12,15:10:24.317000,10812,10814,10812,3
2019-09-12,15:10:24.344000,10812,10814,10812,4
2019-09-12,15:10:24.368000,10812,10814,10812,4
2019-09-12,15:10:24.426000,10812,10814,10812,4
2019-09-12,15:10:24.454000,10812,10813,10812,1
2019-09-12,15:10:25.215000,10812,10813,10813,4
2019-09-12,15:10:32.180000,10813,10814,10814,1
2019-09-12,15:10:32.804000,10813,10814,10814,3
2019-09-12,15:10:33.790000,10813,10814,10814,1
2019-09-12,15:10:37.805000,10813,10814,10814,1
2019-09-12,15:10:38.838000,10813,10815,10813,1
2019-09-12,15:10:41.285000,10814,10815,10814,2
2019-09-12,15:10:45.025000,10814,10815,10814,1
2019-09-12,15:10:49.020000,10814,10815,10815,1
2019-09-12,15:10:49.327000,10814,10815,10814,5
2019-09-12,15:11:04.715000,10814,10815,10814,4
2019-09-12,15:11:05.478000,10813,10814,10813,2
2019-09-12,15:11:11.539000,10813,10814,10813,1
2019-09-12,15:11:12.673000,10813,10814,10813,1
2019-09-12,15:11:13.930000,10813,10814,10813,1
2019-09-12,15:11:20.467000,10813,10814,10813,2
2019-09-12,15:11:21.155000,10813,10814,10814,1
2019-09-12,15:11:25.314000,10813,10814,10813,1
2019-09-12,15:11:28.819000,10813,10814,10814,1
2019-09-12,15:11:29.678000,10813,10814,10814,4
2019-09-12,15:11:46.699000,10813,10814,10814,1
2019-09-12,15:11:48.381000,10813,10814,10814,1
2019-09-12,15:11:49.901000,10813,10814,10814,1
2019-09-12,15:11:52.571000,10813,10814,10813,5
2019-09-12,15:11:56.197000,10813,10814,10814,5
2019-09-12,15:12:05.418000,10814,10815,10814,10
2019-09-12,15:12:05.418000,10814,10815,10814,2
2019-09-12,15:12:05.428000,10814,10815,10814,1
2019-09-12,15:12:06.201000,10813,10814,10814,1
2019-09-12,15:12:19.764000,10813,10814,10813,2
2019-09-12,15:12:23.182000,10813,10814,10814,2
2019-09-12,15:12:32.078000,10813,10814,10814,1
2019-09-12,15:12:34.830000,10813,10814,10814,1
2019-09-12,15:12:37.162000,10813,10814,10814,3
2019-09-12,15:12:42.211000,10813,10814,10813,1
2019-09-12,15:12:42.251000,10813,10814,10814,1
2019-09-12,15:12:44.147000,10813,10814,10813,1
2019-09-12,15:12:44.190000,10813,10814,10813,1
2019-09-12,15:12:44.190000,10813,10814,10813,1
2019-09-12,15:12:44.190000,10813,10814,10813,12
2019-09-12,15:12:44.190000,10813,10814,10813,2
2019-09-12,15:12:44.190000,10813,10814,10813,2
2019-09-12,15:12:44.190000,10813,10814,10813,1
2019-09-12,15:12:44.880000,10812,10813,10812,4
2019-09-12,15:12:52.162000,10812,10814,10812,5
2019-09-12,15:12:52.694000,10812,10814,10812,5
2019-09-12,15:13:02.759000,10812,10814,10812,6
2019-09-12,15:13:15.248000,10812,10813,10812,2
2019-09-12,15:13:24.093000,10812,10813,10812,2
2019-09-12,15:13:24.623000,10812,10813,10812,10
2019-09-12,15:13:27.454000,10812,10813,10812,3
2019-09-12,15:13:28.219000,10812,10813,10813,11
2019-09-12,15:13:28.564000,10812,10813,10813,1
2019-09-12,15:13:30.803000,10812,10813,10813,1
2019-09-12,15:13:31.009000,10812,10814,10812,1
2019-09-12,15:13:34.294000,10812,10814,10814,1
2019-09-12,15:13:38.740000,10812,10813,10813,1
2019-09-12,15:13:48.778000,10812,10814,10814,3
2019-09-12,15:13:54.480000,10813,10814,10814,2
2019-09-12,15:13:54.480000,10813,10814,10815,3
2019-09-12,15:13:59.036000,10813,10815,10815,1
2019-09-12,15:14:03.139000,10814,10815,10815,1
2019-09-12,15:14:07.256000,10814,10815,10814,1
2019-09-12,15:14:07.455000,10813,10814,10814,1
2019-09-12,15:14:11.430000,10813,10814,10813,1
2019-09-12,15:14:34.263000,10813,10814,10814,2
2019-09-12,15:14:34.391000,10813,10814,10814,1
2019-09-12,15:14:40.417000,10813,10814,10814,3
2019-09-12,15:14:40.711000,10814,10815,10814,1
2019-09-12,15:14:51.013000,10814,10815,10815,15
2019-09-12,15:14:59.505000,10814,10815,10815,1
2019-09-12,15:15:18.147000,10814,10815,10814,1
2019-09-12,15:15:18.513000,10814,10815,10814,2
2019-09-12,15:15:18.587000,10814,10815,10814,1
2019-09-12,15:15:18.598000,10814,10815,10814,1
2019-09-12,15:15:18.631000,10814,10815,10815,1
2019-09-12,15:15:19.419000,10814,10815,10814,1
2019-09-12,15:15:23.789000,10814,10815,10814,1
2019-09-12,15:15:25.999000,10814,10815,10815,1
2019-09-12,15:15:27.538000,10814,10815,10814,1
2019-09-12,15:15:34.094000,10814,10815,10815,1
2019-09-12,15:15:37.197000,10814,10815,10814,1
2019-09-12,15:15:37.742000,10814,10815,10815,1
2019-09-12,15:15:39.282000,10814,10815,10814,2
2019-09-12,15:15:43.378000,10814,10815,10815,4
2019-09-12,15:15:44.123000,10814,10815,10815,1
2019-09-12,15:15:53.524000,10814,10815,10815,2
2019-09-12,15:15:55.056000,10814,10815,10815,1
2019-09-12,15:15:55.479000,10814,10815,10815,1
2019-09-12,15:15:59.606000,10814,10815,10815,2
2019-09-12,15:16:03.053000,10814,10815,10815,2
2019-09-12,15:16:17.025000,10815,10816,10815,1
2019-09-12,15:16:26.673000,10815,10816,10816,14
2019-09-12,15:16:43.013000,10815,10816,10816,1
2019-09-12,15:16:54.519000,10815,10816,10816,1
2019-09-12,15:17:00.469000,10815,10816,10816,5
2019-09-12,15:17:00.820000,10815,10816,10816,1
2019-09-12,15:17:01.802000,10815,10816,10816,2
2019-09-12,15:17:02.219000,10815,10816,10815,2
2019-09-12,15:17:02.243000,10815,10816,10815,2
2019-09-12,15:17:02.257000,10815,10816,10815,2
2019-09-12,15:17:18.716000,10815,10816,10815,1
2019-09-12,15:17:19.542000,10815,10816,10815,1
2019-09-12,15:17:32.079000,10815,10816,10815,5
2019-09-12,15:17:32.116000,10815,10816,10815,1
2019-09-12,15:17:32.116000,10815,10816,10815,5
2019-09-12,15:17:32.482000,10814,10815,10815,1
2019-09-12,15:17:37.600000,10814,10815,10815,1
2019-09-12,15:17:38.957000,10814,10815,10814,1
2019-09-12,15:17:38.981000,10814,10815,10814,1
2019-09-12,15:17:39.030000,10814,10815,10814,1
2019-09-12,15:17:39.731000,10814,10815,10815,1
2019-09-12,15:17:42.331000,10814,10815,10814,1
2019-09-12,15:17:44.288000,10814,10815,10814,1
2019-09-12,15:17:46.479000,10814,10815,10814,1
2019-09-12,15:17:48.306000,10814,10815,10814,2
2019-09-12,15:17:50.986000,10813,10814,10814,1
2019-09-12,15:17:51.520000,10813,10814,10813,1
2019-09-12,15:17:55.992000,10813,10814,10813,2
2019-09-12,15:17:56.011000,10813,10814,10813,2
2019-09-12,15:17:56.062000,10813,10814,10813,2
2019-09-12,15:18:01.118000,10812,10813,10813,1
2019-09-12,15:18:01.521000,10812,10813,10813,6
2019-09-12,15:18:03.571000,10812,10814,10812,1
2019-09-12,15:18:03.699000,10812,10814,10812,1
2019-09-12,15:18:16.095000,10812,10813,10813,1
2019-09-12,15:18:16.142000,10812,10813,10812,1
2019-09-12,15:18:22.222000,10812,10813,10813,1
2019-09-12,15:18:24.110000,10812,10813,10812,2
2019-09-12,15:18:26.110000,10812,10813,10813,11
2019-09-12,15:18:34.836000,10813,10814,10813,1
2019-09-12,15:18:34.865000,10813,10814,10813,1
2019-09-12,15:18:34.905000,10813,10814,10813,1
2019-09-12,15:18:43.520000,10813,10814,10814,1
2019-09-12,15:18:45.003000,10813,10814,10814,3
2019-09-12,15:19:03.179000,10814,10815,10815,4
2019-09-12,15:19:10.276000,10815,10816,10816,1
2019-09-12,15:19:10.564000,10815,10816,10816,1
2019-09-12,15:19:12.175000,10815,10816,10816,1
2019-09-12,15:19:24.198000,10815,10816,10815,3
2019-09-12,15:19:30.475000,10814,10815,10814,1
2019-09-12,15:19:32.884000,10813,10814,10814,1
2019-09-12,15:19:37.526000,10813,10814,10814,3
2019-09-12,15:19:40.587000,10813,10815,10813,3
2019-09-12,15:19:40.948000,10813,10814,10814,1
2019-09-12,15:19:46.144000,10814,10815,10815,2
2019-09-12,15:19:47.570000,10814,10815,10814,2
2019-09-12,15:20:00.179000,10814,10815,10815,1
2019-09-12,15:20:07.092000,10815,10816,10815,1
2019-09-12,15:20:12.057000,10814,10815,10815,1
2019-09-12,15:20:19.956000,10814,10815,10814,1
2019-09-12,15:20:20.376000,10814,10815,10815,1
2019-09-12,15:20:20.567000,10814,10815,10814,5
2019-09-12,15:20:38.395000,10814,10815,10815,2
2019-09-12,15:20:43.225000,10814,10815,10815,3
2019-09-12,15:20:51.152000,10815,10816,10816,1
2019-09-12,15:20:58.885000,10815,10816,10815,1
2019-09-12,15:21:08.868000,10815,10816,10816,14
2019-09-12,15:21:12.266000,10816,10817,10816,1
2019-09-12,15:21:15.307000,10816,10817,10816,1
2019-09-12,15:21:16.505000,10816,10817,10816,1
2019-09-12,15:21:29.638000,10816,10817,10816,1
2019-09-12,15:21:36.605000,10815,10816,10816,1
2019-09-12,15:21:44.700000,10816,10817,10816,1
2019-09-12,15:21:54.797000,10816,10817,10816,1
2019-09-12,15:22:05.914000,10816,10817,10816,1
2019-09-12,15:22:05.921000,10816,10817,10816,1
2019-09-12,15:22:27.039000,10815,10816,10816,1
2019-09-12,15:23:04.157000,10815,10816,10816,1
2019-09-12,15:23:05.994000,10815,10816,10816,1
2019-09-12,15:23:31.919000,10815,10816,10816,1
2019-09-12,15:23:39.067000,10815,10816,10816,1
2019-09-12,15:24:11.132000,10815,10816,10815,1
2019-09-12,15:24:11.633000,10815,10816,10815,5
2019-09-12,15:24:11.633000,10815,10816,10815,5
2019-09-12,15:24:11.678000,10815,10816,10815,9
2019-09-12,15:24:11.678000,10815,10816,10815,5
2019-09-12,15:24:36.866000,10814,10815,10815,1
2019-09-12,15:24:39.072000,10814,10815,10815,3
2019-09-12,15:24:43.878000,10815,10816,10816,5
2019-09-12,15:24:43.928000,10815,10816,10816,8
2019-09-12,15:24:47.451000,10816,10817,10817,1
2019-09-12,15:25:03.172000,10816,10817,10817,1
2019-09-12,15:25:03.173000,10816,10817,10817,15
2019-09-12,15:25:03.329000,10817,10818,10818,11
2019-09-12,15:25:03.428000,10817,10818,10818,2
2019-09-12,15:25:03.553000,10817,10818,10818,7
2019-09-12,15:25:03.553000,10817,10818,10818,1
2019-09-12,15:25:03.553000,10817,10818,10818,6
2019-09-12,15:25:04.261000,10818,10819,10819,22
2019-09-12,15:25:04.435000,10819,10820,10820,2
2019-09-12,15:25:04.435000,10819,10820,10820,2
2019-09-12,15:25:04.435000,10819,10820,10820,1
2019-09-12,15:25:04.451000,10819,10820,10820,2
2019-09-12,15:25:04.481000,10819,10820,10820,2
2019-09-12,15:25:04.503000,10819,10820,10820,2
2019-09-12,15:25:04.553000,10819,10820,10820,2
2019-09-12,15:25:04.570000,10819,10820,10820,4
2019-09-12,15:25:04.678000,10819,10820,10820,1
2019-09-12,15:25:04.678000,10819,10820,10820,1
2019-09-12,15:25:04.778000,10819,10820,10820,1
2019-09-12,15:25:06.584000,10819,10820,10819,2
2019-09-12,15:25:06.584000,10819,10820,10819,2
2019-09-12,15:25:06.585000,10819,10820,10819,4
2019-09-12,15:25:06.902000,10818,10819,10819,1
2019-09-12,15:25:08.456000,10818,10819,10819,1
2019-09-12,15:25:09.053000,10818,10819,10818,2
2019-09-12,15:25:11.160000,10818,10819,10819,3
2019-09-12,15:25:11.326000,10819,10820,10820,8
2019-09-12,15:25:12.353000,10819,10820,10820,1
2019-09-12,15:25:16.264000,10820,10821,10821,7
2019-09-12,15:25:16.264000,10820,10821,10821,7
2019-09-12,15:25:16.264000,10820,10821,10821,8
2019-09-12,15:25:16.364000,10821,10822,10822,11
2019-09-12,15:25:16.471000,10822,10823,10823,10
2019-09-12,15:25:16.553000,10822,10824,10823,1
2019-09-12,15:25:16.559000,10822,10824,10823,1
2019-09-12,15:25:16.559000,10822,10824,10823,1
2019-09-12,15:25:16.560000,10822,10824,10823,1
2019-09-12,15:25:17.837000,10822,10823,10822,1
2019-09-12,15:25:17.859000,10822,10823,10823,3
2019-09-12,15:25:20.057000,10822,10823,10823,2
2019-09-12,15:25:20.739000,10822,10823,10823,1
2019-09-12,15:25:21.277000,10823,10824,10824,2
2019-09-12,15:25:21.277000,10823,10824,10824,2
2019-09-12,15:25:21.278000,10823,10824,10824,9
2019-09-12,15:25:21.278000,10823,10824,10824,2
2019-09-12,15:25:21.279000,10823,10824,10824,2
2019-09-12,15:25:21.281000,10823,10824,10824,1
2019-09-12,15:25:21.373000,10823,10825,10825,1
2019-09-12,15:25:21.431000,10824,10825,10825,13
2019-09-12,15:25:22.110000,10825,10826,10826,1
2019-09-12,15:25:22.140000,10825,10826,10826,2
2019-09-12,15:25:22.196000,10825,10826,10826,2
2019-09-12,15:25:22.321000,10825,10826,10826,8
2019-09-12,15:25:22.321000,10825,10826,10826,1
2019-09-12,15:25:22.429000,10826,10827,10826,2
2019-09-12,15:25:22.595000,10826,10827,10827,10
2019-09-12,15:25:22.767000,10826,10827,10827,8
2019-09-12,15:25:22.767000,10826,10827,10827,2
2019-09-12,15:25:23.718000,10827,10828,10827,1
2019-09-12,15:25:23.905000,10827,10828,10828,2
2019-09-12,15:25:23.985000,10827,10828,10828,1
2019-09-12,15:25:24.186000,10827,10828,10828,3
2019-09-12,15:25:24.252000,10827,10828,10828,5
2019-09-12,15:25:24.803000,10828,10829,10829,2
2019-09-12,15:25:25.127000,10828,10829,10828,2
2019-09-12,15:25:25.127000,10828,10829,10828,1
2019-09-12,15:25:25.127000,10828,10829,10828,9
2019-09-12,15:25:25.234000,10827,10828,10828,2
2019-09-12,15:25:25.423000,10827,10828,10828,1
2019-09-12,15:25:25.666000,10827,10828,10828,1
2019-09-12,15:25:25.675000,10827,10828,10827,2
2019-09-12,15:25:25.928000,10826,10827,10826,4
2019-09-12,15:25:26.053000,10826,10827,10826,1
2019-09-12,15:25:26.053000,10826,10827,10826,1
2019-09-12,15:25:26.471000,10825,10826,10826,1
2019-09-12,15:25:27.859000,10825,10826,10826,2
2019-09-12,15:25:28.313000,10825,10826,10826,1
2019-09-12,15:25:29.471000,10825,10826,10825,3
2019-09-12,15:25:29.510000,10825,10826,10826,13
2019-09-12,15:25:31.050000,10825,10826,10826,2
2019-09-12,15:25:31.553000,10825,10826,10825,2
2019-09-12,15:25:31.553000,10825,10826,10825,1
2019-09-12,15:25:32.093000,10824,10825,10825,1
2019-09-12,15:25:32.173000,10824,10825,10824,2
2019-09-12,15:25:32.671000,10824,10825,10825,5
2019-09-12,15:25:33.303000,10824,10825,10824,1
2019-09-12,15:25:34.137000,10823,10824,10823,1
2019-09-12,15:25:35.033000,10823,10824,10824,1
2019-09-12,15:25:36.227000,10823,10825,10824,1
2019-09-12,15:25:37.428000,10823,10824,10823,2
2019-09-12,15:25:41.576000,10823,10824,10823,1
2019-09-12,15:25:44.842000,10822,10823,10822,1
2019-09-12,15:25:45.018000,10822,10823,10823,1
2019-09-12,15:25:46.976000,10822,10823,10823,1
2019-09-12,15:25:48.084000,10822,10823,10823,2
2019-09-12,15:25:48.748000,10822,10823,10823,1
2019-09-12,15:25:59.184000,10822,10823,10823,1
2019-09-12,15:25:59.774000,10822,10823,10822,15
2019-09-12,15:25:59.884000,10821,10823,10822,10
2019-09-12,15:26:00.281000,10821,10822,10822,3
2019-09-12,15:26:02.911000,10821,10822,10822,3
2019-09-12,15:26:08.519000,10822,10823,10822,5
2019-09-12,15:26:13.678000,10822,10823,10823,2
2019-09-12,15:26:13.953000,10822,10823,10823,2
2019-09-12,15:26:14.053000,10822,10823,10823,10
2019-09-12,15:26:17.601000,10822,10823,10823,1
2019-09-12,15:26:17.601000,10822,10823,10824,1
2019-09-12,15:26:17.895000,10822,10823,10823,1
2019-09-12,15:26:17.895000,10822,10823,10824,5
2019-09-12,15:26:20.791000,10823,10824,10823,2
2019-09-12,15:26:21.631000,10822,10823,10823,1
2019-09-12,15:26:21.900000,10822,10823,10823,1
2019-09-12,15:26:22.187000,10822,10823,10822,2
2019-09-12,15:26:23.153000,10821,10822,10822,1
2019-09-12,15:26:23.627000,10821,10823,10823,1
2019-09-12,15:26:26.796000,10822,10823,10823,1
2019-09-12,15:26:31.109000,10822,10823,10823,1
2019-09-12,15:26:33.970000,10822,10823,10823,1
2019-09-12,15:26:39.342000,10822,10823,10822,4
2019-09-12,15:26:43.014000,10821,10822,10822,1
2019-09-12,15:26:46.151000,10821,10822,10822,1
2019-09-12,15:26:46.883000,10821,10822,10822,5
2019-09-12,15:27:01.768000,10821,10822,10822,1
2019-09-12,15:27:06.259000,10821,10822,10821,10
2019-09-12,15:27:06.375000,10820,10822,10821,1
2019-09-12,15:27:06.375000,10820,10822,10821,1
2019-09-12,15:27:06.375000,10820,10822,10821,1
2019-09-12,15:27:06.616000,10820,10821,10821,2
2019-09-12,15:27:09.589000,10820,10821,10820,10
2019-09-12,15:27:10.981000,10819,10820,10820,1
2019-09-12,15:27:13.053000,10819,10820,10820,4
2019-09-12,15:27:13.053000,10819,10820,10820,5
2019-09-12,15:27:15.471000,10820,10821,10820,1
2019-09-12,15:27:34.236000,10820,10821,10821,1
2019-09-12,15:27:51.922000,10821,10822,10821,1
2019-09-12,15:27:53.539000,10821,10822,10822,5
2019-09-12,15:27:55.443000,10821,10822,10822,1
2019-09-12,15:28:03.155000,10821,10822,10821,7
2019-09-12,15:28:03.178000,10821,10822,10821,1
2019-09-12,15:28:10.720000,10820,10821,10820,2
2019-09-12,15:28:10.759000,10820,10821,10821,5
2019-09-12,15:28:11.676000,10820,10821,10820,2
2019-09-12,15:28:20.558000,10820,10821,10820,2
2019-09-12,15:28:22.892000,10820,10821,10820,1
2019-09-12,15:28:26.758000,10820,10821,10821,1
2019-09-12,15:28:39.866000,10820,10821,10820,2
2019-09-12,15:28:45.534000,10820,10821,10820,2
2019-09-12,15:29:10.239000,10820,10821,10820,6
2019-09-12,15:29:36.869000,10819,10820,10820,1
2019-09-12,15:29:39.315000,10819,10820,10820,5
2019-09-12,15:29:40.634000,10819,10820,10820,1
2019-09-12,15:29:43.646000,10820,10821,10820,1
2019-09-12,15:29:45.327000,10820,10821,10820,1
2019-09-12,15:29:49.166000,10820,10821,10820,1
2019-09-12,15:29:57.670000,10820,10821,10820,2
2019-09-12,15:30:00.273000,10820,10821,10821,6
2019-09-12,15:30:00.303000,10820,10821,10821,1
2019-09-12,15:30:00.303000,10820,10821,10821,9
2019-09-12,15:30:00.796000,10821,10822,10821,1
2019-09-12,15:30:00.865000,10821,10822,10821,4
2019-09-12,15:30:00.934000,10821,10822,10821,1
2019-09-12,15:30:00.983000,10821,10822,10821,1
2019-09-12,15:30:00.984000,10821,10822,10821,1
2019-09-12,15:30:01.015000,10821,10822,10821,1
2019-09-12,15:30:01.068000,10821,10822,10821,2
2019-09-12,15:30:01.073000,10821,10822,10821,1
2019-09-12,15:30:01.091000,10821,10822,10820,1
2019-09-12,15:30:05.058000,10821,10822,10821,1
2019-09-12,15:30:05.668000,10820,10821,10822,1
2019-09-12,15:30:05.675000,10820,10821,10821,1
2019-09-12,15:30:05.946000,10820,10821,10821,1
2019-09-12,15:30:05.947000,10820,10821,10822,1
2019-09-12,15:30:12.428000,10821,10822,10821,3
2019-09-12,15:30:26.309000,10820,10821,10821,7
2019-09-12,15:30:44.186000,10820,10821,10821,1
2019-09-12,15:30:49.058000,10820,10821,10821,1
2019-09-12,15:31:01.408000,10820,10821,10821,1
2019-09-12,15:31:01.487000,10820,10821,10821,1
2019-09-12,15:31:01.733000,10820,10821,10820,5
2019-09-12,15:31:10.178000,10820,10821,10820,2
2019-09-12,15:31:10.303000,10820,10821,10820,13
2019-09-12,15:31:25.304000,10819,10820,10820,1
2019-09-12,15:31:31.961000,10820,10821,10821,5
2019-09-12,15:31:37.241000,10821,10822,10821,1
2019-09-12,15:31:41.150000,10821,10822,10822,7
2019-09-12,15:31:42.373000,10822,10823,10822,10
2019-09-12,15:32:00.709000,10822,10823,10822,6
2019-09-12,15:32:02.287000,10821,10822,10822,3
2019-09-12,15:32:20.603000,10821,10822,10822,2
2019-09-12,15:32:23.154000,10821,10822,10821,3
2019-09-12,15:32:24.277000,10821,10822,10822,2
2019-09-12,15:32:28.812000,10821,10822,10822,8
2019-09-12,15:32:28.812000,10821,10822,10823,49
2019-09-12,15:32:28.929000,10823,10824,10824,5
2019-09-12,15:32:31.750000,10823,10824,10823,10
2019-09-12,15:32:33.184000,10823,10824,10823,1
2019-09-12,15:32:35.298000,10823,10824,10824,1
2019-09-12,15:32:35.592000,10823,10824,10824,1
2019-09-12,15:32:43.703000,10823,10824,10823,1
2019-09-12,15:32:43.723000,10823,10824,10823,1
2019-09-12,15:32:46.799000,10823,10824,10823,1
2019-09-12,15:32:47.195000,10823,10824,10824,1
2019-09-12,15:32:51.325000,10823,10824,10824,34
2019-09-12,15:32:53.925000,10824,10825,10825,3
2019-09-12,15:32:53.967000,10824,10825,10825,5
2019-09-12,15:32:54.004000,10824,10825,10825,5
2019-09-12,15:32:54.283000,10824,10825,10824,2
2019-09-12,15:33:08.118000,10824,10825,10824,3
2019-09-12,15:33:08.178000,10824,10825,10824,10
2019-09-12,15:33:12.810000,10823,10824,10824,13
2019-09-12,15:33:24.283000,10823,10824,10824,13
2019-09-12,15:33:24.303000,10824,10825,10824,4
2019-09-12,15:33:30.143000,10823,10824,10824,2
2019-09-12,15:33:31.168000,10824,10825,10824,1
2019-09-12,15:33:31.195000,10824,10825,10824,1
2019-09-12,15:33:31.422000,10824,10825,10824,2
2019-09-12,15:33:32.647000,10824,10825,10824,1
2019-09-12,15:33:34.163000,10823,10825,10823,4
2019-09-12,15:33:48.726000,10823,10824,10823,1
2019-09-12,15:33:52.909000,10823,10824,10823,6
2019-09-12,15:33:58.234000,10823,10824,10823,1
2019-09-12,15:34:09.037000,10823,10824,10824,15
2019-09-12,15:34:12.501000,10823,10824,10823,1
2019-09-12,15:34:28.494000,10823,10824,10824,1
2019-09-12,15:34:33.947000,10823,10824,10823,1
2019-09-12,15:34:53.777000,10823,10824,10823,5
2019-09-12,15:35:03.744000,10823,10824,10823,1
2019-09-12,15:35:04.385000,10823,10824,10824,1
2019-09-12,15:35:04.440000,10823,10824,10824,1
2019-09-12,15:35:10.226000,10823,10824,10823,1
2019-09-12,15:35:32.591000,10823,10824,10824,7
2019-09-12,15:35:36.443000,10824,10825,10825,14
2019-09-12,15:35:36.553000,10824,10825,10825,1
2019-09-12,15:35:36.553000,10824,10825,10825,7
2019-09-12,15:35:40.974000,10825,10826,10825,1
2019-09-12,15:35:41.079000,10825,10826,10826,1
2019-09-12,15:35:43.473000,10825,10826,10825,1
2019-09-12,15:35:44.465000,10825,10826,10826,2
2019-09-12,15:35:55.611000,10824,10825,10825,1
2019-09-12,15:35:59.715000,10825,10826,10826,1
2019-09-12,15:36:01.266000,10825,10826,10825,5
2019-09-12,15:36:08.890000,10825,10826,10825,1
2019-09-12,15:36:09.157000,10825,10826,10825,3
2019-09-12,15:36:09.157000,10825,10826,10824,1
2019-09-12,15:36:13.935000,10824,10825,10825,1
2019-09-12,15:36:16.917000,10824,10825,10824,6
2019-09-12,15:36:43.336000,10824,10825,10824,1
2019-09-12,15:36:43.730000,10823,10825,10825,1
2019-09-12,15:36:43.918000,10823,10825,10825,1
2019-09-12,15:36:47.448000,10824,10825,10825,5
2019-09-12,15:36:55.652000,10824,10825,10825,5
2019-09-12,15:37:00.057000,10824,10825,10824,1
2019-09-12,15:37:20.303000,10823,10824,10824,1
2019-09-12,15:37:33.718000,10824,10825,10824,2
2019-09-12,15:37:54.480000,10823,10824,10824,2
2019-09-12,15:37:58.474000,10824,10825,10825,2
2019-09-12,15:37:58.506000,10824,10825,10825,1
2019-09-12,15:37:58.553000,10824,10825,10825,4
2019-09-12,15:38:00.939000,10825,10826,10825,2
2019-09-12,15:38:02.789000,10824,10825,10825,1
2019-09-12,15:38:12.015000,10824,10825,10825,1
2019-09-12,15:38:15.495000,10824,10825,10825,1
2019-09-12,15:38:46.618000,10824,10825,10825,1
2019-09-12,15:38:50.627000,10824,10825,10825,1
2019-09-12,15:38:51.915000,10825,10826,10825,1
2019-09-12,15:39:05.804000,10825,10826,10825,1
2019-09-12,15:39:11.156000,10825,10826,10826,1
2019-09-12,15:39:13.981000,10825,10826,10826,16
2019-09-12,15:39:20.291000,10825,10826,10826,2
2019-09-12,15:39:21.926000,10825,10826,10826,1
2019-09-12,15:39:22.338000,10825,10826,10826,5
2019-09-12,15:39:24.466000,10825,10826,10826,1
2019-09-12,15:39:30.985000,10825,10826,10826,2
2019-09-12,15:39:58.073000,10825,10826,10826,5
2019-09-12,15:39:58.178000,10825,10826,10826,10
2019-09-12,15:40:01.105000,10826,10827,10827,1
2019-09-12,15:40:01.747000,10826,10827,10827,3
2019-09-12,15:40:03.132000,10826,10827,10826,1
2019-09-12,15:40:14.563000,10826,10827,10826,5
2019-09-12,15:40:16.051000,10826,10827,10826,1
2019-09-12,15:40:18.390000,10826,10827,10826,1
2019-09-12,15:40:21.281000,10826,10827,10826,1
2019-09-12,15:40:29.181000,10826,10827,10826,1
2019-09-12,15:40:34.836000,10826,10827,10826,1
2019-09-12,15:40:39.213000,10826,10827,10826,1
2019-09-12,15:40:42.335000,10826,10827,10826,1
2019-09-12,15:40:51.889000,10825,10826,10825,1
2019-09-12,15:40:51.928000,10825,10826,10825,5
2019-09-12,15:41:09.835000,10824,10825,10825,1
2019-09-12,15:41:22.976000,10824,10825,10825,1
2019-09-12,15:41:23.811000,10824,10825,10824,1
2019-09-12,15:41:27.205000,10824,10825,10825,1
2019-09-12,15:41:53.252000,10824,10825,10824,1
2019-09-12,15:41:54.280000,10824,10825,10824,1
2019-09-12,15:42:29.721000,10824,10825,10824,2
2019-09-12,15:42:44.189000,10824,10825,10824,1
2019-09-12,15:42:49.089000,10824,10825,10824,22
2019-09-12,15:42:49.090000,10824,10825,10824,2
2019-09-12,15:42:53.964000,10823,10824,10824,2
2019-09-12,15:43:01.744000,10823,10824,10824,1
2019-09-12,15:43:04.797000,10823,10824,10824,1
2019-09-12,15:43:09.347000,10823,10824,10824,1
2019-09-12,15:43:11.134000,10823,10824,10824,4
2019-09-12,15:43:16.031000,10824,10825,10824,2
2019-09-12,15:43:16.043000,10824,10825,10824,2
2019-09-12,15:43:16.109000,10824,10825,10824,2
2019-09-12,15:43:18.276000,10824,10825,10824,2
2019-09-12,15:43:18.293000,10824,10825,10824,2
2019-09-12,15:43:18.360000,10824,10825,10824,1
2019-09-12,15:43:18.695000,10823,10824,10824,1
2019-09-12,15:43:19.325000,10824,10825,10824,1
2019-09-12,15:43:28.447000,10823,10824,10823,1
2019-09-12,15:43:28.497000,10823,10824,10824,10
2019-09-12,15:43:30.598000,10823,10824,10823,1
2019-09-12,15:43:33.019000,10823,10824,10823,1
2019-09-12,15:43:35.277000,10823,10824,10823,1
2019-09-12,15:43:41.232000,10823,10824,10823,2
2019-09-12,15:43:41.256000,10823,10824,10823,2
2019-09-12,15:43:41.322000,10823,10824,10823,2
2019-09-12,15:43:43.736000,10823,10824,10823,2
2019-09-12,15:43:43.757000,10823,10824,10823,2
2019-09-12,15:43:43.813000,10823,10824,10823,2
2019-09-12,15:43:44.775000,10823,10824,10823,1
2019-09-12,15:43:56.387000,10823,10824,10823,14
2019-09-12,15:44:21.393000,10823,10824,10823,1
2019-09-12,15:44:23.332000,10822,10823,10822,14
2019-09-12,15:44:24.056000,10821,10823,10821,2
2019-09-12,15:44:35.186000,10821,10823,10821,2
2019-09-12,15:44:44.651000,10822,10823,10822,1
2019-09-12,15:44:58.358000,10822,10823,10822,1
2019-09-12,15:45:00.917000,10822,10823,10822,3
2019-09-12,15:45:31.283000,10822,10823,10822,1
2019-09-12,15:45:36.091000,10822,10823,10822,1
2019-09-12,15:46:09.585000,10821,10822,10822,1
2019-09-12,15:46:19.110000,10821,10822,10821,1
2019-09-12,15:46:22.477000,10821,10822,10822,4
2019-09-12,15:46:31.899000,10821,10822,10822,2
2019-09-12,15:46:32.132000,10821,10822,10822,1
2019-09-12,15:46:56.238000,10822,10823,10822,1
2019-09-12,15:47:01.493000,10822,10823,10822,2
2019-09-12,15:48:03.595000,10821,10823,10821,1
2019-09-12,15:48:16.585000,10821,10822,10821,1
2019-09-12,15:48:16.766000,10821,10822,10822,2
2019-09-12,15:48:18.420000,10821,10822,10821,1
2019-09-12,15:48:35.045000,10821,10822,10821,2
2019-09-12,15:49:34.282000,10822,10823,10822,2
2019-09-12,15:49:53.176000,10822,10823,10822,2
2019-09-12,15:50:17.075000,10822,10823,10822,1
2019-09-12,15:50:17.299000,10821,10823,10823,1
2019-09-12,15:50:17.682000,10821,10823,10821,4
2019-09-12,15:51:24.940000,10821,10822,10821,4
2019-09-12,15:51:24.967000,10821,10822,10821,5
2019-09-12,15:51:25.865000,10820,10821,10820,14
2019-09-12,15:51:34.296000,10820,10821,10821,1
2019-09-12,15:51:44.765000,10820,10821,10821,1
2019-09-12,15:51:47.372000,10821,10822,10821,2
2019-09-12,15:52:00.563000,10820,10821,10821,1
2019-09-12,15:52:13.736000,10820,10821,10820,2
2019-09-12,15:52:13.768000,10820,10821,10820,21
2019-09-12,15:52:16.680000,10819,10820,10820,2
2019-09-12,15:52:55.044000,10819,10820,10820,1
2019-09-12,15:53:08.993000,10819,10820,10820,3
2019-09-12,15:53:36.936000,10819,10820,10820,8
2019-09-12,15:53:36.937000,10819,10820,10820,2
2019-09-12,15:53:36.937000,10819,10820,10820,1
2019-09-12,15:53:37.053000,10819,10820,10820,3
2019-09-12,15:54:02.801000,10820,10821,10820,4
2019-09-12,15:54:22.095000,10820,10821,10820,7
2019-09-12,15:54:38.801000,10820,10821,10820,1
2019-09-12,15:55:21.208000,10820,10821,10821,1
2019-09-12,15:56:06.596000,10820,10821,10821,1
2019-09-12,15:56:08.615000,10820,10821,10820,1
2019-09-12,15:56:26.492000,10820,10821,10821,1
2019-09-12,15:56:44.002000,10820,10821,10820,1
2019-09-12,15:56:50.033000,10820,10821,10821,5
2019-09-12,15:56:56.569000,10820,10821,10821,1
2019-09-12,15:57:07.533000,10820,10821,10820,8
2019-09-12,15:57:07.553000,10820,10821,10820,9
2019-09-12,15:57:09.016000,10819,10820,10820,2
2019-09-12,15:57:11.950000,10819,10820,10820,1
2019-09-12,15:57:12.287000,10819,10820,10819,1
2019-09-12,15:57:12.388000,10819,10820,10819,1
2019-09-12,15:57:12.427000,10819,10820,10819,1
2019-09-12,15:57:19.519000,10819,10820,10819,1
2019-09-12,15:57:21.223000,10819,10820,10819,1
2019-09-12,15:57:21.562000,10819,10820,10819,1
2019-09-12,15:57:21.943000,10819,10820,10819,1
2019-09-12,15:57:26.209000,10819,10820,10819,1
2019-09-12,15:57:32.120000,10819,10820,10820,1
2019-09-12,15:57:32.154000,10819,10820,10820,1
2019-09-12,15:58:14.108000,10819,10820,10820,2
2019-09-12,15:58:14.112000,10819,10820,10820,1
2019-09-12,15:58:14.119000,10819,10820,10820,1
2019-09-12,15:58:14.178000,10819,10820,10820,3
2019-09-12,15:58:44.570000,10819,10820,10820,1
2019-09-12,15:59:07.237000,10819,10820,10820,1
2019-09-12,15:59:23.666000,10819,10821,10821,2
2019-09-12,15:59:23.667000,10819,10821,10821,1
2019-09-12,15:59:49.251000,10819,10820,10820,1
2019-09-12,15:59:57.976000,10819,10820,10820,2
2019-09-12,15:59:58.053000,10820,10821,10820,1
2019-09-12,16:00:57.715000,10820,10821,10820,5
2019-09-12,16:00:58.138000,10820,10821,10820,2
2019-09-12,16:00:58.205000,10820,10821,10820,2
2019-09-12,16:00:58.205000,10820,10821,10819,2
2019-09-12,16:00:58.206000,10820,10821,10819,1
2019-09-12,16:00:58.307000,10819,10821,10819,2
2019-09-12,16:00:58.307000,10819,10821,10819,2
2019-09-12,16:00:58.419000,10819,10821,10819,8
2019-09-12,16:00:58.572000,10819,10820,10819,1
2019-09-12,16:00:58.888000,10819,10820,10819,1
2019-09-12,16:01:25.425000,10819,10821,10819,1
2019-09-12,16:02:04.307000,10819,10821,10821,5
2019-09-12,16:02:18.546000,10820,10821,10820,2
2019-09-12,16:02:54.229000,10819,10820,10820,1
2019-09-12,16:03:02.241000,10819,10820,10820,1
2019-09-12,16:03:06.158000,10819,10820,10819,4
2019-09-12,16:03:17.929000,10818,10819,10818,4
2019-09-12,16:03:18.117000,10818,10819,10818,5
2019-09-12,16:03:21.426000,10818,10819,10818,2
2019-09-12,16:03:23.229000,10818,10819,10818,1
2019-09-12,16:03:25.069000,10818,10819,10818,1
2019-09-12,16:03:25.814000,10818,10819,10818,4
2019-09-12,16:03:26.270000,10818,10819,10818,1
2019-09-12,16:03:27.344000,10818,10819,10818,1
2019-09-12,16:03:36.588000,10817,10819,10817,5
2019-09-12,16:03:36.795000,10817,10819,10817,1
2019-09-12,16:03:36.806000,10817,10819,10817,2
2019-09-12,16:03:36.934000,10817,10818,10817,1
2019-09-12,16:03:45.293000,10817,10818,10817,5
2019-09-12,16:03:49.001000,10816,10817,10817,1
2019-09-12,16:03:49.875000,10817,10818,10817,1
2019-09-12,16:04:19.521000,10817,10818,10817,1
2019-09-12,16:04:27.118000,10817,10818,10817,1
2019-09-12,16:04:42.044000,10817,10818,10818,1
2019-09-12,16:04:53.861000,10817,10818,10817,2
2019-09-12,16:04:53.861000,10817,10818,10817,1
2019-09-12,16:04:55.997000,10816,10818,10818,1
2019-09-12,16:05:02.253000,10816,10817,10817,1
2019-09-12,16:05:08.266000,10816,10817,10817,1
2019-09-12,16:05:08.464000,10816,10817,10816,1
2019-09-12,16:05:08.481000,10816,10817,10816,1
2019-09-12,16:05:08.498000,10816,10817,10816,1
2019-09-12,16:05:08.515000,10816,10817,10816,1
2019-09-12,16:05:08.585000,10816,10817,10816,3
2019-09-12,16:05:08.607000,10816,10817,10816,8
2019-09-12,16:05:09.074000,10816,10817,10816,2
2019-09-12,16:05:12.640000,10816,10817,10816,1
2019-09-12,16:05:20.423000,10816,10817,10816,1
2019-09-12,16:05:21.628000,10816,10817,10816,1
2019-09-12,16:05:21.643000,10816,10817,10816,1
2019-09-12,16:05:21.660000,10816,10817,10816,1
2019-09-12,16:05:21.682000,10816,10817,10816,1
2019-09-12,16:05:21.700000,10816,10817,10816,1
2019-09-12,16:05:21.715000,10816,10817,10816,1
2019-09-12,16:05:24.386000,10816,10817,10816,1
2019-09-12,16:05:26.495000,10816,10817,10816,1
2019-09-12,16:05:34.076000,10816,10817,10816,2
2019-09-12,16:05:34.139000,10816,10817,10816,1
2019-09-12,16:05:34.154000,10816,10817,10816,1
2019-09-12,16:05:34.171000,10816,10817,10816,1
2019-09-12,16:05:34.187000,10816,10817,10816,1
2019-09-12,16:05:34.203000,10816,10817,10816,1
2019-09-12,16:05:34.219000,10816,10817,10816,1
2019-09-12,16:05:34.234000,10816,10817,10816,1
2019-09-12,16:05:34.251000,10816,10817,10816,1
2019-09-12,16:05:34.267000,10816,10817,10816,1
2019-09-12,16:05:34.283000,10816,10817,10816,1
2019-09-12,16:05:50.244000,10816,10817,10816,1
2019-09-12,16:05:53.889000,10816,10817,10816,2
2019-09-12,16:05:54.395000,10816,10817,10816,3
2019-09-12,16:05:56.250000,10816,10817,10816,2
2019-09-12,16:06:01.007000,10815,10816,10815,1
2019-09-12,16:06:01.250000,10815,10816,10815,1
2019-09-12,16:06:01.317000,10815,10816,10815,5
2019-09-12,16:06:03.786000,10815,10816,10816,1
2019-09-12,16:06:09.684000,10815,10816,10816,1
2019-09-12,16:06:10.492000,10815,10816,10816,1
2019-09-12,16:06:13.185000,10815,10816,10816,3
2019-09-12,16:06:13.870000,10816,10817,10816,2
2019-09-12,16:06:24.557000,10816,10817,10816,2
2019-09-12,16:06:31.307000,10816,10817,10816,1
2019-09-12,16:07:01.197000,10816,10817,10816,1
2019-09-12,16:07:02.987000,10816,10817,10816,1
2019-09-12,16:07:06.534000,10816,10817,10816,2
2019-09-12,16:07:09.872000,10816,10817,10816,3
2019-09-12,16:07:09.873000,10816,10817,10816,1
2019-09-12,16:07:13.712000,10816,10817,10816,1
2019-09-12,16:07:16.571000,10816,10817,10816,2
2019-09-12,16:07:19.208000,10816,10817,10816,1
2019-09-12,16:07:53.233000,10816,10817,10817,1
2019-09-12,16:07:56.802000,10816,10817,10817,1
2019-09-12,16:07:57.689000,10816,10817,10816,10
2019-09-12,16:08:34.310000,10816,10817,10816,1
2019-09-12,16:08:39.765000,10816,10817,10816,5
2019-09-12,16:08:40.324000,10816,10817,10817,1
2019-09-12,16:08:47.923000,10816,10817,10817,1
2019-09-12,16:09:12.215000,10816,10817,10817,1
2019-09-12,16:09:13.676000,10816,10817,10817,1
2019-09-12,16:09:27.753000,10816,10817,10817,2
2019-09-12,16:09:27.753000,10816,10817,10818,2
2019-09-12,16:09:28.127000,10817,10818,10818,4
2019-09-12,16:09:33.632000,10817,10818,10818,3
2019-09-12,16:09:38.531000,10817,10818,10817,1
2019-09-12,16:09:39.527000,10816,10818,10818,1
2019-09-12,16:10:51.985000,10817,10818,10817,2
2019-09-12,16:10:54.829000,10816,10817,10817,1
2019-09-12,16:11:07.642000,10816,10818,10816,2
2019-09-12,16:11:12.404000,10817,10818,10817,3
2019-09-12,16:11:16.165000,10816,10817,10816,5
2019-09-12,16:11:34.477000,10816,10817,10816,2
2019-09-12,16:11:36.140000,10816,10817,10817,1
2019-09-12,16:11:38.945000,10816,10817,10816,1
2019-09-12,16:12:07.516000,10816,10817,10817,1
2019-09-12,16:12:39.136000,10817,10818,10817,1
2019-09-12,16:12:52.283000,10817,10818,10817,2
2019-09-12,16:13:18.520000,10817,10818,10817,4
2019-09-12,16:13:33.808000,10817,10818,10817,1
2019-09-12,16:14:13.523000,10817,10818,10817,4
2019-09-12,16:15:14.738000,10817,10818,10818,2
2019-09-12,16:15:22.140000,10817,10818,10817,2
2019-09-12,16:15:42.288000,10817,10818,10817,3
2019-09-12,16:15:49.452000,10817,10818,10817,1
2019-09-12,16:15:52.004000,10817,10818,10817,2
2019-09-12,16:16:10.445000,10817,10818,10817,1
2019-09-12,16:16:23.803000,10816,10817,10817,1
2019-09-12,16:16:56.197000,10817,10818,10817,3
2019-09-12,16:17:21.341000,10816,10817,10817,1
2019-09-12,16:17:22.524000,10816,10817,10817,1
2019-09-12,16:17:25.370000,10816,10817,10817,1
2019-09-12,16:17:38.271000,10816,10817,10817,1
2019-09-12,16:17:39.439000,10816,10818,10818,1
2019-09-12,16:17:42.522000,10817,10818,10817,1
2019-09-12,16:18:12.003000,10816,10817,10816,1
2019-09-12,16:18:12.644000,10816,10817,10817,1
2019-09-12,16:18:14.019000,10816,10817,10817,1
2019-09-12,16:18:21.600000,10816,10817,10817,1
2019-09-12,16:18:29.049000,10817,10818,10817,2
2019-09-12,16:18:35.522000,10817,10818,10817,1
2019-09-12,16:18:57.928000,10817,10818,10817,3
2019-09-12,16:19:14.690000,10817,10818,10817,1
2019-09-12,16:19:19.849000,10817,10818,10817,1
2019-09-12,16:19:26.539000,10817,10818,10817,1
2019-09-12,16:19:27.992000,10817,10818,10818,2
2019-09-12,16:19:32.498000,10817,10818,10818,2
2019-09-12,16:19:48.894000,10817,10818,10818,1
2019-09-12,16:19:51.068000,10817,10818,10817,3
2019-09-12,16:19:51.068000,10817,10818,10817,1
2019-09-12,16:19:51.178000,10817,10818,10817,6
2019-09-12,16:19:52.333000,10816,10818,10818,2
2019-09-12,16:20:19.192000,10817,10818,10817,1
2019-09-12,16:20:20.661000,10817,10818,10817,1
2019-09-12,16:20:41.877000,10817,10818,10818,1
2019-09-12,16:20:58.140000,10817,10818,10817,1
2019-09-12,16:21:01.803000,10817,10818,10817,10
2019-09-12,16:21:04.827000,10816,10817,10817,1
2019-09-12,16:21:32.022000,10817,10818,10817,1
2019-09-12,16:21:56.646000,10816,10817,10817,1
2019-09-12,16:22:03.030000,10816,10817,10817,2
2019-09-12,16:22:11.034000,10816,10817,10817,2
2019-09-12,16:22:11.035000,10816,10817,10817,2
2019-09-12,16:22:11.803000,10817,10818,10817,12
2019-09-12,16:22:33.053000,10816,10817,10817,2
2019-09-12,16:23:03.931000,10817,10818,10818,5
2019-09-12,16:23:04.190000,10817,10818,10818,5
2019-09-12,16:23:15.709000,10817,10818,10817,1
2019-09-12,16:23:32.385000,10817,10818,10818,1
2019-09-12,16:23:42.163000,10817,10818,10818,1
2019-09-12,16:23:42.178000,10818,10819,10818,1
2019-09-12,16:23:42.178000,10818,10819,10818,1
2019-09-12,16:23:42.344000,10817,10818,10817,1
2019-09-12,16:23:44.939000,10817,10818,10817,2
2019-09-12,16:23:46.431000,10817,10818,10817,4
2019-09-12,16:23:46.431000,10817,10818,10817,1
2019-09-12,16:23:46.431000,10817,10818,10817,2
2019-09-12,16:23:46.432000,10817,10818,10817,3
2019-09-12,16:23:46.432000,10817,10818,10817,2
2019-09-12,16:23:58.053000,10818,10819,10818,1
2019-09-12,16:24:04.749000,10817,10818,10818,3
2019-09-12,16:24:04.928000,10818,10819,10818,1
2019-09-12,16:24:05.522000,10818,10819,10818,1
2019-09-12,16:24:07.336000,10818,10819,10818,1
2019-09-12,16:24:07.553000,10818,10819,10818,1
2019-09-12,16:24:07.803000,10818,10819,10818,1
2019-09-12,16:24:08.053000,10818,10819,10818,1
2019-09-12,16:24:16.928000,10818,10819,10818,1
2019-09-12,16:24:26.553000,10818,10819,10818,1
2019-09-12,16:24:37.112000,10817,10818,10818,2
2019-09-12,16:24:49.540000,10817,10818,10818,1
2019-09-12,16:24:51.137000,10817,10818,10818,1
2019-09-12,16:24:51.574000,10817,10818,10818,1
2019-09-12,16:25:19.461000,10817,10818,10818,5
2019-09-12,16:25:21.129000,10817,10818,10818,4
2019-09-12,16:25:21.178000,10817,10818,10818,1
2019-09-12,16:25:27.553000,10818,10819,10818,1
2019-09-12,16:25:39.078000,10817,10819,10819,1
2019-09-12,16:25:40.553000,10818,10819,10818,1
2019-09-12,16:25:50.029000,10817,10818,10818,1
2019-09-12,16:26:13.007000,10818,10819,10818,1
2019-09-12,16:26:25.690000,10818,10819,10819,1
2019-09-12,16:26:28.860000,10818,10819,10818,2
2019-09-12,16:26:39.350000,10818,10819,10819,1
2019-09-12,16:26:40.087000,10818,10819,10818,2
2019-09-12,16:27:16.673000,10818,10819,10819,9
2019-09-12,16:27:16.678000,10818,10819,10819,1
2019-09-12,16:27:22.989000,10818,10819,10818,10
2019-09-12,16:27:23.803000,10818,10819,10818,1
2019-09-12,16:27:34.178000,10818,10819,10818,2
2019-09-12,16:27:56.635000,10817,10819,10819,1
2019-09-12,16:28:03.489000,10817,10819,10819,1
2019-09-12,16:28:07.766000,10817,10819,10819,2
2019-09-12,16:28:11.803000,10818,10819,10818,2
2019-09-12,16:28:36.498000,10817,10818,10818,3
2019-09-12,16:28:46.678000,10818,10819,10818,4
2019-09-12,16:28:46.678000,10818,10819,10818,1
2019-09-12,16:29:03.932000,10817,10818,10818,1
2019-09-12,16:29:10.481000,10818,10819,10818,2
2019-09-12,16:29:23.203000,10817,10818,10818,2
2019-09-12,16:29:28.305000,10817,10818,10817,1
2019-09-12,16:29:28.305000,10817,10818,10817,2
2019-09-12,16:29:31.858000,10817,10818,10818,1
2019-09-12,16:30:01.035000,10817,10818,10818,1
2019-09-12,16:30:11.897000,10817,10818,10818,1
2019-09-12,16:30:36.186000,10817,10818,10818,2
2019-09-12,16:30:37.464000,10817,10818,10817,5
2019-09-12,16:30:42.673000,10817,10818,10818,1
2019-09-12,16:31:19.801000,10817,10818,10818,1
2019-09-12,16:31:37.803000,10817,10818,10817,12
2019-09-12,16:31:37.929000,10817,10818,10817,1
2019-09-12,16:31:38.053000,10816,10817,10817,1
2019-09-12,16:31:47.652000,10817,10818,10817,1
2019-09-12,16:32:04.027000,10816,10817,10817,1
2019-09-12,16:32:04.534000,10817,10818,10817,2
2019-09-12,16:32:57.171000,10817,10818,10818,1
2019-09-12,16:32:59.763000,10817,10818,10818,1
2019-09-12,16:33:28.795000,10817,10818,10818,1
2019-09-12,16:33:45.621000,10817,10818,10817,2
2019-09-12,16:33:45.678000,10817,10818,10817,26
2019-09-12,16:33:45.764000,10817,10818,10817,2
2019-09-12,16:33:54.553000,10817,10818,10817,1
2019-09-12,16:33:54.584000,10817,10818,10817,2
2019-09-12,16:33:54.664000,10817,10818,10817,3
2019-09-12,16:34:08.687000,10816,10817,10816,1
2019-09-12,16:34:25.627000,10816,10817,10817,1
2019-09-12,16:34:37.116000,10816,10817,10817,1
2019-09-12,16:35:09.761000,10816,10817,10817,5
2019-09-12,16:35:19.471000,10816,10817,10816,18
2019-09-12,16:35:19.553000,10816,10817,10816,16
2019-09-12,16:35:19.553000,10816,10817,10816,14
2019-09-12,16:35:23.808000,10815,10816,10815,1
2019-09-12,16:35:24.083000,10815,10816,10815,2
2019-09-12,16:35:24.691000,10815,10816,10815,1
2019-09-12,16:35:24.947000,10815,10816,10815,2
2019-09-12,16:35:27.701000,10815,10816,10815,1
2019-09-12,16:35:30.364000,10815,10816,10815,14
2019-09-12,16:35:30.430000,10815,10816,10815,2
2019-09-12,16:35:30.553000,10815,10816,10815,5
2019-09-12,16:35:30.678000,10815,10816,10815,6
2019-09-12,16:35:30.678000,10815,10816,10815,8
2019-09-12,16:35:30.678000,10815,10816,10815,1
2019-09-12,16:35:30.678000,10815,10816,10815,2
2019-09-12,16:35:39.660000,10814,10815,10815,2
2019-09-12,16:35:49.165000,10814,10815,10815,1
2019-09-12,16:35:52.643000,10814,10815,10815,1
2019-09-12,16:35:58.044000,10814,10815,10814,12
2019-09-12,16:35:58.157000,10814,10815,10814,17
2019-09-12,16:35:59.190000,10814,10815,10815,2
2019-09-12,16:36:00.357000,10814,10815,10815,1
2019-09-12,16:36:16.155000,10814,10815,10814,12
2019-09-12,16:36:25.615000,10814,10815,10814,1
2019-09-12,16:36:32.938000,10814,10815,10814,1
2019-09-12,16:36:33.477000,10814,10815,10814,2
2019-09-12,16:36:33.477000,10814,10815,10813,10
2019-09-12,16:36:33.593000,10813,10815,10813,1
2019-09-12,16:36:33.733000,10813,10814,10813,1
2019-09-12,16:36:33.761000,10813,10814,10813,2
2019-09-12,16:36:33.869000,10813,10814,10814,1
2019-09-12,16:36:34.915000,10813,10814,10814,1
2019-09-12,16:36:37.304000,10813,10814,10814,1
2019-09-12,16:36:43.188000,10813,10814,10814,2
2019-09-12,16:36:44.189000,10813,10815,10813,1
2019-09-12,16:36:44.398000,10813,10815,10813,1
2019-09-12,16:36:48.688000,10813,10814,10813,1
2019-09-12,16:36:57.145000,10813,10814,10814,1
2019-09-12,16:36:58.951000,10813,10814,10814,1
2019-09-12,16:36:59.489000,10814,10815,10814,6
2019-09-12,16:36:59.489000,10814,10815,10813,1
2019-09-12,16:37:01.585000,10814,10815,10814,1
2019-09-12,16:37:01.823000,10814,10815,10814,1
2019-09-12,16:37:25.528000,10814,10815,10814,5
2019-09-12,16:37:32.196000,10814,10815,10814,1
2019-09-12,16:37:33.084000,10813,10814,10813,3
2019-09-12,16:37:37.763000,10813,10814,10814,2
2019-09-12,16:37:43.840000,10813,10814,10814,1
2019-09-12,16:37:44.015000,10813,10814,10814,1
2019-09-12,16:37:48.982000,10813,10814,10814,2
2019-09-12,16:37:49.393000,10813,10814,10814,9
2019-09-12,16:37:52.535000,10814,10815,10814,1
2019-09-12,16:37:55.975000,10813,10815,10813,1
2019-09-12,16:37:58.023000,10814,10815,10814,1
2019-09-12,16:38:11.394000,10814,10815,10814,10
2019-09-12,16:38:11.516000,10814,10815,10814,1
2019-09-12,16:38:12.226000,10814,10815,10814,1
2019-09-12,16:38:20.300000,10814,10815,10814,2
2019-09-12,16:38:23.077000,10814,10815,10815,3
2019-09-12,16:38:50.023000,10814,10815,10814,1
2019-09-12,16:38:59.749000,10814,10815,10814,1
2019-09-12,16:39:01.044000,10814,10815,10815,1
2019-09-12,16:39:11.086000,10814,10815,10814,1
2019-09-12,16:39:36.765000,10814,10815,10814,1
2019-09-12,16:39:37.015000,10814,10815,10815,5
2019-09-12,16:40:01.306000,10814,10815,10814,1
2019-09-12,16:40:35.662000,10814,10815,10815,1
2019-09-12,16:40:37.148000,10814,10815,10815,2
2019-09-12,16:40:37.149000,10814,10815,10815,1
2019-09-12,16:40:37.149000,10814,10815,10815,9
2019-09-12,16:40:37.149000,10814,10815,10815,1
2019-09-12,16:40:37.149000,10814,10815,10815,2
2019-09-12,16:40:37.149000,10814,10815,10815,8
2019-09-12,16:41:28.955000,10815,10816,10815,1
2019-09-12,16:41:29.053000,10815,10816,10815,1
2019-09-12,16:41:39.474000,10814,10815,10814,1
2019-09-12,16:41:48.479000,10814,10815,10815,1
2019-09-12,16:42:21.862000,10815,10816,10815,1
2019-09-12,16:42:58.882000,10815,10816,10815,4
2019-09-12,16:43:29.680000,10814,10815,10814,2
2019-09-12,16:43:29.680000,10814,10815,10814,14
2019-09-12,16:43:29.690000,10814,10815,10814,6
2019-09-12,16:43:31.179000,10813,10814,10813,66
2019-09-12,16:43:42.876000,10812,10813,10812,1
2019-09-12,16:43:42.929000,10812,10813,10812,25
2019-09-12,16:43:42.950000,10812,10813,10811,2
2019-09-12,16:43:42.973000,10812,10813,10811,8
2019-09-12,16:43:42.980000,10812,10813,10811,3
2019-09-12,16:43:43.010000,10812,10813,10811,2
2019-09-12,16:43:43.230000,10811,10812,10812,1
2019-09-12,16:43:43.261000,10811,10812,10811,1
2019-09-12,16:43:43.273000,10811,10812,10811,4
2019-09-12,16:43:43.355000,10811,10812,10811,2
2019-09-12,16:43:43.596000,10811,10812,10811,1
2019-09-12,16:43:43.605000,10811,10812,10811,4
2019-09-12,16:43:43.776000,10811,10812,10811,1
2019-09-12,16:43:45.181000,10811,10812,10811,4
2019-09-12,16:43:47.981000,10811,10812,10811,2
2019-09-12,16:43:47.981000,10811,10812,10811,1
2019-09-12,16:43:47.981000,10811,10812,10811,4
2019-09-12,16:43:47.981000,10811,10812,10811,1
2019-09-12,16:43:52.714000,10810,10811,10811,1
2019-09-12,16:43:52.796000,10810,10811,10811,1
2019-09-12,16:43:52.796000,10810,10811,10811,2
2019-09-12,16:43:53.323000,10810,10812,10810,1
2019-09-12,16:43:53.635000,10810,10812,10810,1
2019-09-12,16:43:53.825000,10810,10812,10810,1
2019-09-12,16:43:54.292000,10810,10812,10810,2
2019-09-12,16:43:59.687000,10810,10811,10811,1
2019-09-12,16:44:04.164000,10810,10811,10810,10
2019-09-12,16:44:07.018000,10810,10811,10811,1
2019-09-12,16:44:10.595000,10810,10811,10811,1
2019-09-12,16:44:13.975000,10810,10811,10810,1
2019-09-12,16:44:15.544000,10810,10811,10810,1
2019-09-12,16:44:17.204000,10810,10811,10810,1
2019-09-12,16:44:17.301000,10810,10811,10810,1
2019-09-12,16:44:18.895000,10810,10811,10810,1
2019-09-12,16:44:20.899000,10810,10811,10810,1
2019-09-12,16:44:21.518000,10810,10811,10811,1
2019-09-12,16:44:23.984000,10810,10811,10811,1
2019-09-12,16:44:24.869000,10810,10811,10810,1
2019-09-12,16:44:26.245000,10810,10811,10810,1
2019-09-12,16:44:27.840000,10810,10811,10810,1
2019-09-12,16:44:29.347000,10810,10811,10810,1
2019-09-12,16:44:41.949000,10810,10811,10810,2
2019-09-12,16:44:45.132000,10810,10811,10810,1
2019-09-12,16:44:47.163000,10810,10811,10810,1
2019-09-12,16:44:48.079000,10810,10811,10810,1
2019-09-12,16:44:48.889000,10810,10811,10810,1
2019-09-12,16:44:50.379000,10810,10811,10810,1
2019-09-12,16:44:52.372000,10810,10811,10810,5
2019-09-12,16:44:57.718000,10810,10811,10810,1
2019-09-12,16:44:57.733000,10810,10811,10810,4
2019-09-12,16:44:59.225000,10810,10811,10810,1
2019-09-12,16:45:01.418000,10810,10811,10810,1
2019-09-12,16:45:01.667000,10810,10811,10811,2
2019-09-12,16:45:01.737000,10810,10811,10810,1
2019-09-12,16:45:02.785000,10810,10811,10810,1
2019-09-12,16:45:04.650000,10810,10811,10810,1
2019-09-12,16:45:05.056000,10810,10811,10811,15
2019-09-12,16:45:10.296000,10811,10812,10812,3
2019-09-12,16:45:10.900000,10811,10812,10812,2
2019-09-12,16:45:12.776000,10811,10812,10812,2
2019-09-12,16:45:12.803000,10811,10812,10812,1
2019-09-12,16:45:13.053000,10812,10813,10812,1
2019-09-12,16:45:13.876000,10812,10813,10812,1
2019-09-12,16:45:13.876000,10812,10813,10811,24
2019-09-12,16:45:14.361000,10810,10812,10812,1
2019-09-12,16:45:21.498000,10811,10812,10812,1
2019-09-12,16:45:24.400000,10811,10812,10812,1
2019-09-12,16:45:30.116000,10811,10812,10812,1
2019-09-12,16:45:31.530000,10811,10812,10812,1
2019-09-12,16:45:39.745000,10811,10812,10812,1
2019-09-12,16:45:42.081000,10811,10812,10812,1
2019-09-12,16:45:42.573000,10811,10812,10812,1
2019-09-12,16:45:48.857000,10812,10813,10812,1
2019-09-12,16:45:49.830000,10811,10812,10812,1
2019-09-12,16:45:53.022000,10812,10813,10812,1
2019-09-12,16:45:59.655000,10812,10813,10812,3
2019-09-12,16:45:59.656000,10812,10813,10812,2
2019-09-12,16:46:00.301000,10811,10812,10812,1
2019-09-12,16:46:01.147000,10811,10812,10811,9
2019-09-12,16:46:01.648000,10810,10811,10811,2
2019-09-12,16:46:12.220000,10810,10811,10811,1
2019-09-12,16:46:13.106000,10810,10811,10811,6
2019-09-12,16:46:16.159000,10811,10812,10811,1
2019-09-12,16:46:17.152000,10811,10812,10812,2
2019-09-12,16:46:17.326000,10811,10812,10812,1
2019-09-12,16:46:21.038000,10811,10812,10811,1
2019-09-12,16:46:35.625000,10811,10812,10811,5
2019-09-12,16:46:37.310000,10811,10812,10811,8
2019-09-12,16:46:37.565000,10810,10812,10810,5
2019-09-12,16:46:38.698000,10810,10811,10811,5
2019-09-12,16:46:38.942000,10810,10811,10811,2
2019-09-12,16:46:38.942000,10810,10811,10812,44
2019-09-12,16:46:39.055000,10811,10812,10812,3
2019-09-12,16:46:39.178000,10811,10812,10812,2
2019-09-12,16:46:39.303000,10812,10813,10813,5
2019-09-12,16:46:39.803000,10811,10812,10812,1
2019-09-12,16:46:39.928000,10812,10813,10813,2
2019-09-12,16:46:40.911000,10812,10813,10812,1
2019-09-12,16:46:52.817000,10811,10812,10811,8
2019-09-12,16:46:53.178000,10811,10812,10811,1
2019-09-12,16:46:58.991000,10810,10811,10811,1
2019-09-12,16:46:59.394000,10810,10812,10812,1
2019-09-12,16:47:11.428000,10810,10811,10811,1
2019-09-12,16:47:16.523000,10811,10812,10812,1
2019-09-12,16:47:17.724000,10811,10812,10811,1
2019-09-12,16:47:24.843000,10811,10812,10811,1
2019-09-12,16:47:32.929000,10811,10812,10811,8
2019-09-12,16:47:37.310000,10811,10812,10811,1
2019-09-12,16:47:48.279000,10811,10812,10811,1
2019-09-12,16:48:04.374000,10811,10812,10811,1
2019-09-12,16:48:04.374000,10811,10812,10810,4
2019-09-12,16:48:14.735000,10811,10812,10811,1
2019-09-12,16:48:16.424000,10811,10812,10811,5
2019-09-12,16:48:17.106000,10811,10812,10811,1
2019-09-12,16:48:19.441000,10811,10812,10811,1
2019-09-12,16:48:21.742000,10811,10812,10811,5
2019-09-12,16:48:21.928000,10811,10812,10811,1
2019-09-12,16:48:24.042000,10810,10811,10811,1
2019-09-12,16:48:42.673000,10810,10811,10811,3
2019-09-12,16:48:57.039000,10811,10812,10811,1
2019-09-12,16:49:11.661000,10811,10812,10811,1
2019-09-12,16:49:12.657000,10811,10812,10811,3
2019-09-12,16:49:13.661000,10811,10812,10811,5
2019-09-12,16:49:31.641000,10811,10812,10811,5
2019-09-12,16:49:32.504000,10811,10812,10811,1
2019-09-12,16:49:57.103000,10811,10812,10812,1
2019-09-12,16:50:17.711000,10811,10812,10811,5
2019-09-12,16:50:20.773000,10811,10812,10812,1
2019-09-12,16:50:25.486000,10811,10812,10812,2
2019-09-12,16:50:26.099000,10811,10812,10812,1
2019-09-12,16:50:29.263000,10811,10812,10812,10
2019-09-12,16:50:32.301000,10812,10813,10812,1
2019-09-12,16:50:38.396000,10812,10813,10813,1
2019-09-12,16:50:49.663000,10811,10813,10811,1
2019-09-12,16:51:00.589000,10811,10812,10812,1
2019-09-12,16:51:19.967000,10812,10813,10812,2
2019-09-12,16:51:31.401000,10811,10812,10812,1
2019-09-12,16:51:39.183000,10811,10812,10812,1
2019-09-12,16:51:40.618000,10811,10812,10812,1
2019-09-12,16:52:05.845000,10812,10813,10812,1
2019-09-12,16:52:10.879000,10812,10813,10812,2
2019-09-12,16:52:55.285000,10812,10813,10813,1
2019-09-12,16:53:17.757000,10812,10813,10813,3
2019-09-12,16:53:23.424000,10812,10813,10813,1
2019-09-12,16:53:28.161000,10812,10813,10813,1
2019-09-12,16:53:28.795000,10812,10813,10813,5
2019-09-12,16:53:31.398000,10812,10813,10813,1
2019-09-12,16:53:45.302000,10812,10813,10812,1
2019-09-12,16:53:50.198000,10812,10813,10813,1
2019-09-12,16:54:04.169000,10813,10814,10813,1
2019-09-12,16:54:09.003000,10813,10814,10813,1
2019-09-12,16:54:19.439000,10812,10813,10813,1
2019-09-12,16:55:02.770000,10812,10814,10812,1
2019-09-12,16:55:12.807000,10812,10813,10813,2
2019-09-12,16:55:17.926000,10813,10814,10813,1
2019-09-12,16:55:31.658000,10812,10813,10812,2
2019-09-12,16:56:37.561000,10812,10813,10812,1
2019-09-12,16:56:42.281000,10812,10813,10812,8
2019-09-12,16:56:42.288000,10812,10813,10812,3
2019-09-12,16:56:42.303000,10812,10813,10812,2
2019-09-12,16:56:42.303000,10812,10813,10812,5
2019-09-12,16:56:42.303000,10812,10813,10812,2
2019-09-12,16:57:03.499000,10811,10812,10812,1
2019-09-12,16:57:21.975000,10812,10813,10812,1
2019-09-12,16:58:12.624000,10811,10812,10812,1
2019-09-12,16:58:17.346000,10811,10812,10812,2
2019-09-12,16:58:49.968000,10811,10812,10812,1
2019-09-12,16:59:03.380000,10811,10812,10812,1
2019-09-12,16:59:13.001000,10811,10812,10811,1
2019-09-12,16:59:13.590000,10811,10812,10811,1
2019-09-12,16:59:13.637000,10811,10812,10811,1
2019-09-12,16:59:13.957000,10811,10812,10811,1
2019-09-12,16:59:13.993000,10811,10812,10811,1
2019-09-12,16:59:14.653000,10811,10812,10812,1
2019-09-12,16:59:15.625000,10811,10812,10812,1
2019-09-12,16:59:30.645000,10811,10812,10812,1
2019-09-12,16:59:34.803000,10811,10812,10812,2
2019-09-12,16:59:35.500000,10812,10813,10812,1
2019-09-12,16:59:54.078000,10812,10813,10813,1
2019-09-12,16:59:54.841000,10812,10813,10813,13
2019-09-12,17:00:00.710000,10813,10814,10814,1
2019-09-12,17:00:00.921000,10813,10814,10813,3
2019-09-12,17:00:01.295000,10813,10814,10813,1
2019-09-12,17:00:01.455000,10813,10814,10813,1
2019-09-12,17:00:01.884000,10812,10814,10813,1
2019-09-12,17:00:02.019000,10812,10814,10814,1
2019-09-12,17:00:02.314000,10813,10814,10813,1
2019-09-12,17:00:07.564000,10813,10814,10814,12
2019-09-12,17:00:09.820000,10814,10815,10815,1
2019-09-12,17:00:09.868000,10814,10815,10815,1
2019-09-12,17:00:09.907000,10814,10815,10815,1
2019-09-12,17:00:09.955000,10814,10815,10815,1
2019-09-12,17:00:10.056000,10814,10815,10815,1
2019-09-12,17:00:10.356000,10814,10815,10814,2
2019-09-12,17:00:14.554000,10814,10815,10814,1
2019-09-12,17:00:28.560000,10814,10815,10814,2
2019-09-12,17:00:28.791000,10814,10815,10815,1
2019-09-12,17:00:38.361000,10814,10815,10815,1
2019-09-12,17:01:03.075000,10814,10815,10815,1
2019-09-12,17:01:32.011000,10814,10815,10815,1
2019-09-12,17:02:10.419000,10814,10815,10814,2
2019-09-12,17:02:10.419000,10814,10815,10814,2
2019-09-12,17:02:10.419000,10814,10815,10814,5
2019-09-12,17:02:10.419000,10814,10815,10814,4
2019-09-12,17:02:50.889000,10813,10814,10813,1
2019-09-12,17:02:56.797000,10813,10814,10813,1
2019-09-12,17:03:15.034000,10813,10814,10813,1
2019-09-12,17:03:23.912000,10813,10814,10813,1
2019-09-12,17:03:28.688000,10813,10814,10814,1
2019-09-12,17:03:29.121000,10813,10814,10814,1
2019-09-12,17:03:29.952000,10813,10814,10814,1
2019-09-12,17:03:49.380000,10813,10814,10814,2
2019-09-12,17:03:49.615000,10814,10815,10814,2
2019-09-12,17:03:59.889000,10814,10815,10814,2
2019-09-12,17:04:03.552000,10814,10815,10815,1
2019-09-12,17:04:03.784000,10814,10815,10815,1
2019-09-12,17:04:07.808000,10814,10815,10814,1
2019-09-12,17:04:50.876000,10814,10815,10814,1
2019-09-12,17:05:05.639000,10814,10815,10815,26
2019-09-12,17:05:10.533000,10815,10816,10815,1
2019-09-12,17:05:21.958000,10815,10816,10816,5
2019-09-12,17:05:22.134000,10815,10816,10816,1
2019-09-12,17:05:22.284000,10815,10816,10816,5
2019-09-12,17:05:22.890000,10815,10816,10816,5
2019-09-12,17:05:23.099000,10815,10817,10816,1
2019-09-12,17:05:23.099000,10815,10817,10816,1
2019-09-12,17:05:23.178000,10816,10817,10816,1
2019-09-12,17:05:25.126000,10816,10817,10817,5
2019-09-12,17:05:25.462000,10816,10817,10817,5
2019-09-12,17:05:25.821000,10816,10817,10817,5
2019-09-12,17:05:26.016000,10816,10817,10817,5
2019-09-12,17:05:26.211000,10816,10817,10817,5
2019-09-12,17:05:26.274000,10816,10817,10816,1
2019-09-12,17:05:30.904000,10816,10817,10817,1
2019-09-12,17:05:53.137000,10816,10817,10816,1
2019-09-12,17:05:54.580000,10816,10817,10817,3
2019-09-12,17:06:02.839000,10816,10817,10817,2
2019-09-12,17:06:03.887000,10816,10817,10816,1
2019-09-12,17:06:04.674000,10816,10817,10817,1
2019-09-12,17:06:18.745000,10816,10817,10817,1
2019-09-12,17:06:18.822000,10816,10817,10817,1
2019-09-12,17:06:41.322000,10816,10817,10817,1
2019-09-12,17:06:48.544000,10816,10817,10817,1
2019-09-12,17:07:04.856000,10816,10817,10816,1
2019-09-12,17:07:41.887000,10816,10817,10816,1
2019-09-12,17:08:29.699000,10816,10817,10816,1
2019-09-12,17:08:46.508000,10816,10817,10817,5
2019-09-12,17:08:47.296000,10816,10817,10816,1
2019-09-12,17:09:01.198000,10816,10817,10816,2
2019-09-12,17:09:12.347000,10816,10817,10817,6
2019-09-12,17:09:26.260000,10816,10817,10817,1
2019-09-12,17:10:08.471000,10816,10817,10817,1
2019-09-12,17:10:11.407000,10816,10817,10817,1
2019-09-12,17:10:18.098000,10816,10817,10816,1
2019-09-12,17:10:39.850000,10816,10817,10816,2
2019-09-12,17:10:40.584000,10816,10817,10816,1
2019-09-12,17:10:57.010000,10816,10817,10816,1
2019-09-12,17:11:13.960000,10816,10817,10816,1
2019-09-12,17:11:19.108000,10816,10817,10816,1
2019-09-12,17:11:19.109000,10816,10817,10816,1
2019-09-12,17:11:19.109000,10816,10817,10816,3
2019-09-12,17:12:52.297000,10815,10816,10815,1
2019-09-12,17:13:02.251000,10815,10816,10815,1
2019-09-12,17:13:08.494000,10815,10816,10815,5
2019-09-12,17:13:37.701000,10815,10816,10815,1
2019-09-12,17:14:04.471000,10815,10816,10815,1
2019-09-12,17:15:28.662000,10815,10816,10816,1
2019-09-12,17:15:42.369000,10815,10816,10815,4
2019-09-12,17:15:43.552000,10814,10815,10815,4
2019-09-12,17:15:57.554000,10814,10815,10815,2
2019-09-12,17:16:05.703000,10814,10815,10815,1
2019-09-12,17:16:38.425000,10814,10816,10816,1
2019-09-12,17:17:04.494000,10815,10816,10815,15
2019-09-12,17:17:06.449000,10815,10816,10815,1
2019-09-12,17:17:26.911000,10815,10816,10816,1
2019-09-12,17:17:27.054000,10815,10816,10816,5
2019-09-12,17:17:59.465000,10815,10816,10815,5
2019-09-12,17:18:01.032000,10815,10816,10816,1
2019-09-12,17:18:01.653000,10815,10816,10815,1
2019-09-12,17:18:23.086000,10815,10816,10815,1
2019-09-12,17:18:23.087000,10815,10816,10815,1
2019-09-12,17:18:27.666000,10814,10815,10814,7
2019-09-12,17:19:03.170000,10814,10815,10814,1
2019-09-12,17:19:08.349000,10813,10814,10814,1
2019-09-12,17:19:59.596000,10813,10814,10814,2
2019-09-12,17:20:01.017000,10813,10814,10814,1
2019-09-12,17:20:01.531000,10813,10815,10813,6
2019-09-12,17:20:01.598000,10813,10815,10813,8
2019-09-12,17:20:01.656000,10813,10815,10813,4
2019-09-12,17:20:08.805000,10813,10814,10814,1
2019-09-12,17:20:08.806000,10813,10814,10814,1
2019-09-12,17:20:27.936000,10814,10815,10815,1
2019-09-12,17:20:38.782000,10814,10815,10815,1
2019-09-12,17:21:09.224000,10814,10815,10814,1
2019-09-12,17:21:22.488000,10813,10814,10813,1
2019-09-12,17:21:33.271000,10813,10814,10814,1
2019-09-12,17:21:47.133000,10814,10815,10814,1
2019-09-12,17:21:58.006000,10814,10815,10814,1
2019-09-12,17:22:02.631000,10813,10814,10814,1
2019-09-12,17:22:02.678000,10814,10815,10815,1
2019-09-12,17:22:02.678000,10814,10815,10815,5
2019-09-12,17:22:02.678000,10814,10815,10815,4
2019-09-12,17:22:02.679000,10814,10815,10815,2
2019-09-12,17:22:02.680000,10814,10815,10815,4
2019-09-12,17:22:07.180000,10815,10816,10816,1
2019-09-12,17:22:46.972000,10815,10816,10815,1
2019-09-12,17:23:46.093000,10815,10816,10815,1
2019-09-12,17:23:56.621000,10815,10816,10815,1
2019-09-12,17:23:56.680000,10814,10816,10815,1
2019-09-12,17:23:56.685000,10814,10816,10815,1
2019-09-12,17:24:22.682000,10815,10816,10815,1
2019-09-12,17:25:07.116000,10815,10816,10816,5
2019-09-12,17:25:21.455000,10815,10816,10815,2
2019-09-12,17:25:39.053000,10814,10815,10815,2
2019-09-12,17:25:52.804000,10814,10815,10815,1
2019-09-12,17:26:00.227000,10814,10815,10815,1
2019-09-12,17:26:10.555000,10814,10816,10816,1
2019-09-12,17:26:44.873000,10815,10816,10816,1
2019-09-12,17:27:05.359000,10815,10816,10816,1
2019-09-12,17:27:54.805000,10815,10816,10816,1
2019-09-12,17:28:14.805000,10815,10816,10816,1
2019-09-12,17:28:29.331000,10815,10816,10816,1
2019-09-12,17:29:46.090000,10815,10816,10816,15
2019-09-12,17:29:46.180000,10815,10816,10816,1
2019-09-12,17:29:54.402000,10815,10816,10816,2
2019-09-12,17:30:02.321000,10815,10816,10816,1
2019-09-12,17:30:03.337000,10815,10817,10815,1
2019-09-12,17:31:20.822000,10816,10817,10816,1
2019-09-12,17:31:20.822000,10816,10817,10816,7
2019-09-12,17:31:20.823000,10816,10817,10816,2
2019-09-12,17:31:51.179000,10816,10817,10817,1
2019-09-12,17:31:51.550000,10816,10817,10817,1
2019-09-12,17:32:10.305000,10816,10817,10817,1
2019-09-12,17:32:33.324000,10816,10817,10817,1
2019-09-12,17:32:38.646000,10816,10817,10817,2
2019-09-12,17:32:54.243000,10816,10817,10817,1
2019-09-12,17:33:10.944000,10816,10817,10817,1
2019-09-12,17:33:37.679000,10816,10817,10816,7
2019-09-12,17:34:04.498000,10816,10817,10816,5
2019-09-12,17:34:09.499000,10816,10817,10816,2
2019-09-12,17:34:30.475000,10815,10816,10816,1
2019-09-12,17:34:49.141000,10815,10816,10816,1
2019-09-12,17:34:59.190000,10815,10816,10815,1
2019-09-12,17:35:15.428000,10816,10817,10816,1
2019-09-12,17:35:29.178000,10816,10817,10816,1
2019-09-12,17:36:24.930000,10815,10816,10816,1
2019-09-12,17:36:29.446000,10815,10816,10816,1
2019-09-12,17:36:45.212000,10815,10816,10816,1
2019-09-12,17:36:51.962000,10815,10816,10816,1
2019-09-12,17:36:52.178000,10816,10817,10816,6
2019-09-12,17:36:52.303000,10816,10817,10816,4
2019-09-12,17:36:59.928000,10816,10817,10816,5
2019-09-12,17:37:19.697000,10815,10816,10816,1
2019-09-12,17:37:33.355000,10816,10817,10816,2
2019-09-12,17:37:37.419000,10816,10817,10816,1
2019-09-12,17:37:42.248000,10816,10817,10816,1
2019-09-12,17:37:52.295000,10816,10817,10816,1
2019-09-12,17:38:11.056000,10815,10816,10816,1
2019-09-12,17:38:59.501000,10815,10816,10816,1
2019-09-12,17:39:12.915000,10815,10816,10815,10
2019-09-12,17:39:34.055000,10815,10816,10816,1
2019-09-12,17:39:38.912000,10815,10816,10815,3
2019-09-12,17:39:51.472000,10815,10816,10815,1
2019-09-12,17:40:20.430000,10815,10816,10816,1
2019-09-12,17:40:24.936000,10815,10816,10816,1
2019-09-12,17:40:35.561000,10815,10816,10816,2
2019-09-12,17:40:38.553000,10816,10817,10816,1
2019-09-12,17:40:58.507000,10816,10817,10816,1
2019-09-12,17:41:07.052000,10816,10817,10816,5
2019-09-12,17:41:46.680000,10816,10817,10817,1
2019-09-12,17:42:08.805000,10816,10817,10817,1
2019-09-12,17:42:22.922000,10816,10817,10816,2
2019-09-12,17:42:26.610000,10815,10816,10815,4
2019-09-12,17:42:26.670000,10815,10816,10816,1
2019-09-12,17:42:46.236000,10815,10816,10815,1
2019-09-12,17:43:10.700000,10815,10816,10815,7
2019-09-12,17:44:15.821000,10815,10816,10815,1
2019-09-12,17:44:17.108000,10815,10816,10815,2
2019-09-12,17:44:50.484000,10814,10815,10814,1
2019-09-12,17:44:51.572000,10814,10815,10814,1
2019-09-12,17:45:04.933000,10814,10815,10814,1
2019-09-12,17:45:08.231000,10814,10815,10814,3
2019-09-12,17:45:19.345000,10813,10814,10814,1
2019-09-12,17:45:23.026000,10813,10814,10814,1
2019-09-12,17:45:36.681000,10813,10814,10814,1
2019-09-12,17:45:45.467000,10813,10814,10814,1
2019-09-12,17:45:51.315000,10813,10814,10814,1
2019-09-12,17:45:52.047000,10814,10815,10814,1
2019-09-12,17:45:52.546000,10813,10814,10813,19
2019-09-12,17:45:52.778000,10813,10814,10814,1
2019-09-12,17:46:02.526000,10813,10814,10814,1
2019-09-12,17:46:22.609000,10813,10814,10813,5
2019-09-12,17:46:45.516000,10813,10814,10813,4
2019-09-12,17:46:49.631000,10813,10814,10813,1
2019-09-12,17:47:07.134000,10812,10813,10812,9
2019-09-12,17:47:07.244000,10812,10813,10812,10
2019-09-12,17:47:09.249000,10812,10813,10812,1
2019-09-12,17:47:10.127000,10812,10813,10812,1
2019-09-12,17:47:10.473000,10812,10813,10812,1
2019-09-12,17:47:10.678000,10811,10812,10812,1
2019-09-12,17:47:25.982000,10811,10812,10812,2
2019-09-12,17:47:25.996000,10811,10812,10812,1
2019-09-12,17:47:26.026000,10811,10812,10812,2
2019-09-12,17:47:26.042000,10811,10812,10813,1
2019-09-12,17:47:26.228000,10811,10812,10812,1
2019-09-12,17:47:26.322000,10811,10813,10812,1
2019-09-12,17:47:26.322000,10811,10813,10813,2
2019-09-12,17:47:26.355000,10811,10813,10812,1
2019-09-12,17:47:26.355000,10811,10813,10813,1
2019-09-12,17:47:56.650000,10811,10812,10811,5
2019-09-12,17:47:56.743000,10811,10812,10811,15
2019-09-12,17:47:57.843000,10811,10812,10811,1
2019-09-12,17:48:11.127000,10811,10812,10811,2
2019-09-12,17:48:13.055000,10811,10812,10812,1
2019-09-12,17:48:15.661000,10811,10812,10811,7
2019-09-12,17:48:15.970000,10811,10812,10811,1
2019-09-12,17:48:16.280000,10811,10812,10811,1
2019-09-12,17:48:16.578000,10811,10812,10811,7
2019-09-12,17:48:17.081000,10810,10811,10810,3
2019-09-12,17:48:17.081000,10810,10811,10810,4
2019-09-12,17:48:17.090000,10810,10811,10810,2
2019-09-12,17:48:17.107000,10810,10811,10810,2
2019-09-12,17:48:17.165000,10810,10811,10810,2
2019-09-12,17:48:17.219000,10810,10811,10810,2
2019-09-12,17:48:17.226000,10810,10811,10810,15
2019-09-12,17:48:17.229000,10810,10811,10810,5
2019-09-12,17:48:17.232000,10810,10811,10810,2
2019-09-12,17:48:17.235000,10810,10811,10810,1
2019-09-12,17:48:17.241000,10810,10811,10810,3
2019-09-12,17:48:17.246000,10810,10811,10810,1
2019-09-12,17:48:17.250000,10810,10811,10810,1
2019-09-12,17:48:17.250000,10810,10811,10810,3
2019-09-12,17:48:17.256000,10810,10811,10809,1
2019-09-12,17:48:17.305000,10809,10810,10810,1
2019-09-12,17:48:17.322000,10809,10810,10809,2
2019-09-12,17:48:17.359000,10809,10810,10809,10
2019-09-12,17:48:17.376000,10809,10810,10809,1
2019-09-12,17:48:17.403000,10809,10810,10809,3
2019-09-12,17:48:17.406000,10809,10810,10809,2
2019-09-12,17:48:17.406000,10809,10810,10809,2
2019-09-12,17:48:17.407000,10809,10810,10808,2
2019-09-12,17:48:17.412000,10809,10810,10808,10
2019-09-12,17:48:17.526000,10808,10810,10809,1
2019-09-12,17:48:17.810000,10808,10809,10808,1
2019-09-12,17:48:17.850000,10808,10809,10808,1
2019-09-12,17:48:17.929000,10808,10809,10808,1
2019-09-12,17:48:17.934000,10808,10809,10808,1
2019-09-12,17:48:17.957000,10808,10809,10808,1
2019-09-12,17:48:17.959000,10808,10809,10808,1
2019-09-12,17:48:17.960000,10808,10809,10808,1
2019-09-12,17:48:17.982000,10808,10809,10808,1
2019-09-12,17:48:18.026000,10808,10809,10809,1
2019-09-12,17:48:18.042000,10808,10809,10808,1
2019-09-12,17:48:18.084000,10808,10810,10808,2
2019-09-12,17:48:18.106000,10808,10810,10808,1
2019-09-12,17:48:18.132000,10808,10810,10809,4
2019-09-12,17:48:18.169000,10808,10810,10809,1
2019-09-12,17:48:18.180000,10808,10809,10809,2
2019-09-12,17:48:18.206000,10808,10809,10808,1
2019-09-12,17:48:18.249000,10808,10809,10808,1
2019-09-12,17:48:18.259000,10808,10809,10808,2
2019-09-12,17:48:18.261000,10808,10809,10808,1
2019-09-12,17:48:18.273000,10808,10809,10808,2
2019-09-12,17:48:18.409000,10808,10809,10808,3
2019-09-12,17:48:18.559000,10808,10809,10808,1
2019-09-12,17:48:18.559000,10808,10809,10808,1
2019-09-12,17:48:18.751000,10808,10809,10808,1
2019-09-12,17:48:18.769000,10808,10809,10808,1
2019-09-12,17:48:18.890000,10808,10809,10808,1
2019-09-12,17:48:19.165000,10808,10809,10808,2
2019-09-12,17:48:19.211000,10808,10809,10808,2
2019-09-12,17:48:19.305000,10808,10809,10809,2
2019-09-12,17:48:19.319000,10808,10809,10808,1
2019-09-12,17:48:19.558000,10808,10809,10808,1
2019-09-12,17:48:19.761000,10808,10809,10808,1
2019-09-12,17:48:21.195000,10808,10809,10808,1
2019-09-12,17:48:21.231000,10808,10809,10808,2
2019-09-12,17:48:22.097000,10808,10809,10808,1
2019-09-12,17:48:30.644000,10808,10809,10809,1
2019-09-12,17:48:31.059000,10809,10810,10810,2
2019-09-12,17:48:43.218000,10809,10810,10810,1
2019-09-12,17:48:51.682000,10809,10810,10809,2
2019-09-12,17:48:51.953000,10809,10810,10809,2
2019-09-12,17:48:52.169000,10809,10810,10809,1
2019-09-12,17:48:52.178000,10809,10810,10809,1
2019-09-12,17:48:54.202000,10808,10809,10809,1
2019-09-12,17:48:56.394000,10808,10809,10809,1
2019-09-12,17:49:00.893000,10808,10809,10809,10
2019-09-12,17:49:03.250000,10809,10810,10809,5
2019-09-12,17:49:16.305000,10809,10810,10810,1
2019-09-12,17:49:17.087000,10809,10810,10810,2
2019-09-12,17:49:17.178000,10809,10810,10810,4
2019-09-12,17:49:17.303000,10809,10810,10810,8
2019-09-12,17:49:17.428000,10809,10810,10810,2
2019-09-12,17:49:17.428000,10809,10810,10810,2
2019-09-12,17:49:17.428000,10809,10810,10810,5
2019-09-12,17:49:17.428000,10809,10810,10810,1
2019-09-12,17:49:25.951000,10810,10811,10811,2
2019-09-12,17:49:31.436000,10810,10811,10811,1
2019-09-12,17:49:33.142000,10810,10811,10811,2
2019-09-12,17:49:35.514000,10810,10811,10811,1
2019-09-12,17:49:40.670000,10810,10811,10810,2
2019-09-12,17:49:47.481000,10810,10811,10810,1
2019-09-12,17:49:51.081000,10810,10811,10810,17
2019-09-12,17:49:51.537000,10809,10810,10810,1
2019-09-12,17:49:51.739000,10809,10810,10810,2
2019-09-12,17:49:58.817000,10809,10811,10811,3
2019-09-12,17:49:59.817000,10809,10811,10811,3
2019-09-12,17:50:03.004000,10809,10811,10811,1
2019-09-12,17:50:03.566000,10809,10811,10809,12
2019-09-12,17:50:05.169000,10809,10810,10810,1
2019-09-12,17:50:07.067000,10809,10810,10810,1
2019-09-12,17:50:07.650000,10809,10810,10809,2
2019-09-12,17:50:08.658000,10809,10810,10810,1
2019-09-12,17:50:18.127000,10809,10810,10809,5
2019-09-12,17:50:23.594000,10809,10810,10809,1
2019-09-12,17:50:26.503000,10809,10810,10809,1
2019-09-12,17:50:27.968000,10809,10810,10809,7
2019-09-12,17:50:28.304000,10808,10809,10809,2
2019-09-12,17:50:28.309000,10808,10809,10809,1
2019-09-12,17:50:28.338000,10808,10809,10809,2
2019-09-12,17:50:29.928000,10808,10809,10809,1
2019-09-12,17:50:48.886000,10808,10809,10809,1
2019-09-12,17:50:49.071000,10808,10809,10809,5
2019-09-12,17:51:03.881000,10809,10810,10809,1
2019-09-12,17:51:05.513000,10809,10810,10809,1
2019-09-12,17:51:06.181000,10809,10810,10809,1
2019-09-12,17:51:07.041000,10809,10810,10809,1
2019-09-12,17:51:07.786000,10809,10810,10809,1
2019-09-12,17:51:17.658000,10809,10810,10809,5
2019-09-12,17:51:19.304000,10808,10810,10810,1
2019-09-12,17:51:52.680000,10809,10810,10809,7
2019-09-12,17:51:54.303000,10808,10809,10809,2
2019-09-12,17:52:13.555000,10809,10810,10810,1
2019-09-12,17:52:37.918000,10809,10810,10810,1
2019-09-12,17:53:06.283000,10809,10810,10810,1
2019-09-12,17:53:07.297000,10809,10810,10810,1
2019-09-12,17:53:07.974000,10809,10810,10810,1
2019-09-12,17:53:08.569000,10809,10810,10810,1
2019-09-12,17:53:08.911000,10809,10810,10810,1
2019-09-12,17:53:09.664000,10809,10810,10810,1
2019-09-12,17:53:10.042000,10809,10810,10810,1
2019-09-12,17:53:10.411000,10809,10810,10810,1
2019-09-12,17:53:10.906000,10809,10810,10810,1
2019-09-12,17:53:11.508000,10809,10810,10810,1
2019-09-12,17:53:21.027000,10809,10810,10810,5
2019-09-12,17:53:31.962000,10809,10810,10810,1
2019-09-12,17:53:32.237000,10809,10810,10810,1
2019-09-12,17:53:32.704000,10809,10810,10810,1
2019-09-12,17:53:32.947000,10809,10810,10810,1
2019-09-12,17:53:33.203000,10809,10810,10810,1
2019-09-12,17:53:33.711000,10809,10810,10810,1
2019-09-12,17:53:33.965000,10809,10810,10810,1
2019-09-12,17:53:34.227000,10809,10810,10810,1
2019-09-12,17:53:34.499000,10809,10810,10810,1
2019-09-12,17:53:34.710000,10809,10810,10810,1
2019-09-12,17:53:51.572000,10809,10810,10810,1
2019-09-12,17:53:53.367000,10809,10810,10810,1
2019-09-12,17:53:53.626000,10809,10810,10810,1
2019-09-12,17:53:53.939000,10809,10810,10810,1
2019-09-12,17:53:54.173000,10809,10810,10810,1
2019-09-12,17:53:54.413000,10809,10810,10810,1
2019-09-12,17:53:54.921000,10809,10810,10810,1
2019-09-12,17:53:55.196000,10809,10810,10810,1
2019-09-12,17:53:55.423000,10809,10810,10809,1
2019-09-12,17:53:55.526000,10809,10810,10810,1
2019-09-12,17:53:56.381000,10809,10810,10810,1
2019-09-12,17:53:56.717000,10809,10810,10810,1
2019-09-12,17:53:57.026000,10809,10810,10810,1
2019-09-12,17:54:01.049000,10809,10810,10809,1
2019-09-12,17:54:01.106000,10809,10810,10809,5
2019-09-12,17:54:01.275000,10809,10810,10809,1
2019-09-12,17:54:01.945000,10809,10810,10810,1
2019-09-12,17:54:05.806000,10809,10810,10810,1
2019-09-12,17:54:44.831000,10809,10810,10810,1
2019-09-12,17:54:46.350000,10809,10810,10810,1
2019-09-12,17:54:50.073000,10809,10810,10810,1
2019-09-12,17:54:54.928000,10809,10810,10810,1
2019-09-12,17:55:01.714000,10809,10810,10810,1
2019-09-12,17:55:01.805000,10809,10810,10810,1
2019-09-12,17:55:02.302000,10809,10810,10809,1
2019-09-12,17:55:02.318000,10809,10810,10809,1
2019-09-12,17:55:03.947000,10809,10810,10810,1
2019-09-12,17:55:05.398000,10809,10810,10810,1
2019-09-12,17:55:05.980000,10809,10810,10810,1
2019-09-12,17:55:10.154000,10809,10810,10810,1
2019-09-12,17:55:11.219000,10809,10810,10810,1
2019-09-12,17:55:24.977000,10809,10810,10809,10
2019-09-12,17:55:25.053000,10809,10810,10809,3
2019-09-12,17:55:25.053000,10809,10810,10809,2
2019-09-12,17:55:25.053000,10809,10810,10809,5
2019-09-12,17:55:25.661000,10808,10809,10809,1
2019-09-12,17:55:25.994000,10808,10810,10810,1
2019-09-12,17:55:26.556000,10808,10810,10810,1
2019-09-12,17:55:26.874000,10808,10810,10810,1
2019-09-12,17:55:41.365000,10808,10809,10809,1
2019-09-12,17:55:51.355000,10808,10809,10809,1
2019-09-12,17:55:54.566000,10809,10810,10809,1
2019-09-12,17:55:56.073000,10808,10809,10809,1
2019-09-12,17:55:56.840000,10808,10809,10809,1
2019-09-12,17:56:01.066000,10808,10809,10809,1
2019-09-12,17:56:08.410000,10809,10810,10810,5
2019-09-12,17:56:08.431000,10809,10810,10810,1
2019-09-12,17:56:22.253000,10809,10810,10809,1
2019-09-12,17:56:27.389000,10809,10810,10810,5
2019-09-12,17:56:31.249000,10809,10810,10810,1
2019-09-12,17:56:31.250000,10809,10810,10810,1
2019-09-12,17:56:31.250000,10809,10810,10810,1
2019-09-12,17:56:38.523000,10810,10811,10811,1
2019-09-12,17:56:39.273000,10810,10811,10811,1
2019-09-12,17:56:44.206000,10810,10811,10810,20
2019-09-12,17:57:12.430000,10810,10811,10811,1
2019-09-12,17:57:15.588000,10810,10811,10810,2
2019-09-12,17:57:24.106000,10810,10811,10810,4
2019-09-12,17:57:24.860000,10809,10810,10810,1
2019-09-12,17:57:42.028000,10809,10810,10809,1
2019-09-12,17:57:42.487000,10809,10810,10810,2
2019-09-12,17:57:47.590000,10809,10810,10810,1
2019-09-12,17:58:16.679000,10809,10810,10810,1
2019-09-12,17:58:19.507000,10809,10810,10810,2
2019-09-12,17:58:33.469000,10809,10810,10810,1
2019-09-12,17:58:34.202000,10809,10810,10810,1
2019-09-12,17:58:34.470000,10809,10810,10810,1
2019-09-12,17:58:34.728000,10809,10810,10810,1
2019-09-12,17:58:34.936000,10809,10810,10810,1
2019-09-12,17:58:35.053000,10809,10810,10810,10
2019-09-12,17:59:01.034000,10810,10811,10810,1
2019-09-12,17:59:08.184000,10810,10811,10811,1
2019-09-12,17:59:08.416000,10810,10811,10811,1
2019-09-12,17:59:13.053000,10810,10811,10811,1
2019-09-12,17:59:13.394000,10810,10811,10811,1
2019-09-12,17:59:13.429000,10810,10811,10811,6
2019-09-12,17:59:19.930000,10811,10812,10812,1
2019-09-12,17:59:31.175000,10811,10812,10812,1
2019-09-12,17:59:31.400000,10811,10812,10812,1
2019-09-12,17:59:31.622000,10811,10812,10812,1
2019-09-12,17:59:31.838000,10811,10812,10812,1
2019-09-12,17:59:32.089000,10811,10812,10812,1
2019-09-12,17:59:44.040000,10811,10812,10812,1
2019-09-12,17:59:44.368000,10811,10812,10812,1
2019-09-12,17:59:44.428000,10811,10812,10812,4
2019-09-12,17:59:57.555000,10812,10813,10812,1
2019-09-12,18:00:05.822000,10812,10813,10812,4
2019-09-12,18:00:06.463000,10812,10813,10812,7
2019-09-12,18:00:06.463000,10812,10813,10811,3
2019-09-12,18:00:06.829000,10811,10812,10812,2
2019-09-12,18:00:17.083000,10811,10813,10811,4
2019-09-12,18:00:36.176000,10811,10812,10812,2
2019-09-12,18:00:45.887000,10811,10812,10812,5
2019-09-12,18:01:02.983000,10811,10812,10812,1
2019-09-12,18:01:07.180000,10811,10812,10812,1
2019-09-12,18:01:36.467000,10811,10812,10812,4
2019-09-12,18:01:38.973000,10811,10812,10811,1
2019-09-12,18:01:58.631000,10811,10812,10811,5
2019-09-12,18:02:03.332000,10811,10812,10811,4
2019-09-12,18:02:06.995000,10810,10811,10810,10
2019-09-12,18:02:08.862000,10810,10811,10810,2
2019-09-12,18:02:13.950000,10810,10811,10810,1
2019-09-12,18:02:14.556000,10810,10811,10811,1
2019-09-12,18:02:27.446000,10810,10811,10810,2
2019-09-12,18:02:31.985000,10810,10811,10810,1
2019-09-12,18:02:51.680000,10810,10811,10811,1
2019-09-12,18:03:08.210000,10810,10811,10811,1
2019-09-12,18:03:18.810000,10810,10811,10811,1
2019-09-12,18:03:25.855000,10810,10811,10811,1
2019-09-12,18:03:26.105000,10810,10811,10811,1
2019-09-12,18:03:26.322000,10810,10811,10811,1
2019-09-12,18:03:26.562000,10810,10811,10811,1
2019-09-12,18:03:26.653000,10810,10811,10811,1
2019-09-12,18:03:26.782000,10810,10811,10811,1
2019-09-12,18:03:30.320000,10810,10812,10812,1
2019-09-12,18:04:40.779000,10811,10812,10812,5
2019-09-12,18:04:41.011000,10811,10812,10812,5
2019-09-12,18:04:41.729000,10811,10812,10812,1
2019-09-12,18:04:41.971000,10811,10812,10812,1
2019-09-12,18:04:54.180000,10811,10812,10812,1
2019-09-12,18:04:54.180000,10811,10812,10812,1
2019-09-12,18:05:06.376000,10811,10812,10811,1
2019-09-12,18:05:33.928000,10811,10812,10811,1
2019-09-12,18:05:35.333000,10811,10812,10811,1
2019-09-12,18:05:55.543000,10811,10812,10811,1
2019-09-12,18:05:58.350000,10811,10812,10812,8
2019-09-12,18:05:58.428000,10811,10812,10812,3
2019-09-12,18:06:29.555000,10812,10813,10813,1
2019-09-12,18:06:33.078000,10812,10813,10813,3
2019-09-12,18:06:34.417000,10812,10813,10813,1
2019-09-12,18:06:37.242000,10812,10813,10813,1
2019-09-12,18:06:41.153000,10812,10813,10813,1
2019-09-12,18:06:51.498000,10812,10813,10813,2
2019-09-12,18:07:00.937000,10812,10813,10813,1
2019-09-12,18:07:04.925000,10812,10813,10813,1
2019-09-12,18:07:07.683000,10812,10813,10813,1
2019-09-12,18:07:12.100000,10812,10813,10813,1
2019-09-12,18:07:12.441000,10812,10813,10813,2
2019-09-12,18:07:17.031000,10812,10814,10814,1
2019-09-12,18:07:17.577000,10812,10814,10812,2
2019-09-12,18:07:31.303000,10812,10813,10813,1
2019-09-12,18:07:33.772000,10812,10813,10813,1
2019-09-12,18:07:41.314000,10812,10813,10813,5
2019-09-12,18:08:02.748000,10813,10814,10814,1
2019-09-12,18:08:03.744000,10813,10814,10814,2
2019-09-12,18:08:13.553000,10813,10814,10813,1
2019-09-12,18:08:13.564000,10813,10814,10813,1
2019-09-12,18:08:30.767000,10812,10813,10813,1
2019-09-12,18:08:44.680000,10812,10813,10813,1
2019-09-12,18:08:57.216000,10812,10813,10813,1
2019-09-12,18:09:13.152000,10812,10813,10812,1
2019-09-12,18:09:14.009000,10812,10813,10812,2
2019-09-12,18:09:56.488000,10812,10813,10813,1
2019-09-12,18:09:57.495000,10812,10813,10813,1
2019-09-12,18:09:58.943000,10812,10813,10812,1
2019-09-12,18:10:13.589000,10812,10813,10813,2
2019-09-12,18:10:20.930000,10812,10813,10813,1
2019-09-12,18:11:12.779000,10812,10813,10813,9
2019-09-12,18:11:12.803000,10813,10814,10813,1
2019-09-12,18:12:00.803000,10812,10813,10812,11
2019-09-12,18:12:00.928000,10812,10813,10812,1
2019-09-12,18:12:00.928000,10812,10813,10812,3
2019-09-12,18:12:07.450000,10811,10812,10812,2
2019-09-12,18:12:08.127000,10811,10812,10812,2
2019-09-12,18:12:08.129000,10811,10812,10812,3
2019-09-12,18:12:10.615000,10812,10813,10813,1
2019-09-12,18:12:10.655000,10812,10813,10812,1
2019-09-12,18:12:10.679000,10812,10813,10813,4
2019-09-12,18:12:10.687000,10812,10813,10813,2
2019-09-12,18:12:23.055000,10811,10813,10812,1
2019-09-12,18:12:23.056000,10811,10813,10813,1
2019-09-12,18:12:24.058000,10812,10813,10813,1
2019-09-12,18:12:24.098000,10812,10813,10812,4
2019-09-12,18:12:33.296000,10811,10812,10812,1
2019-09-12,18:12:48.923000,10811,10812,10811,5
2019-09-12,18:12:53.610000,10811,10812,10811,2
2019-09-12,18:12:55.308000,10811,10812,10812,1
2019-09-12,18:13:05.092000,10811,10812,10812,8
2019-09-12,18:13:05.092000,10811,10812,10812,8
2019-09-12,18:13:05.092000,10811,10812,10812,7
2019-09-12,18:13:05.092000,10811,10812,10812,2
2019-09-12,18:13:26.907000,10812,10813,10812,8
2019-09-12,18:13:51.024000,10811,10812,10812,1
2019-09-12,18:14:06.913000,10811,10812,10812,5
2019-09-12,18:14:08.035000,10811,10812,10812,5
2019-09-12,18:14:15.103000,10811,10812,10812,1
2019-09-12,18:14:21.174000,10811,10812,10811,5
2019-09-12,18:14:21.248000,10810,10811,10811,1
2019-09-12,18:14:22.413000,10810,10811,10811,1
2019-09-12,18:14:22.445000,10810,10811,10811,1
2019-09-12,18:14:32.187000,10810,10811,10811,2
2019-09-12,18:14:40.413000,10810,10811,10811,1
2019-09-12,18:14:46.376000,10810,10812,10810,2
2019-09-12,18:14:52.555000,10810,10811,10811,1
2019-09-12,18:14:59.900000,10810,10811,10811,1
2019-09-12,18:15:02.501000,10811,10812,10812,1
2019-09-12,18:15:34.722000,10810,10811,10810,30
2019-09-12,18:15:34.723000,10810,10811,10810,2
2019-09-12,18:15:52.625000,10809,10810,10809,1
2019-09-12,18:15:52.722000,10809,10810,10809,5
2019-09-12,18:15:53.329000,10809,10810,10809,1
2019-09-12,18:16:25.681000,10809,10810,10810,1
2019-09-12,18:16:25.804000,10809,10810,10810,5
2019-09-12,18:16:26.765000,10809,10811,10809,1
2019-09-12,18:16:27.196000,10809,10811,10811,1
2019-09-12,18:16:29.470000,10810,10811,10811,1
2019-09-12,18:16:31.805000,10810,10811,10811,1
2019-09-12,18:16:37.943000,10810,10811,10811,1
2019-09-12,18:16:42.931000,10810,10811,10811,1
2019-09-12,18:16:59.655000,10810,10811,10811,1
2019-09-12,18:16:59.916000,10810,10811,10811,1
2019-09-12,18:17:00.119000,10810,10811,10811,1
2019-09-12,18:18:18.894000,10811,10812,10811,1
2019-09-12,18:18:18.931000,10811,10812,10812,1
2019-09-12,18:18:19.154000,10811,10812,10811,1
2019-09-12,18:18:19.304000,10811,10812,10811,3
2019-09-12,18:18:34.180000,10811,10812,10812,1
2019-09-12,18:20:00.681000,10811,10812,10812,1
2019-09-12,18:20:00.828000,10811,10812,10812,1
2019-09-12,18:20:22.690000,10811,10812,10812,1
2019-09-12,18:20:31.180000,10811,10812,10812,1
2019-09-12,18:20:31.180000,10811,10812,10812,1
2019-09-12,18:21:51.526000,10811,10812,10811,1
2019-09-12,18:22:03.042000,10811,10812,10812,1
2019-09-12,18:22:27.430000,10811,10812,10812,1
2019-09-12,18:22:27.431000,10811,10812,10812,1
2019-09-12,18:23:01.042000,10811,10812,10811,1
2019-09-12,18:23:01.042000,10811,10812,10811,1
2019-09-12,18:23:01.042000,10811,10812,10811,1
2019-09-12,18:23:01.042000,10811,10812,10811,4
2019-09-12,18:23:01.042000,10811,10812,10811,1
2019-09-12,18:23:01.042000,10811,10812,10811,1
2019-09-12,18:23:01.042000,10811,10812,10811,3
2019-09-12,18:23:01.178000,10810,10811,10810,3
2019-09-12,18:23:01.363000,10810,10811,10810,2
2019-09-12,18:23:01.391000,10810,10811,10810,4
2019-09-12,18:23:13.865000,10809,10810,10809,1
2019-09-12,18:23:13.994000,10809,10810,10809,4
2019-09-12,18:23:13.994000,10809,10810,10808,6
2019-09-12,18:23:14.066000,10808,10809,10808,2
2019-09-12,18:23:14.092000,10808,10809,10808,4
2019-09-12,18:23:14.172000,10808,10809,10808,1
2019-09-12,18:23:14.196000,10808,10809,10808,1
2019-09-12,18:23:14.260000,10808,10809,10808,14
2019-09-12,18:23:14.260000,10808,10809,10807,6
2019-09-12,18:23:14.350000,10807,10809,10807,1
2019-09-12,18:23:14.360000,10807,10809,10807,1
2019-09-12,18:23:14.397000,10807,10809,10807,4
2019-09-12,18:23:14.400000,10807,10809,10807,1
2019-09-12,18:23:14.479000,10807,10809,10807,15
2019-09-12,18:23:14.532000,10807,10809,10807,1
2019-09-12,18:23:14.557000,10807,10808,10807,1
2019-09-12,18:23:14.616000,10807,10808,10807,1
2019-09-12,18:23:14.766000,10807,10808,10807,1
2019-09-12,18:23:14.788000,10807,10808,10807,1
2019-09-12,18:23:14.932000,10807,10808,10807,1
2019-09-12,18:23:15.053000,10807,10808,10807,2
2019-09-12,18:23:15.144000,10807,10808,10807,2
2019-09-12,18:23:15.151000,10807,10808,10807,1
2019-09-12,18:23:15.322000,10806,10808,10808,1
2019-09-12,18:23:27.189000,10807,10808,10807,1
2019-09-12,18:23:32.525000,10807,10808,10808,5
2019-09-12,18:23:32.553000,10807,10808,10808,7
2019-09-12,18:23:32.555000,10807,10808,10808,2
2019-09-12,18:23:32.555000,10807,10808,10808,1
2019-09-12,18:23:32.556000,10807,10808,10808,2
2019-09-12,18:23:32.556000,10807,10808,10808,3
2019-09-12,18:23:32.557000,10807,10808,10808,2
2019-09-12,18:23:32.678000,10807,10808,10808,1
2019-09-12,18:23:32.678000,10807,10808,10808,4
2019-09-12,18:23:49.596000,10808,10809,10809,1
2019-09-12,18:23:57.054000,10808,10809,10809,1
2019-09-12,18:24:01.821000,10808,10809,10809,1
2019-09-12,18:24:29.666000,10809,10810,10810,1
2019-09-12,18:24:33.555000,10809,10810,10810,2
2019-09-12,18:24:34.619000,10809,10810,10810,1
2019-09-12,18:24:40.962000,10809,10810,10810,1
2019-09-12,18:24:41.265000,10809,10810,10810,3
2019-09-12,18:24:42.113000,10809,10810,10810,1
2019-09-12,18:24:43.139000,10809,10810,10810,7
2019-09-12,18:24:43.183000,10810,10811,10811,8
2019-09-12,18:24:43.219000,10810,10811,10811,1
2019-09-12,18:24:43.220000,10810,10811,10811,2
2019-09-12,18:24:43.220000,10810,10811,10811,5
2019-09-12,18:24:43.221000,10810,10811,10811,4
2019-09-12,18:24:43.221000,10810,10811,10811,3
2019-09-12,18:24:43.221000,10810,10811,10811,2
2019-09-12,18:24:43.221000,10810,10811,10811,2
2019-09-12,18:24:44.052000,10811,10812,10812,1
2019-09-12,18:24:46.659000,10811,10812,10812,1
2019-09-12,18:24:47.031000,10811,10812,10812,1
2019-09-12,18:24:47.262000,10811,10812,10812,1
2019-09-12,18:24:47.509000,10811,10812,10812,1
2019-09-12,18:24:47.899000,10811,10812,10812,1
2019-09-12,18:24:47.930000,10811,10812,10812,2
2019-09-12,18:24:48.148000,10811,10812,10812,1
2019-09-12,18:24:48.357000,10811,10812,10812,1
2019-09-12,18:24:48.558000,10811,10812,10812,1
2019-09-12,18:24:48.751000,10811,10812,10812,1
2019-09-12,18:25:13.055000,10811,10812,10812,1
2019-09-12,18:25:17.070000,10811,10812,10812,1
2019-09-12,18:25:17.292000,10811,10812,10812,1
2019-09-12,18:25:17.492000,10811,10812,10812,1
2019-09-12,18:25:40.157000,10812,10813,10812,1
2019-09-12,18:25:40.776000,10812,10813,10812,1
2019-09-12,18:25:40.804000,10811,10812,10811,3
2019-09-12,18:25:41.437000,10811,10812,10811,2
2019-09-12,18:25:51.563000,10811,10812,10811,2
2019-09-12,18:26:12.107000,10811,10812,10811,1
2019-09-12,18:26:27.430000,10811,10812,10812,1
2019-09-12,18:26:27.430000,10811,10812,10812,1
2019-09-12,18:26:42.224000,10811,10812,10811,12
2019-09-12,18:27:52.244000,10810,10811,10811,1
2019-09-12,18:27:52.478000,10810,10811,10811,1
2019-09-12,18:27:52.734000,10810,10811,10811,1
2019-09-12,18:27:52.936000,10810,10811,10811,1
2019-09-12,18:27:53.140000,10810,10811,10811,1
2019-09-12,18:27:57.828000,10810,10811,10811,1
2019-09-12,18:27:57.998000,10810,10811,10811,1
2019-09-12,18:27:58.191000,10810,10811,10811,1
2019-09-12,18:27:58.392000,10810,10811,10811,1
2019-09-12,18:27:58.593000,10810,10811,10811,1
2019-09-12,18:28:42.403000,10810,10811,10811,1
2019-09-12,18:28:42.722000,10810,10811,10811,1
2019-09-12,18:28:43.559000,10810,10811,10811,1
2019-09-12,18:28:43.775000,10810,10811,10811,1
2019-09-12,18:28:59.263000,10810,10811,10810,1
2019-09-12,18:29:06.100000,10810,10811,10810,4
2019-09-12,18:29:06.100000,10810,10811,10810,3
2019-09-12,18:29:06.100000,10810,10811,10810,1
2019-09-12,18:29:06.100000,10810,10811,10810,4
2019-09-12,18:29:14.899000,10809,10810,10809,1
2019-09-12,18:29:14.988000,10809,10810,10809,5
2019-09-12,18:29:16.453000,10808,10809,10809,2
2019-09-12,18:29:20.007000,10809,10810,10809,5
2019-09-12,18:29:26.081000,10808,10810,10808,1
2019-09-12,18:29:26.232000,10808,10810,10808,5
2019-09-12,18:29:26.590000,10808,10810,10810,2
2019-09-12,18:29:31.626000,10809,10810,10810,10
2019-09-12,18:29:31.627000,10809,10810,10810,5
2019-09-12,18:29:31.627000,10809,10810,10810,2
2019-09-12,18:29:31.627000,10809,10810,10810,5
2019-09-12,18:29:31.627000,10809,10810,10810,2
2019-09-12,18:29:36.983000,10809,10811,10809,1
2019-09-12,18:29:38.426000,10809,10810,10809,1
2019-09-12,18:29:39.989000,10808,10809,10808,3
2019-09-12,18:29:39.996000,10808,10809,10808,3
2019-09-12,18:29:39.999000,10808,10809,10808,4
2019-09-12,18:29:41.804000,10806,10808,10807,2
2019-09-12,18:29:41.995000,10806,10807,10806,5
2019-09-12,18:29:42.116000,10806,10807,10806,15
2019-09-12,18:29:42.257000,10806,10807,10806,1
2019-09-12,18:29:42.266000,10806,10807,10806,1
2019-09-12,18:29:42.267000,10806,10807,10806,1
2019-09-12,18:29:42.290000,10806,10807,10806,1
2019-09-12,18:29:42.393000,10806,10807,10806,1
2019-09-12,18:29:42.475000,10806,10807,10806,1
2019-09-12,18:29:42.743000,10806,10807,10806,1
2019-09-12,18:29:42.808000,10806,10807,10806,12
2019-09-12,18:29:42.955000,10805,10806,10805,2
2019-09-12,18:29:43.053000,10805,10806,10805,12
2019-09-12,18:29:43.053000,10805,10806,10805,2
2019-09-12,18:29:43.055000,10805,10806,10805,6
2019-09-12,18:29:43.120000,10805,10806,10805,10
2019-09-12,18:29:43.178000,10805,10806,10805,2
2019-09-12,18:29:43.178000,10805,10806,10805,2
2019-09-12,18:29:43.181000,10805,10806,10805,2
2019-09-12,18:29:43.187000,10805,10806,10805,2
2019-09-12,18:29:43.193000,10805,10806,10805,2
2019-09-12,18:29:43.330000,10805,10806,10805,2
2019-09-12,18:29:43.383000,10805,10806,10805,9
