2020-12-15,15:00:00.045000,14098,14099,14099,83
2020-12-15,15:00:00.047000,14098,14099,14099,1
2020-12-15,15:00:00.064000,14098,14100,14098,3
2020-12-15,15:00:00.117000,14098,14099,14099,2
2020-12-15,15:00:00.166000,14098,14099,14098,1
2020-12-15,15:00:00.180000,14098,14099,14099,1
2020-12-15,15:00:00.239000,14098,14099,14099,1
2020-12-15,15:00:00.241000,14098,14099,14099,1
2020-12-15,15:00:00.245000,14098,14099,14099,1
2020-12-15,15:00:00.253000,14098,14099,14098,30
2020-12-15,15:00:00.253000,14098,14099,14098,2
2020-12-15,15:00:00.253000,14098,14099,14099,1
2020-12-15,15:00:00.253000,14098,14099,14100,1
2020-12-15,15:00:00.254000,14098,14099,14098,4
2020-12-15,15:00:00.254000,14098,14099,14099,4
2020-12-15,15:00:00.254000,14098,14099,14100,10
2020-12-15,15:00:00.254000,14098,14099,14101,13
2020-12-15,15:00:00.254000,14098,14099,14102,3
2020-12-15,15:00:00.274000,14098,14099,14101,3
2020-12-15,15:00:00.277000,14098,14099,14098,4
2020-12-15,15:00:00.277000,14098,14099,14097,11
2020-12-15,15:00:00.288000,14098,14099,14099,1
2020-12-15,15:00:00.291000,14098,14099,14101,1
2020-12-15,15:00:00.291000,14098,14099,14100,3
2020-12-15,15:00:00.299000,14098,14099,14100,1
2020-12-15,15:00:00.299000,14098,14099,14102,7
2020-12-15,15:00:00.299000,14098,14099,14103,7
2020-12-15,15:00:00.299000,14098,14099,14103,1
2020-12-15,15:00:00.305000,14098,14099,14102,2
2020-12-15,15:00:00.305000,14098,14099,14102,1
2020-12-15,15:00:00.314000,14098,14099,14102,1
2020-12-15,15:00:00.320000,14098,14099,14097,1
2020-12-15,15:00:00.322000,14098,14099,14097,1
2020-12-15,15:00:00.330000,14098,14099,14102,1
2020-12-15,15:00:00.330000,14098,14099,14097,3
2020-12-15,15:00:00.330000,14098,14099,14097,2
2020-12-15,15:00:00.332000,14098,14099,14102,1
2020-12-15,15:00:00.337000,14098,14099,14102,1
2020-12-15,15:00:00.344000,14098,14099,14102,1
2020-12-15,15:00:00.344000,14098,14099,14103,1
2020-12-15,15:00:00.350000,14098,14099,14099,1
2020-12-15,15:00:00.356000,14098,14099,14102,1
2020-12-15,15:00:00.371000,14098,14102,14098,1
2020-12-15,15:00:00.390000,14098,14102,14102,1
2020-12-15,15:00:00.401000,14098,14102,14098,1
2020-12-15,15:00:00.405000,14098,14102,14102,1
2020-12-15,15:00:00.406000,14098,14102,14102,1
2020-12-15,15:00:00.410000,14098,14102,14098,1
2020-12-15,15:00:00.418000,14098,14102,14102,1
2020-12-15,15:00:00.424000,14098,14102,14102,1
2020-12-15,15:00:00.430000,14098,14102,14098,1
2020-12-15,15:00:00.459000,14098,14102,14102,2
2020-12-15,15:00:00.459000,14098,14102,14103,1
2020-12-15,15:00:00.459000,14098,14102,14103,1
2020-12-15,15:00:00.464000,14098,14102,14103,2
2020-12-15,15:00:00.465000,14098,14102,14103,4
2020-12-15,15:00:00.467000,14098,14102,14103,2
2020-12-15,15:00:00.469000,14098,14102,14103,2
2020-12-15,15:00:00.469000,14098,14102,14104,2
2020-12-15,15:00:00.475000,14098,14102,14104,6
2020-12-15,15:00:00.480000,14098,14102,14104,1
2020-12-15,15:00:00.481000,14098,14102,14098,1
2020-12-15,15:00:00.482000,14098,14102,14098,1
2020-12-15,15:00:00.512000,14098,14104,14102,1
2020-12-15,15:00:00.512000,14098,14104,14104,1
2020-12-15,15:00:00.513000,14098,14104,14104,1
2020-12-15,15:00:00.520000,14098,14104,14104,3
2020-12-15,15:00:00.520000,14098,14104,14105,1
2020-12-15,15:00:00.525000,14098,14104,14104,4
2020-12-15,15:00:00.532000,14098,14104,14105,2
2020-12-15,15:00:00.545000,14098,14104,14100,3
2020-12-15,15:00:00.550000,14098,14104,14104,2
2020-12-15,15:00:00.552000,14098,14104,14100,1
2020-12-15,15:00:00.554000,14098,14104,14100,1
2020-12-15,15:00:00.557000,14098,14104,14104,2
2020-12-15,15:00:00.557000,14098,14104,14105,4
2020-12-15,15:00:00.575000,14098,14104,14104,1
2020-12-15,15:00:00.575000,14098,14104,14105,1
2020-12-15,15:00:00.575000,14098,14104,14105,2
2020-12-15,15:00:00.587000,14098,14104,14105,1
2020-12-15,15:00:00.597000,14098,14104,14105,2
2020-12-15,15:00:00.606000,14098,14104,14105,2
2020-12-15,15:00:00.611000,14098,14104,14105,2
2020-12-15,15:00:00.631000,14103,14105,14103,1
2020-12-15,15:00:00.638000,14103,14105,14104,4
2020-12-15,15:00:00.660000,14103,14105,14104,3
2020-12-15,15:00:00.667000,14103,14105,14103,1
2020-12-15,15:00:00.711000,14103,14105,14103,1
2020-12-15,15:00:00.717000,14103,14105,14103,1
2020-12-15,15:00:00.720000,14103,14105,14105,1
2020-12-15,15:00:00.720000,14103,14105,14106,1
2020-12-15,15:00:00.755000,14103,14105,14105,2
2020-12-15,15:00:00.779000,14103,14105,14105,1
2020-12-15,15:00:00.779000,14103,14105,14106,3
2020-12-15,15:00:00.779000,14103,14105,14107,2
2020-12-15,15:00:00.818000,14103,14105,14106,2
2020-12-15,15:00:00.826000,14103,14105,14106,1
2020-12-15,15:00:00.827000,14103,14105,14103,1
2020-12-15,15:00:00.835000,14103,14105,14104,1
2020-12-15,15:00:00.837000,14103,14105,14107,2
2020-12-15,15:00:00.843000,14103,14105,14107,4
2020-12-15,15:00:00.847000,14103,14105,14107,2
2020-12-15,15:00:00.863000,14103,14105,14107,1
2020-12-15,15:00:00.870000,14105,14108,14105,1
2020-12-15,15:00:00.879000,14105,14108,14104,1
2020-12-15,15:00:00.883000,14105,14108,14107,1
2020-12-15,15:00:00.909000,14105,14108,14107,6
2020-12-15,15:00:00.911000,14105,14108,14107,2
2020-12-15,15:00:00.929000,14105,14108,14107,1
2020-12-15,15:00:00.939000,14105,14108,14107,1
2020-12-15,15:00:00.939000,14105,14108,14108,1
2020-12-15,15:00:00.939000,14105,14108,14108,1
2020-12-15,15:00:00.945000,14105,14108,14108,2
2020-12-15,15:00:00.951000,14105,14108,14106,1
2020-12-15,15:00:00.973000,14105,14108,14105,1
2020-12-15,15:00:00.982000,14105,14108,14108,1
2020-12-15,15:00:00.996000,14106,14108,14108,2
2020-12-15,15:00:01.030000,14106,14108,14107,1
2020-12-15,15:00:01.032000,14106,14108,14107,1
2020-12-15,15:00:01.032000,14106,14108,14108,1
2020-12-15,15:00:01.033000,14106,14108,14107,1
2020-12-15,15:00:01.055000,14106,14108,14106,1
2020-12-15,15:00:01.057000,14106,14108,14108,2
2020-12-15,15:00:01.057000,14106,14108,14106,1
2020-12-15,15:00:01.068000,14106,14108,14106,1
2020-12-15,15:00:01.071000,14106,14108,14108,2
2020-12-15,15:00:01.082000,14106,14108,14108,2
2020-12-15,15:00:01.090000,14106,14108,14109,3
2020-12-15,15:00:01.094000,14106,14108,14106,1
2020-12-15,15:00:01.096000,14106,14108,14109,1
2020-12-15,15:00:01.100000,14106,14108,14109,2
2020-12-15,15:00:01.106000,14106,14108,14109,5
2020-12-15,15:00:01.106000,14106,14108,14110,9
2020-12-15,15:00:01.119000,14106,14110,14110,1
2020-12-15,15:00:01.119000,14106,14110,14110,1
2020-12-15,15:00:01.127000,14106,14110,14110,2
2020-12-15,15:00:01.134000,14106,14110,14106,1
2020-12-15,15:00:01.141000,14106,14110,14106,1
2020-12-15,15:00:01.155000,14106,14110,14110,1
2020-12-15,15:00:01.156000,14106,14110,14110,1
2020-12-15,15:00:01.160000,14106,14110,14111,1
2020-12-15,15:00:01.166000,14106,14110,14111,1
2020-12-15,15:00:01.169000,14106,14110,14108,1
2020-12-15,15:00:01.171000,14106,14110,14111,1
2020-12-15,15:00:01.172000,14106,14110,14111,1
2020-12-15,15:00:01.177000,14106,14110,14111,1
2020-12-15,15:00:01.192000,14106,14110,14111,1
2020-12-15,15:00:01.215000,14106,14110,14111,1
2020-12-15,15:00:01.228000,14106,14110,14111,1
2020-12-15,15:00:01.233000,14106,14110,14112,1
2020-12-15,15:00:01.235000,14106,14110,14113,1
2020-12-15,15:00:01.239000,14106,14110,14113,1
2020-12-15,15:00:01.240000,14106,14110,14113,1
2020-12-15,15:00:01.241000,14106,14110,14112,1
2020-12-15,15:00:01.257000,14109,14113,14113,1
2020-12-15,15:00:01.259000,14109,14113,14109,1
2020-12-15,15:00:01.262000,14109,14113,14108,1
2020-12-15,15:00:01.266000,14109,14113,14112,1
2020-12-15,15:00:01.273000,14109,14113,14109,1
2020-12-15,15:00:01.276000,14109,14113,14112,1
2020-12-15,15:00:01.279000,14109,14113,14108,2
2020-12-15,15:00:01.287000,14109,14113,14112,3
2020-12-15,15:00:01.287000,14109,14113,14113,4
2020-12-15,15:00:01.291000,14109,14113,14113,1
2020-12-15,15:00:01.306000,14109,14113,14113,1
2020-12-15,15:00:01.339000,14109,14113,14111,1
2020-12-15,15:00:01.339000,14109,14113,14110,4
2020-12-15,15:00:01.347000,14109,14113,14113,1
2020-12-15,15:00:01.360000,14109,14113,14113,1
2020-12-15,15:00:01.362000,14109,14113,14113,1
2020-12-15,15:00:01.367000,14108,14113,14113,2
2020-12-15,15:00:01.390000,14108,14113,14114,3
2020-12-15,15:00:01.395000,14108,14113,14114,1
2020-12-15,15:00:01.415000,14108,14113,14113,1
2020-12-15,15:00:01.415000,14108,14113,14114,3
2020-12-15,15:00:01.418000,14108,14113,14111,1
2020-12-15,15:00:01.418000,14108,14113,14110,2
2020-12-15,15:00:01.424000,14108,14113,14114,1
2020-12-15,15:00:01.433000,14108,14113,14115,2
2020-12-15,15:00:01.440000,14108,14113,14115,1
2020-12-15,15:00:01.441000,14108,14113,14111,1
2020-12-15,15:00:01.461000,14108,14113,14110,1
2020-12-15,15:00:01.478000,14108,14113,14114,1
2020-12-15,15:00:01.491000,14108,14113,14115,1
2020-12-15,15:00:01.508000,14111,14115,14115,1
2020-12-15,15:00:01.530000,14111,14115,14114,1
2020-12-15,15:00:01.530000,14111,14115,14115,1
2020-12-15,15:00:01.530000,14111,14115,14115,1
2020-12-15,15:00:01.532000,14111,14115,14115,1
2020-12-15,15:00:01.533000,14111,14115,14116,2
2020-12-15,15:00:01.561000,14111,14115,14111,1
2020-12-15,15:00:01.569000,14111,14115,14115,1
2020-12-15,15:00:01.590000,14111,14115,14116,1
2020-12-15,15:00:01.597000,14111,14115,14116,2
2020-12-15,15:00:01.634000,14113,14116,14116,1
2020-12-15,15:00:01.634000,14113,14116,14117,1
2020-12-15,15:00:01.645000,14113,14116,14117,1
2020-12-15,15:00:01.659000,14113,14116,14115,1
2020-12-15,15:00:01.659000,14113,14116,14115,1
2020-12-15,15:00:01.678000,14113,14116,14116,1
2020-12-15,15:00:01.712000,14113,14116,14117,1
2020-12-15,15:00:01.721000,14113,14116,14117,3
2020-12-15,15:00:01.742000,14115,14117,14117,1
2020-12-15,15:00:01.746000,14115,14117,14117,15
2020-12-15,15:00:01.746000,14115,14117,14117,5
2020-12-15,15:00:01.756000,14115,14117,14118,6
2020-12-15,15:00:01.759000,14115,14117,14118,2
2020-12-15,15:00:01.759000,14115,14117,14119,1
2020-12-15,15:00:01.763000,14115,14117,14118,2
2020-12-15,15:00:01.785000,14115,14117,14117,3
2020-12-15,15:00:01.829000,14115,14117,14116,1
2020-12-15,15:00:01.853000,14115,14117,14119,5
2020-12-15,15:00:01.853000,14115,14117,14120,9
2020-12-15,15:00:01.868000,14117,14120,14117,1
2020-12-15,15:00:01.896000,14117,14120,14119,1
2020-12-15,15:00:01.914000,14117,14120,14116,4
2020-12-15,15:00:01.914000,14117,14120,14115,1
2020-12-15,15:00:01.927000,14117,14120,14118,1
2020-12-15,15:00:01.962000,14117,14120,14114,1
2020-12-15,15:00:01.992000,14114,14119,14119,2
2020-12-15,15:00:02.045000,14114,14119,14120,4
2020-12-15,15:00:02.045000,14114,14119,14121,10
2020-12-15,15:00:02.046000,14114,14119,14122,1
2020-12-15,15:00:02.084000,14114,14119,14122,2
2020-12-15,15:00:02.105000,14114,14119,14122,1
2020-12-15,15:00:02.105000,14114,14119,14123,1
2020-12-15,15:00:02.105000,14114,14119,14124,2
2020-12-15,15:00:02.137000,14119,14124,14124,2
2020-12-15,15:00:02.148000,14119,14124,14124,1
2020-12-15,15:00:02.169000,14119,14124,14124,1
2020-12-15,15:00:02.171000,14119,14124,14121,2
2020-12-15,15:00:02.171000,14119,14124,14120,1
2020-12-15,15:00:02.173000,14119,14124,14123,1
2020-12-15,15:00:02.173000,14119,14124,14124,1
2020-12-15,15:00:02.201000,14119,14124,14124,1
2020-12-15,15:00:02.205000,14119,14124,14124,1
2020-12-15,15:00:02.259000,14121,14124,14124,1
2020-12-15,15:00:02.275000,14121,14124,14124,1
2020-12-15,15:00:02.278000,14121,14124,14124,1
2020-12-15,15:00:02.282000,14121,14124,14124,4
2020-12-15,15:00:02.286000,14121,14124,14123,1
2020-12-15,15:00:02.287000,14121,14124,14123,1
2020-12-15,15:00:02.301000,14121,14124,14125,1
2020-12-15,15:00:02.317000,14121,14124,14125,1
2020-12-15,15:00:02.330000,14121,14124,14125,1
2020-12-15,15:00:02.387000,14122,14125,14125,7
2020-12-15,15:00:02.418000,14122,14125,14125,1
2020-12-15,15:00:02.428000,14122,14125,14125,6
2020-12-15,15:00:02.429000,14122,14125,14125,8
2020-12-15,15:00:02.429000,14122,14125,14126,4
2020-12-15,15:00:02.430000,14122,14125,14125,1
2020-12-15,15:00:02.430000,14122,14125,14124,3
2020-12-15,15:00:02.431000,14122,14125,14124,2
2020-12-15,15:00:02.450000,14122,14125,14124,1
2020-12-15,15:00:02.468000,14122,14125,14128,1
2020-12-15,15:00:02.518000,14124,14128,14124,4
2020-12-15,15:00:02.518000,14124,14128,14123,1
2020-12-15,15:00:02.518000,14124,14128,14122,2
2020-12-15,15:00:02.525000,14124,14128,14122,3
2020-12-15,15:00:02.525000,14124,14128,14121,1
2020-12-15,15:00:02.525000,14124,14128,14120,1
2020-12-15,15:00:02.529000,14124,14128,14120,3
2020-12-15,15:00:02.535000,14124,14128,14120,2
2020-12-15,15:00:02.535000,14124,14128,14119,1
2020-12-15,15:00:02.535000,14124,14128,14118,1
2020-12-15,15:00:02.631000,14118,14127,14127,6
2020-12-15,15:00:02.634000,14118,14127,14118,3
2020-12-15,15:00:02.634000,14118,14127,14118,2
2020-12-15,15:00:02.655000,14118,14127,14127,1
2020-12-15,15:00:02.740000,14118,14127,14127,2
2020-12-15,15:00:02.753000,14114,14128,14127,3
2020-12-15,15:00:02.769000,14114,14128,14127,1
2020-12-15,15:00:02.769000,14114,14128,14128,1
2020-12-15,15:00:02.793000,14114,14128,14128,1
2020-12-15,15:00:02.833000,14114,14128,14128,1
2020-12-15,15:00:02.895000,14116,14128,14116,2
2020-12-15,15:00:02.895000,14116,14128,14115,2
2020-12-15,15:00:02.964000,14116,14128,14120,1
2020-12-15,15:00:02.985000,14116,14128,14120,1
2020-12-15,15:00:03.034000,14116,14121,14121,1
2020-12-15,15:00:03.070000,14116,14121,14121,1
2020-12-15,15:00:03.133000,14116,14124,14123,1
2020-12-15,15:00:03.173000,14116,14124,14122,1
2020-12-15,15:00:03.199000,14116,14124,14123,1
2020-12-15,15:00:03.253000,14117,14120,14120,1
2020-12-15,15:00:03.253000,14117,14120,14121,1
2020-12-15,15:00:03.272000,14117,14120,14123,1
2020-12-15,15:00:03.278000,14117,14120,14123,1
2020-12-15,15:00:03.348000,14117,14120,14123,1
2020-12-15,15:00:03.366000,14117,14120,14123,1
2020-12-15,15:00:03.479000,14117,14123,14123,2
2020-12-15,15:00:03.557000,14117,14123,14123,1
2020-12-15,15:00:03.557000,14117,14123,14124,2
2020-12-15,15:00:03.582000,14117,14123,14124,1
2020-12-15,15:00:03.643000,14119,14124,14124,2
2020-12-15,15:00:03.692000,14119,14124,14119,1
2020-12-15,15:00:03.724000,14119,14124,14119,1
2020-12-15,15:00:03.776000,14116,14121,14120,1
2020-12-15,15:00:03.776000,14116,14121,14121,2
2020-12-15,15:00:03.782000,14116,14121,14122,1
2020-12-15,15:00:03.792000,14116,14121,14118,1
2020-12-15,15:00:03.792000,14116,14121,14118,1
2020-12-15,15:00:03.794000,14116,14121,14118,1
2020-12-15,15:00:03.801000,14116,14121,14118,2
2020-12-15,15:00:03.808000,14116,14121,14117,1
2020-12-15,15:00:03.818000,14116,14121,14122,1
2020-12-15,15:00:03.875000,14118,14122,14122,1
2020-12-15,15:00:03.915000,14118,14122,14122,1
2020-12-15,15:00:03.922000,14118,14122,14118,1
2020-12-15,15:00:03.922000,14118,14122,14117,2
2020-12-15,15:00:03.925000,14118,14122,14122,1
2020-12-15,15:00:03.947000,14118,14122,14123,1
2020-12-15,15:00:03.952000,14118,14122,14123,3
2020-12-15,15:00:03.952000,14118,14122,14124,1
2020-12-15,15:00:03.956000,14118,14122,14124,1
2020-12-15,15:00:03.982000,14118,14122,14125,1
2020-12-15,15:00:04.033000,14119,14124,14119,1
2020-12-15,15:00:04.070000,14119,14124,14118,2
2020-12-15,15:00:04.096000,14119,14124,14123,1
2020-12-15,15:00:04.169000,14118,14124,14118,1
2020-12-15,15:00:04.186000,14118,14124,14116,1
2020-12-15,15:00:04.248000,14115,14120,14117,1
2020-12-15,15:00:04.312000,14115,14120,14119,1
2020-12-15,15:00:04.363000,14115,14120,14119,1
2020-12-15,15:00:04.383000,14115,14119,14115,1
2020-12-15,15:00:04.474000,14115,14119,14116,1
2020-12-15,15:00:04.475000,14115,14119,14116,2
2020-12-15,15:00:04.527000,14115,14119,14119,1
2020-12-15,15:00:04.527000,14115,14119,14120,2
2020-12-15,15:00:04.527000,14115,14119,14121,2
2020-12-15,15:00:04.883000,14115,14117,14117,1
2020-12-15,15:00:05.106000,14115,14118,14115,1
2020-12-15,15:00:05.118000,14115,14118,14118,1
2020-12-15,15:00:05.120000,14115,14118,14118,1
2020-12-15,15:00:05.127000,14115,14118,14118,2
2020-12-15,15:00:05.202000,14115,14118,14118,3
2020-12-15,15:00:05.241000,14115,14118,14118,3
2020-12-15,15:00:05.291000,14115,14118,14118,1
2020-12-15,15:00:05.356000,14115,14118,14118,1
2020-12-15,15:00:05.431000,14116,14118,14116,1
2020-12-15,15:00:05.550000,14116,14118,14118,1
2020-12-15,15:00:05.569000,14116,14118,14118,1
2020-12-15,15:00:05.580000,14116,14118,14118,1
2020-12-15,15:00:05.643000,14116,14118,14118,1
2020-12-15,15:00:05.679000,14116,14118,14118,1
2020-12-15,15:00:05.722000,14116,14118,14117,1
2020-12-15,15:00:05.752000,14116,14118,14118,1
2020-12-15,15:00:05.906000,14116,14118,14118,1
2020-12-15,15:00:05.922000,14116,14118,14118,1
2020-12-15,15:00:05.923000,14116,14118,14118,5
2020-12-15,15:00:06.049000,14118,14120,14118,1
2020-12-15,15:00:06.056000,14118,14120,14120,1
2020-12-15,15:00:06.070000,14118,14120,14121,1
2020-12-15,15:00:06.072000,14118,14120,14121,1
2020-12-15,15:00:06.177000,14118,14121,14121,1
2020-12-15,15:00:06.187000,14118,14121,14121,1
2020-12-15,15:00:06.309000,14118,14121,14121,1
2020-12-15,15:00:06.366000,14118,14121,14119,2
2020-12-15,15:00:06.403000,14118,14121,14121,1
2020-12-15,15:00:06.442000,14118,14121,14118,1
2020-12-15,15:00:06.456000,14118,14121,14121,1
2020-12-15,15:00:06.498000,14118,14121,14118,1
2020-12-15,15:00:06.594000,14118,14121,14121,1
2020-12-15,15:00:06.650000,14117,14122,14122,1
2020-12-15,15:00:06.701000,14117,14122,14122,1
2020-12-15,15:00:06.772000,14117,14122,14122,1
2020-12-15,15:00:06.779000,14117,14122,14123,1
2020-12-15,15:00:06.836000,14117,14122,14123,1
2020-12-15,15:00:06.903000,14119,14124,14123,1
2020-12-15,15:00:06.905000,14119,14124,14123,1
2020-12-15,15:00:06.999000,14119,14124,14123,1
2020-12-15,15:00:07.129000,14120,14124,14121,1
2020-12-15,15:00:07.174000,14120,14124,14120,1
2020-12-15,15:00:07.244000,14120,14124,14123,2
2020-12-15,15:00:07.244000,14120,14124,14124,1
2020-12-15,15:00:07.244000,14120,14124,14124,1
2020-12-15,15:00:07.244000,14120,14124,14124,3
2020-12-15,15:00:07.244000,14120,14124,14124,1
2020-12-15,15:00:07.244000,14120,14124,14124,1
2020-12-15,15:00:07.245000,14120,14124,14124,1
2020-12-15,15:00:07.245000,14120,14124,14125,1
2020-12-15,15:00:07.245000,14120,14124,14125,1
2020-12-15,15:00:07.245000,14120,14124,14125,1
2020-12-15,15:00:07.246000,14120,14124,14125,1
2020-12-15,15:00:07.246000,14120,14124,14125,1
2020-12-15,15:00:07.246000,14120,14124,14125,1
2020-12-15,15:00:07.247000,14120,14124,14125,1
2020-12-15,15:00:07.284000,14120,14124,14121,4
2020-12-15,15:00:07.284000,14120,14124,14120,2
2020-12-15,15:00:07.284000,14120,14124,14119,4
2020-12-15,15:00:07.284000,14120,14124,14119,10
2020-12-15,15:00:07.463000,14118,14124,14124,1
2020-12-15,15:00:07.617000,14120,14124,14124,1
2020-12-15,15:00:07.707000,14120,14124,14124,4
2020-12-15,15:00:07.707000,14120,14124,14125,10
2020-12-15,15:00:07.933000,14123,14125,14123,4
2020-12-15,15:00:07.933000,14123,14125,14122,1
2020-12-15,15:00:07.937000,14123,14125,14120,1
2020-12-15,15:00:07.937000,14123,14125,14119,2
2020-12-15,15:00:07.983000,14123,14125,14123,1
2020-12-15,15:00:08.176000,14122,14125,14122,3
2020-12-15,15:00:08.176000,14122,14125,14121,5
2020-12-15,15:00:08.365000,14119,14121,14120,1
2020-12-15,15:00:08.934000,14117,14120,14120,1
2020-12-15,15:00:08.935000,14117,14120,14120,1
2020-12-15,15:00:08.950000,14117,14120,14120,1
2020-12-15,15:00:08.958000,14117,14120,14120,1
2020-12-15,15:00:08.978000,14117,14120,14120,1
2020-12-15,15:00:09.107000,14118,14120,14120,1
2020-12-15,15:00:09.124000,14117,14120,14120,1
2020-12-15,15:00:09.178000,14117,14120,14120,1
2020-12-15,15:00:09.367000,14119,14120,14119,2
2020-12-15,15:00:09.523000,14118,14120,14120,1
2020-12-15,15:00:09.992000,14118,14119,14118,1
2020-12-15,15:00:10.354000,14118,14119,14118,1
2020-12-15,15:00:10.355000,14118,14119,14117,3
2020-12-15,15:00:10.428000,14116,14118,14116,2
2020-12-15,15:00:10.560000,14116,14118,14116,2
2020-12-15,15:00:10.624000,14115,14118,14115,1
2020-12-15,15:00:10.697000,14115,14118,14116,1
2020-12-15,15:00:10.854000,14114,14116,14117,1
2020-12-15,15:00:10.921000,14116,14118,14116,2
2020-12-15,15:00:11.564000,14114,14116,14115,1
2020-12-15,15:00:11.565000,14114,14116,14114,2
2020-12-15,15:00:11.638000,14113,14114,14113,1
2020-12-15,15:00:11.863000,14113,14114,14114,2
2020-12-15,15:00:12.407000,14113,14116,14113,1
2020-12-15,15:00:12.587000,14113,14116,14116,1
2020-12-15,15:00:12.708000,14113,14116,14113,1
2020-12-15,15:00:12.742000,14113,14114,14113,2
2020-12-15,15:00:13.258000,14112,14114,14112,1
2020-12-15,15:00:13.367000,14112,14113,14112,5
2020-12-15,15:00:13.492000,14111,14113,14111,4
2020-12-15,15:00:14.285000,14111,14113,14111,2
2020-12-15,15:00:14.935000,14111,14112,14112,2
2020-12-15,15:00:14.966000,14111,14112,14113,1
2020-12-15,15:00:14.967000,14111,14112,14113,3
2020-12-15,15:00:15.078000,14111,14113,14113,1
2020-12-15,15:00:15.282000,14111,14113,14111,2
2020-12-15,15:00:15.814000,14111,14112,14111,2
2020-12-15,15:00:15.867000,14111,14112,14111,2
2020-12-15,15:00:15.992000,14110,14111,14110,1
2020-12-15,15:00:16.075000,14110,14111,14111,1
2020-12-15,15:00:16.154000,14110,14112,14112,1
2020-12-15,15:00:16.156000,14110,14112,14112,2
2020-12-15,15:00:16.162000,14110,14112,14113,1
2020-12-15,15:00:16.560000,14111,14114,14111,1
2020-12-15,15:00:16.562000,14111,14114,14111,2
2020-12-15,15:00:17.350000,14111,14112,14111,1
2020-12-15,15:00:17.368000,14111,14112,14112,2
2020-12-15,15:00:17.368000,14111,14112,14113,1
2020-12-15,15:00:17.369000,14111,14112,14113,1
2020-12-15,15:00:17.369000,14111,14112,14113,1
2020-12-15,15:00:17.369000,14111,14112,14113,1
2020-12-15,15:00:17.369000,14111,14112,14113,4
2020-12-15,15:00:17.370000,14111,14112,14114,1
2020-12-15,15:00:17.370000,14111,14112,14114,1
2020-12-15,15:00:17.536000,14112,14114,14112,1
2020-12-15,15:00:17.844000,14112,14113,14112,1
2020-12-15,15:00:17.867000,14112,14113,14112,1
2020-12-15,15:00:17.913000,14112,14113,14112,2
2020-12-15,15:00:18.010000,14112,14113,14113,1
2020-12-15,15:00:18.197000,14112,14113,14113,1
2020-12-15,15:00:18.773000,14112,14113,14112,1
2020-12-15,15:00:18.915000,14112,14113,14112,1
2020-12-15,15:00:18.916000,14112,14113,14112,1
2020-12-15,15:00:19.367000,14111,14112,14111,1
2020-12-15,15:00:19.472000,14111,14112,14110,1
2020-12-15,15:00:19.843000,14110,14112,14111,1
2020-12-15,15:00:20.119000,14110,14112,14112,1
2020-12-15,15:00:20.991000,14111,14113,14111,3
2020-12-15,15:00:21.099000,14111,14112,14111,2
2020-12-15,15:00:21.117000,14110,14111,14110,5
2020-12-15,15:00:21.332000,14109,14111,14109,1
2020-12-15,15:00:21.336000,14109,14111,14111,1
2020-12-15,15:00:21.524000,14110,14111,14110,1
2020-12-15,15:00:21.641000,14109,14111,14109,1
2020-12-15,15:00:21.742000,14109,14111,14109,2
2020-12-15,15:00:21.867000,14108,14109,14108,9
2020-12-15,15:00:22.122000,14107,14109,14109,1
2020-12-15,15:00:22.427000,14107,14109,14109,1
2020-12-15,15:00:22.585000,14107,14109,14109,2
2020-12-15,15:00:22.609000,14107,14109,14108,2
2020-12-15,15:00:22.753000,14108,14110,14108,1
2020-12-15,15:00:22.795000,14108,14110,14108,1
2020-12-15,15:00:22.823000,14108,14110,14108,1
2020-12-15,15:00:23.147000,14108,14109,14108,1
2020-12-15,15:00:23.209000,14108,14109,14109,1
2020-12-15,15:00:23.374000,14108,14109,14108,2
2020-12-15,15:00:23.375000,14108,14109,14108,1
2020-12-15,15:00:23.530000,14107,14109,14109,1
2020-12-15,15:00:25.275000,14107,14109,14109,1
2020-12-15,15:00:25.351000,14107,14109,14109,8
2020-12-15,15:00:25.351000,14107,14109,14110,2
2020-12-15,15:00:25.463000,14109,14111,14109,5
2020-12-15,15:00:25.542000,14108,14110,14108,2
2020-12-15,15:00:25.542000,14108,14110,14107,3
2020-12-15,15:00:25.622000,14107,14109,14108,1
2020-12-15,15:00:26.615000,14107,14108,14107,1
2020-12-15,15:00:26.619000,14106,14107,14106,1
2020-12-15,15:00:26.844000,14105,14107,14107,6
2020-12-15,15:00:26.922000,14105,14107,14107,1
2020-12-15,15:00:27.253000,14105,14107,14107,1
2020-12-15,15:00:27.368000,14105,14107,14107,2
2020-12-15,15:00:27.369000,14105,14107,14107,1
2020-12-15,15:00:27.369000,14105,14107,14108,1
2020-12-15,15:00:27.370000,14105,14107,14108,1
2020-12-15,15:00:27.370000,14105,14107,14108,1
2020-12-15,15:00:27.370000,14105,14107,14108,1
2020-12-15,15:00:27.370000,14105,14107,14108,1
2020-12-15,15:00:27.370000,14105,14107,14108,1
2020-12-15,15:00:27.394000,14105,14107,14108,1
2020-12-15,15:00:27.449000,14105,14107,14108,1
2020-12-15,15:00:27.455000,14105,14107,14108,1
2020-12-15,15:00:27.703000,14107,14109,14109,1
2020-12-15,15:00:28.049000,14107,14109,14109,3
2020-12-15,15:00:29.011000,14108,14109,14108,1
2020-12-15,15:00:29.191000,14108,14109,14109,1
2020-12-15,15:00:29.203000,14108,14109,14109,1
2020-12-15,15:00:30.532000,14108,14109,14108,1
2020-12-15,15:00:30.558000,14108,14109,14108,1
2020-12-15,15:00:30.608000,14108,14109,14108,1
2020-12-15,15:00:30.953000,14108,14109,14109,1
2020-12-15,15:00:31.485000,14108,14109,14108,2
2020-12-15,15:00:31.488000,14108,14109,14108,1
2020-12-15,15:00:31.722000,14107,14109,14108,1
2020-12-15,15:00:31.748000,14108,14109,14109,2
2020-12-15,15:00:31.752000,14108,14109,14109,1
2020-12-15,15:00:31.885000,14108,14110,14110,1
2020-12-15,15:00:32.930000,14108,14109,14108,1
2020-12-15,15:00:33.176000,14108,14109,14109,1
2020-12-15,15:00:33.176000,14108,14109,14110,4
2020-12-15,15:00:33.348000,14109,14111,14109,2
2020-12-15,15:00:33.376000,14108,14110,14110,1
2020-12-15,15:00:33.619000,14109,14110,14109,1
2020-12-15,15:00:34.115000,14108,14110,14110,1
2020-12-15,15:00:34.704000,14109,14111,14110,1
2020-12-15,15:00:34.886000,14109,14111,14109,2
2020-12-15,15:00:35.162000,14109,14111,14111,1
2020-12-15,15:00:37.215000,14110,14111,14110,1
2020-12-15,15:00:37.505000,14109,14111,14111,3
2020-12-15,15:00:38.254000,14110,14111,14111,11
2020-12-15,15:00:38.255000,14110,14111,14112,3
2020-12-15,15:00:38.255000,14110,14111,14112,1
2020-12-15,15:00:38.336000,14110,14111,14112,1
2020-12-15,15:00:38.368000,14111,14113,14113,1
2020-12-15,15:00:38.369000,14111,14113,14113,2
2020-12-15,15:00:38.411000,14111,14113,14112,1
2020-12-15,15:00:38.900000,14111,14113,14111,1
2020-12-15,15:00:39.200000,14111,14112,14112,1
2020-12-15,15:00:39.664000,14111,14113,14113,1
2020-12-15,15:00:39.922000,14111,14112,14113,1
2020-12-15,15:00:40.630000,14111,14113,14111,1
2020-12-15,15:00:40.762000,14111,14112,14112,1
2020-12-15,15:00:41.944000,14111,14113,14111,2
2020-12-15,15:00:42.070000,14111,14112,14111,1
2020-12-15,15:00:43.916000,14111,14112,14111,1
2020-12-15,15:00:44.761000,14110,14111,14111,1
2020-12-15,15:00:45.108000,14111,14112,14112,1
2020-12-15,15:00:45.360000,14111,14112,14112,1
2020-12-15,15:00:45.966000,14111,14112,14111,1
2020-12-15,15:00:46.370000,14111,14112,14111,1
2020-12-15,15:00:46.838000,14110,14112,14112,3
2020-12-15,15:00:46.863000,14110,14112,14112,2
2020-12-15,15:00:46.863000,14110,14112,14113,4
2020-12-15,15:00:46.947000,14112,14113,14112,1
2020-12-15,15:00:47.417000,14111,14113,14113,3
2020-12-15,15:00:47.493000,14112,14114,14114,1
2020-12-15,15:00:47.494000,14112,14114,14114,1
2020-12-15,15:00:47.494000,14112,14114,14114,1
2020-12-15,15:00:47.494000,14112,14114,14114,1
2020-12-15,15:00:47.495000,14112,14114,14114,1
2020-12-15,15:00:47.495000,14112,14114,14114,1
2020-12-15,15:00:47.495000,14112,14114,14114,1
2020-12-15,15:00:47.497000,14112,14114,14115,1
2020-12-15,15:00:47.497000,14112,14114,14115,1
2020-12-15,15:00:47.499000,14112,14114,14115,1
2020-12-15,15:00:47.754000,14113,14115,14113,1
2020-12-15,15:00:49.570000,14113,14115,14114,1
2020-12-15,15:00:50.865000,14114,14115,14114,1
2020-12-15,15:00:51.331000,14114,14115,14115,1
2020-12-15,15:00:51.582000,14114,14115,14115,1
2020-12-15,15:00:52.218000,14114,14115,14114,1
2020-12-15,15:00:52.218000,14114,14115,14113,2
2020-12-15,15:00:52.219000,14114,14115,14114,2
2020-12-15,15:00:53.789000,14114,14115,14114,1
2020-12-15,15:00:55.050000,14113,14114,14114,1
2020-12-15,15:00:55.632000,14114,14115,14115,3
2020-12-15,15:00:55.633000,14114,14115,14115,1
2020-12-15,15:00:55.775000,14114,14116,14116,1
2020-12-15,15:00:55.794000,14114,14116,14116,1
2020-12-15,15:00:55.836000,14114,14116,14116,3
2020-12-15,15:00:56.039000,14114,14116,14115,1
2020-12-15,15:00:57.069000,14114,14116,14115,2
2020-12-15,15:00:57.119000,14114,14116,14116,1
2020-12-15,15:00:57.968000,14114,14116,14116,10
2020-12-15,15:00:58.270000,14116,14117,14117,6
2020-12-15,15:00:58.292000,14116,14117,14118,1
2020-12-15,15:00:58.298000,14116,14117,14118,1
2020-12-15,15:00:58.320000,14116,14117,14117,1
2020-12-15,15:00:58.322000,14116,14117,14118,2
2020-12-15,15:00:58.420000,14116,14118,14117,1
2020-12-15,15:00:58.804000,14116,14118,14118,1
2020-12-15,15:00:59.197000,14116,14118,14116,3
2020-12-15,15:00:59.266000,14115,14117,14115,2
2020-12-15,15:00:59.513000,14115,14117,14117,1
2020-12-15,15:00:59.662000,14115,14117,14115,5
2020-12-15,15:00:59.810000,14114,14116,14116,3
2020-12-15,15:00:59.818000,14114,14116,14116,1
2020-12-15,15:00:59.818000,14114,14116,14116,1
2020-12-15,15:01:00.017000,14115,14116,14116,1
2020-12-15,15:01:00.025000,14115,14116,14118,4
2020-12-15,15:01:00.030000,14115,14116,14118,1
2020-12-15,15:01:00.030000,14115,14116,14118,1
2020-12-15,15:01:00.030000,14115,14116,14118,1
2020-12-15,15:01:00.034000,14115,14116,14118,1
2020-12-15,15:01:00.034000,14115,14116,14119,4
2020-12-15,15:01:00.036000,14115,14116,14120,1
2020-12-15,15:01:00.042000,14115,14116,14120,2
2020-12-15,15:01:00.057000,14115,14116,14120,1
2020-12-15,15:01:00.063000,14115,14116,14118,1
2020-12-15,15:01:00.084000,14115,14116,14118,3
2020-12-15,15:01:00.103000,14115,14116,14119,1
2020-12-15,15:01:00.123000,14117,14119,14119,2
2020-12-15,15:01:00.146000,14117,14119,14119,1
2020-12-15,15:01:00.147000,14117,14119,14120,2
2020-12-15,15:01:00.158000,14117,14119,14120,7
2020-12-15,15:01:00.182000,14117,14119,14120,1
2020-12-15,15:01:00.199000,14117,14119,14120,2
2020-12-15,15:01:00.243000,14118,14120,14120,1
2020-12-15,15:01:00.609000,14118,14120,14120,2
2020-12-15,15:01:00.609000,14118,14120,14120,1
2020-12-15,15:01:00.609000,14118,14120,14120,5
2020-12-15,15:01:00.609000,14118,14120,14120,1
2020-12-15,15:01:00.609000,14118,14120,14120,1
2020-12-15,15:01:00.610000,14118,14120,14120,1
2020-12-15,15:01:00.610000,14118,14120,14121,2
2020-12-15,15:01:00.613000,14118,14120,14120,4
2020-12-15,15:01:00.646000,14119,14121,14120,2
2020-12-15,15:01:00.647000,14119,14121,14120,2
2020-12-15,15:01:00.651000,14119,14121,14120,2
2020-12-15,15:01:00.652000,14119,14121,14120,1
2020-12-15,15:01:00.891000,14118,14120,14118,2
2020-12-15,15:01:00.964000,14118,14120,14119,6
2020-12-15,15:01:01.009000,14118,14120,14120,5
2020-12-15,15:01:01.119000,14118,14120,14120,1
2020-12-15,15:01:01.119000,14118,14120,14120,1
2020-12-15,15:01:01.119000,14118,14120,14120,1
2020-12-15,15:01:01.119000,14118,14120,14120,4
2020-12-15,15:01:01.119000,14118,14120,14121,4
2020-12-15,15:01:01.120000,14118,14120,14121,1
2020-12-15,15:01:01.120000,14118,14120,14121,1
2020-12-15,15:01:01.120000,14118,14120,14121,1
2020-12-15,15:01:01.133000,14118,14120,14121,1
2020-12-15,15:01:01.135000,14118,14120,14121,1
2020-12-15,15:01:01.135000,14118,14120,14121,1
2020-12-15,15:01:01.135000,14118,14120,14121,1
2020-12-15,15:01:01.238000,14118,14120,14121,2
2020-12-15,15:01:01.240000,14118,14120,14121,1
2020-12-15,15:01:01.240000,14118,14120,14121,8
2020-12-15,15:01:01.264000,14121,14122,14121,1
2020-12-15,15:01:01.265000,14121,14122,14121,1
2020-12-15,15:01:01.455000,14119,14121,14119,1
2020-12-15,15:01:01.490000,14119,14121,14119,3
2020-12-15,15:01:01.678000,14118,14119,14119,4
2020-12-15,15:01:01.678000,14118,14119,14120,1
2020-12-15,15:01:01.718000,14118,14119,14120,1
2020-12-15,15:01:01.730000,14118,14119,14120,1
2020-12-15,15:01:01.732000,14118,14119,14120,1
2020-12-15,15:01:01.769000,14118,14120,14120,1
2020-12-15,15:01:01.857000,14118,14120,14120,1
2020-12-15,15:01:02.750000,14119,14120,14119,1
2020-12-15,15:01:02.781000,14119,14120,14120,1
2020-12-15,15:01:02.835000,14119,14120,14118,2
2020-12-15,15:01:03.058000,14117,14119,14119,3
2020-12-15,15:01:04.096000,14116,14118,14118,2
2020-12-15,15:01:05.201000,14116,14117,14116,1
2020-12-15,15:01:05.362000,14115,14117,14117,1
2020-12-15,15:01:05.659000,14115,14117,14117,2
2020-12-15,15:01:05.971000,14115,14117,14115,3
2020-12-15,15:01:06.974000,14115,14117,14115,2
2020-12-15,15:01:07.072000,14114,14116,14116,1
2020-12-15,15:01:07.118000,14114,14117,14117,7
2020-12-15,15:01:07.119000,14114,14117,14117,2
2020-12-15,15:01:07.119000,14114,14117,14118,6
2020-12-15,15:01:07.119000,14114,14117,14118,1
2020-12-15,15:01:07.119000,14114,14117,14118,1
2020-12-15,15:01:07.120000,14114,14117,14117,1
2020-12-15,15:01:07.120000,14114,14117,14118,1
2020-12-15,15:01:07.120000,14114,14117,14119,1
2020-12-15,15:01:07.121000,14114,14117,14119,1
2020-12-15,15:01:07.122000,14114,14117,14119,1
2020-12-15,15:01:07.122000,14114,14117,14119,1
2020-12-15,15:01:07.176000,14114,14117,14119,1
2020-12-15,15:01:07.208000,14114,14117,14117,2
2020-12-15,15:01:07.430000,14116,14118,14118,1
2020-12-15,15:01:07.635000,14116,14118,14118,1
2020-12-15,15:01:08.285000,14116,14118,14116,1
2020-12-15,15:01:09.269000,14115,14117,14117,2
2020-12-15,15:01:09.550000,14115,14117,14117,1
2020-12-15,15:01:10.319000,14115,14117,14115,2
2020-12-15,15:01:10.392000,14115,14117,14117,1
2020-12-15,15:01:10.748000,14115,14116,14115,1
2020-12-15,15:01:11.361000,14115,14116,14115,1
2020-12-15,15:01:12.561000,14115,14116,14116,1
2020-12-15,15:01:12.907000,14115,14116,14115,1
2020-12-15,15:01:12.909000,14115,14116,14115,1
2020-12-15,15:01:13.032000,14114,14116,14116,1
2020-12-15,15:01:14.229000,14115,14116,14115,2
2020-12-15,15:01:14.229000,14115,14116,14114,2
2020-12-15,15:01:14.346000,14114,14116,14114,4
2020-12-15,15:01:14.403000,14114,14115,14115,1
2020-12-15,15:01:14.901000,14114,14115,14114,1
2020-12-15,15:01:15.775000,14114,14115,14114,1
2020-12-15,15:01:16.078000,14114,14115,14115,4
2020-12-15,15:01:16.949000,14114,14115,14115,10
2020-12-15,15:01:16.997000,14114,14115,14115,1
2020-12-15,15:01:18.187000,14114,14116,14114,1
2020-12-15,15:01:18.243000,14114,14116,14116,1
2020-12-15,15:01:18.243000,14114,14116,14116,6
2020-12-15,15:01:18.243000,14114,14116,14117,1
2020-12-15,15:01:18.245000,14114,14116,14117,1
2020-12-15,15:01:18.245000,14114,14116,14117,1
2020-12-15,15:01:18.245000,14114,14116,14117,1
2020-12-15,15:01:18.246000,14114,14116,14117,1
2020-12-15,15:01:18.246000,14114,14116,14117,1
2020-12-15,15:01:18.246000,14114,14116,14118,1
2020-12-15,15:01:18.246000,14114,14116,14118,1
2020-12-15,15:01:18.247000,14114,14116,14118,1
2020-12-15,15:01:18.247000,14114,14116,14118,1
2020-12-15,15:01:18.247000,14114,14116,14118,1
2020-12-15,15:01:18.247000,14114,14116,14118,1
2020-12-15,15:01:18.247000,14114,14116,14118,1
2020-12-15,15:01:18.247000,14114,14116,14118,1
2020-12-15,15:01:18.248000,14114,14116,14118,1
2020-12-15,15:01:18.248000,14114,14116,14118,3
2020-12-15,15:01:18.248000,14114,14116,14119,6
2020-12-15,15:01:18.248000,14114,14116,14119,1
2020-12-15,15:01:18.248000,14114,14116,14119,1
2020-12-15,15:01:18.248000,14114,14116,14119,1
2020-12-15,15:01:18.249000,14114,14116,14117,4
2020-12-15,15:01:18.250000,14114,14116,14119,1
2020-12-15,15:01:18.250000,14114,14116,14119,1
2020-12-15,15:01:18.414000,14117,14119,14117,1
2020-12-15,15:01:19.012000,14116,14118,14116,1
2020-12-15,15:01:20.367000,14115,14117,14115,1
2020-12-15,15:01:22.360000,14115,14116,14115,2
2020-12-15,15:01:22.558000,14114,14116,14116,1
2020-12-15,15:01:22.709000,14114,14116,14115,1
2020-12-15,15:01:24.643000,14114,14115,14114,12
2020-12-15,15:01:25.106000,14113,14114,14113,1
2020-12-15,15:01:26.042000,14113,14114,14113,2
2020-12-15,15:01:28.213000,14113,14114,14113,4
2020-12-15,15:01:28.214000,14113,14114,14113,4
2020-12-15,15:01:28.243000,14112,14113,14113,2
2020-12-15,15:01:28.243000,14112,14113,14114,4
2020-12-15,15:01:28.245000,14112,14113,14114,1
2020-12-15,15:01:28.245000,14112,14113,14114,1
2020-12-15,15:01:28.245000,14112,14113,14115,1
2020-12-15,15:01:28.245000,14112,14113,14115,1
2020-12-15,15:01:28.247000,14112,14113,14115,1
2020-12-15,15:01:28.247000,14112,14113,14115,1
2020-12-15,15:01:28.247000,14112,14113,14115,7
2020-12-15,15:01:28.247000,14112,14113,14116,1
2020-12-15,15:01:28.329000,14112,14113,14114,1
2020-12-15,15:01:28.744000,14113,14115,14113,2
2020-12-15,15:01:29.536000,14113,14115,14115,1
2020-12-15,15:01:29.823000,14113,14115,14114,4
2020-12-15,15:01:30.496000,14113,14114,14113,1
2020-12-15,15:01:30.546000,14113,14114,14113,1
2020-12-15,15:01:30.739000,14113,14114,14114,1
2020-12-15,15:01:30.739000,14113,14114,14115,3
2020-12-15,15:01:31.070000,14113,14115,14115,1
2020-12-15,15:01:31.616000,14113,14115,14113,6
2020-12-15,15:01:31.617000,14112,14115,14112,9
2020-12-15,15:01:32.426000,14111,14112,14112,1
2020-12-15,15:01:35.063000,14111,14112,14111,2
2020-12-15,15:01:35.330000,14111,14112,14111,2
2020-12-15,15:01:36.148000,14111,14112,14111,3
2020-12-15,15:01:36.286000,14111,14112,14111,1
2020-12-15,15:01:36.873000,14111,14112,14112,1
2020-12-15,15:01:37.167000,14111,14112,14111,1
2020-12-15,15:01:37.243000,14111,14112,14112,1
2020-12-15,15:01:37.243000,14111,14112,14113,2
2020-12-15,15:01:37.243000,14111,14112,14113,1
2020-12-15,15:01:37.245000,14111,14112,14113,1
2020-12-15,15:01:37.245000,14111,14112,14113,1
2020-12-15,15:01:37.245000,14111,14112,14113,1
2020-12-15,15:01:37.245000,14111,14112,14113,1
2020-12-15,15:01:37.246000,14111,14112,14113,1
2020-12-15,15:01:37.246000,14111,14112,14113,1
2020-12-15,15:01:37.246000,14111,14112,14114,1
2020-12-15,15:01:37.246000,14111,14112,14114,1
2020-12-15,15:01:37.246000,14111,14112,14114,1
2020-12-15,15:01:37.247000,14111,14112,14114,1
2020-12-15,15:01:37.247000,14111,14112,14114,1
2020-12-15,15:01:37.247000,14111,14112,14115,1
2020-12-15,15:01:37.248000,14111,14112,14115,1
2020-12-15,15:01:37.248000,14111,14112,14115,3
2020-12-15,15:01:37.801000,14112,14114,14114,1
2020-12-15,15:01:38.345000,14112,14114,14113,2
2020-12-15,15:01:39.296000,14112,14113,14112,1
2020-12-15,15:01:41.230000,14111,14112,14111,1
2020-12-15,15:01:41.232000,14111,14112,14112,1
2020-12-15,15:01:42.767000,14111,14112,14112,1
2020-12-15,15:01:43.163000,14112,14113,14112,1
2020-12-15,15:01:44.340000,14112,14113,14112,2
2020-12-15,15:01:44.340000,14112,14113,14112,4
2020-12-15,15:01:44.354000,14112,14113,14111,1
2020-12-15,15:01:44.905000,14111,14112,14112,1
2020-12-15,15:01:45.046000,14111,14112,14112,1
2020-12-15,15:01:45.991000,14111,14112,14112,4
2020-12-15,15:01:46.463000,14111,14112,14112,1
2020-12-15,15:01:47.212000,14111,14112,14111,1
2020-12-15,15:01:47.243000,14111,14112,14112,1
2020-12-15,15:01:47.250000,14111,14112,14112,1
2020-12-15,15:01:47.250000,14111,14112,14112,1
2020-12-15,15:01:47.496000,14111,14112,14112,1
2020-12-15,15:01:47.690000,14111,14112,14112,1
2020-12-15,15:01:49.179000,14111,14112,14111,2
2020-12-15,15:01:49.179000,14111,14112,14111,1
2020-12-15,15:01:49.230000,14111,14112,14111,6
2020-12-15,15:01:49.506000,14110,14111,14111,1
2020-12-15,15:01:50.040000,14110,14111,14111,1
2020-12-15,15:01:50.443000,14110,14111,14111,1
2020-12-15,15:01:51.797000,14111,14112,14112,1
2020-12-15,15:01:52.454000,14111,14112,14112,9
2020-12-15,15:01:52.573000,14112,14113,14113,2
2020-12-15,15:01:52.573000,14112,14113,14114,2
2020-12-15,15:01:53.331000,14112,14114,14114,1
2020-12-15,15:01:55.179000,14112,14114,14112,1
2020-12-15,15:01:58.200000,14112,14113,14113,1
2020-12-15,15:02:00.068000,14112,14113,14113,1
2020-12-15,15:02:00.071000,14112,14113,14114,2
2020-12-15,15:02:00.076000,14112,14113,14114,1
2020-12-15,15:02:00.123000,14112,14114,14114,1
2020-12-15,15:02:00.251000,14113,14114,14113,1
2020-12-15,15:02:01.965000,14112,14113,14112,9
2020-12-15,15:02:02.083000,14111,14112,14111,1
2020-12-15,15:02:02.160000,14111,14112,14112,1
2020-12-15,15:02:02.172000,14111,14112,14113,1
2020-12-15,15:02:04.216000,14112,14113,14112,1
2020-12-15,15:02:04.326000,14112,14113,14112,1
2020-12-15,15:02:04.382000,14112,14113,14112,7
2020-12-15,15:02:04.594000,14111,14112,14111,1
2020-12-15,15:02:05.635000,14111,14112,14112,1
2020-12-15,15:02:06.196000,14111,14112,14112,1
2020-12-15,15:02:07.226000,14111,14112,14112,1
2020-12-15,15:02:07.626000,14111,14112,14111,1
2020-12-15,15:02:08.749000,14111,14112,14111,1
2020-12-15,15:02:08.749000,14111,14112,14111,4
2020-12-15,15:02:09.282000,14110,14111,14110,2
2020-12-15,15:02:11.889000,14110,14111,14111,2
2020-12-15,15:02:12.464000,14110,14112,14110,1
2020-12-15,15:02:12.581000,14110,14112,14110,1
2020-12-15,15:02:12.581000,14110,14112,14110,1
2020-12-15,15:02:12.581000,14110,14112,14110,29
2020-12-15,15:02:12.581000,14110,14112,14110,1
2020-12-15,15:02:12.581000,14110,14112,14110,4
2020-12-15,15:02:12.581000,14110,14112,14110,1
2020-12-15,15:02:12.582000,14110,14112,14110,6
2020-12-15,15:02:12.582000,14110,14112,14110,1
2020-12-15,15:02:12.582000,14110,14112,14110,12
2020-12-15,15:02:12.584000,14110,14112,14109,1
2020-12-15,15:02:12.584000,14110,14112,14109,7
2020-12-15,15:02:12.594000,14110,14112,14109,4
2020-12-15,15:02:12.777000,14109,14110,14110,1
2020-12-15,15:02:16.256000,14108,14109,14108,16
2020-12-15,15:02:16.369000,14107,14108,14107,2
2020-12-15,15:02:16.369000,14107,14108,14106,1
2020-12-15,15:02:16.414000,14107,14108,14106,1
2020-12-15,15:02:23.236000,14108,14109,14108,1
2020-12-15,15:02:23.243000,14107,14109,14109,1
2020-12-15,15:02:26.485000,14107,14108,14107,1
2020-12-15,15:02:26.555000,14107,14108,14108,1
2020-12-15,15:02:27.078000,14107,14108,14108,3
2020-12-15,15:02:28.952000,14107,14108,14107,2
2020-12-15,15:02:30.373000,14107,14108,14107,1
2020-12-15,15:02:31.841000,14107,14108,14107,1
2020-12-15,15:02:32.048000,14107,14108,14108,1
2020-12-15,15:02:32.110000,14107,14108,14108,2
2020-12-15,15:02:32.111000,14107,14108,14108,1
2020-12-15,15:02:32.111000,14107,14108,14107,1
2020-12-15,15:02:33.092000,14107,14109,14109,2
2020-12-15,15:02:35.221000,14107,14109,14107,2
2020-12-15,15:02:35.996000,14107,14109,14107,1
2020-12-15,15:02:37.950000,14107,14108,14107,1
2020-12-15,15:02:40.441000,14107,14108,14107,1
2020-12-15,15:02:40.536000,14107,14108,14108,2
2020-12-15,15:02:40.537000,14107,14108,14108,1
2020-12-15,15:02:41.280000,14108,14109,14108,2
2020-12-15,15:02:42.223000,14108,14109,14108,1
2020-12-15,15:02:44.643000,14108,14109,14108,1
2020-12-15,15:02:44.644000,14108,14109,14108,1
2020-12-15,15:02:46.540000,14107,14108,14107,3
2020-12-15,15:02:47.902000,14107,14108,14108,1
2020-12-15,15:02:47.902000,14107,14108,14108,1
2020-12-15,15:02:48.811000,14108,14109,14109,1
2020-12-15,15:02:49.278000,14108,14109,14109,1
2020-12-15,15:02:49.957000,14108,14109,14108,4
2020-12-15,15:02:49.957000,14108,14109,14107,1
2020-12-15,15:02:51.084000,14107,14108,14108,1
2020-12-15,15:02:52.282000,14107,14109,14109,1
2020-12-15,15:02:53.501000,14108,14109,14108,1
2020-12-15,15:02:53.966000,14108,14109,14108,2
2020-12-15,15:02:53.995000,14108,14109,14108,1
2020-12-15,15:02:54.071000,14108,14109,14108,1
2020-12-15,15:02:55.730000,14108,14109,14109,5
2020-12-15,15:02:55.904000,14109,14110,14109,1
2020-12-15,15:02:57.552000,14108,14110,14109,1
2020-12-15,15:02:58.068000,14109,14110,14110,1
2020-12-15,15:02:58.068000,14109,14110,14110,7
2020-12-15,15:02:58.176000,14109,14111,14109,1
2020-12-15,15:02:58.630000,14109,14111,14111,4
2020-12-15,15:02:58.666000,14109,14111,14112,1
2020-12-15,15:02:58.667000,14109,14111,14111,3
2020-12-15,15:02:59.601000,14110,14112,14110,1
2020-12-15,15:02:59.914000,14110,14112,14112,2
2020-12-15,15:02:59.945000,14110,14112,14112,2
2020-12-15,15:03:00.051000,14111,14112,14112,1
2020-12-15,15:03:00.126000,14111,14112,14112,1
2020-12-15,15:03:00.127000,14111,14112,14111,2
2020-12-15,15:03:00.135000,14111,14112,14112,1
2020-12-15,15:03:01.577000,14111,14112,14112,1
2020-12-15,15:03:01.622000,14111,14112,14112,1
2020-12-15,15:03:01.622000,14111,14112,14112,2
2020-12-15,15:03:01.944000,14111,14113,14113,1
2020-12-15,15:03:02.979000,14111,14113,14113,5
2020-12-15,15:03:03.057000,14112,14113,14112,1
2020-12-15,15:03:03.243000,14111,14113,14111,1
2020-12-15,15:03:03.767000,14111,14113,14111,1
2020-12-15,15:03:06.802000,14110,14111,14111,1
2020-12-15,15:03:06.802000,14110,14111,14112,1
2020-12-15,15:03:08.008000,14110,14112,14110,4
2020-12-15,15:03:08.008000,14110,14112,14109,1
2020-12-15,15:03:08.118000,14109,14110,14110,1
2020-12-15,15:03:08.120000,14109,14110,14111,1
2020-12-15,15:03:08.120000,14109,14110,14111,1
2020-12-15,15:03:08.120000,14109,14110,14111,1
2020-12-15,15:03:08.120000,14109,14110,14111,1
2020-12-15,15:03:08.121000,14109,14110,14111,1
2020-12-15,15:03:08.122000,14109,14110,14110,1
2020-12-15,15:03:08.123000,14109,14110,14112,1
2020-12-15,15:03:08.124000,14109,14110,14112,1
2020-12-15,15:03:08.456000,14111,14113,14111,1
2020-12-15,15:03:08.598000,14110,14112,14111,2
2020-12-15,15:03:12.795000,14110,14111,14110,2
2020-12-15,15:03:13.982000,14110,14111,14110,13
2020-12-15,15:03:14.266000,14109,14110,14109,5
2020-12-15,15:03:14.512000,14108,14109,14108,1
2020-12-15,15:03:19.975000,14108,14110,14108,4
2020-12-15,15:03:21.283000,14108,14110,14108,10
2020-12-15,15:03:21.283000,14108,14110,14108,1
2020-12-15,15:03:22.795000,14108,14110,14108,2
2020-12-15,15:03:22.916000,14108,14110,14108,5
2020-12-15,15:03:24.490000,14107,14108,14108,1
2020-12-15,15:03:26.467000,14107,14109,14109,1
2020-12-15,15:03:28.337000,14107,14108,14108,1
2020-12-15,15:03:28.368000,14107,14108,14108,1
2020-12-15,15:03:31.014000,14107,14108,14107,1
2020-12-15,15:03:31.544000,14107,14108,14108,1
2020-12-15,15:03:32.149000,14107,14109,14107,1
2020-12-15,15:03:32.531000,14107,14109,14108,1
2020-12-15,15:03:33.492000,14107,14109,14109,3
2020-12-15,15:03:33.560000,14107,14109,14108,1
2020-12-15,15:03:37.108000,14108,14109,14109,1
2020-12-15,15:03:37.108000,14108,14109,14109,1
2020-12-15,15:03:37.108000,14108,14109,14109,1
2020-12-15,15:03:37.108000,14108,14109,14109,2
2020-12-15,15:03:37.108000,14108,14109,14109,7
2020-12-15,15:03:38.463000,14109,14110,14109,1
2020-12-15,15:03:38.495000,14109,14110,14110,1
2020-12-15,15:03:38.495000,14109,14110,14110,1
2020-12-15,15:03:38.495000,14109,14110,14110,1
2020-12-15,15:03:38.497000,14109,14110,14110,3
2020-12-15,15:03:42.323000,14109,14110,14110,1
2020-12-15,15:03:42.325000,14109,14110,14110,1
2020-12-15,15:03:45.489000,14110,14111,14110,4
2020-12-15,15:03:46.965000,14110,14111,14110,4
2020-12-15,15:03:47.140000,14109,14111,14109,1
2020-12-15,15:03:47.410000,14109,14110,14110,2
2020-12-15,15:03:47.411000,14109,14110,14110,1
2020-12-15,15:03:49.921000,14109,14111,14110,1
2020-12-15,15:03:52.016000,14110,14111,14110,1
2020-12-15,15:03:52.377000,14110,14111,14111,6
2020-12-15,15:03:53.106000,14111,14112,14112,1
2020-12-15,15:03:53.106000,14111,14112,14112,1
2020-12-15,15:03:53.106000,14111,14112,14112,1
2020-12-15,15:03:53.106000,14111,14112,14112,1
2020-12-15,15:03:53.107000,14111,14112,14112,5
2020-12-15,15:03:53.951000,14112,14113,14112,1
2020-12-15,15:03:55.376000,14111,14113,14111,9
2020-12-15,15:03:55.376000,14111,14113,14110,1
2020-12-15,15:03:55.379000,14111,14113,14111,1
2020-12-15,15:03:55.787000,14110,14112,14112,5
2020-12-15,15:03:57.099000,14111,14113,14111,4
2020-12-15,15:03:57.242000,14110,14111,14111,1
2020-12-15,15:03:57.547000,14110,14112,14111,1
2020-12-15,15:03:58.516000,14110,14112,14111,1
2020-12-15,15:03:59.906000,14110,14112,14112,4
2020-12-15,15:04:02.085000,14111,14112,14111,1
2020-12-15,15:04:04.044000,14111,14112,14111,3
2020-12-15,15:04:04.046000,14111,14112,14111,1
2020-12-15,15:04:04.622000,14110,14112,14110,1
2020-12-15,15:04:04.674000,14110,14112,14111,1
2020-12-15,15:04:05.378000,14110,14112,14112,1
2020-12-15,15:04:06.366000,14110,14111,14110,1
2020-12-15,15:04:07.056000,14110,14111,14111,1
2020-12-15,15:04:10.345000,14110,14111,14111,1
2020-12-15,15:04:12.465000,14110,14111,14111,3
2020-12-15,15:04:14.197000,14111,14112,14111,2
2020-12-15,15:04:16.855000,14111,14112,14111,1
2020-12-15,15:04:17.537000,14110,14111,14111,1
2020-12-15,15:04:17.782000,14110,14111,14111,1
2020-12-15,15:04:21.697000,14110,14112,14110,1
2020-12-15,15:04:21.909000,14110,14111,14111,1
2020-12-15,15:04:22.964000,14110,14112,14111,1
2020-12-15,15:04:24.753000,14111,14112,14111,1
2020-12-15,15:04:29.492000,14111,14112,14112,18
2020-12-15,15:04:29.496000,14111,14112,14113,6
2020-12-15,15:04:29.496000,14111,14112,14113,1
2020-12-15,15:04:29.947000,14112,14114,14112,4
2020-12-15,15:04:29.947000,14112,14114,14111,4
2020-12-15,15:04:30.276000,14112,14113,14113,1
2020-12-15,15:04:30.277000,14112,14113,14113,1
2020-12-15,15:04:30.940000,14112,14114,14112,2
2020-12-15,15:04:34.814000,14112,14113,14113,1
2020-12-15,15:04:37.109000,14112,14114,14112,5
2020-12-15,15:04:42.897000,14112,14113,14113,1
2020-12-15,15:04:42.897000,14112,14113,14113,1
2020-12-15,15:04:43.683000,14112,14114,14113,1
2020-12-15,15:04:44.142000,14113,14114,14113,1
2020-12-15,15:04:44.142000,14113,14114,14112,1
2020-12-15,15:04:44.382000,14112,14114,14112,1
2020-12-15,15:04:47.212000,14112,14114,14114,4
2020-12-15,15:04:52.436000,14113,14114,14114,1
2020-12-15,15:04:52.580000,14113,14114,14114,5
2020-12-15,15:04:52.580000,14113,14114,14114,3
2020-12-15,15:04:52.973000,14113,14115,14114,2
2020-12-15,15:04:53.866000,14114,14115,14114,1
2020-12-15,15:04:54.282000,14114,14115,14115,5
2020-12-15,15:04:54.595000,14114,14115,14115,1
2020-12-15,15:04:54.596000,14114,14115,14115,1
2020-12-15,15:04:54.596000,14114,14115,14115,4
2020-12-15,15:04:54.596000,14114,14115,14115,6
2020-12-15,15:04:54.596000,14114,14115,14116,1
2020-12-15,15:04:54.602000,14114,14115,14116,1
2020-12-15,15:04:54.606000,14114,14115,14116,1
2020-12-15,15:04:54.607000,14114,14115,14116,1
2020-12-15,15:04:54.612000,14114,14115,14116,1
2020-12-15,15:04:54.613000,14114,14115,14116,1
2020-12-15,15:04:54.615000,14114,14115,14116,1
2020-12-15,15:04:54.618000,14114,14116,14116,1
2020-12-15,15:04:54.661000,14114,14116,14116,1
2020-12-15,15:04:54.665000,14114,14116,14117,1
2020-12-15,15:04:54.949000,14115,14117,14117,1
2020-12-15,15:04:55.652000,14115,14117,14116,2
2020-12-15,15:04:56.808000,14115,14117,14117,1
2020-12-15,15:04:58.457000,14115,14116,14115,1
2020-12-15,15:04:58.457000,14115,14116,14115,4
2020-12-15,15:05:00.116000,14114,14115,14115,1
2020-12-15,15:05:00.122000,14114,14115,14115,1
2020-12-15,15:05:00.127000,14114,14115,14115,1
2020-12-15,15:05:00.130000,14114,14115,14115,1
2020-12-15,15:05:00.417000,14114,14115,14114,1
2020-12-15,15:05:00.418000,14114,14115,14114,1
2020-12-15,15:05:00.418000,14114,14115,14114,2
2020-12-15,15:05:00.418000,14114,14115,14114,2
2020-12-15,15:05:00.696000,14113,14114,14114,1
2020-12-15,15:05:01.697000,14113,14114,14114,10
2020-12-15,15:05:01.697000,14113,14114,14115,2
2020-12-15,15:05:01.746000,14113,14115,14115,1
2020-12-15,15:05:01.933000,14113,14115,14116,1
2020-12-15,15:05:02.016000,14114,14116,14116,2
2020-12-15,15:05:02.074000,14114,14116,14114,1
2020-12-15,15:05:02.681000,14114,14115,14114,1
2020-12-15,15:05:02.700000,14114,14115,14115,1
2020-12-15,15:05:02.740000,14114,14115,14115,1
2020-12-15,15:05:06.873000,14114,14116,14116,2
2020-12-15,15:05:08.815000,14115,14116,14115,1
2020-12-15,15:05:08.868000,14115,14116,14116,1
2020-12-15,15:05:08.870000,14115,14116,14116,1
2020-12-15,15:05:08.870000,14115,14116,14116,1
2020-12-15,15:05:08.872000,14115,14116,14117,1
2020-12-15,15:05:09.763000,14116,14117,14116,1
2020-12-15,15:05:10.407000,14116,14117,14116,1
2020-12-15,15:05:10.628000,14116,14117,14117,3
2020-12-15,15:05:10.985000,14116,14117,14117,2
2020-12-15,15:05:10.985000,14116,14117,14117,3
2020-12-15,15:05:10.992000,14117,14118,14117,2
2020-12-15,15:05:11.114000,14117,14118,14116,1
2020-12-15,15:05:11.949000,14116,14118,14116,1
2020-12-15,15:05:12.011000,14116,14117,14116,1
2020-12-15,15:05:19.903000,14116,14117,14117,1
2020-12-15,15:05:20.222000,14116,14117,14117,2
2020-12-15,15:05:20.222000,14116,14117,14117,2
2020-12-15,15:05:20.244000,14116,14118,14118,1
2020-12-15,15:05:20.245000,14116,14118,14118,1
2020-12-15,15:05:20.245000,14116,14118,14118,1
2020-12-15,15:05:20.247000,14116,14118,14118,1
2020-12-15,15:05:21.175000,14116,14118,14116,5
2020-12-15,15:05:22.254000,14116,14117,14117,1
2020-12-15,15:05:23.774000,14116,14117,14117,5
2020-12-15,15:05:23.807000,14116,14117,14117,1
2020-12-15,15:05:24.113000,14117,14118,14117,1
2020-12-15,15:05:26.351000,14116,14118,14118,1
2020-12-15,15:05:27.409000,14116,14118,14116,2
2020-12-15,15:05:27.493000,14116,14117,14117,1
2020-12-15,15:05:27.497000,14116,14117,14117,1
2020-12-15,15:05:27.497000,14116,14117,14117,1
2020-12-15,15:05:27.833000,14116,14117,14117,1
2020-12-15,15:05:27.833000,14116,14117,14117,1
2020-12-15,15:05:28.867000,14116,14118,14116,3
2020-12-15,15:05:30.807000,14116,14117,14117,1
2020-12-15,15:05:30.808000,14116,14117,14117,1
2020-12-15,15:05:33.558000,14116,14117,14117,1
2020-12-15,15:05:33.746000,14116,14117,14117,1
2020-12-15,15:05:34.173000,14116,14117,14116,1
2020-12-15,15:05:35.357000,14115,14116,14116,1
2020-12-15,15:05:35.823000,14115,14117,14117,4
2020-12-15,15:05:37.191000,14115,14116,14116,4
2020-12-15,15:05:39.901000,14116,14117,14116,1
2020-12-15,15:05:40.641000,14116,14117,14116,3
2020-12-15,15:05:41.652000,14115,14116,14116,1
2020-12-15,15:05:47.638000,14115,14116,14116,1
2020-12-15,15:05:47.794000,14115,14116,14115,1
2020-12-15,15:05:47.945000,14115,14116,14116,3
2020-12-15,15:05:48.464000,14116,14117,14116,1
2020-12-15,15:05:49.756000,14116,14117,14116,1
2020-12-15,15:05:49.756000,14116,14117,14115,3
2020-12-15,15:05:54.515000,14115,14116,14116,2
2020-12-15,15:05:54.674000,14115,14117,14115,5
2020-12-15,15:05:54.685000,14115,14117,14115,1
2020-12-15,15:05:56.223000,14114,14115,14115,1
2020-12-15,15:05:56.952000,14114,14115,14114,1
2020-12-15,15:05:57.968000,14114,14115,14114,1
2020-12-15,15:05:58.405000,14114,14115,14114,3
2020-12-15,15:05:58.406000,14114,14115,14114,3
2020-12-15,15:05:58.844000,14113,14114,14113,1
2020-12-15,15:06:00.159000,14113,14114,14114,1
2020-12-15,15:06:00.167000,14113,14114,14114,2
2020-12-15,15:06:00.171000,14113,14114,14115,2
2020-12-15,15:06:00.211000,14113,14114,14116,2
2020-12-15,15:06:00.216000,14113,14114,14116,1
2020-12-15,15:06:00.228000,14113,14114,14116,1
2020-12-15,15:06:00.237000,14113,14114,14116,1
2020-12-15,15:06:00.244000,14114,14116,14116,2
2020-12-15,15:06:00.340000,14114,14116,14114,2
2020-12-15,15:06:00.521000,14114,14115,14115,1
2020-12-15,15:06:00.629000,14114,14116,14116,5
2020-12-15,15:06:00.669000,14114,14116,14116,1
2020-12-15,15:06:00.702000,14114,14116,14116,1
2020-12-15,15:06:00.759000,14114,14116,14116,1
2020-12-15,15:06:06.848000,14113,14115,14115,1
2020-12-15,15:06:07.262000,14113,14115,14115,1
2020-12-15,15:06:07.372000,14113,14115,14115,1
2020-12-15,15:06:17.038000,14114,14115,14115,1
2020-12-15,15:06:17.195000,14114,14115,14114,1
2020-12-15,15:06:18.249000,14114,14115,14114,2
2020-12-15,15:06:22.507000,14113,14114,14114,2
2020-12-15,15:06:25.720000,14113,14114,14114,7
2020-12-15,15:06:29.372000,14114,14115,14114,8
2020-12-15,15:06:29.373000,14114,14115,14114,1
2020-12-15,15:06:29.543000,14113,14114,14113,2
2020-12-15,15:06:33.048000,14113,14114,14114,1
2020-12-15,15:06:33.119000,14113,14114,14114,1
2020-12-15,15:06:33.120000,14113,14114,14115,1
2020-12-15,15:06:33.122000,14113,14114,14115,1
2020-12-15,15:06:34.325000,14113,14115,14113,5
2020-12-15,15:06:35.985000,14113,14114,14113,1
2020-12-15,15:06:36.563000,14113,14114,14114,4
2020-12-15,15:06:36.563000,14113,14114,14115,13
2020-12-15,15:06:36.564000,14113,14114,14115,2
2020-12-15,15:06:36.564000,14113,14114,14115,1
2020-12-15,15:06:36.564000,14113,14114,14115,1
2020-12-15,15:06:36.564000,14113,14114,14115,1
2020-12-15,15:06:36.565000,14113,14114,14115,3
2020-12-15,15:06:36.565000,14113,14114,14115,1
2020-12-15,15:06:36.565000,14113,14114,14115,1
2020-12-15,15:06:36.565000,14113,14114,14115,1
2020-12-15,15:06:36.565000,14113,14114,14115,1
2020-12-15,15:06:41.735000,14114,14116,14114,8
2020-12-15,15:06:41.736000,14114,14116,14114,2
2020-12-15,15:06:41.736000,14114,14116,14114,1
2020-12-15,15:06:41.737000,14114,14116,14114,4
2020-12-15,15:06:46.211000,14113,14114,14114,1
2020-12-15,15:06:48.243000,14113,14114,14114,1
2020-12-15,15:06:48.912000,14113,14114,14114,1
2020-12-15,15:06:49.636000,14113,14114,14114,1
2020-12-15,15:06:49.636000,14113,14114,14114,1
2020-12-15,15:06:50.520000,14114,14115,14114,8
2020-12-15,15:06:51.517000,14113,14114,14113,6
2020-12-15,15:06:51.517000,14113,14114,14113,2
2020-12-15,15:06:51.517000,14113,14114,14113,2
2020-12-15,15:06:51.517000,14113,14114,14113,2
2020-12-15,15:06:56.915000,14112,14113,14113,4
2020-12-15,15:06:58.281000,14112,14113,14113,4
2020-12-15,15:06:58.645000,14112,14114,14113,5
2020-12-15,15:07:03.061000,14112,14113,14113,3
2020-12-15,15:07:03.062000,14112,14113,14113,1
2020-12-15,15:07:03.248000,14112,14114,14112,1
2020-12-15,15:07:03.929000,14113,14114,14113,1
2020-12-15,15:07:05.796000,14113,14114,14113,1
2020-12-15,15:07:06.049000,14113,14114,14113,3
2020-12-15,15:07:06.876000,14113,14114,14113,5
2020-12-15,15:07:08.581000,14112,14114,14114,1
2020-12-15,15:07:15.006000,14113,14114,14114,1
2020-12-15,15:07:15.007000,14113,14114,14114,1
2020-12-15,15:07:15.426000,14114,14115,14114,3
2020-12-15,15:07:16.787000,14113,14114,14114,1
2020-12-15,15:07:20.730000,14113,14114,14114,1
2020-12-15,15:07:20.747000,14113,14114,14114,1
2020-12-15,15:07:24.416000,14113,14114,14113,1
2020-12-15,15:07:24.417000,14113,14114,14113,10
2020-12-15,15:07:26.119000,14112,14113,14112,1
2020-12-15,15:07:26.119000,14112,14113,14112,1
2020-12-15,15:07:26.119000,14112,14113,14112,2
2020-12-15,15:07:26.119000,14112,14113,14112,2
2020-12-15,15:07:26.119000,14112,14113,14112,2
2020-12-15,15:07:26.119000,14112,14113,14112,2
2020-12-15,15:07:26.712000,14111,14112,14111,1
2020-12-15,15:07:29.031000,14111,14112,14111,1
2020-12-15,15:07:29.585000,14111,14112,14112,1
2020-12-15,15:07:29.586000,14111,14112,14112,4
2020-12-15,15:07:29.586000,14111,14112,14112,1
2020-12-15,15:07:35.822000,14111,14113,14112,2
2020-12-15,15:07:35.822000,14111,14113,14112,3
2020-12-15,15:07:36.795000,14111,14112,14112,1
2020-12-15,15:07:39.083000,14112,14113,14112,10
2020-12-15,15:07:41.966000,14111,14113,14112,1
2020-12-15,15:07:42.496000,14111,14112,14112,1
2020-12-15,15:07:42.497000,14111,14112,14112,1
2020-12-15,15:07:43.066000,14112,14113,14112,3
2020-12-15,15:07:46.593000,14111,14112,14112,1
2020-12-15,15:07:47.013000,14111,14112,14111,1
2020-12-15,15:07:51.690000,14111,14112,14112,1
2020-12-15,15:07:51.691000,14111,14112,14112,1
2020-12-15,15:07:52.602000,14112,14113,14112,3
2020-12-15,15:07:55.826000,14112,14113,14113,1
2020-12-15,15:07:55.826000,14112,14113,14113,1
2020-12-15,15:07:59.501000,14113,14114,14113,1
2020-12-15,15:07:59.843000,14113,14114,14113,1
2020-12-15,15:07:59.843000,14113,14114,14112,1
2020-12-15,15:08:01.571000,14112,14113,14112,1
2020-12-15,15:08:01.624000,14112,14113,14113,1
2020-12-15,15:08:02.070000,14112,14114,14114,2
2020-12-15,15:08:02.514000,14113,14114,14113,2
2020-12-15,15:08:05.187000,14113,14114,14113,1
2020-12-15,15:08:05.617000,14113,14114,14114,3
2020-12-15,15:08:06.754000,14113,14115,14113,1
2020-12-15,15:08:09.040000,14113,14114,14113,1
2020-12-15,15:08:09.118000,14113,14114,14114,1
2020-12-15,15:08:09.120000,14113,14114,14115,1
2020-12-15,15:08:09.120000,14113,14114,14115,1
2020-12-15,15:08:09.120000,14113,14114,14115,1
2020-12-15,15:08:09.120000,14113,14114,14115,1
2020-12-15,15:08:10.787000,14114,14116,14115,1
2020-12-15,15:08:10.963000,14114,14116,14116,1
2020-12-15,15:08:18.555000,14114,14115,14115,3
2020-12-15,15:08:18.555000,14114,14115,14115,2
2020-12-15,15:08:18.555000,14114,14115,14115,2
2020-12-15,15:08:19.193000,14114,14116,14114,1
2020-12-15,15:08:25.572000,14114,14115,14115,1
2020-12-15,15:08:26.017000,14114,14115,14115,3
2020-12-15,15:08:27.865000,14114,14115,14115,3
2020-12-15,15:08:30.690000,14114,14116,14115,1
2020-12-15,15:08:34.366000,14114,14115,14115,2
2020-12-15,15:08:34.367000,14114,14115,14115,3
2020-12-15,15:08:35.130000,14114,14116,14115,1
2020-12-15,15:08:35.676000,14115,14116,14115,6
2020-12-15,15:08:35.976000,14114,14116,14114,1
2020-12-15,15:08:37.758000,14114,14115,14114,8
2020-12-15,15:08:39.841000,14113,14114,14114,1
2020-12-15,15:08:49.055000,14113,14114,14113,1
2020-12-15,15:08:49.055000,14113,14114,14113,4
2020-12-15,15:08:49.055000,14113,14114,14113,6
2020-12-15,15:08:54.263000,14112,14113,14112,2
2020-12-15,15:08:54.264000,14112,14113,14112,2
2020-12-15,15:08:54.264000,14112,14113,14112,1
2020-12-15,15:08:54.264000,14112,14113,14112,1
2020-12-15,15:08:54.264000,14112,14113,14112,1
2020-12-15,15:08:54.264000,14112,14113,14112,1
2020-12-15,15:08:54.265000,14112,14113,14112,1
2020-12-15,15:08:54.265000,14112,14113,14112,2
2020-12-15,15:08:54.265000,14112,14113,14112,4
2020-12-15,15:08:55.533000,14111,14112,14112,1
2020-12-15,15:08:58.640000,14112,14114,14112,1
2020-12-15,15:09:05.131000,14113,14114,14113,1
2020-12-15,15:09:05.988000,14113,14114,14113,1
2020-12-15,15:09:06.029000,14113,14114,14113,1
2020-12-15,15:09:06.121000,14113,14114,14114,1
2020-12-15,15:09:07.077000,14113,14114,14113,1
2020-12-15,15:09:07.668000,14113,14114,14113,1
2020-12-15,15:09:08.839000,14113,14114,14113,1
2020-12-15,15:09:13.250000,14113,14114,14113,1
2020-12-15,15:09:18.802000,14113,14114,14114,1
2020-12-15,15:09:23.250000,14113,14114,14114,9
2020-12-15,15:09:26.335000,14114,14115,14115,4
2020-12-15,15:09:26.335000,14114,14115,14115,5
2020-12-15,15:09:26.692000,14115,14116,14115,2
2020-12-15,15:09:27.301000,14114,14116,14114,1
2020-12-15,15:09:28.983000,14114,14115,14114,1
2020-12-15,15:09:29.218000,14114,14115,14115,1
2020-12-15,15:09:32.623000,14114,14115,14114,1
2020-12-15,15:09:33.210000,14114,14115,14115,1
2020-12-15,15:09:36.866000,14114,14115,14115,1
2020-12-15,15:09:40.862000,14114,14115,14115,1
2020-12-15,15:09:41.696000,14114,14115,14115,5
2020-12-15,15:09:42.972000,14114,14115,14115,1
2020-12-15,15:09:45.813000,14114,14115,14115,1
2020-12-15,15:09:46.998000,14114,14115,14115,1
2020-12-15,15:09:48.017000,14114,14115,14115,1
2020-12-15,15:09:48.723000,14114,14115,14115,1
2020-12-15,15:09:49.194000,14114,14115,14115,1
2020-12-15,15:09:49.473000,14114,14116,14116,1
2020-12-15,15:09:49.966000,14115,14116,14115,2
2020-12-15,15:09:56.829000,14114,14115,14115,1
2020-12-15,15:09:57.512000,14114,14115,14115,1
2020-12-15,15:09:58.041000,14114,14115,14114,6
2020-12-15,15:10:00.185000,14114,14115,14115,1
2020-12-15,15:10:00.709000,14114,14115,14115,1
2020-12-15,15:10:00.732000,14114,14115,14115,1
2020-12-15,15:10:00.826000,14114,14116,14115,1
2020-12-15,15:10:09.625000,14114,14115,14115,1
2020-12-15,15:10:10.790000,14114,14115,14115,1
2020-12-15,15:10:12.964000,14115,14116,14115,1
2020-12-15,15:10:17.453000,14115,14116,14115,1
2020-12-15,15:10:17.815000,14114,14115,14115,1
2020-12-15,15:10:17.824000,14114,14115,14114,1
2020-12-15,15:10:31.336000,14114,14116,14114,1
2020-12-15,15:10:34.866000,14114,14115,14114,5
2020-12-15,15:10:34.866000,14114,14115,14114,2
2020-12-15,15:10:34.866000,14114,14115,14114,9
2020-12-15,15:10:34.866000,14114,14115,14114,7
2020-12-15,15:10:34.866000,14114,14115,14114,11
2020-12-15,15:10:34.915000,14113,14115,14113,3
2020-12-15,15:10:34.916000,14113,14115,14113,2
2020-12-15,15:10:35.261000,14112,14113,14113,1
2020-12-15,15:10:43.277000,14112,14113,14113,2
2020-12-15,15:10:43.828000,14113,14114,14113,1
2020-12-15,15:10:53.427000,14113,14114,14114,3
2020-12-15,15:10:55.721000,14113,14115,14115,4
2020-12-15,15:11:01.867000,14114,14115,14114,1
2020-12-15,15:11:04.986000,14114,14115,14115,2
2020-12-15,15:11:05.153000,14114,14115,14115,1
2020-12-15,15:11:06.242000,14114,14115,14114,1
2020-12-15,15:11:09.268000,14114,14115,14114,1
2020-12-15,15:11:31.773000,14113,14114,14114,4
2020-12-15,15:11:31.965000,14114,14115,14114,1
2020-12-15,15:11:50.777000,14113,14114,14114,1
2020-12-15,15:12:01.781000,14113,14114,14113,7
2020-12-15,15:12:08.005000,14112,14113,14113,13
2020-12-15,15:12:08.006000,14112,14113,14113,2
2020-12-15,15:12:08.289000,14113,14114,14113,1
2020-12-15,15:12:10.741000,14113,14114,14114,1
2020-12-15,15:12:10.742000,14113,14114,14114,2
2020-12-15,15:12:13.604000,14114,14115,14114,2
2020-12-15,15:12:13.824000,14114,14115,14114,1
2020-12-15,15:12:20.594000,14114,14115,14114,1
2020-12-15,15:12:30.157000,14114,14115,14114,1
2020-12-15,15:12:31.896000,14114,14115,14114,4
2020-12-15,15:12:31.897000,14114,14115,14114,2
2020-12-15,15:12:32.417000,14114,14115,14114,2
2020-12-15,15:12:37.640000,14114,14115,14115,1
2020-12-15,15:12:43.179000,14114,14115,14114,1
2020-12-15,15:12:44.183000,14114,14115,14114,1
2020-12-15,15:12:44.697000,14114,14115,14115,1
2020-12-15,15:12:49.221000,14114,14115,14115,8
2020-12-15,15:12:55.155000,14115,14116,14115,5
2020-12-15,15:12:58.900000,14114,14115,14115,1
2020-12-15,15:13:02.017000,14115,14116,14115,1
2020-12-15,15:13:02.319000,14115,14116,14116,4
2020-12-15,15:13:05.352000,14115,14116,14116,15
2020-12-15,15:13:05.492000,14116,14117,14117,10
2020-12-15,15:13:05.493000,14116,14117,14117,1
2020-12-15,15:13:05.493000,14116,14117,14117,1
2020-12-15,15:13:06.392000,14116,14118,14116,1
2020-12-15,15:13:08.475000,14117,14118,14117,2
2020-12-15,15:13:08.475000,14117,14118,14116,1
2020-12-15,15:13:09.873000,14117,14118,14117,1
2020-12-15,15:13:10.924000,14116,14117,14117,3
2020-12-15,15:13:11.611000,14117,14118,14117,1
2020-12-15,15:13:11.611000,14117,14118,14116,3
2020-12-15,15:13:13.488000,14117,14118,14117,1
2020-12-15,15:13:13.801000,14117,14118,14117,1
2020-12-15,15:13:14.495000,14117,14118,14117,1
2020-12-15,15:13:14.908000,14117,14118,14117,1
2020-12-15,15:13:15.496000,14117,14118,14117,1
2020-12-15,15:13:16.496000,14116,14117,14116,1
2020-12-15,15:13:16.550000,14116,14117,14117,1
2020-12-15,15:13:16.550000,14116,14117,14118,2
2020-12-15,15:13:16.900000,14116,14118,14118,5
2020-12-15,15:13:17.088000,14116,14118,14116,1
2020-12-15,15:13:17.473000,14116,14117,14117,1
2020-12-15,15:13:19.697000,14116,14118,14118,2
2020-12-15,15:13:20.869000,14117,14118,14117,4
2020-12-15,15:13:27.116000,14116,14117,14117,1
2020-12-15,15:13:28.446000,14116,14117,14117,1
2020-12-15,15:13:29.325000,14116,14117,14117,1
2020-12-15,15:13:30.227000,14116,14117,14116,5
2020-12-15,15:13:30.238000,14116,14117,14117,1
2020-12-15,15:13:30.679000,14116,14117,14116,5
2020-12-15,15:13:36.724000,14116,14117,14116,1
2020-12-15,15:13:36.724000,14116,14117,14116,2
2020-12-15,15:13:40.157000,14115,14116,14115,2
2020-12-15,15:13:41.318000,14115,14116,14116,2
2020-12-15,15:13:43.577000,14115,14116,14116,1
2020-12-15,15:13:48.779000,14115,14116,14115,1
2020-12-15,15:13:50.212000,14115,14116,14116,4
2020-12-15,15:13:50.786000,14115,14116,14115,5
2020-12-15,15:13:54.302000,14115,14116,14115,2
2020-12-15,15:13:54.302000,14115,14116,14115,1
2020-12-15,15:13:58.215000,14114,14115,14114,1
2020-12-15,15:13:58.317000,14114,14115,14115,2
2020-12-15,15:14:00.648000,14114,14115,14114,2
2020-12-15,15:14:01.442000,14114,14115,14114,5
2020-12-15,15:14:01.893000,14113,14114,14114,1
2020-12-15,15:14:02.747000,14113,14114,14114,1
2020-12-15,15:14:02.747000,14113,14114,14115,1
2020-12-15,15:14:09.081000,14114,14115,14114,2
2020-12-15,15:14:09.552000,14113,14114,14113,1
2020-12-15,15:14:12.405000,14113,14114,14114,1
2020-12-15,15:14:12.499000,14113,14114,14114,1
2020-12-15,15:14:15.678000,14113,14114,14114,2
2020-12-15,15:14:16.278000,14113,14114,14114,1
2020-12-15,15:14:16.278000,14113,14114,14114,3
2020-12-15,15:14:19.427000,14113,14115,14113,1
2020-12-15,15:14:20.818000,14113,14115,14114,1
2020-12-15,15:14:27.931000,14113,14114,14114,1
2020-12-15,15:14:29.117000,14113,14114,14113,1
2020-12-15,15:14:29.242000,14113,14114,14113,1
2020-12-15,15:14:29.243000,14113,14114,14113,1
2020-12-15,15:14:29.243000,14113,14114,14113,8
2020-12-15,15:14:29.243000,14113,14114,14113,4
2020-12-15,15:14:29.243000,14113,14114,14113,31
2020-12-15,15:14:29.244000,14113,14114,14113,1
2020-12-15,15:14:29.244000,14113,14114,14113,1
2020-12-15,15:14:29.244000,14113,14114,14113,1
2020-12-15,15:14:29.244000,14113,14114,14113,38
2020-12-15,15:14:29.244000,14113,14114,14113,1
2020-12-15,15:14:29.252000,14113,14114,14112,2
2020-12-15,15:14:34.901000,14112,14113,14112,10
2020-12-15,15:14:34.902000,14112,14113,14112,2
2020-12-15,15:14:36.121000,14111,14112,14111,2
2020-12-15,15:14:36.839000,14111,14112,14111,5
2020-12-15,15:14:36.840000,14111,14112,14111,2
2020-12-15,15:14:41.651000,14110,14111,14110,1
2020-12-15,15:14:41.747000,14110,14111,14111,1
2020-12-15,15:14:41.769000,14110,14111,14110,1
2020-12-15,15:14:43.018000,14110,14111,14110,1
2020-12-15,15:14:45.236000,14110,14111,14110,1
2020-12-15,15:14:45.377000,14110,14111,14111,2
2020-12-15,15:14:46.482000,14110,14111,14110,1
2020-12-15,15:14:46.645000,14110,14111,14110,3
2020-12-15,15:14:53.126000,14110,14111,14111,1
2020-12-15,15:14:54.830000,14110,14111,14110,1
2020-12-15,15:14:58.212000,14110,14111,14111,18
2020-12-15,15:15:02.079000,14111,14112,14111,1
2020-12-15,15:15:02.124000,14111,14112,14112,1
2020-12-15,15:15:02.125000,14111,14112,14112,2
2020-12-15,15:15:02.125000,14111,14112,14112,3
2020-12-15,15:15:02.130000,14111,14112,14113,2
2020-12-15,15:15:02.131000,14111,14112,14113,1
2020-12-15,15:15:02.132000,14111,14112,14113,1
2020-12-15,15:15:02.209000,14111,14112,14112,2
2020-12-15,15:15:02.214000,14111,14112,14111,3
2020-12-15,15:15:02.283000,14111,14113,14111,13
2020-12-15,15:15:02.283000,14111,14113,14110,17
2020-12-15,15:15:02.284000,14111,14113,14111,2
2020-12-15,15:15:02.285000,14111,14113,14111,1
2020-12-15,15:15:02.298000,14111,14113,14110,15
2020-12-15,15:15:02.356000,14111,14113,14110,3
2020-12-15,15:15:02.412000,14110,14111,14111,1
2020-12-15,15:15:02.501000,14110,14111,14110,3
2020-12-15,15:15:02.501000,14110,14111,14110,1
2020-12-15,15:15:02.918000,14110,14112,14110,1
2020-12-15,15:15:03.030000,14110,14112,14110,1
2020-12-15,15:15:03.118000,14110,14112,14112,1
2020-12-15,15:15:03.122000,14110,14112,14112,1
2020-12-15,15:15:03.122000,14110,14112,14112,1
2020-12-15,15:15:03.378000,14110,14112,14112,1
2020-12-15,15:15:03.565000,14110,14112,14112,1
2020-12-15,15:15:04.219000,14110,14112,14112,1
2020-12-15,15:15:09.869000,14110,14111,14110,1
2020-12-15,15:15:13.124000,14109,14110,14110,1
2020-12-15,15:15:13.243000,14109,14110,14110,1
2020-12-15,15:15:13.243000,14109,14110,14110,2
2020-12-15,15:15:13.245000,14109,14110,14110,1
2020-12-15,15:15:13.245000,14109,14110,14110,1
2020-12-15,15:15:13.245000,14109,14110,14111,1
2020-12-15,15:15:13.245000,14109,14110,14111,1
2020-12-15,15:15:13.246000,14109,14110,14111,1
2020-12-15,15:15:13.246000,14109,14110,14111,1
2020-12-15,15:15:13.247000,14109,14110,14112,1
2020-12-15,15:15:13.247000,14109,14110,14112,1
2020-12-15,15:15:13.247000,14109,14110,14112,3
2020-12-15,15:15:13.248000,14109,14110,14112,1
2020-12-15,15:15:16.238000,14110,14112,14112,2
2020-12-15,15:15:18.638000,14110,14111,14111,2
2020-12-15,15:15:18.743000,14110,14112,14112,3
2020-12-15,15:15:18.746000,14110,14112,14112,1
2020-12-15,15:15:18.747000,14110,14112,14113,3
2020-12-15,15:15:19.409000,14112,14113,14112,1
2020-12-15,15:15:19.410000,14112,14113,14112,3
2020-12-15,15:15:22.234000,14111,14113,14113,1
2020-12-15,15:15:27.002000,14112,14113,14112,1
2020-12-15,15:15:27.002000,14112,14113,14111,1
2020-12-15,15:15:29.337000,14112,14113,14112,1
2020-12-15,15:15:29.368000,14112,14113,14113,2
2020-12-15,15:15:29.370000,14112,14113,14113,1
2020-12-15,15:15:29.372000,14112,14113,14113,2
2020-12-15,15:15:29.372000,14112,14113,14114,1
2020-12-15,15:15:29.372000,14112,14113,14114,1
2020-12-15,15:15:29.372000,14112,14113,14114,1
2020-12-15,15:15:29.373000,14112,14113,14114,1
2020-12-15,15:15:29.373000,14112,14113,14114,1
2020-12-15,15:15:29.373000,14112,14113,14114,1
2020-12-15,15:15:29.373000,14112,14113,14114,2
2020-12-15,15:15:29.374000,14112,14113,14114,1
2020-12-15,15:15:29.374000,14112,14113,14114,1
2020-12-15,15:15:31.971000,14112,14114,14112,1
2020-12-15,15:15:36.009000,14112,14114,14112,1
2020-12-15,15:15:38.807000,14112,14114,14114,1
2020-12-15,15:15:38.868000,14112,14114,14114,1
2020-12-15,15:15:38.870000,14112,14114,14114,1
2020-12-15,15:15:38.872000,14112,14114,14114,1
2020-12-15,15:15:39.554000,14113,14114,14113,1
2020-12-15,15:15:49.497000,14113,14114,14114,23
2020-12-15,15:15:57.030000,14114,14115,14114,1
2020-12-15,15:15:59.533000,14114,14115,14115,8
2020-12-15,15:15:59.534000,14114,14115,14115,1
2020-12-15,15:16:09.084000,14115,14116,14115,1
2020-12-15,15:16:26.842000,14114,14115,14114,3
2020-12-15,15:16:26.842000,14114,14115,14113,16
2020-12-15,15:16:26.842000,14114,14115,14112,5
2020-12-15,15:16:26.849000,14114,14115,14112,1
2020-12-15,15:16:26.870000,14112,14114,14114,1
2020-12-15,15:16:26.870000,14112,14114,14114,1
2020-12-15,15:16:26.871000,14112,14114,14115,1
2020-12-15,15:16:26.872000,14112,14114,14115,1
2020-12-15,15:16:26.910000,14112,14114,14113,4
2020-12-15,15:16:27.880000,14113,14115,14113,6
2020-12-15,15:16:27.880000,14113,14115,14112,29
2020-12-15,15:16:27.880000,14113,14115,14111,12
2020-12-15,15:16:27.883000,14113,14115,14112,1
2020-12-15,15:16:27.997000,14111,14113,14113,1
2020-12-15,15:16:28.228000,14111,14113,14113,1
2020-12-15,15:16:45.191000,14112,14113,14113,17
2020-12-15,15:16:45.191000,14112,14113,14114,14
2020-12-15,15:16:45.191000,14112,14113,14115,23
2020-12-15,15:16:45.194000,14112,14113,14114,4
2020-12-15,15:16:46.346000,14113,14115,14115,6
2020-12-15,15:16:46.346000,14113,14115,14116,28
2020-12-15,15:16:46.346000,14113,14115,14117,18
2020-12-15,15:16:48.263000,14115,14117,14117,2
2020-12-15,15:16:48.263000,14115,14117,14118,11
2020-12-15,15:16:50.189000,14115,14117,14117,1
2020-12-15,15:16:54.722000,14116,14117,14117,2
2020-12-15,15:16:54.722000,14116,14117,14118,2
2020-12-15,15:16:54.724000,14116,14117,14117,4
2020-12-15,15:16:54.807000,14116,14118,14116,1
2020-12-15,15:17:05.196000,14116,14117,14117,1
2020-12-15,15:17:06.398000,14116,14118,14117,1
2020-12-15,15:17:10.446000,14116,14117,14117,1
2020-12-15,15:17:23.561000,14116,14117,14117,1
2020-12-15,15:17:25.942000,14116,14117,14117,1
2020-12-15,15:17:29.952000,14116,14117,14117,1
2020-12-15,15:17:31.029000,14116,14117,14117,1
2020-12-15,15:17:31.030000,14116,14117,14117,1
2020-12-15,15:17:32.776000,14117,14118,14117,4
2020-12-15,15:17:37.397000,14116,14117,14117,1
2020-12-15,15:17:39.178000,14116,14117,14117,5
2020-12-15,15:17:40.948000,14116,14117,14117,1
2020-12-15,15:17:42.586000,14116,14117,14117,1
2020-12-15,15:17:46.414000,14117,14118,14118,1
2020-12-15,15:17:46.801000,14117,14118,14117,5
2020-12-15,15:17:48.077000,14116,14117,14117,1
2020-12-15,15:17:48.137000,14116,14117,14117,2
2020-12-15,15:17:48.301000,14116,14117,14117,2
2020-12-15,15:17:49.579000,14117,14118,14117,1
2020-12-15,15:17:52.183000,14117,14118,14117,1
2020-12-15,15:17:52.215000,14117,14118,14117,1
2020-12-15,15:17:52.231000,14117,14118,14117,1
2020-12-15,15:17:52.263000,14116,14118,14116,1
2020-12-15,15:17:52.279000,14116,14118,14116,2
2020-12-15,15:17:52.310000,14116,14118,14116,2
2020-12-15,15:17:52.325000,14116,14118,14116,1
2020-12-15,15:17:52.342000,14116,14118,14116,1
2020-12-15,15:17:52.357000,14116,14118,14116,1
2020-12-15,15:17:52.357000,14116,14118,14115,1
2020-12-15,15:17:52.373000,14115,14117,14115,2
2020-12-15,15:17:53.978000,14115,14117,14115,1
2020-12-15,15:17:57.598000,14115,14117,14116,1
2020-12-15,15:18:00.592000,14116,14117,14117,2
2020-12-15,15:18:04.281000,14117,14118,14118,4
2020-12-15,15:18:04.282000,14117,14118,14118,1
2020-12-15,15:18:04.282000,14117,14118,14118,1
2020-12-15,15:18:04.282000,14117,14118,14118,17
2020-12-15,15:18:04.282000,14117,14118,14118,3
2020-12-15,15:18:05.008000,14117,14119,14119,1
2020-12-15,15:18:05.236000,14117,14119,14118,1
2020-12-15,15:18:05.423000,14117,14119,14119,5
2020-12-15,15:18:05.449000,14117,14119,14118,1
2020-12-15,15:18:05.699000,14117,14119,14119,1
2020-12-15,15:18:05.804000,14117,14119,14119,1
2020-12-15,15:18:06.370000,14117,14118,14117,1
2020-12-15,15:18:08.201000,14117,14118,14118,2
2020-12-15,15:18:08.243000,14117,14119,14119,1
2020-12-15,15:18:09.143000,14117,14119,14117,13
2020-12-15,15:18:09.143000,14117,14119,14117,1
2020-12-15,15:18:09.144000,14117,14119,14117,1
2020-12-15,15:18:09.144000,14117,14119,14117,4
2020-12-15,15:18:09.145000,14117,14119,14117,1
2020-12-15,15:18:09.145000,14117,14119,14117,2
2020-12-15,15:18:09.145000,14117,14119,14117,1
2020-12-15,15:18:10.093000,14116,14118,14117,1
2020-12-15,15:18:12.544000,14116,14117,14117,1
2020-12-15,15:18:17.903000,14117,14118,14117,1
2020-12-15,15:18:20.918000,14117,14118,14117,5
2020-12-15,15:18:28.182000,14116,14117,14117,5
2020-12-15,15:18:28.182000,14116,14117,14117,1
2020-12-15,15:18:28.182000,14116,14117,14117,4
2020-12-15,15:18:28.289000,14116,14118,14118,1
2020-12-15,15:18:32.965000,14117,14118,14117,1
2020-12-15,15:18:38.207000,14117,14118,14118,1
2020-12-15,15:18:43.963000,14117,14118,14117,1
2020-12-15,15:18:44.996000,14117,14118,14118,1
2020-12-15,15:18:45.594000,14117,14118,14118,1
2020-12-15,15:18:53.744000,14117,14118,14117,1
2020-12-15,15:18:53.965000,14117,14118,14117,1
2020-12-15,15:18:54.385000,14117,14118,14118,11
2020-12-15,15:18:55.391000,14117,14118,14117,1
2020-12-15,15:18:59.427000,14117,14118,14117,1
2020-12-15,15:19:03.168000,14117,14118,14118,4
2020-12-15,15:19:03.250000,14117,14118,14118,1
2020-12-15,15:19:09.239000,14117,14118,14118,2
2020-12-15,15:19:09.239000,14117,14118,14118,5
2020-12-15,15:19:09.240000,14117,14118,14118,1
2020-12-15,15:19:09.240000,14117,14118,14118,1
2020-12-15,15:19:10.250000,14117,14118,14118,4
2020-12-15,15:19:10.309000,14117,14118,14118,1
2020-12-15,15:19:10.371000,14117,14119,14119,1
2020-12-15,15:19:10.783000,14117,14119,14118,1
2020-12-15,15:19:16.678000,14118,14119,14118,7
2020-12-15,15:19:19.326000,14118,14119,14119,1
2020-12-15,15:19:19.374000,14118,14119,14119,1
2020-12-15,15:19:19.374000,14118,14119,14119,1
2020-12-15,15:19:19.394000,14118,14119,14118,1
2020-12-15,15:19:19.949000,14118,14119,14119,1
2020-12-15,15:19:21.244000,14118,14119,14119,1
2020-12-15,15:19:26.639000,14118,14119,14119,1
2020-12-15,15:19:30.560000,14118,14119,14118,1
2020-12-15,15:19:30.618000,14118,14119,14119,1
2020-12-15,15:19:32.081000,14118,14119,14119,9
2020-12-15,15:19:32.081000,14118,14119,14119,5
2020-12-15,15:19:32.342000,14118,14119,14119,1
2020-12-15,15:19:32.342000,14118,14119,14119,4
2020-12-15,15:19:32.343000,14118,14119,14119,1
2020-12-15,15:19:33.077000,14118,14119,14119,1
2020-12-15,15:19:33.869000,14118,14119,14119,1
2020-12-15,15:19:44.312000,14118,14119,14119,1
2020-12-15,15:19:46.642000,14119,14120,14119,1
2020-12-15,15:19:50.219000,14119,14120,14120,4
2020-12-15,15:19:50.486000,14119,14120,14120,1
2020-12-15,15:19:50.554000,14119,14120,14120,1
2020-12-15,15:19:51.101000,14119,14120,14120,1
2020-12-15,15:19:54.195000,14119,14120,14120,4
2020-12-15,15:19:55.431000,14119,14120,14119,1
2020-12-15,15:19:55.517000,14119,14120,14120,1
2020-12-15,15:19:58.305000,14119,14120,14119,1
2020-12-15,15:20:00.500000,14119,14120,14120,1
2020-12-15,15:20:00.519000,14119,14120,14120,1
2020-12-15,15:20:00.688000,14119,14120,14120,1
2020-12-15,15:20:01.874000,14119,14120,14119,1
2020-12-15,15:20:02.166000,14119,14120,14120,10
2020-12-15,15:20:08.106000,14119,14120,14120,1
2020-12-15,15:20:08.106000,14119,14120,14120,3
2020-12-15,15:20:08.385000,14119,14120,14120,1
2020-12-15,15:20:13.549000,14119,14120,14119,1
2020-12-15,15:20:13.550000,14119,14120,14119,4
2020-12-15,15:20:13.550000,14119,14120,14119,5
2020-12-15,15:20:16.225000,14118,14119,14119,1
2020-12-15,15:20:17.319000,14118,14119,14119,1
2020-12-15,15:20:17.372000,14118,14119,14119,1
2020-12-15,15:20:17.949000,14118,14119,14119,1
2020-12-15,15:20:20.861000,14118,14119,14119,1
2020-12-15,15:20:21.757000,14118,14119,14118,1
2020-12-15,15:20:23.860000,14118,14119,14119,2
2020-12-15,15:20:29.642000,14118,14119,14118,5
2020-12-15,15:20:34.996000,14118,14119,14118,6
2020-12-15,15:20:36.242000,14117,14118,14117,14
2020-12-15,15:20:36.702000,14116,14117,14117,1
2020-12-15,15:20:37.714000,14117,14118,14117,5
2020-12-15,15:20:38.463000,14117,14118,14117,1
2020-12-15,15:20:43.678000,14116,14118,14117,1
2020-12-15,15:20:50.212000,14116,14117,14116,1
2020-12-15,15:20:51.953000,14116,14117,14117,1
2020-12-15,15:20:57.535000,14116,14117,14117,1
2020-12-15,15:20:58.139000,14116,14117,14117,1
2020-12-15,15:20:59.270000,14116,14118,14117,2
2020-12-15,15:21:03.250000,14116,14118,14116,1
2020-12-15,15:21:20.537000,14116,14117,14116,11
2020-12-15,15:21:20.537000,14116,14117,14116,4
2020-12-15,15:21:20.537000,14116,14117,14116,13
2020-12-15,15:21:20.596000,14116,14117,14115,1
2020-12-15,15:21:20.610000,14116,14117,14115,1
2020-12-15,15:21:20.658000,14115,14116,14115,2
2020-12-15,15:21:20.660000,14115,14116,14115,1
2020-12-15,15:21:20.662000,14115,14116,14115,1
2020-12-15,15:21:20.664000,14115,14116,14115,1
2020-12-15,15:21:23.141000,14115,14116,14115,5
2020-12-15,15:21:31.063000,14115,14117,14115,1
2020-12-15,15:21:34.428000,14115,14116,14115,1
2020-12-15,15:21:34.428000,14115,14116,14115,2
2020-12-15,15:21:35.214000,14114,14115,14114,1
2020-12-15,15:21:36.030000,14114,14115,14115,2
2020-12-15,15:21:44.126000,14115,14116,14115,1
2020-12-15,15:21:44.403000,14114,14115,14114,10
2020-12-15,15:21:49.126000,14113,14114,14114,3
2020-12-15,15:21:49.126000,14113,14114,14114,1
2020-12-15,15:21:51.775000,14114,14115,14114,2
2020-12-15,15:21:51.802000,14114,14115,14114,4
2020-12-15,15:21:52.632000,14114,14115,14115,1
2020-12-15,15:21:53.475000,14114,14115,14114,1
2020-12-15,15:21:53.475000,14114,14115,14113,1
2020-12-15,15:21:57.152000,14114,14115,14114,1
2020-12-15,15:21:58.888000,14113,14114,14114,1
2020-12-15,15:22:00.553000,14114,14115,14114,1
2020-12-15,15:22:05.229000,14114,14115,14115,1
2020-12-15,15:22:06.895000,14114,14115,14114,1
2020-12-15,15:22:08.556000,14114,14115,14114,5
2020-12-15,15:22:09.219000,14114,14115,14115,1
2020-12-15,15:22:09.896000,14114,14115,14114,1
2020-12-15,15:22:11.899000,14114,14115,14114,1
2020-12-15,15:22:11.928000,14114,14115,14114,1
2020-12-15,15:22:12.436000,14114,14115,14114,1
2020-12-15,15:22:18.523000,14114,14115,14114,5
2020-12-15,15:22:21.096000,14114,14115,14114,1
2020-12-15,15:22:24.436000,14114,14115,14114,1
2020-12-15,15:22:24.546000,14113,14115,14113,1
2020-12-15,15:22:27.851000,14114,14115,14114,1
2020-12-15,15:22:28.132000,14114,14115,14114,4
2020-12-15,15:22:30.891000,14113,14114,14113,1
2020-12-15,15:22:40.880000,14113,14114,14113,18
2020-12-15,15:22:44.770000,14112,14113,14113,1
2020-12-15,15:22:45.188000,14112,14113,14113,1
2020-12-15,15:22:48.031000,14112,14114,14112,1
2020-12-15,15:22:50.142000,14112,14113,14113,1
2020-12-15,15:22:54.036000,14112,14113,14113,1
2020-12-15,15:23:02.267000,14112,14113,14112,1
2020-12-15,15:23:03.373000,14112,14113,14113,1
2020-12-15,15:23:03.958000,14112,14113,14112,1
2020-12-15,15:23:12.688000,14112,14113,14112,1
2020-12-15,15:23:19.491000,14112,14113,14113,3
2020-12-15,15:23:20.705000,14112,14113,14112,1
2020-12-15,15:23:32.375000,14112,14113,14112,2
2020-12-15,15:23:40.630000,14112,14113,14112,1
2020-12-15,15:23:40.630000,14112,14113,14112,2
2020-12-15,15:23:40.630000,14112,14113,14112,1
2020-12-15,15:23:40.631000,14112,14113,14112,1
2020-12-15,15:23:40.631000,14112,14113,14112,1
2020-12-15,15:23:40.631000,14112,14113,14112,3
2020-12-15,15:23:40.631000,14112,14113,14112,4
2020-12-15,15:23:40.631000,14112,14113,14112,1
2020-12-15,15:23:43.415000,14111,14112,14112,1
2020-12-15,15:23:43.421000,14111,14112,14111,1
2020-12-15,15:23:43.535000,14111,14112,14112,1
2020-12-15,15:23:48.092000,14111,14112,14112,1
2020-12-15,15:24:00.681000,14111,14112,14111,1
2020-12-15,15:24:02.138000,14111,14112,14112,5
2020-12-15,15:24:02.223000,14111,14112,14112,2
2020-12-15,15:24:02.354000,14111,14113,14113,1
2020-12-15,15:24:02.630000,14111,14113,14113,1
2020-12-15,15:24:02.637000,14111,14113,14113,1
2020-12-15,15:24:02.655000,14111,14113,14113,2
2020-12-15,15:24:02.662000,14111,14113,14113,2
2020-12-15,15:24:03.699000,14112,14113,14112,1
2020-12-15,15:24:05.299000,14112,14113,14112,1
2020-12-15,15:24:08.774000,14112,14113,14113,2
2020-12-15,15:24:08.775000,14112,14113,14113,1
2020-12-15,15:24:19.485000,14112,14114,14113,1
2020-12-15,15:24:30.068000,14113,14114,14113,1
2020-12-15,15:24:46.954000,14112,14114,14113,1
2020-12-15,15:24:51.075000,14112,14114,14113,1
2020-12-15,15:24:58.953000,14112,14113,14113,1
2020-12-15,15:25:01.432000,14112,14113,14112,1
2020-12-15,15:25:02.142000,14112,14113,14112,1
2020-12-15,15:25:04.727000,14112,14113,14113,4
2020-12-15,15:25:04.804000,14112,14113,14113,1
2020-12-15,15:25:05.042000,14112,14113,14113,1
2020-12-15,15:25:05.253000,14112,14113,14113,1
2020-12-15,15:25:05.352000,14112,14113,14113,1
2020-12-15,15:25:07.842000,14112,14113,14112,3
2020-12-15,15:25:15.190000,14112,14113,14113,1
2020-12-15,15:25:15.191000,14112,14113,14113,1
2020-12-15,15:25:15.191000,14112,14113,14113,1
2020-12-15,15:25:20.711000,14113,14114,14113,2
2020-12-15,15:25:28.035000,14112,14113,14113,1
2020-12-15,15:25:51.557000,14113,14114,14113,1
2020-12-15,15:26:03.986000,14113,14114,14114,1
2020-12-15,15:26:04.253000,14113,14114,14114,2
2020-12-15,15:26:04.508000,14113,14114,14114,1
2020-12-15,15:26:20.664000,14113,14114,14113,3
2020-12-15,15:26:22.622000,14112,14113,14113,1
2020-12-15,15:26:41.967000,14112,14113,14113,1
2020-12-15,15:26:43.288000,14112,14113,14113,1
2020-12-15,15:26:50.797000,14112,14114,14112,10
2020-12-15,15:26:50.797000,14112,14114,14112,1
2020-12-15,15:26:50.797000,14112,14114,14112,5
2020-12-15,15:26:56.221000,14111,14112,14111,5
2020-12-15,15:26:56.268000,14111,14112,14111,1
2020-12-15,15:26:59.362000,14111,14112,14111,1
2020-12-15,15:27:02.346000,14111,14112,14111,6
2020-12-15,15:27:02.367000,14111,14112,14111,6
2020-12-15,15:27:05.142000,14110,14111,14110,8
2020-12-15,15:27:10.386000,14109,14110,14109,1
2020-12-15,15:27:10.516000,14109,14110,14109,1
2020-12-15,15:27:10.516000,14109,14110,14109,1
2020-12-15,15:27:10.540000,14109,14110,14109,1
2020-12-15,15:27:10.541000,14109,14110,14109,8
2020-12-15,15:27:10.629000,14108,14110,14108,1
2020-12-15,15:27:11.168000,14108,14110,14108,1
2020-12-15,15:27:21.465000,14108,14109,14108,1
2020-12-15,15:27:21.725000,14108,14109,14108,1
2020-12-15,15:27:23.852000,14108,14109,14109,2
2020-12-15,15:27:24.934000,14108,14110,14108,1
2020-12-15,15:27:25.024000,14108,14110,14108,1
2020-12-15,15:27:26.099000,14108,14110,14108,3
2020-12-15,15:27:27.856000,14108,14109,14109,2
2020-12-15,15:27:35.325000,14108,14109,14109,1
2020-12-15,15:27:35.394000,14108,14109,14108,5
2020-12-15,15:27:36.988000,14108,14109,14109,1
2020-12-15,15:27:39.640000,14108,14109,14108,5
2020-12-15,15:27:40.847000,14108,14109,14108,1
2020-12-15,15:27:41.206000,14107,14108,14108,1
2020-12-15,15:27:41.226000,14107,14108,14107,21
2020-12-15,15:27:41.227000,14107,14108,14107,4
2020-12-15,15:27:44.416000,14106,14107,14107,1
2020-12-15,15:27:47.734000,14106,14107,14106,2
2020-12-15,15:27:47.767000,14106,14107,14106,1
2020-12-15,15:27:47.880000,14106,14107,14106,1
2020-12-15,15:27:48.617000,14106,14107,14106,1
2020-12-15,15:27:49.764000,14106,14107,14106,1
2020-12-15,15:27:50.868000,14106,14107,14106,1
2020-12-15,15:27:51.263000,14106,14107,14106,1
2020-12-15,15:27:52.326000,14106,14107,14106,1
2020-12-15,15:27:52.448000,14105,14107,14105,2
2020-12-15,15:27:52.522000,14105,14107,14105,1
2020-12-15,15:27:52.553000,14105,14107,14105,1
2020-12-15,15:27:52.688000,14105,14107,14105,1
2020-12-15,15:27:55.111000,14105,14106,14105,1
2020-12-15,15:27:55.478000,14105,14106,14105,1
2020-12-15,15:27:57.189000,14105,14106,14106,1
2020-12-15,15:27:57.302000,14105,14107,14105,1
2020-12-15,15:27:57.398000,14105,14106,14105,1
2020-12-15,15:27:58.138000,14105,14106,14105,3
2020-12-15,15:27:58.610000,14104,14105,14105,2
2020-12-15,15:27:58.642000,14104,14105,14104,1
2020-12-15,15:27:59.140000,14104,14105,14105,1
2020-12-15,15:27:59.820000,14104,14105,14105,4
2020-12-15,15:28:00.337000,14104,14106,14104,7
2020-12-15,15:28:00.967000,14103,14105,14104,1
2020-12-15,15:28:01.334000,14103,14105,14104,1
2020-12-15,15:28:03.574000,14104,14105,14104,1
2020-12-15,15:28:03.579000,14104,14105,14104,1
2020-12-15,15:28:05.617000,14104,14105,14105,1
2020-12-15,15:28:05.771000,14105,14106,14106,1
2020-12-15,15:28:06.139000,14105,14106,14106,2
2020-12-15,15:28:06.366000,14105,14107,14105,3
2020-12-15,15:28:08.971000,14106,14107,14106,6
2020-12-15,15:28:08.971000,14106,14107,14105,2
2020-12-15,15:28:09.505000,14106,14107,14106,2
2020-12-15,15:28:14.562000,14106,14107,14106,1
2020-12-15,15:28:17.870000,14106,14107,14106,2
2020-12-15,15:28:17.870000,14106,14107,14105,7
2020-12-15,15:28:19.568000,14105,14106,14106,2
2020-12-15,15:28:19.897000,14106,14107,14106,3
2020-12-15,15:28:19.897000,14106,14107,14105,1
2020-12-15,15:28:33.376000,14105,14107,14105,2
2020-12-15,15:28:33.591000,14105,14107,14105,9
2020-12-15,15:28:37.562000,14105,14106,14105,1
2020-12-15,15:28:38.062000,14105,14106,14106,1
2020-12-15,15:28:44.446000,14105,14106,14106,1
2020-12-15,15:28:44.528000,14106,14107,14106,2
2020-12-15,15:28:46.992000,14106,14107,14107,10
2020-12-15,15:28:49.242000,14107,14108,14108,2
2020-12-15,15:28:51.190000,14108,14109,14109,2
2020-12-15,15:28:51.311000,14108,14109,14109,1
2020-12-15,15:28:51.313000,14108,14109,14109,6
2020-12-15,15:28:54.879000,14109,14110,14109,4
2020-12-15,15:28:57.567000,14109,14110,14110,6
2020-12-15,15:29:11.037000,14110,14112,14112,9
2020-12-15,15:29:11.142000,14111,14112,14112,2
2020-12-15,15:29:11.603000,14111,14113,14113,1
2020-12-15,15:29:12.155000,14111,14113,14111,1
2020-12-15,15:29:12.864000,14111,14112,14112,1
2020-12-15,15:29:15.870000,14111,14113,14113,1
2020-12-15,15:29:16.712000,14111,14113,14113,1
2020-12-15,15:29:18.831000,14111,14113,14111,1
2020-12-15,15:29:19.088000,14111,14113,14113,1
2020-12-15,15:29:21.395000,14111,14113,14113,10
2020-12-15,15:29:29.137000,14111,14113,14113,3
2020-12-15,15:29:29.477000,14113,14114,14113,1
2020-12-15,15:29:29.631000,14113,14114,14113,1
2020-12-15,15:29:30.283000,14112,14114,14114,1
2020-12-15,15:29:34.772000,14113,14114,14113,1
2020-12-15,15:29:34.879000,14112,14113,14113,3
2020-12-15,15:29:34.897000,14112,14113,14113,1
2020-12-15,15:29:39.110000,14112,14113,14113,3
2020-12-15,15:29:42.258000,14113,14114,14113,1
2020-12-15,15:29:44.244000,14112,14113,14113,1
2020-12-15,15:29:44.912000,14112,14113,14113,1
2020-12-15,15:29:47.184000,14112,14113,14113,1
2020-12-15,15:29:48.613000,14112,14114,14114,1
2020-12-15,15:29:50.576000,14112,14113,14113,1
2020-12-15,15:29:50.785000,14113,14114,14114,7
2020-12-15,15:29:52.474000,14114,14115,14114,1
2020-12-15,15:29:57.918000,14113,14114,14114,2
2020-12-15,15:29:59.090000,14113,14114,14113,2
2020-12-15,15:29:59.090000,14113,14114,14113,1
2020-12-15,15:29:59.923000,14112,14113,14113,1
2020-12-15,15:30:01.101000,14113,14114,14113,1
2020-12-15,15:30:01.479000,14112,14114,14114,1
2020-12-15,15:30:01.493000,14112,14114,14114,1
2020-12-15,15:30:01.681000,14113,14114,14114,4
2020-12-15,15:30:02.297000,14113,14114,14114,2
2020-12-15,15:30:02.751000,14114,14115,14114,1
2020-12-15,15:30:03.423000,14114,14115,14115,2
2020-12-15,15:30:04.368000,14114,14115,14114,1
2020-12-15,15:30:13.391000,14113,14115,14115,4
2020-12-15,15:30:13.393000,14113,14115,14115,20
2020-12-15,15:30:13.393000,14113,14115,14115,4
2020-12-15,15:30:13.520000,14114,14116,14116,1
2020-12-15,15:30:18.090000,14115,14116,14116,1
2020-12-15,15:30:19.247000,14115,14116,14115,5
2020-12-15,15:30:19.248000,14115,14116,14115,7
2020-12-15,15:30:19.713000,14114,14116,14116,5
2020-12-15,15:30:25.436000,14115,14116,14115,2
2020-12-15,15:30:29.040000,14115,14116,14116,7
2020-12-15,15:30:30.537000,14115,14116,14116,1
2020-12-15,15:30:32.182000,14115,14116,14116,2
2020-12-15,15:30:36.010000,14115,14117,14115,1
2020-12-15,15:30:39.610000,14115,14116,14115,1
2020-12-15,15:30:43.676000,14114,14115,14114,2
2020-12-15,15:30:58.523000,14113,14114,14113,3
2020-12-15,15:31:02.255000,14113,14114,14114,2
2020-12-15,15:31:02.256000,14113,14114,14114,2
2020-12-15,15:31:02.256000,14113,14114,14114,1
2020-12-15,15:31:04.564000,14114,14115,14115,1
2020-12-15,15:31:04.756000,14114,14115,14115,1
2020-12-15,15:31:09.741000,14114,14115,14114,1
2020-12-15,15:31:18.799000,14115,14116,14115,1
2020-12-15,15:31:33.446000,14114,14115,14115,1
2020-12-15,15:31:44.742000,14114,14115,14114,9
2020-12-15,15:31:53.625000,14112,14113,14113,1
2020-12-15,15:31:53.743000,14112,14113,14113,1
2020-12-15,15:31:55.367000,14112,14113,14112,5
2020-12-15,15:31:55.368000,14112,14113,14112,1
2020-12-15,15:32:08.249000,14113,14114,14113,6
2020-12-15,15:32:08.249000,14113,14114,14112,3
2020-12-15,15:32:08.681000,14112,14113,14113,1
2020-12-15,15:32:13.080000,14112,14114,14113,2
2020-12-15,15:32:14.245000,14112,14113,14113,1
2020-12-15,15:32:17.179000,14113,14114,14113,1
2020-12-15,15:32:17.279000,14113,14114,14113,4
2020-12-15,15:32:17.849000,14113,14114,14114,4
2020-12-15,15:32:21.202000,14113,14114,14114,2
2020-12-15,15:32:22.359000,14113,14114,14114,1
2020-12-15,15:32:24.504000,14114,14115,14115,1
2020-12-15,15:32:24.607000,14114,14115,14115,1
2020-12-15,15:32:26.076000,14114,14116,14114,1
2020-12-15,15:32:30.489000,14114,14116,14115,1
2020-12-15,15:32:32.231000,14114,14116,14114,1
2020-12-15,15:32:35.027000,14114,14115,14115,1
2020-12-15,15:32:40.992000,14114,14115,14115,1
2020-12-15,15:32:40.993000,14114,14115,14115,1
2020-12-15,15:32:49.430000,14114,14116,14116,1
2020-12-15,15:33:05.360000,14113,14114,14114,1
2020-12-15,15:33:14.818000,14113,14114,14114,5
2020-12-15,15:33:14.818000,14113,14114,14114,4
2020-12-15,15:33:14.882000,14114,14115,14115,3
2020-12-15,15:33:23.749000,14114,14115,14114,2
2020-12-15,15:33:48.704000,14114,14115,14114,2
2020-12-15,15:33:50.043000,14113,14114,14113,1
2020-12-15,15:33:50.044000,14113,14114,14113,1
2020-12-15,15:33:50.044000,14113,14114,14113,7
2020-12-15,15:33:50.103000,14113,14114,14112,1
2020-12-15,15:33:58.006000,14112,14113,14112,2
2020-12-15,15:34:17.011000,14112,14113,14112,2
2020-12-15,15:34:23.804000,14112,14113,14112,1
2020-12-15,15:34:28.648000,14112,14113,14112,5
2020-12-15,15:34:28.649000,14112,14113,14112,1
2020-12-15,15:34:28.649000,14112,14113,14112,1
2020-12-15,15:34:28.649000,14112,14113,14112,1
2020-12-15,15:34:52.220000,14111,14112,14111,2
2020-12-15,15:34:52.221000,14111,14112,14111,4
2020-12-15,15:34:52.221000,14111,14112,14111,2
2020-12-15,15:34:52.282000,14110,14111,14110,1
2020-12-15,15:34:52.296000,14110,14111,14110,1
2020-12-15,15:34:52.450000,14110,14111,14110,1
2020-12-15,15:34:56.127000,14110,14111,14111,1
2020-12-15,15:34:58.703000,14110,14111,14110,2
2020-12-15,15:35:10.054000,14110,14111,14110,1
2020-12-15,15:35:10.946000,14110,14111,14110,1
2020-12-15,15:35:13.925000,14110,14111,14110,1
2020-12-15,15:35:18.203000,14110,14111,14110,1
2020-12-15,15:35:20.005000,14109,14110,14110,1
2020-12-15,15:35:23.181000,14109,14110,14110,1
2020-12-15,15:35:23.181000,14109,14110,14110,2
2020-12-15,15:35:34.678000,14110,14111,14110,1
2020-12-15,15:35:34.745000,14110,14111,14110,1
2020-12-15,15:35:39.117000,14110,14111,14111,3
2020-12-15,15:35:54.435000,14112,14113,14112,1
2020-12-15,15:36:00.110000,14112,14113,14112,3
2020-12-15,15:36:00.112000,14112,14113,14112,2
2020-12-15,15:36:00.125000,14111,14113,14113,1
2020-12-15,15:36:00.126000,14111,14113,14113,1
2020-12-15,15:36:00.131000,14111,14113,14113,1
2020-12-15,15:36:14.115000,14112,14114,14113,1
2020-12-15,15:36:14.118000,14113,14114,14114,1
2020-12-15,15:36:14.122000,14113,14114,14114,1
2020-12-15,15:36:14.122000,14113,14114,14115,1
2020-12-15,15:36:14.462000,14114,14115,14114,1
2020-12-15,15:36:18.449000,14114,14115,14115,2
2020-12-15,15:36:18.493000,14114,14115,14115,1
2020-12-15,15:36:18.494000,14114,14115,14115,1
2020-12-15,15:36:18.495000,14114,14115,14115,1
2020-12-15,15:36:18.495000,14114,14115,14116,1
2020-12-15,15:36:18.495000,14114,14115,14116,1
2020-12-15,15:36:18.495000,14114,14115,14116,1
2020-12-15,15:36:18.496000,14114,14115,14116,1
2020-12-15,15:36:18.496000,14114,14115,14116,1
2020-12-15,15:36:18.497000,14114,14115,14116,1
2020-12-15,15:36:18.497000,14114,14115,14116,1
2020-12-15,15:36:18.497000,14114,14115,14116,2
2020-12-15,15:36:20.640000,14115,14116,14115,1
2020-12-15,15:36:20.743000,14114,14116,14116,2
2020-12-15,15:36:20.745000,14114,14116,14116,1
2020-12-15,15:36:20.747000,14114,14116,14116,2
2020-12-15,15:36:21.012000,14115,14117,14115,1
2020-12-15,15:36:28.060000,14115,14116,14115,1
2020-12-15,15:36:28.489000,14114,14116,14115,1
2020-12-15,15:36:29.732000,14114,14116,14114,1
2020-12-15,15:36:29.733000,14114,14116,14114,2
2020-12-15,15:36:29.744000,14113,14115,14115,1
2020-12-15,15:36:29.747000,14113,14115,14115,2
2020-12-15,15:36:29.748000,14113,14115,14114,1
2020-12-15,15:36:34.964000,14113,14114,14114,1
2020-12-15,15:37:01.616000,14114,14115,14115,6
2020-12-15,15:37:08.979000,14115,14116,14115,1
2020-12-15,15:37:08.993000,14115,14116,14116,1
2020-12-15,15:37:08.995000,14115,14116,14116,1
2020-12-15,15:37:08.997000,14115,14116,14116,1
2020-12-15,15:37:08.997000,14115,14116,14116,1
2020-12-15,15:37:15.778000,14116,14117,14116,1
2020-12-15,15:37:15.964000,14115,14117,14117,1
2020-12-15,15:37:22.018000,14116,14117,14116,2
2020-12-15,15:37:39.050000,14115,14116,14116,2
2020-12-15,15:37:39.122000,14115,14116,14116,1
2020-12-15,15:37:43.497000,14115,14116,14116,1
2020-12-15,15:37:55.637000,14115,14116,14115,1
2020-12-15,15:37:55.637000,14115,14116,14115,1
2020-12-15,15:37:56.920000,14115,14116,14115,1
2020-12-15,15:38:00.367000,14115,14116,14115,1
2020-12-15,15:38:10.490000,14115,14116,14115,1
2020-12-15,15:38:16.462000,14115,14116,14115,1
2020-12-15,15:38:17.577000,14114,14115,14115,1
2020-12-15,15:38:22.809000,14114,14115,14114,1
2020-12-15,15:38:22.810000,14114,14115,14114,2
2020-12-15,15:38:22.810000,14114,14115,14114,4
2020-12-15,15:38:22.810000,14114,14115,14114,7
2020-12-15,15:38:22.864000,14114,14115,14113,1
2020-12-15,15:38:22.867000,14113,14114,14113,1
2020-12-15,15:38:24.870000,14112,14113,14113,1
2020-12-15,15:38:35.546000,14112,14114,14114,1
2020-12-15,15:38:38.104000,14112,14113,14113,1
2020-12-15,15:38:43.407000,14115,14116,14115,1
2020-12-15,15:38:53.558000,14114,14115,14114,1
2020-12-15,15:38:59.478000,14113,14115,14115,1
2020-12-15,15:39:17.461000,14114,14115,14114,1
2020-12-15,15:39:21.227000,14114,14115,14114,3
2020-12-15,15:39:21.243000,14113,14114,14114,1
2020-12-15,15:39:21.245000,14113,14114,14114,1
2020-12-15,15:39:21.245000,14113,14114,14114,1
2020-12-15,15:39:21.245000,14113,14114,14115,1
2020-12-15,15:39:21.246000,14113,14114,14115,1
2020-12-15,15:39:21.247000,14113,14114,14115,1
2020-12-15,15:39:21.247000,14113,14114,14115,1
2020-12-15,15:39:34.271000,14114,14115,14115,3
2020-12-15,15:39:35.195000,14114,14116,14114,1
2020-12-15,15:39:45.348000,14114,14115,14115,1
2020-12-15,15:39:51.326000,14114,14115,14114,1
2020-12-15,15:39:51.368000,14114,14115,14115,1
2020-12-15,15:39:51.370000,14114,14115,14116,1
2020-12-15,15:39:51.370000,14114,14115,14116,1
2020-12-15,15:39:51.372000,14114,14115,14116,1
2020-12-15,15:39:53.052000,14115,14116,14115,1
2020-12-15,15:39:58.802000,14114,14115,14115,1
2020-12-15,15:39:59.734000,14114,14115,14114,1
2020-12-15,15:40:06.588000,14114,14115,14115,1
2020-12-15,15:40:06.588000,14114,14115,14115,3
2020-12-15,15:40:07.079000,14115,14116,14116,1
2020-12-15,15:40:13.431000,14114,14115,14115,1
2020-12-15,15:40:23.649000,14115,14116,14116,4
2020-12-15,15:40:24.629000,14115,14116,14115,1
2020-12-15,15:40:28.113000,14115,14116,14115,1
2020-12-15,15:40:30.974000,14115,14116,14115,1
2020-12-15,15:40:41.027000,14115,14116,14115,1
2020-12-15,15:40:55.333000,14115,14116,14116,4
2020-12-15,15:40:55.333000,14115,14116,14116,5
2020-12-15,15:41:05.184000,14116,14117,14117,4
2020-12-15,15:41:10.577000,14116,14117,14117,2
2020-12-15,15:41:10.578000,14116,14117,14117,5
2020-12-15,15:41:11.838000,14116,14118,14118,1
2020-12-15,15:41:11.883000,14116,14118,14118,11
2020-12-15,15:41:11.883000,14116,14118,14119,4
2020-12-15,15:41:14.278000,14118,14119,14119,4
2020-12-15,15:41:14.279000,14118,14119,14118,1
2020-12-15,15:41:23.513000,14117,14119,14119,5
2020-12-15,15:41:27.908000,14118,14119,14119,1
2020-12-15,15:41:27.908000,14118,14119,14119,1
2020-12-15,15:41:36.472000,14118,14119,14119,4
2020-12-15,15:41:37.187000,14119,14120,14120,25
2020-12-15,15:41:37.188000,14119,14120,14120,1
2020-12-15,15:41:37.188000,14119,14120,14120,1
2020-12-15,15:41:37.188000,14119,14120,14120,1
