2020-06-05,15:00:00,11457,11459,11476,68
2020-06-05,15:00:00,11475,11476,11475,1
2020-06-05,15:00:00,11475,11476,11475,1
2020-06-05,15:00:00,11475,11476,11476,1
2020-06-05,15:00:00,11475,11476,11476,6
2020-06-05,15:00:00,11475,11477,11477,2
2020-06-05,15:00:00,11475,11477,11476,1
2020-06-05,15:00:00,11475,11477,11477,2
2020-06-05,15:00:00,11475,11477,11477,1
2020-06-05,15:00:00,11475,11477,11477,2
2020-06-05,15:00:00,11475,11477,11477,3
2020-06-05,15:00:00,11475,11477,11478,5
2020-06-05,15:00:00,11477,11478,11478,5
2020-06-05,15:00:00,11477,11478,11479,10
2020-06-05,15:00:00,11477,11478,11480,13
2020-06-05,15:00:00,11477,11478,11479,2
2020-06-05,15:00:00,11477,11478,11480,1
2020-06-05,15:00:00,11477,11478,11480,1
2020-06-05,15:00:00,11477,11478,11480,3
2020-06-05,15:00:00,11477,11478,11481,4
2020-06-05,15:00:00,11477,11478,11478,1
2020-06-05,15:00:00,11477,11478,11480,1
2020-06-05,15:00:00,11477,11478,11481,6
2020-06-05,15:00:00,11477,11478,11478,1
2020-06-05,15:00:00,11477,11480,11480,1
2020-06-05,15:00:00,11477,11480,11480,1
2020-06-05,15:00:00,11477,11480,11478,1
2020-06-05,15:00:00,11478,11480,11480,2
2020-06-05,15:00:00,11478,11480,11480,1
2020-06-05,15:00:00,11478,11480,11480,1
2020-06-05,15:00:00,11478,11480,11480,1
2020-06-05,15:00:00,11478,11480,11479,1
2020-06-05,15:00:00,11479,11480,11479,1
2020-06-05,15:00:00,11479,11480,11477,2
2020-06-05,15:00:00,11479,11480,11478,3
2020-06-05,15:00:00,11479,11480,11480,3
2020-06-05,15:00:00,11479,11480,11479,2
2020-06-05,15:00:00,11479,11480,11480,3
2020-06-05,15:00:00,11479,11480,11480,1
2020-06-05,15:00:00,11479,11480,11480,3
2020-06-05,15:00:00,11479,11480,11481,2
2020-06-05,15:00:00,11479,11480,11479,1
2020-06-05,15:00:00,11479,11480,11479,1
2020-06-05,15:00:00,11479,11480,11479,1
2020-06-05,15:00:00,11479,11480,11479,2
2020-06-05,15:00:00,11478,11480,11480,2
2020-06-05,15:00:00,11478,11480,11480,2
2020-06-05,15:00:00,11478,11480,11479,1
2020-06-05,15:00:00,11478,11480,11481,1
2020-06-05,15:00:00,11478,11480,11481,1
2020-06-05,15:00:00,11478,11480,11481,1
2020-06-05,15:00:01,11478,11481,11481,2
2020-06-05,15:00:01,11478,11481,11479,1
2020-06-05,15:00:01,11478,11481,11479,4
2020-06-05,15:00:01,11478,11479,11478,1
2020-06-05,15:00:01,11478,11479,11479,1
2020-06-05,15:00:01,11478,11479,11479,1
2020-06-05,15:00:01,11478,11479,11478,1
2020-06-05,15:00:01,11477,11479,11479,1
2020-06-05,15:00:01,11477,11479,11477,2
2020-06-05,15:00:01,11477,11479,11479,1
2020-06-05,15:00:01,11477,11479,11479,1
2020-06-05,15:00:01,11477,11479,11479,2
2020-06-05,15:00:01,11478,11479,11479,1
2020-06-05,15:00:01,11478,11479,11479,1
2020-06-05,15:00:01,11478,11479,11479,3
2020-06-05,15:00:01,11478,11479,11479,3
2020-06-05,15:00:01,11477,11479,11479,2
2020-06-05,15:00:01,11477,11480,11476,1
2020-06-05,15:00:01,11477,11480,11477,3
2020-06-05,15:00:01,11477,11480,11479,1
2020-06-05,15:00:01,11477,11480,11478,1
2020-06-05,15:00:01,11476,11478,11476,1
2020-06-05,15:00:01,11476,11478,11478,1
2020-06-05,15:00:01,11476,11478,11479,1
2020-06-05,15:00:01,11476,11478,11478,1
2020-06-05,15:00:02,11477,11479,11479,1
2020-06-05,15:00:02,11477,11479,11479,1
2020-06-05,15:00:02,11477,11479,11477,2
2020-06-05,15:00:02,11477,11479,11476,4
2020-06-05,15:00:02,11476,11478,11477,1
2020-06-05,15:00:02,11476,11478,11478,4
2020-06-05,15:00:03,11476,11478,11478,1
2020-06-05,15:00:03,11477,11478,11478,1
2020-06-05,15:00:03,11477,11478,11478,5
2020-06-05,15:00:03,11477,11478,11478,1
2020-06-05,15:00:03,11478,11479,11479,1
2020-06-05,15:00:03,11478,11479,11478,1
2020-06-05,15:00:03,11478,11479,11479,3
2020-06-05,15:00:03,11478,11479,11479,4
2020-06-05,15:00:03,11478,11480,11478,1
2020-06-05,15:00:03,11478,11479,11480,1
2020-06-05,15:00:03,11478,11479,11479,1
2020-06-05,15:00:04,11478,11480,11480,1
2020-06-05,15:00:04,11478,11480,11478,2
2020-06-05,15:00:04,11478,11480,11479,1
2020-06-05,15:00:04,11478,11480,11480,1
2020-06-05,15:00:04,11478,11480,11480,1
2020-06-05,15:00:04,11478,11480,11480,1
2020-06-05,15:00:04,11478,11480,11479,1
2020-06-05,15:00:04,11478,11479,11479,1
2020-06-05,15:00:04,11478,11479,11479,1
2020-06-05,15:00:04,11478,11479,11479,2
2020-06-05,15:00:04,11478,11479,11478,2
2020-06-05,15:00:04,11477,11478,11477,2
2020-06-05,15:00:05,11477,11479,11477,1
2020-06-05,15:00:05,11477,11479,11477,4
2020-06-05,15:00:05,11476,11478,11478,1
2020-06-05,15:00:05,11476,11478,11477,1
2020-06-05,15:00:06,11476,11478,11476,16
2020-06-05,15:00:06,11475,11477,11478,4
2020-06-05,15:00:06,11475,11477,11477,4
2020-06-05,15:00:06,11475,11477,11477,1
2020-06-05,15:00:06,11476,11478,11476,2
2020-06-05,15:00:06,11475,11476,11475,1
2020-06-05,15:00:06,11475,11476,11476,1
2020-06-05,15:00:07,11475,11476,11476,1
2020-06-05,15:00:07,11475,11476,11476,1
2020-06-05,15:00:08,11475,11476,11476,1
2020-06-05,15:00:08,11476,11477,11475,1
2020-06-05,15:00:08,11476,11477,11476,1
2020-06-05,15:00:08,11476,11477,11475,2
2020-06-05,15:00:10,11475,11476,11476,1
2020-06-05,15:00:10,11475,11477,11477,1
2020-06-05,15:00:10,11475,11477,11475,10
2020-06-05,15:00:10,11475,11477,11475,1
2020-06-05,15:00:10,11475,11476,11476,1
2020-06-05,15:00:11,11475,11476,11476,1
2020-06-05,15:00:11,11475,11476,11475,2
2020-06-05,15:00:11,11475,11476,11476,4
2020-06-05,15:00:11,11476,11477,11476,1
2020-06-05,15:00:11,11476,11477,11477,10
2020-06-05,15:00:12,11476,11477,11476,1
2020-06-05,15:00:12,11476,11477,11477,1
2020-06-05,15:00:12,11476,11477,11476,1
2020-06-05,15:00:12,11476,11477,11476,9
2020-06-05,15:00:12,11475,11476,11476,5
2020-06-05,15:00:12,11476,11477,11476,1
2020-06-05,15:00:12,11476,11477,11477,2
2020-06-05,15:00:13,11475,11477,11475,1
2020-06-05,15:00:13,11475,11476,11475,2
2020-06-05,15:00:14,11475,11476,11475,3
2020-06-05,15:00:14,11475,11476,11474,1
2020-06-05,15:00:14,11474,11475,11475,1
2020-06-05,15:00:14,11474,11475,11475,6
2020-06-05,15:00:14,11475,11476,11476,1
2020-06-05,15:00:15,11475,11477,11477,1
2020-06-05,15:00:15,11475,11477,11475,1
2020-06-05,15:00:15,11475,11477,11477,1
2020-06-05,15:00:15,11475,11477,11477,1
2020-06-05,15:00:15,11475,11477,11477,1
2020-06-05,15:00:15,11475,11477,11477,1
2020-06-05,15:00:15,11475,11477,11477,5
2020-06-05,15:00:16,11476,11477,11476,1
2020-06-05,15:00:16,11476,11477,11475,1
2020-06-05,15:00:16,11475,11476,11476,1
2020-06-05,15:00:16,11475,11477,11477,1
2020-06-05,15:00:17,11475,11477,11475,1
2020-06-05,15:00:17,11475,11476,11476,1
2020-06-05,15:00:18,11475,11476,11475,1
2020-06-05,15:00:18,11475,11476,11475,2
2020-06-05,15:00:18,11474,11476,11474,1
2020-06-05,15:00:19,11475,11476,11476,1
2020-06-05,15:00:19,11475,11476,11476,8
2020-06-05,15:00:19,11475,11476,11476,7
2020-06-05,15:00:19,11475,11476,11475,1
2020-06-05,15:00:19,11474,11476,11474,1
2020-06-05,15:00:20,11475,11477,11476,1
2020-06-05,15:00:20,11475,11477,11477,10
2020-06-05,15:00:20,11475,11476,11475,1
2020-06-05,15:00:21,11475,11476,11475,2
2020-06-05,15:00:21,11475,11476,11476,7
2020-06-05,15:00:22,11476,11477,11476,1
2020-06-05,15:00:22,11476,11477,11477,1
2020-06-05,15:00:22,11476,11477,11477,1
2020-06-05,15:00:22,11476,11477,11476,1
2020-06-05,15:00:22,11476,11477,11476,2
2020-06-05,15:00:23,11476,11477,11476,2
2020-06-05,15:00:23,11476,11477,11477,1
2020-06-05,15:00:23,11476,11477,11476,3
2020-06-05,15:00:23,11475,11476,11476,1
2020-06-05,15:00:24,11475,11476,11475,1
2020-06-05,15:00:25,11475,11476,11476,1
2020-06-05,15:00:25,11475,11476,11475,1
2020-06-05,15:00:26,11475,11476,11475,1
2020-06-05,15:00:26,11475,11476,11476,1
2020-06-05,15:00:26,11475,11476,11475,1
2020-06-05,15:00:26,11475,11476,11476,2
2020-06-05,15:00:26,11475,11476,11476,1
2020-06-05,15:00:27,11475,11476,11475,1
2020-06-05,15:00:27,11475,11476,11475,1
2020-06-05,15:00:27,11475,11476,11476,1
2020-06-05,15:00:28,11475,11476,11476,6
2020-06-05,15:00:28,11475,11476,11476,1
2020-06-05,15:00:28,11475,11476,11476,1
2020-06-05,15:00:28,11475,11476,11476,6
2020-06-05,15:00:28,11475,11476,11476,1
2020-06-05,15:00:29,11476,11477,11476,3
2020-06-05,15:00:29,11476,11477,11476,1
2020-06-05,15:00:30,11476,11477,11476,1
2020-06-05,15:00:30,11476,11477,11476,1
2020-06-05,15:00:32,11475,11476,11476,2
2020-06-05,15:00:32,11475,11476,11477,8
2020-06-05,15:00:32,11476,11477,11476,1
2020-06-05,15:00:33,11476,11477,11476,3
2020-06-05,15:00:33,11476,11477,11476,3
2020-06-05,15:00:33,11476,11477,11476,2
2020-06-05,15:00:35,11476,11477,11477,4
2020-06-05,15:00:35,11476,11477,11477,11
2020-06-05,15:00:35,11476,11477,11477,1
2020-06-05,15:00:35,11476,11477,11477,1
2020-06-05,15:00:35,11476,11477,11477,3
2020-06-05,15:00:35,11476,11477,11477,2
2020-06-05,15:00:36,11476,11478,11476,1
2020-06-05,15:00:36,11476,11478,11476,1
2020-06-05,15:00:38,11476,11477,11476,10
2020-06-05,15:00:38,11476,11477,11477,9
2020-06-05,15:00:40,11477,11478,11478,2
2020-06-05,15:00:40,11477,11478,11478,17
2020-06-05,15:00:40,11477,11478,11478,1
2020-06-05,15:00:40,11477,11478,11478,1
2020-06-05,15:00:40,11477,11478,11479,2
2020-06-05,15:00:40,11477,11478,11479,1
2020-06-05,15:00:40,11477,11478,11479,1
2020-06-05,15:00:40,11478,11479,11478,1
2020-06-05,15:00:40,11478,11479,11479,2
2020-06-05,15:00:40,11478,11479,11479,2
2020-06-05,15:00:41,11478,11479,11479,4
2020-06-05,15:00:41,11479,11480,11480,3
2020-06-05,15:00:41,11479,11480,11480,2
2020-06-05,15:00:41,11479,11480,11479,1
2020-06-05,15:00:41,11479,11480,11479,1
2020-06-05,15:00:42,11479,11480,11479,5
2020-06-05,15:00:42,11479,11480,11479,3
2020-06-05,15:00:42,11479,11480,11479,2
2020-06-05,15:00:42,11479,11480,11479,2
2020-06-05,15:00:42,11479,11480,11479,2
2020-06-05,15:00:42,11479,11480,11480,1
2020-06-05,15:00:42,11479,11480,11479,1
2020-06-05,15:00:42,11479,11480,11479,1
2020-06-05,15:00:43,11479,11480,11480,1
2020-06-05,15:00:43,11479,11480,11479,2
2020-06-05,15:00:43,11479,11480,11479,2
2020-06-05,15:00:43,11479,11480,11479,15
2020-06-05,15:00:43,11479,11480,11479,5
2020-06-05,15:00:44,11478,11480,11479,1
2020-06-05,15:00:45,11478,11480,11480,1
2020-06-05,15:00:46,11478,11479,11479,1
2020-06-05,15:00:49,11478,11479,11479,8
2020-06-05,15:00:49,11478,11479,11479,1
2020-06-05,15:00:50,11479,11480,11479,1
2020-06-05,15:00:50,11479,11480,11479,1
2020-06-05,15:00:50,11479,11480,11479,1
2020-06-05,15:00:50,11479,11480,11479,1
2020-06-05,15:00:51,11479,11480,11480,10
2020-06-05,15:00:51,11479,11480,11480,5
2020-06-05,15:00:51,11480,11481,11480,2
2020-06-05,15:00:52,11480,11481,11481,1
2020-06-05,15:00:53,11480,11481,11481,6
2020-06-05,15:00:53,11480,11481,11481,1
2020-06-05,15:00:53,11480,11481,11480,1
2020-06-05,15:00:54,11479,11481,11481,1
2020-06-05,15:00:54,11479,11481,11481,2
2020-06-05,15:00:54,11479,11481,11481,4
2020-06-05,15:00:54,11479,11481,11482,1
2020-06-05,15:00:55,11479,11481,11480,1
2020-06-05,15:00:56,11479,11480,11480,1
2020-06-05,15:00:56,11480,11481,11481,2
2020-06-05,15:00:56,11481,11482,11481,1
2020-06-05,15:00:56,11481,11482,11481,1
2020-06-05,15:00:56,11481,11482,11482,3
2020-06-05,15:00:56,11481,11482,11481,1
2020-06-05,15:00:56,11481,11482,11481,1
2020-06-05,15:00:57,11481,11482,11481,1
2020-06-05,15:00:58,11481,11482,11482,1
2020-06-05,15:00:58,11481,11482,11481,2
2020-06-05,15:00:59,11481,11482,11482,1
2020-06-05,15:00:59,11481,11482,11482,1
2020-06-05,15:00:59,11481,11482,11482,1
2020-06-05,15:00:59,11481,11483,11482,1
2020-06-05,15:00:59,11481,11483,11482,1
2020-06-05,15:00:59,11481,11482,11481,2
2020-06-05,15:01:00,11481,11482,11481,1
2020-06-05,15:01:00,11481,11482,11481,1
2020-06-05,15:01:00,11481,11482,11481,1
2020-06-05,15:01:00,11481,11482,11482,1
2020-06-05,15:01:00,11481,11482,11482,1
2020-06-05,15:01:00,11481,11482,11481,6
2020-06-05,15:01:00,11481,11482,11482,1
2020-06-05,15:01:00,11481,11482,11482,2
2020-06-05,15:01:00,11481,11482,11482,1
2020-06-05,15:01:00,11481,11482,11482,1
2020-06-05,15:01:01,11481,11482,11481,1
2020-06-05,15:01:01,11481,11482,11482,5
2020-06-05,15:01:01,11481,11482,11482,1
2020-06-05,15:01:01,11481,11483,11481,2
2020-06-05,15:01:01,11481,11483,11481,1
2020-06-05,15:01:01,11481,11483,11481,3
2020-06-05,15:01:01,11481,11483,11481,1
2020-06-05,15:01:01,11481,11483,11480,8
2020-06-05,15:01:01,11481,11483,11481,1
2020-06-05,15:01:01,11481,11483,11480,3
2020-06-05,15:01:01,11481,11483,11482,2
2020-06-05,15:01:01,11481,11483,11480,1
2020-06-05,15:01:01,11481,11483,11480,2
2020-06-05,15:01:01,11481,11483,11480,1
2020-06-05,15:01:01,11480,11481,11480,3
2020-06-05,15:01:01,11480,11481,11482,5
2020-06-05,15:01:01,11480,11481,11481,1
2020-06-05,15:01:01,11480,11481,11483,5
2020-06-05,15:01:02,11481,11483,11481,1
2020-06-05,15:01:02,11480,11482,11482,1
2020-06-05,15:01:02,11480,11482,11482,1
2020-06-05,15:01:03,11480,11482,11482,1
2020-06-05,15:01:03,11481,11482,11482,1
2020-06-05,15:01:03,11481,11482,11482,1
2020-06-05,15:01:04,11481,11482,11482,4
2020-06-05,15:01:04,11481,11482,11482,1
2020-06-05,15:01:05,11481,11482,11482,2
2020-06-05,15:01:05,11481,11482,11483,3
2020-06-05,15:01:06,11481,11482,11482,1
2020-06-05,15:01:06,11482,11483,11482,1
2020-06-05,15:01:06,11482,11483,11482,1
2020-06-05,15:01:06,11481,11483,11482,1
2020-06-05,15:01:07,11482,11483,11482,1
2020-06-05,15:01:07,11481,11483,11482,1
2020-06-05,15:01:09,11482,11483,11483,1
2020-06-05,15:01:09,11482,11483,11483,8
2020-06-05,15:01:09,11483,11484,11483,1
2020-06-05,15:01:10,11483,11484,11483,1
2020-06-05,15:01:10,11483,11484,11484,1
2020-06-05,15:01:10,11483,11484,11483,5
2020-06-05,15:01:11,11482,11483,11482,2
2020-06-05,15:01:12,11482,11483,11483,2
2020-06-05,15:01:13,11482,11483,11482,1
2020-06-05,15:01:13,11482,11483,11482,1
2020-06-05,15:01:13,11482,11483,11482,1
2020-06-05,15:01:13,11482,11483,11482,1
2020-06-05,15:01:14,11482,11483,11482,1
2020-06-05,15:01:14,11482,11483,11483,1
2020-06-05,15:01:14,11482,11483,11483,4
2020-06-05,15:01:14,11482,11483,11484,1
2020-06-05,15:01:14,11482,11483,11482,1
2020-06-05,15:01:14,11482,11484,11482,1
2020-06-05,15:01:14,11482,11483,11483,1
2020-06-05,15:01:14,11482,11484,11482,1
2020-06-05,15:01:15,11482,11484,11482,1
2020-06-05,15:01:15,11482,11484,11482,1
2020-06-05,15:01:15,11482,11484,11482,1
2020-06-05,15:01:16,11482,11483,11483,1
2020-06-05,15:01:16,11482,11484,11483,1
2020-06-05,15:01:17,11483,11484,11484,3
2020-06-05,15:01:17,11483,11484,11483,1
2020-06-05,15:01:17,11483,11484,11483,1
2020-06-05,15:01:19,11483,11484,11484,18
2020-06-05,15:01:19,11483,11484,11484,1
2020-06-05,15:01:19,11484,11485,11485,5
2020-06-05,15:01:19,11484,11485,11485,12
2020-06-05,15:01:19,11484,11485,11485,1
2020-06-05,15:01:19,11484,11485,11485,1
2020-06-05,15:01:19,11484,11485,11485,6
2020-06-05,15:01:19,11485,11486,11486,1
2020-06-05,15:01:19,11485,11486,11486,1
2020-06-05,15:01:19,11485,11486,11485,1
2020-06-05,15:01:19,11485,11486,11486,1
2020-06-05,15:01:20,11485,11486,11485,1
2020-06-05,15:01:20,11485,11486,11485,1
2020-06-05,15:01:20,11485,11486,11486,1
2020-06-05,15:01:20,11485,11486,11486,2
2020-06-05,15:01:20,11485,11486,11485,1
2020-06-05,15:01:21,11485,11486,11486,1
2020-06-05,15:01:21,11485,11487,11485,1
2020-06-05,15:01:21,11485,11487,11485,1
2020-06-05,15:01:21,11485,11487,11485,1
2020-06-05,15:01:22,11485,11487,11485,1
2020-06-05,15:01:22,11485,11487,11487,1
2020-06-05,15:01:23,11485,11487,11487,1
2020-06-05,15:01:23,11486,11487,11487,2
2020-06-05,15:01:23,11486,11487,11487,1
2020-06-05,15:01:23,11486,11487,11487,1
2020-06-05,15:01:24,11486,11487,11487,1
2020-06-05,15:01:24,11486,11487,11487,1
2020-06-05,15:01:24,11486,11487,11487,1
2020-06-05,15:01:25,11486,11487,11487,1
2020-06-05,15:01:25,11486,11487,11486,1
2020-06-05,15:01:25,11486,11487,11487,5
2020-06-05,15:01:26,11486,11487,11486,1
2020-06-05,15:01:26,11486,11487,11487,5
2020-06-05,15:01:27,11486,11487,11487,3
2020-06-05,15:01:27,11486,11487,11487,4
2020-06-05,15:01:27,11486,11488,11488,2
2020-06-05,15:01:27,11486,11488,11488,1
2020-06-05,15:01:27,11486,11488,11488,1
2020-06-05,15:01:27,11486,11488,11486,1
2020-06-05,15:01:27,11486,11488,11486,1
2020-06-05,15:01:28,11486,11488,11488,1
2020-06-05,15:01:28,11486,11488,11486,2
2020-06-05,15:01:29,11487,11488,11488,2
2020-06-05,15:01:29,11487,11488,11489,6
2020-06-05,15:01:29,11487,11488,11488,6
2020-06-05,15:01:29,11487,11489,11489,1
2020-06-05,15:01:29,11487,11489,11489,1
2020-06-05,15:01:30,11487,11489,11489,1
2020-06-05,15:01:31,11488,11489,11488,1
2020-06-05,15:01:32,11487,11488,11488,1
2020-06-05,15:01:33,11487,11488,11488,1
2020-06-05,15:01:33,11487,11488,11488,1
2020-06-05,15:01:34,11487,11488,11488,3
2020-06-05,15:01:34,11487,11488,11489,2
2020-06-05,15:01:34,11487,11489,11489,2
2020-06-05,15:01:34,11487,11489,11489,1
2020-06-05,15:01:35,11487,11489,11489,4
2020-06-05,15:01:35,11487,11489,11490,1
2020-06-05,15:01:35,11487,11489,11489,1
2020-06-05,15:01:35,11487,11489,11489,1
2020-06-05,15:01:35,11487,11489,11489,5
2020-06-05,15:01:35,11487,11489,11489,1
2020-06-05,15:01:35,11487,11489,11489,14
2020-06-05,15:01:35,11487,11489,11489,8
2020-06-05,15:01:36,11488,11490,11490,1
2020-06-05,15:01:37,11487,11489,11489,1
2020-06-05,15:01:37,11487,11489,11489,1
2020-06-05,15:01:37,11487,11489,11490,1
2020-06-05,15:01:37,11487,11489,11489,4
2020-06-05,15:01:37,11487,11489,11490,1
2020-06-05,15:01:39,11489,11490,11489,1
2020-06-05,15:01:39,11489,11490,11490,1
2020-06-05,15:01:39,11489,11490,11489,1
2020-06-05,15:01:40,11489,11490,11489,1
2020-06-05,15:01:40,11489,11490,11490,2
2020-06-05,15:01:40,11489,11490,11489,6
2020-06-05,15:01:40,11489,11490,11490,1
2020-06-05,15:01:40,11489,11490,11490,1
2020-06-05,15:01:42,11489,11490,11490,1
2020-06-05,15:01:42,11489,11490,11489,3
2020-06-05,15:01:42,11489,11490,11490,7
2020-06-05,15:01:42,11489,11490,11490,5
2020-06-05,15:01:43,11489,11490,11490,1
2020-06-05,15:01:43,11489,11490,11489,1
2020-06-05,15:01:43,11489,11490,11490,1
2020-06-05,15:01:44,11489,11490,11490,5
2020-06-05,15:01:44,11489,11490,11489,1
2020-06-05,15:01:44,11489,11490,11490,1
2020-06-05,15:01:44,11489,11490,11489,1
2020-06-05,15:01:44,11489,11490,11489,1
2020-06-05,15:01:45,11488,11489,11489,4
2020-06-05,15:01:45,11488,11489,11490,1
2020-06-05,15:01:45,11488,11489,11490,3
2020-06-05,15:01:45,11488,11490,11490,1
2020-06-05,15:01:45,11490,11491,11491,1
2020-06-05,15:01:46,11490,11491,11490,1
2020-06-05,15:01:47,11490,11491,11491,1
2020-06-05,15:01:49,11490,11491,11490,1
2020-06-05,15:01:49,11490,11491,11490,1
2020-06-05,15:01:50,11490,11491,11490,4
2020-06-05,15:01:51,11489,11491,11491,1
2020-06-05,15:01:52,11490,11491,11490,1
2020-06-05,15:01:53,11489,11491,11491,2
2020-06-05,15:01:53,11489,11491,11490,1
2020-06-05,15:01:55,11489,11490,11490,1
2020-06-05,15:01:56,11489,11490,11489,1
2020-06-05,15:01:57,11489,11490,11489,2
2020-06-05,15:01:57,11489,11490,11489,2
2020-06-05,15:01:57,11488,11490,11490,2
2020-06-05,15:01:57,11488,11490,11490,1
2020-06-05,15:01:59,11488,11489,11489,2
2020-06-05,15:02:00,11488,11489,11488,1
2020-06-05,15:02:00,11488,11489,11488,1
2020-06-05,15:02:00,11488,11489,11488,1
2020-06-05,15:02:00,11488,11489,11488,2
2020-06-05,15:02:00,11487,11489,11490,2
2020-06-05,15:02:00,11487,11489,11489,8
2020-06-05,15:02:00,11487,11489,11489,1
2020-06-05,15:02:00,11487,11488,11488,1
2020-06-05,15:02:00,11487,11488,11489,1
2020-06-05,15:02:00,11487,11489,11489,1
2020-06-05,15:02:01,11487,11488,11487,13
2020-06-05,15:02:02,11486,11488,11488,1
2020-06-05,15:02:02,11486,11488,11488,1
2020-06-05,15:02:02,11486,11488,11488,1
2020-06-05,15:02:02,11486,11488,11488,3
2020-06-05,15:02:02,11486,11488,11488,1
2020-06-05,15:02:02,11486,11488,11489,2
2020-06-05,15:02:02,11486,11488,11488,1
2020-06-05,15:02:02,11486,11488,11489,1
2020-06-05,15:02:02,11487,11489,11489,5
2020-06-05,15:02:02,11487,11489,11487,3
2020-06-05,15:02:03,11487,11489,11489,2
2020-06-05,15:02:04,11487,11488,11487,3
2020-06-05,15:02:06,11487,11488,11487,1
2020-06-05,15:02:06,11487,11488,11487,1
2020-06-05,15:02:06,11487,11488,11487,3
2020-06-05,15:02:06,11486,11487,11486,1
2020-06-05,15:02:06,11486,11487,11487,1
2020-06-05,15:02:08,11486,11488,11488,1
2020-06-05,15:02:09,11486,11487,11487,1
2020-06-05,15:02:10,11487,11488,11487,5
2020-06-05,15:02:11,11486,11488,11487,1
2020-06-05,15:02:11,11486,11488,11486,5
2020-06-05,15:02:11,11486,11488,11488,5
2020-06-05,15:02:12,11487,11489,11487,1
2020-06-05,15:02:13,11487,11489,11487,1
2020-06-05,15:02:13,11487,11489,11487,4
2020-06-05,15:02:14,11487,11488,11488,2
2020-06-05,15:02:14,11487,11488,11488,1
2020-06-05,15:02:15,11487,11489,11487,5
2020-06-05,15:02:15,11487,11489,11487,1
2020-06-05,15:02:15,11487,11489,11487,2
2020-06-05,15:02:15,11487,11489,11487,2
2020-06-05,15:02:15,11487,11489,11487,2
2020-06-05,15:02:16,11486,11488,11488,1
2020-06-05,15:02:16,11486,11488,11488,1
2020-06-05,15:02:19,11487,11488,11488,1
2020-06-05,15:02:23,11487,11488,11487,1
2020-06-05,15:02:24,11487,11488,11487,3
2020-06-05,15:02:24,11486,11488,11486,2
2020-06-05,15:02:24,11486,11488,11486,1
2020-06-05,15:02:26,11486,11487,11486,1
2020-06-05,15:02:26,11486,11487,11486,1
2020-06-05,15:02:28,11486,11487,11486,2
2020-06-05,15:02:29,11485,11486,11486,1
2020-06-05,15:02:29,11485,11486,11487,1
2020-06-05,15:02:31,11485,11487,11485,3
2020-06-05,15:02:32,11485,11486,11486,2
2020-06-05,15:02:35,11485,11486,11485,1
2020-06-05,15:02:35,11485,11486,11486,1
2020-06-05,15:02:36,11485,11486,11485,1
2020-06-05,15:02:37,11485,11486,11485,1
2020-06-05,15:02:38,11485,11486,11486,2
2020-06-05,15:02:39,11485,11486,11486,2
2020-06-05,15:02:39,11485,11486,11486,1
2020-06-05,15:02:42,11486,11487,11486,2
2020-06-05,15:02:42,11486,11487,11486,1
2020-06-05,15:02:43,11485,11486,11486,1
2020-06-05,15:02:43,11486,11487,11486,1
2020-06-05,15:02:44,11486,11487,11486,1
2020-06-05,15:02:44,11486,11487,11485,4
2020-06-05,15:02:45,11485,11486,11485,1
2020-06-05,15:02:50,11485,11486,11486,5
2020-06-05,15:02:51,11485,11486,11486,3
2020-06-05,15:02:52,11486,11487,11486,3
2020-06-05,15:02:53,11486,11487,11486,1
2020-06-05,15:02:53,11486,11487,11486,1
2020-06-05,15:02:56,11486,11487,11486,1
2020-06-05,15:02:57,11486,11487,11486,2
2020-06-05,15:02:57,11486,11487,11485,3
2020-06-05,15:02:58,11485,11486,11486,1
2020-06-05,15:02:59,11486,11487,11486,1
2020-06-05,15:03:00,11486,11487,11487,2
2020-06-05,15:03:00,11486,11487,11487,1
2020-06-05,15:03:00,11486,11487,11487,1
2020-06-05,15:03:00,11486,11487,11487,1
2020-06-05,15:03:00,11486,11487,11487,3
2020-06-05,15:03:00,11486,11487,11487,1
2020-06-05,15:03:00,11486,11488,11488,1
2020-06-05,15:03:02,11487,11488,11487,1
2020-06-05,15:03:02,11487,11488,11487,1
2020-06-05,15:03:02,11487,11488,11487,1
2020-06-05,15:03:02,11486,11487,11487,1
2020-06-05,15:03:03,11486,11487,11487,1
2020-06-05,15:03:03,11486,11487,11486,1
2020-06-05,15:03:03,11486,11487,11487,1
2020-06-05,15:03:03,11486,11487,11486,3
2020-06-05,15:03:03,11486,11487,11486,3
2020-06-05,15:03:04,11486,11487,11486,4
2020-06-05,15:03:04,11486,11487,11486,1
2020-06-05,15:03:06,11486,11487,11486,5
2020-06-05,15:03:07,11486,11487,11486,13
2020-06-05,15:03:07,11486,11487,11486,1
2020-06-05,15:03:08,11486,11487,11487,1
2020-06-05,15:03:08,11486,11487,11487,3
2020-06-05,15:03:08,11487,11488,11487,1
2020-06-05,15:03:09,11487,11488,11488,1
2020-06-05,15:03:11,11486,11487,11487,1
2020-06-05,15:03:14,11487,11488,11487,1
2020-06-05,15:03:14,11487,11488,11487,1
2020-06-05,15:03:14,11486,11487,11487,1
2020-06-05,15:03:20,11486,11487,11487,1
2020-06-05,15:03:20,11486,11487,11487,1
2020-06-05,15:03:24,11486,11487,11487,1
2020-06-05,15:03:24,11486,11487,11488,1
2020-06-05,15:03:26,11487,11488,11487,1
2020-06-05,15:03:27,11487,11488,11488,5
2020-06-05,15:03:27,11487,11488,11487,1
2020-06-05,15:03:28,11487,11488,11488,5
2020-06-05,15:03:28,11487,11488,11488,2
2020-06-05,15:03:28,11487,11488,11488,1
2020-06-05,15:03:28,11488,11489,11488,1
2020-06-05,15:03:29,11488,11489,11489,1
2020-06-05,15:03:29,11488,11489,11488,1
2020-06-05,15:03:29,11488,11489,11488,2
2020-06-05,15:03:32,11488,11489,11488,1
2020-06-05,15:03:33,11488,11489,11488,1
2020-06-05,15:03:35,11488,11489,11488,1
2020-06-05,15:03:35,11488,11489,11488,1
2020-06-05,15:03:37,11488,11489,11488,1
2020-06-05,15:03:37,11488,11489,11488,1
2020-06-05,15:03:39,11488,11489,11488,1
2020-06-05,15:03:39,11488,11489,11488,1
2020-06-05,15:03:39,11488,11489,11488,1
2020-06-05,15:03:43,11487,11489,11489,5
2020-06-05,15:03:43,11487,11489,11488,1
2020-06-05,15:03:44,11487,11489,11489,5
2020-06-05,15:03:44,11487,11489,11489,5
2020-06-05,15:03:45,11487,11489,11489,5
2020-06-05,15:03:46,11487,11489,11488,3
2020-06-05,15:03:46,11487,11489,11489,2
2020-06-05,15:03:46,11487,11488,11488,5
2020-06-05,15:03:48,11487,11488,11488,5
2020-06-05,15:03:48,11487,11488,11488,5
2020-06-05,15:03:48,11487,11488,11488,1
2020-06-05,15:03:49,11487,11488,11489,2
2020-06-05,15:03:49,11487,11488,11488,8
2020-06-05,15:03:53,11487,11489,11489,3
2020-06-05,15:03:54,11488,11489,11489,3
2020-06-05,15:03:56,11488,11490,11490,2
2020-06-05,15:03:56,11489,11490,11489,1
2020-06-05,15:03:59,11489,11490,11489,1
2020-06-05,15:04:00,11489,11490,11490,1
2020-06-05,15:04:00,11489,11490,11489,1
2020-06-05,15:04:01,11489,11490,11490,1
2020-06-05,15:04:01,11489,11490,11490,1
2020-06-05,15:04:03,11489,11490,11490,2
2020-06-05,15:04:03,11489,11490,11490,1
2020-06-05,15:04:04,11489,11490,11489,5
2020-06-05,15:04:04,11489,11490,11489,1
2020-06-05,15:04:04,11489,11490,11490,1
2020-06-05,15:04:04,11489,11490,11490,1
2020-06-05,15:04:06,11489,11490,11490,1
2020-06-05,15:04:06,11489,11490,11489,1
2020-06-05,15:04:08,11489,11490,11489,1
2020-06-05,15:04:08,11489,11490,11489,1
2020-06-05,15:04:08,11489,11490,11489,3
2020-06-05,15:04:08,11489,11490,11489,2
2020-06-05,15:04:09,11488,11489,11489,3
2020-06-05,15:04:12,11488,11489,11489,3
2020-06-05,15:04:15,11489,11490,11489,1
2020-06-05,15:04:18,11489,11490,11489,1
2020-06-05,15:04:18,11489,11490,11490,26
2020-06-05,15:04:23,11490,11491,11491,2
2020-06-05,15:04:23,11490,11491,11491,4
2020-06-05,15:04:23,11490,11491,11491,1
2020-06-05,15:04:23,11490,11491,11491,5
2020-06-05,15:04:23,11490,11491,11492,3
2020-06-05,15:04:23,11490,11491,11491,7
2020-06-05,15:04:24,11491,11492,11492,1
2020-06-05,15:04:24,11491,11492,11491,1
2020-06-05,15:04:25,11491,11492,11492,1
2020-06-05,15:04:25,11491,11492,11492,1
2020-06-05,15:04:25,11491,11492,11492,2
2020-06-05,15:04:25,11491,11492,11492,1
2020-06-05,15:04:25,11491,11492,11492,2
2020-06-05,15:04:25,11491,11492,11492,8
2020-06-05,15:04:25,11491,11492,11492,4
2020-06-05,15:04:25,11491,11492,11492,2
2020-06-05,15:04:25,11491,11492,11492,3
2020-06-05,15:04:25,11491,11492,11492,1
2020-06-05,15:04:27,11491,11492,11492,1
2020-06-05,15:04:27,11491,11492,11491,1
2020-06-05,15:04:28,11491,11492,11492,1
2020-06-05,15:04:29,11491,11492,11492,1
2020-06-05,15:04:33,11491,11492,11491,1
2020-06-05,15:04:35,11491,11492,11492,1
2020-06-05,15:04:37,11491,11492,11492,1
2020-06-05,15:04:41,11491,11492,11492,1
2020-06-05,15:04:42,11491,11492,11492,5
2020-06-05,15:04:42,11491,11492,11491,1
2020-06-05,15:04:42,11491,11492,11492,5
2020-06-05,15:04:42,11491,11492,11492,1
2020-06-05,15:04:42,11491,11492,11492,1
2020-06-05,15:04:42,11491,11492,11492,2
2020-06-05,15:04:42,11491,11492,11492,1
2020-06-05,15:04:42,11491,11492,11492,2
2020-06-05,15:04:42,11491,11492,11492,3
2020-06-05,15:04:48,11492,11493,11493,1
2020-06-05,15:04:48,11492,11493,11492,4
2020-06-05,15:04:48,11492,11493,11492,1
2020-06-05,15:04:48,11492,11493,11493,2
2020-06-05,15:04:50,11492,11493,11493,1
2020-06-05,15:04:50,11492,11493,11493,50
2020-06-05,15:04:50,11492,11493,11493,5
2020-06-05,15:04:50,11493,11494,11494,1
2020-06-05,15:04:50,11493,11494,11494,2
2020-06-05,15:04:50,11493,11494,11495,3
2020-06-05,15:04:51,11493,11495,11495,2
2020-06-05,15:04:51,11494,11495,11494,1
2020-06-05,15:04:51,11492,11494,11494,1
2020-06-05,15:04:52,11492,11494,11494,1
2020-06-05,15:04:52,11492,11494,11494,1
2020-06-05,15:04:53,11493,11494,11493,2
2020-06-05,15:04:53,11493,11494,11494,1
2020-06-05,15:04:54,11493,11494,11494,1
2020-06-05,15:04:54,11494,11495,11495,1
2020-06-05,15:04:54,11494,11495,11494,2
2020-06-05,15:04:55,11494,11495,11495,1
2020-06-05,15:04:56,11494,11495,11494,2
2020-06-05,15:04:56,11494,11495,11494,1
2020-06-05,15:04:56,11493,11494,11493,1
2020-06-05,15:04:56,11493,11494,11493,1
2020-06-05,15:04:58,11494,11495,11495,1
2020-06-05,15:04:59,11494,11495,11495,1
2020-06-05,15:04:59,11494,11495,11494,5
2020-06-05,15:05:00,11494,11495,11495,1
2020-06-05,15:05:00,11494,11495,11495,3
2020-06-05,15:05:00,11494,11495,11494,2
2020-06-05,15:05:00,11494,11495,11495,1
2020-06-05,15:05:00,11494,11495,11495,1
2020-06-05,15:05:01,11494,11495,11495,2
2020-06-05,15:05:01,11494,11495,11494,2
2020-06-05,15:05:01,11494,11495,11494,1
2020-06-05,15:05:01,11494,11495,11495,1
2020-06-05,15:05:01,11494,11495,11495,1
2020-06-05,15:05:02,11494,11495,11494,1
2020-06-05,15:05:02,11494,11495,11495,1
2020-06-05,15:05:02,11494,11495,11495,2
2020-06-05,15:05:02,11494,11495,11495,1
2020-06-05,15:05:02,11494,11495,11494,1
2020-06-05,15:05:02,11494,11495,11494,4
2020-06-05,15:05:03,11492,11493,11493,2
2020-06-05,15:05:04,11492,11493,11492,6
2020-06-05,15:05:07,11491,11492,11491,20
2020-06-05,15:05:07,11490,11491,11490,15
2020-06-05,15:05:11,11489,11490,11490,2
2020-06-05,15:05:11,11489,11490,11489,5
2020-06-05,15:05:12,11489,11490,11489,1
2020-06-05,15:05:12,11488,11489,11489,2
2020-06-05,15:05:12,11488,11489,11489,1
2020-06-05,15:05:15,11489,11490,11489,5
2020-06-05,15:05:19,11489,11490,11490,1
2020-06-05,15:05:19,11489,11490,11489,1
2020-06-05,15:05:19,11489,11490,11489,1
2020-06-05,15:05:20,11489,11490,11489,1
2020-06-05,15:05:23,11489,11490,11489,3
2020-06-05,15:05:24,11488,11490,11490,1
2020-06-05,15:05:26,11488,11489,11489,1
2020-06-05,15:05:28,11488,11489,11489,1
2020-06-05,15:05:28,11488,11489,11489,1
2020-06-05,15:05:29,11489,11490,11490,1
2020-06-05,15:05:36,11489,11490,11489,1
2020-06-05,15:05:39,11489,11490,11490,4
2020-06-05,15:05:39,11490,11491,11490,1
2020-06-05,15:05:40,11490,11491,11490,1
2020-06-05,15:05:41,11490,11491,11490,7
2020-06-05,15:05:41,11490,11491,11490,2
2020-06-05,15:05:41,11490,11491,11489,1
2020-06-05,15:05:44,11490,11491,11490,1
2020-06-05,15:05:49,11490,11491,11490,1
2020-06-05,15:05:51,11490,11491,11490,16
2020-06-05,15:05:51,11490,11491,11490,2
2020-06-05,15:05:52,11489,11490,11489,1
2020-06-05,15:05:55,11489,11490,11489,1
2020-06-05,15:05:55,11489,11490,11489,1
2020-06-05,15:05:57,11488,11489,11489,1
2020-06-05,15:06:00,11488,11490,11488,1
2020-06-05,15:06:00,11488,11490,11488,1
2020-06-05,15:06:00,11488,11490,11488,1
2020-06-05,15:06:00,11488,11490,11488,1
2020-06-05,15:06:03,11488,11490,11488,1
2020-06-05,15:06:05,11489,11490,11490,1
2020-06-05,15:06:05,11489,11490,11489,1
2020-06-05,15:06:06,11489,11490,11489,1
2020-06-05,15:06:09,11489,11490,11489,1
2020-06-05,15:06:12,11489,11490,11490,2
2020-06-05,15:06:12,11489,11490,11490,8
2020-06-05,15:06:12,11489,11490,11490,2
2020-06-05,15:06:12,11489,11490,11490,2
2020-06-05,15:06:15,11490,11491,11490,2
2020-06-05,15:06:19,11489,11490,11490,4
2020-06-05,15:06:19,11489,11490,11490,5
2020-06-05,15:06:22,11490,11491,11490,2
2020-06-05,15:06:23,11489,11490,11490,1
2020-06-05,15:06:29,11490,11491,11491,10
2020-06-05,15:06:31,11491,11492,11490,2
2020-06-05,15:06:31,11491,11492,11491,3
2020-06-05,15:06:34,11490,11491,11490,1
2020-06-05,15:06:36,11490,11491,11490,1
2020-06-05,15:06:37,11490,11491,11490,1
2020-06-05,15:06:39,11489,11490,11490,1
2020-06-05,15:06:39,11489,11490,11490,1
2020-06-05,15:06:39,11489,11490,11490,4
2020-06-05,15:06:41,11490,11491,11491,1
2020-06-05,15:06:41,11491,11492,11492,1
2020-06-05,15:06:43,11491,11492,11491,1
2020-06-05,15:06:44,11491,11492,11491,1
2020-06-05,15:06:44,11491,11492,11491,1
2020-06-05,15:06:48,11491,11492,11492,17
2020-06-05,15:06:48,11492,11493,11492,1
2020-06-05,15:06:48,11492,11493,11492,1
2020-06-05,15:06:48,11492,11493,11492,1
2020-06-05,15:06:54,11491,11492,11491,3
2020-06-05,15:06:57,11490,11491,11490,2
2020-06-05,15:06:58,11489,11490,11490,1
2020-06-05,15:06:59,11490,11491,11490,1
2020-06-05,15:07:01,11490,11491,11490,1
2020-06-05,15:07:06,11490,11491,11490,1
2020-06-05,15:07:10,11490,11491,11490,1
2020-06-05,15:07:10,11490,11491,11490,1
2020-06-05,15:07:10,11490,11491,11490,1
2020-06-05,15:07:12,11489,11490,11490,1
2020-06-05,15:07:13,11490,11491,11491,1
2020-06-05,15:07:13,11490,11491,11491,7
2020-06-05,15:07:13,11491,11492,11492,3
2020-06-05,15:07:15,11492,11493,11493,1
2020-06-05,15:07:15,11492,11493,11493,1
2020-06-05,15:07:16,11492,11493,11492,1
2020-06-05,15:07:16,11492,11493,11493,1
2020-06-05,15:07:18,11492,11493,11492,1
2020-06-05,15:07:19,11492,11493,11493,1
2020-06-05,15:07:19,11492,11493,11492,1
2020-06-05,15:07:23,11492,11493,11493,1
2020-06-05,15:07:23,11492,11493,11492,10
2020-06-05,15:07:24,11492,11493,11493,9
2020-06-05,15:07:26,11493,11494,11493,1
2020-06-05,15:07:26,11493,11494,11493,4
2020-06-05,15:07:26,11492,11493,11493,1
2020-06-05,15:07:27,11492,11494,11494,1
2020-06-05,15:07:31,11493,11494,11494,2
2020-06-05,15:07:31,11493,11494,11494,1
2020-06-05,15:07:31,11493,11494,11494,1
2020-06-05,15:07:31,11493,11494,11494,1
2020-06-05,15:07:33,11494,11495,11494,1
2020-06-05,15:07:33,11494,11495,11495,1
2020-06-05,15:07:33,11494,11495,11495,1
2020-06-05,15:07:34,11494,11495,11494,1
2020-06-05,15:07:36,11494,11495,11495,1
2020-06-05,15:07:36,11494,11495,11495,3
2020-06-05,15:07:36,11494,11495,11495,1
2020-06-05,15:07:38,11494,11495,11494,2
2020-06-05,15:07:39,11494,11495,11495,2
2020-06-05,15:07:42,11494,11495,11495,1
2020-06-05,15:07:42,11494,11495,11494,2
2020-06-05,15:07:42,11493,11494,11495,2
2020-06-05,15:07:44,11494,11495,11495,1
2020-06-05,15:07:44,11494,11495,11495,5
2020-06-05,15:07:45,11494,11495,11494,1
2020-06-05,15:07:46,11494,11495,11494,2
2020-06-05,15:07:46,11494,11495,11494,1
2020-06-05,15:07:46,11494,11495,11494,4
2020-06-05,15:07:49,11493,11494,11494,1
2020-06-05,15:07:51,11493,11494,11494,5
2020-06-05,15:07:52,11494,11495,11494,14
2020-06-05,15:07:53,11493,11494,11494,6
2020-06-05,15:07:53,11493,11494,11494,1
2020-06-05,15:07:54,11494,11495,11494,1
2020-06-05,15:07:58,11493,11494,11494,1
2020-06-05,15:08:02,11493,11494,11494,2
2020-06-05,15:08:03,11493,11495,11495,1
2020-06-05,15:08:03,11493,11495,11495,1
2020-06-05,15:08:04,11494,11495,11494,1
2020-06-05,15:08:04,11494,11495,11495,1
2020-06-05,15:08:06,11493,11495,11495,3
2020-06-05,15:08:07,11493,11494,11494,1
2020-06-05,15:08:08,11494,11495,11495,1
2020-06-05,15:08:15,11494,11495,11495,1
2020-06-05,15:08:19,11494,11495,11495,5
2020-06-05,15:08:19,11494,11495,11495,3
2020-06-05,15:08:19,11495,11496,11495,1
2020-06-05,15:08:20,11495,11496,11495,1
2020-06-05,15:08:20,11495,11496,11495,1
2020-06-05,15:08:21,11495,11496,11495,1
2020-06-05,15:08:22,11495,11496,11496,5
2020-06-05,15:08:22,11495,11496,11495,1
2020-06-05,15:08:22,11495,11496,11496,1
2020-06-05,15:08:22,11495,11496,11497,4
2020-06-05,15:08:22,11495,11496,11496,4
2020-06-05,15:08:22,11495,11497,11497,2
2020-06-05,15:08:22,11495,11497,11497,3
2020-06-05,15:08:22,11495,11497,11497,5
2020-06-05,15:08:22,11495,11497,11496,1
2020-06-05,15:08:22,11495,11497,11497,1
2020-06-05,15:08:23,11496,11497,11497,1
2020-06-05,15:08:23,11496,11497,11497,1
2020-06-05,15:08:23,11496,11497,11497,1
2020-06-05,15:08:24,11496,11497,11497,1
2020-06-05,15:08:25,11496,11497,11497,1
2020-06-05,15:08:25,11496,11497,11497,1
2020-06-05,15:08:25,11496,11497,11496,2
2020-06-05,15:08:27,11496,11497,11496,1
2020-06-05,15:08:29,11496,11497,11497,2
2020-06-05,15:08:32,11496,11497,11497,2
2020-06-05,15:08:33,11496,11497,11497,3
2020-06-05,15:08:35,11496,11497,11497,1
2020-06-05,15:08:35,11497,11498,11497,1
2020-06-05,15:08:36,11497,11498,11497,1
2020-06-05,15:08:37,11497,11498,11497,1
2020-06-05,15:08:37,11497,11498,11497,1
2020-06-05,15:08:37,11497,11498,11497,3
2020-06-05,15:08:37,11497,11498,11497,1
2020-06-05,15:08:37,11497,11498,11497,1
2020-06-05,15:08:37,11496,11497,11497,1
2020-06-05,15:08:39,11496,11497,11496,1
2020-06-05,15:08:42,11496,11497,11496,7
2020-06-05,15:08:44,11495,11496,11496,2
2020-06-05,15:08:46,11496,11497,11496,1
2020-06-05,15:08:47,11496,11497,11497,1
2020-06-05,15:08:48,11496,11497,11496,1
2020-06-05,15:08:50,11495,11497,11495,1
2020-06-05,15:08:52,11494,11495,11495,2
2020-06-05,15:08:53,11494,11495,11494,1
2020-06-05,15:08:54,11494,11495,11495,1
2020-06-05,15:08:55,11494,11495,11494,1
2020-06-05,15:08:55,11494,11495,11494,13
2020-06-05,15:08:56,11493,11494,11493,19
2020-06-05,15:08:56,11492,11493,11493,3
2020-06-05,15:08:58,11492,11494,11494,1
2020-06-05,15:09:01,11492,11493,11493,1
2020-06-05,15:09:01,11492,11494,11492,2
2020-06-05,15:09:01,11492,11494,11494,1
2020-06-05,15:09:01,11492,11494,11494,1
2020-06-05,15:09:01,11492,11494,11494,1
2020-06-05,15:09:01,11492,11494,11494,1
2020-06-05,15:09:02,11493,11495,11493,1
2020-06-05,15:09:02,11493,11495,11495,1
2020-06-05,15:09:02,11493,11495,11493,1
2020-06-05,15:09:03,11493,11495,11493,1
2020-06-05,15:09:04,11493,11494,11493,1
2020-06-05,15:09:05,11493,11494,11493,3
2020-06-05,15:09:06,11493,11494,11494,1
2020-06-05,15:09:07,11493,11495,11493,1
2020-06-05,15:09:08,11493,11494,11494,1
2020-06-05,15:09:11,11493,11495,11495,2
2020-06-05,15:09:15,11493,11495,11495,1
2020-06-05,15:09:16,11493,11494,11494,1
2020-06-05,15:09:18,11493,11494,11494,2
2020-06-05,15:09:21,11493,11495,11495,1
2020-06-05,15:09:22,11494,11495,11494,1
2020-06-05,15:09:23,11493,11495,11495,1
2020-06-05,15:09:23,11493,11495,11495,1
2020-06-05,15:09:24,11494,11495,11495,1
2020-06-05,15:09:25,11494,11495,11495,1
2020-06-05,15:09:28,11494,11495,11495,7
2020-06-05,15:09:31,11495,11496,11495,1
2020-06-05,15:09:33,11495,11496,11495,1
2020-06-05,15:09:34,11494,11496,11496,1
2020-06-05,15:09:35,11494,11496,11494,1
2020-06-05,15:09:36,11494,11496,11496,1
2020-06-05,15:09:39,11495,11496,11495,1
2020-06-05,15:09:40,11495,11496,11496,8
2020-06-05,15:09:40,11496,11497,11496,1
2020-06-05,15:09:47,11496,11497,11496,1
2020-06-05,15:09:47,11496,11497,11496,1
2020-06-05,15:09:49,11496,11497,11496,1
2020-06-05,15:09:52,11496,11497,11497,1
2020-06-05,15:09:56,11496,11497,11497,2
2020-06-05,15:09:56,11496,11497,11497,4
2020-06-05,15:09:57,11497,11498,11497,1
2020-06-05,15:09:58,11497,11498,11498,25
2020-06-05,15:09:58,11497,11498,11498,1
2020-06-05,15:09:58,11497,11498,11498,1
2020-06-05,15:09:58,11497,11498,11498,1
2020-06-05,15:09:58,11497,11498,11498,1
2020-06-05,15:09:58,11497,11498,11498,1
2020-06-05,15:09:58,11497,11498,11498,15
2020-06-05,15:09:58,11497,11499,11499,1
2020-06-05,15:09:58,11497,11499,11499,1
2020-06-05,15:09:59,11498,11499,11499,1
2020-06-05,15:09:59,11498,11499,11498,1
2020-06-05,15:10:00,11498,11499,11499,1
2020-06-05,15:10:00,11498,11499,11499,28
2020-06-05,15:10:00,11498,11499,11500,2
2020-06-05,15:10:00,11499,11500,11499,4
2020-06-05,15:10:00,11499,11500,11500,1
2020-06-05,15:10:00,11499,11500,11500,1
2020-06-05,15:10:00,11499,11500,11500,1
2020-06-05,15:10:00,11499,11500,11500,1
2020-06-05,15:10:00,11499,11500,11499,2
2020-06-05,15:10:00,11499,11500,11500,2
2020-06-05,15:10:00,11499,11500,11500,5
2020-06-05,15:10:01,11499,11500,11500,2
2020-06-05,15:10:01,11499,11500,11499,1
2020-06-05,15:10:01,11499,11500,11500,5
2020-06-05,15:10:01,11499,11500,11500,2
2020-06-05,15:10:01,11499,11500,11500,3
2020-06-05,15:10:02,11499,11500,11500,1
2020-06-05,15:10:02,11499,11500,11500,1
2020-06-05,15:10:04,11499,11500,11500,1
2020-06-05,15:10:05,11499,11500,11500,1
2020-06-05,15:10:05,11499,11500,11500,23
2020-06-05,15:10:05,11499,11500,11500,1
2020-06-05,15:10:05,11499,11500,11500,1
2020-06-05,15:10:05,11499,11500,11500,1
2020-06-05,15:10:05,11499,11500,11500,1
2020-06-05,15:10:05,11499,11500,11500,5
2020-06-05,15:10:05,11499,11500,11500,5
2020-06-05,15:10:05,11499,11500,11500,5
2020-06-05,15:10:05,11500,11501,11500,1
2020-06-05,15:10:05,11500,11501,11501,2
2020-06-05,15:10:06,11500,11501,11501,1
2020-06-05,15:10:06,11500,11501,11501,1
2020-06-05,15:10:07,11500,11501,11501,2
2020-06-05,15:10:07,11500,11501,11500,1
2020-06-05,15:10:08,11500,11501,11501,1
2020-06-05,15:10:10,11500,11501,11501,1
2020-06-05,15:10:11,11500,11501,11501,1
2020-06-05,15:10:12,11500,11501,11501,2
2020-06-05,15:10:12,11500,11501,11501,2
2020-06-05,15:10:12,11500,11501,11501,1
2020-06-05,15:10:13,11500,11501,11501,1
2020-06-05,15:10:13,11500,11501,11501,1
2020-06-05,15:10:13,11500,11501,11501,10
2020-06-05,15:10:13,11500,11501,11501,1
2020-06-05,15:10:14,11500,11501,11501,4
2020-06-05,15:10:14,11501,11502,11502,1
2020-06-05,15:10:14,11501,11502,11502,3
2020-06-05,15:10:14,11501,11502,11501,1
2020-06-05,15:10:15,11501,11502,11502,3
2020-06-05,15:10:15,11501,11502,11502,1
2020-06-05,15:10:15,11501,11502,11502,3
2020-06-05,15:10:15,11501,11502,11502,1
2020-06-05,15:10:15,11501,11502,11502,1
2020-06-05,15:10:15,11501,11502,11502,3
2020-06-05,15:10:17,11502,11503,11502,1
2020-06-05,15:10:18,11502,11503,11503,1
2020-06-05,15:10:18,11502,11503,11502,1
2020-06-05,15:10:18,11502,11503,11503,1
2020-06-05,15:10:19,11502,11503,11502,2
2020-06-05,15:10:19,11501,11502,11502,1
2020-06-05,15:10:20,11501,11502,11502,1
2020-06-05,15:10:22,11501,11502,11502,1
2020-06-05,15:10:23,11501,11502,11502,9
2020-06-05,15:10:23,11501,11502,11502,2
2020-06-05,15:10:25,11502,11503,11502,1
2020-06-05,15:10:25,11502,11503,11503,1
2020-06-05,15:10:26,11502,11503,11502,1
2020-06-05,15:10:26,11502,11503,11503,7
2020-06-05,15:10:29,11503,11504,11504,1
2020-06-05,15:10:29,11503,11504,11504,2
2020-06-05,15:10:29,11503,11504,11504,1
2020-06-05,15:10:29,11503,11504,11504,1
2020-06-05,15:10:29,11503,11504,11504,1
2020-06-05,15:10:30,11503,11504,11504,2
2020-06-05,15:10:30,11503,11504,11504,1
2020-06-05,15:10:31,11504,11505,11504,5
2020-06-05,15:10:31,11504,11505,11504,2
2020-06-05,15:10:33,11503,11504,11504,1
2020-06-05,15:10:33,11503,11504,11504,1
2020-06-05,15:10:34,11503,11504,11504,1
2020-06-05,15:10:34,11503,11504,11504,1
2020-06-05,15:10:36,11503,11504,11504,1
2020-06-05,15:10:37,11503,11504,11504,1
2020-06-05,15:10:37,11503,11504,11504,1
2020-06-05,15:10:37,11503,11504,11505,3
2020-06-05,15:10:37,11503,11505,11505,1
2020-06-05,15:10:37,11503,11505,11505,2
2020-06-05,15:10:38,11504,11505,11505,3
2020-06-05,15:10:38,11504,11505,11504,1
2020-06-05,15:10:38,11504,11505,11505,1
2020-06-05,15:10:39,11504,11505,11505,2
2020-06-05,15:10:39,11504,11505,11504,1
2020-06-05,15:10:39,11504,11505,11505,1
2020-06-05,15:10:40,11504,11505,11505,1
2020-06-05,15:10:40,11504,11505,11504,1
2020-06-05,15:10:41,11504,11505,11504,1
2020-06-05,15:10:43,11504,11505,11505,1
2020-06-05,15:10:43,11504,11505,11505,1
2020-06-05,15:10:43,11504,11505,11505,21
2020-06-05,15:10:43,11504,11505,11505,1
2020-06-05,15:10:43,11504,11505,11505,1
2020-06-05,15:10:43,11504,11505,11505,1
2020-06-05,15:10:44,11505,11506,11506,1
2020-06-05,15:10:45,11505,11506,11506,1
2020-06-05,15:10:45,11505,11506,11506,1
2020-06-05,15:10:45,11505,11506,11506,3
2020-06-05,15:10:45,11505,11506,11505,1
2020-06-05,15:10:45,11505,11506,11506,1
2020-06-05,15:10:46,11505,11506,11506,1
2020-06-05,15:10:47,11505,11506,11506,1
2020-06-05,15:10:47,11505,11506,11505,1
2020-06-05,15:10:48,11505,11506,11506,1
2020-06-05,15:10:49,11505,11506,11505,1
2020-06-05,15:10:49,11505,11506,11506,1
2020-06-05,15:10:49,11505,11506,11506,3
2020-06-05,15:10:49,11505,11506,11507,2
2020-06-05,15:10:49,11505,11506,11506,3
2020-06-05,15:10:49,11505,11506,11507,1
2020-06-05,15:10:49,11505,11506,11507,2
2020-06-05,15:10:50,11505,11506,11506,1
2020-06-05,15:10:50,11505,11506,11505,2
2020-06-05,15:10:50,11506,11507,11507,1
2020-06-05,15:10:50,11506,11507,11507,1
2020-06-05,15:10:51,11506,11507,11506,1
2020-06-05,15:10:51,11506,11507,11507,1
2020-06-05,15:10:52,11506,11507,11507,1
2020-06-05,15:10:53,11506,11508,11506,1
2020-06-05,15:10:54,11506,11508,11506,1
2020-06-05,15:10:54,11506,11508,11508,3
2020-06-05,15:10:54,11506,11508,11508,6
2020-06-05,15:10:55,11506,11508,11508,1
2020-06-05,15:10:55,11507,11508,11507,1
2020-06-05,15:10:55,11506,11508,11507,1
2020-06-05,15:10:55,11506,11508,11508,1
2020-06-05,15:10:56,11507,11508,11507,1
2020-06-05,15:10:57,11507,11508,11507,2
2020-06-05,15:10:58,11506,11507,11506,1
2020-06-05,15:10:59,11506,11507,11507,1
2020-06-05,15:10:59,11506,11507,11507,1
2020-06-05,15:10:59,11506,11507,11507,2
2020-06-05,15:11:00,11507,11508,11508,1
2020-06-05,15:11:00,11507,11508,11508,1
2020-06-05,15:11:00,11507,11508,11508,1
2020-06-05,15:11:00,11507,11508,11508,4
2020-06-05,15:11:00,11507,11508,11508,2
2020-06-05,15:11:00,11507,11508,11508,1
2020-06-05,15:11:00,11507,11508,11508,1
2020-06-05,15:11:00,11507,11508,11508,1
2020-06-05,15:11:01,11507,11509,11509,5
2020-06-05,15:11:01,11507,11509,11509,2
2020-06-05,15:11:01,11507,11509,11509,5
2020-06-05,15:11:01,11507,11509,11507,1
2020-06-05,15:11:02,11508,11509,11508,1
2020-06-05,15:11:02,11507,11509,11507,1
2020-06-05,15:11:03,11507,11509,11509,2
2020-06-05,15:11:03,11507,11509,11509,1
2020-06-05,15:11:04,11507,11509,11507,1
2020-06-05,15:11:04,11507,11509,11508,1
2020-06-05,15:11:05,11508,11509,11509,1
2020-06-05,15:11:05,11508,11509,11509,2
2020-06-05,15:11:06,11509,11510,11509,1
2020-06-05,15:11:07,11508,11509,11508,1
2020-06-05,15:11:07,11508,11509,11509,1
2020-06-05,15:11:07,11508,11509,11509,4
2020-06-05,15:11:07,11508,11509,11509,1
2020-06-05,15:11:07,11508,11509,11509,1
2020-06-05,15:11:08,11508,11509,11509,1
2020-06-05,15:11:10,11508,11509,11509,1
2020-06-05,15:11:10,11508,11509,11509,1
2020-06-05,15:11:11,11509,11510,11509,1
2020-06-05,15:11:11,11508,11509,11509,1
2020-06-05,15:11:11,11508,11509,11509,1
2020-06-05,15:11:13,11509,11510,11510,1
2020-06-05,15:11:13,11509,11510,11509,1
2020-06-05,15:11:13,11509,11510,11510,5
2020-06-05,15:11:13,11509,11510,11510,5
2020-06-05,15:11:13,11509,11510,11510,1
2020-06-05,15:11:14,11509,11510,11509,1
2020-06-05,15:11:14,11509,11510,11509,1
2020-06-05,15:11:14,11509,11510,11509,1
2020-06-05,15:11:15,11509,11510,11510,1
2020-06-05,15:11:15,11509,11510,11510,1
2020-06-05,15:11:15,11509,11510,11510,7
2020-06-05,15:11:15,11509,11510,11510,2
2020-06-05,15:11:15,11509,11510,11510,3
2020-06-05,15:11:16,11509,11511,11509,1
2020-06-05,15:11:16,11509,11511,11510,1
2020-06-05,15:11:17,11509,11511,11511,10
2020-06-05,15:11:18,11510,11511,11511,5
2020-06-05,15:11:18,11510,11511,11512,4
2020-06-05,15:11:18,11510,11512,11511,1
2020-06-05,15:11:19,11510,11511,11511,1
2020-06-05,15:11:20,11510,11511,11511,1
2020-06-05,15:11:20,11510,11511,11511,1
2020-06-05,15:11:20,11510,11511,11510,1
2020-06-05,15:11:20,11510,11511,11511,1
2020-06-05,15:11:21,11510,11511,11511,1
2020-06-05,15:11:22,11510,11512,11511,1
2020-06-05,15:11:22,11510,11512,11510,1
2020-06-05,15:11:23,11510,11512,11510,1
2020-06-05,15:11:23,11510,11511,11510,2
2020-06-05,15:11:23,11510,11511,11511,1
2020-06-05,15:11:23,11511,11512,11511,2
2020-06-05,15:11:24,11511,11512,11511,1
2020-06-05,15:11:24,11511,11512,11512,3
2020-06-05,15:11:24,11512,11513,11512,1
2020-06-05,15:11:25,11511,11512,11512,1
2020-06-05,15:11:26,11511,11512,11512,4
2020-06-05,15:11:26,11511,11512,11512,2
2020-06-05,15:11:26,11511,11512,11511,6
2020-06-05,15:11:26,11511,11512,11512,1
2020-06-05,15:11:27,11511,11512,11511,1
2020-06-05,15:11:27,11511,11512,11512,2
2020-06-05,15:11:28,11511,11512,11512,1
2020-06-05,15:11:29,11511,11512,11512,1
2020-06-05,15:11:30,11511,11512,11512,2
2020-06-05,15:11:30,11511,11512,11512,1
2020-06-05,15:11:30,11511,11512,11512,14
2020-06-05,15:11:30,11511,11512,11513,6
2020-06-05,15:11:30,11511,11512,11511,1
2020-06-05,15:11:30,11511,11512,11512,2
2020-06-05,15:11:30,11511,11513,11512,1
2020-06-05,15:11:30,11511,11513,11512,1
2020-06-05,15:11:31,11511,11513,11511,1
2020-06-05,15:11:31,11512,11513,11513,1
2020-06-05,15:11:31,11512,11513,11513,1
2020-06-05,15:11:32,11512,11513,11515,3
2020-06-05,15:11:32,11512,11513,11513,3
2020-06-05,15:11:32,11512,11513,11514,9
2020-06-05,15:11:32,11512,11514,11512,1
2020-06-05,15:11:32,11512,11514,11512,2
2020-06-05,15:11:32,11512,11514,11512,1
2020-06-05,15:11:32,11512,11514,11514,1
2020-06-05,15:11:33,11512,11514,11512,1
2020-06-05,15:11:34,11512,11514,11514,8
2020-06-05,15:11:34,11512,11514,11514,2
2020-06-05,15:11:34,11512,11514,11514,1
2020-06-05,15:11:34,11513,11515,11513,1
2020-06-05,15:11:35,11513,11515,11513,1
2020-06-05,15:11:36,11513,11514,11514,1
2020-06-05,15:11:36,11514,11515,11515,5
2020-06-05,15:11:37,11514,11515,11515,1
2020-06-05,15:11:38,11514,11515,11514,1
2020-06-05,15:11:38,11514,11515,11514,1
2020-06-05,15:11:38,11514,11515,11515,1
2020-06-05,15:11:39,11514,11515,11515,5
2020-06-05,15:11:40,11515,11516,11516,1
2020-06-05,15:11:40,11515,11516,11515,1
2020-06-05,15:11:40,11515,11516,11516,1
2020-06-05,15:11:40,11515,11516,11516,2
2020-06-05,15:11:41,11515,11516,11515,1
2020-06-05,15:11:41,11515,11516,11515,1
2020-06-05,15:11:41,11515,11516,11515,1
2020-06-05,15:11:41,11515,11516,11515,1
2020-06-05,15:11:41,11515,11516,11515,1
2020-06-05,15:11:41,11515,11516,11515,1
2020-06-05,15:11:43,11514,11515,11514,1
2020-06-05,15:11:43,11514,11515,11515,1
2020-06-05,15:11:43,11514,11515,11514,1
2020-06-05,15:11:43,11514,11515,11515,1
2020-06-05,15:11:44,11514,11515,11515,1
2020-06-05,15:11:44,11514,11515,11515,1
2020-06-05,15:11:44,11514,11515,11514,1
2020-06-05,15:11:44,11514,11515,11515,3
2020-06-05,15:11:44,11514,11515,11515,1
2020-06-05,15:11:44,11514,11515,11515,3
2020-06-05,15:11:44,11514,11515,11516,1
2020-06-05,15:11:45,11514,11516,11515,2
2020-06-05,15:11:46,11514,11515,11515,1
2020-06-05,15:11:46,11514,11515,11515,1
2020-06-05,15:11:46,11514,11516,11516,1
2020-06-05,15:11:47,11515,11516,11516,1
2020-06-05,15:11:48,11515,11516,11516,1
2020-06-05,15:11:48,11515,11516,11516,1
2020-06-05,15:11:48,11515,11516,11517,1
2020-06-05,15:11:48,11515,11516,11516,1
2020-06-05,15:11:48,11516,11517,11516,1
2020-06-05,15:11:48,11516,11517,11516,2
2020-06-05,15:11:48,11516,11517,11516,1
2020-06-05,15:11:49,11515,11516,11515,8
2020-06-05,15:11:49,11515,11516,11516,1
2020-06-05,15:11:50,11515,11516,11516,1
2020-06-05,15:11:50,11515,11516,11516,2
2020-06-05,15:11:50,11515,11516,11516,1
2020-06-05,15:11:50,11515,11517,11517,3
2020-06-05,15:11:51,11516,11517,11518,3
2020-06-05,15:11:51,11516,11517,11517,7
2020-06-05,15:11:51,11516,11518,11517,1
2020-06-05,15:11:51,11516,11517,11516,2
2020-06-05,15:11:51,11516,11517,11515,2
2020-06-05,15:11:52,11515,11516,11515,1
2020-06-05,15:11:52,11515,11516,11515,1
2020-06-05,15:11:52,11515,11516,11515,3
2020-06-05,15:11:52,11515,11516,11515,1
2020-06-05,15:11:52,11515,11516,11515,46
2020-06-05,15:11:52,11514,11515,11514,24
2020-06-05,15:11:53,11513,11514,11514,1
2020-06-05,15:11:53,11513,11514,11514,1
2020-06-05,15:11:53,11513,11514,11514,1
2020-06-05,15:11:53,11513,11514,11514,1
2020-06-05,15:11:54,11513,11514,11513,3
2020-06-05,15:11:54,11513,11514,11514,1
2020-06-05,15:11:54,11513,11514,11514,1
2020-06-05,15:11:54,11513,11514,11513,1
2020-06-05,15:11:54,11513,11514,11514,1
2020-06-05,15:11:54,11513,11514,11513,1
2020-06-05,15:11:55,11513,11514,11514,3
2020-06-05,15:11:55,11513,11514,11514,3
2020-06-05,15:11:55,11513,11514,11514,1
2020-06-05,15:11:55,11513,11514,11514,1
2020-06-05,15:11:56,11514,11515,11514,1
2020-06-05,15:11:56,11514,11515,11515,3
2020-06-05,15:11:56,11514,11515,11515,2
2020-06-05,15:11:57,11514,11515,11515,1
2020-06-05,15:11:57,11514,11515,11515,1
2020-06-05,15:11:57,11515,11516,11516,1
2020-06-05,15:11:58,11515,11516,11515,1
2020-06-05,15:11:59,11515,11516,11516,1
2020-06-05,15:11:59,11515,11516,11516,1
2020-06-05,15:11:59,11515,11516,11515,3
2020-06-05,15:11:59,11515,11516,11515,1
2020-06-05,15:12:00,11515,11516,11516,4
2020-06-05,15:12:00,11515,11516,11516,1
2020-06-05,15:12:00,11515,11516,11516,1
2020-06-05,15:12:00,11515,11516,11517,13
2020-06-05,15:12:00,11515,11516,11516,2
2020-06-05,15:12:00,11515,11516,11517,6
2020-06-05,15:12:00,11515,11516,11518,1
2020-06-05,15:12:00,11516,11518,11518,1
2020-06-05,15:12:00,11516,11518,11518,1
2020-06-05,15:12:00,11516,11518,11517,1
2020-06-05,15:12:00,11516,11518,11518,3
2020-06-05,15:12:00,11516,11518,11518,3
2020-06-05,15:12:00,11517,11518,11517,1
2020-06-05,15:12:00,11517,11518,11518,1
2020-06-05,15:12:01,11517,11518,11517,1
2020-06-05,15:12:01,11517,11518,11518,1
2020-06-05,15:12:01,11517,11518,11518,1
2020-06-05,15:12:01,11517,11518,11518,2
2020-06-05,15:12:01,11517,11518,11518,2
2020-06-05,15:12:02,11517,11518,11518,1
2020-06-05,15:12:02,11517,11518,11517,1
2020-06-05,15:12:03,11517,11518,11517,1
2020-06-05,15:12:04,11517,11518,11517,1
2020-06-05,15:12:05,11516,11517,11517,1
2020-06-05,15:12:06,11516,11517,11516,5
2020-06-05,15:12:06,11516,11517,11516,4
2020-06-05,15:12:08,11516,11517,11516,1
2020-06-05,15:12:08,11515,11517,11515,1
2020-06-05,15:12:10,11516,11517,11516,1
2020-06-05,15:12:11,11516,11517,11516,1
2020-06-05,15:12:12,11516,11517,11517,1
2020-06-05,15:12:13,11516,11517,11517,6
2020-06-05,15:12:13,11516,11517,11518,25
2020-06-05,15:12:13,11516,11517,11518,1
2020-06-05,15:12:14,11518,11519,11519,5
2020-06-05,15:12:14,11518,11519,11519,1
2020-06-05,15:12:14,11518,11519,11519,1
2020-06-05,15:12:14,11518,11519,11518,2
2020-06-05,15:12:14,11518,11519,11518,6
2020-06-05,15:12:14,11518,11519,11518,2
2020-06-05,15:12:14,11518,11519,11518,1
2020-06-05,15:12:14,11518,11519,11518,3
2020-06-05,15:12:14,11518,11519,11518,3
2020-06-05,15:12:15,11518,11519,11518,1
2020-06-05,15:12:15,11517,11518,11518,2
2020-06-05,15:12:15,11517,11518,11518,1
2020-06-05,15:12:15,11517,11519,11517,1
2020-06-05,15:12:16,11517,11518,11518,1
2020-06-05,15:12:17,11517,11518,11518,1
2020-06-05,15:12:18,11517,11518,11518,1
2020-06-05,15:12:18,11517,11518,11517,2
2020-06-05,15:12:19,11517,11518,11518,1
2020-06-05,15:12:19,11517,11518,11518,1
2020-06-05,15:12:19,11517,11519,11519,1
2020-06-05,15:12:20,11517,11518,11518,1
2020-06-05,15:12:21,11517,11518,11518,1
2020-06-05,15:12:21,11517,11518,11518,2
2020-06-05,15:12:21,11517,11519,11517,1
2020-06-05,15:12:22,11518,11519,11519,2
2020-06-05,15:12:24,11518,11519,11518,1
2020-06-05,15:12:24,11518,11519,11519,1
2020-06-05,15:12:24,11518,11519,11518,1
2020-06-05,15:12:25,11518,11519,11518,1
2020-06-05,15:12:25,11518,11519,11518,1
2020-06-05,15:12:26,11518,11519,11519,15
2020-06-05,15:12:26,11518,11519,11519,1
2020-06-05,15:12:26,11518,11519,11519,3
2020-06-05,15:12:27,11519,11520,11520,19
2020-06-05,15:12:27,11519,11520,11519,1
2020-06-05,15:12:27,11519,11520,11520,1
2020-06-05,15:12:27,11519,11520,11519,1
2020-06-05,15:12:29,11519,11520,11519,1
2020-06-05,15:12:30,11519,11520,11520,1
2020-06-05,15:12:31,11519,11520,11520,1
2020-06-05,15:12:32,11519,11520,11519,1
2020-06-05,15:12:33,11519,11520,11519,1
2020-06-05,15:12:33,11519,11520,11519,1
2020-06-05,15:12:33,11519,11520,11520,5
2020-06-05,15:12:33,11519,11520,11520,2
2020-06-05,15:12:34,11519,11520,11519,5
2020-06-05,15:12:35,11519,11520,11519,1
2020-06-05,15:12:36,11519,11520,11519,5
2020-06-05,15:12:36,11519,11520,11519,1
2020-06-05,15:12:36,11519,11520,11520,1
2020-06-05,15:12:37,11519,11520,11521,1
2020-06-05,15:12:37,11519,11520,11520,2
2020-06-05,15:12:37,11519,11520,11520,1
2020-06-05,15:12:38,11519,11520,11518,2
2020-06-05,15:12:38,11519,11520,11519,2
2020-06-05,15:12:40,11519,11520,11518,2
2020-06-05,15:12:40,11519,11520,11519,3
2020-06-05,15:12:41,11519,11520,11519,3
2020-06-05,15:12:42,11518,11519,11518,1
2020-06-05,15:12:42,11518,11519,11518,3
2020-06-05,15:12:43,11518,11519,11519,1
2020-06-05,15:12:44,11518,11519,11519,5
2020-06-05,15:12:45,11518,11519,11519,5
2020-06-05,15:12:45,11518,11519,11519,1
2020-06-05,15:12:46,11518,11519,11518,1
2020-06-05,15:12:46,11518,11519,11518,1
2020-06-05,15:12:46,11518,11519,11519,1
2020-06-05,15:12:46,11518,11519,11519,1
2020-06-05,15:12:48,11518,11519,11519,1
2020-06-05,15:12:50,11518,11519,11518,1
2020-06-05,15:12:51,11518,11519,11519,1
2020-06-05,15:12:51,11518,11519,11519,1
2020-06-05,15:12:52,11518,11520,11518,3
2020-06-05,15:12:53,11519,11520,11519,1
2020-06-05,15:12:54,11519,11520,11520,1
2020-06-05,15:12:55,11519,11520,11520,4
2020-06-05,15:12:55,11519,11520,11520,2
2020-06-05,15:12:56,11519,11520,11520,1
2020-06-05,15:12:57,11519,11520,11520,4
2020-06-05,15:12:59,11519,11520,11520,1
2020-06-05,15:12:59,11519,11520,11520,1
2020-06-05,15:13:00,11519,11520,11519,1
2020-06-05,15:13:00,11519,11520,11520,1
2020-06-05,15:13:00,11519,11520,11520,3
2020-06-05,15:13:00,11519,11520,11519,1
2020-06-05,15:13:00,11519,11520,11519,4
2020-06-05,15:13:00,11518,11520,11520,3
2020-06-05,15:13:00,11518,11520,11520,1
2020-06-05,15:13:02,11519,11520,11520,1
2020-06-05,15:13:03,11519,11521,11521,2
2020-06-05,15:13:03,11519,11521,11521,1
2020-06-05,15:13:03,11519,11521,11520,1
2020-06-05,15:13:04,11519,11520,11520,1
2020-06-05,15:13:04,11519,11520,11520,1
2020-06-05,15:13:05,11519,11520,11519,1
2020-06-05,15:13:06,11519,11520,11520,1
2020-06-05,15:13:06,11519,11520,11520,2
2020-06-05,15:13:09,11519,11520,11520,2
2020-06-05,15:13:09,11519,11520,11520,2
2020-06-05,15:13:10,11519,11520,11520,5
2020-06-05,15:13:10,11519,11520,11520,1
2020-06-05,15:13:10,11519,11520,11520,1
2020-06-05,15:13:10,11519,11520,11520,2
2020-06-05,15:13:10,11520,11521,11520,5
2020-06-05,15:13:10,11520,11521,11520,1
2020-06-05,15:13:12,11519,11520,11520,1
2020-06-05,15:13:12,11519,11520,11519,2
2020-06-05,15:13:12,11519,11520,11519,22
2020-06-05,15:13:14,11518,11519,11519,1
2020-06-05,15:13:14,11518,11519,11519,3
2020-06-05,15:13:14,11518,11519,11519,1
2020-06-05,15:13:15,11518,11519,11519,1
2020-06-05,15:13:16,11518,11519,11518,4
2020-06-05,15:13:16,11518,11519,11518,1
2020-06-05,15:13:17,11518,11519,11518,2
2020-06-05,15:13:17,11518,11519,11518,1
2020-06-05,15:13:19,11518,11519,11518,13
2020-06-05,15:13:22,11517,11518,11517,10
2020-06-05,15:13:22,11517,11518,11517,1
2020-06-05,15:13:22,11517,11518,11517,4
2020-06-05,15:13:22,11517,11518,11517,1
2020-06-05,15:13:22,11517,11518,11517,1
2020-06-05,15:13:22,11517,11518,11517,3
2020-06-05,15:13:22,11517,11518,11517,2
2020-06-05,15:13:22,11517,11518,11517,3
2020-06-05,15:13:22,11517,11518,11517,1
2020-06-05,15:13:22,11517,11518,11517,2
2020-06-05,15:13:22,11517,11518,11517,1
2020-06-05,15:13:22,11517,11518,11517,1
2020-06-05,15:13:22,11517,11518,11517,1
2020-06-05,15:13:22,11517,11518,11517,1
2020-06-05,15:13:22,11517,11518,11517,1
2020-06-05,15:13:22,11517,11518,11517,21
2020-06-05,15:13:22,11517,11518,11517,1
2020-06-05,15:13:22,11517,11518,11517,12
2020-06-05,15:13:23,11516,11517,11516,1
2020-06-05,15:13:23,11516,11517,11517,5
2020-06-05,15:13:23,11516,11517,11517,2
2020-06-05,15:13:25,11516,11517,11516,1
2020-06-05,15:13:25,11516,11517,11516,1
2020-06-05,15:13:26,11516,11517,11516,1
2020-06-05,15:13:26,11516,11517,11516,1
2020-06-05,15:13:26,11516,11517,11516,1
2020-06-05,15:13:27,11516,11517,11516,1
2020-06-05,15:13:27,11516,11517,11516,1
2020-06-05,15:13:29,11516,11517,11516,1
2020-06-05,15:13:29,11516,11517,11517,1
2020-06-05,15:13:30,11516,11517,11516,1
2020-06-05,15:13:31,11516,11517,11516,1
2020-06-05,15:13:32,11516,11517,11516,5
2020-06-05,15:13:32,11516,11517,11516,1
2020-06-05,15:13:33,11516,11517,11516,1
2020-06-05,15:13:33,11516,11517,11516,1
2020-06-05,15:13:33,11516,11517,11516,1
2020-06-05,15:13:34,11516,11517,11516,1
2020-06-05,15:13:34,11516,11517,11516,1
2020-06-05,15:13:34,11516,11517,11516,1
2020-06-05,15:13:34,11516,11517,11516,1
2020-06-05,15:13:37,11516,11517,11516,1
2020-06-05,15:13:37,11515,11516,11515,1
2020-06-05,15:13:38,11515,11516,11516,1
2020-06-05,15:13:38,11515,11517,11515,1
2020-06-05,15:13:38,11515,11517,11515,1
2020-06-05,15:13:39,11515,11516,11516,1
2020-06-05,15:13:41,11515,11516,11516,1
2020-06-05,15:13:41,11515,11517,11517,1
2020-06-05,15:13:42,11515,11516,11516,1
2020-06-05,15:13:43,11516,11517,11516,1
2020-06-05,15:13:45,11515,11516,11516,1
2020-06-05,15:13:46,11515,11516,11516,1
2020-06-05,15:13:47,11516,11517,11517,2
2020-06-05,15:13:48,11516,11517,11517,1
2020-06-05,15:13:48,11516,11517,11517,1
2020-06-05,15:13:48,11517,11518,11517,1
2020-06-05,15:13:48,11517,11518,11517,1
2020-06-05,15:13:49,11517,11518,11517,5
2020-06-05,15:13:53,11517,11518,11517,1
2020-06-05,15:13:54,11517,11518,11517,1
2020-06-05,15:13:54,11516,11518,11516,5
2020-06-05,15:13:54,11516,11517,11516,4
2020-06-05,15:13:54,11516,11517,11516,2
2020-06-05,15:13:56,11516,11517,11517,1
2020-06-05,15:13:56,11516,11517,11517,2
2020-06-05,15:13:57,11516,11517,11517,8
2020-06-05,15:14:01,11517,11518,11518,1
2020-06-05,15:14:01,11517,11518,11517,3
2020-06-05,15:14:01,11517,11518,11518,6
2020-06-05,15:14:01,11517,11518,11518,3
2020-06-05,15:14:01,11517,11518,11518,1
2020-06-05,15:14:01,11517,11518,11519,2
2020-06-05,15:14:01,11517,11518,11519,4
2020-06-05,15:14:01,11518,11519,11519,1
2020-06-05,15:14:01,11518,11519,11519,3
2020-06-05,15:14:01,11518,11519,11519,1
2020-06-05,15:14:01,11518,11519,11519,1
2020-06-05,15:14:02,11518,11519,11518,1
2020-06-05,15:14:02,11518,11519,11518,1
2020-06-05,15:14:03,11518,11519,11518,7
2020-06-05,15:14:03,11518,11519,11518,3
2020-06-05,15:14:05,11518,11519,11519,1
2020-06-05,15:14:07,11518,11519,11519,1
2020-06-05,15:14:07,11518,11519,11519,1
2020-06-05,15:14:07,11518,11519,11519,2
2020-06-05,15:14:07,11519,11520,11519,1
2020-06-05,15:14:09,11519,11520,11520,1
2020-06-05,15:14:09,11519,11520,11519,1
2020-06-05,15:14:09,11519,11520,11519,1
2020-06-05,15:14:13,11519,11520,11519,1
2020-06-05,15:14:14,11519,11520,11519,1
2020-06-05,15:14:15,11519,11520,11519,1
2020-06-05,15:14:15,11519,11520,11519,1
2020-06-05,15:14:15,11519,11520,11519,1
2020-06-05,15:14:16,11519,11520,11519,1
2020-06-05,15:14:16,11519,11520,11519,1
2020-06-05,15:14:16,11518,11520,11520,1
2020-06-05,15:14:19,11519,11520,11519,1
2020-06-05,15:14:19,11519,11520,11519,1
2020-06-05,15:14:24,11519,11520,11520,1
2020-06-05,15:14:27,11519,11520,11520,3
2020-06-05,15:14:28,11519,11520,11519,1
2020-06-05,15:14:28,11519,11520,11519,1
2020-06-05,15:14:29,11519,11520,11520,23
2020-06-05,15:14:29,11519,11520,11521,1
2020-06-05,15:14:29,11519,11520,11521,2
2020-06-05,15:14:29,11519,11520,11521,1
2020-06-05,15:14:29,11519,11520,11521,2
2020-06-05,15:14:29,11519,11520,11521,8
2020-06-05,15:14:29,11519,11520,11521,5
2020-06-05,15:14:29,11519,11520,11521,1
2020-06-05,15:14:29,11519,11520,11521,3
2020-06-05,15:14:29,11519,11520,11521,2
2020-06-05,15:14:29,11520,11521,11521,6
2020-06-05,15:14:29,11520,11521,11521,1
2020-06-05,15:14:29,11521,11522,11522,21
2020-06-05,15:14:29,11521,11522,11522,1
2020-06-05,15:14:29,11521,11522,11523,1
2020-06-05,15:14:29,11521,11522,11523,1
2020-06-05,15:14:29,11521,11522,11523,1
2020-06-05,15:14:29,11521,11523,11523,2
2020-06-05,15:14:29,11521,11523,11521,1
2020-06-05,15:14:29,11521,11523,11522,1
2020-06-05,15:14:29,11521,11523,11521,1
2020-06-05,15:14:30,11521,11523,11521,2
2020-06-05,15:14:30,11521,11523,11520,4
2020-06-05,15:14:30,11520,11522,11522,1
2020-06-05,15:14:30,11520,11522,11522,1
2020-06-05,15:14:30,11520,11522,11521,3
2020-06-05,15:14:30,11520,11522,11521,1
2020-06-05,15:14:31,11521,11522,11521,3
2020-06-05,15:14:31,11521,11522,11520,2
2020-06-05,15:14:31,11521,11522,11521,3
2020-06-05,15:14:31,11521,11522,11521,2
2020-06-05,15:14:31,11521,11522,11521,1
2020-06-05,15:14:32,11521,11522,11522,1
2020-06-05,15:14:32,11521,11522,11520,3
2020-06-05,15:14:32,11521,11522,11521,3
2020-06-05,15:14:35,11520,11521,11520,1
2020-06-05,15:14:35,11520,11521,11521,1
2020-06-05,15:14:35,11520,11521,11520,1
2020-06-05,15:14:36,11520,11521,11520,22
2020-06-05,15:14:36,11519,11520,11520,5
2020-06-05,15:14:37,11519,11520,11520,1
2020-06-05,15:14:39,11519,11520,11520,2
2020-06-05,15:14:40,11519,11520,11520,1
2020-06-05,15:14:41,11519,11520,11519,17
2020-06-05,15:14:41,11519,11520,11519,1
2020-06-05,15:14:42,11518,11519,11519,3
2020-06-05,15:14:44,11518,11519,11519,1
2020-06-05,15:14:48,11519,11520,11519,3
2020-06-05,15:14:48,11519,11520,11519,1
2020-06-05,15:14:54,11519,11520,11520,1
2020-06-05,15:14:55,11519,11520,11520,1
2020-06-05,15:14:56,11519,11520,11520,3
2020-06-05,15:14:56,11519,11520,11520,1
2020-06-05,15:14:57,11519,11520,11520,1
2020-06-05,15:14:58,11519,11520,11520,4
2020-06-05,15:14:58,11519,11520,11520,1
2020-06-05,15:14:59,11520,11521,11520,1
2020-06-05,15:14:59,11520,11521,11520,1
2020-06-05,15:15:00,11520,11521,11520,1
2020-06-05,15:15:01,11520,11521,11521,1
2020-06-05,15:15:01,11520,11521,11520,12
2020-06-05,15:15:01,11520,11521,11520,1
2020-06-05,15:15:01,11520,11521,11520,3
2020-06-05,15:15:01,11520,11521,11521,1
2020-06-05,15:15:01,11520,11521,11521,2
2020-06-05,15:15:02,11520,11521,11520,1
2020-06-05,15:15:02,11520,11521,11521,11
2020-06-05,15:15:02,11521,11522,11522,7
2020-06-05,15:15:02,11521,11522,11522,1
2020-06-05,15:15:02,11521,11522,11522,1
2020-06-05,15:15:02,11521,11522,11522,2
2020-06-05,15:15:02,11521,11522,11522,1
2020-06-05,15:15:03,11522,11523,11522,1
2020-06-05,15:15:03,11522,11523,11522,1
2020-06-05,15:15:05,11522,11523,11523,1
2020-06-05,15:15:05,11522,11523,11523,1
2020-06-05,15:15:05,11522,11523,11523,2
2020-06-05,15:15:05,11522,11523,11523,2
2020-06-05,15:15:05,11522,11523,11523,3
2020-06-05,15:15:05,11522,11523,11523,1
2020-06-05,15:15:05,11522,11523,11524,1
2020-06-05,15:15:05,11522,11524,11524,5
2020-06-05,15:15:05,11523,11524,11524,2
2020-06-05,15:15:05,11523,11524,11522,4
2020-06-05,15:15:05,11523,11524,11523,5
2020-06-05,15:15:05,11522,11524,11522,1
2020-06-05,15:15:05,11522,11524,11522,2
2020-06-05,15:15:05,11522,11524,11524,2
2020-06-05,15:15:05,11522,11524,11524,2
2020-06-05,15:15:05,11522,11524,11522,1
2020-06-05,15:15:08,11521,11522,11522,1
2020-06-05,15:15:09,11522,11523,11523,1
2020-06-05,15:15:10,11522,11523,11522,1
2020-06-05,15:15:12,11522,11523,11523,1
2020-06-05,15:15:13,11522,11523,11522,3
2020-06-05,15:15:13,11522,11523,11522,1
2020-06-05,15:15:13,11522,11523,11523,1
2020-06-05,15:15:13,11521,11523,11521,1
2020-06-05,15:15:14,11521,11523,11521,1
2020-06-05,15:15:15,11521,11522,11522,2
2020-06-05,15:15:15,11521,11522,11522,4
2020-06-05,15:15:20,11521,11522,11522,3
2020-06-05,15:15:21,11521,11522,11522,1
2020-06-05,15:15:24,11521,11522,11522,2
2020-06-05,15:15:24,11521,11522,11523,1
2020-06-05,15:15:25,11522,11523,11523,1
2020-06-05,15:15:28,11522,11523,11523,1
2020-06-05,15:15:28,11522,11523,11523,1
2020-06-05,15:15:28,11522,11523,11523,3
2020-06-05,15:15:29,11523,11524,11523,1
2020-06-05,15:15:30,11523,11524,11523,1
2020-06-05,15:15:30,11523,11524,11524,1
2020-06-05,15:15:30,11523,11524,11524,5
2020-06-05,15:15:30,11524,11525,11525,2
2020-06-05,15:15:31,11524,11525,11525,1
2020-06-05,15:15:31,11524,11525,11525,1
2020-06-05,15:15:31,11524,11525,11524,2
2020-06-05,15:15:32,11524,11525,11524,2
2020-06-05,15:15:32,11524,11525,11524,1
2020-06-05,15:15:32,11524,11525,11524,3
2020-06-05,15:15:32,11524,11525,11524,12
2020-06-05,15:15:34,11523,11524,11524,1
2020-06-05,15:15:36,11523,11524,11524,2
2020-06-05,15:15:38,11523,11524,11523,9
2020-06-05,15:15:38,11523,11524,11523,2
2020-06-05,15:15:38,11523,11524,11523,1
2020-06-05,15:15:38,11523,11524,11524,2
2020-06-05,15:15:39,11523,11524,11524,1
2020-06-05,15:15:39,11523,11524,11524,1
2020-06-05,15:15:40,11523,11524,11524,1
2020-06-05,15:15:40,11523,11524,11524,1
2020-06-05,15:15:40,11523,11524,11524,5
2020-06-05,15:15:40,11523,11524,11523,1
2020-06-05,15:15:40,11523,11524,11523,1
2020-06-05,15:15:40,11523,11524,11523,1
2020-06-05,15:15:42,11523,11524,11523,1
2020-06-05,15:15:42,11522,11523,11523,1
2020-06-05,15:15:45,11522,11523,11523,3
2020-06-05,15:15:46,11522,11523,11523,1
2020-06-05,15:15:48,11522,11523,11523,2
2020-06-05,15:15:50,11523,11524,11523,1
2020-06-05,15:15:52,11523,11524,11523,5
2020-06-05,15:15:53,11522,11523,11522,1
2020-06-05,15:15:55,11522,11523,11523,1
2020-06-05,15:15:55,11522,11523,11522,1
2020-06-05,15:15:57,11522,11523,11522,3
2020-06-05,15:15:58,11522,11523,11522,1
2020-06-05,15:16:00,11522,11523,11523,1
2020-06-05,15:16:00,11522,11523,11522,1
2020-06-05,15:16:00,11522,11523,11523,2
2020-06-05,15:16:00,11522,11523,11523,1
2020-06-05,15:16:00,11522,11523,11523,1
2020-06-05,15:16:01,11522,11523,11523,1
2020-06-05,15:16:02,11522,11523,11522,1
2020-06-05,15:16:03,11522,11523,11523,1
2020-06-05,15:16:06,11522,11523,11523,2
2020-06-05,15:16:07,11522,11523,11522,1
2020-06-05,15:16:08,11522,11523,11522,1
2020-06-05,15:16:10,11522,11523,11522,14
2020-06-05,15:16:11,11522,11523,11522,8
2020-06-05,15:16:12,11522,11523,11522,1
2020-06-05,15:16:12,11522,11523,11522,5
2020-06-05,15:16:12,11521,11523,11523,8
2020-06-05,15:16:13,11523,11524,11523,1
2020-06-05,15:16:15,11523,11524,11523,1
2020-06-05,15:16:17,11523,11524,11523,1
2020-06-05,15:16:19,11523,11524,11523,1
2020-06-05,15:16:19,11523,11524,11523,1
2020-06-05,15:16:20,11523,11524,11523,1
2020-06-05,15:16:22,11523,11524,11523,2
2020-06-05,15:16:26,11523,11524,11523,1
2020-06-05,15:16:26,11523,11524,11523,3
2020-06-05,15:16:34,11523,11524,11523,2
2020-06-05,15:16:36,11523,11524,11523,1
2020-06-05,15:16:36,11523,11524,11523,1
2020-06-05,15:16:38,11523,11524,11524,5
2020-06-05,15:16:42,11523,11524,11523,1
2020-06-05,15:16:46,11523,11524,11523,1
2020-06-05,15:16:47,11523,11524,11523,7
2020-06-05,15:16:47,11522,11523,11523,1
2020-06-05,15:16:47,11522,11523,11523,1
2020-06-05,15:16:49,11523,11524,11524,3
2020-06-05,15:16:51,11523,11524,11524,1
2020-06-05,15:16:58,11523,11524,11524,4
2020-06-05,15:17:00,11523,11524,11524,1
2020-06-05,15:17:00,11523,11524,11524,1
2020-06-05,15:17:00,11523,11524,11523,1
2020-06-05,15:17:00,11523,11524,11523,1
2020-06-05,15:17:00,11523,11524,11523,1
2020-06-05,15:17:00,11523,11524,11523,3
2020-06-05,15:17:01,11523,11524,11524,1
2020-06-05,15:17:02,11523,11524,11524,2
2020-06-05,15:17:07,11524,11525,11524,2
2020-06-05,15:17:07,11524,11525,11525,1
2020-06-05,15:17:07,11524,11525,11525,1
2020-06-05,15:17:07,11524,11525,11525,4
2020-06-05,15:17:07,11524,11525,11525,11
2020-06-05,15:17:07,11524,11525,11525,4
2020-06-05,15:17:07,11524,11525,11525,2
2020-06-05,15:17:07,11524,11525,11525,6
2020-06-05,15:17:07,11524,11525,11525,5
2020-06-05,15:17:08,11525,11526,11526,1
2020-06-05,15:17:08,11525,11526,11526,2
2020-06-05,15:17:08,11525,11526,11526,2
2020-06-05,15:17:08,11525,11526,11525,1
2020-06-05,15:17:10,11525,11526,11526,1
2020-06-05,15:17:10,11525,11526,11525,8
2020-06-05,15:17:15,11525,11526,11526,1
2020-06-05,15:17:15,11525,11526,11525,1
2020-06-05,15:17:18,11525,11526,11526,2
2020-06-05,15:17:19,11525,11526,11525,1
2020-06-05,15:17:20,11525,11526,11526,1
2020-06-05,15:17:20,11525,11526,11526,1
2020-06-05,15:17:20,11525,11526,11526,1
2020-06-05,15:17:20,11525,11526,11525,1
2020-06-05,15:17:22,11525,11526,11525,1
2020-06-05,15:17:25,11525,11526,11526,1
2020-06-05,15:17:27,11525,11526,11525,2
2020-06-05,15:17:28,11525,11526,11526,1
2020-06-05,15:17:28,11525,11526,11525,1
2020-06-05,15:17:28,11525,11526,11526,1
2020-06-05,15:17:30,11525,11526,11526,2
2020-06-05,15:17:30,11525,11526,11525,1
2020-06-05,15:17:30,11525,11526,11526,1
2020-06-05,15:17:31,11525,11526,11526,1
2020-06-05,15:17:31,11525,11526,11526,1
2020-06-05,15:17:32,11525,11526,11526,1
2020-06-05,15:17:32,11525,11527,11526,1
2020-06-05,15:17:35,11525,11527,11525,1
2020-06-05,15:17:36,11525,11527,11525,1
2020-06-05,15:17:37,11525,11526,11526,1
2020-06-05,15:17:38,11526,11527,11526,1
2020-06-05,15:17:41,11526,11527,11527,1
2020-06-05,15:17:41,11526,11527,11527,4
2020-06-05,15:17:41,11526,11528,11528,1
2020-06-05,15:17:41,11526,11528,11526,1
2020-06-05,15:17:42,11526,11528,11528,2
2020-06-05,15:17:42,11526,11528,11528,2
2020-06-05,15:17:42,11526,11527,11527,1
2020-06-05,15:17:42,11526,11527,11527,1
2020-06-05,15:17:44,11526,11527,11527,1
2020-06-05,15:17:44,11526,11527,11526,9
2020-06-05,15:17:45,11525,11526,11525,1
2020-06-05,15:17:45,11525,11526,11526,1
2020-06-05,15:17:46,11526,11527,11527,4
2020-06-05,15:17:46,11526,11527,11527,3
2020-06-05,15:17:47,11526,11527,11526,1
2020-06-05,15:17:51,11526,11527,11526,8
2020-06-05,15:17:51,11526,11527,11527,2
2020-06-05,15:17:52,11526,11527,11527,1
2020-06-05,15:17:52,11526,11527,11526,3
2020-06-05,15:17:52,11525,11527,11527,1
2020-06-05,15:17:54,11525,11526,11526,1
2020-06-05,15:17:54,11525,11526,11526,1
2020-06-05,15:17:54,11525,11526,11525,1
2020-06-05,15:17:56,11526,11527,11526,1
2020-06-05,15:17:57,11526,11527,11527,2
2020-06-05,15:18:00,11526,11527,11527,2
2020-06-05,15:18:00,11526,11527,11526,1
2020-06-05,15:18:00,11526,11527,11527,4
2020-06-05,15:18:00,11526,11527,11528,2
2020-06-05,15:18:00,11526,11528,11528,2
2020-06-05,15:18:01,11526,11528,11528,6
2020-06-05,15:18:01,11526,11528,11528,1
2020-06-05,15:18:01,11527,11528,11528,1
2020-06-05,15:18:01,11527,11528,11528,1
2020-06-05,15:18:01,11527,11528,11528,1
2020-06-05,15:18:01,11527,11528,11528,1
2020-06-05,15:18:01,11527,11528,11528,4
2020-06-05,15:18:02,11527,11528,11527,1
2020-06-05,15:18:02,11527,11528,11528,1
2020-06-05,15:18:02,11527,11528,11528,1
2020-06-05,15:18:05,11527,11528,11528,5
2020-06-05,15:18:06,11528,11529,11529,1
2020-06-05,15:18:06,11528,11529,11529,1
2020-06-05,15:18:06,11528,11529,11528,1
2020-06-05,15:18:06,11528,11529,11528,1
2020-06-05,15:18:06,11528,11529,11528,2
2020-06-05,15:18:06,11528,11529,11528,2
2020-06-05,15:18:07,11527,11529,11529,1
2020-06-05,15:18:12,11528,11529,11529,1
2020-06-05,15:18:13,11528,11529,11529,1
2020-06-05,15:18:13,11528,11529,11529,1
2020-06-05,15:18:13,11528,11529,11528,1
2020-06-05,15:18:14,11528,11529,11529,1
2020-06-05,15:18:14,11528,11529,11529,1
2020-06-05,15:18:15,11528,11529,11529,1
2020-06-05,15:18:15,11528,11529,11530,24
2020-06-05,15:18:15,11528,11529,11531,22
2020-06-05,15:18:15,11528,11529,11529,4
2020-06-05,15:18:15,11530,11531,11531,2
2020-06-05,15:18:15,11530,11531,11530,1
2020-06-05,15:18:15,11529,11530,11530,1
2020-06-05,15:18:16,11529,11530,11529,1
2020-06-05,15:18:16,11529,11530,11529,1
2020-06-05,15:18:16,11529,11530,11529,1
2020-06-05,15:18:17,11529,11530,11530,1
2020-06-05,15:18:17,11529,11530,11529,1
2020-06-05,15:18:17,11529,11530,11530,1
2020-06-05,15:18:18,11529,11530,11530,1
2020-06-05,15:18:18,11530,11531,11530,1
2020-06-05,15:18:19,11530,11531,11530,1
2020-06-05,15:18:20,11529,11530,11530,1
2020-06-05,15:18:20,11529,11530,11530,1
2020-06-05,15:18:20,11530,11531,11531,1
2020-06-05,15:18:21,11530,11531,11531,1
2020-06-05,15:18:21,11530,11531,11531,1
2020-06-05,15:18:23,11530,11531,11531,2
2020-06-05,15:18:23,11530,11531,11531,1
2020-06-05,15:18:24,11530,11531,11531,1
2020-06-05,15:18:24,11530,11531,11531,11
2020-06-05,15:18:24,11530,11531,11532,2
2020-06-05,15:18:24,11531,11532,11532,1
2020-06-05,15:18:24,11531,11532,11531,3
2020-06-05,15:18:25,11530,11531,11530,2
2020-06-05,15:18:27,11530,11531,11531,1
2020-06-05,15:18:28,11530,11531,11530,1
2020-06-05,15:18:28,11530,11531,11531,1
2020-06-05,15:18:28,11530,11531,11530,1
2020-06-05,15:18:28,11530,11531,11530,6
2020-06-05,15:18:28,11530,11531,11531,1
2020-06-05,15:18:28,11530,11531,11531,1
2020-06-05,15:18:29,11530,11531,11531,10
2020-06-05,15:18:30,11530,11531,11531,1
2020-06-05,15:18:30,11530,11531,11530,9
2020-06-05,15:18:30,11530,11531,11530,1
2020-06-05,15:18:30,11530,11531,11531,1
2020-06-05,15:18:31,11530,11531,11531,1
2020-06-05,15:18:32,11530,11531,11531,4
2020-06-05,15:18:32,11530,11531,11531,1
2020-06-05,15:18:33,11530,11531,11530,1
2020-06-05,15:18:33,11530,11531,11531,1
2020-06-05,15:18:33,11530,11531,11531,1
2020-06-05,15:18:33,11530,11531,11531,1
2020-06-05,15:18:34,11530,11531,11531,1
2020-06-05,15:18:35,11530,11531,11530,1
2020-06-05,15:18:35,11530,11531,11531,1
2020-06-05,15:18:35,11530,11531,11531,1
2020-06-05,15:18:35,11530,11531,11531,1
2020-06-05,15:18:35,11530,11531,11531,10
2020-06-05,15:18:35,11530,11531,11532,29
2020-06-05,15:18:35,11530,11531,11532,11
2020-06-05,15:18:35,11530,11531,11532,1
2020-06-05,15:18:36,11531,11533,11531,1
2020-06-05,15:18:38,11531,11532,11531,1
2020-06-05,15:18:40,11531,11532,11532,1
2020-06-05,15:18:41,11531,11532,11532,1
2020-06-05,15:18:43,11531,11532,11532,1
2020-06-05,15:18:43,11532,11533,11532,1
2020-06-05,15:18:43,11532,11533,11531,1
2020-06-05,15:18:43,11531,11532,11532,2
2020-06-05,15:18:43,11531,11532,11531,7
2020-06-05,15:18:45,11531,11532,11532,1
2020-06-05,15:18:45,11531,11532,11532,1
2020-06-05,15:18:46,11531,11532,11532,1
2020-06-05,15:18:46,11531,11532,11531,1
2020-06-05,15:18:48,11531,11532,11531,5
2020-06-05,15:18:49,11531,11532,11531,19
2020-06-05,15:18:50,11530,11531,11531,2
2020-06-05,15:18:51,11531,11532,11532,1
2020-06-05,15:18:53,11531,11532,11532,1
2020-06-05,15:18:54,11531,11532,11532,1
2020-06-05,15:18:55,11531,11532,11531,1
2020-06-05,15:18:55,11531,11532,11531,4
2020-06-05,15:18:55,11530,11531,11531,1
2020-06-05,15:18:56,11530,11531,11531,2
2020-06-05,15:18:57,11530,11531,11531,1
2020-06-05,15:18:58,11530,11531,11531,1
2020-06-05,15:18:58,11530,11531,11531,1
2020-06-05,15:18:58,11530,11531,11531,1
2020-06-05,15:18:59,11530,11531,11532,41
2020-06-05,15:18:59,11530,11531,11531,4
2020-06-05,15:18:59,11530,11531,11532,5
2020-06-05,15:18:59,11530,11531,11532,1
2020-06-05,15:18:59,11530,11531,11532,3
2020-06-05,15:18:59,11531,11533,11531,1
2020-06-05,15:18:59,11532,11533,11533,3
2020-06-05,15:19:00,11532,11533,11533,3
2020-06-05,15:19:00,11532,11533,11533,1
2020-06-05,15:19:00,11532,11533,11532,1
2020-06-05,15:19:00,11532,11533,11532,1
2020-06-05,15:19:01,11532,11533,11533,1
2020-06-05,15:19:01,11532,11533,11532,1
2020-06-05,15:19:01,11532,11533,11532,1
2020-06-05,15:19:02,11532,11533,11532,1
2020-06-05,15:19:02,11532,11533,11532,1
2020-06-05,15:19:02,11532,11533,11532,1
2020-06-05,15:19:03,11532,11533,11532,1
2020-06-05,15:19:03,11532,11533,11531,3
2020-06-05,15:19:03,11532,11533,11532,1
2020-06-05,15:19:03,11531,11533,11532,1
2020-06-05,15:19:04,11532,11533,11533,1
2020-06-05,15:19:05,11532,11533,11533,1
2020-06-05,15:19:06,11532,11533,11532,1
2020-06-05,15:19:07,11532,11533,11533,1
2020-06-05,15:19:07,11532,11533,11533,1
2020-06-05,15:19:07,11532,11533,11533,1
2020-06-05,15:19:08,11532,11533,11533,1
2020-06-05,15:19:08,11532,11533,11532,1
2020-06-05,15:19:09,11532,11533,11533,1
2020-06-05,15:19:10,11532,11533,11532,1
2020-06-05,15:19:11,11532,11533,11534,26
2020-06-05,15:19:11,11532,11533,11533,19
2020-06-05,15:19:11,11534,11535,11535,6
2020-06-05,15:19:11,11534,11535,11535,7
2020-06-05,15:19:12,11534,11535,11534,1
2020-06-05,15:19:12,11534,11535,11534,1
2020-06-05,15:19:12,11534,11535,11534,1
2020-06-05,15:19:12,11534,11535,11534,1
2020-06-05,15:19:12,11534,11535,11534,1
2020-06-05,15:19:12,11534,11535,11533,1
2020-06-05,15:19:12,11534,11535,11533,1
2020-06-05,15:19:12,11533,11535,11533,1
2020-06-05,15:19:12,11533,11535,11533,2
2020-06-05,15:19:14,11534,11535,11535,1
2020-06-05,15:19:15,11534,11535,11534,1
2020-06-05,15:19:15,11533,11535,11535,1
2020-06-05,15:19:15,11533,11535,11533,1
2020-06-05,15:19:17,11533,11535,11533,1
2020-06-05,15:19:19,11534,11535,11535,1
2020-06-05,15:19:20,11534,11535,11534,3
2020-06-05,15:19:21,11533,11535,11533,1
2020-06-05,15:19:21,11533,11534,11533,1
2020-06-05,15:19:21,11533,11534,11534,1
2020-06-05,15:19:22,11534,11535,11535,1
2020-06-05,15:19:23,11534,11535,11535,2
2020-06-05,15:19:23,11534,11535,11535,1
2020-06-05,15:19:23,11534,11535,11534,1
2020-06-05,15:19:25,11534,11535,11534,1
2020-06-05,15:19:25,11534,11535,11534,1
2020-06-05,15:19:26,11534,11535,11535,2
2020-06-05,15:19:26,11534,11535,11535,3
2020-06-05,15:19:29,11534,11535,11535,4
2020-06-05,15:19:29,11534,11535,11535,4
2020-06-05,15:19:29,11534,11535,11536,17
2020-06-05,15:19:29,11534,11535,11536,27
2020-06-05,15:19:29,11534,11535,11536,1
2020-06-05,15:19:30,11535,11536,11535,1
2020-06-05,15:19:30,11535,11536,11536,1
2020-06-05,15:19:30,11535,11536,11537,2
2020-06-05,15:19:30,11535,11536,11535,1
2020-06-05,15:19:30,11535,11537,11535,1
2020-06-05,15:19:30,11535,11536,11536,1
2020-06-05,15:19:31,11535,11536,11536,1
2020-06-05,15:19:31,11536,11537,11536,1
2020-06-05,15:19:32,11536,11537,11536,1
2020-06-05,15:19:32,11536,11537,11536,2
2020-06-05,15:19:33,11535,11536,11536,2
2020-06-05,15:19:35,11535,11537,11537,1
2020-06-05,15:19:35,11535,11537,11537,1
2020-06-05,15:19:35,11536,11537,11536,1
2020-06-05,15:19:35,11536,11537,11537,1
2020-06-05,15:19:36,11536,11537,11537,1
2020-06-05,15:19:36,11536,11537,11536,2
2020-06-05,15:19:36,11536,11537,11535,1
2020-06-05,15:19:36,11535,11536,11535,1
2020-06-05,15:19:36,11535,11536,11536,1
2020-06-05,15:19:36,11535,11536,11536,1
2020-06-05,15:19:37,11535,11537,11537,2
2020-06-05,15:19:38,11536,11537,11536,1
2020-06-05,15:19:38,11536,11537,11536,1
2020-06-05,15:19:38,11535,11537,11535,1
2020-06-05,15:19:40,11536,11537,11537,1
2020-06-05,15:19:40,11536,11537,11537,1
2020-06-05,15:19:40,11536,11537,11537,1
2020-06-05,15:19:41,11536,11537,11537,3
2020-06-05,15:19:41,11536,11537,11537,2
2020-06-05,15:19:41,11536,11537,11537,1
2020-06-05,15:19:43,11536,11537,11536,1
2020-06-05,15:19:43,11536,11537,11537,1
2020-06-05,15:19:43,11536,11538,11538,3
2020-06-05,15:19:44,11536,11538,11536,3
2020-06-05,15:19:44,11536,11538,11538,1
2020-06-05,15:19:44,11536,11538,11538,1
2020-06-05,15:19:44,11537,11538,11537,1
2020-06-05,15:19:44,11537,11538,11537,9
2020-06-05,15:19:44,11536,11537,11537,1
2020-06-05,15:19:45,11537,11538,11537,1
2020-06-05,15:19:45,11537,11538,11538,2
2020-06-05,15:19:46,11536,11537,11536,1
2020-06-05,15:19:46,11536,11537,11536,1
2020-06-05,15:19:46,11536,11537,11537,2
2020-06-05,15:19:48,11536,11537,11537,1
2020-06-05,15:19:48,11536,11537,11537,1
2020-06-05,15:19:48,11536,11537,11537,1
2020-06-05,15:19:48,11536,11537,11537,1
2020-06-05,15:19:49,11536,11537,11537,1
2020-06-05,15:19:51,11536,11537,11537,1
2020-06-05,15:19:51,11536,11537,11537,1
2020-06-05,15:19:52,11536,11537,11537,2
2020-06-05,15:19:53,11536,11537,11537,1
2020-06-05,15:19:54,11536,11537,11536,1
2020-06-05,15:19:56,11536,11537,11537,1
2020-06-05,15:19:56,11536,11537,11537,4
2020-06-05,15:19:56,11536,11537,11536,1
2020-06-05,15:19:56,11536,11537,11536,1
2020-06-05,15:19:58,11536,11537,11537,2
2020-06-05,15:19:58,11536,11537,11536,1
2020-06-05,15:19:59,11536,11537,11536,1
2020-06-05,15:20:00,11536,11537,11536,1
2020-06-05,15:20:00,11536,11537,11537,2
2020-06-05,15:20:00,11536,11537,11537,1
2020-06-05,15:20:00,11536,11537,11537,1
2020-06-05,15:20:01,11536,11537,11536,1
2020-06-05,15:20:01,11536,11537,11536,1
2020-06-05,15:20:01,11536,11537,11537,1
2020-06-05,15:20:01,11536,11537,11537,5
2020-06-05,15:20:01,11536,11537,11537,5
2020-06-05,15:20:02,11537,11538,11538,1
2020-06-05,15:20:02,11537,11538,11538,1
2020-06-05,15:20:02,11537,11538,11538,2
2020-06-05,15:20:02,11537,11538,11538,1
2020-06-05,15:20:02,11537,11538,11538,1
2020-06-05,15:20:02,11537,11538,11538,1
2020-06-05,15:20:02,11537,11538,11538,2
2020-06-05,15:20:02,11537,11538,11538,2
2020-06-05,15:20:02,11537,11538,11538,2
2020-06-05,15:20:02,11537,11538,11538,1
2020-06-05,15:20:02,11537,11538,11538,5
2020-06-05,15:20:02,11537,11538,11538,1
2020-06-05,15:20:02,11537,11538,11538,2
2020-06-05,15:20:02,11537,11538,11539,2
2020-06-05,15:20:02,11537,11538,11538,1
2020-06-05,15:20:02,11537,11538,11539,1
2020-06-05,15:20:02,11538,11539,11539,1
2020-06-05,15:20:02,11538,11539,11539,1
2020-06-05,15:20:02,11538,11539,11538,7
2020-06-05,15:20:02,11538,11539,11539,1
2020-06-05,15:20:02,11538,11539,11539,1
2020-06-05,15:20:03,11538,11539,11538,1
2020-06-05,15:20:03,11538,11539,11539,1
2020-06-05,15:20:03,11538,11539,11538,1
2020-06-05,15:20:03,11538,11539,11539,1
2020-06-05,15:20:03,11538,11539,11539,23
2020-06-05,15:20:05,11539,11540,11540,1
2020-06-05,15:20:05,11539,11540,11539,1
2020-06-05,15:20:05,11539,11540,11539,1
2020-06-05,15:20:05,11539,11540,11540,2
2020-06-05,15:20:05,11539,11540,11539,1
2020-06-05,15:20:05,11539,11540,11539,2
2020-06-05,15:20:05,11539,11540,11539,1
2020-06-05,15:20:05,11539,11540,11539,1
2020-06-05,15:20:05,11539,11540,11540,1
2020-06-05,15:20:06,11539,11540,11540,1
2020-06-05,15:20:07,11539,11540,11539,2
2020-06-05,15:20:07,11539,11540,11540,1
2020-06-05,15:20:07,11539,11540,11540,1
2020-06-05,15:20:07,11539,11540,11539,4
2020-06-05,15:20:07,11539,11540,11539,1
2020-06-05,15:20:07,11539,11540,11540,1
2020-06-05,15:20:07,11539,11540,11540,1
2020-06-05,15:20:07,11539,11540,11539,7
2020-06-05,15:20:08,11539,11540,11539,5
2020-06-05,15:20:08,11539,11540,11538,5
2020-06-05,15:20:08,11539,11540,11539,1
2020-06-05,15:20:08,11538,11539,11539,1
2020-06-05,15:20:08,11539,11540,11540,1
2020-06-05,15:20:08,11539,11540,11539,1
2020-06-05,15:20:08,11539,11540,11538,1
2020-06-05,15:20:08,11538,11539,11539,1
2020-06-05,15:20:09,11538,11539,11539,1
2020-06-05,15:20:09,11538,11540,11540,2
2020-06-05,15:20:09,11539,11540,11540,1
2020-06-05,15:20:10,11540,11541,11540,1
2020-06-05,15:20:11,11540,11541,11540,1
2020-06-05,15:20:12,11540,11541,11540,1
2020-06-05,15:20:12,11540,11541,11540,7
2020-06-05,15:20:12,11540,11541,11539,3
2020-06-05,15:20:12,11540,11541,11540,4
2020-06-05,15:20:14,11540,11541,11541,1
2020-06-05,15:20:14,11540,11541,11541,1
2020-06-05,15:20:15,11540,11541,11541,2
2020-06-05,15:20:15,11540,11541,11541,1
2020-06-05,15:20:15,11540,11541,11540,1
2020-06-05,15:20:15,11540,11541,11540,1
2020-06-05,15:20:16,11540,11541,11540,1
2020-06-05,15:20:16,11540,11541,11541,1
2020-06-05,15:20:16,11540,11541,11541,1
2020-06-05,15:20:17,11541,11542,11541,1
2020-06-05,15:20:17,11541,11542,11541,1
2020-06-05,15:20:17,11541,11542,11541,2
2020-06-05,15:20:17,11541,11542,11541,1
2020-06-05,15:20:18,11540,11541,11541,1
2020-06-05,15:20:18,11540,11541,11540,1
2020-06-05,15:20:18,11540,11541,11540,1
2020-06-05,15:20:18,11540,11542,11540,1
2020-06-05,15:20:19,11540,11542,11540,1
2020-06-05,15:20:19,11540,11541,11541,1
2020-06-05,15:20:20,11540,11541,11540,1
2020-06-05,15:20:21,11540,11541,11541,1
2020-06-05,15:20:22,11541,11542,11542,3
2020-06-05,15:20:22,11541,11542,11541,1
2020-06-05,15:20:22,11541,11542,11541,2
2020-06-05,15:20:22,11541,11542,11541,3
2020-06-05,15:20:22,11540,11542,11541,1
2020-06-05,15:20:23,11541,11542,11541,1
2020-06-05,15:20:23,11541,11542,11541,1
2020-06-05,15:20:25,11541,11542,11542,1
2020-06-05,15:20:26,11541,11542,11542,1
2020-06-05,15:20:26,11541,11542,11542,1
2020-06-05,15:20:27,11541,11542,11542,2
2020-06-05,15:20:27,11541,11542,11542,1
2020-06-05,15:20:27,11541,11542,11541,1
2020-06-05,15:20:28,11541,11542,11542,1
2020-06-05,15:20:28,11541,11542,11542,2
2020-06-05,15:20:30,11542,11543,11543,1
2020-06-05,15:20:30,11542,11543,11543,1
2020-06-05,15:20:30,11542,11543,11543,1
2020-06-05,15:20:31,11542,11543,11542,7
2020-06-05,15:20:31,11542,11543,11542,1
2020-06-05,15:20:31,11542,11543,11542,1
2020-06-05,15:20:31,11542,11543,11543,1
2020-06-05,15:20:31,11542,11543,11542,2
2020-06-05,15:20:32,11542,11543,11543,1
2020-06-05,15:20:32,11542,11543,11543,4
2020-06-05,15:20:32,11542,11543,11542,1
2020-06-05,15:20:34,11542,11543,11543,4
2020-06-05,15:20:34,11542,11543,11542,1
2020-06-05,15:20:35,11542,11543,11543,1
2020-06-05,15:20:35,11542,11543,11543,1
2020-06-05,15:20:35,11542,11543,11543,1
2020-06-05,15:20:35,11543,11544,11544,1
2020-06-05,15:20:36,11543,11544,11544,1
2020-06-05,15:20:36,11543,11544,11543,1
2020-06-05,15:20:37,11543,11544,11543,1
2020-06-05,15:20:38,11543,11544,11543,1
2020-06-05,15:20:38,11543,11544,11545,5
2020-06-05,15:20:38,11543,11544,11544,5
2020-06-05,15:20:38,11544,11545,11544,1
2020-06-05,15:20:38,11544,11545,11544,1
2020-06-05,15:20:38,11543,11545,11545,5
2020-06-05,15:20:39,11544,11545,11544,2
2020-06-05,15:20:39,11543,11545,11543,1
2020-06-05,15:20:40,11543,11545,11545,1
2020-06-05,15:20:41,11543,11545,11543,1
2020-06-05,15:20:41,11543,11545,11545,1
2020-06-05,15:20:42,11543,11544,11544,1
2020-06-05,15:20:42,11543,11544,11544,1
2020-06-05,15:20:43,11544,11545,11544,1
2020-06-05,15:20:44,11544,11545,11545,1
2020-06-05,15:20:44,11544,11545,11545,1
2020-06-05,15:20:44,11544,11545,11544,2
2020-06-05,15:20:44,11544,11545,11545,1
2020-06-05,15:20:45,11544,11545,11545,2
2020-06-05,15:20:45,11544,11545,11545,1
2020-06-05,15:20:45,11544,11545,11544,1
2020-06-05,15:20:45,11544,11545,11545,7
2020-06-05,15:20:45,11545,11546,11545,1
2020-06-05,15:20:46,11545,11546,11546,1
2020-06-05,15:20:46,11545,11546,11545,1
2020-06-05,15:20:46,11545,11546,11545,1
2020-06-05,15:20:46,11545,11546,11545,1
2020-06-05,15:20:46,11545,11546,11545,2
2020-06-05,15:20:47,11545,11546,11545,1
2020-06-05,15:20:47,11545,11546,11545,1
2020-06-05,15:20:47,11545,11546,11545,1
2020-06-05,15:20:48,11545,11546,11545,1
2020-06-05,15:20:48,11545,11546,11545,1
2020-06-05,15:20:48,11545,11546,11545,1
2020-06-05,15:20:48,11544,11545,11545,1
2020-06-05,15:20:49,11544,11545,11545,1
2020-06-05,15:20:49,11544,11545,11545,1
2020-06-05,15:20:49,11544,11545,11545,1
2020-06-05,15:20:50,11544,11545,11545,1
2020-06-05,15:20:50,11544,11545,11545,2
2020-06-05,15:20:50,11544,11545,11545,1
2020-06-05,15:20:51,11544,11545,11545,2
2020-06-05,15:20:52,11544,11545,11545,3
2020-06-05,15:20:52,11545,11546,11544,2
2020-06-05,15:20:52,11545,11546,11545,1
2020-06-05,15:20:52,11545,11546,11546,2
2020-06-05,15:20:52,11544,11546,11545,1
2020-06-05,15:20:52,11544,11546,11545,1
2020-06-05,15:20:52,11544,11545,11545,1
2020-06-05,15:20:53,11544,11545,11545,1
2020-06-05,15:20:53,11544,11545,11545,1
2020-06-05,15:20:54,11544,11545,11545,2
2020-06-05,15:20:54,11544,11545,11545,1
2020-06-05,15:20:54,11544,11545,11545,3
2020-06-05,15:20:54,11544,11545,11545,1
2020-06-05,15:20:54,11544,11545,11545,1
2020-06-05,15:20:54,11544,11545,11545,2
2020-06-05,15:20:54,11544,11545,11545,1
2020-06-05,15:20:55,11544,11545,11545,6
2020-06-05,15:20:55,11544,11545,11545,1
2020-06-05,15:20:55,11544,11546,11545,1
2020-06-05,15:20:56,11545,11546,11545,1
2020-06-05,15:20:56,11545,11546,11546,1
2020-06-05,15:20:56,11545,11546,11545,1
2020-06-05,15:20:57,11545,11546,11545,1
2020-06-05,15:20:57,11545,11546,11546,5
2020-06-05,15:20:58,11545,11546,11546,1
2020-06-05,15:20:58,11545,11546,11546,1
2020-06-05,15:20:58,11545,11546,11545,1
2020-06-05,15:20:59,11545,11546,11545,1
2020-06-05,15:21:00,11545,11546,11546,5
2020-06-05,15:21:00,11545,11546,11546,3
2020-06-05,15:21:00,11546,11547,11545,11
2020-06-05,15:21:00,11546,11547,11546,2
2020-06-05,15:21:00,11545,11547,11547,2
2020-06-05,15:21:00,11545,11547,11545,1
2020-06-05,15:21:00,11545,11547,11545,7
2020-06-05,15:21:01,11545,11547,11547,1
2020-06-05,15:21:01,11545,11547,11547,4
2020-06-05,15:21:01,11545,11546,11545,1
2020-06-05,15:21:01,11545,11546,11545,1
2020-06-05,15:21:01,11545,11546,11545,1
2020-06-05,15:21:02,11545,11546,11545,1
2020-06-05,15:21:02,11545,11546,11545,1
2020-06-05,15:21:02,11545,11546,11547,2
2020-06-05,15:21:02,11545,11546,11546,2
2020-06-05,15:21:02,11545,11547,11547,2
2020-06-05,15:21:03,11545,11547,11545,1
2020-06-05,15:21:03,11545,11547,11545,1
2020-06-05,15:21:03,11545,11547,11547,1
2020-06-05,15:21:04,11545,11546,11545,1
2020-06-05,15:21:04,11545,11546,11545,1
2020-06-05,15:21:07,11545,11546,11546,4
2020-06-05,15:21:08,11545,11546,11546,2
2020-06-05,15:21:08,11545,11546,11545,1
2020-06-05,15:21:09,11545,11546,11546,1
2020-06-05,15:21:10,11545,11546,11546,1
2020-06-05,15:21:11,11545,11546,11546,1
2020-06-05,15:21:11,11545,11546,11545,1
2020-06-05,15:21:11,11545,11546,11545,1
2020-06-05,15:21:12,11545,11546,11545,1
2020-06-05,15:21:12,11545,11546,11546,1
2020-06-05,15:21:15,11545,11546,11546,1
2020-06-05,15:21:15,11545,11546,11546,1
2020-06-05,15:21:16,11545,11546,11546,1
2020-06-05,15:21:16,11545,11546,11546,1
2020-06-05,15:21:16,11545,11546,11546,1
2020-06-05,15:21:17,11545,11546,11545,1
2020-06-05,15:21:18,11545,11546,11545,1
2020-06-05,15:21:20,11545,11546,11545,1
2020-06-05,15:21:20,11545,11546,11545,2
2020-06-05,15:21:20,11545,11546,11545,1
2020-06-05,15:21:21,11545,11546,11545,1
2020-06-05,15:21:22,11545,11546,11545,1
2020-06-05,15:21:22,11545,11546,11545,15
2020-06-05,15:21:22,11544,11545,11544,1
2020-06-05,15:21:22,11544,11545,11544,1
2020-06-05,15:21:22,11544,11545,11544,1
2020-06-05,15:21:22,11544,11545,11544,2
2020-06-05,15:21:22,11544,11545,11545,3
2020-06-05,15:21:22,11544,11545,11544,1
2020-06-05,15:21:23,11544,11545,11544,1
2020-06-05,15:21:23,11544,11545,11545,1
2020-06-05,15:21:23,11544,11545,11544,2
2020-06-05,15:21:23,11544,11545,11544,1
2020-06-05,15:21:24,11543,11544,11544,1
2020-06-05,15:21:24,11543,11544,11543,1
2020-06-05,15:21:24,11543,11544,11543,1
2020-06-05,15:21:25,11543,11544,11543,1
2020-06-05,15:21:26,11543,11544,11543,23
2020-06-05,15:21:26,11543,11544,11542,1
2020-06-05,15:21:26,11543,11544,11542,2
2020-06-05,15:21:26,11542,11543,11543,1
2020-06-05,15:21:27,11542,11543,11542,1
2020-06-05,15:21:27,11542,11543,11542,1
2020-06-05,15:21:27,11542,11543,11542,1
2020-06-05,15:21:28,11542,11543,11542,1
2020-06-05,15:21:28,11542,11543,11542,3
2020-06-05,15:21:28,11541,11542,11542,1
2020-06-05,15:21:28,11541,11542,11541,1
2020-06-05,15:21:28,11541,11542,11541,1
2020-06-05,15:21:28,11541,11542,11540,58
2020-06-05,15:21:28,11541,11542,11541,12
2020-06-05,15:21:28,11541,11542,11539,1
2020-06-05,15:21:28,11541,11542,11539,1
2020-06-05,15:21:28,11541,11542,11539,1
2020-06-05,15:21:28,11541,11542,11539,4
2020-06-05,15:21:28,11539,11540,11538,1
2020-06-05,15:21:29,11538,11539,11539,1
2020-06-05,15:21:30,11538,11539,11538,1
2020-06-05,15:21:30,11538,11539,11538,1
2020-06-05,15:21:30,11538,11539,11539,1
2020-06-05,15:21:31,11538,11539,11538,1
2020-06-05,15:21:32,11538,11539,11538,1
2020-06-05,15:21:33,11538,11539,11538,1
2020-06-05,15:21:33,11538,11539,11538,3
2020-06-05,15:21:33,11537,11538,11537,1
2020-06-05,15:21:33,11537,11538,11537,4
2020-06-05,15:21:34,11536,11538,11536,3
2020-06-05,15:21:34,11536,11538,11536,3
2020-06-05,15:21:34,11536,11538,11538,1
2020-06-05,15:21:34,11536,11538,11538,2
2020-06-05,15:21:34,11536,11538,11536,1
2020-06-05,15:21:34,11536,11538,11536,1
2020-06-05,15:21:35,11536,11537,11536,1
2020-06-05,15:21:35,11535,11537,11537,2
2020-06-05,15:21:36,11535,11537,11537,1
2020-06-05,15:21:36,11535,11536,11536,4
2020-06-05,15:21:36,11535,11536,11535,3
2020-06-05,15:21:36,11535,11536,11536,1
2020-06-05,15:21:36,11535,11536,11535,3
2020-06-05,15:21:36,11535,11536,11536,1
2020-06-05,15:21:37,11535,11536,11535,3
2020-06-05,15:21:37,11535,11536,11536,2
2020-06-05,15:21:37,11535,11536,11535,3
2020-06-05,15:21:37,11535,11536,11535,2
2020-06-05,15:21:37,11535,11536,11536,1
2020-06-05,15:21:37,11535,11536,11535,1
2020-06-05,15:21:37,11535,11536,11535,1
2020-06-05,15:21:37,11535,11536,11534,1
2020-06-05,15:21:38,11534,11535,11535,1
2020-06-05,15:21:38,11534,11535,11535,1
2020-06-05,15:21:39,11534,11535,11535,1
2020-06-05,15:21:39,11534,11535,11534,1
2020-06-05,15:21:39,11534,11535,11535,2
2020-06-05,15:21:39,11534,11535,11535,1
2020-06-05,15:21:39,11534,11535,11535,1
2020-06-05,15:21:40,11534,11535,11534,1
2020-06-05,15:21:40,11534,11535,11534,1
2020-06-05,15:21:41,11534,11535,11535,1
2020-06-05,15:21:41,11534,11535,11534,1
2020-06-05,15:21:43,11534,11535,11534,5
2020-06-05,15:21:43,11533,11534,11534,1
2020-06-05,15:21:43,11533,11534,11533,1
2020-06-05,15:21:43,11533,11534,11533,1
2020-06-05,15:21:43,11533,11534,11534,1
2020-06-05,15:21:44,11533,11534,11534,1
2020-06-05,15:21:45,11533,11534,11533,2
2020-06-05,15:21:45,11533,11534,11533,1
2020-06-05,15:21:45,11533,11534,11534,1
2020-06-05,15:21:46,11533,11534,11533,1
2020-06-05,15:21:47,11533,11534,11534,1
2020-06-05,15:21:47,11533,11534,11533,3
2020-06-05,15:21:48,11533,11534,11533,14
2020-06-05,15:21:48,11533,11534,11533,1
2020-06-05,15:21:48,11533,11534,11534,1
2020-06-05,15:21:48,11533,11534,11534,7
2020-06-05,15:21:48,11533,11534,11534,4
2020-06-05,15:21:48,11534,11535,11534,1
2020-06-05,15:21:49,11534,11535,11534,1
2020-06-05,15:21:50,11534,11535,11534,3
2020-06-05,15:21:50,11534,11535,11534,1
2020-06-05,15:21:50,11534,11535,11535,1
2020-06-05,15:21:50,11534,11535,11535,1
2020-06-05,15:21:50,11534,11535,11535,2
2020-06-05,15:21:50,11534,11535,11535,7
2020-06-05,15:21:50,11534,11535,11535,3
2020-06-05,15:21:50,11534,11535,11535,2
2020-06-05,15:21:50,11534,11535,11536,1
2020-06-05,15:21:50,11535,11537,11536,1
2020-06-05,15:21:50,11535,11537,11535,1
2020-06-05,15:21:51,11535,11537,11535,1
2020-06-05,15:21:52,11534,11535,11534,3
2020-06-05,15:21:52,11534,11535,11534,1
2020-06-05,15:21:53,11534,11535,11535,4
2020-06-05,15:21:54,11534,11536,11536,2
2020-06-05,15:21:54,11534,11535,11535,2
2020-06-05,15:21:55,11534,11535,11535,1
2020-06-05,15:21:56,11534,11535,11534,1
2020-06-05,15:21:58,11534,11535,11534,3
2020-06-05,15:21:58,11534,11535,11534,1
2020-06-05,15:21:59,11534,11535,11534,1
2020-06-05,15:21:59,11534,11535,11534,2
2020-06-05,15:21:59,11533,11535,11535,2
2020-06-05,15:22:00,11534,11535,11534,1
2020-06-05,15:22:00,11534,11535,11534,1
2020-06-05,15:22:01,11534,11535,11534,5
2020-06-05,15:22:02,11534,11535,11534,2
2020-06-05,15:22:02,11534,11535,11534,1
2020-06-05,15:22:03,11533,11534,11533,1
2020-06-05,15:22:05,11533,11534,11533,4
2020-06-05,15:22:05,11533,11534,11533,1
2020-06-05,15:22:05,11533,11534,11533,12
2020-06-05,15:22:05,11533,11534,11534,1
2020-06-05,15:22:06,11532,11534,11532,2
2020-06-05,15:22:06,11532,11533,11533,1
2020-06-05,15:22:07,11532,11533,11532,1
2020-06-05,15:22:07,11532,11533,11532,4
2020-06-05,15:22:07,11531,11533,11531,2
2020-06-05,15:22:08,11532,11533,11532,1
2020-06-05,15:22:08,11532,11533,11533,4
2020-06-05,15:22:09,11532,11533,11532,2
2020-06-05,15:22:09,11531,11533,11531,1
2020-06-05,15:22:09,11531,11533,11531,4
2020-06-05,15:22:09,11531,11533,11531,1
2020-06-05,15:22:09,11531,11533,11531,1
2020-06-05,15:22:11,11532,11533,11532,1
2020-06-05,15:22:11,11532,11533,11532,1
2020-06-05,15:22:11,11532,11533,11532,1
2020-06-05,15:22:12,11532,11533,11531,1
2020-06-05,15:22:12,11532,11533,11532,1
2020-06-05,15:22:12,11532,11533,11531,4
2020-06-05,15:22:12,11532,11533,11531,1
2020-06-05,15:22:13,11530,11531,11531,1
2020-06-05,15:22:13,11530,11531,11531,1
2020-06-05,15:22:13,11531,11532,11532,1
2020-06-05,15:22:13,11530,11532,11530,1
2020-06-05,15:22:13,11530,11532,11530,1
2020-06-05,15:22:13,11530,11532,11530,20
2020-06-05,15:22:15,11530,11531,11531,1
2020-06-05,15:22:15,11530,11531,11530,1
2020-06-05,15:22:15,11530,11531,11530,1
2020-06-05,15:22:16,11530,11531,11530,1
2020-06-05,15:22:16,11530,11531,11530,3
2020-06-05,15:22:16,11530,11531,11530,7
2020-06-05,15:22:17,11530,11531,11530,3
2020-06-05,15:22:17,11530,11531,11530,1
2020-06-05,15:22:17,11529,11531,11529,1
2020-06-05,15:22:18,11529,11531,11529,2
2020-06-05,15:22:18,11529,11531,11529,2
2020-06-05,15:22:19,11529,11531,11529,1
2020-06-05,15:22:19,11529,11531,11529,1
2020-06-05,15:22:19,11529,11531,11531,4
2020-06-05,15:22:19,11530,11531,11530,1
2020-06-05,15:22:19,11530,11531,11530,1
2020-06-05,15:22:20,11530,11531,11530,1
2020-06-05,15:22:20,11530,11531,11530,1
2020-06-05,15:22:21,11530,11531,11530,1
2020-06-05,15:22:21,11530,11531,11530,1
2020-06-05,15:22:22,11530,11531,11530,1
2020-06-05,15:22:22,11529,11530,11530,1
2020-06-05,15:22:22,11529,11530,11530,5
2020-06-05,15:22:22,11529,11530,11531,1
2020-06-05,15:22:22,11530,11531,11530,1
2020-06-05,15:22:23,11530,11531,11530,1
2020-06-05,15:22:23,11530,11531,11530,1
2020-06-05,15:22:24,11530,11531,11530,1
2020-06-05,15:22:25,11529,11530,11530,1
2020-06-05,15:22:25,11529,11530,11530,1
2020-06-05,15:22:26,11529,11530,11530,1
2020-06-05,15:22:27,11529,11530,11529,2
2020-06-05,15:22:28,11529,11530,11530,1
2020-06-05,15:22:28,11529,11530,11530,4
2020-06-05,15:22:28,11529,11530,11529,1
2020-06-05,15:22:29,11529,11530,11529,1
2020-06-05,15:22:30,11529,11530,11529,1
2020-06-05,15:22:30,11529,11530,11529,13
2020-06-05,15:22:30,11529,11530,11529,6
2020-06-05,15:22:30,11529,11530,11529,1
2020-06-05,15:22:31,11528,11529,11529,1
2020-06-05,15:22:31,11528,11529,11528,3
2020-06-05,15:22:32,11528,11529,11529,1
2020-06-05,15:22:32,11528,11529,11529,1
2020-06-05,15:22:32,11528,11529,11529,2
2020-06-05,15:22:32,11528,11529,11529,1
2020-06-05,15:22:33,11528,11529,11529,1
2020-06-05,15:22:33,11528,11529,11529,3
2020-06-05,15:22:34,11529,11530,11529,1
2020-06-05,15:22:35,11529,11530,11529,1
2020-06-05,15:22:35,11529,11530,11529,1
2020-06-05,15:22:35,11529,11530,11529,1
2020-06-05,15:22:36,11529,11530,11529,1
2020-06-05,15:22:36,11529,11530,11529,1
2020-06-05,15:22:36,11529,11530,11529,1
2020-06-05,15:22:36,11529,11530,11529,3
2020-06-05,15:22:37,11529,11530,11530,1
2020-06-05,15:22:38,11529,11530,11529,1
2020-06-05,15:22:38,11529,11530,11530,2
2020-06-05,15:22:39,11529,11530,11529,1
2020-06-05,15:22:39,11529,11530,11529,1
2020-06-05,15:22:39,11529,11530,11530,1
2020-06-05,15:22:41,11529,11530,11530,1
2020-06-05,15:22:41,11529,11530,11530,1
2020-06-05,15:22:43,11529,11530,11530,1
2020-06-05,15:22:43,11529,11530,11530,1
2020-06-05,15:22:45,11529,11530,11530,5
2020-06-05,15:22:45,11529,11530,11530,4
2020-06-05,15:22:45,11529,11530,11530,1
2020-06-05,15:22:45,11529,11530,11530,11
2020-06-05,15:22:45,11529,11530,11531,6
