2020-09-14,15:00:00.020000,12792,12794,12795,49
2020-09-14,15:00:00.202000,12794,12795,12795,1
2020-09-14,15:00:00.265000,12794,12795,12795,1
2020-09-14,15:00:00.324000,12794,12795,12795,1
2020-09-14,15:00:00.499000,12794,12795,12794,1
2020-09-14,15:00:00.665000,12794,12795,12795,1
2020-09-14,15:00:00.733000,12794,12795,12794,3
2020-09-14,15:00:00.771000,12794,12795,12794,3
2020-09-14,15:00:00.850000,12794,12795,12794,1
2020-09-14,15:00:00.869000,12794,12795,12794,2
2020-09-14,15:00:00.936000,12793,12794,12794,1
2020-09-14,15:00:01.045000,12793,12794,12793,4
2020-09-14,15:00:01.569000,12792,12793,12792,1
2020-09-14,15:00:01.594000,12792,12793,12792,2
2020-09-14,15:00:01.594000,12792,12793,12791,3
2020-09-14,15:00:01.671000,12791,12792,12791,1
2020-09-14,15:00:01.797000,12791,12792,12792,2
2020-09-14,15:00:01.881000,12791,12792,12791,1
2020-09-14,15:00:01.881000,12791,12792,12790,2
2020-09-14,15:00:01.979000,12790,12792,12791,3
2020-09-14,15:00:02.130000,12790,12791,12791,1
2020-09-14,15:00:02.336000,12790,12791,12790,5
2020-09-14,15:00:02.432000,12790,12791,12791,1
2020-09-14,15:00:02.591000,12790,12791,12791,1
2020-09-14,15:00:02.816000,12790,12791,12790,2
2020-09-14,15:00:03.037000,12790,12791,12791,4
2020-09-14,15:00:03.037000,12790,12791,12792,3
2020-09-14,15:00:03.037000,12790,12791,12793,1
2020-09-14,15:00:03.456000,12792,12793,12792,2
2020-09-14,15:00:05,12790,12792,12792,1
2020-09-14,15:00:05.489000,12790,12792,12792,4
2020-09-14,15:00:05.489000,12790,12792,12793,1
2020-09-14,15:00:05.514000,12790,12792,12793,1
2020-09-14,15:00:06.660000,12791,12793,12791,1
2020-09-14,15:00:07.571000,12791,12793,12793,1
2020-09-14,15:00:10.249000,12791,12792,12792,1
2020-09-14,15:00:12.725000,12792,12793,12792,1
2020-09-14,15:00:12.979000,12791,12792,12792,1
2020-09-14,15:00:13.114000,12791,12792,12792,5
2020-09-14,15:00:13.643000,12791,12792,12791,2
2020-09-14,15:00:13.645000,12791,12792,12791,1
2020-09-14,15:00:14.452000,12790,12791,12790,1
2020-09-14,15:00:14.472000,12790,12791,12790,5
2020-09-14,15:00:14.746000,12790,12791,12791,1
2020-09-14,15:00:14.759000,12790,12791,12790,1
2020-09-14,15:00:14.894000,12790,12791,12790,1
2020-09-14,15:00:15.382000,12790,12791,12790,5
2020-09-14,15:00:15.435000,12790,12791,12790,4
2020-09-14,15:00:15.522000,12790,12791,12789,1
2020-09-14,15:00:17.165000,12790,12791,12791,4
2020-09-14,15:00:17.167000,12790,12791,12791,1
2020-09-14,15:00:17.510000,12791,12792,12791,1
2020-09-14,15:00:19.517000,12791,12792,12791,1
2020-09-14,15:00:20.543000,12791,12792,12791,1
2020-09-14,15:00:21.087000,12791,12792,12791,1
2020-09-14,15:00:26.657000,12790,12791,12791,1
2020-09-14,15:00:27.617000,12790,12791,12791,3
2020-09-14,15:00:29.565000,12790,12791,12790,2
2020-09-14,15:00:32.010000,12790,12791,12791,2
2020-09-14,15:00:33.156000,12790,12791,12790,1
2020-09-14,15:00:35.265000,12790,12791,12790,5
2020-09-14,15:00:38.352000,12790,12791,12790,1
2020-09-14,15:00:38.398000,12790,12791,12790,1
2020-09-14,15:00:39.345000,12790,12791,12791,1
2020-09-14,15:00:39.587000,12790,12791,12791,1
2020-09-14,15:00:39.715000,12790,12791,12791,1
2020-09-14,15:00:42.394000,12790,12791,12791,5
2020-09-14,15:00:42.395000,12790,12791,12791,2
2020-09-14,15:00:47.407000,12790,12792,12792,1
2020-09-14,15:00:48.503000,12790,12792,12792,1
2020-09-14,15:00:48.987000,12790,12791,12791,1
2020-09-14,15:00:49.791000,12790,12791,12791,1
2020-09-14,15:00:50.928000,12790,12791,12791,1
2020-09-14,15:00:52.602000,12790,12791,12791,1
2020-09-14,15:00:54.635000,12790,12791,12790,1
2020-09-14,15:00:59.012000,12790,12791,12791,1
2020-09-14,15:01:00.039000,12790,12791,12790,10
2020-09-14,15:01:00.039000,12790,12791,12789,5
2020-09-14,15:01:00.095000,12790,12791,12789,1
2020-09-14,15:01:00.184000,12789,12790,12789,1
2020-09-14,15:01:00.205000,12789,12790,12788,2
2020-09-14,15:01:00.246000,12789,12790,12788,6
2020-09-14,15:01:00.247000,12789,12790,12788,2
2020-09-14,15:01:00.250000,12789,12790,12788,6
2020-09-14,15:01:00.250000,12789,12790,12788,3
2020-09-14,15:01:00.251000,12789,12790,12788,3
2020-09-14,15:01:00.251000,12789,12790,12788,1
2020-09-14,15:01:00.257000,12789,12790,12788,4
2020-09-14,15:01:00.259000,12789,12790,12787,1
2020-09-14,15:01:00.262000,12789,12790,12787,2
2020-09-14,15:01:00.263000,12789,12790,12787,2
2020-09-14,15:01:00.438000,12787,12788,12787,2
2020-09-14,15:01:00.625000,12787,12788,12788,1
2020-09-14,15:01:03.148000,12788,12789,12788,1
2020-09-14,15:01:03.156000,12787,12789,12789,1
2020-09-14,15:01:03.160000,12787,12789,12787,1
2020-09-14,15:01:03.161000,12787,12789,12787,1
2020-09-14,15:01:04.737000,12787,12789,12789,1
2020-09-14,15:01:05.604000,12787,12789,12789,7
2020-09-14,15:01:06.588000,12788,12790,12788,1
2020-09-14,15:01:06.899000,12788,12790,12788,1
2020-09-14,15:01:07.102000,12788,12790,12788,1
2020-09-14,15:01:07.155000,12788,12790,12788,1
2020-09-14,15:01:07.156000,12788,12790,12788,1
2020-09-14,15:01:07.156000,12788,12790,12788,1
2020-09-14,15:01:07.156000,12788,12790,12788,1
2020-09-14,15:01:08.024000,12788,12790,12788,1
2020-09-14,15:01:09.994000,12788,12790,12788,1
2020-09-14,15:01:10.263000,12788,12790,12788,1
2020-09-14,15:01:11.614000,12788,12790,12790,1
2020-09-14,15:01:12.389000,12789,12790,12789,1
2020-09-14,15:01:13.764000,12788,12790,12788,1
2020-09-14,15:01:18.305000,12789,12790,12790,1
2020-09-14,15:01:20.325000,12789,12790,12790,2
2020-09-14,15:01:20.405000,12789,12791,12789,1
2020-09-14,15:01:20.410000,12789,12791,12789,1
2020-09-14,15:01:20.410000,12789,12791,12789,1
2020-09-14,15:01:23.764000,12790,12791,12790,2
2020-09-14,15:01:24.829000,12790,12791,12791,2
2020-09-14,15:01:24.830000,12790,12791,12791,8
2020-09-14,15:01:25.435000,12791,12792,12791,1
2020-09-14,15:01:25.724000,12791,12792,12792,14
2020-09-14,15:01:26.774000,12792,12793,12793,1
2020-09-14,15:01:29.211000,12792,12793,12793,5
2020-09-14,15:01:29.212000,12792,12793,12793,4
2020-09-14,15:01:29.280000,12793,12794,12793,1
2020-09-14,15:01:29.281000,12793,12794,12792,1
2020-09-14,15:01:34.470000,12792,12793,12792,2
2020-09-14,15:01:34.470000,12792,12793,12791,1
2020-09-14,15:01:34.730000,12791,12793,12793,1
2020-09-14,15:01:36.965000,12792,12793,12792,1
2020-09-14,15:01:38.244000,12792,12793,12793,11
2020-09-14,15:01:41.056000,12792,12793,12792,1
2020-09-14,15:01:41.224000,12792,12793,12792,1
2020-09-14,15:01:42.848000,12792,12793,12793,1
2020-09-14,15:01:44.492000,12792,12793,12793,1
2020-09-14,15:01:44.537000,12792,12794,12792,1
2020-09-14,15:01:45.047000,12792,12794,12794,1
2020-09-14,15:01:45.476000,12793,12794,12793,1
2020-09-14,15:01:45.568000,12793,12794,12793,1
2020-09-14,15:01:47.575000,12793,12794,12793,1
2020-09-14,15:01:48.730000,12793,12794,12793,1
2020-09-14,15:01:50.127000,12793,12794,12794,1
2020-09-14,15:01:50.305000,12793,12794,12793,1
2020-09-14,15:01:50.307000,12793,12794,12793,1
2020-09-14,15:01:52.310000,12793,12794,12794,1
2020-09-14,15:01:52.360000,12793,12794,12793,1
2020-09-14,15:01:53.942000,12793,12794,12793,1
2020-09-14,15:01:54.616000,12793,12794,12793,3
2020-09-14,15:01:55.596000,12793,12794,12793,1
2020-09-14,15:01:56.746000,12793,12794,12793,1
2020-09-14,15:01:57.072000,12793,12794,12794,10
2020-09-14,15:02:01.207000,12793,12795,12795,10
2020-09-14,15:02:01.297000,12794,12795,12794,1
2020-09-14,15:02:01.306000,12794,12795,12795,9
2020-09-14,15:02:01.306000,12794,12795,12796,11
2020-09-14,15:02:01.608000,12795,12796,12796,1
2020-09-14,15:02:01.924000,12795,12796,12796,1
2020-09-14,15:02:01.960000,12795,12796,12796,1
2020-09-14,15:02:01.979000,12795,12796,12796,1
2020-09-14,15:02:02.017000,12795,12796,12796,1
2020-09-14,15:02:02.058000,12795,12796,12796,1
2020-09-14,15:02:05.141000,12794,12795,12794,1
2020-09-14,15:02:07.664000,12793,12794,12794,1
2020-09-14,15:02:07.664000,12793,12794,12795,7
2020-09-14,15:02:07.665000,12793,12794,12795,2
2020-09-14,15:02:08.025000,12793,12795,12793,2
2020-09-14,15:02:10.265000,12793,12795,12793,1
2020-09-14,15:02:11.917000,12793,12795,12795,1
2020-09-14,15:02:12.132000,12794,12796,12794,1
2020-09-14,15:02:12.218000,12794,12796,12794,1
2020-09-14,15:02:13.073000,12794,12796,12794,1
2020-09-14,15:02:13.711000,12794,12795,12794,1
2020-09-14,15:02:14.068000,12794,12795,12795,1
2020-09-14,15:02:14.410000,12795,12796,12796,1
2020-09-14,15:02:14.728000,12795,12796,12796,4
2020-09-14,15:02:15.984000,12796,12797,12797,1
2020-09-14,15:02:16.049000,12796,12797,12797,5
2020-09-14,15:02:16.097000,12796,12797,12797,1
2020-09-14,15:02:16.120000,12796,12797,12797,2
2020-09-14,15:02:16.180000,12796,12797,12797,1
2020-09-14,15:02:16.231000,12796,12797,12797,1
2020-09-14,15:02:16.246000,12796,12797,12797,1
2020-09-14,15:02:16.283000,12796,12797,12797,1
2020-09-14,15:02:16.344000,12796,12797,12797,2
2020-09-14,15:02:16.344000,12796,12797,12797,1
2020-09-14,15:02:16.366000,12796,12797,12797,1
2020-09-14,15:02:16.382000,12796,12797,12797,1
2020-09-14,15:02:16.382000,12796,12797,12798,1
2020-09-14,15:02:16.426000,12796,12798,12796,1
2020-09-14,15:02:16.436000,12796,12798,12797,3
2020-09-14,15:02:16.436000,12796,12798,12797,1
2020-09-14,15:02:16.452000,12796,12798,12798,2
2020-09-14,15:02:16.457000,12796,12798,12798,1
2020-09-14,15:02:16.469000,12796,12798,12798,1
2020-09-14,15:02:16.476000,12796,12798,12798,1
2020-09-14,15:02:16.491000,12796,12798,12798,3
2020-09-14,15:02:16.495000,12796,12798,12798,2
2020-09-14,15:02:16.508000,12796,12798,12798,4
2020-09-14,15:02:16.511000,12796,12798,12798,2
2020-09-14,15:02:16.516000,12796,12798,12798,1
2020-09-14,15:02:16.520000,12796,12798,12798,1
2020-09-14,15:02:16.557000,12797,12798,12798,2
2020-09-14,15:02:16.590000,12797,12798,12798,1
2020-09-14,15:02:16.599000,12797,12798,12798,1
2020-09-14,15:02:16.649000,12797,12798,12798,2
2020-09-14,15:02:16.649000,12797,12798,12798,1
2020-09-14,15:02:16.657000,12797,12798,12798,1
2020-09-14,15:02:16.677000,12797,12798,12798,2
2020-09-14,15:02:16.677000,12797,12798,12798,1
2020-09-14,15:02:16.700000,12797,12798,12798,1
2020-09-14,15:02:16.745000,12797,12798,12798,1
2020-09-14,15:02:16.778000,12797,12798,12798,1
2020-09-14,15:02:16.881000,12797,12798,12798,2
2020-09-14,15:02:16.933000,12797,12798,12798,1
2020-09-14,15:02:17.208000,12797,12798,12798,1
2020-09-14,15:02:17.274000,12797,12798,12797,1
2020-09-14,15:02:17.274000,12797,12798,12796,1
2020-09-14,15:02:17.617000,12796,12798,12798,2
2020-09-14,15:02:17.842000,12796,12798,12798,1
2020-09-14,15:02:18.040000,12796,12798,12798,2
2020-09-14,15:02:19.436000,12796,12797,12797,1
2020-09-14,15:02:19.565000,12796,12797,12797,1
2020-09-14,15:02:19.634000,12796,12797,12797,8
2020-09-14,15:02:19.891000,12797,12798,12797,3
2020-09-14,15:02:19.922000,12797,12798,12798,4
2020-09-14,15:02:20.477000,12797,12798,12797,2
2020-09-14,15:02:20.985000,12797,12798,12798,1
2020-09-14,15:02:21.855000,12797,12798,12798,1
2020-09-14,15:02:22.343000,12797,12798,12797,1
2020-09-14,15:02:25.452000,12797,12798,12798,1
2020-09-14,15:02:27.264000,12797,12798,12798,1
2020-09-14,15:02:29.090000,12797,12798,12797,1
2020-09-14,15:02:29.205000,12797,12798,12798,1
2020-09-14,15:02:30.439000,12797,12798,12798,2
2020-09-14,15:02:30.967000,12797,12798,12797,1
2020-09-14,15:02:31.023000,12797,12798,12797,38
2020-09-14,15:02:31.049000,12796,12797,12797,1
2020-09-14,15:02:31.578000,12796,12797,12797,1
2020-09-14,15:02:31.889000,12796,12797,12797,1
2020-09-14,15:02:32.085000,12796,12797,12797,1
2020-09-14,15:02:32.124000,12796,12797,12796,2
2020-09-14,15:02:37.334000,12796,12797,12796,2
2020-09-14,15:02:37.952000,12796,12797,12797,1
2020-09-14,15:02:40.744000,12796,12797,12797,3
2020-09-14,15:02:42.495000,12797,12798,12797,1
2020-09-14,15:02:47.026000,12797,12798,12798,3
2020-09-14,15:02:47.121000,12797,12798,12797,2
2020-09-14,15:02:48.383000,12797,12798,12797,1
2020-09-14,15:02:49.521000,12797,12798,12797,1
2020-09-14,15:02:51.238000,12797,12798,12798,10
2020-09-14,15:02:51.239000,12797,12798,12798,10
2020-09-14,15:02:52.063000,12797,12798,12797,3
2020-09-14,15:02:52.085000,12797,12798,12796,1
2020-09-14,15:02:55.488000,12796,12797,12797,8
2020-09-14,15:02:55.488000,12796,12797,12798,2
2020-09-14,15:02:55.621000,12796,12798,12798,3
2020-09-14,15:02:55.642000,12796,12798,12796,1
2020-09-14,15:02:58.981000,12796,12797,12796,1
2020-09-14,15:02:59.780000,12796,12797,12796,1
2020-09-14,15:03:00.047000,12795,12796,12796,1
2020-09-14,15:03:00.047000,12795,12796,12797,3
2020-09-14,15:03:00.170000,12796,12797,12796,1
2020-09-14,15:03:00.180000,12796,12797,12796,1
2020-09-14,15:03:00.350000,12796,12797,12797,1
2020-09-14,15:03:03.163000,12796,12797,12797,4
2020-09-14,15:03:06.485000,12796,12797,12797,2
2020-09-14,15:03:10.514000,12796,12797,12796,1
2020-09-14,15:03:11.412000,12795,12797,12795,17
2020-09-14,15:03:11.707000,12794,12795,12795,2
2020-09-14,15:03:12.521000,12794,12795,12795,2
2020-09-14,15:03:15.887000,12794,12795,12794,13
2020-09-14,15:03:15.887000,12794,12795,12793,5
2020-09-14,15:03:15.918000,12793,12794,12794,1
2020-09-14,15:03:16.599000,12793,12795,12795,1
2020-09-14,15:03:17.028000,12794,12795,12794,1
2020-09-14,15:03:24.496000,12793,12794,12793,1
2020-09-14,15:03:25.381000,12793,12794,12793,1
2020-09-14,15:03:25.828000,12793,12794,12794,1
2020-09-14,15:03:26.936000,12792,12794,12794,2
2020-09-14,15:03:27.127000,12792,12794,12792,10
2020-09-14,15:03:28.291000,12792,12793,12792,2
2020-09-14,15:03:32.565000,12792,12793,12792,3
2020-09-14,15:03:33.986000,12792,12793,12792,2
2020-09-14,15:03:43.226000,12792,12793,12792,1
2020-09-14,15:03:48.343000,12792,12793,12792,1
2020-09-14,15:03:49.325000,12791,12793,12793,1
2020-09-14,15:04:03.920000,12792,12793,12793,1
2020-09-14,15:04:04.047000,12792,12793,12792,1
2020-09-14,15:04:04.062000,12792,12793,12792,1
2020-09-14,15:04:20.920000,12792,12793,12793,1
2020-09-14,15:04:25.513000,12792,12793,12792,2
2020-09-14,15:04:25.513000,12792,12793,12792,2
2020-09-14,15:04:25.513000,12792,12793,12792,1
2020-09-14,15:04:25.513000,12792,12793,12792,4
2020-09-14,15:04:25.513000,12792,12793,12792,2
2020-09-14,15:04:26.988000,12791,12792,12792,1
2020-09-14,15:04:27.186000,12791,12792,12792,5
2020-09-14,15:04:30.295000,12791,12792,12791,1
2020-09-14,15:04:31.241000,12791,12792,12792,1
2020-09-14,15:04:31.375000,12791,12792,12791,1
2020-09-14,15:04:32.626000,12791,12792,12791,1
2020-09-14,15:04:35.221000,12791,12792,12791,2
2020-09-14,15:04:35.749000,12791,12792,12791,1
2020-09-14,15:04:36.488000,12790,12792,12792,1
2020-09-14,15:04:37.220000,12791,12792,12791,5
2020-09-14,15:04:37.464000,12791,12792,12791,4
2020-09-14,15:04:37.464000,12791,12792,12790,1
2020-09-14,15:04:37.652000,12790,12792,12790,5
2020-09-14,15:04:37.957000,12790,12792,12790,5
2020-09-14,15:04:46.906000,12791,12792,12791,1
2020-09-14,15:04:48.981000,12791,12792,12792,2
2020-09-14,15:04:48.982000,12791,12792,12792,3
2020-09-14,15:04:49.009000,12791,12792,12791,1
2020-09-14,15:04:49.917000,12791,12793,12791,1
2020-09-14,15:04:53.191000,12791,12793,12791,8
2020-09-14,15:04:53.192000,12791,12793,12791,2
2020-09-14,15:04:53.721000,12791,12792,12792,1
2020-09-14,15:05:02.898000,12791,12792,12792,1
2020-09-14,15:05:02.922000,12791,12792,12791,1
2020-09-14,15:05:02.935000,12791,12792,12791,1
2020-09-14,15:05:05.037000,12791,12792,12791,1
2020-09-14,15:05:07.307000,12791,12792,12792,2
2020-09-14,15:05:07.912000,12792,12793,12792,1
2020-09-14,15:05:08.005000,12792,12793,12793,2
2020-09-14,15:05:11.037000,12792,12793,12792,1
2020-09-14,15:05:12.364000,12792,12793,12792,1
2020-09-14,15:05:15.635000,12792,12793,12792,1
2020-09-14,15:05:16.872000,12792,12793,12792,1
2020-09-14,15:05:25.007000,12792,12793,12792,1
2020-09-14,15:05:25.128000,12791,12793,12793,1
2020-09-14,15:05:26.956000,12791,12792,12792,1
2020-09-14,15:05:27.495000,12791,12792,12792,1
2020-09-14,15:05:45.400000,12791,12792,12792,1
2020-09-14,15:05:45.605000,12791,12792,12792,1
2020-09-14,15:05:45.919000,12792,12793,12793,1
2020-09-14,15:05:47.754000,12792,12793,12792,1
2020-09-14,15:06:00.043000,12792,12793,12792,1
2020-09-14,15:06:00.044000,12792,12793,12792,2
2020-09-14,15:06:00.058000,12792,12793,12791,1
2020-09-14,15:06:00.066000,12792,12793,12791,1
2020-09-14,15:06:00.086000,12792,12793,12791,1
2020-09-14,15:06:00.089000,12792,12793,12791,1
2020-09-14,15:06:00.171000,12791,12792,12791,1
2020-09-14,15:06:00.192000,12791,12792,12791,1
2020-09-14,15:06:02.854000,12792,12793,12792,1
2020-09-14,15:06:05.279000,12792,12793,12792,4
2020-09-14,15:06:13.769000,12792,12793,12793,3
2020-09-14,15:06:13.769000,12792,12793,12793,15
2020-09-14,15:06:13.906000,12793,12794,12793,3
2020-09-14,15:06:19.762000,12793,12794,12794,19
2020-09-14,15:06:19.920000,12794,12795,12795,1
2020-09-14,15:06:22.340000,12794,12795,12794,3
2020-09-14,15:06:24.306000,12794,12795,12795,1
2020-09-14,15:06:25.310000,12794,12795,12795,1
2020-09-14,15:06:25.350000,12794,12795,12795,1
2020-09-14,15:06:25.350000,12794,12795,12795,1
2020-09-14,15:06:25.350000,12794,12795,12795,4
2020-09-14,15:06:25.351000,12794,12795,12795,3
2020-09-14,15:06:27.956000,12794,12796,12795,1
2020-09-14,15:06:29.732000,12794,12795,12795,1
2020-09-14,15:06:34.028000,12795,12796,12796,2
2020-09-14,15:06:34.285000,12795,12796,12796,8
2020-09-14,15:06:35.536000,12796,12797,12796,1
2020-09-14,15:06:36.919000,12796,12797,12797,1
2020-09-14,15:06:37.577000,12796,12797,12797,2
2020-09-14,15:06:38.641000,12797,12798,12798,1
2020-09-14,15:06:38.892000,12797,12798,12798,1
2020-09-14,15:06:38.934000,12797,12798,12798,9
2020-09-14,15:06:38.934000,12797,12798,12799,1
2020-09-14,15:06:38.967000,12797,12798,12799,1
2020-09-14,15:06:38.971000,12797,12798,12799,1
2020-09-14,15:06:39.050000,12798,12799,12799,1
2020-09-14,15:06:39.075000,12798,12799,12799,1
2020-09-14,15:06:39.105000,12798,12799,12799,1
2020-09-14,15:06:39.119000,12798,12799,12799,1
2020-09-14,15:06:39.169000,12798,12799,12799,2
2020-09-14,15:06:39.245000,12798,12799,12799,1
2020-09-14,15:06:39.297000,12797,12799,12799,1
2020-09-14,15:06:39.319000,12797,12799,12799,1
2020-09-14,15:06:39.366000,12797,12799,12799,1
2020-09-14,15:06:39.377000,12797,12799,12799,3
2020-09-14,15:06:39.471000,12798,12799,12798,1
2020-09-14,15:06:39.688000,12798,12799,12799,1
2020-09-14,15:06:39.782000,12798,12799,12799,1
2020-09-14,15:06:39.789000,12798,12799,12799,27
2020-09-14,15:06:39.825000,12798,12799,12800,1
2020-09-14,15:06:39.850000,12798,12799,12800,1
2020-09-14,15:06:39.864000,12798,12799,12800,1
2020-09-14,15:06:39.866000,12798,12799,12800,1
2020-09-14,15:06:39.937000,12799,12800,12800,1
2020-09-14,15:06:40.010000,12799,12800,12800,1
2020-09-14,15:06:40.141000,12799,12800,12800,1
2020-09-14,15:06:40.216000,12799,12800,12799,1
2020-09-14,15:06:40.280000,12799,12800,12799,1
2020-09-14,15:06:42.454000,12799,12800,12800,2
2020-09-14,15:06:43.218000,12799,12800,12799,1
2020-09-14,15:06:43.472000,12799,12800,12800,1
2020-09-14,15:06:44.351000,12799,12800,12800,1
2020-09-14,15:06:45.299000,12799,12800,12800,9
2020-09-14,15:06:45.376000,12799,12800,12801,2
2020-09-14,15:06:45.567000,12800,12801,12801,1
2020-09-14,15:06:45.736000,12800,12801,12801,1
2020-09-14,15:06:45.906000,12800,12801,12801,1
2020-09-14,15:06:45.971000,12800,12801,12801,1
2020-09-14,15:06:47.521000,12800,12801,12801,2
2020-09-14,15:06:47.784000,12800,12801,12801,1
2020-09-14,15:06:47.827000,12800,12801,12801,1
2020-09-14,15:06:49.277000,12800,12801,12800,1
2020-09-14,15:06:49.341000,12800,12801,12801,1
2020-09-14,15:06:49.678000,12800,12801,12800,2
2020-09-14,15:06:49.678000,12800,12801,12800,4
2020-09-14,15:06:49.939000,12799,12800,12799,1
2020-09-14,15:06:49.939000,12799,12800,12800,1
2020-09-14,15:06:50.022000,12799,12800,12800,1
2020-09-14,15:06:50.285000,12799,12800,12800,2
2020-09-14,15:06:51.712000,12799,12800,12800,1
2020-09-14,15:06:52.336000,12799,12800,12800,1
2020-09-14,15:06:52.817000,12799,12800,12799,4
2020-09-14,15:06:55.590000,12798,12799,12798,3
2020-09-14,15:06:59.475000,12797,12798,12798,1
2020-09-14,15:07:00.615000,12797,12799,12799,2
2020-09-14,15:07:00.672000,12797,12799,12797,1
2020-09-14,15:07:00.701000,12797,12799,12797,1
2020-09-14,15:07:02.487000,12797,12798,12797,2
2020-09-14,15:07:03.601000,12796,12798,12798,1
2020-09-14,15:07:08.221000,12796,12797,12797,1
2020-09-14,15:07:11.154000,12796,12798,12796,5
2020-09-14,15:07:13.609000,12797,12798,12797,7
2020-09-14,15:07:13.609000,12797,12798,12796,16
2020-09-14,15:07:13.609000,12797,12798,12795,6
2020-09-14,15:07:13.611000,12797,12798,12796,2
2020-09-14,15:07:13.611000,12797,12798,12796,2
2020-09-14,15:07:13.611000,12797,12798,12796,1
2020-09-14,15:07:13.611000,12797,12798,12795,6
2020-09-14,15:07:13.611000,12797,12798,12796,1
2020-09-14,15:07:13.611000,12797,12798,12795,1
2020-09-14,15:07:13.629000,12797,12798,12795,3
2020-09-14,15:07:13.631000,12797,12798,12795,1
2020-09-14,15:07:13.888000,12795,12796,12796,12
2020-09-14,15:07:13.888000,12795,12796,12797,28
2020-09-14,15:07:13.889000,12795,12796,12797,1
2020-09-14,15:07:15.891000,12797,12798,12798,4
2020-09-14,15:07:16.009000,12797,12799,12799,1
2020-09-14,15:07:16.063000,12797,12799,12798,3
2020-09-14,15:07:17.931000,12798,12799,12798,1
2020-09-14,15:07:19.315000,12797,12798,12797,5
2020-09-14,15:07:21.120000,12796,12798,12798,1
2020-09-14,15:07:22.189000,12797,12798,12798,1
2020-09-14,15:07:23.303000,12797,12798,12798,1
2020-09-14,15:07:26.832000,12797,12799,12797,2
2020-09-14,15:07:31.868000,12798,12799,12798,3
2020-09-14,15:07:33.171000,12797,12799,12797,1
2020-09-14,15:07:37.066000,12798,12799,12799,4
2020-09-14,15:07:37.718000,12798,12799,12798,1
2020-09-14,15:07:38.142000,12798,12799,12799,1
2020-09-14,15:07:41.082000,12797,12799,12797,1
2020-09-14,15:07:44.121000,12797,12799,12798,1
2020-09-14,15:07:47.873000,12797,12799,12799,1
2020-09-14,15:07:50.237000,12797,12799,12798,1
2020-09-14,15:07:53.029000,12797,12798,12798,1
2020-09-14,15:07:55.047000,12798,12799,12798,3
2020-09-14,15:07:55.047000,12798,12799,12797,2
2020-09-14,15:08:00.415000,12797,12798,12798,2
2020-09-14,15:08:00.545000,12797,12798,12797,1
2020-09-14,15:08:00.554000,12797,12798,12797,1
2020-09-14,15:08:01.019000,12797,12798,12798,1
2020-09-14,15:08:04.936000,12797,12798,12797,5
2020-09-14,15:08:05.155000,12797,12798,12798,2
2020-09-14,15:08:06.574000,12797,12798,12798,1
2020-09-14,15:08:07.505000,12798,12799,12798,2
2020-09-14,15:08:14.442000,12797,12798,12798,14
2020-09-14,15:08:25.117000,12797,12798,12797,1
2020-09-14,15:08:27.920000,12797,12798,12798,1
2020-09-14,15:08:32.905000,12797,12798,12798,1
2020-09-14,15:08:34.344000,12797,12798,12798,1
2020-09-14,15:08:48.999000,12798,12799,12798,5
2020-09-14,15:08:50.605000,12797,12798,12797,13
2020-09-14,15:08:56.053000,12796,12797,12796,1
2020-09-14,15:09:02.656000,12796,12797,12797,2
2020-09-14,15:09:02.680000,12796,12797,12797,1
2020-09-14,15:09:02.795000,12796,12798,12796,1
2020-09-14,15:09:02.807000,12796,12798,12796,1
2020-09-14,15:09:03.230000,12796,12798,12798,1
2020-09-14,15:09:03.285000,12796,12798,12796,1
2020-09-14,15:09:07.944000,12796,12797,12796,1
2020-09-14,15:09:08.346000,12796,12797,12797,1
2020-09-14,15:09:08.916000,12796,12798,12796,1
2020-09-14,15:09:10.050000,12796,12798,12798,5
2020-09-14,15:09:19.067000,12798,12799,12798,1
2020-09-14,15:09:19.401000,12797,12798,12798,1
2020-09-14,15:09:21.146000,12798,12799,12798,2
2020-09-14,15:09:22.429000,12796,12797,12797,3
2020-09-14,15:09:22.622000,12796,12797,12798,2
2020-09-14,15:09:22.630000,12796,12797,12798,2
2020-09-14,15:09:26.490000,12796,12797,12797,3
2020-09-14,15:09:31.119000,12796,12797,12796,1
2020-09-14,15:09:31.120000,12796,12797,12796,2
2020-09-14,15:09:33.180000,12795,12796,12795,3
2020-09-14,15:09:48.339000,12794,12795,12794,1
2020-09-14,15:09:49.037000,12794,12795,12794,1
2020-09-14,15:09:49.760000,12794,12795,12794,1
2020-09-14,15:09:49.760000,12794,12795,12794,1
2020-09-14,15:09:50.580000,12793,12794,12794,1
2020-09-14,15:10:02.128000,12794,12795,12795,1
2020-09-14,15:10:02.170000,12794,12795,12794,1
2020-09-14,15:10:02.187000,12794,12795,12794,1
2020-09-14,15:10:02.431000,12794,12795,12795,3
2020-09-14,15:10:02.432000,12794,12795,12795,5
2020-09-14,15:10:02.713000,12794,12796,12796,1
2020-09-14,15:10:02.795000,12795,12796,12796,3
2020-09-14,15:10:02.795000,12795,12796,12797,2
2020-09-14,15:10:09.256000,12796,12797,12797,1
2020-09-14,15:10:09.399000,12796,12798,12797,1
2020-09-14,15:10:15.420000,12797,12798,12798,5
2020-09-14,15:10:16.346000,12797,12798,12798,1
2020-09-14,15:10:20.814000,12797,12798,12797,3
2020-09-14,15:10:34.889000,12796,12797,12797,3
2020-09-14,15:10:36.155000,12797,12798,12797,1
2020-09-14,15:10:40.859000,12797,12798,12797,2
2020-09-14,15:10:46.233000,12797,12798,12798,1
2020-09-14,15:10:49.880000,12797,12798,12798,1
2020-09-14,15:10:50.345000,12797,12798,12798,1
2020-09-14,15:10:54.565000,12797,12798,12798,1
2020-09-14,15:10:55.948000,12797,12798,12798,1
2020-09-14,15:10:57.634000,12797,12798,12798,1
2020-09-14,15:11:00.186000,12798,12799,12798,3
2020-09-14,15:11:00.296000,12797,12798,12797,1
2020-09-14,15:11:00.310000,12797,12798,12797,1
2020-09-14,15:11:24.344000,12797,12798,12798,1
2020-09-14,15:11:30.574000,12797,12798,12798,1
2020-09-14,15:11:31.811000,12797,12798,12797,5
2020-09-14,15:11:31.811000,12797,12798,12797,11
2020-09-14,15:11:46.442000,12797,12798,12797,2
2020-09-14,15:12:11.694000,12796,12797,12797,2
2020-09-14,15:12:11.795000,12797,12798,12797,1
2020-09-14,15:12:11.802000,12797,12798,12797,1
2020-09-14,15:12:15.345000,12797,12798,12798,1
2020-09-14,15:12:15.640000,12797,12798,12798,1
2020-09-14,15:12:15.982000,12797,12798,12797,2
2020-09-14,15:12:16.082000,12796,12798,12797,1
2020-09-14,15:12:16.403000,12796,12797,12797,1
2020-09-14,15:12:31.906000,12797,12798,12797,1
2020-09-14,15:12:32.345000,12797,12798,12798,1
2020-09-14,15:12:37.308000,12796,12798,12798,1
2020-09-14,15:12:42.123000,12797,12798,12797,1
2020-09-14,15:13:06.344000,12797,12798,12798,1
2020-09-14,15:13:06.420000,12797,12798,12797,1
2020-09-14,15:13:06.432000,12797,12798,12797,1
2020-09-14,15:13:07.150000,12797,12798,12797,4
2020-09-14,15:13:17.498000,12797,12798,12797,1
2020-09-14,15:13:20.435000,12796,12798,12796,1
2020-09-14,15:13:21.827000,12796,12797,12797,1
2020-09-14,15:13:30.608000,12796,12797,12797,1
2020-09-14,15:13:30.609000,12796,12797,12797,2
2020-09-14,15:13:32.439000,12797,12798,12797,1
2020-09-14,15:13:34.319000,12797,12798,12797,1
2020-09-14,15:13:36.913000,12797,12798,12797,1
2020-09-14,15:13:40.345000,12797,12798,12798,1
2020-09-14,15:13:51.657000,12797,12798,12798,1
2020-09-14,15:13:53.915000,12797,12798,12797,1
2020-09-14,15:13:54.544000,12796,12798,12798,1
2020-09-14,15:14:09.304000,12797,12798,12798,4
2020-09-14,15:14:09.421000,12797,12798,12797,1
2020-09-14,15:14:09.425000,12797,12798,12797,1
2020-09-14,15:14:09.688000,12797,12798,12797,1
2020-09-14,15:14:11.232000,12796,12797,12796,1
2020-09-14,15:14:13.025000,12796,12797,12797,1
2020-09-14,15:14:13.037000,12797,12798,12798,1
2020-09-14,15:14:13.091000,12797,12798,12798,1
2020-09-14,15:14:13.113000,12797,12798,12798,2
2020-09-14,15:14:13.152000,12797,12798,12798,1
2020-09-14,15:14:13.172000,12797,12798,12798,1
2020-09-14,15:14:19.147000,12797,12798,12797,1
2020-09-14,15:14:23.210000,12797,12798,12797,1
2020-09-14,15:14:31.344000,12797,12798,12798,1
2020-09-14,15:14:31.666000,12797,12798,12798,5
2020-09-14,15:14:31.667000,12797,12798,12798,6
2020-09-14,15:14:37.186000,12798,12799,12799,15
2020-09-14,15:14:37.186000,12798,12799,12799,12
2020-09-14,15:14:38.276000,12799,12800,12799,6
2020-09-14,15:14:38.276000,12799,12800,12798,4
2020-09-14,15:14:40.193000,12798,12800,12798,7
2020-09-14,15:14:40.194000,12798,12800,12798,3
2020-09-14,15:14:50.565000,12798,12799,12799,1
2020-09-14,15:14:53.862000,12799,12800,12800,18
2020-09-14,15:14:55.030000,12800,12801,12800,1
2020-09-14,15:14:55.250000,12800,12801,12799,1
2020-09-14,15:14:59.275000,12799,12800,12800,1
2020-09-14,15:14:59.345000,12799,12800,12800,1
2020-09-14,15:14:59.679000,12799,12800,12800,1
2020-09-14,15:15:00.277000,12799,12800,12800,1
2020-09-14,15:15:00.296000,12799,12800,12799,1
2020-09-14,15:15:00.304000,12799,12800,12799,1
2020-09-14,15:15:00.336000,12799,12800,12800,2
2020-09-14,15:15:00.962000,12799,12801,12801,5
2020-09-14,15:15:00.962000,12799,12801,12801,5
2020-09-14,15:15:01.081000,12800,12801,12800,3
2020-09-14,15:15:01.197000,12800,12801,12801,7
2020-09-14,15:15:01.280000,12800,12801,12801,7
2020-09-14,15:15:01.281000,12800,12801,12801,1
2020-09-14,15:15:01.281000,12800,12801,12801,1
2020-09-14,15:15:01.481000,12800,12802,12802,1
2020-09-14,15:15:01.539000,12800,12802,12802,3
2020-09-14,15:15:01.545000,12800,12802,12802,2
2020-09-14,15:15:01.562000,12800,12802,12802,1
2020-09-14,15:15:01.593000,12800,12802,12802,1
2020-09-14,15:15:01.594000,12800,12802,12802,1
2020-09-14,15:15:01.594000,12800,12802,12802,1
2020-09-14,15:15:01.601000,12800,12802,12802,1
2020-09-14,15:15:01.793000,12801,12802,12802,1
2020-09-14,15:15:02.002000,12801,12802,12802,1
2020-09-14,15:15:02.004000,12801,12802,12802,1
2020-09-14,15:15:02.135000,12801,12802,12802,2
2020-09-14,15:15:02.757000,12801,12803,12802,1
2020-09-14,15:15:02.943000,12801,12803,12803,8
2020-09-14,15:15:03.136000,12802,12803,12802,2
2020-09-14,15:15:04.326000,12801,12803,12803,1
2020-09-14,15:15:05.345000,12801,12803,12803,2
2020-09-14,15:15:08.673000,12802,12803,12802,1
2020-09-14,15:15:10.799000,12802,12803,12802,1
2020-09-14,15:15:10.800000,12802,12803,12802,1
2020-09-14,15:15:10.802000,12802,12803,12802,4
2020-09-14,15:15:11.233000,12801,12803,12801,2
2020-09-14,15:15:11.257000,12801,12803,12803,1
2020-09-14,15:15:11.366000,12801,12803,12801,1
2020-09-14,15:15:11.571000,12801,12803,12802,1
2020-09-14,15:15:12.859000,12801,12802,12802,1
2020-09-14,15:15:16.399000,12801,12802,12802,1
2020-09-14,15:15:16.529000,12801,12802,12802,1
2020-09-14,15:15:17.017000,12801,12802,12802,1
2020-09-14,15:15:17.017000,12801,12802,12803,4
2020-09-14,15:15:18.556000,12801,12802,12802,1
2020-09-14,15:15:19.766000,12801,12802,12802,1
2020-09-14,15:15:19.806000,12801,12802,12802,1
2020-09-14,15:15:27.031000,12801,12802,12802,1
2020-09-14,15:15:27.869000,12801,12802,12801,1
2020-09-14,15:15:31.427000,12801,12802,12802,1
2020-09-14,15:15:31.649000,12801,12802,12802,1
2020-09-14,15:15:32.367000,12801,12802,12802,2
2020-09-14,15:15:34.114000,12801,12802,12802,1
2020-09-14,15:15:34.777000,12801,12802,12801,5
2020-09-14,15:15:34.778000,12801,12802,12801,10
2020-09-14,15:15:36.581000,12800,12801,12801,1
2020-09-14,15:15:37.869000,12800,12801,12801,1
2020-09-14,15:15:37.932000,12800,12801,12801,2
2020-09-14,15:15:38.780000,12801,12802,12801,1
2020-09-14,15:15:42.212000,12800,12801,12801,1
2020-09-14,15:15:42.408000,12800,12801,12800,1
2020-09-14,15:15:42.417000,12800,12801,12800,1
2020-09-14,15:15:42.724000,12800,12801,12801,1
2020-09-14,15:15:42.724000,12800,12801,12802,3
2020-09-14,15:15:43.098000,12800,12801,12801,1
2020-09-14,15:15:43.251000,12800,12801,12800,1
2020-09-14,15:15:46.620000,12800,12801,12801,5
2020-09-14,15:15:47.619000,12800,12801,12800,1
2020-09-14,15:15:52.423000,12800,12801,12800,1
2020-09-14,15:15:56.345000,12800,12801,12801,1
2020-09-14,15:15:59.474000,12800,12801,12801,1
2020-09-14,15:15:59.593000,12800,12801,12801,1
2020-09-14,15:15:59.737000,12800,12801,12801,3
2020-09-14,15:16:00.457000,12801,12802,12802,2
2020-09-14,15:16:00.459000,12801,12802,12802,1
2020-09-14,15:16:00.545000,12801,12803,12801,1
2020-09-14,15:16:00.600000,12801,12803,12801,1
2020-09-14,15:16:04.179000,12802,12803,12802,1
2020-09-14,15:16:04.179000,12802,12803,12801,4
2020-09-14,15:16:06.483000,12802,12803,12802,1
2020-09-14,15:16:07.073000,12801,12803,12801,1
2020-09-14,15:16:08.318000,12801,12803,12802,1
2020-09-14,15:16:15.160000,12802,12803,12802,2
2020-09-14,15:16:18.282000,12801,12802,12802,3
2020-09-14,15:16:26.289000,12801,12802,12802,2
2020-09-14,15:16:27.928000,12801,12802,12801,3
2020-09-14,15:16:29.218000,12800,12801,12801,1
2020-09-14,15:16:30.396000,12800,12801,12801,1
2020-09-14,15:16:32.967000,12800,12801,12801,2
2020-09-14,15:16:33.939000,12801,12802,12802,1
2020-09-14,15:16:36.316000,12801,12802,12801,1
2020-09-14,15:16:37.644000,12801,12802,12802,1
2020-09-14,15:16:37.904000,12801,12802,12801,2
2020-09-14,15:16:38.098000,12800,12801,12801,1
2020-09-14,15:16:39.189000,12800,12801,12801,1
2020-09-14,15:16:39.189000,12800,12801,12801,3
2020-09-14,15:16:39.189000,12800,12801,12801,3
2020-09-14,15:16:39.432000,12801,12802,12801,5
2020-09-14,15:16:40.673000,12800,12802,12800,5
2020-09-14,15:16:52.439000,12800,12801,12800,5
2020-09-14,15:16:52.440000,12800,12801,12800,2
2020-09-14,15:16:52.440000,12800,12801,12800,2
2020-09-14,15:16:52.440000,12800,12801,12800,1
2020-09-14,15:16:52.440000,12800,12801,12800,3
2020-09-14,15:16:53.961000,12799,12800,12800,1
2020-09-14,15:17:03.328000,12799,12800,12800,2
2020-09-14,15:17:03.421000,12799,12801,12799,1
2020-09-14,15:17:03.442000,12799,12801,12799,1
2020-09-14,15:17:03.601000,12799,12801,12801,6
2020-09-14,15:17:05.653000,12800,12801,12800,4
2020-09-14,15:17:07.680000,12799,12800,12800,1
2020-09-14,15:17:07.988000,12800,12801,12800,1
2020-09-14,15:17:08.095000,12799,12801,12799,1
2020-09-14,15:17:08.128000,12799,12801,12799,1
2020-09-14,15:17:08.175000,12799,12801,12799,1
2020-09-14,15:17:08.194000,12799,12801,12799,1
2020-09-14,15:17:20.204000,12799,12800,12800,1
2020-09-14,15:17:20.457000,12799,12800,12799,1
2020-09-14,15:17:21.344000,12799,12800,12800,1
2020-09-14,15:17:24.025000,12799,12800,12799,1
2020-09-14,15:17:28.179000,12799,12800,12800,1
2020-09-14,15:17:28.314000,12799,12800,12800,1
2020-09-14,15:17:29.078000,12799,12800,12800,1
2020-09-14,15:17:31.455000,12799,12800,12799,20
2020-09-14,15:17:31.455000,12799,12800,12799,5
2020-09-14,15:17:33.713000,12798,12799,12798,5
2020-09-14,15:17:35.042000,12798,12799,12799,1
2020-09-14,15:17:44.192000,12798,12799,12798,5
2020-09-14,15:17:44.759000,12798,12799,12798,1
2020-09-14,15:17:51.714000,12798,12799,12798,4
2020-09-14,15:17:53.471000,12797,12798,12798,1
2020-09-14,15:17:56.282000,12798,12799,12798,5
2020-09-14,15:17:57.134000,12797,12799,12799,1
2020-09-14,15:18:00.061000,12798,12799,12798,5
2020-09-14,15:18:00.170000,12798,12799,12798,1
2020-09-14,15:18:00.183000,12798,12799,12797,1
2020-09-14,15:18:00.377000,12797,12799,12799,4
2020-09-14,15:18:00.629000,12797,12799,12799,1
2020-09-14,15:18:04.902000,12797,12798,12798,1
2020-09-14,15:18:05.413000,12798,12799,12799,1
2020-09-14,15:18:08.431000,12797,12799,12799,1
2020-09-14,15:18:16.011000,12797,12799,12797,1
2020-09-14,15:18:17.398000,12797,12799,12797,2
2020-09-14,15:18:17.398000,12797,12799,12797,1
2020-09-14,15:18:17.410000,12797,12798,12797,2
2020-09-14,15:18:20.323000,12797,12799,12797,5
2020-09-14,15:18:26.629000,12797,12798,12797,5
2020-09-14,15:18:28.183000,12797,12798,12797,5
2020-09-14,15:18:29.022000,12797,12798,12797,5
2020-09-14,15:18:29.680000,12796,12797,12796,13
2020-09-14,15:18:29.937000,12795,12796,12796,3
2020-09-14,15:18:29.937000,12795,12796,12797,3
2020-09-14,15:18:32.633000,12796,12797,12796,5
2020-09-14,15:18:36.082000,12796,12797,12796,5
2020-09-14,15:18:37.769000,12796,12797,12796,5
2020-09-14,15:18:41.159000,12796,12797,12796,1
2020-09-14,15:18:42.695000,12796,12797,12796,1
2020-09-14,15:18:43.827000,12796,12797,12796,1
2020-09-14,15:18:46.860000,12796,12797,12796,1
2020-09-14,15:18:49.749000,12796,12797,12796,1
2020-09-14,15:18:56.155000,12796,12797,12797,1
2020-09-14,15:18:56.571000,12796,12797,12796,1
2020-09-14,15:18:58.989000,12795,12796,12795,6
2020-09-14,15:18:59.205000,12795,12796,12795,2
2020-09-14,15:18:59.285000,12795,12796,12795,1
2020-09-14,15:18:59.303000,12795,12796,12795,2
2020-09-14,15:19:04.463000,12795,12796,12795,3
2020-09-14,15:19:04.546000,12795,12796,12795,1
2020-09-14,15:19:04.589000,12795,12796,12795,1
2020-09-14,15:19:07.267000,12795,12796,12795,1
2020-09-14,15:19:10.702000,12795,12796,12795,1
2020-09-14,15:19:17.023000,12795,12796,12796,1
2020-09-14,15:19:23.588000,12795,12796,12796,1
2020-09-14,15:19:23.588000,12795,12796,12796,2
2020-09-14,15:19:25.110000,12796,12797,12796,1
2020-09-14,15:19:25.495000,12796,12797,12796,3
2020-09-14,15:19:28.706000,12796,12797,12796,4
2020-09-14,15:19:28.707000,12796,12797,12796,1
2020-09-14,15:19:33.565000,12795,12797,12797,1
2020-09-14,15:19:34.439000,12795,12797,12795,1
2020-09-14,15:19:36.214000,12796,12797,12797,1
2020-09-14,15:19:38.885000,12796,12797,12797,1
2020-09-14,15:19:46.850000,12796,12797,12796,3
2020-09-14,15:19:46.850000,12796,12797,12795,2
2020-09-14,15:20:05.024000,12795,12797,12797,1
2020-09-14,15:20:05.045000,12795,12797,12795,1
2020-09-14,15:20:05.062000,12795,12797,12795,1
2020-09-14,15:20:12.320000,12795,12797,12797,1
2020-09-14,15:20:21.024000,12796,12797,12797,1
2020-09-14,15:20:23.922000,12796,12797,12796,1
2020-09-14,15:20:24.022000,12796,12797,12796,1
2020-09-14,15:20:24.283000,12795,12796,12796,2
2020-09-14,15:20:25.524000,12795,12796,12796,1
2020-09-14,15:20:27.887000,12796,12797,12796,1
2020-09-14,15:20:43.519000,12795,12796,12796,1
2020-09-14,15:20:53.024000,12795,12796,12796,1
2020-09-14,15:20:58.853000,12795,12796,12796,1
2020-09-14,15:21:02.773000,12795,12796,12795,1
2020-09-14,15:21:02.794000,12795,12796,12795,1
2020-09-14,15:21:02.806000,12795,12796,12795,1
2020-09-14,15:21:06.544000,12795,12796,12795,1
2020-09-14,15:21:09.023000,12795,12796,12796,1
2020-09-14,15:21:13.363000,12795,12796,12796,1
2020-09-14,15:21:18.950000,12795,12796,12796,1
2020-09-14,15:21:19.878000,12796,12797,12796,5
2020-09-14,15:21:19.878000,12796,12797,12795,35
2020-09-14,15:21:25.943000,12795,12796,12795,1
2020-09-14,15:21:29.758000,12795,12796,12795,2
2020-09-14,15:21:34.972000,12795,12796,12795,5
2020-09-14,15:21:39.049000,12795,12796,12795,1
2020-09-14,15:21:40.206000,12795,12796,12795,6
2020-09-14,15:21:57.023000,12795,12796,12796,1
2020-09-14,15:21:57.041000,12795,12796,12796,3
2020-09-14,15:21:57.556000,12795,12796,12796,3
2020-09-14,15:21:58.895000,12795,12796,12796,1
2020-09-14,15:21:58.943000,12795,12797,12795,6
2020-09-14,15:22:00.597000,12795,12797,12797,3
2020-09-14,15:22:00.670000,12796,12797,12796,1
2020-09-14,15:22:00.690000,12796,12797,12795,1
2020-09-14,15:22:01.099000,12795,12797,12797,3
2020-09-14,15:22:02.414000,12796,12797,12796,6
2020-09-14,15:22:06.168000,12796,12797,12797,3
2020-09-14,15:22:06.168000,12796,12797,12797,2
2020-09-14,15:22:08.226000,12797,12798,12797,1
2020-09-14,15:22:08.227000,12797,12798,12797,5
2020-09-14,15:22:11.278000,12796,12797,12797,3
2020-09-14,15:22:11.751000,12796,12797,12797,3
2020-09-14,15:22:13.042000,12797,12798,12797,4
2020-09-14,15:22:13.044000,12797,12798,12797,1
2020-09-14,15:22:13.149000,12797,12798,12797,1
2020-09-14,15:22:13.868000,12796,12798,12797,2
2020-09-14,15:22:19.364000,12796,12797,12797,3
2020-09-14,15:22:23.958000,12796,12797,12797,1
2020-09-14,15:22:24.836000,12796,12797,12796,6
2020-09-14,15:22:28.232000,12796,12797,12796,5
2020-09-14,15:22:28.234000,12796,12797,12796,1
2020-09-14,15:22:32.479000,12796,12797,12796,2
2020-09-14,15:22:32.509000,12796,12797,12796,1
2020-09-14,15:22:32.558000,12795,12797,12795,2
2020-09-14,15:22:32.781000,12796,12797,12797,2
2020-09-14,15:22:34.295000,12796,12797,12796,6
2020-09-14,15:22:38.717000,12796,12797,12796,1
2020-09-14,15:22:38.928000,12796,12797,12796,3
2020-09-14,15:22:38.929000,12796,12797,12796,3
2020-09-14,15:22:39.235000,12795,12797,12795,1
2020-09-14,15:22:40.149000,12796,12797,12797,3
2020-09-14,15:22:41.891000,12796,12797,12796,1
2020-09-14,15:22:42.458000,12795,12797,12795,1
2020-09-14,15:22:43.388000,12796,12798,12796,6
2020-09-14,15:22:43.701000,12796,12797,12797,3
2020-09-14,15:22:44.714000,12796,12797,12797,3
2020-09-14,15:22:50.660000,12796,12797,12796,5
2020-09-14,15:22:50.662000,12796,12797,12796,1
2020-09-14,15:22:54.867000,12796,12797,12797,3
2020-09-14,15:22:55.095000,12796,12797,12797,2
2020-09-14,15:22:56.727000,12796,12797,12797,1
2020-09-14,15:23:00.132000,12795,12797,12797,1
2020-09-14,15:23:00.170000,12795,12797,12795,1
2020-09-14,15:23:00.171000,12795,12797,12795,1
2020-09-14,15:23:05.017000,12795,12796,12795,1
2020-09-14,15:23:12.864000,12796,12797,12796,1
2020-09-14,15:23:12.865000,12796,12797,12796,5
2020-09-14,15:23:14.657000,12796,12797,12796,6
2020-09-14,15:23:21.973000,12796,12797,12796,2
2020-09-14,15:23:39.378000,12796,12797,12796,2
2020-09-14,15:23:50.619000,12795,12796,12796,1
2020-09-14,15:23:50.619000,12795,12796,12796,3
2020-09-14,15:23:50.619000,12795,12796,12796,1
2020-09-14,15:23:50.619000,12795,12796,12796,1
2020-09-14,15:23:51.155000,12796,12797,12797,3
2020-09-14,15:23:53.047000,12796,12797,12796,3
2020-09-14,15:23:53.047000,12796,12797,12795,19
2020-09-14,15:24:02.769000,12795,12796,12795,13
2020-09-14,15:24:02.769000,12795,12796,12794,9
2020-09-14,15:24:02.794000,12794,12795,12794,1
2020-09-14,15:24:02.810000,12794,12795,12794,1
2020-09-14,15:24:09.315000,12794,12795,12794,1
2020-09-14,15:24:21.023000,12794,12795,12795,1
2020-09-14,15:24:29.534000,12794,12795,12794,2
2020-09-14,15:24:29.692000,12793,12794,12794,1
2020-09-14,15:24:29.693000,12793,12794,12794,1
2020-09-14,15:24:29.693000,12793,12794,12794,1
2020-09-14,15:24:30,12794,12795,12794,1
2020-09-14,15:24:30.016000,12794,12795,12793,1
2020-09-14,15:24:30.247000,12793,12795,12793,1
2020-09-14,15:24:30.274000,12793,12795,12793,1
2020-09-14,15:24:30.287000,12793,12795,12793,1
2020-09-14,15:24:30.295000,12793,12795,12793,1
2020-09-14,15:24:33.118000,12793,12794,12793,5
2020-09-14,15:24:34.721000,12793,12794,12793,5
2020-09-14,15:24:35.267000,12793,12794,12794,1
2020-09-14,15:24:36.961000,12793,12794,12793,5
2020-09-14,15:24:40.404000,12793,12794,12793,4
2020-09-14,15:24:40.517000,12793,12794,12793,1
2020-09-14,15:24:43.888000,12793,12794,12794,2
2020-09-14,15:24:44.058000,12794,12795,12795,1
2020-09-14,15:25:05.875000,12794,12795,12794,5
2020-09-14,15:25:05.921000,12794,12795,12794,1
2020-09-14,15:25:05.939000,12794,12795,12794,1
2020-09-14,15:25:07.550000,12794,12795,12794,3
2020-09-14,15:25:07.551000,12794,12795,12794,2
2020-09-14,15:25:07.679000,12793,12795,12795,1
2020-09-14,15:25:08.973000,12794,12795,12794,5
2020-09-14,15:25:12.978000,12794,12795,12794,5
2020-09-14,15:25:18.050000,12794,12795,12795,1
2020-09-14,15:25:21.248000,12794,12795,12794,1
2020-09-14,15:25:35.333000,12794,12795,12794,3
2020-09-14,15:25:35.617000,12793,12794,12794,3
2020-09-14,15:25:37.143000,12793,12794,12794,3
2020-09-14,15:25:40.683000,12793,12794,12794,1
2020-09-14,15:25:41.281000,12793,12794,12794,2
2020-09-14,15:25:41.910000,12793,12794,12794,3
2020-09-14,15:25:45.231000,12794,12795,12794,4
2020-09-14,15:25:45.317000,12793,12794,12794,1
2020-09-14,15:26:02.403000,12793,12794,12793,2
2020-09-14,15:26:02.545000,12793,12794,12793,1
2020-09-14,15:26:02.549000,12793,12794,12793,1
2020-09-14,15:26:04.549000,12793,12794,12793,1
2020-09-14,15:26:06.401000,12793,12794,12793,3
2020-09-14,15:26:06.402000,12793,12794,12793,1
2020-09-14,15:26:11.725000,12792,12793,12792,3
2020-09-14,15:26:21.577000,12792,12793,12792,1
2020-09-14,15:26:25.500000,12792,12793,12792,5
2020-09-14,15:26:27.278000,12792,12793,12793,1
2020-09-14,15:26:29.023000,12792,12793,12793,1
2020-09-14,15:26:44.831000,12792,12793,12793,1
2020-09-14,15:26:45.023000,12792,12793,12793,1
2020-09-14,15:26:55.063000,12793,12794,12793,1
2020-09-14,15:26:55.063000,12793,12794,12792,2
2020-09-14,15:27:01.082000,12792,12793,12792,4
2020-09-14,15:27:01.147000,12792,12793,12791,1
2020-09-14,15:27:01.170000,12791,12792,12791,1
2020-09-14,15:27:01.180000,12791,12792,12791,1
2020-09-14,15:27:01.562000,12791,12792,12791,1
2020-09-14,15:27:03.162000,12791,12792,12792,1
2020-09-14,15:27:09.303000,12792,12793,12792,1
2020-09-14,15:27:09.349000,12792,12793,12792,1
2020-09-14,15:27:09.736000,12791,12793,12791,4
2020-09-14,15:27:11.591000,12791,12793,12791,1
2020-09-14,15:27:26.652000,12791,12792,12792,1
2020-09-14,15:27:29.277000,12791,12792,12791,1
2020-09-14,15:27:33.023000,12791,12792,12792,1
2020-09-14,15:27:33.205000,12791,12793,12793,2
2020-09-14,15:27:49.023000,12792,12793,12793,1
2020-09-14,15:27:55.726000,12792,12793,12792,5
2020-09-14,15:28:01.916000,12792,12793,12792,1
2020-09-14,15:28:02.045000,12791,12793,12791,1
2020-09-14,15:28:02.054000,12791,12793,12791,1
2020-09-14,15:28:17.106000,12791,12792,12792,1
2020-09-14,15:28:21.024000,12791,12792,12792,1
2020-09-14,15:28:32.781000,12791,12792,12792,1
2020-09-14,15:28:37.023000,12791,12793,12793,1
2020-09-14,15:28:49.881000,12792,12793,12792,1
2020-09-14,15:28:53.023000,12792,12793,12793,1
2020-09-14,15:28:56.193000,12792,12793,12792,1
2020-09-14,15:28:56.244000,12792,12793,12792,1
2020-09-14,15:28:56.244000,12792,12793,12792,1
2020-09-14,15:29:13.720000,12791,12792,12792,2
2020-09-14,15:29:13.796000,12792,12793,12792,1
2020-09-14,15:29:13.805000,12792,12793,12792,1
2020-09-14,15:29:16.073000,12792,12793,12792,1
2020-09-14,15:29:16.074000,12792,12793,12792,1
2020-09-14,15:29:17.630000,12791,12792,12792,1
2020-09-14,15:29:28.026000,12792,12793,12792,1
2020-09-14,15:29:35.922000,12792,12793,12793,5
2020-09-14,15:29:41.023000,12792,12793,12793,1
2020-09-14,15:29:51.463000,12793,12794,12793,1
2020-09-14,15:29:57.023000,12793,12794,12794,1
2020-09-14,15:30:03.220000,12792,12793,12793,1
2020-09-14,15:30:03.295000,12792,12793,12792,1
2020-09-14,15:30:03.316000,12792,12793,12792,1
2020-09-14,15:30:03.513000,12792,12793,12792,4
2020-09-14,15:30:03.549000,12792,12793,12792,2
2020-09-14,15:30:03.579000,12792,12793,12793,1
2020-09-14,15:30:03.591000,12792,12793,12793,2
2020-09-14,15:30:03.591000,12792,12793,12794,1
2020-09-14,15:30:04.129000,12792,12794,12794,3
2020-09-14,15:30:04.220000,12792,12794,12794,2
2020-09-14,15:30:08.319000,12793,12795,12795,1
2020-09-14,15:30:13.137000,12793,12795,12795,1
2020-09-14,15:30:13.137000,12793,12795,12795,9
2020-09-14,15:30:13.137000,12793,12795,12795,2
2020-09-14,15:30:13.137000,12793,12795,12795,3
2020-09-14,15:30:13.138000,12793,12795,12795,4
2020-09-14,15:30:13.138000,12793,12795,12795,1
2020-09-14,15:30:14.611000,12794,12796,12795,1
2020-09-14,15:30:18.287000,12794,12795,12794,2
2020-09-14,15:30:29.998000,12793,12794,12793,1
2020-09-14,15:30:39.272000,12792,12793,12793,1
2020-09-14,15:30:41.341000,12792,12793,12792,2
2020-09-14,15:30:41.396000,12792,12793,12792,1
2020-09-14,15:30:48.320000,12791,12792,12792,1
2020-09-14,15:30:52.674000,12791,12792,12791,2
2020-09-14,15:30:52.674000,12791,12792,12791,1
2020-09-14,15:30:52.679000,12791,12792,12791,2
2020-09-14,15:30:52.954000,12791,12792,12791,2
2020-09-14,15:30:53.278000,12791,12792,12791,7
2020-09-14,15:30:58.216000,12790,12791,12791,1
2020-09-14,15:30:58.999000,12790,12791,12790,4
2020-09-14,15:30:59,12790,12791,12790,27
2020-09-14,15:30:59.056000,12789,12790,12789,1
2020-09-14,15:30:59.056000,12789,12790,12789,9
2020-09-14,15:30:59.056000,12789,12790,12789,1
2020-09-14,15:30:59.286000,12788,12789,12789,4
2020-09-14,15:30:59.601000,12788,12790,12790,4
2020-09-14,15:31:02.900000,12789,12790,12790,1
2020-09-14,15:31:02.934000,12789,12790,12789,1
2020-09-14,15:31:03.039000,12789,12790,12789,1
2020-09-14,15:31:04.329000,12789,12790,12789,1
2020-09-14,15:31:04.329000,12789,12790,12788,4
2020-09-14,15:31:04.523000,12788,12789,12788,4
2020-09-14,15:31:05.738000,12788,12790,12788,1
2020-09-14,15:31:06.235000,12788,12790,12788,1
2020-09-14,15:31:08.853000,12788,12790,12788,1
2020-09-14,15:31:08.944000,12788,12790,12788,1
2020-09-14,15:31:11.789000,12788,12790,12789,2
2020-09-14,15:31:12.243000,12789,12790,12790,1
2020-09-14,15:31:12.370000,12789,12790,12789,4
2020-09-14,15:31:12.424000,12788,12790,12788,3
2020-09-14,15:31:12.831000,12789,12790,12790,3
2020-09-14,15:31:12.831000,12789,12790,12790,2
2020-09-14,15:31:21.223000,12790,12791,12790,2
2020-09-14,15:31:27.874000,12789,12790,12790,2
2020-09-14,15:31:27.874000,12789,12790,12791,1
2020-09-14,15:31:36.570000,12790,12791,12790,1
2020-09-14,15:31:36.862000,12790,12791,12790,1
2020-09-14,15:31:37.284000,12789,12791,12789,1
2020-09-14,15:31:38.084000,12789,12791,12789,1
2020-09-14,15:31:44.237000,12789,12791,12789,1
2020-09-14,15:31:50.103000,12790,12791,12790,2
2020-09-14,15:31:54.573000,12790,12791,12790,1
2020-09-14,15:32:04.234000,12790,12791,12791,2
2020-09-14,15:32:04.235000,12790,12791,12791,1
2020-09-14,15:32:04.335000,12791,12792,12791,1
2020-09-14,15:32:06.048000,12791,12792,12792,5
2020-09-14,15:32:14.123000,12791,12793,12791,10
2020-09-14,15:32:14.123000,12791,12793,12790,6
2020-09-14,15:32:22.932000,12791,12792,12792,1
2020-09-14,15:32:31.001000,12792,12793,12792,2
2020-09-14,15:32:32.330000,12792,12793,12792,1
2020-09-14,15:32:32.330000,12792,12793,12792,1
2020-09-14,15:32:36.560000,12792,12793,12793,1
2020-09-14,15:32:36.560000,12792,12793,12793,2
2020-09-14,15:32:36.560000,12792,12793,12793,2
2020-09-14,15:32:39.341000,12793,12794,12793,1
2020-09-14,15:33:00.329000,12792,12793,12792,17
2020-09-14,15:33:00.428000,12791,12792,12791,1
2020-09-14,15:33:01.980000,12790,12792,12792,1
2020-09-14,15:33:11.361000,12790,12791,12790,1
2020-09-14,15:33:28.477000,12790,12791,12790,5
2020-09-14,15:33:28.477000,12790,12791,12789,1
2020-09-14,15:33:36.008000,12790,12791,12790,3
2020-09-14,15:33:39.540000,12790,12791,12790,1
2020-09-14,15:33:57.958000,12790,12791,12791,2
2020-09-14,15:34:03.102000,12790,12791,12790,2
2020-09-14,15:34:03.192000,12789,12790,12789,1
2020-09-14,15:34:14.825000,12789,12790,12790,1
2020-09-14,15:34:14.825000,12789,12790,12790,1
2020-09-14,15:34:20.213000,12790,12791,12790,1
2020-09-14,15:34:21.808000,12790,12791,12790,1
2020-09-14,15:34:22.795000,12790,12791,12790,1
2020-09-14,15:34:37.257000,12790,12791,12791,1
2020-09-14,15:34:41.377000,12790,12791,12790,1
2020-09-14,15:35:00.495000,12789,12790,12789,1
2020-09-14,15:35:00.495000,12789,12790,12789,2
2020-09-14,15:35:00.496000,12789,12790,12789,7
2020-09-14,15:35:00.496000,12789,12790,12789,3
2020-09-14,15:35:00.496000,12789,12790,12789,4
2020-09-14,15:35:00.496000,12789,12790,12789,4
2020-09-14,15:35:00.496000,12789,12790,12789,12
2020-09-14,15:35:00.549000,12788,12789,12788,1
2020-09-14,15:35:02.672000,12788,12789,12788,2
2020-09-14,15:35:02.934000,12788,12789,12788,1
2020-09-14,15:35:03.082000,12788,12789,12788,1
2020-09-14,15:35:09.226000,12788,12789,12788,1
2020-09-14,15:35:09.649000,12788,12789,12788,1
2020-09-14,15:35:09.650000,12788,12789,12788,2
2020-09-14,15:35:11.178000,12787,12789,12788,1
2020-09-14,15:35:12.234000,12788,12789,12788,1
2020-09-14,15:35:16.451000,12788,12790,12788,1
2020-09-14,15:35:28.362000,12789,12790,12789,1
2020-09-14,15:35:32.337000,12789,12790,12790,1
2020-09-14,15:35:51.686000,12789,12790,12789,1
2020-09-14,15:35:58.367000,12789,12790,12789,1
2020-09-14,15:35:58.367000,12789,12790,12789,1
2020-09-14,15:36:04.898000,12788,12789,12788,3
2020-09-14,15:36:04.934000,12788,12789,12788,1
2020-09-14,15:36:07.598000,12788,12789,12788,4
2020-09-14,15:36:07.806000,12788,12789,12789,3
2020-09-14,15:36:15.681000,12788,12789,12789,2
2020-09-14,15:36:19.027000,12789,12790,12789,1
2020-09-14,15:36:20.006000,12789,12790,12789,1
2020-09-14,15:36:20.016000,12789,12790,12790,1
2020-09-14,15:36:23.755000,12789,12790,12790,1
2020-09-14,15:37:07.076000,12789,12790,12789,2
2020-09-14,15:37:07.186000,12788,12789,12788,1
2020-09-14,15:37:07.972000,12788,12789,12789,1
2020-09-14,15:37:10.720000,12788,12789,12789,1
2020-09-14,15:37:10.741000,12788,12789,12789,1
2020-09-14,15:37:11.373000,12788,12790,12790,1
2020-09-14,15:37:11.394000,12788,12790,12790,1
2020-09-14,15:37:22.479000,12789,12790,12790,1
2020-09-14,15:37:36.865000,12790,12791,12790,1
2020-09-14,15:37:41.031000,12789,12790,12790,1
2020-09-14,15:38:04.299000,12789,12791,12789,1
2020-09-14,15:38:04.429000,12789,12791,12789,1
2020-09-14,15:38:41.721000,12789,12790,12790,1
2020-09-14,15:38:41.721000,12789,12790,12790,4
2020-09-14,15:38:42.011000,12789,12791,12789,2
2020-09-14,15:39:10.375000,12790,12791,12791,2
2020-09-14,15:39:10.432000,12791,12792,12791,1
2020-09-14,15:39:38.584000,12791,12792,12792,1
2020-09-14,15:39:38.584000,12791,12792,12792,1
2020-09-14,15:39:38.808000,12791,12793,12793,1
2020-09-14,15:39:40.852000,12791,12793,12793,4
2020-09-14,15:39:41.398000,12791,12793,12793,4
2020-09-14,15:39:54.701000,12792,12793,12793,4
2020-09-14,15:39:57.738000,12792,12793,12793,4
2020-09-14,15:40:01.439000,12793,12794,12793,5
2020-09-14,15:40:01.547000,12793,12794,12793,1
2020-09-14,15:40:03.632000,12793,12794,12793,5
2020-09-14,15:40:03.634000,12793,12794,12793,4
2020-09-14,15:40:04.811000,12792,12793,12793,1
2020-09-14,15:40:06.036000,12792,12793,12793,1
2020-09-14,15:40:07.684000,12792,12793,12792,5
2020-09-14,15:40:11.047000,12792,12793,12792,5
2020-09-14,15:40:16.509000,12791,12792,12792,2
2020-09-14,15:40:16.646000,12792,12793,12793,1
2020-09-14,15:40:24.830000,12791,12793,12791,2
2020-09-14,15:40:25.771000,12791,12793,12791,2
2020-09-14,15:40:31.033000,12791,12793,12793,2
2020-09-14,15:40:36.611000,12791,12793,12793,1
2020-09-14,15:40:37.321000,12792,12793,12792,1
2020-09-14,15:40:37.321000,12792,12793,12791,4
2020-09-14,15:40:39.002000,12791,12793,12791,5
2020-09-14,15:40:41.316000,12791,12792,12791,5
2020-09-14,15:40:52.937000,12791,12792,12791,5
2020-09-14,15:41:11.596000,12791,12792,12791,2
2020-09-14,15:41:11.680000,12790,12791,12790,1
2020-09-14,15:41:17.152000,12790,12791,12790,5
2020-09-14,15:41:20.428000,12789,12790,12790,1
2020-09-14,15:41:32.605000,12790,12791,12790,1
2020-09-14,15:41:36.935000,12789,12790,12789,1
2020-09-14,15:41:41.763000,12789,12790,12790,1
2020-09-14,15:41:42.785000,12789,12790,12789,1
2020-09-14,15:41:46.686000,12789,12790,12789,1
2020-09-14,15:41:46.687000,12789,12790,12789,8
2020-09-14,15:41:46.687000,12789,12790,12789,5
2020-09-14,15:41:50.550000,12789,12790,12789,1
2020-09-14,15:41:55.643000,12788,12789,12789,1
2020-09-14,15:41:55.644000,12788,12789,12789,4
2020-09-14,15:41:58.713000,12789,12790,12789,4
2020-09-14,15:41:59.483000,12788,12789,12789,1
2020-09-14,15:42:18.611000,12789,12790,12789,1
2020-09-14,15:42:18.674000,12788,12789,12788,1
2020-09-14,15:42:19.617000,12788,12790,12788,1
2020-09-14,15:42:19.622000,12788,12790,12788,1
2020-09-14,15:42:19.628000,12788,12790,12788,1
2020-09-14,15:42:31.718000,12788,12789,12789,1
2020-09-14,15:42:34.536000,12789,12790,12789,1
2020-09-14,15:42:48.483000,12789,12790,12790,2
2020-09-14,15:42:56.023000,12789,12790,12790,3
2020-09-14,15:42:58.140000,12790,12791,12790,1
2020-09-14,15:44:08.977000,12790,12791,12791,5
2020-09-14,15:44:09.069000,12791,12792,12791,1
2020-09-14,15:44:09.188000,12791,12792,12791,1
2020-09-14,15:44:09.283000,12790,12792,12792,3
2020-09-14,15:44:22.460000,12790,12791,12790,1
2020-09-14,15:45:05.318000,12790,12791,12790,1
2020-09-14,15:45:05.431000,12790,12791,12790,1
2020-09-14,15:45:29.562000,12791,12792,12791,1
2020-09-14,15:45:29.562000,12791,12792,12790,2
2020-09-14,15:45:31.337000,12790,12792,12790,1
2020-09-14,15:45:50.716000,12790,12792,12792,5
2020-09-14,15:45:56.504000,12790,12792,12791,1
2020-09-14,15:46:00.276000,12790,12791,12790,1
2020-09-14,15:46:00.307000,12790,12791,12790,1
2020-09-14,15:46:00.432000,12790,12791,12790,2
2020-09-14,15:46:05.678000,12789,12791,12791,4
2020-09-14,15:46:05.678000,12789,12791,12792,1
2020-09-14,15:46:08.157000,12790,12791,12791,1
2020-09-14,15:46:15.450000,12790,12791,12791,1
2020-09-14,15:46:15.719000,12790,12792,12792,1
2020-09-14,15:46:28.779000,12791,12792,12791,1
2020-09-14,15:46:47.261000,12791,12792,12791,2
2020-09-14,15:47:23.288000,12791,12792,12791,1
2020-09-14,15:47:23.434000,12790,12791,12790,1
2020-09-14,15:48:05.126000,12790,12791,12791,1
2020-09-14,15:48:05.182000,12791,12792,12791,1
2020-09-14,15:48:35.626000,12791,12792,12792,5
2020-09-14,15:48:35.626000,12791,12792,12792,1
2020-09-14,15:49:15.055000,12793,12794,12793,1
2020-09-14,15:49:15.178000,12793,12794,12793,1
2020-09-14,15:49:30.350000,12793,12794,12794,1
2020-09-14,15:49:33.649000,12793,12794,12793,1
2020-09-14,15:49:48.095000,12793,12794,12793,1
2020-09-14,15:49:51.967000,12793,12794,12793,1
2020-09-14,15:50:36.228000,12793,12794,12793,1
2020-09-14,15:50:36.306000,12793,12794,12793,1
2020-09-14,15:51:19.597000,12793,12794,12794,1
2020-09-14,15:51:19.669000,12793,12794,12793,1
2020-09-14,15:51:24.932000,12793,12794,12794,1
2020-09-14,15:51:40.727000,12793,12794,12794,1
2020-09-14,15:51:46.574000,12793,12794,12794,1
2020-09-14,15:51:58.614000,12793,12794,12794,1
2020-09-14,15:51:59.744000,12793,12794,12794,1
2020-09-14,15:52:00.960000,12793,12794,12794,2
2020-09-14,15:52:01.053000,12793,12794,12793,1
2020-09-14,15:52:20.353000,12793,12794,12793,4
2020-09-14,15:52:20.354000,12793,12794,12793,1
2020-09-14,15:53:01.079000,12792,12793,12792,1
2020-09-14,15:53:01.079000,12792,12793,12792,5
2020-09-14,15:53:01.080000,12792,12793,12792,3
2020-09-14,15:53:01.201000,12791,12792,12791,1
2020-09-14,15:53:06.856000,12791,12792,12792,3
2020-09-14,15:53:06.856000,12791,12792,12792,2
2020-09-14,15:53:15.107000,12792,12793,12792,2
2020-09-14,15:54:22.260000,12792,12793,12792,1
2020-09-14,15:54:22.260000,12792,12793,12792,2
2020-09-14,15:54:22.260000,12792,12793,12792,1
2020-09-14,15:54:22.261000,12792,12793,12792,4
2020-09-14,15:54:22.343000,12791,12792,12791,1
2020-09-14,15:54:48.964000,12791,12792,12792,1
2020-09-14,15:55:00.060000,12792,12793,12792,1
2020-09-14,15:55:00.178000,12792,12793,12792,1
2020-09-14,15:55:28.232000,12792,12793,12792,1
2020-09-14,15:55:30.852000,12792,12793,12793,1
2020-09-14,15:55:30.853000,12792,12793,12793,7
2020-09-14,15:55:51.011000,12792,12793,12793,1
2020-09-14,15:56:36.249000,12793,12794,12793,1
2020-09-14,15:56:36.299000,12793,12794,12793,1
2020-09-14,15:56:40.711000,12793,12794,12793,1
2020-09-14,15:56:40.826000,12792,12794,12792,5
2020-09-14,15:56:44.574000,12792,12794,12792,1
2020-09-14,15:57:14.840000,12792,12794,12794,1
2020-09-14,15:57:14.931000,12792,12794,12792,1
2020-09-14,15:57:16.343000,12792,12794,12794,1
2020-09-14,15:57:38.505000,12792,12793,12793,1
2020-09-14,15:58:01.404000,12792,12793,12792,5
2020-09-14,15:58:01.561000,12791,12792,12791,1
2020-09-14,15:58:03.123000,12791,12792,12792,1
2020-09-14,15:58:33.477000,12791,12792,12791,2
2020-09-14,15:58:33.477000,12791,12792,12791,6
2020-09-14,15:58:33.477000,12791,12792,12791,3
2020-09-14,15:58:33.477000,12791,12792,12791,2
2020-09-14,15:58:33.658000,12790,12791,12790,1
2020-09-14,15:58:33.681000,12790,12791,12790,1
2020-09-14,15:58:33.738000,12790,12791,12790,3
2020-09-14,15:58:38.057000,12790,12791,12790,3
2020-09-14,15:58:40.012000,12789,12790,12789,1
2020-09-14,15:58:49.920000,12789,12790,12789,1
2020-09-14,15:58:54.204000,12789,12790,12789,1
2020-09-14,15:59:16.206000,12789,12790,12790,1
2020-09-14,15:59:16.207000,12789,12790,12790,4
2020-09-14,15:59:16.301000,12790,12791,12790,1
2020-09-14,15:59:16.574000,12790,12791,12790,1
2020-09-14,15:59:16.600000,12790,12791,12790,1
2020-09-14,15:59:16.601000,12790,12791,12790,1
2020-09-14,15:59:16.850000,12789,12791,12789,1
2020-09-14,15:59:17.514000,12790,12791,12790,1
2020-09-14,15:59:17.518000,12790,12791,12790,1
2020-09-14,15:59:17.544000,12789,12791,12789,1
2020-09-14,15:59:17.548000,12789,12791,12789,1
2020-09-14,15:59:20.690000,12789,12791,12789,1
2020-09-14,15:59:53.887000,12789,12790,12789,1
2020-09-14,15:59:53.887000,12789,12790,12789,1
2020-09-14,15:59:53.887000,12789,12790,12789,5
2020-09-14,15:59:53.887000,12789,12790,12789,5
2020-09-14,15:59:53.887000,12789,12790,12789,4
2020-09-14,16:00:00.397000,12788,12789,12789,1
2020-09-14,16:00:00.397000,12788,12789,12789,1
2020-09-14,16:00:00.430000,12789,12790,12789,1
2020-09-14,16:00:01.175000,12789,12790,12789,1
2020-09-14,16:00:02.644000,12788,12790,12788,1
2020-09-14,16:00:02.661000,12788,12790,12788,1
2020-09-14,16:00:02.666000,12788,12790,12788,1
2020-09-14,16:00:02.667000,12788,12790,12788,1
2020-09-14,16:00:02.677000,12788,12790,12788,1
2020-09-14,16:00:02.689000,12788,12790,12788,1
2020-09-14,16:00:02.702000,12788,12790,12788,1
2020-09-14,16:00:02.709000,12788,12790,12788,1
2020-09-14,16:00:02.711000,12788,12790,12788,1
2020-09-14,16:00:02.731000,12788,12790,12788,1
2020-09-14,16:00:02.740000,12788,12790,12788,1
2020-09-14,16:00:02.804000,12788,12790,12789,1
2020-09-14,16:00:02.875000,12788,12790,12788,1
2020-09-14,16:00:02.891000,12788,12790,12788,5
2020-09-14,16:00:02.908000,12788,12790,12788,2
2020-09-14,16:00:04.613000,12788,12789,12789,1
2020-09-14,16:00:10.902000,12788,12790,12789,1
2020-09-14,16:00:12.568000,12788,12789,12789,1
2020-09-14,16:00:30.204000,12788,12789,12788,1
2020-09-14,16:00:36.792000,12788,12789,12788,1
2020-09-14,16:00:37.885000,12788,12789,12788,1
2020-09-14,16:00:41.133000,12788,12789,12788,1
2020-09-14,16:00:41.154000,12788,12789,12788,3
2020-09-14,16:00:41.154000,12788,12789,12788,1
2020-09-14,16:00:56.210000,12787,12788,12788,1
2020-09-14,16:00:58.954000,12787,12788,12788,3
2020-09-14,16:00:58.955000,12787,12788,12788,2
2020-09-14,16:01:04.269000,12789,12790,12789,1
2020-09-14,16:01:08.450000,12788,12790,12788,1
2020-09-14,16:01:11.872000,12789,12790,12789,1
2020-09-14,16:01:15.758000,12788,12789,12789,1
2020-09-14,16:01:22.341000,12788,12789,12789,1
2020-09-14,16:01:22.530000,12788,12790,12789,1
2020-09-14,16:01:30.410000,12788,12789,12788,2
2020-09-14,16:01:36.297000,12788,12789,12789,1
2020-09-14,16:01:40.337000,12788,12789,12788,2
2020-09-14,16:01:40.819000,12788,12789,12789,3
2020-09-14,16:01:42.103000,12789,12790,12789,1
2020-09-14,16:01:45.387000,12789,12790,12789,1
2020-09-14,16:01:49.001000,12789,12790,12789,1
2020-09-14,16:01:49.001000,12789,12790,12789,3
2020-09-14,16:01:49.002000,12789,12790,12789,1
2020-09-14,16:01:49.288000,12789,12790,12789,1
2020-09-14,16:02:01.664000,12789,12790,12789,2
2020-09-14,16:02:03.187000,12789,12790,12789,1
2020-09-14,16:02:05.318000,12789,12790,12789,1
2020-09-14,16:02:07.351000,12789,12790,12790,2
2020-09-14,16:02:25.543000,12789,12790,12790,1
2020-09-14,16:02:30.159000,12790,12791,12790,1
2020-09-14,16:02:33.045000,12790,12791,12790,1
2020-09-14,16:02:48.417000,12790,12791,12790,1
2020-09-14,16:03:10.040000,12790,12791,12791,10
2020-09-14,16:03:10.199000,12791,12792,12792,1
2020-09-14,16:03:12.904000,12791,12792,12792,7
2020-09-14,16:03:17.228000,12791,12793,12793,1
2020-09-14,16:03:20.113000,12792,12793,12793,2
2020-09-14,16:03:20.113000,12792,12793,12793,1
2020-09-14,16:03:20.180000,12793,12794,12794,1
2020-09-14,16:03:22.571000,12792,12794,12794,1
2020-09-14,16:03:22.803000,12792,12794,12794,1
2020-09-14,16:03:23.140000,12792,12794,12794,1
2020-09-14,16:03:24.183000,12792,12794,12794,1
2020-09-14,16:03:28.854000,12793,12794,12794,1
2020-09-14,16:03:34.314000,12793,12794,12794,2
2020-09-14,16:03:53.805000,12793,12794,12794,1
2020-09-14,16:03:53.805000,12793,12794,12794,2
2020-09-14,16:03:53.805000,12793,12794,12794,3
2020-09-14,16:03:53.805000,12793,12794,12794,6
2020-09-14,16:04:01.880000,12794,12795,12794,1
2020-09-14,16:04:04.034000,12794,12795,12795,1
2020-09-14,16:04:04.756000,12794,12795,12795,2
2020-09-14,16:04:04.935000,12794,12795,12795,1
2020-09-14,16:04:04.939000,12794,12795,12795,1
2020-09-14,16:04:09.086000,12794,12795,12795,1
2020-09-14,16:04:09.203000,12794,12795,12795,1
2020-09-14,16:04:10.494000,12794,12795,12795,1
2020-09-14,16:04:12.087000,12794,12795,12794,3
2020-09-14,16:04:12.088000,12794,12795,12794,1
2020-09-14,16:04:12.586000,12793,12795,12795,1
2020-09-14,16:04:15.941000,12793,12795,12793,1
2020-09-14,16:04:32.617000,12793,12794,12794,1
2020-09-14,16:04:33.602000,12793,12794,12794,1
2020-09-14,16:04:48.576000,12793,12794,12793,1
2020-09-14,16:04:48.576000,12793,12794,12793,3
2020-09-14,16:04:48.576000,12793,12794,12793,1
2020-09-14,16:05:23.926000,12792,12793,12793,1
2020-09-14,16:05:58.874000,12792,12793,12792,1
2020-09-14,16:05:58.874000,12792,12793,12792,5
2020-09-14,16:05:58.874000,12792,12793,12792,1
2020-09-14,16:06:03.966000,12792,12793,12792,1
2020-09-14,16:06:26.384000,12792,12793,12793,1
2020-09-14,16:06:26.384000,12792,12793,12793,2
2020-09-14,16:06:38.535000,12793,12794,12794,3
2020-09-14,16:06:38.876000,12793,12795,12793,4
2020-09-14,16:06:53.047000,12793,12794,12793,1
2020-09-14,16:07:00.858000,12793,12794,12793,1
2020-09-14,16:07:28.888000,12793,12794,12794,5
2020-09-14,16:07:29.175000,12794,12795,12794,1
2020-09-14,16:07:29.176000,12794,12795,12794,1
2020-09-14,16:07:44.952000,12793,12794,12793,1
2020-09-14,16:07:44.952000,12793,12794,12793,1
2020-09-14,16:07:44.952000,12793,12794,12793,4
2020-09-14,16:07:52.384000,12792,12794,12793,2
2020-09-14,16:07:53.093000,12792,12794,12793,1
2020-09-14,16:08:10.273000,12792,12794,12793,1
2020-09-14,16:08:16.366000,12792,12793,12793,5
2020-09-14,16:08:16.366000,12792,12793,12793,1
2020-09-14,16:08:16.366000,12792,12793,12793,4
2020-09-14,16:08:22.417000,12792,12793,12793,2
2020-09-14,16:08:33.285000,12793,12794,12794,1
2020-09-14,16:08:35.912000,12793,12794,12793,8
2020-09-14,16:08:40.273000,12793,12794,12793,1
2020-09-14,16:08:41.739000,12793,12794,12794,1
2020-09-14,16:08:44.200000,12793,12794,12793,2
2020-09-14,16:09:26.624000,12792,12793,12792,1
2020-09-14,16:09:26.624000,12792,12793,12792,1
2020-09-14,16:09:26.624000,12792,12793,12792,6
2020-09-14,16:09:49.207000,12791,12792,12792,1
2020-09-14,16:09:51.015000,12791,12792,12792,1
2020-09-14,16:09:52.040000,12791,12792,12791,1
2020-09-14,16:10:04.026000,12791,12793,12791,8
2020-09-14,16:10:04.026000,12791,12793,12790,7
2020-09-14,16:10:04.274000,12790,12792,12790,1
2020-09-14,16:10:13.168000,12790,12792,12790,1
2020-09-14,16:10:14.018000,12790,12792,12790,1
2020-09-14,16:10:50.626000,12790,12791,12790,2
2020-09-14,16:11:02.259000,12790,12791,12790,2
2020-09-14,16:11:02.259000,12790,12791,12790,1
2020-09-14,16:11:02.259000,12790,12791,12790,2
2020-09-14,16:11:16.871000,12789,12790,12790,1
2020-09-14,16:11:17.789000,12790,12791,12790,1
2020-09-14,16:11:31.266000,12789,12790,12790,1
2020-09-14,16:11:55.054000,12789,12790,12790,1
2020-09-14,16:11:55.054000,12789,12790,12790,1
2020-09-14,16:11:55.054000,12789,12790,12790,10
2020-09-14,16:12:07.676000,12790,12791,12790,1
2020-09-14,16:12:10.890000,12790,12791,12790,1
2020-09-14,16:12:34.105000,12790,12791,12791,1
2020-09-14,16:13:25.881000,12790,12791,12790,1
2020-09-14,16:13:25.882000,12790,12791,12790,8
2020-09-14,16:13:26.260000,12789,12790,12790,1
2020-09-14,16:14:43.340000,12790,12792,12790,1
2020-09-14,16:14:53.377000,12790,12791,12791,1
2020-09-14,16:15:29.419000,12790,12791,12791,1
2020-09-14,16:15:30.223000,12790,12792,12790,1
2020-09-14,16:15:38.249000,12791,12792,12791,1
2020-09-14,16:15:40.689000,12790,12791,12791,2
2020-09-14,16:15:40.780000,12790,12792,12792,1
2020-09-14,16:15:56.088000,12791,12792,12791,2
2020-09-14,16:16:11.521000,12790,12791,12791,1
2020-09-14,16:17:01.321000,12791,12792,12791,1
2020-09-14,16:17:02.512000,12790,12791,12791,1
2020-09-14,16:17:12.657000,12790,12791,12791,1
2020-09-14,16:17:26.607000,12790,12791,12790,1
2020-09-14,16:17:46.869000,12790,12791,12791,1
2020-09-14,16:18:35.570000,12790,12792,12792,2
2020-09-14,16:18:43.666000,12790,12792,12792,1
2020-09-14,16:18:57.745000,12790,12791,12791,2
2020-09-14,16:19:34.398000,12790,12791,12791,2
2020-09-14,16:19:38.430000,12790,12791,12791,2
2020-09-14,16:19:40.918000,12791,12792,12791,1
2020-09-14,16:19:40.919000,12791,12792,12791,2
2020-09-14,16:19:46.091000,12790,12791,12790,5
2020-09-14,16:19:46.307000,12790,12791,12791,3
2020-09-14,16:20:52.002000,12791,12792,12791,1
2020-09-14,16:21:10.845000,12790,12791,12790,1
2020-09-14,16:21:10.845000,12790,12791,12790,2
2020-09-14,16:21:10.845000,12790,12791,12790,9
2020-09-14,16:21:11.171000,12789,12790,12789,4
2020-09-14,16:21:29.340000,12789,12790,12790,1
2020-09-14,16:22:05.311000,12789,12791,12790,1
2020-09-14,16:22:11.523000,12790,12791,12790,1
2020-09-14,16:22:15.006000,12790,12791,12790,2
2020-09-14,16:22:15.305000,12789,12790,12790,1
2020-09-14,16:22:15.894000,12789,12790,12790,2
2020-09-14,16:22:20.499000,12790,12791,12790,4
2020-09-14,16:22:25.395000,12789,12790,12790,2
2020-09-14,16:23:03.266000,12790,12791,12790,1
2020-09-14,16:23:03.266000,12790,12791,12790,1
2020-09-14,16:23:18.765000,12789,12790,12790,1
2020-09-14,16:23:43.992000,12789,12790,12789,8
2020-09-14,16:23:46.034000,12788,12789,12788,2
2020-09-14,16:23:46.034000,12788,12789,12788,1
2020-09-14,16:23:46.034000,12788,12789,12788,4
2020-09-14,16:23:46.034000,12788,12789,12788,5
2020-09-14,16:23:46.034000,12788,12789,12788,6
2020-09-14,16:23:49.813000,12787,12788,12788,1
2020-09-14,16:24:05.094000,12787,12788,12787,4
2020-09-14,16:24:05.177000,12787,12788,12787,1
2020-09-14,16:24:05.179000,12787,12788,12787,1
2020-09-14,16:24:05.232000,12787,12788,12787,4
2020-09-14,16:24:05.275000,12787,12788,12787,4
2020-09-14,16:24:05.311000,12787,12788,12787,4
2020-09-14,16:24:05.337000,12787,12788,12787,1
2020-09-14,16:24:09.065000,12787,12788,12787,1
2020-09-14,16:24:09.878000,12787,12788,12788,5
2020-09-14,16:24:09.879000,12787,12788,12788,2
2020-09-14,16:24:15.386000,12787,12789,12788,1
2020-09-14,16:24:18.876000,12787,12789,12787,2
2020-09-14,16:24:20.029000,12787,12788,12787,25
2020-09-14,16:24:20.904000,12786,12787,12786,8
2020-09-14,16:24:21.029000,12785,12787,12785,11
2020-09-14,16:24:21.159000,12785,12786,12785,1
2020-09-14,16:24:21.173000,12785,12786,12785,1
2020-09-14,16:24:21.186000,12785,12786,12785,1
2020-09-14,16:24:21.227000,12785,12786,12785,3
2020-09-14,16:24:21.265000,12785,12786,12785,3
2020-09-14,16:24:21.267000,12785,12786,12785,1
2020-09-14,16:24:21.279000,12785,12786,12785,4
2020-09-14,16:24:21.280000,12785,12786,12785,10
2020-09-14,16:24:21.280000,12785,12786,12785,5
2020-09-14,16:24:21.280000,12785,12786,12785,4
2020-09-14,16:24:27.058000,12785,12786,12785,1
2020-09-14,16:24:31.640000,12785,12786,12786,1
2020-09-14,16:24:31.640000,12785,12786,12786,2
2020-09-14,16:24:35.029000,12786,12787,12786,2
2020-09-14,16:24:38.015000,12786,12787,12786,1
2020-09-14,16:24:43.568000,12785,12787,12786,1
2020-09-14,16:24:52.605000,12786,12788,12786,1
2020-09-14,16:24:54.209000,12786,12787,12786,5
2020-09-14,16:25:16.225000,12786,12787,12786,1
2020-09-14,16:25:18.916000,12786,12787,12786,1
2020-09-14,16:25:36.889000,12785,12786,12786,1
2020-09-14,16:25:41.269000,12785,12787,12785,2
2020-09-14,16:25:59.373000,12785,12786,12785,3
2020-09-14,16:26:00.723000,12785,12786,12785,2
2020-09-14,16:26:01.764000,12785,12786,12785,1
2020-09-14,16:26:02.501000,12784,12786,12784,2
2020-09-14,16:26:02.563000,12784,12786,12784,2
2020-09-14,16:26:02.615000,12784,12786,12784,1
2020-09-14,16:26:02.697000,12784,12786,12784,1
2020-09-14,16:26:07.297000,12784,12785,12784,2
2020-09-14,16:26:07.369000,12784,12785,12784,2
2020-09-14,16:26:07.461000,12784,12785,12785,1
2020-09-14,16:26:13.076000,12784,12786,12784,1
2020-09-14,16:26:15.747000,12785,12786,12785,1
2020-09-14,16:26:16.437000,12784,12786,12784,1
2020-09-14,16:26:18.132000,12784,12785,12784,4
2020-09-14,16:26:18.133000,12784,12785,12784,4
2020-09-14,16:26:18.133000,12784,12785,12784,7
2020-09-14,16:26:18.133000,12784,12785,12784,13
2020-09-14,16:26:18.133000,12784,12785,12784,1
2020-09-14,16:26:18.133000,12784,12785,12784,2
2020-09-14,16:26:18.133000,12784,12785,12784,3
2020-09-14,16:26:18.133000,12784,12785,12784,4
2020-09-14,16:26:18.133000,12784,12785,12784,1
2020-09-14,16:26:18.133000,12784,12785,12784,3
2020-09-14,16:26:19.439000,12783,12785,12783,4
2020-09-14,16:26:19.532000,12783,12784,12783,1
2020-09-14,16:26:19.579000,12783,12784,12783,1
2020-09-14,16:26:19.625000,12783,12784,12783,1
2020-09-14,16:26:19.766000,12783,12784,12784,3
2020-09-14,16:26:21.470000,12783,12784,12784,1
2020-09-14,16:26:23.369000,12784,12786,12784,1
2020-09-14,16:26:26.906000,12785,12786,12785,1
2020-09-14,16:26:26.906000,12785,12786,12784,1
2020-09-14,16:26:35.863000,12784,12786,12784,1
2020-09-14,16:26:37.703000,12784,12786,12785,1
2020-09-14,16:26:39.034000,12785,12786,12785,1
2020-09-14,16:26:40.480000,12785,12786,12785,1
2020-09-14,16:26:42.653000,12785,12786,12785,5
2020-09-14,16:26:46.870000,12785,12786,12786,6
2020-09-14,16:26:46.870000,12785,12786,12787,12
2020-09-14,16:26:46.870000,12785,12786,12788,12
2020-09-14,16:26:46.870000,12785,12786,12788,1
2020-09-14,16:26:46.870000,12785,12786,12788,12
2020-09-14,16:26:46.870000,12785,12786,12789,18
2020-09-14,16:26:46.870000,12785,12786,12789,1
2020-09-14,16:26:46.870000,12785,12786,12790,34
2020-09-14,16:26:46.872000,12785,12786,12787,1
2020-09-14,16:26:46.872000,12785,12786,12788,2
2020-09-14,16:26:46.873000,12785,12786,12789,4
2020-09-14,16:26:46.874000,12785,12786,12789,3
2020-09-14,16:26:46.874000,12785,12786,12789,1
2020-09-14,16:26:46.905000,12788,12789,12789,8
2020-09-14,16:26:46.934000,12788,12789,12790,1
2020-09-14,16:26:47.109000,12788,12790,12788,1
2020-09-14,16:26:48.071000,12788,12790,12790,7
2020-09-14,16:26:48.071000,12788,12790,12791,11
2020-09-14,16:26:48.071000,12788,12790,12792,12
2020-09-14,16:26:48.071000,12788,12790,12792,5
2020-09-14,16:26:48.071000,12788,12790,12793,14
2020-09-14,16:26:48.071000,12788,12790,12794,11
2020-09-14,16:26:48.071000,12788,12790,12794,1
2020-09-14,16:26:48.071000,12788,12790,12794,26
2020-09-14,16:26:48.071000,12788,12790,12795,9
2020-09-14,16:26:48.073000,12788,12790,12792,1
2020-09-14,16:26:48.073000,12788,12790,12792,1
2020-09-14,16:26:48.074000,12788,12790,12792,1
2020-09-14,16:26:48.074000,12788,12790,12792,1
2020-09-14,16:26:48.074000,12788,12790,12792,1
2020-09-14,16:26:48.074000,12788,12790,12792,2
2020-09-14,16:26:48.074000,12788,12790,12791,3
2020-09-14,16:26:48.074000,12788,12790,12791,1
2020-09-14,16:26:48.074000,12788,12790,12791,1
2020-09-14,16:26:48.074000,12788,12790,12793,3
2020-09-14,16:26:48.075000,12788,12790,12793,1
2020-09-14,16:26:48.076000,12788,12790,12793,1
2020-09-14,16:26:48.082000,12788,12790,12792,9
2020-09-14,16:26:48.155000,12791,12792,12792,5
2020-09-14,16:26:48.292000,12791,12793,12791,1
2020-09-14,16:26:48.324000,12791,12793,12793,1
2020-09-14,16:26:48.373000,12791,12793,12793,7
2020-09-14,16:26:48.373000,12791,12793,12794,7
2020-09-14,16:26:48.373000,12791,12793,12795,16
2020-09-14,16:26:48.373000,12791,12793,12796,1
2020-09-14,16:26:48.373000,12791,12793,12796,27
2020-09-14,16:26:48.373000,12791,12793,12797,3
2020-09-14,16:26:48.373000,12791,12793,12797,13
2020-09-14,16:26:48.373000,12791,12793,12798,14
2020-09-14,16:26:48.373000,12791,12793,12799,8
2020-09-14,16:26:48.375000,12791,12793,12794,3
2020-09-14,16:26:48.375000,12791,12793,12795,1
2020-09-14,16:26:48.376000,12791,12793,12795,1
2020-09-14,16:26:48.376000,12791,12793,12796,1
2020-09-14,16:26:48.376000,12791,12793,12796,1
2020-09-14,16:26:48.376000,12791,12793,12794,1
2020-09-14,16:26:48.376000,12791,12793,12794,1
2020-09-14,16:26:48.376000,12791,12793,12793,1
2020-09-14,16:26:48.376000,12791,12793,12795,1
2020-09-14,16:26:48.377000,12791,12793,12795,1
2020-09-14,16:26:48.377000,12791,12793,12795,1
2020-09-14,16:26:48.377000,12791,12793,12795,1
2020-09-14,16:26:48.377000,12791,12793,12795,3
2020-09-14,16:26:48.405000,12794,12795,12795,1
2020-09-14,16:26:48.447000,12794,12795,12796,2
2020-09-14,16:26:48.529000,12793,12794,12794,1
2020-09-14,16:26:48.531000,12793,12794,12795,2
2020-09-14,16:26:48.752000,12793,12795,12795,1
2020-09-14,16:26:48.760000,12793,12795,12795,1
2020-09-14,16:26:49.025000,12793,12795,12795,2
2020-09-14,16:26:57.082000,12793,12794,12793,15
2020-09-14,16:26:57.082000,12793,12794,12793,8
2020-09-14,16:26:57.083000,12793,12794,12793,2
2020-09-14,16:26:57.083000,12793,12794,12792,1
2020-09-14,16:26:57.083000,12793,12794,12793,2
2020-09-14,16:26:57.279000,12791,12792,12792,1
2020-09-14,16:26:57.475000,12791,12793,12793,2
2020-09-14,16:26:59.220000,12791,12792,12792,5
2020-09-14,16:26:59.280000,12791,12792,12792,1
2020-09-14,16:26:59.280000,12791,12792,12793,2
2020-09-14,16:26:59.281000,12791,12792,12793,1
2020-09-14,16:26:59.281000,12791,12792,12793,1
2020-09-14,16:26:59.281000,12791,12792,12793,1
2020-09-14,16:26:59.282000,12791,12792,12793,1
2020-09-14,16:26:59.282000,12791,12792,12793,1
2020-09-14,16:27:07.878000,12791,12792,12791,2
2020-09-14,16:27:10.294000,12789,12790,12790,1
2020-09-14,16:27:10.294000,12789,12790,12790,1
2020-09-14,16:27:17.303000,12789,12790,12790,1
2020-09-14,16:27:18.535000,12789,12791,12789,1
2020-09-14,16:27:21.279000,12789,12790,12790,1
2020-09-14,16:27:24.154000,12789,12790,12790,1
2020-09-14,16:27:31.079000,12789,12790,12790,1
2020-09-14,16:27:31.079000,12789,12790,12791,1
2020-09-14,16:27:37.265000,12790,12791,12790,1
2020-09-14,16:27:37.751000,12789,12790,12790,1
2020-09-14,16:27:41.647000,12789,12791,12789,2
2020-09-14,16:27:43.546000,12789,12790,12790,4
2020-09-14,16:27:43.548000,12789,12790,12790,6
2020-09-14,16:27:44.065000,12789,12791,12789,1
2020-09-14,16:27:44.793000,12788,12789,12788,1
2020-09-14,16:27:47.353000,12788,12789,12789,1
2020-09-14,16:28:00.932000,12788,12789,12789,1
2020-09-14,16:28:00.932000,12788,12789,12789,1
2020-09-14,16:28:00.933000,12788,12789,12789,4
2020-09-14,16:28:09.595000,12789,12790,12790,3
2020-09-14,16:28:09.968000,12790,12791,12790,6
2020-09-14,16:28:09.994000,12790,12791,12790,1
2020-09-14,16:28:10.604000,12789,12791,12789,5
2020-09-14,16:28:13.264000,12789,12790,12789,1
2020-09-14,16:28:15.096000,12789,12790,12789,2
2020-09-14,16:28:20.233000,12788,12789,12789,1
2020-09-14,16:28:21.507000,12788,12789,12788,1
2020-09-14,16:28:39.161000,12788,12789,12789,1
2020-09-14,16:28:40.496000,12788,12789,12789,1
2020-09-14,16:28:40.497000,12788,12789,12789,1
2020-09-14,16:28:42.171000,12789,12790,12790,1
2020-09-14,16:28:47.711000,12789,12790,12789,2
2020-09-14,16:28:47.993000,12788,12789,12788,11
2020-09-14,16:28:49.411000,12787,12788,12788,1
2020-09-14,16:28:59.068000,12787,12788,12788,1
2020-09-14,16:29:02.425000,12787,12788,12788,1
2020-09-14,16:29:21.660000,12787,12788,12787,1
2020-09-14,16:29:21.660000,12787,12788,12787,5
2020-09-14,16:29:21.660000,12787,12788,12787,4
2020-09-14,16:29:21.661000,12787,12788,12787,3
2020-09-14,16:29:23.057000,12786,12787,12787,1
2020-09-14,16:29:26.396000,12786,12788,12786,3
2020-09-14,16:29:33.281000,12786,12787,12787,2
2020-09-14,16:29:38.171000,12786,12787,12786,4
2020-09-14,16:29:38.172000,12786,12787,12786,1
2020-09-14,16:29:39.927000,12786,12787,12787,1
2020-09-14,16:29:41.177000,12786,12787,12786,4
2020-09-14,16:29:49.053000,12785,12786,12786,1
2020-09-14,16:29:52.868000,12785,12787,12786,1
2020-09-14,16:29:54.511000,12785,12787,12785,1
2020-09-14,16:30:01.503000,12785,12786,12785,19
2020-09-14,16:30:01.545000,12784,12785,12784,2
2020-09-14,16:30:01.546000,12784,12785,12784,4
2020-09-14,16:30:01.557000,12784,12785,12784,1
2020-09-14,16:30:01.557000,12784,12785,12785,25
2020-09-14,16:30:01.569000,12784,12785,12785,1
2020-09-14,16:30:01.569000,12784,12785,12786,11
2020-09-14,16:30:01.638000,12784,12785,12786,2
2020-09-14,16:30:01.639000,12784,12785,12786,1
2020-09-14,16:30:01.778000,12784,12786,12786,2
2020-09-14,16:30:04.641000,12784,12786,12785,5
2020-09-14,16:30:05.723000,12784,12786,12786,1
2020-09-14,16:30:05.824000,12784,12786,12786,1
2020-09-14,16:30:08.063000,12785,12786,12786,1
2020-09-14,16:30:08.463000,12785,12786,12786,2
2020-09-14,16:30:09.995000,12785,12786,12786,2
2020-09-14,16:30:13.652000,12785,12786,12785,1
2020-09-14,16:30:15.822000,12784,12786,12786,6
2020-09-14,16:30:18.459000,12784,12785,12785,1
2020-09-14,16:30:19.559000,12784,12785,12785,1
2020-09-14,16:30:27.738000,12785,12786,12785,1
2020-09-14,16:30:28.542000,12785,12786,12786,2
2020-09-14,16:30:28.542000,12785,12786,12786,2
2020-09-14,16:30:32.285000,12786,12787,12787,1
2020-09-14,16:30:32.285000,12786,12787,12787,5
2020-09-14,16:30:32.285000,12786,12787,12787,1
2020-09-14,16:30:58.580000,12787,12788,12788,1
2020-09-14,16:30:59.995000,12787,12788,12788,1
2020-09-14,16:31:00.518000,12787,12788,12788,4
2020-09-14,16:31:02.305000,12788,12789,12789,1
2020-09-14,16:31:08.800000,12788,12789,12789,1
2020-09-14,16:31:32.198000,12788,12789,12789,1
2020-09-14,16:31:35.723000,12788,12789,12789,1
2020-09-14,16:31:44.856000,12788,12789,12788,1
2020-09-14,16:31:52.294000,12787,12788,12787,2
2020-09-14,16:31:52.296000,12787,12788,12787,1
2020-09-14,16:31:52.404000,12787,12788,12787,1
2020-09-14,16:31:54.495000,12787,12788,12787,1
2020-09-14,16:32:02.109000,12786,12787,12786,1
2020-09-14,16:32:06.015000,12786,12787,12786,1
2020-09-14,16:32:06.016000,12786,12787,12786,3
2020-09-14,16:32:06.016000,12786,12787,12786,2
2020-09-14,16:32:06.016000,12786,12787,12786,1
2020-09-14,16:32:06.016000,12786,12787,12786,2
2020-09-14,16:32:06.167000,12785,12786,12786,1
2020-09-14,16:32:08.129000,12785,12786,12785,3
2020-09-14,16:32:08.129000,12785,12786,12785,1
2020-09-14,16:32:14.144000,12784,12785,12784,1
2020-09-14,16:32:14.144000,12784,12785,12784,2
2020-09-14,16:32:14.145000,12784,12785,12784,1
2020-09-14,16:32:14.145000,12784,12785,12784,1
2020-09-14,16:32:14.145000,12784,12785,12784,4
2020-09-14,16:32:14.146000,12784,12785,12784,1
2020-09-14,16:32:18.488000,12783,12784,12783,1
2020-09-14,16:32:18.578000,12783,12784,12784,3
2020-09-14,16:32:18.938000,12784,12785,12784,1
2020-09-14,16:32:19.083000,12784,12785,12784,1
2020-09-14,16:32:19.125000,12784,12785,12784,1
2020-09-14,16:32:19.128000,12784,12785,12784,1
2020-09-14,16:32:20.699000,12784,12785,12784,1
2020-09-14,16:32:25.453000,12783,12784,12783,2
2020-09-14,16:32:27.404000,12783,12784,12783,9
2020-09-14,16:32:28.771000,12782,12783,12783,1
2020-09-14,16:32:29.121000,12782,12783,12782,2
2020-09-14,16:32:29.179000,12782,12783,12782,2
2020-09-14,16:32:29.190000,12782,12783,12782,1
2020-09-14,16:32:29.207000,12782,12783,12782,6
2020-09-14,16:32:29.207000,12782,12783,12781,2
2020-09-14,16:32:29.498000,12782,12783,12783,1
2020-09-14,16:32:29.703000,12782,12783,12782,1
2020-09-14,16:32:29.788000,12781,12782,12782,3
2020-09-14,16:32:30.811000,12782,12783,12782,1
2020-09-14,16:32:31.646000,12782,12783,12783,1
2020-09-14,16:32:32.940000,12782,12783,12783,1
2020-09-14,16:32:33.568000,12782,12783,12782,3
2020-09-14,16:32:35.689000,12782,12783,12782,1
2020-09-14,16:32:38.424000,12782,12783,12782,1
2020-09-14,16:32:39.324000,12782,12783,12782,1
2020-09-14,16:32:40.206000,12782,12783,12782,3
2020-09-14,16:32:44.370000,12782,12783,12782,1
2020-09-14,16:32:45.343000,12782,12783,12782,1
2020-09-14,16:32:45.444000,12782,12783,12782,1
2020-09-14,16:32:46.039000,12781,12783,12781,2
2020-09-14,16:32:47.723000,12781,12782,12782,10
2020-09-14,16:32:49.754000,12782,12783,12783,2
2020-09-14,16:32:52.725000,12782,12783,12783,3
2020-09-14,16:33:01.105000,12782,12784,12783,1
2020-09-14,16:33:04.015000,12782,12783,12783,2
2020-09-14,16:33:04.015000,12782,12783,12783,4
2020-09-14,16:33:05.007000,12783,12784,12783,1
2020-09-14,16:33:09.561000,12783,12784,12783,1
2020-09-14,16:33:11.298000,12782,12783,12782,1
2020-09-14,16:33:15.112000,12782,12783,12783,1
2020-09-14,16:33:15.113000,12782,12783,12783,1
2020-09-14,16:33:16.822000,12782,12784,12783,1
2020-09-14,16:33:21.642000,12783,12784,12783,1
2020-09-14,16:33:23.469000,12783,12784,12783,4
2020-09-14,16:33:25.761000,12783,12784,12783,1
2020-09-14,16:33:30.833000,12783,12784,12783,1
2020-09-14,16:33:31.057000,12783,12784,12783,1
2020-09-14,16:33:43.453000,12782,12783,12783,1
2020-09-14,16:33:46.837000,12782,12783,12782,4
2020-09-14,16:33:46.837000,12782,12783,12782,1
2020-09-14,16:33:46.837000,12782,12783,12782,1
2020-09-14,16:33:46.837000,12782,12783,12782,3
2020-09-14,16:33:48.218000,12781,12782,12782,1
2020-09-14,16:33:48.298000,12781,12782,12781,1
2020-09-14,16:33:51.172000,12781,12782,12781,1
2020-09-14,16:33:57.832000,12781,12782,12781,1
2020-09-14,16:34:02.385000,12781,12782,12782,3
2020-09-14,16:34:07.387000,12781,12782,12782,6
2020-09-14,16:34:14.287000,12782,12783,12782,10
2020-09-14,16:34:28.526000,12782,12783,12782,2
2020-09-14,16:34:30.702000,12782,12783,12783,1
2020-09-14,16:34:32.856000,12782,12783,12783,12
2020-09-14,16:34:35.054000,12783,12784,12784,1
2020-09-14,16:34:35.055000,12783,12784,12784,2
2020-09-14,16:34:35.055000,12783,12784,12784,2
2020-09-14,16:34:35.055000,12783,12784,12784,5
2020-09-14,16:34:38.512000,12783,12785,12785,1
2020-09-14,16:34:40.854000,12784,12785,12785,3
2020-09-14,16:34:41.752000,12784,12785,12785,3
2020-09-14,16:34:49.175000,12784,12785,12785,1
2020-09-14,16:34:49.175000,12784,12785,12785,5
2020-09-14,16:34:52.077000,12785,12786,12785,2
2020-09-14,16:34:52.388000,12785,12786,12786,7
2020-09-14,16:34:52.556000,12785,12786,12786,1
2020-09-14,16:34:53.218000,12785,12786,12785,1
2020-09-14,16:34:53.890000,12785,12786,12785,1
2020-09-14,16:34:53.890000,12785,12786,12785,1
2020-09-14,16:34:54.023000,12784,12786,12784,1
2020-09-14,16:34:54.024000,12784,12786,12784,1
2020-09-14,16:34:58.842000,12783,12784,12783,1
2020-09-14,16:35:00.239000,12783,12784,12783,1
2020-09-14,16:35:00.407000,12782,12783,12782,2
2020-09-14,16:35:00.672000,12782,12783,12783,1
2020-09-14,16:35:01.026000,12782,12783,12782,1
2020-09-14,16:35:01.681000,12782,12783,12782,1
2020-09-14,16:35:02.722000,12782,12783,12783,2
2020-09-14,16:35:04.819000,12782,12783,12782,2
2020-09-14,16:35:04.819000,12782,12783,12782,2
2020-09-14,16:35:04.819000,12782,12783,12782,1
2020-09-14,16:35:09.912000,12781,12783,12782,1
2020-09-14,16:35:14.997000,12782,12783,12782,3
2020-09-14,16:35:16.115000,12782,12783,12782,1
2020-09-14,16:35:18.162000,12782,12783,12782,1
2020-09-14,16:35:25.758000,12781,12782,12782,1
2020-09-14,16:35:32.032000,12781,12782,12782,1
2020-09-14,16:35:39.285000,12781,12783,12783,1
2020-09-14,16:35:39.413000,12781,12783,12783,1
2020-09-14,16:35:54.302000,12782,12783,12783,1
2020-09-14,16:35:54.302000,12782,12783,12783,9
2020-09-14,16:35:59.880000,12782,12783,12783,2
2020-09-14,16:36:04.011000,12782,12783,12783,2
2020-09-14,16:36:06.374000,12782,12783,12783,1
2020-09-14,16:36:16.477000,12782,12783,12783,1
2020-09-14,16:36:20.002000,12782,12783,12782,1
2020-09-14,16:36:32.182000,12782,12783,12783,1
2020-09-14,16:36:34.641000,12782,12783,12783,1
2020-09-14,16:36:52.775000,12782,12783,12783,5
2020-09-14,16:36:54.930000,12782,12784,12783,1
2020-09-14,16:36:56.247000,12783,12784,12783,1
2020-09-14,16:37:09.702000,12783,12784,12784,1
2020-09-14,16:37:09.702000,12783,12784,12784,1
2020-09-14,16:37:09.703000,12783,12784,12784,3
2020-09-14,16:37:29.669000,12783,12784,12784,1
2020-09-14,16:37:29.921000,12783,12784,12784,1
2020-09-14,16:37:38.992000,12784,12785,12785,1
2020-09-14,16:37:57.324000,12784,12785,12784,1
2020-09-14,16:37:59.341000,12784,12785,12785,1
2020-09-14,16:38:01.250000,12784,12785,12784,1
2020-09-14,16:38:26.039000,12784,12785,12785,5
2020-09-14,16:38:27.206000,12784,12785,12784,1
2020-09-14,16:38:30.851000,12784,12785,12784,1
2020-09-14,16:38:30.853000,12784,12785,12784,2
2020-09-14,16:38:30.853000,12784,12785,12784,2
2020-09-14,16:38:34.482000,12783,12784,12784,1
2020-09-14,16:38:38.299000,12784,12785,12784,1
2020-09-14,16:38:44.656000,12783,12784,12784,2
2020-09-14,16:38:51.948000,12783,12784,12784,1
2020-09-14,16:38:56.059000,12783,12784,12784,1
2020-09-14,16:39:02.684000,12783,12784,12784,1
2020-09-14,16:39:21.678000,12783,12784,12784,2
2020-09-14,16:39:49.879000,12783,12784,12784,1
2020-09-14,16:40:00.744000,12784,12785,12784,1
2020-09-14,16:40:02.014000,12784,12785,12784,1
2020-09-14,16:40:03.228000,12784,12785,12784,1
2020-09-14,16:40:04.162000,12784,12785,12785,1
2020-09-14,16:40:28.794000,12784,12785,12785,1
2020-09-14,16:40:50.745000,12784,12785,12784,1
2020-09-14,16:40:51.340000,12784,12785,12784,2
2020-09-14,16:40:57.587000,12784,12785,12785,4
2020-09-14,16:41:10.513000,12784,12785,12785,3
2020-09-14,16:41:13.547000,12784,12785,12785,2
2020-09-14,16:41:13.547000,12784,12785,12785,2
2020-09-14,16:41:13.547000,12784,12785,12785,1
2020-09-14,16:41:22.173000,12784,12785,12784,1
2020-09-14,16:41:28.941000,12784,12785,12785,1
2020-09-14,16:41:40.706000,12784,12785,12785,3
2020-09-14,16:41:42.852000,12785,12786,12785,1
2020-09-14,16:41:52.198000,12784,12785,12784,18
2020-09-14,16:42:06.723000,12783,12785,12785,1
2020-09-14,16:42:33.671000,12783,12784,12783,13
2020-09-14,16:43:02.937000,12782,12783,12782,3
2020-09-14,16:43:12.207000,12782,12783,12782,1
2020-09-14,16:43:14.852000,12782,12783,12782,2
2020-09-14,16:43:14.852000,12782,12783,12782,4
2020-09-14,16:43:14.853000,12782,12783,12782,2
2020-09-14,16:43:30.641000,12781,12782,12782,2
2020-09-14,16:43:53.835000,12782,12783,12783,2
2020-09-14,16:43:53.835000,12782,12783,12783,9
2020-09-14,16:43:53.835000,12782,12783,12783,2
2020-09-14,16:43:55.152000,12783,12784,12784,2
2020-09-14,16:43:55.152000,12783,12784,12784,1
2020-09-14,16:44:00.037000,12784,12785,12784,1
2020-09-14,16:44:18.952000,12783,12785,12784,1
2020-09-14,16:44:20.882000,12784,12785,12784,5
2020-09-14,16:44:30.345000,12783,12784,12784,1
2020-09-14,16:44:40.161000,12783,12784,12783,1
2020-09-14,16:44:47.735000,12783,12784,12783,1
2020-09-14,16:44:55.165000,12783,12784,12783,5
2020-09-14,16:45:04.394000,12782,12783,12782,17
2020-09-14,16:45:04.395000,12782,12783,12782,23
2020-09-14,16:45:06.959000,12781,12783,12783,1
2020-09-14,16:45:12.477000,12781,12782,12781,1
2020-09-14,16:45:12.621000,12781,12782,12781,4
2020-09-14,16:45:13.008000,12781,12782,12781,1
2020-09-14,16:45:14.179000,12781,12782,12781,3
2020-09-14,16:45:23.676000,12781,12782,12781,4
2020-09-14,16:45:27.674000,12781,12782,12782,1
2020-09-14,16:45:36.865000,12781,12782,12782,1
2020-09-14,16:45:36.865000,12781,12782,12783,5
2020-09-14,16:46:10.556000,12782,12783,12782,1
2020-09-14,16:46:12.555000,12782,12783,12783,2
2020-09-14,16:46:12.555000,12782,12783,12783,2
2020-09-14,16:46:12.555000,12782,12783,12783,3
2020-09-14,16:46:37.139000,12783,12784,12784,1
2020-09-14,16:46:55.064000,12783,12784,12784,11
2020-09-14,16:48:11.268000,12784,12785,12784,1
2020-09-14,16:48:11.268000,12784,12785,12784,1
2020-09-14,16:48:11.269000,12784,12785,12784,1
2020-09-14,16:48:14.638000,12783,12784,12784,1
2020-09-14,16:48:37.539000,12783,12784,12784,1
2020-09-14,16:48:56.241000,12784,12785,12784,1
2020-09-14,16:49:27.587000,12784,12785,12785,1
2020-09-14,16:49:27.846000,12784,12785,12784,1
2020-09-14,16:49:27.846000,12784,12785,12783,2
2020-09-14,16:49:27.922000,12783,12785,12783,4
2020-09-14,16:49:49.298000,12783,12784,12783,2
2020-09-14,16:49:50.991000,12783,12784,12784,1
2020-09-14,16:50:28.899000,12784,12785,12784,1
2020-09-14,16:50:29.373000,12784,12785,12785,2
2020-09-14,16:50:37.286000,12784,12785,12784,1
2020-09-14,16:50:55.546000,12783,12784,12784,1
2020-09-14,16:50:57.182000,12783,12784,12784,1
2020-09-14,16:51:06.183000,12783,12784,12783,4
2020-09-14,16:51:16.346000,12782,12783,12782,1
2020-09-14,16:51:16.670000,12782,12783,12782,1
2020-09-14,16:51:18.154000,12782,12783,12782,3
2020-09-14,16:51:20.153000,12782,12783,12782,1
2020-09-14,16:51:20.349000,12782,12783,12782,1
2020-09-14,16:51:20.542000,12782,12783,12782,1
2020-09-14,16:51:27.870000,12782,12783,12782,2
2020-09-14,16:51:28.603000,12782,12783,12783,1
2020-09-14,16:51:39.740000,12782,12783,12783,1
2020-09-14,16:51:46.314000,12782,12783,12783,2
2020-09-14,16:52:01.642000,12782,12783,12782,1
2020-09-14,16:52:27.577000,12782,12783,12782,1
2020-09-14,16:52:27.719000,12782,12783,12782,1
2020-09-14,16:52:32.075000,12782,12783,12782,1
2020-09-14,16:52:34.299000,12782,12783,12782,1
2020-09-14,16:52:37.783000,12782,12783,12782,1
2020-09-14,16:52:40.069000,12782,12783,12782,1
2020-09-14,16:52:42.970000,12782,12783,12783,1
2020-09-14,16:52:43.008000,12782,12783,12783,6
2020-09-14,16:52:43.578000,12783,12784,12783,1
2020-09-14,16:52:43.595000,12783,12784,12783,2
2020-09-14,16:52:43.619000,12783,12784,12782,2
2020-09-14,16:52:43.653000,12783,12784,12782,1
2020-09-14,16:52:43.779000,12782,12784,12784,6
2020-09-14,16:52:46.149000,12783,12784,12784,1
2020-09-14,16:52:54.671000,12783,12784,12783,1
2020-09-14,16:52:57.338000,12783,12784,12783,1
2020-09-14,16:52:59.421000,12783,12784,12783,4
2020-09-14,16:53:01.336000,12783,12784,12783,1
2020-09-14,16:53:01.712000,12783,12784,12783,1
2020-09-14,16:53:03.247000,12783,12784,12783,1
2020-09-14,16:53:08.003000,12782,12783,12783,1
2020-09-14,16:53:10.507000,12782,12783,12782,1
2020-09-14,16:53:11.017000,12782,12783,12783,5
2020-09-14,16:53:11.017000,12782,12783,12783,1
2020-09-14,16:53:21.712000,12782,12783,12782,1
2020-09-14,16:53:24.049000,12781,12782,12781,8
2020-09-14,16:53:24.051000,12781,12782,12781,1
2020-09-14,16:53:25.596000,12780,12781,12781,1
2020-09-14,16:53:25.692000,12780,12781,12780,1
2020-09-14,16:53:25.815000,12780,12781,12780,2
2020-09-14,16:53:25.816000,12780,12781,12780,1
2020-09-14,16:53:25.907000,12780,12781,12780,1
2020-09-14,16:53:25.937000,12780,12781,12781,1
2020-09-14,16:53:26.012000,12780,12781,12780,2
2020-09-14,16:53:26.057000,12780,12781,12780,1
2020-09-14,16:53:26.920000,12780,12781,12780,1
2020-09-14,16:53:26.931000,12780,12781,12780,1
2020-09-14,16:53:26.936000,12780,12781,12780,1
2020-09-14,16:53:26.966000,12780,12781,12780,1
2020-09-14,16:53:27.011000,12780,12781,12780,1
2020-09-14,16:53:27.025000,12780,12781,12780,1
2020-09-14,16:53:27.029000,12780,12781,12780,1
2020-09-14,16:53:27.060000,12780,12781,12780,1
2020-09-14,16:53:29.673000,12780,12781,12780,3
2020-09-14,16:53:31.001000,12780,12781,12781,1
2020-09-14,16:53:35.678000,12780,12781,12781,1
2020-09-14,16:53:35.794000,12780,12781,12781,2
2020-09-14,16:53:36.559000,12780,12781,12780,1
2020-09-14,16:53:40.111000,12780,12781,12780,1
2020-09-14,16:53:40.391000,12780,12781,12780,1
2020-09-14,16:53:40.600000,12780,12781,12780,1
2020-09-14,16:53:41.471000,12780,12781,12780,2
2020-09-14,16:53:41.519000,12780,12781,12780,1
2020-09-14,16:53:41.527000,12780,12781,12780,1
2020-09-14,16:53:42.983000,12780,12781,12780,1
2020-09-14,16:53:43.543000,12780,12781,12780,1
2020-09-14,16:53:44.121000,12780,12781,12780,1
2020-09-14,16:53:44.502000,12780,12781,12780,1
2020-09-14,16:53:45.130000,12780,12781,12780,1
2020-09-14,16:53:45.469000,12780,12781,12780,1
2020-09-14,16:53:45.526000,12780,12781,12780,1
2020-09-14,16:53:47.450000,12780,12781,12780,1
2020-09-14,16:53:47.725000,12780,12781,12780,1
2020-09-14,16:53:47.843000,12780,12781,12780,3
2020-09-14,16:53:47.844000,12780,12781,12780,1
2020-09-14,16:53:48.623000,12780,12781,12780,1
2020-09-14,16:53:49.861000,12779,12780,12780,1
2020-09-14,16:54:01.221000,12780,12781,12781,1
2020-09-14,16:54:06.860000,12780,12781,12781,1
2020-09-14,16:54:06.907000,12780,12782,12780,1
2020-09-14,16:54:06.907000,12780,12782,12780,1
2020-09-14,16:54:20.498000,12781,12782,12781,1
2020-09-14,16:54:20.530000,12781,12782,12781,1
2020-09-14,16:54:20.530000,12781,12782,12780,1
2020-09-14,16:54:27.109000,12780,12781,12780,2
2020-09-14,16:54:27.156000,12780,12781,12780,1
2020-09-14,16:54:27.156000,12780,12781,12780,1
2020-09-14,16:54:28.099000,12780,12781,12781,1
2020-09-14,16:54:28.155000,12780,12781,12780,1
2020-09-14,16:54:34.069000,12780,12781,12780,2
2020-09-14,16:54:39.848000,12780,12781,12780,1
2020-09-14,16:54:47.597000,12780,12781,12780,1
2020-09-14,16:54:47.657000,12780,12781,12780,1
2020-09-14,16:54:47.657000,12780,12781,12780,1
2020-09-14,16:54:49.912000,12780,12781,12780,1
2020-09-14,16:54:53.983000,12780,12781,12780,1
2020-09-14,16:54:59.467000,12780,12781,12780,1
2020-09-14,16:55:01.256000,12780,12781,12780,3
2020-09-14,16:55:09.016000,12779,12780,12780,1
2020-09-14,16:55:10.758000,12779,12780,12780,1
2020-09-14,16:55:29.379000,12780,12781,12780,1
2020-09-14,16:55:30.473000,12780,12781,12780,1
2020-09-14,16:55:31.465000,12780,12781,12780,1
2020-09-14,16:55:35.028000,12780,12781,12780,1
2020-09-14,16:55:38.069000,12779,12780,12780,1
2020-09-14,16:55:43.718000,12780,12781,12780,2
2020-09-14,16:55:44.543000,12779,12780,12779,5
2020-09-14,16:55:44.805000,12779,12780,12779,2
2020-09-14,16:55:44.805000,12779,12780,12779,2
2020-09-14,16:55:44.901000,12779,12780,12779,5
2020-09-14,16:55:45.150000,12779,12780,12779,5
2020-09-14,16:55:45.479000,12779,12780,12779,5
2020-09-14,16:55:46.892000,12779,12780,12780,2
2020-09-14,16:55:54.257000,12779,12780,12779,1
2020-09-14,16:55:56.258000,12779,12780,12779,1
2020-09-14,16:55:57.049000,12779,12780,12780,7
2020-09-14,16:55:57.050000,12779,12780,12780,4
2020-09-14,16:56:01.869000,12779,12780,12780,1
2020-09-14,16:56:04.229000,12779,12780,12779,1
2020-09-14,16:56:04.512000,12779,12780,12779,1
2020-09-14,16:56:06.114000,12779,12780,12779,1
2020-09-14,16:56:06.455000,12779,12780,12779,1
2020-09-14,16:56:06.954000,12779,12780,12779,1
2020-09-14,16:56:07.099000,12779,12780,12779,1
2020-09-14,16:56:11.108000,12779,12780,12779,1
2020-09-14,16:56:12.787000,12778,12779,12779,1
2020-09-14,16:56:14.222000,12779,12780,12779,1
2020-09-14,16:56:21.692000,12779,12780,12779,1
2020-09-14,16:56:22.769000,12779,12780,12779,1
2020-09-14,16:56:25.849000,12779,12780,12779,1
2020-09-14,16:56:29.254000,12779,12780,12779,1
2020-09-14,16:56:29.950000,12779,12780,12779,1
2020-09-14,16:56:29.951000,12779,12780,12779,1
2020-09-14,16:56:31.399000,12779,12780,12779,1
2020-09-14,16:56:34.505000,12778,12780,12778,1
2020-09-14,16:56:34.556000,12778,12780,12778,1
2020-09-14,16:56:34.625000,12778,12780,12778,1
2020-09-14,16:56:34.626000,12778,12780,12778,1
2020-09-14,16:56:34.631000,12778,12780,12778,1
2020-09-14,16:56:34.645000,12778,12780,12778,1
2020-09-14,16:56:34.701000,12778,12780,12778,2
2020-09-14,16:56:34.728000,12778,12780,12778,1
2020-09-14,16:56:34.759000,12778,12780,12778,2
2020-09-14,16:56:34.768000,12778,12780,12778,3
2020-09-14,16:56:34.782000,12778,12780,12778,2
2020-09-14,16:56:34.842000,12778,12780,12778,1
2020-09-14,16:56:34.884000,12778,12780,12778,1
2020-09-14,16:56:34.885000,12778,12780,12778,1
2020-09-14,16:56:34.893000,12778,12780,12778,1
2020-09-14,16:56:34.896000,12778,12780,12778,1
2020-09-14,16:56:34.897000,12778,12780,12778,1
2020-09-14,16:56:34.923000,12778,12779,12778,1
2020-09-14,16:56:34.923000,12778,12779,12778,1
2020-09-14,16:56:34.929000,12778,12779,12778,1
2020-09-14,16:56:34.930000,12778,12779,12778,1
2020-09-14,16:56:35.239000,12778,12779,12778,2
2020-09-14,16:56:35.275000,12778,12779,12778,1
2020-09-14,16:56:36.465000,12779,12780,12779,1
2020-09-14,16:56:37.342000,12779,12780,12779,1
2020-09-14,16:56:39.290000,12778,12779,12779,1
2020-09-14,16:56:40.316000,12779,12780,12779,1
2020-09-14,16:56:40.596000,12779,12780,12779,2
2020-09-14,16:56:40.856000,12778,12779,12779,1
2020-09-14,16:56:41.141000,12779,12780,12779,1
2020-09-14,16:56:41.141000,12779,12780,12779,1
2020-09-14,16:56:43.155000,12778,12779,12778,1
2020-09-14,16:56:46.734000,12778,12779,12778,2
2020-09-14,16:56:48.681000,12778,12779,12778,1
2020-09-14,16:56:49.754000,12778,12779,12778,1
2020-09-14,16:56:50.648000,12778,12779,12778,1
2020-09-14,16:56:52.174000,12778,12779,12778,1
2020-09-14,16:56:52.919000,12778,12779,12778,1
2020-09-14,16:56:53.500000,12778,12779,12778,2
2020-09-14,16:56:54.720000,12778,12779,12778,2
2020-09-14,16:57:07.779000,12778,12779,12779,9
2020-09-14,16:57:08.057000,12779,12780,12780,3
2020-09-14,16:57:08.065000,12779,12780,12781,8
2020-09-14,16:57:12.644000,12779,12781,12779,1
2020-09-14,16:57:14.436000,12779,12781,12779,1
2020-09-14,16:57:15.309000,12780,12781,12780,1
2020-09-14,16:57:16.468000,12780,12781,12780,1
2020-09-14,16:57:27.962000,12780,12781,12780,1
2020-09-14,16:57:37.529000,12780,12781,12781,1
2020-09-14,16:57:39.886000,12780,12781,12781,1
2020-09-14,16:57:39.886000,12780,12781,12781,5
2020-09-14,16:57:39.886000,12780,12781,12781,2
2020-09-14,16:57:45.509000,12780,12782,12781,1
2020-09-14,16:57:54.991000,12781,12782,12782,1
2020-09-14,16:58:03.786000,12781,12782,12781,9
2020-09-14,16:58:03.787000,12781,12782,12781,2
2020-09-14,16:58:06.991000,12780,12781,12781,1
2020-09-14,16:58:07.622000,12780,12782,12781,1
2020-09-14,16:58:36.508000,12780,12781,12780,1
2020-09-14,16:58:39.305000,12780,12781,12780,1
2020-09-14,16:58:42.899000,12780,12781,12781,1
2020-09-14,16:58:43.330000,12780,12781,12781,1
2020-09-14,16:59:08.942000,12780,12781,12781,1
2020-09-14,16:59:19.856000,12780,12781,12780,1
2020-09-14,16:59:23.564000,12780,12781,12781,1
2020-09-14,16:59:23.564000,12780,12781,12781,2
2020-09-14,16:59:23.565000,12780,12781,12781,1
2020-09-14,16:59:31.296000,12780,12782,12781,1
2020-09-14,16:59:57.994000,12780,12781,12780,1
2020-09-14,17:00:00.370000,12780,12781,12780,9
2020-09-14,17:00:00.648000,12779,12780,12780,1
2020-09-14,17:00:01.122000,12779,12781,12779,6
2020-09-14,17:00:01.211000,12778,12780,12779,1
2020-09-14,17:00:01.344000,12778,12780,12779,1
2020-09-14,17:00:01.344000,12778,12780,12778,5
2020-09-14,17:00:01.734000,12779,12780,12779,4
2020-09-14,17:00:01.768000,12779,12780,12779,2
