2019-04-29,15:00:00.052000,10942,10943,10939,147
2019-04-29,15:00:00.113000,10938,10939,10938,1
2019-04-29,15:00:00.164000,10938,10939,10937,4
2019-04-29,15:00:00.214000,10937,10938,10938,4
2019-04-29,15:00:00.339000,10938,10939,10939,5
2019-04-29,15:00:00.490000,10938,10940,10940,6
2019-04-29,15:00:00.538000,10938,10940,10940,1
2019-04-29,15:00:00.546000,10938,10940,10940,1
2019-04-29,15:00:00.946000,10938,10940,10940,4
2019-04-29,15:00:01.361000,10939,10940,10940,2
2019-04-29,15:00:01.653000,10939,10940,10940,1
2019-04-29,15:00:03.100000,10937,10938,10937,1
2019-04-29,15:00:03.214000,10937,10938,10937,7
2019-04-29,15:00:03.217000,10937,10938,10937,3
2019-04-29,15:00:03.220000,10937,10938,10937,3
2019-04-29,15:00:03.223000,10937,10938,10937,2
2019-04-29,15:00:04.422000,10936,10937,10937,4
2019-04-29,15:00:04.464000,10936,10937,10937,2
2019-04-29,15:00:04.464000,10936,10937,10937,2
2019-04-29,15:00:05.491000,10937,10938,10938,5
2019-04-29,15:00:05.800000,10937,10939,10938,1
2019-04-29,15:00:05.814000,10937,10939,10937,1
2019-04-29,15:00:05.905000,10937,10939,10937,2
2019-04-29,15:00:06.997000,10938,10939,10939,1
2019-04-29,15:00:11.301000,10938,10939,10938,1
2019-04-29,15:00:11.339000,10938,10939,10938,1
2019-04-29,15:00:11.704000,10938,10939,10938,1
2019-04-29,15:00:12.184000,10937,10938,10937,2
2019-04-29,15:00:13.724000,10937,10938,10938,2
2019-04-29,15:00:15.759000,10937,10938,10938,4
2019-04-29,15:00:17.350000,10937,10938,10938,1
2019-04-29,15:00:19.305000,10937,10938,10937,2
2019-04-29,15:00:27.920000,10936,10937,10936,1
2019-04-29,15:00:30.048000,10936,10937,10936,2
2019-04-29,15:00:30.314000,10936,10937,10936,1
2019-04-29,15:00:31.522000,10936,10937,10936,2
2019-04-29,15:00:31.648000,10936,10937,10936,1
2019-04-29,15:00:33.867000,10936,10937,10936,1
2019-04-29,15:00:34.166000,10936,10937,10936,1
2019-04-29,15:00:35.012000,10936,10937,10936,2
2019-04-29,15:00:35.319000,10936,10937,10936,1
2019-04-29,15:00:35.560000,10936,10937,10936,4
2019-04-29,15:00:36.225000,10936,10937,10936,2
2019-04-29,15:00:36.339000,10936,10937,10936,9
2019-04-29,15:00:36.757000,10935,10936,10935,7
2019-04-29,15:00:37.749000,10934,10935,10934,1
2019-04-29,15:00:39.007000,10934,10935,10934,6
2019-04-29,15:00:39.030000,10934,10935,10935,1
2019-04-29,15:00:39.746000,10934,10935,10934,1
2019-04-29,15:00:41.151000,10934,10935,10934,1
2019-04-29,15:00:42.838000,10934,10935,10934,2
2019-04-29,15:00:44.039000,10934,10935,10934,1
2019-04-29,15:00:44.107000,10934,10935,10934,3
2019-04-29,15:00:47.705000,10934,10935,10934,1
2019-04-29,15:00:49.714000,10934,10935,10935,3
2019-04-29,15:00:49.714000,10934,10935,10935,5
2019-04-29,15:00:53.707000,10934,10935,10935,2
2019-04-29,15:00:58.902000,10934,10935,10935,1
2019-04-29,15:01:00.319000,10934,10935,10935,2
2019-04-29,15:01:01.683000,10934,10935,10935,2
2019-04-29,15:01:07.070000,10934,10935,10935,4
2019-04-29,15:01:07.089000,10934,10935,10935,12
2019-04-29,15:01:07.464000,10935,10936,10936,1
2019-04-29,15:01:07.744000,10936,10937,10937,1
2019-04-29,15:01:07.785000,10936,10937,10936,3
2019-04-29,15:01:07.785000,10936,10937,10935,1
2019-04-29,15:01:09.456000,10936,10937,10936,1
2019-04-29,15:01:09.456000,10936,10937,10935,4
2019-04-29,15:01:09.877000,10936,10937,10936,1
2019-04-29,15:01:10.128000,10936,10937,10936,1
2019-04-29,15:01:10.366000,10935,10936,10935,2
2019-04-29,15:01:12.526000,10935,10936,10936,1
2019-04-29,15:01:19.177000,10935,10936,10936,1
2019-04-29,15:01:21.150000,10935,10936,10936,1
2019-04-29,15:01:21.990000,10936,10937,10936,2
2019-04-29,15:01:25.010000,10936,10937,10936,2
2019-04-29,15:01:25.997000,10936,10937,10936,2
2019-04-29,15:01:26.483000,10936,10937,10937,1
2019-04-29,15:01:28.018000,10936,10937,10936,1
2019-04-29,15:01:30.219000,10936,10937,10936,1
2019-04-29,15:01:32.573000,10936,10937,10936,2
2019-04-29,15:01:32.816000,10936,10937,10936,1
2019-04-29,15:01:32.832000,10936,10937,10936,1
2019-04-29,15:01:33.630000,10936,10937,10936,1
2019-04-29,15:01:33.662000,10936,10937,10935,1
2019-04-29,15:01:34.623000,10935,10937,10935,2
2019-04-29,15:01:46.147000,10936,10937,10936,1
2019-04-29,15:01:48.583000,10936,10937,10936,2
2019-04-29,15:01:52.456000,10936,10937,10936,1
2019-04-29,15:01:55.373000,10936,10937,10936,2
2019-04-29,15:01:56.962000,10936,10937,10937,1
2019-04-29,15:01:58.879000,10936,10937,10937,2
2019-04-29,15:01:59.496000,10936,10937,10936,3
2019-04-29,15:02:02.435000,10936,10937,10937,1
2019-04-29,15:02:03.150000,10936,10937,10937,4
2019-04-29,15:02:03.230000,10936,10937,10937,1
2019-04-29,15:02:03.320000,10936,10937,10937,1
2019-04-29,15:02:08.984000,10936,10937,10937,2
2019-04-29,15:02:10.892000,10936,10937,10937,1
2019-04-29,15:02:11.950000,10936,10937,10936,1
2019-04-29,15:02:12.449000,10936,10937,10937,2
2019-04-29,15:02:16.679000,10936,10937,10936,2
2019-04-29,15:02:18.211000,10936,10937,10936,1
2019-04-29,15:02:19.319000,10936,10937,10936,1
2019-04-29,15:02:22.490000,10936,10937,10936,1
2019-04-29,15:02:22.909000,10936,10937,10936,1
2019-04-29,15:02:23.239000,10936,10937,10936,1
2019-04-29,15:02:23.290000,10936,10937,10936,4
2019-04-29,15:02:25.208000,10935,10936,10936,1
2019-04-29,15:02:32.792000,10935,10936,10936,2
2019-04-29,15:02:44.433000,10935,10936,10936,1
2019-04-29,15:02:47.436000,10935,10936,10936,15
2019-04-29,15:02:47.803000,10935,10936,10936,1
2019-04-29,15:03:08.469000,10935,10936,10936,1
2019-04-29,15:03:21.055000,10935,10936,10936,10
2019-04-29,15:03:23.466000,10935,10936,10936,1
2019-04-29,15:03:28.214000,10935,10936,10936,4
2019-04-29,15:03:28.214000,10935,10936,10936,1
2019-04-29,15:03:28.464000,10936,10937,10937,4
2019-04-29,15:03:28.485000,10936,10937,10937,1
2019-04-29,15:03:46.478000,10936,10937,10937,4
2019-04-29,15:03:46.937000,10936,10937,10937,1
2019-04-29,15:03:55.462000,10936,10937,10937,1
2019-04-29,15:04:24.244000,10936,10937,10936,4
2019-04-29,15:04:24.339000,10936,10937,10936,1
2019-04-29,15:04:25.931000,10936,10937,10936,1
2019-04-29,15:04:25.931000,10936,10937,10936,1
2019-04-29,15:04:25.966000,10936,10937,10936,1
2019-04-29,15:04:26.341000,10936,10937,10936,1
2019-04-29,15:04:57.474000,10935,10936,10936,2
2019-04-29,15:05:03.069000,10935,10936,10935,2
2019-04-29,15:05:04.760000,10935,10936,10935,1
2019-04-29,15:05:05.715000,10935,10936,10936,1
2019-04-29,15:05:08.155000,10935,10936,10935,6
2019-04-29,15:05:10.964000,10935,10936,10935,8
2019-04-29,15:05:12.078000,10934,10935,10934,4
2019-04-29,15:05:12.281000,10934,10935,10935,2
2019-04-29,15:05:17.901000,10934,10935,10934,2
2019-04-29,15:05:18.864000,10934,10935,10934,1
2019-04-29,15:05:19.358000,10934,10935,10934,7
2019-04-29,15:05:22.812000,10934,10935,10934,6
2019-04-29,15:05:23.352000,10933,10934,10934,4
2019-04-29,15:05:36.951000,10933,10934,10934,2
2019-04-29,15:05:52.598000,10933,10934,10933,1
2019-04-29,15:05:53.244000,10933,10934,10934,2
2019-04-29,15:06:02.220000,10933,10934,10934,1
2019-04-29,15:06:05.107000,10933,10934,10934,1
2019-04-29,15:06:11.935000,10933,10934,10934,1
2019-04-29,15:06:21.192000,10933,10934,10934,1
2019-04-29,15:06:21.495000,10933,10934,10934,4
2019-04-29,15:06:39.061000,10933,10934,10933,1
2019-04-29,15:06:53.739000,10933,10934,10934,2
2019-04-29,15:06:57.927000,10933,10934,10933,1
2019-04-29,15:07:00.430000,10933,10934,10934,1
2019-04-29,15:07:02.476000,10933,10934,10934,2
2019-04-29,15:07:02.725000,10933,10934,10933,1
2019-04-29,15:07:02.960000,10933,10934,10934,4
2019-04-29,15:07:03.149000,10933,10934,10934,1
2019-04-29,15:07:10.021000,10934,10935,10935,1
2019-04-29,15:07:10.646000,10934,10935,10934,2
2019-04-29,15:07:13.871000,10934,10935,10934,1
2019-04-29,15:07:36.425000,10934,10935,10934,5
2019-04-29,15:07:41.735000,10934,10935,10934,1
2019-04-29,15:07:59.239000,10934,10935,10935,1
2019-04-29,15:07:59.341000,10934,10935,10935,8
2019-04-29,15:08:03.062000,10934,10935,10935,6
2019-04-29,15:08:04.524000,10934,10935,10935,1
2019-04-29,15:08:05.548000,10934,10935,10935,1
2019-04-29,15:08:06.175000,10934,10935,10935,1
2019-04-29,15:08:16.498000,10934,10935,10935,2
2019-04-29,15:08:18.407000,10934,10935,10935,1
2019-04-29,15:08:36.719000,10934,10935,10935,1
2019-04-29,15:08:42.615000,10934,10935,10935,1
2019-04-29,15:08:42.684000,10934,10935,10935,2
2019-04-29,15:08:46.859000,10934,10935,10935,1
2019-04-29,15:09:12.289000,10934,10935,10935,1
2019-04-29,15:09:35.408000,10934,10935,10935,13
2019-04-29,15:09:35.668000,10935,10936,10935,2
2019-04-29,15:09:35.675000,10935,10936,10935,1
2019-04-29,15:09:47.796000,10935,10936,10935,1
2019-04-29,15:09:49.356000,10935,10936,10935,20
2019-04-29,15:09:49.638000,10934,10936,10935,1
2019-04-29,15:10:02.063000,10934,10935,10934,1
2019-04-29,15:10:08.527000,10934,10935,10935,5
2019-04-29,15:10:10.474000,10935,10936,10935,1
2019-04-29,15:10:13.126000,10934,10936,10934,1
2019-04-29,15:10:33.808000,10934,10935,10934,1
2019-04-29,15:10:35.765000,10934,10935,10935,1
2019-04-29,15:10:42.633000,10934,10935,10934,1
2019-04-29,15:10:54.339000,10934,10935,10935,8
2019-04-29,15:10:56.438000,10935,10936,10935,1
2019-04-29,15:10:56.493000,10935,10936,10935,1
2019-04-29,15:11:02.383000,10935,10936,10936,10
2019-04-29,15:11:14.231000,10935,10936,10936,1
2019-04-29,15:11:18.033000,10935,10936,10936,2
2019-04-29,15:11:18.034000,10935,10936,10936,1
2019-04-29,15:11:18.034000,10935,10936,10936,1
2019-04-29,15:11:18.034000,10935,10936,10936,7
2019-04-29,15:11:18.290000,10936,10937,10936,2
2019-04-29,15:11:22.505000,10936,10937,10937,1
2019-04-29,15:11:28.228000,10936,10937,10937,14
2019-04-29,15:11:28.485000,10937,10938,10937,1
2019-04-29,15:11:28.538000,10937,10938,10937,5
2019-04-29,15:11:28.667000,10937,10938,10937,5
2019-04-29,15:11:28.791000,10937,10938,10937,5
2019-04-29,15:11:36.210000,10937,10938,10937,1
2019-04-29,15:11:37.220000,10937,10938,10937,1
2019-04-29,15:11:40.092000,10937,10938,10937,1
2019-04-29,15:11:43.293000,10937,10938,10938,3
2019-04-29,15:11:50.120000,10937,10938,10937,1
2019-04-29,15:12:00.036000,10937,10938,10938,1
2019-04-29,15:12:01.888000,10937,10938,10938,5
2019-04-29,15:12:01.933000,10937,10938,10938,2
2019-04-29,15:12:01.936000,10937,10938,10938,1
2019-04-29,15:12:01.964000,10937,10938,10938,2
2019-04-29,15:12:01.964000,10937,10938,10938,2
2019-04-29,15:12:01.964000,10937,10938,10938,8
2019-04-29,15:12:02.462000,10938,10939,10939,1
2019-04-29,15:12:02.507000,10938,10939,10939,1
2019-04-29,15:12:02.620000,10938,10939,10938,15
2019-04-29,15:12:03.336000,10938,10939,10939,2
2019-04-29,15:12:03.542000,10938,10939,10938,1
2019-04-29,15:12:04.135000,10938,10939,10939,1
2019-04-29,15:12:04.956000,10938,10939,10939,1
2019-04-29,15:12:05.006000,10938,10939,10939,2
2019-04-29,15:12:06.628000,10938,10939,10938,2
2019-04-29,15:12:15.543000,10938,10939,10939,1
2019-04-29,15:12:15.786000,10938,10939,10939,1
2019-04-29,15:12:16,10938,10939,10939,1
2019-04-29,15:12:16.029000,10938,10939,10939,1
2019-04-29,15:12:16.750000,10938,10939,10939,1
2019-04-29,15:12:16.841000,10938,10939,10939,2
2019-04-29,15:12:20.923000,10939,10940,10940,1
2019-04-29,15:12:23.002000,10939,10940,10940,2
2019-04-29,15:12:23.214000,10939,10940,10939,1
2019-04-29,15:12:23.214000,10939,10940,10939,1
2019-04-29,15:12:24.689000,10939,10940,10939,1
2019-04-29,15:12:25.549000,10939,10940,10939,2
2019-04-29,15:12:29.860000,10938,10939,10939,2
2019-04-29,15:12:31.824000,10938,10939,10939,1
2019-04-29,15:12:38.456000,10938,10939,10938,26
2019-04-29,15:12:39.461000,10937,10938,10937,1
2019-04-29,15:12:39.527000,10937,10938,10937,2
2019-04-29,15:12:39.630000,10937,10938,10938,5
2019-04-29,15:12:39.677000,10937,10938,10937,1
2019-04-29,15:12:40.726000,10937,10938,10937,2
2019-04-29,15:12:40.775000,10937,10938,10938,3
2019-04-29,15:12:40.828000,10937,10938,10937,1
2019-04-29,15:12:40.938000,10937,10938,10937,3
2019-04-29,15:12:41.157000,10937,10938,10937,1
2019-04-29,15:12:41.260000,10937,10938,10937,2
2019-04-29,15:12:42.382000,10936,10937,10937,1
2019-04-29,15:12:44.416000,10936,10937,10937,4
2019-04-29,15:12:51.028000,10937,10938,10937,1
2019-04-29,15:12:53.834000,10937,10938,10937,1
2019-04-29,15:12:54.233000,10937,10938,10937,1
2019-04-29,15:12:54.484000,10937,10938,10937,1
2019-04-29,15:12:54.848000,10937,10938,10937,1
2019-04-29,15:13:00.744000,10937,10938,10938,9
2019-04-29,15:13:00.863000,10937,10939,10939,2
2019-04-29,15:13:00.962000,10937,10939,10939,2
2019-04-29,15:13:07.722000,10938,10939,10939,1
2019-04-29,15:13:10.318000,10938,10939,10938,1
2019-04-29,15:13:15.454000,10937,10939,10939,3
2019-04-29,15:13:15.666000,10938,10939,10938,1
2019-04-29,15:13:33.714000,10938,10939,10939,4
2019-04-29,15:13:33.714000,10938,10939,10939,4
2019-04-29,15:13:33.714000,10938,10939,10939,5
2019-04-29,15:13:33.715000,10938,10939,10939,7
2019-04-29,15:13:36.324000,10939,10940,10939,1
2019-04-29,15:13:45.450000,10939,10940,10939,2
2019-04-29,15:13:46.800000,10939,10940,10939,12
2019-04-29,15:13:46.800000,10939,10940,10939,8
2019-04-29,15:13:46.800000,10939,10940,10939,2
2019-04-29,15:13:46.800000,10939,10940,10939,3
2019-04-29,15:13:46.800000,10939,10940,10939,3
2019-04-29,15:13:52.457000,10938,10939,10939,3
2019-04-29,15:13:52.939000,10939,10940,10939,1
2019-04-29,15:13:56.496000,10939,10940,10939,2
2019-04-29,15:13:58.716000,10939,10940,10939,1
2019-04-29,15:14:02.721000,10939,10940,10940,1
2019-04-29,15:14:03.379000,10939,10940,10940,1
2019-04-29,15:14:15.031000,10939,10940,10939,1
2019-04-29,15:14:17.921000,10939,10940,10939,1
2019-04-29,15:14:24.744000,10939,10940,10939,6
2019-04-29,15:14:24.744000,10939,10940,10939,6
2019-04-29,15:14:24.744000,10939,10940,10939,7
2019-04-29,15:14:24.744000,10939,10940,10939,7
2019-04-29,15:14:25.512000,10938,10939,10939,1
2019-04-29,15:14:27.834000,10938,10939,10939,1
2019-04-29,15:14:30.161000,10938,10939,10939,1
2019-04-29,15:14:34.827000,10938,10939,10939,1
2019-04-29,15:14:34.882000,10939,10940,10939,1
2019-04-29,15:14:34.883000,10939,10940,10939,1
2019-04-29,15:14:35.884000,10939,10940,10939,1
2019-04-29,15:14:44.588000,10939,10940,10940,1
2019-04-29,15:14:56.454000,10939,10940,10940,1
2019-04-29,15:15:00.130000,10939,10940,10939,1
2019-04-29,15:15:07.555000,10939,10940,10939,1
2019-04-29,15:15:07.555000,10939,10940,10939,1
2019-04-29,15:15:07.556000,10939,10940,10939,1
2019-04-29,15:15:07.871000,10938,10939,10939,1
2019-04-29,15:15:07.883000,10938,10939,10939,1
2019-04-29,15:15:08.166000,10938,10940,10940,2
2019-04-29,15:15:09.026000,10938,10939,10938,1
2019-04-29,15:15:11.718000,10938,10939,10938,1
2019-04-29,15:15:12.417000,10938,10939,10938,1
2019-04-29,15:15:12.725000,10938,10939,10938,1
2019-04-29,15:15:17.621000,10937,10938,10937,1
2019-04-29,15:15:17.951000,10937,10938,10937,1
2019-04-29,15:15:22.726000,10937,10938,10937,1
2019-04-29,15:15:22.793000,10937,10938,10937,1
2019-04-29,15:15:30.978000,10937,10938,10937,1
2019-04-29,15:15:32.392000,10937,10938,10937,2
2019-04-29,15:15:32.863000,10937,10938,10937,5
2019-04-29,15:15:35.780000,10936,10937,10936,1
2019-04-29,15:15:37.039000,10936,10937,10936,1
2019-04-29,15:15:47.079000,10936,10937,10937,3
2019-04-29,15:16:01.300000,10936,10937,10937,3
2019-04-29,15:16:01.559000,10937,10938,10937,2
2019-04-29,15:16:13.339000,10937,10938,10937,1
2019-04-29,15:16:13.687000,10937,10938,10937,1
2019-04-29,15:16:25.082000,10936,10937,10936,1
2019-04-29,15:16:45.219000,10936,10937,10937,1
2019-04-29,15:16:57.141000,10936,10937,10936,4
2019-04-29,15:16:57.214000,10936,10937,10936,10
2019-04-29,15:17:02.821000,10935,10936,10935,1
2019-04-29,15:17:03.402000,10935,10936,10935,1
2019-04-29,15:17:14.476000,10935,10936,10935,1
2019-04-29,15:17:22.889000,10935,10936,10936,1
2019-04-29,15:17:22.964000,10935,10936,10936,2
2019-04-29,15:17:23.089000,10935,10936,10936,1
2019-04-29,15:17:24.223000,10935,10937,10935,1
2019-04-29,15:17:28.288000,10935,10936,10936,1
2019-04-29,15:17:32.284000,10935,10936,10936,1
2019-04-29,15:17:32.570000,10935,10936,10936,1
2019-04-29,15:17:34.145000,10935,10936,10936,1
2019-04-29,15:17:52.347000,10935,10936,10935,1
2019-04-29,15:17:52.939000,10935,10936,10936,1
2019-04-29,15:18:14.089000,10935,10936,10935,1
2019-04-29,15:18:14.089000,10935,10936,10935,2
2019-04-29,15:18:14.089000,10935,10936,10935,1
2019-04-29,15:18:14.150000,10935,10936,10935,1
2019-04-29,15:18:14.151000,10935,10936,10935,1
2019-04-29,15:18:14.151000,10935,10936,10935,2
2019-04-29,15:18:14.151000,10935,10936,10935,1
2019-04-29,15:18:14.151000,10935,10936,10935,3
2019-04-29,15:18:14.152000,10935,10936,10935,1
2019-04-29,15:18:14.152000,10935,10936,10935,1
2019-04-29,15:18:14.152000,10935,10936,10935,1
2019-04-29,15:18:14.152000,10935,10936,10935,6
2019-04-29,15:18:14.214000,10935,10936,10935,4
2019-04-29,15:18:14.214000,10935,10936,10935,4
2019-04-29,15:18:14.996000,10934,10935,10935,1
2019-04-29,15:18:18.422000,10934,10935,10934,1
2019-04-29,15:18:18.847000,10934,10935,10934,2
2019-04-29,15:18:21.851000,10934,10935,10934,1
2019-04-29,15:18:24.552000,10934,10935,10935,1
2019-04-29,15:18:26.892000,10934,10935,10935,3
2019-04-29,15:18:37.336000,10934,10935,10935,1
2019-04-29,15:18:46.170000,10934,10935,10935,2
2019-04-29,15:18:48.789000,10934,10935,10935,1
2019-04-29,15:18:50.343000,10934,10935,10935,1
2019-04-29,15:19:01.445000,10934,10935,10935,2
2019-04-29,15:19:27.830000,10934,10935,10935,2
2019-04-29,15:19:30.176000,10934,10935,10935,22
2019-04-29,15:19:30.434000,10935,10936,10935,2
2019-04-29,15:19:30.515000,10935,10936,10936,1
2019-04-29,15:19:30.583000,10935,10936,10936,2
2019-04-29,15:19:32.253000,10935,10936,10936,1
2019-04-29,15:19:42.772000,10935,10936,10936,1
2019-04-29,15:19:44.883000,10935,10936,10936,1
2019-04-29,15:19:49.793000,10935,10936,10936,1
2019-04-29,15:19:51.062000,10935,10936,10936,1
2019-04-29,15:19:58.758000,10935,10936,10936,1
2019-04-29,15:20:54.191000,10935,10936,10936,1
2019-04-29,15:20:57.134000,10935,10936,10935,3
2019-04-29,15:21:19.063000,10935,10936,10935,11
2019-04-29,15:22:27.301000,10934,10935,10935,1
2019-04-29,15:22:32.839000,10934,10935,10934,8
2019-04-29,15:22:32.964000,10934,10935,10934,13
2019-04-29,15:22:32.964000,10934,10935,10934,1
2019-04-29,15:22:43.428000,10933,10934,10934,1
2019-04-29,15:22:44.476000,10933,10934,10934,5
2019-04-29,15:22:51.273000,10933,10934,10934,2
2019-04-29,15:22:56.597000,10934,10935,10934,1
2019-04-29,15:23:02.908000,10934,10935,10934,1
2019-04-29,15:23:03.568000,10934,10935,10934,1
2019-04-29,15:23:03.784000,10933,10934,10934,1
2019-04-29,15:23:03.939000,10933,10934,10934,1
2019-04-29,15:23:05.669000,10933,10935,10933,1
2019-04-29,15:23:06.792000,10933,10935,10933,1
2019-04-29,15:23:13.763000,10934,10935,10934,1
2019-04-29,15:23:30.641000,10934,10935,10934,1
2019-04-29,15:23:34.300000,10934,10935,10935,1
2019-04-29,15:23:47.199000,10934,10935,10935,1
2019-04-29,15:24:12.650000,10934,10935,10934,1
2019-04-29,15:24:27.039000,10934,10935,10934,4
2019-04-29,15:24:41.010000,10934,10935,10934,1
2019-04-29,15:25:05.353000,10934,10935,10934,1
2019-04-29,15:25:05.872000,10934,10935,10935,1
2019-04-29,15:25:05.927000,10934,10935,10934,1
2019-04-29,15:25:11.308000,10934,10935,10934,1
2019-04-29,15:25:26.089000,10934,10935,10935,1
2019-04-29,15:25:26.089000,10934,10935,10935,4
2019-04-29,15:25:26.089000,10934,10935,10935,14
2019-04-29,15:25:26.250000,10935,10936,10936,4
2019-04-29,15:25:26.967000,10935,10936,10936,2
2019-04-29,15:25:27.264000,10935,10937,10935,1
2019-04-29,15:25:29.716000,10935,10936,10936,1
2019-04-29,15:25:29.793000,10935,10936,10936,1
2019-04-29,15:25:30.058000,10935,10936,10936,3
2019-04-29,15:25:40.922000,10936,10937,10936,1
2019-04-29,15:25:40.964000,10936,10937,10936,1
2019-04-29,15:26:00.220000,10935,10936,10935,1
2019-04-29,15:26:10.063000,10934,10935,10935,1
2019-04-29,15:26:27.214000,10934,10935,10934,1
2019-04-29,15:26:27.214000,10934,10935,10934,2
2019-04-29,15:26:27.214000,10934,10935,10934,1
2019-04-29,15:26:27.214000,10934,10935,10934,4
2019-04-29,15:26:27.214000,10934,10935,10934,1
2019-04-29,15:26:27.214000,10934,10935,10934,3
2019-04-29,15:26:35.268000,10933,10934,10934,2
2019-04-29,15:26:46.752000,10933,10934,10934,1
2019-04-29,15:27:12.306000,10934,10935,10934,1
2019-04-29,15:27:32.888000,10934,10935,10934,3
2019-04-29,15:28:43.163000,10934,10935,10934,1
2019-04-29,15:29:03.248000,10934,10935,10935,2
2019-04-29,15:29:04.405000,10934,10935,10935,1
2019-04-29,15:29:16.755000,10934,10935,10935,2
2019-04-29,15:29:16.839000,10934,10935,10935,4
2019-04-29,15:29:20.088000,10935,10936,10935,2
2019-04-29,15:29:20.088000,10935,10936,10934,1
2019-04-29,15:30:02.912000,10935,10936,10936,4
2019-04-29,15:30:02.912000,10935,10936,10936,1
2019-04-29,15:30:03.548000,10936,10937,10937,4
2019-04-29,15:30:03.684000,10936,10937,10937,1
2019-04-29,15:30:04.361000,10936,10937,10937,1
2019-04-29,15:30:04.408000,10936,10937,10937,1
2019-04-29,15:30:16.727000,10936,10937,10936,1
2019-04-29,15:30:19.991000,10936,10937,10937,1
2019-04-29,15:31:08.546000,10936,10937,10936,4
2019-04-29,15:31:34.494000,10936,10937,10936,4
2019-04-29,15:31:44.069000,10935,10936,10936,1
2019-04-29,15:32:03.177000,10935,10936,10935,1
2019-04-29,15:32:15.924000,10935,10936,10936,1
2019-04-29,15:32:17.948000,10935,10936,10936,1
2019-04-29,15:32:26.944000,10935,10936,10936,5
2019-04-29,15:32:31.307000,10935,10936,10936,1
2019-04-29,15:32:31.615000,10935,10936,10936,1
2019-04-29,15:32:32.050000,10935,10936,10936,1
2019-04-29,15:32:35.708000,10935,10936,10936,1
2019-04-29,15:32:49.431000,10935,10936,10936,1
2019-04-29,15:33:03.699000,10935,10936,10936,1
2019-04-29,15:34:40.451000,10935,10936,10936,1
2019-04-29,15:34:45.032000,10935,10936,10936,1
2019-04-29,15:34:55.594000,10935,10936,10936,1
2019-04-29,15:34:58.676000,10935,10936,10936,1
2019-04-29,15:35:31.614000,10936,10937,10936,1
2019-04-29,15:35:44.528000,10936,10937,10937,1
2019-04-29,15:36:02.084000,10936,10937,10936,1
2019-04-29,15:36:27.511000,10936,10937,10936,1
2019-04-29,15:37:14.665000,10936,10937,10936,2
2019-04-29,15:37:19.538000,10936,10937,10936,2
2019-04-29,15:37:36.881000,10936,10937,10936,1
2019-04-29,15:37:43.565000,10936,10937,10937,2
2019-04-29,15:37:43.767000,10936,10937,10936,1
2019-04-29,15:37:44.010000,10936,10937,10936,1
2019-04-29,15:37:44.270000,10936,10937,10936,1
2019-04-29,15:37:45.034000,10936,10937,10936,1
2019-04-29,15:37:51.839000,10936,10937,10937,1
2019-04-29,15:37:51.839000,10936,10937,10937,1
2019-04-29,15:37:51.839000,10936,10937,10937,1
2019-04-29,15:37:51.839000,10936,10937,10937,1
2019-04-29,15:37:51.839000,10936,10937,10937,1
2019-04-29,15:37:51.840000,10936,10937,10937,5
2019-04-29,15:37:51.840000,10936,10937,10937,3
2019-04-29,15:37:51.964000,10936,10937,10937,17
2019-04-29,15:37:51.964000,10936,10937,10937,7
2019-04-29,15:38:28.096000,10937,10938,10937,2
2019-04-29,15:38:28.096000,10937,10938,10937,2
2019-04-29,15:38:28.096000,10937,10938,10937,2
2019-04-29,15:38:28.096000,10937,10938,10937,2
2019-04-29,15:38:28.214000,10936,10937,10937,2
2019-04-29,15:38:45.448000,10937,10938,10937,10
2019-04-29,15:39:01.403000,10937,10938,10937,7
2019-04-29,15:39:10.837000,10936,10937,10937,1
2019-04-29,15:39:11.142000,10936,10937,10937,1
2019-04-29,15:39:11.521000,10936,10937,10937,1
2019-04-29,15:39:12.755000,10936,10937,10937,2
2019-04-29,15:39:15.149000,10936,10937,10937,1
2019-04-29,15:39:16.211000,10937,10938,10937,2
2019-04-29,15:39:18.869000,10936,10937,10937,1
2019-04-29,15:39:24.098000,10937,10938,10938,2
2019-04-29,15:39:53.510000,10937,10938,10938,1
2019-04-29,15:40:23.061000,10937,10938,10938,1
2019-04-29,15:40:23.530000,10937,10938,10937,3
2019-04-29,15:41:10.964000,10937,10938,10938,28
2019-04-29,15:41:11.170000,10937,10939,10939,1
2019-04-29,15:41:11.332000,10938,10939,10939,1
2019-04-29,15:41:16.214000,10938,10939,10939,1
2019-04-29,15:41:16.419000,10938,10939,10939,1
2019-04-29,15:41:17.414000,10938,10939,10938,2
2019-04-29,15:41:20.140000,10938,10939,10938,2
2019-04-29,15:41:20.444000,10938,10939,10939,1
2019-04-29,15:41:22.329000,10938,10939,10939,1
2019-04-29,15:41:24.167000,10938,10939,10939,1
2019-04-29,15:41:36.148000,10938,10939,10939,1
2019-04-29,15:41:46.298000,10938,10939,10938,1
2019-04-29,15:41:46.298000,10938,10939,10938,6
2019-04-29,15:41:46.298000,10938,10939,10938,2
2019-04-29,15:41:46.298000,10938,10939,10938,3
2019-04-29,15:41:46.298000,10938,10939,10938,7
2019-04-29,15:41:46.413000,10937,10938,10938,1
2019-04-29,15:41:52.428000,10937,10938,10938,1
2019-04-29,15:41:58.393000,10937,10938,10938,2
2019-04-29,15:41:58.393000,10937,10938,10938,4
2019-04-29,15:41:58.393000,10937,10938,10938,2
2019-04-29,15:41:58.434000,10937,10938,10939,1
2019-04-29,15:41:58.559000,10938,10939,10939,10
2019-04-29,15:42:00.151000,10938,10939,10939,4
2019-04-29,15:42:00.325000,10938,10939,10939,2
2019-04-29,15:42:09.236000,10938,10939,10939,1
2019-04-29,15:42:10.420000,10938,10939,10939,1
2019-04-29,15:42:17.435000,10938,10939,10939,4
2019-04-29,15:42:17.802000,10938,10939,10938,2
2019-04-29,15:42:19.737000,10938,10939,10938,1
2019-04-29,15:42:21.955000,10938,10939,10939,2
2019-04-29,15:42:46.852000,10938,10939,10939,1
2019-04-29,15:42:47.286000,10938,10939,10939,1
2019-04-29,15:42:47.299000,10938,10939,10939,1
2019-04-29,15:42:59.470000,10938,10939,10939,1
2019-04-29,15:43:06.146000,10938,10939,10938,3
2019-04-29,15:43:10.459000,10938,10939,10938,2
2019-04-29,15:43:17.813000,10938,10939,10938,2
2019-04-29,15:43:21.439000,10938,10939,10938,1
2019-04-29,15:43:43.896000,10938,10939,10938,2
2019-04-29,15:44:05.505000,10938,10939,10939,4
2019-04-29,15:44:27.537000,10938,10939,10939,1
2019-04-29,15:45:13.253000,10938,10939,10939,1
2019-04-29,15:45:16.448000,10938,10939,10938,1
2019-04-29,15:45:19.516000,10938,10939,10938,1
2019-04-29,15:45:39.002000,10938,10939,10938,1
2019-04-29,15:45:56.208000,10938,10939,10939,1
2019-04-29,15:45:56.294000,10938,10939,10939,2
2019-04-29,15:45:56.305000,10938,10939,10939,2
2019-04-29,15:45:56.326000,10938,10939,10939,2
2019-04-29,15:45:56.336000,10938,10939,10939,2
2019-04-29,15:45:56.339000,10938,10939,10939,1
2019-04-29,15:45:56.367000,10938,10939,10939,10
2019-04-29,15:45:56.464000,10938,10939,10939,14
2019-04-29,15:45:56.464000,10938,10939,10939,1
2019-04-29,15:45:56.589000,10938,10939,10939,8
2019-04-29,15:45:56.803000,10938,10939,10939,1
2019-04-29,15:46:02.856000,10939,10940,10940,1
2019-04-29,15:46:02.857000,10939,10940,10940,1
2019-04-29,15:46:02.858000,10939,10940,10940,1
2019-04-29,15:46:02.860000,10939,10940,10940,1
2019-04-29,15:46:03.418000,10939,10940,10940,2
2019-04-29,15:46:03.822000,10939,10940,10939,1
2019-04-29,15:46:04.111000,10939,10940,10940,2
2019-04-29,15:46:04.124000,10939,10940,10940,1
2019-04-29,15:46:08.687000,10939,10940,10940,5
2019-04-29,15:46:12.248000,10939,10940,10939,5
2019-04-29,15:46:12.796000,10939,10940,10939,5
2019-04-29,15:46:13.325000,10939,10940,10939,5
2019-04-29,15:46:13.504000,10938,10940,10940,1
2019-04-29,15:46:17.021000,10938,10939,10939,1
2019-04-29,15:46:18.085000,10939,10940,10940,3
2019-04-29,15:46:18.543000,10939,10940,10939,2
2019-04-29,15:46:26.767000,10939,10940,10939,1
2019-04-29,15:46:33.806000,10939,10940,10939,18
2019-04-29,15:46:39.248000,10938,10939,10939,2
2019-04-29,15:46:43.776000,10938,10939,10939,2
2019-04-29,15:46:44.625000,10938,10939,10939,2
2019-04-29,15:46:46.917000,10938,10939,10939,1
2019-04-29,15:46:48.508000,10938,10939,10938,1
2019-04-29,15:47:11.141000,10938,10939,10938,1
2019-04-29,15:47:12.978000,10938,10939,10938,2
2019-04-29,15:47:26.113000,10938,10939,10938,2
2019-04-29,15:47:33.130000,10938,10939,10938,1
2019-04-29,15:47:48.922000,10938,10939,10938,1
2019-04-29,15:47:53.996000,10938,10939,10938,1
2019-04-29,15:49:58.272000,10938,10939,10938,3
2019-04-29,15:50:00.241000,10938,10939,10938,1
2019-04-29,15:50:00.242000,10938,10939,10938,4
2019-04-29,15:50:00.242000,10938,10939,10938,9
2019-04-29,15:50:01.205000,10937,10938,10938,2
2019-04-29,15:50:03.892000,10937,10938,10938,1
2019-04-29,15:50:13.155000,10937,10938,10938,1
2019-04-29,15:50:40.966000,10938,10939,10939,21
2019-04-29,15:50:53.531000,10938,10939,10939,4
2019-04-29,15:50:53.540000,10938,10939,10939,4
2019-04-29,15:50:53.573000,10938,10939,10939,4
2019-04-29,15:50:53.583000,10938,10939,10939,5
2019-04-29,15:50:53.583000,10938,10939,10939,4
2019-04-29,15:50:53.583000,10938,10939,10939,1
2019-04-29,15:50:53.583000,10938,10939,10939,4
2019-04-29,15:50:53.583000,10938,10939,10939,1
2019-04-29,15:50:53.584000,10938,10939,10939,1
2019-04-29,15:50:53.584000,10938,10939,10939,4
2019-04-29,15:50:53.584000,10938,10939,10939,1
2019-04-29,15:50:53.584000,10938,10939,10939,3
2019-04-29,15:50:53.589000,10938,10939,10939,12
2019-04-29,15:50:53.589000,10938,10939,10939,3
2019-04-29,15:50:53.589000,10938,10939,10939,1
2019-04-29,15:50:53.589000,10938,10939,10939,3
2019-04-29,15:50:53.589000,10938,10939,10939,4
2019-04-29,15:50:53.589000,10938,10939,10939,1
2019-04-29,15:50:53.613000,10938,10939,10940,2
2019-04-29,15:50:54.206000,10939,10940,10939,1
2019-04-29,15:50:55.985000,10939,10940,10940,1
2019-04-29,15:51:03.722000,10939,10940,10939,5
2019-04-29,15:51:07.550000,10939,10940,10940,1
2019-04-29,15:51:13.818000,10939,10940,10939,2
2019-04-29,15:51:13.818000,10939,10940,10939,2
2019-04-29,15:51:13.818000,10939,10940,10939,2
2019-04-29,15:51:14.290000,10938,10939,10939,2
2019-04-29,15:51:20.584000,10938,10939,10939,1
2019-04-29,15:51:26.471000,10938,10939,10939,3
2019-04-29,15:51:26.471000,10938,10939,10940,4
2019-04-29,15:51:33.411000,10939,10940,10940,2
2019-04-29,15:51:35.569000,10939,10940,10940,4
2019-04-29,15:51:48.816000,10939,10940,10939,1
2019-04-29,15:51:51.910000,10939,10940,10940,1
2019-04-29,15:52:00.270000,10939,10940,10940,4
2019-04-29,15:52:38.188000,10939,10940,10940,2
2019-04-29,15:52:38.521000,10939,10940,10940,1
2019-04-29,15:53:10.014000,10939,10940,10940,1
2019-04-29,15:53:24.743000,10939,10940,10939,1
2019-04-29,15:53:39.214000,10939,10940,10940,1
2019-04-29,15:53:42.876000,10939,10940,10940,1
2019-04-29,15:54:41.613000,10939,10940,10940,2
2019-04-29,15:54:43.525000,10939,10940,10940,1
2019-04-29,15:54:45.995000,10939,10940,10939,3
2019-04-29,15:55:22.695000,10939,10940,10939,1
2019-04-29,15:55:27.394000,10939,10940,10939,1
2019-04-29,15:55:41.042000,10939,10940,10940,5
2019-04-29,15:55:42.307000,10939,10940,10939,8
2019-04-29,15:55:42.307000,10939,10940,10939,1
2019-04-29,15:55:42.307000,10939,10940,10939,1
2019-04-29,15:55:42.307000,10939,10940,10939,6
2019-04-29,15:55:42.307000,10939,10940,10939,1
2019-04-29,15:55:45.621000,10938,10939,10939,1
2019-04-29,15:55:48.910000,10938,10939,10939,1
2019-04-29,15:55:49.330000,10938,10939,10939,1
2019-04-29,15:55:54.613000,10938,10939,10939,1
2019-04-29,15:56:01.628000,10939,10940,10939,1
2019-04-29,15:56:06.818000,10939,10940,10939,1
2019-04-29,15:56:21.813000,10939,10940,10939,1
2019-04-29,15:56:24.714000,10939,10940,10939,1
2019-04-29,15:56:24.839000,10939,10940,10939,1
2019-04-29,15:56:26.331000,10939,10940,10939,1
2019-04-29,15:56:26.331000,10939,10940,10939,1
2019-04-29,15:56:46.626000,10938,10939,10939,1
2019-04-29,15:56:51.803000,10938,10939,10939,1
2019-04-29,15:56:55.066000,10938,10939,10939,1
2019-04-29,15:57:01.317000,10938,10939,10939,1
2019-04-29,15:57:04.061000,10938,10939,10939,1
2019-04-29,15:57:14.124000,10938,10939,10939,2
2019-04-29,15:57:22.322000,10938,10939,10938,1
2019-04-29,15:58:03.746000,10938,10939,10938,1
2019-04-29,15:58:09.316000,10938,10939,10939,2
2019-04-29,15:58:11.708000,10938,10939,10939,2
2019-04-29,15:58:12.189000,10938,10939,10939,1
2019-04-29,15:58:12.459000,10938,10939,10939,2
2019-04-29,15:58:12.695000,10938,10939,10939,1
2019-04-29,15:58:31.286000,10939,10940,10939,1
2019-04-29,15:58:31.734000,10939,10940,10939,1
2019-04-29,15:59:02.136000,10938,10939,10939,1
2019-04-29,15:59:07.488000,10938,10939,10939,10
2019-04-29,15:59:10.576000,10939,10940,10939,1
2019-04-29,15:59:29.247000,10939,10940,10939,1
2019-04-29,15:59:45.661000,10939,10940,10939,1
2019-04-29,15:59:50.689000,10939,10940,10939,1
2019-04-29,15:59:56.465000,10939,10940,10939,1
2019-04-29,15:59:59.222000,10939,10940,10940,3
2019-04-29,16:00:48.767000,10939,10940,10940,1
2019-04-29,16:00:49.034000,10939,10940,10940,4
2019-04-29,16:00:49.131000,10939,10940,10940,2
2019-04-29,16:00:49.607000,10939,10940,10940,4
2019-04-29,16:00:49.898000,10939,10940,10940,1
2019-04-29,16:00:49.923000,10939,10940,10940,1
2019-04-29,16:00:49.949000,10939,10940,10940,1
2019-04-29,16:00:49.974000,10939,10940,10940,1
2019-04-29,16:00:49.999000,10939,10940,10940,1
2019-04-29,16:00:50.025000,10939,10940,10940,1
2019-04-29,16:00:50.050000,10939,10940,10940,1
2019-04-29,16:00:50.075000,10939,10940,10940,1
2019-04-29,16:01:08.722000,10939,10940,10939,2
2019-04-29,16:01:08.978000,10939,10940,10939,2
2019-04-29,16:01:09.082000,10939,10940,10939,1
2019-04-29,16:01:09.233000,10939,10940,10939,1
2019-04-29,16:01:13.865000,10938,10939,10939,1
2019-04-29,16:01:14.358000,10938,10939,10939,2
2019-04-29,16:01:28.162000,10938,10939,10939,1
2019-04-29,16:01:53.122000,10938,10939,10938,1
2019-04-29,16:01:55.858000,10938,10939,10938,1
2019-04-29,16:02:05.930000,10938,10939,10938,17
2019-04-29,16:02:37.676000,10937,10938,10937,5
2019-04-29,16:02:38.683000,10937,10938,10937,1
2019-04-29,16:02:39.367000,10937,10938,10937,1
2019-04-29,16:02:40.039000,10937,10938,10937,1
2019-04-29,16:02:41.558000,10937,10938,10937,2
2019-04-29,16:02:49.941000,10937,10938,10937,2
2019-04-29,16:02:59.446000,10937,10938,10937,1
2019-04-29,16:02:59.802000,10937,10938,10937,1
2019-04-29,16:03:02.949000,10937,10938,10937,9
2019-04-29,16:03:02.964000,10937,10938,10937,6
2019-04-29,16:03:14.061000,10936,10937,10937,1
2019-04-29,16:03:20.398000,10936,10937,10936,10
2019-04-29,16:03:20.866000,10936,10937,10936,5
2019-04-29,16:03:20.964000,10936,10937,10936,2
2019-04-29,16:03:22.472000,10936,10937,10936,1
2019-04-29,16:03:23.140000,10936,10937,10936,1
2019-04-29,16:03:23.140000,10936,10937,10935,1
2019-04-29,16:03:27.930000,10935,10936,10936,1
2019-04-29,16:03:45.746000,10935,10936,10936,3
2019-04-29,16:03:50.139000,10936,10937,10936,1
2019-04-29,16:04:08.609000,10936,10937,10936,2
2019-04-29,16:04:26.800000,10936,10937,10936,1
2019-04-29,16:04:43.688000,10936,10937,10936,1
2019-04-29,16:05:00.929000,10936,10937,10936,1
2019-04-29,16:05:01.518000,10936,10937,10937,1
2019-04-29,16:05:02.166000,10936,10937,10936,1
2019-04-29,16:05:52.818000,10936,10937,10937,1
2019-04-29,16:05:54.913000,10936,10937,10937,1
2019-04-29,16:06:02.277000,10936,10937,10936,1
2019-04-29,16:06:58.972000,10936,10937,10936,1
2019-04-29,16:07:02.383000,10936,10937,10936,2
2019-04-29,16:07:29.964000,10936,10937,10937,1
2019-04-29,16:07:37.449000,10936,10937,10937,1
2019-04-29,16:07:58.254000,10936,10937,10937,1
2019-04-29,16:08:00.497000,10936,10937,10937,4
2019-04-29,16:08:00.535000,10936,10937,10937,1
2019-04-29,16:08:00.535000,10936,10937,10937,2
2019-04-29,16:08:00.589000,10936,10937,10937,3
2019-04-29,16:08:00.589000,10936,10937,10937,4
2019-04-29,16:08:20.962000,10937,10938,10937,1
2019-04-29,16:08:20.962000,10937,10938,10937,3
2019-04-29,16:08:20.962000,10937,10938,10937,3
2019-04-29,16:08:20.962000,10937,10938,10937,1
2019-04-29,16:08:20.962000,10937,10938,10937,2
2019-04-29,16:08:52.832000,10937,10938,10938,1
2019-04-29,16:09:02.617000,10937,10938,10937,2
2019-04-29,16:09:10.197000,10937,10938,10937,1
2019-04-29,16:09:53.216000,10937,10938,10937,1
2019-04-29,16:09:57.712000,10937,10938,10937,1
2019-04-29,16:10:02.738000,10937,10938,10937,2
2019-04-29,16:10:02.971000,10937,10938,10937,2
2019-04-29,16:11:02.531000,10936,10937,10937,1
2019-04-29,16:11:04.061000,10937,10938,10937,1
2019-04-29,16:11:15.589000,10937,10938,10938,2
2019-04-29,16:11:15.607000,10937,10938,10939,1
2019-04-29,16:11:15.729000,10938,10939,10939,4
2019-04-29,16:11:15.938000,10938,10939,10939,2
2019-04-29,16:11:18.746000,10938,10939,10939,1
2019-04-29,16:11:27.399000,10938,10939,10939,8
2019-04-29,16:11:27.841000,10938,10939,10939,7
2019-04-29,16:11:58.123000,10939,10940,10940,1
2019-04-29,16:11:58.354000,10939,10940,10940,6
2019-04-29,16:11:58.430000,10939,10940,10940,2
2019-04-29,16:11:58.589000,10939,10940,10940,2
2019-04-29,16:11:58.716000,10939,10940,10940,5
2019-04-29,16:12:02.913000,10940,10941,10940,2
2019-04-29,16:12:12.388000,10940,10941,10941,2
2019-04-29,16:12:12.388000,10940,10941,10941,1
2019-04-29,16:12:12.489000,10940,10941,10941,2
2019-04-29,16:12:12.646000,10940,10941,10941,17
2019-04-29,16:12:15.187000,10941,10942,10942,1
2019-04-29,16:12:15.324000,10941,10942,10942,1
2019-04-29,16:12:16.913000,10941,10942,10942,1
2019-04-29,16:12:20.191000,10941,10942,10942,10
2019-04-29,16:12:21.222000,10941,10942,10942,2
2019-04-29,16:12:21.773000,10941,10942,10942,1
2019-04-29,16:12:21.774000,10941,10942,10942,4
2019-04-29,16:12:21.774000,10941,10942,10942,1
2019-04-29,16:12:21.774000,10941,10942,10942,1
2019-04-29,16:12:21.774000,10941,10942,10942,3
2019-04-29,16:12:21.775000,10941,10942,10942,1
2019-04-29,16:12:21.775000,10941,10942,10942,1
2019-04-29,16:12:21.784000,10941,10942,10942,10
2019-04-29,16:12:21.852000,10942,10943,10942,1
2019-04-29,16:12:22.244000,10942,10943,10943,1
2019-04-29,16:12:22.348000,10942,10943,10943,2
2019-04-29,16:12:22.353000,10942,10943,10943,3
2019-04-29,16:12:22.372000,10942,10943,10943,2
2019-04-29,16:12:23.387000,10942,10943,10943,9
2019-04-29,16:12:23.387000,10942,10943,10943,8
2019-04-29,16:12:23.387000,10942,10943,10943,1
2019-04-29,16:12:23.464000,10942,10943,10943,7
2019-04-29,16:12:23.530000,10942,10943,10943,4
2019-04-29,16:12:23.762000,10943,10944,10944,1
2019-04-29,16:12:23.917000,10943,10944,10944,1
2019-04-29,16:12:24.014000,10943,10944,10944,1
2019-04-29,16:12:24.018000,10943,10944,10944,1
2019-04-29,16:12:24.035000,10943,10944,10944,1
2019-04-29,16:12:24.080000,10943,10944,10944,1
2019-04-29,16:12:24.276000,10942,10944,10944,1
2019-04-29,16:12:24.841000,10942,10944,10944,1
2019-04-29,16:12:24.876000,10942,10944,10943,2
2019-04-29,16:12:25.319000,10942,10943,10943,2
2019-04-29,16:12:25.479000,10942,10943,10943,3
2019-04-29,16:12:25.479000,10942,10943,10943,3
2019-04-29,16:12:25.479000,10942,10943,10943,3
2019-04-29,16:12:25.506000,10942,10943,10943,1
2019-04-29,16:12:26.843000,10942,10943,10943,1
2019-04-29,16:12:30.154000,10942,10943,10943,1
2019-04-29,16:12:33.992000,10942,10943,10943,1
2019-04-29,16:12:35.726000,10942,10943,10942,3
2019-04-29,16:12:39.260000,10942,10943,10942,2
2019-04-29,16:12:44.991000,10942,10943,10942,5
2019-04-29,16:12:47.613000,10942,10943,10942,11
2019-04-29,16:12:47.721000,10941,10943,10942,5
2019-04-29,16:12:55.585000,10941,10942,10942,1
2019-04-29,16:12:56.115000,10941,10942,10942,1
2019-04-29,16:13:01.267000,10942,10943,10943,2
2019-04-29,16:13:03.372000,10942,10943,10942,2
2019-04-29,16:13:05.157000,10941,10942,10942,1
2019-04-29,16:13:06.778000,10942,10943,10943,1
2019-04-29,16:13:07.417000,10942,10943,10942,1
2019-04-29,16:13:07.466000,10941,10942,10942,2
2019-04-29,16:13:10.998000,10941,10942,10942,1
2019-04-29,16:13:16.316000,10942,10943,10942,2
2019-04-29,16:13:17.683000,10942,10943,10942,1
2019-04-29,16:13:18.518000,10942,10943,10942,2
2019-04-29,16:13:24.832000,10941,10942,10942,1
2019-04-29,16:13:29.396000,10941,10942,10941,8
2019-04-29,16:13:29.464000,10941,10942,10941,18
2019-04-29,16:13:37.113000,10940,10941,10941,1
2019-04-29,16:13:44.546000,10940,10941,10940,1
2019-04-29,16:13:45.089000,10940,10941,10940,2
2019-04-29,16:13:45.341000,10940,10941,10940,5
2019-04-29,16:13:45.464000,10940,10941,10940,1
2019-04-29,16:14:00.216000,10940,10941,10941,1
2019-04-29,16:14:01.878000,10940,10941,10940,1
2019-04-29,16:14:07.683000,10940,10941,10940,1
2019-04-29,16:14:10.194000,10940,10941,10941,1
2019-04-29,16:14:14.365000,10940,10941,10941,2
2019-04-29,16:14:31.333000,10941,10942,10941,1
2019-04-29,16:14:32.609000,10941,10942,10941,1
2019-04-29,16:14:32.609000,10941,10942,10941,2
2019-04-29,16:14:32.714000,10941,10942,10941,2
2019-04-29,16:14:32.738000,10941,10942,10941,1
2019-04-29,16:14:33.631000,10940,10941,10941,2
2019-04-29,16:14:35.733000,10940,10941,10941,1
2019-04-29,16:14:36.115000,10940,10941,10941,5
2019-04-29,16:15:02.228000,10940,10941,10940,2
2019-04-29,16:15:02.663000,10940,10941,10941,10
2019-04-29,16:15:02.973000,10940,10941,10941,1
2019-04-29,16:15:02.973000,10940,10941,10941,1
2019-04-29,16:15:03.816000,10940,10941,10940,4
2019-04-29,16:15:04.196000,10940,10941,10940,1
2019-04-29,16:15:04.882000,10940,10941,10940,1
2019-04-29,16:15:53.978000,10940,10941,10941,4
2019-04-29,16:15:54.592000,10940,10941,10940,1
2019-04-29,16:16:12.784000,10940,10941,10940,1
2019-04-29,16:16:41.730000,10940,10941,10941,1
2019-04-29,16:16:54.014000,10940,10941,10941,1
2019-04-29,16:16:54.357000,10940,10941,10941,1
2019-04-29,16:16:54.838000,10940,10941,10941,1
2019-04-29,16:17:01.472000,10940,10941,10941,1
2019-04-29,16:17:02.443000,10940,10941,10940,2
2019-04-29,16:17:24.697000,10940,10941,10941,2
2019-04-29,16:17:28.042000,10940,10941,10941,2
2019-04-29,16:17:32.987000,10940,10941,10941,4
2019-04-29,16:17:36.951000,10940,10941,10941,1
2019-04-29,16:17:37.006000,10940,10941,10941,2
2019-04-29,16:17:37.404000,10940,10941,10941,1
2019-04-29,16:18:02.550000,10940,10941,10940,2
2019-04-29,16:18:09.453000,10940,10941,10941,3
2019-04-29,16:18:13.816000,10940,10941,10941,1
2019-04-29,16:18:16.140000,10941,10942,10941,1
2019-04-29,16:18:19.573000,10940,10941,10941,1
2019-04-29,16:18:21.825000,10940,10941,10941,1
2019-04-29,16:19:09.064000,10941,10942,10941,5
2019-04-29,16:19:09.064000,10941,10942,10941,6
2019-04-29,16:19:09.064000,10941,10942,10941,1
2019-04-29,16:19:09.064000,10941,10942,10941,2
2019-04-29,16:19:14.733000,10940,10941,10941,5
2019-04-29,16:19:21.491000,10940,10941,10941,1
2019-04-29,16:19:21.869000,10940,10941,10941,1
2019-04-29,16:19:22.170000,10940,10941,10941,1
2019-04-29,16:19:25.480000,10940,10941,10941,1
2019-04-29,16:19:29.488000,10940,10941,10941,1
2019-04-29,16:19:33.284000,10940,10941,10941,1
2019-04-29,16:19:37.319000,10940,10941,10941,2
2019-04-29,16:19:38.892000,10940,10941,10941,1
2019-04-29,16:19:59.102000,10940,10941,10940,1
2019-04-29,16:20:02.777000,10940,10941,10940,5
2019-04-29,16:20:15.508000,10940,10941,10940,4
2019-04-29,16:20:15.508000,10940,10941,10940,3
2019-04-29,16:20:15.589000,10940,10941,10940,4
2019-04-29,16:20:15.589000,10940,10941,10940,2
2019-04-29,16:20:15.589000,10940,10941,10940,8
2019-04-29,16:20:25.844000,10939,10940,10940,1
2019-04-29,16:20:26.460000,10939,10940,10939,1
2019-04-29,16:20:26.724000,10939,10940,10939,1
2019-04-29,16:20:32.984000,10939,10940,10939,1
2019-04-29,16:20:44.060000,10939,10940,10939,1
2019-04-29,16:20:47.127000,10939,10940,10939,1
2019-04-29,16:20:49.767000,10939,10940,10939,4
2019-04-29,16:21:06.985000,10939,10940,10939,1
2019-04-29,16:21:14.962000,10939,10940,10939,20
2019-04-29,16:21:14.964000,10939,10940,10939,2
2019-04-29,16:21:28.934000,10938,10939,10939,1
2019-04-29,16:21:30.574000,10938,10939,10938,1
2019-04-29,16:21:37.223000,10938,10939,10939,2
2019-04-29,16:22:02.977000,10938,10939,10938,5
2019-04-29,16:22:10.277000,10938,10939,10939,4
2019-04-29,16:22:10.277000,10938,10939,10939,1
2019-04-29,16:22:10.339000,10938,10939,10939,4
2019-04-29,16:22:10.339000,10938,10939,10939,2
2019-04-29,16:22:17.699000,10939,10940,10939,1
2019-04-29,16:22:23.991000,10939,10940,10939,1
2019-04-29,16:22:32.605000,10939,10940,10939,2
2019-04-29,16:22:32.605000,10939,10940,10939,3
2019-04-29,16:22:32.605000,10939,10940,10939,2
2019-04-29,16:22:32.605000,10939,10940,10939,1
2019-04-29,16:22:32.605000,10939,10940,10939,1
2019-04-29,16:22:32.714000,10938,10939,10939,1
2019-04-29,16:22:44.348000,10939,10940,10940,7
2019-04-29,16:23:03.084000,10940,10941,10940,5
2019-04-29,16:23:35.851000,10940,10941,10940,2
2019-04-29,16:23:39.808000,10940,10941,10940,1
2019-04-29,16:23:39.969000,10940,10941,10941,3
2019-04-29,16:24:01.964000,10940,10941,10940,8
2019-04-29,16:24:02.018000,10940,10941,10940,7
2019-04-29,16:24:08.930000,10939,10940,10940,4
2019-04-29,16:24:32.913000,10939,10940,10940,19
2019-04-29,16:24:52.538000,10940,10941,10941,3
2019-04-29,16:25:02.300000,10940,10941,10940,2
2019-04-29,16:25:05.537000,10940,10941,10940,6
2019-04-29,16:25:34.439000,10940,10941,10941,6
2019-04-29,16:25:35.916000,10940,10941,10941,1
2019-04-29,16:25:38.457000,10940,10941,10941,1
2019-04-29,16:26:02.443000,10940,10941,10940,2
2019-04-29,16:26:04.244000,10940,10941,10941,16
2019-04-29,16:26:19.615000,10941,10942,10941,1
2019-04-29,16:26:25.268000,10941,10942,10941,2
2019-04-29,16:26:25.997000,10941,10942,10942,2
2019-04-29,16:26:54.893000,10941,10942,10941,1
2019-04-29,16:26:58.037000,10941,10942,10941,1
2019-04-29,16:27:02.516000,10941,10942,10941,2
2019-04-29,16:27:08.873000,10941,10942,10941,7
2019-04-29,16:27:16.664000,10940,10941,10941,1
2019-04-29,16:27:19.512000,10940,10941,10941,2
2019-04-29,16:27:21.904000,10940,10941,10940,30
2019-04-29,16:27:44.955000,10940,10941,10940,1
2019-04-29,16:27:58.759000,10940,10941,10940,3
2019-04-29,16:28:04.332000,10940,10941,10941,2
2019-04-29,16:28:09.154000,10940,10941,10940,1
2019-04-29,16:28:21.446000,10940,10941,10941,2
2019-04-29,16:29:12.672000,10940,10941,10941,1
2019-04-29,16:29:17.875000,10940,10941,10941,5
2019-04-29,16:29:58.832000,10941,10942,10942,2
2019-04-29,16:30:02.047000,10941,10942,10941,1
2019-04-29,16:30:02.638000,10941,10942,10942,1
2019-04-29,16:30:02.841000,10941,10942,10941,2
2019-04-29,16:30:03.961000,10941,10942,10941,6
2019-04-29,16:30:07.542000,10941,10942,10941,2
2019-04-29,16:30:07.591000,10941,10942,10941,3
2019-04-29,16:30:10.973000,10940,10941,10941,1
2019-04-29,16:30:47.551000,10940,10941,10941,13
2019-04-29,16:30:48.507000,10940,10941,10941,3
2019-04-29,16:30:52.951000,10940,10941,10941,3
2019-04-29,16:31:07.091000,10941,10942,10941,2
2019-04-29,16:31:32.876000,10941,10942,10942,3
2019-04-29,16:31:33.767000,10941,10942,10942,1
2019-04-29,16:31:42.943000,10941,10942,10941,1
2019-04-29,16:32:03.048000,10941,10942,10941,2
2019-04-29,16:32:03.309000,10941,10942,10941,1
2019-04-29,16:32:14.854000,10941,10942,10941,11
2019-04-29,16:32:25.478000,10941,10942,10941,1
2019-04-29,16:32:32.582000,10941,10942,10942,10
2019-04-29,16:33:02.156000,10941,10942,10941,1
2019-04-29,16:33:08.665000,10941,10942,10941,1
2019-04-29,16:34:02.267000,10941,10942,10941,2
2019-04-29,16:34:09.825000,10941,10942,10941,1
2019-04-29,16:34:28.344000,10940,10941,10940,1
2019-04-29,16:34:31.699000,10940,10941,10941,2
2019-04-29,16:34:35.885000,10940,10941,10941,1
2019-04-29,16:34:57.174000,10940,10941,10941,1
2019-04-29,16:35:02.379000,10940,10941,10940,1
2019-04-29,16:35:07.043000,10940,10941,10940,1
2019-04-29,16:35:11.591000,10940,10941,10940,1
2019-04-29,16:35:16.001000,10939,10940,10939,1
2019-04-29,16:35:18.005000,10939,10940,10939,1
2019-04-29,16:35:26.721000,10939,10940,10939,7
2019-04-29,16:35:27.483000,10938,10939,10939,4
2019-04-29,16:35:27.568000,10938,10939,10939,3
2019-04-29,16:35:33.304000,10938,10939,10939,3
2019-04-29,16:35:49.595000,10938,10939,10939,1
2019-04-29,16:35:57.315000,10938,10939,10938,2
2019-04-29,16:36:02.132000,10938,10939,10938,1
2019-04-29,16:36:02.494000,10938,10939,10938,3
2019-04-29,16:36:02.590000,10938,10939,10938,10
2019-04-29,16:36:02.714000,10938,10939,10938,2
2019-04-29,16:36:02.715000,10938,10939,10938,15
2019-04-29,16:36:31.463000,10937,10938,10938,2
2019-04-29,16:36:54.879000,10937,10938,10938,1
2019-04-29,16:37:13.277000,10937,10938,10937,1
2019-04-29,16:37:13.634000,10937,10938,10937,1
2019-04-29,16:37:22.961000,10937,10938,10937,31
2019-04-29,16:37:22.961000,10937,10938,10937,1
2019-04-29,16:37:23.457000,10936,10937,10937,1
2019-04-29,16:37:30.714000,10936,10937,10937,1
2019-04-29,16:37:33.476000,10936,10937,10937,1
2019-04-29,16:37:35.332000,10936,10937,10936,1
2019-04-29,16:37:45.015000,10936,10937,10936,1
2019-04-29,16:37:50.257000,10936,10937,10936,1
2019-04-29,16:37:52.134000,10936,10937,10936,1
2019-04-29,16:37:52.862000,10936,10937,10936,1
2019-04-29,16:37:53.940000,10936,10937,10936,5
2019-04-29,16:37:54.468000,10936,10937,10936,1
2019-04-29,16:37:58.556000,10936,10937,10936,2
2019-04-29,16:38:01.461000,10936,10937,10936,4
2019-04-29,16:38:01.991000,10935,10936,10936,3
2019-04-29,16:38:08.029000,10935,10936,10936,1
2019-04-29,16:38:08.348000,10935,10936,10936,1
2019-04-29,16:38:18.802000,10935,10936,10936,2
2019-04-29,16:38:19.380000,10935,10937,10935,1
2019-04-29,16:38:19.524000,10935,10937,10935,1
2019-04-29,16:38:19.545000,10935,10937,10935,1
2019-04-29,16:38:27.649000,10936,10937,10936,4
2019-04-29,16:38:45.435000,10936,10937,10936,1
2019-04-29,16:38:54.303000,10936,10937,10936,1
2019-04-29,16:38:56.811000,10936,10937,10936,4
2019-04-29,16:39:02.424000,10936,10937,10936,1
2019-04-29,16:39:30.139000,10936,10937,10936,1
2019-04-29,16:39:50.865000,10936,10937,10936,2
2019-04-29,16:39:59.841000,10936,10937,10936,1
2019-04-29,16:40:01.605000,10936,10937,10936,1
2019-04-29,16:40:17.587000,10936,10937,10936,1
2019-04-29,16:41:07.399000,10936,10937,10937,2
2019-04-29,16:41:11.368000,10936,10937,10937,1
2019-04-29,16:41:35.384000,10936,10937,10937,1
2019-04-29,16:41:54.697000,10936,10937,10937,1
2019-04-29,16:42:11.750000,10936,10937,10937,1
2019-04-29,16:42:23.347000,10936,10937,10937,2
2019-04-29,16:42:26.223000,10936,10937,10937,3
2019-04-29,16:42:26.223000,10936,10937,10937,1
2019-04-29,16:42:26.224000,10936,10937,10937,1
2019-04-29,16:42:26.224000,10936,10937,10937,2
2019-04-29,16:42:26.225000,10936,10937,10937,1
2019-04-29,16:42:26.230000,10936,10937,10937,17
2019-04-29,16:42:26.267000,10936,10937,10937,2
2019-04-29,16:42:26.272000,10936,10937,10937,2
2019-04-29,16:42:51.503000,10937,10938,10937,2
2019-04-29,16:42:56.510000,10937,10938,10937,2
2019-04-29,16:42:57.094000,10937,10938,10937,1
2019-04-29,16:43:05.388000,10936,10937,10937,1
2019-04-29,16:43:11.151000,10936,10937,10937,1
2019-04-29,16:44:09.822000,10936,10937,10937,1
2019-04-29,16:44:20.355000,10936,10937,10936,1
2019-04-29,16:44:22.793000,10936,10937,10937,3
2019-04-29,16:44:26.239000,10936,10937,10936,1
2019-04-29,16:44:43.840000,10936,10937,10936,1
2019-04-29,16:44:48.871000,10936,10937,10936,1
2019-04-29,16:44:53.178000,10936,10937,10936,1
2019-04-29,16:45:06.104000,10936,10937,10936,1
2019-04-29,16:45:06.418000,10936,10937,10936,1
2019-04-29,16:45:06.623000,10936,10937,10936,1
2019-04-29,16:45:07.996000,10936,10937,10936,1
2019-04-29,16:45:08.299000,10936,10937,10936,1
2019-04-29,16:45:08.582000,10936,10937,10936,1
2019-04-29,16:45:09.039000,10936,10937,10936,1
2019-04-29,16:45:09.439000,10936,10937,10936,5
2019-04-29,16:45:09.465000,10936,10937,10936,10
2019-04-29,16:45:31.305000,10935,10936,10935,6
2019-04-29,16:45:33.061000,10935,10936,10936,1
2019-04-29,16:45:37.685000,10935,10936,10935,1
2019-04-29,16:46:38.855000,10935,10936,10935,2
2019-04-29,16:46:39.476000,10935,10936,10935,1
2019-04-29,16:46:51.561000,10935,10936,10935,1
2019-04-29,16:46:51.853000,10935,10936,10935,1
2019-04-29,16:46:52.450000,10935,10936,10935,1
2019-04-29,16:47:21.302000,10935,10936,10935,1
2019-04-29,16:47:21.622000,10935,10936,10935,1
2019-04-29,16:47:21.902000,10935,10936,10935,1
2019-04-29,16:47:33.135000,10935,10936,10935,1
2019-04-29,16:47:59.717000,10935,10936,10936,1
2019-04-29,16:48:01.215000,10935,10936,10936,1
2019-04-29,16:48:04.036000,10935,10936,10936,1
2019-04-29,16:48:09.923000,10935,10936,10935,1
2019-04-29,16:48:10.238000,10935,10936,10935,1
2019-04-29,16:48:10.542000,10935,10936,10935,1
2019-04-29,16:48:10.850000,10935,10936,10935,1
2019-04-29,16:48:11.160000,10935,10936,10935,1
2019-04-29,16:48:11.257000,10935,10936,10935,2
2019-04-29,16:48:11.360000,10935,10936,10935,1
2019-04-29,16:48:11.569000,10935,10936,10935,1
2019-04-29,16:48:11.672000,10935,10936,10935,1
2019-04-29,16:48:11.777000,10935,10936,10935,1
2019-04-29,16:48:11.987000,10935,10936,10935,1
2019-04-29,16:48:12.093000,10935,10936,10935,1
2019-04-29,16:48:12.214000,10935,10936,10935,1
2019-04-29,16:48:13.303000,10935,10936,10935,1
2019-04-29,16:48:13.340000,10935,10936,10935,3
2019-04-29,16:48:21.570000,10934,10935,10934,4
2019-04-29,16:48:28.214000,10934,10935,10934,2
2019-04-29,16:48:31.484000,10934,10935,10934,2
2019-04-29,16:48:31.960000,10934,10935,10934,2
2019-04-29,16:48:46.162000,10934,10935,10934,1
2019-04-29,16:48:46.463000,10934,10935,10934,1
2019-04-29,16:48:46.757000,10934,10935,10934,1
2019-04-29,16:48:56.510000,10934,10935,10935,2
2019-04-29,16:49:01.819000,10934,10935,10935,1
2019-04-29,16:49:07.369000,10934,10935,10935,6
2019-04-29,16:49:07.369000,10934,10935,10936,8
2019-04-29,16:49:09.457000,10934,10936,10934,1
2019-04-29,16:49:10.737000,10934,10935,10935,1
2019-04-29,16:49:16.879000,10935,10936,10935,1
2019-04-29,16:49:33.010000,10935,10936,10936,6
2019-04-29,16:50:00.427000,10935,10936,10935,4
2019-04-29,16:50:22.020000,10935,10936,10935,1
2019-04-29,16:50:22.340000,10935,10936,10935,1
2019-04-29,16:50:22.638000,10935,10936,10935,1
2019-04-29,16:50:25.956000,10935,10936,10935,1
2019-04-29,16:50:26.015000,10935,10936,10935,8
2019-04-29,16:50:31.207000,10934,10935,10934,2
2019-04-29,16:50:31.208000,10934,10935,10934,17
2019-04-29,16:50:31.208000,10934,10935,10934,8
2019-04-29,16:50:31.214000,10934,10935,10934,1
2019-04-29,16:50:31.214000,10934,10935,10934,13
2019-04-29,16:50:31.382000,10933,10934,10933,4
2019-04-29,16:50:31.382000,10933,10934,10933,1
2019-04-29,16:50:31.392000,10933,10934,10933,1
2019-04-29,16:50:31.418000,10933,10934,10933,1
2019-04-29,16:50:31.422000,10933,10934,10933,2
2019-04-29,16:50:31.463000,10933,10934,10933,1
2019-04-29,16:50:31.464000,10933,10934,10933,2
2019-04-29,16:50:31.464000,10933,10934,10933,9
2019-04-29,16:50:31.464000,10933,10934,10933,4
2019-04-29,16:50:31.466000,10933,10934,10933,43
2019-04-29,16:50:31.508000,10933,10934,10932,5
2019-04-29,16:50:31.509000,10933,10934,10932,5
2019-04-29,16:50:31.509000,10933,10934,10932,2
2019-04-29,16:50:31.509000,10933,10934,10932,6
2019-04-29,16:50:31.653000,10932,10933,10932,1
2019-04-29,16:50:31.691000,10932,10933,10932,1
2019-04-29,16:50:31.708000,10932,10933,10932,1
2019-04-29,16:50:31.714000,10932,10933,10932,4
2019-04-29,16:50:31.738000,10932,10933,10932,25
2019-04-29,16:50:31.740000,10932,10933,10932,1
2019-04-29,16:50:31.839000,10932,10933,10932,2
2019-04-29,16:50:31.839000,10932,10933,10932,1
2019-04-29,16:50:32.169000,10931,10932,10931,1
2019-04-29,16:50:32.229000,10931,10932,10931,3
2019-04-29,16:50:32.282000,10931,10932,10931,1
2019-04-29,16:50:32.953000,10931,10932,10931,2
2019-04-29,16:50:33.261000,10931,10932,10931,2
2019-04-29,16:50:38.297000,10931,10932,10931,25
2019-04-29,16:50:39.538000,10930,10931,10930,4
2019-04-29,16:50:39.813000,10930,10931,10930,1
2019-04-29,16:50:39.923000,10930,10931,10930,1
2019-04-29,16:50:40.507000,10930,10931,10930,1
2019-04-29,16:50:42.193000,10930,10931,10930,2
2019-04-29,16:50:44.262000,10930,10931,10930,1
2019-04-29,16:50:46.404000,10930,10931,10930,1
2019-04-29,16:50:46.626000,10930,10931,10930,7
2019-04-29,16:50:46.666000,10930,10931,10930,2
2019-04-29,16:50:47.138000,10930,10931,10930,4
2019-04-29,16:50:47.436000,10930,10931,10930,10
2019-04-29,16:50:47.779000,10930,10931,10930,1
2019-04-29,16:50:47.797000,10930,10931,10930,1
2019-04-29,16:50:52.904000,10930,10931,10930,2
2019-04-29,16:50:52.904000,10930,10931,10929,3
2019-04-29,16:50:53.002000,10929,10931,10930,1
2019-04-29,16:50:53.116000,10930,10931,10931,1
2019-04-29,16:50:53.283000,10930,10931,10930,1
2019-04-29,16:50:53.554000,10930,10931,10931,10
2019-04-29,16:50:54.810000,10930,10931,10930,1
2019-04-29,16:51:08.479000,10930,10931,10930,1
2019-04-29,16:51:09.493000,10930,10931,10930,2
2019-04-29,16:51:09.970000,10930,10931,10931,1
2019-04-29,16:51:16.415000,10930,10931,10931,2
2019-04-29,16:51:16.464000,10930,10931,10931,2
2019-04-29,16:51:18.053000,10931,10932,10931,3
2019-04-29,16:51:18.053000,10931,10932,10930,2
2019-04-29,16:51:18.256000,10930,10932,10930,1
2019-04-29,16:51:21.270000,10931,10932,10931,6
2019-04-29,16:51:21.270000,10931,10932,10930,8
2019-04-29,16:51:21.743000,10930,10931,10930,3
2019-04-29,16:51:22.734000,10930,10931,10930,4
2019-04-29,16:51:31.848000,10930,10931,10931,1
2019-04-29,16:51:33.750000,10930,10931,10930,1
2019-04-29,16:51:35.853000,10930,10931,10931,1
2019-04-29,16:51:38.126000,10930,10931,10931,1
2019-04-29,16:51:45.114000,10930,10931,10931,2
2019-04-29,16:51:48.476000,10930,10931,10931,1
2019-04-29,16:51:48.599000,10930,10931,10931,10
2019-04-29,16:51:48.662000,10930,10931,10930,1
2019-04-29,16:51:49.067000,10930,10931,10931,2
2019-04-29,16:51:51.428000,10930,10931,10931,22
2019-04-29,16:51:51.490000,10930,10932,10931,2
2019-04-29,16:51:51.690000,10931,10932,10931,4
2019-04-29,16:52:00.274000,10931,10932,10931,1
2019-04-29,16:52:03.887000,10931,10932,10931,6
2019-04-29,16:52:10.327000,10931,10932,10931,1
2019-04-29,16:52:20.959000,10931,10932,10932,2
2019-04-29,16:52:22.869000,10931,10932,10931,1
2019-04-29,16:52:39.194000,10931,10932,10931,2
2019-04-29,16:52:41.214000,10931,10932,10932,5
2019-04-29,16:52:41.657000,10932,10933,10932,1
2019-04-29,16:52:57.922000,10932,10933,10933,6
2019-04-29,16:52:58.266000,10932,10933,10933,1
2019-04-29,16:53:00.863000,10933,10934,10933,1
2019-04-29,16:53:01.739000,10933,10934,10933,4
2019-04-29,16:53:09.014000,10933,10934,10933,1
2019-04-29,16:53:11.725000,10933,10934,10933,1
2019-04-29,16:53:18.809000,10932,10933,10933,1
2019-04-29,16:53:27.953000,10932,10933,10933,1
2019-04-29,16:53:44.912000,10932,10933,10932,1
2019-04-29,16:54:06.608000,10932,10933,10932,2
2019-04-29,16:54:48.160000,10932,10933,10932,4
2019-04-29,16:55:43.997000,10932,10933,10933,2
2019-04-29,16:55:44.731000,10932,10933,10933,1
2019-04-29,16:55:45.384000,10932,10933,10933,1
2019-04-29,16:55:48.217000,10933,10934,10933,1
2019-04-29,16:56:00.098000,10933,10934,10933,2
2019-04-29,16:56:02.902000,10933,10934,10933,1
2019-04-29,16:56:18.198000,10933,10934,10934,2
2019-04-29,16:56:18.809000,10933,10934,10934,2
2019-04-29,16:56:19.302000,10933,10934,10934,2
2019-04-29,16:56:19.302000,10933,10934,10934,11
2019-04-29,16:56:22.400000,10934,10935,10935,5
2019-04-29,16:56:23.666000,10934,10935,10935,2
2019-04-29,16:56:46.915000,10934,10935,10935,2
2019-04-29,16:56:55.896000,10934,10935,10935,1
2019-04-29,16:56:57.646000,10934,10935,10935,3
2019-04-29,16:57:09.804000,10934,10935,10934,2
2019-04-29,16:57:09.804000,10934,10935,10934,5
2019-04-29,16:57:14.877000,10933,10934,10934,1
2019-04-29,16:57:16.587000,10933,10934,10934,3
2019-04-29,16:57:42.931000,10933,10934,10934,1
2019-04-29,16:58:10.492000,10933,10934,10934,1
2019-04-29,16:58:10.978000,10933,10934,10934,2
2019-04-29,16:58:34.893000,10933,10934,10933,2
2019-04-29,16:58:38.691000,10933,10934,10933,1
2019-04-29,16:58:47.699000,10933,10934,10933,1
2019-04-29,16:58:50.798000,10933,10934,10933,2
2019-04-29,16:58:51.721000,10932,10933,10932,1
2019-04-29,16:58:58.528000,10932,10933,10933,1
2019-04-29,16:59:24.797000,10932,10933,10932,1
2019-04-29,16:59:35.500000,10932,10933,10932,4
2019-04-29,16:59:36.500000,10932,10933,10932,1
2019-04-29,16:59:58.906000,10932,10933,10932,1
2019-04-29,17:00:36.798000,10932,10933,10932,1
2019-04-29,17:00:37.198000,10932,10933,10932,1
2019-04-29,17:00:37.534000,10932,10933,10932,2
2019-04-29,17:01:02.221000,10932,10933,10933,7
2019-04-29,17:01:03.239000,10932,10933,10933,1
2019-04-29,17:01:15.466000,10932,10933,10933,1
2019-04-29,17:01:18.165000,10932,10933,10933,1
2019-04-29,17:01:22.713000,10932,10933,10933,3
2019-04-29,17:01:25.521000,10933,10934,10933,1
2019-04-29,17:01:35.956000,10933,10934,10933,1
2019-04-29,17:01:55.701000,10933,10934,10933,10
2019-04-29,17:01:57.214000,10933,10934,10933,1
2019-04-29,17:01:58.770000,10932,10933,10933,1
2019-04-29,17:01:59.020000,10933,10934,10933,5
2019-04-29,17:02:30.572000,10932,10933,10932,2
2019-04-29,17:02:48.442000,10932,10933,10932,4
2019-04-29,17:03:03.543000,10932,10933,10932,1
2019-04-29,17:03:03.589000,10932,10933,10932,1
2019-04-29,17:03:20.795000,10932,10933,10933,1
2019-04-29,17:04:02.530000,10932,10933,10932,1
2019-04-29,17:04:02.532000,10932,10933,10932,1
2019-04-29,17:04:02.589000,10932,10933,10932,1
2019-04-29,17:04:02.589000,10932,10933,10932,1
2019-04-29,17:04:27.552000,10932,10933,10932,1
2019-04-29,17:04:30.879000,10932,10933,10933,1
2019-04-29,17:04:54.214000,10932,10933,10933,1
2019-04-29,17:04:54.339000,10932,10933,10933,1
2019-04-29,17:05:00.786000,10932,10933,10933,1
2019-04-29,17:05:00.839000,10932,10933,10933,1
2019-04-29,17:06:14.236000,10933,10934,10934,3
2019-04-29,17:06:14.619000,10933,10934,10933,2
2019-04-29,17:06:14.771000,10933,10934,10934,1
2019-04-29,17:06:16.638000,10933,10934,10934,1
2019-04-29,17:06:16.912000,10933,10934,10934,1
2019-04-29,17:06:25.375000,10933,10934,10934,4
2019-04-29,17:06:42.175000,10934,10935,10935,1
2019-04-29,17:06:49.977000,10934,10935,10934,1
2019-04-29,17:06:50.082000,10934,10935,10934,1
2019-04-29,17:08:22.616000,10934,10935,10934,1
2019-04-29,17:08:28.910000,10934,10935,10934,1
2019-04-29,17:09:00.281000,10934,10935,10934,4
2019-04-29,17:09:04.497000,10934,10935,10934,4
2019-04-29,17:09:07.590000,10934,10935,10934,1
2019-04-29,17:09:11.011000,10934,10935,10934,1
2019-04-29,17:11:05.755000,10934,10935,10935,2
2019-04-29,17:11:07.178000,10934,10935,10935,1
2019-04-29,17:12:04.948000,10934,10935,10935,2
2019-04-29,17:12:41.066000,10934,10935,10934,1
2019-04-29,17:12:41.124000,10934,10935,10935,1
2019-04-29,17:13:05.436000,10934,10935,10934,2
2019-04-29,17:13:51.198000,10934,10935,10934,1
2019-04-29,17:13:51.198000,10934,10935,10934,1
2019-04-29,17:13:56.158000,10934,10935,10934,1
2019-04-29,17:13:57.873000,10934,10935,10935,1
2019-04-29,17:13:58.848000,10934,10935,10934,1
2019-04-29,17:13:58.964000,10934,10935,10934,1
2019-04-29,17:13:59.008000,10934,10935,10934,2
2019-04-29,17:13:59.008000,10934,10935,10934,1
2019-04-29,17:13:59.029000,10934,10935,10934,3
2019-04-29,17:13:59.089000,10934,10935,10934,2
2019-04-29,17:15:04.325000,10933,10934,10934,1
2019-04-29,17:15:04.544000,10933,10934,10933,1
2019-04-29,17:15:04.609000,10933,10934,10933,1
2019-04-29,17:15:05.538000,10933,10934,10933,2
2019-04-29,17:15:05.539000,10933,10934,10933,2
2019-04-29,17:15:05.539000,10933,10934,10933,1
2019-04-29,17:15:05.539000,10933,10934,10933,1
2019-04-29,17:15:05.539000,10933,10934,10933,1
2019-04-29,17:15:05.539000,10933,10934,10933,2
2019-04-29,17:15:14.547000,10932,10933,10933,2
2019-04-29,17:15:51.857000,10932,10933,10933,1
2019-04-29,17:16:09.327000,10932,10933,10933,5
2019-04-29,17:16:12.628000,10932,10933,10933,1
2019-04-29,17:16:39.054000,10932,10933,10932,2
2019-04-29,17:16:40.481000,10932,10933,10932,1
2019-04-29,17:16:51.404000,10932,10933,10932,1
2019-04-29,17:17:24.851000,10932,10933,10932,2
2019-04-29,17:18:14.348000,10932,10933,10932,1
2019-04-29,17:18:15.258000,10932,10933,10932,1
2019-04-29,17:18:17.101000,10932,10933,10932,1
2019-04-29,17:18:38.540000,10932,10933,10932,5
2019-04-29,17:18:45,10932,10933,10932,1
2019-04-29,17:18:58.959000,10932,10933,10932,1
2019-04-29,17:19:06.612000,10932,10933,10932,1
2019-04-29,17:19:23.031000,10932,10933,10933,1
2019-04-29,17:19:38.043000,10932,10933,10933,5
2019-04-29,17:19:38.089000,10932,10933,10933,4
2019-04-29,17:19:38.089000,10932,10933,10933,1
2019-04-29,17:19:38.089000,10932,10933,10933,1
2019-04-29,17:19:38.089000,10932,10933,10933,1
2019-04-29,17:19:38.784000,10932,10933,10933,1
2019-04-29,17:19:38.964000,10932,10934,10933,1
2019-04-29,17:19:47.207000,10933,10934,10933,1
2019-04-29,17:19:48.349000,10932,10933,10933,1
2019-04-29,17:19:48.349000,10932,10933,10934,1
2019-04-29,17:19:50.153000,10932,10933,10933,1
2019-04-29,17:20:01.111000,10933,10934,10933,1
2019-04-29,17:20:01.112000,10933,10934,10933,3
2019-04-29,17:20:01.112000,10933,10934,10933,2
2019-04-29,17:20:04.689000,10933,10934,10933,1
2019-04-29,17:20:26.962000,10932,10933,10933,1
2019-04-29,17:20:31.700000,10932,10933,10933,1
2019-04-29,17:20:34.793000,10932,10933,10932,1
2019-04-29,17:20:38.468000,10932,10933,10932,2
2019-04-29,17:20:38.589000,10932,10933,10932,8
2019-04-29,17:20:38.589000,10932,10933,10932,4
2019-04-29,17:20:38.714000,10932,10933,10932,8
2019-04-29,17:20:39.032000,10931,10932,10931,6
2019-04-29,17:20:51.591000,10931,10932,10931,2
2019-04-29,17:21:40.388000,10931,10932,10931,2
2019-04-29,17:21:51.604000,10931,10932,10931,1
2019-04-29,17:21:58.725000,10931,10932,10931,5
2019-04-29,17:22:03.345000,10931,10932,10932,2
2019-04-29,17:22:04.099000,10931,10932,10931,1
2019-04-29,17:22:08.226000,10931,10932,10932,2
2019-04-29,17:22:14.740000,10931,10932,10931,1
2019-04-29,17:22:35.105000,10931,10932,10931,5
2019-04-29,17:22:43.457000,10931,10932,10932,1
2019-04-29,17:22:48.547000,10931,10932,10931,3
2019-04-29,17:23:14.616000,10931,10932,10931,1
2019-04-29,17:23:17.015000,10931,10932,10931,1
2019-04-29,17:23:17.955000,10931,10932,10931,1
2019-04-29,17:23:24.229000,10931,10932,10931,1
2019-04-29,17:23:24.339000,10931,10932,10931,1
2019-04-29,17:23:24.339000,10931,10932,10931,1
2019-04-29,17:23:24.379000,10931,10932,10931,2
2019-04-29,17:23:24.381000,10931,10932,10931,4
2019-04-29,17:23:24.404000,10931,10932,10931,5
2019-04-29,17:23:25.514000,10930,10931,10930,1
2019-04-29,17:23:40.207000,10930,10931,10930,2
2019-04-29,17:23:40.489000,10930,10931,10931,1
2019-04-29,17:23:40.687000,10930,10931,10930,1
2019-04-29,17:23:46.720000,10930,10931,10931,1
2019-04-29,17:23:53.100000,10930,10931,10931,1
2019-04-29,17:23:55.478000,10930,10931,10930,8
2019-04-29,17:23:55.632000,10930,10931,10930,1
2019-04-29,17:23:55.632000,10930,10931,10930,9
2019-04-29,17:23:55.632000,10930,10931,10930,4
2019-04-29,17:23:55.633000,10930,10931,10930,1
2019-04-29,17:23:55.633000,10930,10931,10930,8
2019-04-29,17:23:55.633000,10930,10931,10930,2
2019-04-29,17:23:55.641000,10930,10931,10930,4
2019-04-29,17:23:55.714000,10930,10931,10930,2
2019-04-29,17:23:55.714000,10930,10931,10930,2
2019-04-29,17:24:02.651000,10929,10930,10929,2
2019-04-29,17:24:03.152000,10929,10930,10929,2
2019-04-29,17:24:03.476000,10929,10930,10929,1
2019-04-29,17:24:03.524000,10929,10930,10929,1
2019-04-29,17:24:03.730000,10929,10930,10929,1
2019-04-29,17:24:04.965000,10929,10930,10930,1
2019-04-29,17:24:05.022000,10929,10930,10929,6
2019-04-29,17:24:06.122000,10929,10930,10929,3
2019-04-29,17:24:08.239000,10929,10930,10929,1
2019-04-29,17:24:09.802000,10929,10930,10929,5
2019-04-29,17:24:11.961000,10929,10930,10929,1
2019-04-29,17:24:15.970000,10929,10930,10929,1
2019-04-29,17:24:17.073000,10929,10930,10929,2
2019-04-29,17:24:17.529000,10929,10930,10929,3
2019-04-29,17:24:19.069000,10929,10930,10929,1
2019-04-29,17:24:21.234000,10929,10930,10929,1
2019-04-29,17:24:21.802000,10929,10930,10929,1
2019-04-29,17:24:25.281000,10929,10930,10929,1
2019-04-29,17:24:30.383000,10929,10930,10929,1
2019-04-29,17:24:36.821000,10929,10930,10929,1
2019-04-29,17:24:37.765000,10929,10930,10929,2
2019-04-29,17:24:38.073000,10929,10930,10929,1
2019-04-29,17:24:39.972000,10929,10930,10929,1
2019-04-29,17:24:42.412000,10928,10929,10929,1
2019-04-29,17:24:49.179000,10928,10929,10929,1
2019-04-29,17:24:58.426000,10928,10929,10929,2
2019-04-29,17:25:04.175000,10928,10929,10928,10
2019-04-29,17:25:04.177000,10928,10929,10928,5
2019-04-29,17:25:04.237000,10928,10929,10928,1
2019-04-29,17:25:04.246000,10928,10929,10928,10
2019-04-29,17:25:04.256000,10928,10929,10928,3
2019-04-29,17:25:04.269000,10928,10929,10927,1
2019-04-29,17:25:04.421000,10927,10928,10927,1
2019-04-29,17:25:04.464000,10927,10928,10927,1
2019-04-29,17:25:04.479000,10927,10928,10927,3
2019-04-29,17:25:04.701000,10927,10928,10927,1
2019-04-29,17:25:04.851000,10927,10928,10927,1
2019-04-29,17:25:04.853000,10927,10928,10927,1
2019-04-29,17:25:04.855000,10927,10928,10927,1
2019-04-29,17:25:04.996000,10927,10928,10927,1
2019-04-29,17:25:05.455000,10927,10928,10927,1
2019-04-29,17:25:05.879000,10927,10928,10928,1
2019-04-29,17:25:06.330000,10927,10928,10927,1
2019-04-29,17:25:06.330000,10927,10928,10927,1
2019-04-29,17:25:08.535000,10927,10928,10927,3
2019-04-29,17:25:13.495000,10927,10928,10927,5
2019-04-29,17:25:15.367000,10927,10928,10927,2
2019-04-29,17:25:15.394000,10927,10928,10927,4
2019-04-29,17:25:15.433000,10927,10928,10927,4
2019-04-29,17:25:15.821000,10926,10927,10927,2
2019-04-29,17:25:21.048000,10926,10927,10927,1
2019-04-29,17:25:25.017000,10926,10927,10927,1
2019-04-29,17:25:27.560000,10926,10927,10926,16
2019-04-29,17:25:27.560000,10926,10927,10926,2
2019-04-29,17:25:27.589000,10926,10927,10926,5
2019-04-29,17:25:27.589000,10926,10927,10926,3
2019-04-29,17:25:27.589000,10926,10927,10926,6
2019-04-29,17:25:27.671000,10926,10927,10926,1
2019-04-29,17:25:28.422000,10925,10926,10926,1
2019-04-29,17:25:29.830000,10925,10926,10926,1
2019-04-29,17:25:29.830000,10925,10926,10926,2
2019-04-29,17:25:29.830000,10925,10926,10926,6
2019-04-29,17:25:29.831000,10925,10926,10926,2
2019-04-29,17:25:29.964000,10926,10927,10927,1
2019-04-29,17:25:29.964000,10926,10927,10927,1
2019-04-29,17:25:30.528000,10926,10927,10926,5
2019-04-29,17:25:31.360000,10925,10926,10926,1
2019-04-29,17:25:32.268000,10925,10926,10926,1
2019-04-29,17:25:35.951000,10926,10927,10926,1
2019-04-29,17:25:37.464000,10926,10927,10926,1
2019-04-29,17:25:38.372000,10925,10926,10925,2
2019-04-29,17:25:38.417000,10925,10926,10925,4
2019-04-29,17:25:38.586000,10925,10926,10926,1
2019-04-29,17:25:39.339000,10925,10926,10925,1
2019-04-29,17:25:46.927000,10925,10926,10925,3
2019-04-29,17:25:48.884000,10925,10926,10925,1
2019-04-29,17:25:49.156000,10925,10926,10925,1
2019-04-29,17:25:49.358000,10925,10926,10925,1
2019-04-29,17:25:49.363000,10925,10926,10925,2
2019-04-29,17:25:49.434000,10925,10926,10925,2
2019-04-29,17:25:49.454000,10925,10926,10925,2
2019-04-29,17:25:51.432000,10925,10926,10925,6
2019-04-29,17:25:51.754000,10925,10926,10925,2
2019-04-29,17:25:51.762000,10925,10926,10925,1
2019-04-29,17:25:51.822000,10925,10926,10925,2
2019-04-29,17:25:51.836000,10925,10926,10925,2
2019-04-29,17:25:53.267000,10925,10926,10925,5
2019-04-29,17:25:56.029000,10925,10926,10925,1
2019-04-29,17:25:56.937000,10925,10926,10925,1
2019-04-29,17:25:56.968000,10925,10926,10925,2
2019-04-29,17:25:57.017000,10925,10926,10925,2
2019-04-29,17:25:57.061000,10925,10926,10925,2
2019-04-29,17:25:59.198000,10925,10926,10925,1
2019-04-29,17:25:59.203000,10925,10926,10925,2
2019-04-29,17:25:59.270000,10925,10926,10925,2
2019-04-29,17:25:59.285000,10925,10926,10925,2
2019-04-29,17:25:59.400000,10925,10926,10925,2
2019-04-29,17:26:01.677000,10925,10926,10925,1
2019-04-29,17:26:01.693000,10925,10926,10925,2
2019-04-29,17:26:01.761000,10925,10926,10925,2
2019-04-29,17:26:01.769000,10925,10926,10925,2
2019-04-29,17:26:02.580000,10924,10926,10924,1
2019-04-29,17:26:03.321000,10924,10926,10924,1
2019-04-29,17:26:03.908000,10924,10925,10924,1
2019-04-29,17:26:05.930000,10924,10925,10925,6
2019-04-29,17:26:15.291000,10925,10926,10925,1
2019-04-29,17:26:17.224000,10925,10926,10926,1
2019-04-29,17:26:22.223000,10925,10926,10925,1
2019-04-29,17:26:22.243000,10925,10926,10925,2
2019-04-29,17:26:22.304000,10925,10926,10925,2
2019-04-29,17:26:22.317000,10925,10926,10925,2
2019-04-29,17:26:23.791000,10925,10926,10925,1
2019-04-29,17:26:25.148000,10925,10926,10926,2
2019-04-29,17:26:30.384000,10925,10926,10926,17
2019-04-29,17:26:30.623000,10926,10927,10926,1
2019-04-29,17:26:30.629000,10926,10927,10926,2
2019-04-29,17:26:30.713000,10925,10927,10925,2
2019-04-29,17:26:30.716000,10925,10927,10925,2
2019-04-29,17:26:34.225000,10926,10927,10927,2
2019-04-29,17:26:39.429000,10926,10927,10926,2
2019-04-29,17:26:39.434000,10926,10927,10926,1
2019-04-29,17:26:39.508000,10926,10927,10926,2
2019-04-29,17:26:39.513000,10926,10927,10926,2
2019-04-29,17:26:53.891000,10926,10927,10926,2
2019-04-29,17:26:53.899000,10926,10927,10926,1
2019-04-29,17:26:53.960000,10926,10927,10926,2
2019-04-29,17:26:53.981000,10926,10927,10926,2
2019-04-29,17:27:00.740000,10926,10927,10926,2
2019-04-29,17:27:02.440000,10925,10926,10925,1
2019-04-29,17:27:02.826000,10925,10926,10926,3
2019-04-29,17:27:02.857000,10925,10926,10926,2
2019-04-29,17:27:02.859000,10925,10926,10926,1
2019-04-29,17:27:03.011000,10925,10926,10926,1
2019-04-29,17:27:03.022000,10925,10926,10926,2
2019-04-29,17:27:03.023000,10925,10926,10926,2
2019-04-29,17:27:03.137000,10925,10927,10927,2
2019-04-29,17:27:03.162000,10925,10927,10927,1
2019-04-29,17:27:03.180000,10925,10927,10927,1
2019-04-29,17:27:03.354000,10925,10927,10927,3
2019-04-29,17:27:03.414000,10925,10927,10927,3
2019-04-29,17:27:03.419000,10925,10927,10927,1
2019-04-29,17:27:03.422000,10925,10927,10927,1
2019-04-29,17:27:03.443000,10925,10927,10927,1
2019-04-29,17:27:06.021000,10926,10927,10927,1
2019-04-29,17:27:06.805000,10926,10927,10927,1
2019-04-29,17:27:11.760000,10926,10927,10926,1
2019-04-29,17:27:11.793000,10926,10927,10926,2
2019-04-29,17:27:11.839000,10926,10927,10926,2
2019-04-29,17:27:11.872000,10926,10927,10926,1
2019-04-29,17:27:16.474000,10925,10926,10925,1
2019-04-29,17:27:18.105000,10925,10926,10926,3
2019-04-29,17:27:19.780000,10926,10927,10926,1
2019-04-29,17:27:23.229000,10925,10926,10926,6
2019-04-29,17:27:28.173000,10926,10927,10926,1
2019-04-29,17:27:29.616000,10926,10927,10926,1
2019-04-29,17:27:33.130000,10926,10927,10926,1
2019-04-29,17:27:33.130000,10926,10927,10925,29
2019-04-29,17:27:38.285000,10925,10926,10925,1
2019-04-29,17:27:38.309000,10925,10926,10925,2
2019-04-29,17:27:38.357000,10925,10926,10925,2
2019-04-29,17:27:38.397000,10925,10926,10925,2
2019-04-29,17:27:41.399000,10925,10926,10925,1
2019-04-29,17:27:41.407000,10925,10926,10925,2
2019-04-29,17:27:41.477000,10925,10926,10925,2
2019-04-29,17:27:41.504000,10925,10926,10925,2
2019-04-29,17:27:44.048000,10925,10926,10925,1
2019-04-29,17:27:44.077000,10925,10926,10925,2
2019-04-29,17:27:44.149000,10925,10926,10925,2
2019-04-29,17:27:44.153000,10925,10926,10925,2
2019-04-29,17:27:45.533000,10925,10926,10925,1
2019-04-29,17:27:48.379000,10925,10926,10925,1
2019-04-29,17:27:48.384000,10925,10926,10925,2
2019-04-29,17:27:48.451000,10925,10926,10925,2
2019-04-29,17:27:48.455000,10925,10926,10925,2
2019-04-29,17:27:49.217000,10924,10926,10926,11
2019-04-29,17:27:51.774000,10925,10926,10925,1
2019-04-29,17:27:51.776000,10925,10926,10925,1
2019-04-29,17:27:51.803000,10925,10926,10925,2
2019-04-29,17:27:51.852000,10925,10926,10925,2
2019-04-29,17:27:51.967000,10924,10925,10925,2
2019-04-29,17:27:55.803000,10925,10926,10925,1
2019-04-29,17:27:55.831000,10925,10926,10925,2
2019-04-29,17:27:55.887000,10925,10926,10925,2
2019-04-29,17:27:55.923000,10925,10926,10925,1
2019-04-29,17:27:55.967000,10924,10925,10925,1
2019-04-29,17:27:59.641000,10925,10926,10925,1
2019-04-29,17:27:59.680000,10925,10926,10925,1
2019-04-29,17:27:59.688000,10925,10926,10925,2
2019-04-29,17:27:59.763000,10925,10926,10925,2
2019-04-29,17:27:59.765000,10925,10926,10925,2
2019-04-29,17:28:01.971000,10925,10926,10926,16
2019-04-29,17:28:01.971000,10925,10926,10927,14
2019-04-29,17:28:04.037000,10925,10926,10925,4
2019-04-29,17:28:07.379000,10925,10926,10925,1
2019-04-29,17:28:07.380000,10925,10926,10925,2
2019-04-29,17:28:07.453000,10925,10926,10925,2
2019-04-29,17:28:07.461000,10925,10926,10925,2
2019-04-29,17:28:08.112000,10925,10926,10925,4
2019-04-29,17:28:13.414000,10924,10925,10925,1
2019-04-29,17:28:13.679000,10924,10925,10925,12
2019-04-29,17:28:15.779000,10925,10926,10925,1
2019-04-29,17:28:15.809000,10925,10926,10925,2
2019-04-29,17:28:15.865000,10925,10926,10925,2
2019-04-29,17:28:15.898000,10925,10926,10925,2
2019-04-29,17:28:16.863000,10925,10926,10925,1
2019-04-29,17:28:17.618000,10925,10926,10925,1
2019-04-29,17:28:17.628000,10925,10926,10925,2
2019-04-29,17:28:17.686000,10925,10926,10925,2
2019-04-29,17:28:17.842000,10924,10925,10925,2
2019-04-29,17:28:19.878000,10924,10926,10925,1
2019-04-29,17:28:19.966000,10924,10925,10925,2
2019-04-29,17:28:19.968000,10924,10925,10925,2
2019-04-29,17:28:20.089000,10924,10925,10925,1
2019-04-29,17:28:20.089000,10924,10925,10925,1
2019-04-29,17:28:21.842000,10924,10925,10925,1
2019-04-29,17:28:22.290000,10924,10925,10925,3
2019-04-29,17:28:22.923000,10924,10925,10925,4
2019-04-29,17:28:25.311000,10924,10926,10925,1
2019-04-29,17:28:25.339000,10924,10925,10925,1
2019-04-29,17:28:25.341000,10924,10925,10925,1
2019-04-29,17:28:25.393000,10924,10925,10925,2
2019-04-29,17:28:25.405000,10924,10925,10925,2
2019-04-29,17:28:28.532000,10925,10926,10925,1
2019-04-29,17:28:28.553000,10925,10926,10925,2
2019-04-29,17:28:28.613000,10925,10926,10925,2
2019-04-29,17:28:28.629000,10925,10926,10925,2
2019-04-29,17:28:28.906000,10925,10926,10925,1
2019-04-29,17:28:39.004000,10925,10926,10926,1
2019-04-29,17:28:39.216000,10925,10926,10926,1
2019-04-29,17:28:43.573000,10926,10927,10926,1
2019-04-29,17:28:55.567000,10926,10927,10926,6
2019-04-29,17:28:59.681000,10926,10927,10927,3
2019-04-29,17:29:04.695000,10926,10927,10927,6
2019-04-29,17:29:07.985000,10926,10927,10927,1
2019-04-29,17:29:30.154000,10926,10927,10927,1
2019-04-29,17:29:41.809000,10926,10927,10927,1
2019-04-29,17:29:48.789000,10926,10927,10927,1
2019-04-29,17:29:50.618000,10926,10927,10927,5
2019-04-29,17:29:57.092000,10926,10927,10927,1
2019-04-29,17:29:58.209000,10926,10927,10927,1
2019-04-29,17:29:58.399000,10926,10927,10927,1
2019-04-29,17:30:00.742000,10926,10927,10927,2
2019-04-29,17:30:00.772000,10926,10927,10927,1
2019-04-29,17:30:01.140000,10927,10928,10927,3
2019-04-29,17:30:01.140000,10927,10928,10926,1
2019-04-29,17:30:01.305000,10926,10928,10926,1
2019-04-29,17:30:01.311000,10926,10928,10926,1
2019-04-29,17:30:01.385000,10926,10927,10926,2
2019-04-29,17:30:01.518000,10926,10927,10926,2
2019-04-29,17:30:01.564000,10926,10927,10926,1
2019-04-29,17:30:02.334000,10926,10927,10926,1
2019-04-29,17:30:02.359000,10926,10927,10926,1
2019-04-29,17:30:07.449000,10926,10927,10926,1
2019-04-29,17:30:07.513000,10926,10927,10926,1
2019-04-29,17:30:07.539000,10926,10927,10926,1
2019-04-29,17:30:07.572000,10926,10927,10926,1
2019-04-29,17:30:07.599000,10926,10927,10926,1
2019-04-29,17:30:07.625000,10926,10927,10926,1
2019-04-29,17:30:11.228000,10926,10927,10927,4
2019-04-29,17:30:11.754000,10926,10927,10926,1
2019-04-29,17:30:14.376000,10926,10927,10926,1
2019-04-29,17:30:36.941000,10927,10928,10928,2
2019-04-29,17:30:36.986000,10927,10928,10928,11
2019-04-29,17:30:37.214000,10927,10928,10928,20
2019-04-29,17:30:37.339000,10927,10928,10928,14
2019-04-29,17:30:38.348000,10928,10929,10928,2
2019-04-29,17:30:54.775000,10928,10929,10928,1
2019-04-29,17:31:03.552000,10928,10929,10929,2
2019-04-29,17:31:10.575000,10928,10929,10929,5
2019-04-29,17:31:38.760000,10928,10929,10929,3
2019-04-29,17:31:43.938000,10928,10929,10929,2
2019-04-29,17:31:46.727000,10928,10929,10928,1
2019-04-29,17:31:49.738000,10928,10929,10928,5
2019-04-29,17:31:53.370000,10928,10929,10928,2
2019-04-29,17:32:04.901000,10928,10929,10929,2
2019-04-29,17:32:10.817000,10928,10929,10928,2
2019-04-29,17:33:04.591000,10928,10929,10928,4
2019-04-29,17:33:19.077000,10927,10928,10927,1
2019-04-29,17:33:26.027000,10927,10928,10927,1
2019-04-29,17:33:34.977000,10926,10927,10926,1
2019-04-29,17:33:37.857000,10926,10927,10926,4
2019-04-29,17:33:41.245000,10926,10927,10926,3
2019-04-29,17:33:43.072000,10926,10927,10927,1
2019-04-29,17:33:49.620000,10926,10927,10927,4
2019-04-29,17:33:59.926000,10927,10928,10927,2
2019-04-29,17:34:07.479000,10927,10928,10927,1
2019-04-29,17:34:07.479000,10927,10928,10926,1
2019-04-29,17:34:11.598000,10926,10927,10926,4
2019-04-29,17:34:31.061000,10926,10927,10926,11
2019-04-29,17:34:31.062000,10926,10927,10926,8
2019-04-29,17:34:31.089000,10926,10927,10926,2
2019-04-29,17:34:31.089000,10926,10927,10926,8
2019-04-29,17:34:31.405000,10925,10926,10925,1
2019-04-29,17:34:31.660000,10925,10926,10925,1
2019-04-29,17:34:31.732000,10925,10926,10925,2
2019-04-29,17:34:35.686000,10925,10926,10926,1
2019-04-29,17:34:40.635000,10925,10926,10926,2
2019-04-29,17:34:48.379000,10925,10926,10926,1
2019-04-29,17:34:57.328000,10925,10926,10925,3
2019-04-29,17:35:00.102000,10925,10926,10926,2
2019-04-29,17:35:05.105000,10925,10926,10926,2
2019-04-29,17:35:09.577000,10925,10926,10926,1
2019-04-29,17:35:21.673000,10926,10927,10926,1
2019-04-29,17:35:22.602000,10925,10926,10926,2
2019-04-29,17:35:51.150000,10926,10927,10926,1
2019-04-29,17:35:57.141000,10926,10927,10926,1
2019-04-29,17:35:57.174000,10926,10927,10926,2
2019-04-29,17:36:16.892000,10925,10926,10926,1
2019-04-29,17:36:17.678000,10925,10926,10925,2
2019-04-29,17:36:17.966000,10925,10926,10925,1
2019-04-29,17:36:25.329000,10925,10926,10925,2
2019-04-29,17:36:34.395000,10925,10926,10925,1
2019-04-29,17:36:35.024000,10925,10926,10925,1
2019-04-29,17:36:40.772000,10925,10926,10925,1
2019-04-29,17:36:41.591000,10925,10926,10926,1
2019-04-29,17:36:48.647000,10925,10926,10926,14
2019-04-29,17:36:49.063000,10926,10927,10926,1
2019-04-29,17:36:50.570000,10926,10927,10926,1
2019-04-29,17:36:55.607000,10926,10927,10926,2
2019-04-29,17:36:56.850000,10926,10927,10926,4
2019-04-29,17:37:08.890000,10926,10927,10926,1
2019-04-29,17:37:18.237000,10926,10927,10926,3
2019-04-29,17:37:51.490000,10926,10927,10926,1
2019-04-29,17:38:09.369000,10926,10927,10926,11
2019-04-29,17:38:34.528000,10925,10926,10926,1
2019-04-29,17:38:53.958000,10925,10926,10925,1
2019-04-29,17:39:05.945000,10925,10926,10925,3
2019-04-29,17:39:07.592000,10925,10926,10925,1
2019-04-29,17:39:13.421000,10925,10926,10925,6
2019-04-29,17:39:19.922000,10925,10926,10926,1
2019-04-29,17:39:20.180000,10925,10926,10925,1
2019-04-29,17:39:38.964000,10925,10926,10926,4
2019-04-29,17:39:39.229000,10925,10926,10926,7
2019-04-29,17:39:40.857000,10926,10927,10926,2
2019-04-29,17:39:50.256000,10926,10927,10926,2
2019-04-29,17:40:24.346000,10926,10927,10927,1
2019-04-29,17:40:25.580000,10926,10927,10926,2
2019-04-29,17:40:27.473000,10926,10927,10926,2
2019-04-29,17:40:27.473000,10926,10927,10926,1
2019-04-29,17:40:27.473000,10926,10927,10926,8
2019-04-29,17:40:36.816000,10925,10926,10925,5
2019-04-29,17:40:40.706000,10925,10926,10925,1
2019-04-29,17:40:49.770000,10925,10926,10925,1
2019-04-29,17:40:54.602000,10925,10926,10926,1
2019-04-29,17:40:54.819000,10925,10926,10926,1
2019-04-29,17:41:00.155000,10925,10926,10925,2
2019-04-29,17:41:15.878000,10925,10926,10925,5
2019-04-29,17:41:35.610000,10925,10926,10925,3
2019-04-29,17:41:35.619000,10925,10926,10925,1
2019-04-29,17:41:35.636000,10925,10926,10925,3
2019-04-29,17:41:35.640000,10925,10926,10925,1
2019-04-29,17:41:35.659000,10925,10926,10925,2
2019-04-29,17:41:35.721000,10925,10926,10926,1
2019-04-29,17:41:36.343000,10925,10926,10925,3
2019-04-29,17:41:36.367000,10925,10926,10925,1
2019-04-29,17:41:36.377000,10925,10926,10925,3
2019-04-29,17:41:36.383000,10925,10926,10925,1
2019-04-29,17:41:36.383000,10925,10926,10925,2
2019-04-29,17:41:38.259000,10925,10926,10925,1
2019-04-29,17:41:40.465000,10925,10926,10925,10
2019-04-29,17:41:40.589000,10925,10926,10925,2
2019-04-29,17:41:42.127000,10924,10925,10924,3
2019-04-29,17:41:42.136000,10924,10925,10924,1
2019-04-29,17:41:42.213000,10924,10925,10924,1
2019-04-29,17:41:42.219000,10924,10925,10924,3
2019-04-29,17:41:42.223000,10924,10925,10924,2
2019-04-29,17:41:42.740000,10924,10925,10924,1
2019-04-29,17:41:44.503000,10924,10925,10924,3
2019-04-29,17:41:44.503000,10924,10925,10923,2
2019-04-29,17:41:44.781000,10923,10924,10923,3
2019-04-29,17:41:45.197000,10923,10924,10923,2
2019-04-29,17:41:48.336000,10923,10924,10924,1
2019-04-29,17:41:48.797000,10923,10924,10924,1
2019-04-29,17:41:52.307000,10923,10925,10923,3
2019-04-29,17:41:54.385000,10924,10925,10924,2
2019-04-29,17:41:54.385000,10924,10925,10923,6
2019-04-29,17:41:54.898000,10923,10925,10923,2
2019-04-29,17:41:59.913000,10924,10925,10924,1
2019-04-29,17:42:00.484000,10923,10924,10923,2
2019-04-29,17:42:05.088000,10923,10924,10923,1
2019-04-29,17:42:05.111000,10923,10924,10924,1
2019-04-29,17:42:05.536000,10923,10924,10923,1
2019-04-29,17:42:06.115000,10923,10924,10923,1
2019-04-29,17:42:06.896000,10923,10924,10923,1
2019-04-29,17:42:13.091000,10923,10924,10924,3
2019-04-29,17:42:15.126000,10923,10924,10923,1
2019-04-29,17:42:15.126000,10923,10924,10923,3
2019-04-29,17:42:15.149000,10923,10924,10923,3
2019-04-29,17:42:15.172000,10923,10924,10923,1
2019-04-29,17:42:15.189000,10923,10924,10923,2
2019-04-29,17:42:36.366000,10924,10925,10924,1
2019-04-29,17:42:37.742000,10924,10925,10924,1
2019-04-29,17:42:37.930000,10924,10925,10924,1
2019-04-29,17:42:43.012000,10924,10925,10924,1
2019-04-29,17:42:52.966000,10924,10925,10925,2
2019-04-29,17:42:53.091000,10924,10925,10925,5
2019-04-29,17:42:55.462000,10924,10926,10924,1
2019-04-29,17:43:20.583000,10924,10925,10925,2
2019-04-29,17:43:27.501000,10924,10925,10925,1
2019-04-29,17:43:27.591000,10924,10925,10925,4
2019-04-29,17:43:43.017000,10925,10926,10925,1
2019-04-29,17:43:46.279000,10924,10925,10925,2
2019-04-29,17:43:48.871000,10924,10925,10925,1
2019-04-29,17:43:57.656000,10925,10926,10925,1
2019-04-29,17:44:17.859000,10925,10926,10925,4
2019-04-29,17:44:31.681000,10924,10925,10925,4
2019-04-29,17:44:52.440000,10925,10926,10925,5
2019-04-29,17:45:17.276000,10925,10926,10926,1
2019-04-29,17:45:28.293000,10925,10926,10925,1
2019-04-29,17:45:30.231000,10925,10926,10926,1
2019-04-29,17:45:40.671000,10925,10926,10925,1
2019-04-29,17:45:44.524000,10925,10926,10926,3
2019-04-29,17:45:55.141000,10925,10926,10926,1
2019-04-29,17:45:57.339000,10925,10926,10926,1
2019-04-29,17:45:57.339000,10925,10926,10926,2
2019-04-29,17:45:58.611000,10926,10927,10927,1
2019-04-29,17:46:20.364000,10926,10927,10927,2
2019-04-29,17:46:31.766000,10926,10927,10927,3
2019-04-29,17:46:31.767000,10926,10927,10927,2
2019-04-29,17:46:31.767000,10926,10927,10927,2
2019-04-29,17:46:31.767000,10926,10927,10927,5
2019-04-29,17:46:31.767000,10926,10927,10927,1
2019-04-29,17:46:31.794000,10926,10927,10927,1
2019-04-29,17:46:54.346000,10927,10928,10927,5
2019-04-29,17:47:02.810000,10927,10928,10928,1
2019-04-29,17:47:03.942000,10927,10928,10928,1
2019-04-29,17:47:15.938000,10927,10928,10928,1
2019-04-29,17:47:17.157000,10927,10928,10928,2
2019-04-29,17:47:21.108000,10927,10928,10928,4
2019-04-29,17:47:23.555000,10927,10928,10927,1
2019-04-29,17:47:30.334000,10927,10928,10928,3
2019-04-29,17:47:37.796000,10927,10928,10928,1
2019-04-29,17:48:08.209000,10927,10928,10928,1
2019-04-29,17:48:24.156000,10927,10928,10928,2
2019-04-29,17:48:52.210000,10927,10928,10928,2
2019-04-29,17:49:03.061000,10927,10928,10928,1
2019-04-29,17:49:14.466000,10927,10928,10928,1
2019-04-29,17:49:14.466000,10927,10928,10929,1
2019-04-29,17:49:22.933000,10927,10928,10928,1
2019-04-29,17:49:28.750000,10927,10928,10928,1
2019-04-29,17:49:32.612000,10927,10928,10928,1
2019-04-29,17:49:39.860000,10928,10929,10928,2
2019-04-29,17:49:51.589000,10927,10928,10928,1
2019-04-29,17:50:19.337000,10927,10928,10928,2
2019-04-29,17:50:26.813000,10928,10929,10928,1
2019-04-29,17:50:37.142000,10927,10928,10928,2
2019-04-29,17:50:59.089000,10927,10928,10928,5
2019-04-29,17:51:18.214000,10928,10929,10929,1
2019-04-29,17:51:18.339000,10928,10929,10929,1
2019-04-29,17:51:19.189000,10928,10929,10929,1
2019-04-29,17:51:19.190000,10928,10929,10929,4
2019-04-29,17:51:19.190000,10928,10929,10929,2
2019-04-29,17:51:19.190000,10928,10929,10929,4
2019-04-29,17:51:19.190000,10928,10929,10929,1
2019-04-29,17:51:19.190000,10928,10929,10929,2
2019-04-29,17:51:22.552000,10929,10930,10929,1
2019-04-29,17:51:28.722000,10929,10930,10930,1
2019-04-29,17:51:29.027000,10929,10930,10930,5
2019-04-29,17:51:32.933000,10929,10930,10929,1
2019-04-29,17:51:39.531000,10929,10930,10930,1
2019-04-29,17:51:42.671000,10929,10930,10930,2
2019-04-29,17:51:45.362000,10929,10930,10930,1
2019-04-29,17:51:46.515000,10929,10930,10930,1
2019-04-29,17:52:00.154000,10930,10931,10930,1
2019-04-29,17:52:00.415000,10930,10931,10930,1
2019-04-29,17:52:00.687000,10930,10931,10930,1
2019-04-29,17:52:00.747000,10930,10931,10930,1
2019-04-29,17:52:01.557000,10930,10931,10930,1
2019-04-29,17:52:09.219000,10930,10931,10931,6
2019-04-29,17:52:09.374000,10930,10931,10931,1
2019-04-29,17:52:09.649000,10930,10931,10931,1
2019-04-29,17:52:12.445000,10930,10931,10930,1
2019-04-29,17:52:13.071000,10930,10931,10930,5
2019-04-29,17:52:25.357000,10929,10930,10929,1
2019-04-29,17:52:50.794000,10929,10930,10929,3
2019-04-29,17:52:50.795000,10929,10930,10929,2
2019-04-29,17:52:50.795000,10929,10930,10929,6
2019-04-29,17:52:53.137000,10928,10929,10929,1
2019-04-29,17:52:58.464000,10928,10929,10928,1
2019-04-29,17:52:59.258000,10928,10929,10928,3
2019-04-29,17:52:59.258000,10928,10929,10927,1
2019-04-29,17:53:03.506000,10927,10928,10927,1
2019-04-29,17:53:05.856000,10927,10928,10927,2
2019-04-29,17:53:06.160000,10927,10928,10927,1
2019-04-29,17:53:06.295000,10927,10928,10927,1
2019-04-29,17:53:09.781000,10926,10927,10927,2
2019-04-29,17:53:24.016000,10927,10928,10927,1
2019-04-29,17:53:33.142000,10927,10928,10927,3
2019-04-29,17:53:43.157000,10927,10928,10928,1
2019-04-29,17:54:11.259000,10927,10928,10928,5
2019-04-29,17:54:22.277000,10927,10928,10927,3
2019-04-29,17:54:22.495000,10927,10928,10927,4
2019-04-29,17:55:09.132000,10926,10927,10927,1
2019-04-29,17:55:14.659000,10926,10927,10927,3
2019-04-29,17:55:20.129000,10927,10928,10927,2
2019-04-29,17:55:38.982000,10927,10928,10928,10
2019-04-29,17:56:01.081000,10927,10928,10928,2
2019-04-29,17:56:03.512000,10927,10928,10927,13
2019-04-29,17:56:03.512000,10927,10928,10927,5
2019-04-29,17:56:03.513000,10927,10928,10927,4
2019-04-29,17:56:03.513000,10927,10928,10927,1
2019-04-29,17:56:03.616000,10926,10927,10926,1
2019-04-29,17:56:05.418000,10926,10927,10926,2
2019-04-29,17:56:06.285000,10926,10927,10926,2
2019-04-29,17:56:22.091000,10926,10927,10927,3
2019-04-29,17:56:34.419000,10927,10928,10927,1
2019-04-29,17:56:51.581000,10927,10928,10928,2
2019-04-29,17:57:28.745000,10927,10928,10927,2
2019-04-29,17:58:05.172000,10927,10928,10927,1
2019-04-29,17:58:13.546000,10927,10928,10928,1
2019-04-29,17:58:37.793000,10927,10928,10928,4
2019-04-29,17:58:47.960000,10927,10928,10928,1
2019-04-29,17:58:49.325000,10927,10928,10928,2
2019-04-29,17:58:51.598000,10927,10928,10928,1
2019-04-29,17:59:02.147000,10927,10928,10927,1
2019-04-29,17:59:25.726000,10927,10928,10927,1
2019-04-29,17:59:57.636000,10927,10928,10927,1
2019-04-29,17:59:58.778000,10927,10928,10927,2
2019-04-29,18:00:00.957000,10927,10928,10927,2
2019-04-29,18:00:21.586000,10927,10928,10927,1
2019-04-29,18:00:21.783000,10927,10928,10927,3
2019-04-29,18:00:21.794000,10927,10928,10927,3
2019-04-29,18:00:21.962000,10927,10928,10927,1
2019-04-29,18:00:21.962000,10927,10928,10926,1
2019-04-29,18:00:22.064000,10926,10928,10926,2
2019-04-29,18:00:22.233000,10926,10927,10927,1
2019-04-29,18:00:22.718000,10926,10927,10926,2
2019-04-29,18:00:26.106000,10926,10927,10927,2
2019-04-29,18:01:16.566000,10926,10927,10927,2
2019-04-29,18:01:47.223000,10926,10927,10927,1
2019-04-29,18:02:06.063000,10926,10927,10927,2
2019-04-29,18:02:22.384000,10926,10927,10927,1
2019-04-29,18:02:38.908000,10926,10927,10927,8
2019-04-29,18:02:39.476000,10927,10928,10928,2
2019-04-29,18:02:54.878000,10927,10928,10928,1
2019-04-29,18:02:57.936000,10927,10928,10928,2
2019-04-29,18:03:26.502000,10927,10928,10928,2
2019-04-29,18:04:15.946000,10927,10928,10927,2
2019-04-29,18:04:24.857000,10927,10928,10927,1
2019-04-29,18:04:52.189000,10927,10928,10928,3
2019-04-29,18:04:57.505000,10927,10928,10928,1
2019-04-29,18:06:08.294000,10927,10928,10928,2
2019-04-29,18:06:28.576000,10927,10928,10928,5
2019-04-29,18:07:11.212000,10928,10929,10928,1
2019-04-29,18:07:22.330000,10928,10929,10929,2
2019-04-29,18:07:22.349000,10928,10929,10929,2
2019-04-29,18:07:37.218000,10928,10929,10929,1
2019-04-29,18:07:37.254000,10928,10929,10929,1
2019-04-29,18:07:37.339000,10928,10929,10929,1
2019-04-29,18:07:44.064000,10928,10929,10929,1
2019-04-29,18:07:47.578000,10928,10929,10928,1
2019-04-29,18:07:47.600000,10928,10929,10928,1
2019-04-29,18:08:12.039000,10928,10929,10929,1
2019-04-29,18:08:12.059000,10928,10929,10929,1
2019-04-29,18:08:19.099000,10928,10929,10929,1
2019-04-29,18:08:27.573000,10928,10929,10929,1
2019-04-29,18:08:32.171000,10928,10929,10928,1
2019-04-29,18:08:32.363000,10928,10929,10928,1
2019-04-29,18:09:12.226000,10928,10929,10928,1
2019-04-29,18:10:04.721000,10928,10929,10929,2
2019-04-29,18:10:20.562000,10928,10929,10929,11
2019-04-29,18:10:36.827000,10929,10930,10930,1
2019-04-29,18:10:47.321000,10929,10930,10930,1
2019-04-29,18:10:47.321000,10929,10930,10930,1
2019-04-29,18:10:47.323000,10929,10930,10930,1
2019-04-29,18:10:47.339000,10929,10930,10930,1
2019-04-29,18:10:48.024000,10929,10930,10930,3
2019-04-29,18:10:48.089000,10929,10930,10930,1
2019-04-29,18:10:48.089000,10929,10930,10930,1
2019-04-29,18:10:48.089000,10929,10930,10930,2
2019-04-29,18:10:48.089000,10929,10930,10930,1
2019-04-29,18:10:48.089000,10929,10930,10930,2
2019-04-29,18:10:48.090000,10929,10930,10930,2
2019-04-29,18:10:48.090000,10929,10930,10930,3
2019-04-29,18:10:48.090000,10929,10930,10930,1
2019-04-29,18:10:59.211000,10929,10931,10931,18
2019-04-29,18:11:02.883000,10930,10931,10931,2
2019-04-29,18:11:11.705000,10930,10931,10930,5
2019-04-29,18:11:20.467000,10930,10931,10930,1
2019-04-29,18:11:30.428000,10930,10931,10931,2
2019-04-29,18:11:34.340000,10930,10931,10931,1
2019-04-29,18:11:37.153000,10930,10931,10931,1
2019-04-29,18:11:43.584000,10930,10931,10931,2
2019-04-29,18:11:48.263000,10931,10932,10931,1
2019-04-29,18:12:08.495000,10931,10932,10931,30
2019-04-29,18:12:08.495000,10931,10932,10931,7
2019-04-29,18:12:08.495000,10931,10932,10931,4
2019-04-29,18:12:08.495000,10931,10932,10931,7
2019-04-29,18:12:08.496000,10931,10932,10931,2
2019-04-29,18:12:08.496000,10931,10932,10931,7
2019-04-29,18:12:08.589000,10931,10932,10931,3
2019-04-29,18:12:11.336000,10930,10931,10931,4
2019-04-29,18:12:26.641000,10930,10931,10931,1
2019-04-29,18:12:38.221000,10930,10931,10931,1
2019-04-29,18:12:51.269000,10930,10931,10931,1
2019-04-29,18:12:51.308000,10930,10931,10931,6
2019-04-29,18:12:55.632000,10931,10932,10931,1
2019-04-29,18:13:30.054000,10930,10931,10931,1
2019-04-29,18:13:45.796000,10930,10931,10930,1
2019-04-29,18:15:52.827000,10930,10931,10930,2
2019-04-29,18:16:07.725000,10930,10931,10930,7
2019-04-29,18:16:07.933000,10929,10931,10930,1
2019-04-29,18:17:14.475000,10929,10930,10929,1
2019-04-29,18:17:55.403000,10929,10930,10929,2
2019-04-29,18:17:59.083000,10929,10930,10929,1
2019-04-29,18:17:59.089000,10929,10930,10929,1
2019-04-29,18:17:59.214000,10929,10930,10929,5
2019-04-29,18:17:59.214000,10929,10930,10929,3
2019-04-29,18:18:09.391000,10928,10929,10928,1
2019-04-29,18:18:09.757000,10928,10929,10928,2
2019-04-29,18:18:12.983000,10928,10929,10928,3
2019-04-29,18:18:15.359000,10928,10929,10928,1
2019-04-29,18:18:35.928000,10927,10928,10928,2
2019-04-29,18:19:50.529000,10929,10930,10929,5
2019-04-29,18:19:51.603000,10929,10930,10930,1
2019-04-29,18:19:53.794000,10929,10930,10929,1
2019-04-29,18:20:27.947000,10929,10930,10930,2
2019-04-29,18:20:28.446000,10929,10930,10929,6
2019-04-29,18:20:45.490000,10929,10930,10929,3
2019-04-29,18:20:49.218000,10929,10930,10929,1
2019-04-29,18:21:25.185000,10929,10930,10930,1
2019-04-29,18:21:58.016000,10929,10930,10930,4
2019-04-29,18:22:24.741000,10930,10931,10931,2
2019-04-29,18:22:44.203000,10931,10932,10931,2
2019-04-29,18:23:05.936000,10931,10932,10931,1
2019-04-29,18:23:06.091000,10931,10932,10931,4
2019-04-29,18:23:08.338000,10930,10931,10931,1
2019-04-29,18:23:39.226000,10930,10931,10931,2
2019-04-29,18:23:39.648000,10930,10931,10930,1
2019-04-29,18:23:41.524000,10930,10931,10931,1
2019-04-29,18:23:49.630000,10930,10931,10931,1
2019-04-29,18:23:57.998000,10930,10931,10931,5
2019-04-29,18:24:16.152000,10930,10931,10931,16
2019-04-29,18:24:16.152000,10930,10931,10931,1
2019-04-29,18:24:16.152000,10930,10931,10931,1
2019-04-29,18:24:16.214000,10931,10932,10931,1
2019-04-29,18:24:16.217000,10931,10932,10931,1
2019-04-29,18:24:35.407000,10930,10931,10931,1
2019-04-29,18:24:37.483000,10930,10931,10931,1
2019-04-29,18:24:42.228000,10930,10931,10931,1
2019-04-29,18:24:42.339000,10930,10931,10931,1
2019-04-29,18:24:42.592000,10931,10932,10931,1
2019-04-29,18:24:58.914000,10930,10931,10930,4
2019-04-29,18:25:08.866000,10929,10930,10930,3
2019-04-29,18:25:11.442000,10929,10931,10929,19
2019-04-29,18:25:11.442000,10929,10931,10929,1
2019-04-29,18:25:29.768000,10929,10930,10929,20
2019-04-29,18:26:29.051000,10929,10930,10929,1
2019-04-29,18:27:47.716000,10929,10930,10930,2
2019-04-29,18:28:02.814000,10929,10930,10930,2
2019-04-29,18:28:14.690000,10929,10930,10930,2
2019-04-29,18:28:25.325000,10929,10930,10930,6
2019-04-29,18:29:00.589000,10930,10931,10930,4
2019-04-29,18:29:22.545000,10929,10930,10929,1
2019-04-29,18:29:22.547000,10929,10930,10929,1
2019-04-29,18:29:22.587000,10929,10930,10929,1
2019-04-29,18:29:22.589000,10929,10930,10929,1
2019-04-29,18:29:22.589000,10929,10930,10929,1
2019-04-29,18:29:23.211000,10928,10929,10929,2
2019-04-29,18:29:48.810000,10928,10929,10929,2
2019-04-29,18:29:56.594000,10928,10929,10928,1
2019-04-29,18:30:00.843000,10928,10929,10928,2
2019-04-29,18:30:17.996000,10927,10928,10928,1
2019-04-29,18:30:18.504000,10927,10928,10927,6
2019-04-29,18:30:35.372000,10927,10928,10927,1
2019-04-29,18:30:37.491000,10927,10928,10927,1
2019-04-29,18:30:44.454000,10927,10928,10927,4
2019-04-29,18:30:52.526000,10926,10927,10927,5
2019-04-29,18:30:54.388000,10926,10927,10927,1
2019-04-29,18:31:19.565000,10926,10927,10926,1
2019-04-29,18:31:19.724000,10926,10927,10926,1
2019-04-29,18:31:24.220000,10926,10927,10926,2
2019-04-29,18:31:25.219000,10926,10927,10926,1
2019-04-29,18:31:30.831000,10926,10927,10926,1
2019-04-29,18:31:31.416000,10926,10927,10926,2
2019-04-29,18:31:31.507000,10926,10927,10926,1
2019-04-29,18:31:38.547000,10926,10927,10927,1
2019-04-29,18:31:38.796000,10926,10927,10927,1
2019-04-29,18:31:38.969000,10926,10927,10926,5
2019-04-29,18:31:57.160000,10926,10927,10926,3
2019-04-29,18:32:08.828000,10926,10927,10926,2
2019-04-29,18:33:01.910000,10926,10927,10926,1
2019-04-29,18:33:07.729000,10926,10927,10926,1
2019-04-29,18:33:17.842000,10926,10927,10926,2
2019-04-29,18:33:17.842000,10926,10927,10926,4
2019-04-29,18:33:17.842000,10926,10927,10926,1
2019-04-29,18:33:17.843000,10926,10927,10926,2
2019-04-29,18:33:17.843000,10926,10927,10926,1
2019-04-29,18:33:17.844000,10926,10927,10926,1
2019-04-29,18:33:23.838000,10926,10927,10926,1
2019-04-29,18:33:24.992000,10926,10927,10927,1
2019-04-29,18:33:25.977000,10926,10927,10926,1
2019-04-29,18:33:39.702000,10926,10927,10927,1
2019-04-29,18:33:42.591000,10926,10927,10926,1
2019-04-29,18:33:42.591000,10926,10927,10926,1
2019-04-29,18:33:46.726000,10926,10927,10926,2
2019-04-29,18:33:50.171000,10926,10927,10926,5
2019-04-29,18:33:50.498000,10926,10927,10926,1
2019-04-29,18:33:50.757000,10926,10927,10926,1
2019-04-29,18:33:52.658000,10926,10927,10926,1
2019-04-29,18:34:05.929000,10925,10926,10926,1
2019-04-29,18:34:05.929000,10925,10926,10926,1
2019-04-29,18:34:07.414000,10926,10927,10926,1
2019-04-29,18:34:18.004000,10926,10927,10926,5
2019-04-29,18:34:18.369000,10926,10927,10926,1
2019-04-29,18:34:18.507000,10926,10927,10926,1
2019-04-29,18:34:18.792000,10926,10927,10926,1
2019-04-29,18:34:33.043000,10926,10927,10926,2
2019-04-29,18:34:39.989000,10926,10927,10926,2
2019-04-29,18:34:48.983000,10926,10927,10926,1
2019-04-29,18:34:49.089000,10925,10926,10926,1
2019-04-29,18:35:11.352000,10925,10926,10926,1
2019-04-29,18:35:25.040000,10925,10926,10926,3
2019-04-29,18:35:25.089000,10925,10926,10926,2
2019-04-29,18:35:25.983000,10926,10927,10926,1
2019-04-29,18:35:38.882000,10926,10927,10926,1
2019-04-29,18:35:47.139000,10926,10927,10926,6
2019-04-29,18:36:11.655000,10926,10927,10926,10
2019-04-29,18:36:12.860000,10926,10927,10926,1
2019-04-29,18:36:17.310000,10926,10927,10926,5
2019-04-29,18:36:58.523000,10926,10927,10926,3
2019-04-29,18:37:29.816000,10926,10927,10927,1
2019-04-29,18:37:29.816000,10926,10927,10927,1
2019-04-29,18:37:29.816000,10926,10927,10927,2
2019-04-29,18:37:29.817000,10926,10927,10927,3
2019-04-29,18:37:47.152000,10927,10928,10927,1
2019-04-29,18:38:15.776000,10927,10928,10927,1
2019-04-29,18:38:35.311000,10927,10928,10927,1
2019-04-29,18:38:35.349000,10927,10928,10927,2
2019-04-29,18:38:52.960000,10926,10927,10927,3
2019-04-29,18:38:54.995000,10926,10927,10926,2
2019-04-29,18:38:55.466000,10926,10927,10926,1
2019-04-29,18:39:10.707000,10926,10927,10927,2
2019-04-29,18:39:10.714000,10926,10927,10927,2
