2020-09-01,15:00:00.008000,12692,12693,12694,72
2020-09-01,15:00:00.009000,12693,12694,12694,8
2020-09-01,15:00:00.017000,12693,12694,12695,4
2020-09-01,15:00:00.017000,12693,12694,12695,5
2020-09-01,15:00:00.114000,12693,12696,12696,1
2020-09-01,15:00:00.225000,12694,12696,12694,1
2020-09-01,15:00:00.234000,12694,12696,12694,1
2020-09-01,15:00:00.287000,12694,12696,12694,1
2020-09-01,15:00:00.297000,12694,12696,12694,1
2020-09-01,15:00:00.313000,12694,12696,12694,1
2020-09-01,15:00:00.324000,12694,12696,12696,1
2020-09-01,15:00:00.326000,12694,12696,12694,1
2020-09-01,15:00:00.332000,12694,12696,12694,1
2020-09-01,15:00:00.354000,12694,12696,12694,1
2020-09-01,15:00:00.364000,12694,12696,12696,2
2020-09-01,15:00:00.385000,12694,12696,12694,1
2020-09-01,15:00:00.398000,12694,12696,12694,1
2020-09-01,15:00:00.406000,12694,12696,12696,1
2020-09-01,15:00:00.415000,12694,12696,12696,1
2020-09-01,15:00:00.432000,12694,12696,12696,1
2020-09-01,15:00:00.437000,12694,12696,12694,1
2020-09-01,15:00:00.478000,12694,12696,12696,1
2020-09-01,15:00:00.497000,12694,12696,12694,1
2020-09-01,15:00:00.549000,12694,12696,12695,1
2020-09-01,15:00:00.576000,12695,12697,12697,1
2020-09-01,15:00:00.599000,12695,12697,12695,1
2020-09-01,15:00:00.625000,12695,12697,12695,1
2020-09-01,15:00:00.699000,12694,12696,12696,2
2020-09-01,15:00:00.703000,12694,12696,12697,3
2020-09-01,15:00:00.759000,12694,12696,12697,3
2020-09-01,15:00:00.764000,12694,12696,12698,2
2020-09-01,15:00:00.768000,12694,12696,12698,1
2020-09-01,15:00:00.827000,12695,12698,12698,2
2020-09-01,15:00:00.885000,12695,12698,12696,1
2020-09-01,15:00:00.938000,12695,12698,12697,5
2020-09-01,15:00:00.938000,12695,12698,12698,3
2020-09-01,15:00:00.962000,12695,12698,12698,3
2020-09-01,15:00:00.965000,12695,12698,12699,5
2020-09-01,15:00:00.990000,12695,12698,12695,3
2020-09-01,15:00:01.017000,12695,12698,12698,1
2020-09-01,15:00:01.017000,12695,12698,12699,2
2020-09-01,15:00:01.049000,12695,12698,12699,2
2020-09-01,15:00:01.068000,12695,12698,12699,3
2020-09-01,15:00:01.068000,12695,12698,12700,3
2020-09-01,15:00:01.117000,12695,12700,12700,2
2020-09-01,15:00:01.132000,12695,12700,12700,1
2020-09-01,15:00:01.132000,12695,12700,12701,4
2020-09-01,15:00:01.153000,12695,12700,12701,5
2020-09-01,15:00:01.175000,12695,12700,12700,5
2020-09-01,15:00:01.179000,12695,12700,12701,4
2020-09-01,15:00:01.188000,12695,12700,12701,1
2020-09-01,15:00:01.189000,12695,12700,12701,4
2020-09-01,15:00:01.191000,12695,12700,12702,5
2020-09-01,15:00:01.203000,12699,12702,12702,5
2020-09-01,15:00:01.219000,12699,12702,12702,1
2020-09-01,15:00:01.269000,12699,12702,12702,1
2020-09-01,15:00:01.301000,12699,12702,12699,5
2020-09-01,15:00:01.309000,12699,12702,12698,2
2020-09-01,15:00:01.309000,12699,12702,12699,3
2020-09-01,15:00:01.447000,12697,12698,12698,1
2020-09-01,15:00:01.456000,12697,12698,12699,2
2020-09-01,15:00:01.515000,12697,12698,12700,2
2020-09-01,15:00:01.565000,12697,12698,12700,3
2020-09-01,15:00:01.571000,12699,12701,12701,1
2020-09-01,15:00:01.575000,12699,12701,12701,2
2020-09-01,15:00:01.583000,12699,12701,12702,1
2020-09-01,15:00:01.613000,12699,12701,12702,2
2020-09-01,15:00:01.629000,12699,12701,12702,4
2020-09-01,15:00:01.631000,12699,12701,12701,3
2020-09-01,15:00:01.633000,12699,12701,12700,3
2020-09-01,15:00:01.633000,12699,12701,12700,2
2020-09-01,15:00:01.633000,12699,12701,12699,2
2020-09-01,15:00:01.676000,12699,12701,12701,1
2020-09-01,15:00:01.714000,12699,12702,12702,1
2020-09-01,15:00:01.728000,12699,12702,12702,4
2020-09-01,15:00:01.745000,12699,12702,12703,1
2020-09-01,15:00:01.826000,12699,12701,12701,1
2020-09-01,15:00:01.827000,12699,12701,12701,1
2020-09-01,15:00:01.827000,12699,12701,12702,5
2020-09-01,15:00:01.827000,12699,12701,12703,2
2020-09-01,15:00:01.882000,12699,12701,12703,1
2020-09-01,15:00:01.932000,12699,12701,12702,2
2020-09-01,15:00:02.042000,12699,12702,12701,5
2020-09-01,15:00:02.115000,12699,12702,12702,5
2020-09-01,15:00:02.133000,12699,12702,12699,2
2020-09-01,15:00:02.352000,12698,12700,12700,1
2020-09-01,15:00:02.352000,12698,12700,12701,1
2020-09-01,15:00:02.352000,12698,12700,12702,3
2020-09-01,15:00:02.506000,12700,12703,12700,1
2020-09-01,15:00:02.506000,12700,12703,12699,6
2020-09-01,15:00:02.513000,12700,12703,12698,1
2020-09-01,15:00:02.513000,12700,12703,12697,5
2020-09-01,15:00:02.513000,12700,12703,12696,1
2020-09-01,15:00:02.526000,12700,12703,12696,7
2020-09-01,15:00:02.531000,12700,12703,12696,1
2020-09-01,15:00:02.843000,12698,12700,12700,2
2020-09-01,15:00:02.843000,12698,12700,12701,3
2020-09-01,15:00:02.877000,12698,12700,12701,7
2020-09-01,15:00:02.877000,12698,12700,12702,2
2020-09-01,15:00:02.878000,12698,12700,12702,12
2020-09-01,15:00:02.912000,12698,12700,12702,3
2020-09-01,15:00:03.043000,12698,12703,12701,2
2020-09-01,15:00:03.043000,12698,12703,12702,1
2020-09-01,15:00:03.104000,12699,12701,12701,1
2020-09-01,15:00:03.132000,12699,12701,12702,3
2020-09-01,15:00:03.132000,12699,12701,12703,2
2020-09-01,15:00:03.331000,12699,12704,12700,1
2020-09-01,15:00:03.365000,12699,12704,12702,1
2020-09-01,15:00:03.458000,12699,12702,12702,5
2020-09-01,15:00:03.458000,12699,12702,12703,4
2020-09-01,15:00:03.458000,12699,12702,12704,3
2020-09-01,15:00:03.458000,12699,12702,12705,1
2020-09-01,15:00:03.610000,12698,12704,12704,1
2020-09-01,15:00:03.709000,12698,12703,12703,1
2020-09-01,15:00:03.760000,12698,12703,12704,2
2020-09-01,15:00:03.803000,12698,12703,12704,1
2020-09-01,15:00:03.803000,12698,12703,12705,19
2020-09-01,15:00:03.824000,12698,12706,12698,2
2020-09-01,15:00:03.912000,12698,12706,12702,1
2020-09-01,15:00:04.434000,12697,12702,12698,1
2020-09-01,15:00:04.434000,12697,12702,12697,2
2020-09-01,15:00:04.494000,12697,12701,12699,1
2020-09-01,15:00:04.673000,12697,12700,12697,1
2020-09-01,15:00:04.751000,12695,12697,12697,1
2020-09-01,15:00:04.751000,12695,12697,12698,1
2020-09-01,15:00:04.953000,12695,12698,12698,4
2020-09-01,15:00:04.953000,12695,12698,12699,6
2020-09-01,15:00:04.953000,12695,12698,12700,2
2020-09-01,15:00:04.953000,12695,12698,12700,2
2020-09-01,15:00:05.055000,12695,12698,12702,1
2020-09-01,15:00:05.055000,12695,12698,12702,2
2020-09-01,15:00:05.055000,12695,12698,12703,4
2020-09-01,15:00:05.257000,12697,12704,12704,3
2020-09-01,15:00:05.257000,12697,12704,12705,1
2020-09-01,15:00:05.257000,12697,12704,12705,2
2020-09-01,15:00:05.661000,12697,12704,12704,1
2020-09-01,15:00:05.661000,12697,12704,12705,2
2020-09-01,15:00:05.661000,12697,12704,12706,1
2020-09-01,15:00:05.800000,12698,12706,12698,1
2020-09-01,15:00:05.860000,12697,12706,12697,2
2020-09-01,15:00:05.860000,12697,12706,12696,1
2020-09-01,15:00:05.864000,12697,12706,12705,1
2020-09-01,15:00:05.864000,12697,12706,12706,1
2020-09-01,15:00:05.977000,12697,12706,12706,2
2020-09-01,15:00:06.265000,12699,12702,12702,1
2020-09-01,15:00:06.265000,12699,12702,12703,1
2020-09-01,15:00:06.265000,12699,12702,12705,6
2020-09-01,15:00:06.573000,12700,12704,12704,1
2020-09-01,15:00:06.573000,12700,12704,12705,1
2020-09-01,15:00:06.599000,12700,12704,12700,1
2020-09-01,15:00:06.796000,12700,12704,12702,1
2020-09-01,15:00:06.796000,12700,12704,12704,1
2020-09-01,15:00:06.829000,12700,12705,12703,1
2020-09-01,15:00:06.884000,12700,12705,12700,2
2020-09-01,15:00:06.996000,12699,12704,12700,2
2020-09-01,15:00:07.091000,12699,12704,12704,1
2020-09-01,15:00:07.091000,12699,12704,12704,3
2020-09-01,15:00:07.107000,12699,12704,12700,1
2020-09-01,15:00:07.200000,12700,12704,12704,1
2020-09-01,15:00:07.393000,12701,12705,12705,4
2020-09-01,15:00:07.636000,12701,12705,12701,2
2020-09-01,15:00:07.721000,12700,12705,12705,4
2020-09-01,15:00:07.755000,12700,12705,12701,1
2020-09-01,15:00:07.883000,12702,12704,12702,1
2020-09-01,15:00:07.883000,12702,12704,12701,1
2020-09-01,15:00:07.884000,12702,12704,12701,1
2020-09-01,15:00:07.895000,12702,12704,12701,1
2020-09-01,15:00:07.895000,12702,12704,12700,1
2020-09-01,15:00:07.897000,12702,12704,12704,1
2020-09-01,15:00:07.897000,12702,12704,12705,5
2020-09-01,15:00:07.942000,12702,12704,12701,1
2020-09-01,15:00:08.198000,12700,12703,12703,1
2020-09-01,15:00:08.397000,12701,12704,12703,1
2020-09-01,15:00:08.512000,12701,12704,12704,1
2020-09-01,15:00:08.628000,12701,12704,12701,1
2020-09-01,15:00:08.861000,12700,12703,12701,1
2020-09-01,15:00:08.939000,12700,12703,12702,1
2020-09-01,15:00:09.256000,12700,12702,12700,1
2020-09-01,15:00:09.485000,12700,12703,12700,1
2020-09-01,15:00:09.889000,12699,12701,12700,2
2020-09-01,15:00:10.327000,12699,12701,12700,1
2020-09-01,15:00:10.447000,12699,12701,12699,6
2020-09-01,15:00:11.293000,12697,12700,12700,1
2020-09-01,15:00:11.293000,12697,12700,12701,3
2020-09-01,15:00:11.489000,12699,12702,12700,1
2020-09-01,15:00:11.631000,12699,12701,12699,1
2020-09-01,15:00:12.090000,12698,12702,12702,1
2020-09-01,15:00:13.447000,12699,12701,12699,1
2020-09-01,15:00:13.500000,12699,12701,12698,1
2020-09-01,15:00:13.500000,12699,12701,12697,1
2020-09-01,15:00:13.929000,12699,12701,12699,1
2020-09-01,15:00:14.817000,12698,12701,12701,1
2020-09-01,15:00:14.837000,12698,12701,12701,1
2020-09-01,15:00:14.965000,12700,12701,12701,1
2020-09-01,15:00:15.200000,12700,12701,12700,1
2020-09-01,15:00:15.201000,12700,12701,12701,1
2020-09-01,15:00:15.201000,12700,12701,12702,1
2020-09-01,15:00:16.077000,12699,12701,12701,1
2020-09-01,15:00:16.714000,12700,12702,12700,2
2020-09-01,15:00:17.009000,12700,12702,12702,1
2020-09-01,15:00:17.398000,12701,12702,12701,1
2020-09-01,15:00:18.199000,12700,12702,12700,1
2020-09-01,15:00:18.401000,12700,12702,12702,1
2020-09-01,15:00:18.401000,12700,12702,12703,1
2020-09-01,15:00:18.525000,12701,12703,12701,1
2020-09-01,15:00:18.529000,12701,12703,12701,4
2020-09-01,15:00:18.529000,12701,12703,12700,1
2020-09-01,15:00:18.596000,12700,12703,12703,1
2020-09-01,15:00:18.795000,12700,12703,12703,2
2020-09-01,15:00:18.870000,12700,12704,12700,1
2020-09-01,15:00:19.274000,12700,12702,12702,1
2020-09-01,15:00:19.327000,12701,12704,12704,1
2020-09-01,15:00:19.383000,12701,12704,12704,1
2020-09-01,15:00:19.406000,12701,12704,12704,1
2020-09-01,15:00:19.493000,12702,12704,12702,2
2020-09-01,15:00:19.713000,12702,12704,12702,1
2020-09-01,15:00:19.790000,12702,12704,12702,1
2020-09-01,15:00:20.066000,12702,12704,12702,1
2020-09-01,15:00:20.067000,12702,12704,12702,4
2020-09-01,15:00:20.086000,12701,12704,12701,1
2020-09-01,15:00:20.121000,12701,12704,12701,1
2020-09-01,15:00:20.440000,12701,12704,12702,1
2020-09-01,15:00:20.628000,12702,12704,12702,5
2020-09-01,15:00:21.114000,12701,12703,12701,1
2020-09-01,15:00:21.132000,12701,12703,12701,1
2020-09-01,15:00:21.189000,12701,12703,12703,1
2020-09-01,15:00:21.699000,12701,12703,12701,4
2020-09-01,15:00:22.520000,12700,12701,12700,1
2020-09-01,15:00:22.532000,12700,12701,12699,1
2020-09-01,15:00:22.565000,12700,12701,12700,2
2020-09-01,15:00:23.003000,12700,12701,12701,1
2020-09-01,15:00:23.072000,12700,12701,12701,3
2020-09-01,15:00:23.081000,12700,12701,12700,1
2020-09-01,15:00:24.033000,12699,12701,12701,1
2020-09-01,15:00:24.109000,12699,12701,12701,1
2020-09-01,15:00:25.660000,12700,12701,12700,1
2020-09-01,15:00:25.660000,12700,12701,12700,1
2020-09-01,15:00:25.986000,12699,12701,12699,1
2020-09-01,15:00:26.523000,12698,12700,12700,1
2020-09-01,15:00:29.751000,12698,12700,12700,2
2020-09-01,15:00:30.860000,12699,12701,12699,2
2020-09-01,15:00:31.152000,12698,12700,12700,1
2020-09-01,15:00:31.227000,12699,12701,12701,1
2020-09-01,15:00:31.229000,12699,12701,12701,1
2020-09-01,15:00:31.334000,12699,12701,12701,1
2020-09-01,15:00:31.536000,12699,12701,12699,1
2020-09-01,15:00:32.371000,12699,12701,12700,1
2020-09-01,15:00:32.486000,12699,12701,12701,1
2020-09-01,15:00:32.837000,12699,12701,12699,1
2020-09-01,15:00:32.936000,12699,12701,12699,1
2020-09-01,15:00:34.169000,12699,12700,12700,1
2020-09-01,15:00:35.359000,12699,12700,12700,1
2020-09-01,15:00:35.465000,12699,12701,12699,1
2020-09-01,15:00:35.807000,12700,12702,12700,1
2020-09-01,15:00:35.848000,12700,12702,12700,4
2020-09-01,15:00:35.872000,12700,12702,12700,1
2020-09-01,15:00:35.947000,12700,12701,12700,4
2020-09-01,15:00:36.389000,12699,12701,12699,2
2020-09-01,15:00:36.447000,12699,12700,12699,1
2020-09-01,15:00:36.830000,12698,12699,12698,2
2020-09-01,15:00:37.038000,12698,12699,12698,1
2020-09-01,15:00:37.039000,12698,12699,12698,6
2020-09-01,15:00:37.045000,12698,12699,12699,1
2020-09-01,15:00:37.075000,12697,12699,12699,1
2020-09-01,15:00:37.076000,12697,12699,12699,1
2020-09-01,15:00:37.077000,12697,12699,12699,1
2020-09-01,15:00:37.453000,12698,12700,12698,1
2020-09-01,15:00:38.254000,12698,12699,12698,1
2020-09-01,15:00:38.327000,12697,12699,12697,1
2020-09-01,15:00:38.367000,12697,12699,12697,1
2020-09-01,15:00:38.763000,12697,12699,12697,1
2020-09-01,15:00:39.638000,12696,12697,12697,2
2020-09-01,15:00:42.135000,12696,12697,12696,2
2020-09-01,15:00:42.868000,12695,12697,12697,3
2020-09-01,15:00:43.897000,12696,12697,12696,1
2020-09-01,15:00:44.089000,12696,12697,12696,1
2020-09-01,15:00:44.822000,12696,12697,12697,2
2020-09-01,15:00:44.978000,12697,12699,12698,1
2020-09-01,15:00:45.622000,12696,12697,12697,5
2020-09-01,15:00:46.221000,12696,12698,12698,5
2020-09-01,15:00:48.523000,12697,12698,12697,6
2020-09-01,15:00:51.578000,12696,12697,12696,2
2020-09-01,15:00:53.179000,12696,12698,12698,1
2020-09-01,15:00:53.624000,12697,12698,12698,1
2020-09-01,15:00:54.822000,12697,12698,12698,3
2020-09-01,15:00:54.947000,12698,12699,12699,3
2020-09-01,15:00:56.278000,12698,12700,12699,1
2020-09-01,15:00:59.015000,12698,12699,12699,1
2020-09-01,15:00:59.020000,12698,12699,12699,1
2020-09-01,15:00:59.020000,12698,12699,12700,1
2020-09-01,15:00:59.034000,12698,12699,12700,2
2020-09-01,15:00:59.047000,12698,12699,12700,2
2020-09-01,15:00:59.051000,12698,12699,12700,2
2020-09-01,15:00:59.051000,12698,12699,12700,1
2020-09-01,15:00:59.170000,12699,12701,12701,1
2020-09-01,15:00:59.212000,12699,12701,12699,2
2020-09-01,15:00:59.245000,12699,12701,12701,1
2020-09-01,15:00:59.259000,12699,12701,12699,2
2020-09-01,15:00:59.327000,12699,12701,12699,1
2020-09-01,15:00:59.918000,12699,12701,12701,4
2020-09-01,15:00:59.930000,12699,12701,12702,1
2020-09-01,15:00:59.969000,12700,12702,12702,1
2020-09-01,15:01:00.007000,12700,12702,12702,3
2020-09-01,15:01:00.035000,12700,12702,12703,1
2020-09-01,15:01:00.038000,12700,12702,12703,1
2020-09-01,15:01:00.045000,12700,12702,12701,2
2020-09-01,15:01:00.050000,12700,12702,12703,1
2020-09-01,15:01:00.071000,12700,12702,12703,1
2020-09-01,15:01:00.079000,12701,12703,12703,1
2020-09-01,15:01:00.088000,12701,12703,12703,1
2020-09-01,15:01:00.146000,12701,12703,12703,1
2020-09-01,15:01:00.196000,12701,12703,12703,2
2020-09-01,15:01:00.205000,12701,12703,12703,4
2020-09-01,15:01:00.318000,12701,12703,12703,1
2020-09-01,15:01:00.480000,12702,12704,12704,1
2020-09-01,15:01:00.721000,12701,12703,12701,4
2020-09-01,15:01:00.912000,12700,12701,12700,1
2020-09-01,15:01:00.969000,12700,12701,12700,1
2020-09-01,15:01:01.062000,12700,12701,12701,1
2020-09-01,15:01:01.076000,12700,12701,12700,1
2020-09-01,15:01:01.076000,12700,12701,12700,1
2020-09-01,15:01:01.077000,12700,12701,12700,1
2020-09-01,15:01:01.221000,12699,12701,12701,1
2020-09-01,15:01:01.237000,12699,12701,12699,1
2020-09-01,15:01:01.378000,12699,12701,12699,1
2020-09-01,15:01:01.380000,12699,12701,12701,1
2020-09-01,15:01:01.393000,12699,12701,12699,1
2020-09-01,15:01:01.590000,12699,12700,12699,1
2020-09-01,15:01:01.717000,12698,12700,12700,1
2020-09-01,15:01:01.723000,12698,12700,12698,1
2020-09-01,15:01:01.782000,12698,12700,12700,4
2020-09-01,15:01:01.791000,12698,12700,12700,1
2020-09-01,15:01:01.800000,12698,12700,12701,1
2020-09-01,15:01:02.032000,12699,12701,12701,1
2020-09-01,15:01:02.102000,12700,12702,12700,1
2020-09-01,15:01:02.108000,12700,12702,12699,1
2020-09-01,15:01:02.278000,12699,12701,12699,1
2020-09-01,15:01:02.376000,12698,12700,12700,1
2020-09-01,15:01:02.376000,12698,12700,12700,1
2020-09-01,15:01:02.602000,12698,12701,12701,1
2020-09-01,15:01:02.878000,12699,12701,12699,1
2020-09-01,15:01:02.893000,12699,12701,12698,1
2020-09-01,15:01:03.055000,12698,12700,12698,1
2020-09-01,15:01:03.243000,12698,12700,12700,1
2020-09-01,15:01:03.279000,12698,12700,12700,1
2020-09-01,15:01:03.385000,12698,12700,12700,1
2020-09-01,15:01:03.975000,12698,12700,12698,1
2020-09-01,15:01:04.028000,12698,12700,12699,1
2020-09-01,15:01:04.365000,12698,12700,12698,1
2020-09-01,15:01:04.496000,12698,12700,12700,1
2020-09-01,15:01:04.745000,12698,12700,12700,1
2020-09-01,15:01:04.761000,12698,12700,12700,1
2020-09-01,15:01:04.976000,12699,12700,12700,1
2020-09-01,15:01:05.323000,12699,12700,12699,2
2020-09-01,15:01:05.368000,12699,12700,12700,2
2020-09-01,15:01:05.802000,12698,12699,12698,1
2020-09-01,15:01:05.862000,12698,12699,12698,1
2020-09-01,15:01:05.882000,12698,12699,12698,1
2020-09-01,15:01:06.185000,12697,12699,12699,9
2020-09-01,15:01:06.337000,12699,12701,12701,1
2020-09-01,15:01:06.354000,12699,12701,12701,1
2020-09-01,15:01:06.357000,12699,12701,12700,4
2020-09-01,15:01:06.458000,12699,12701,12701,1
2020-09-01,15:01:07.197000,12700,12701,12701,1
2020-09-01,15:01:07.326000,12700,12702,12700,1
2020-09-01,15:01:07.646000,12700,12701,12700,1
2020-09-01,15:01:07.646000,12700,12701,12699,1
2020-09-01,15:01:07.698000,12699,12701,12699,1
2020-09-01,15:01:07.929000,12699,12701,12701,1
2020-09-01,15:01:07.934000,12699,12701,12701,1
2020-09-01,15:01:08,12699,12701,12701,1
2020-09-01,15:01:08.042000,12699,12701,12700,1
2020-09-01,15:01:08.042000,12699,12701,12700,1
2020-09-01,15:01:08.131000,12700,12701,12700,1
2020-09-01,15:01:08.295000,12699,12701,12701,1
2020-09-01,15:01:08.302000,12699,12701,12701,1
2020-09-01,15:01:08.379000,12699,12701,12699,1
2020-09-01,15:01:08.430000,12699,12701,12699,1
2020-09-01,15:01:08.470000,12699,12701,12701,1
2020-09-01,15:01:08.489000,12699,12701,12701,1
2020-09-01,15:01:08.696000,12700,12702,12700,1
2020-09-01,15:01:08.697000,12700,12702,12700,1
2020-09-01,15:01:08.771000,12700,12702,12701,1
2020-09-01,15:01:08.801000,12700,12702,12701,1
2020-09-01,15:01:08.801000,12700,12702,12701,1
2020-09-01,15:01:08.910000,12700,12702,12700,1
2020-09-01,15:01:08.916000,12700,12702,12700,1
2020-09-01,15:01:08.962000,12700,12702,12702,1
2020-09-01,15:01:08.975000,12700,12702,12702,1
2020-09-01,15:01:09.008000,12700,12702,12700,1
2020-09-01,15:01:09.083000,12700,12702,12700,1
2020-09-01,15:01:09.099000,12700,12702,12700,1
2020-09-01,15:01:09.129000,12700,12702,12702,1
2020-09-01,15:01:09.325000,12700,12701,12701,1
2020-09-01,15:01:09.369000,12700,12701,12702,1
2020-09-01,15:01:09.373000,12700,12701,12702,1
2020-09-01,15:01:09.711000,12701,12703,12701,1
2020-09-01,15:01:09.715000,12701,12703,12701,1
2020-09-01,15:01:09.718000,12701,12703,12701,1
2020-09-01,15:01:10.003000,12700,12702,12702,1
2020-09-01,15:01:10.021000,12700,12702,12702,1
2020-09-01,15:01:10.021000,12700,12702,12702,1
2020-09-01,15:01:10.122000,12700,12702,12700,1
2020-09-01,15:01:10.123000,12700,12702,12700,1
2020-09-01,15:01:10.185000,12700,12702,12702,1
2020-09-01,15:01:10.197000,12700,12702,12700,1
2020-09-01,15:01:10.411000,12700,12702,12702,1
2020-09-01,15:01:10.440000,12700,12702,12703,1
2020-09-01,15:01:10.499000,12701,12703,12701,1
2020-09-01,15:01:10.524000,12701,12703,12701,1
2020-09-01,15:01:10.546000,12701,12703,12701,1
2020-09-01,15:01:10.607000,12700,12702,12702,1
2020-09-01,15:01:10.708000,12700,12702,12702,1
2020-09-01,15:01:10.740000,12700,12702,12703,1
2020-09-01,15:01:10.775000,12700,12702,12701,1
2020-09-01,15:01:10.801000,12700,12702,12701,1
2020-09-01,15:01:10.854000,12701,12703,12703,1
2020-09-01,15:01:10.855000,12701,12703,12703,1
2020-09-01,15:01:10.942000,12701,12703,12701,1
2020-09-01,15:01:10.976000,12701,12703,12701,1
2020-09-01,15:01:11.050000,12701,12703,12701,1
2020-09-01,15:01:11.062000,12701,12703,12703,1
2020-09-01,15:01:11.064000,12701,12703,12703,1
2020-09-01,15:01:11.115000,12701,12703,12701,1
2020-09-01,15:01:11.127000,12701,12703,12701,1
2020-09-01,15:01:11.216000,12701,12703,12703,1
2020-09-01,15:01:11.236000,12701,12703,12703,1
2020-09-01,15:01:11.261000,12701,12703,12703,1
2020-09-01,15:01:11.300000,12701,12703,12701,1
2020-09-01,15:01:11.323000,12701,12703,12701,1
2020-09-01,15:01:11.416000,12701,12703,12703,1
2020-09-01,15:01:11.426000,12701,12703,12703,1
2020-09-01,15:01:11.496000,12701,12703,12701,1
2020-09-01,15:01:11.508000,12701,12703,12701,1
2020-09-01,15:01:11.551000,12701,12703,12703,1
2020-09-01,15:01:11.568000,12701,12703,12703,1
2020-09-01,15:01:11.646000,12701,12703,12701,1
2020-09-01,15:01:11.701000,12701,12703,12701,1
2020-09-01,15:01:11.729000,12701,12703,12701,1
2020-09-01,15:01:11.751000,12701,12703,12703,1
2020-09-01,15:01:11.752000,12701,12703,12703,1
2020-09-01,15:01:11.910000,12702,12704,12702,1
2020-09-01,15:01:11.917000,12702,12704,12702,1
2020-09-01,15:01:11.954000,12702,12703,12703,1
2020-09-01,15:01:11.966000,12702,12703,12704,1
2020-09-01,15:01:12.038000,12702,12703,12704,1
2020-09-01,15:01:12.124000,12702,12704,12702,1
2020-09-01,15:01:12.159000,12702,12704,12702,1
2020-09-01,15:01:12.210000,12702,12703,12702,1
2020-09-01,15:01:12.237000,12702,12703,12703,1
2020-09-01,15:01:12.241000,12702,12703,12703,1
2020-09-01,15:01:12.496000,12702,12704,12702,1
2020-09-01,15:01:12.504000,12702,12704,12702,1
2020-09-01,15:01:12.600000,12702,12704,12704,1
2020-09-01,15:01:12.610000,12702,12704,12704,1
2020-09-01,15:01:12.694000,12702,12704,12702,1
2020-09-01,15:01:12.724000,12702,12704,12702,1
2020-09-01,15:01:12.735000,12702,12704,12704,1
2020-09-01,15:01:12.903000,12702,12704,12704,1
2020-09-01,15:01:12.915000,12702,12704,12704,1
2020-09-01,15:01:12.994000,12702,12704,12702,1
2020-09-01,15:01:12.996000,12702,12704,12702,1
2020-09-01,15:01:13.051000,12702,12704,12702,1
2020-09-01,15:01:13.110000,12701,12703,12703,1
2020-09-01,15:01:13.116000,12701,12703,12703,1
2020-09-01,15:01:13.224000,12701,12703,12703,1
2020-09-01,15:01:14.724000,12702,12703,12702,1
2020-09-01,15:01:15.231000,12701,12702,12702,1
2020-09-01,15:01:15.798000,12701,12702,12701,2
2020-09-01,15:01:19.048000,12699,12701,12700,1
2020-09-01,15:01:21.022000,12699,12700,12700,1
2020-09-01,15:01:21.075000,12699,12700,12699,1
2020-09-01,15:01:21.075000,12699,12700,12698,1
2020-09-01,15:01:21.075000,12699,12700,12698,1
2020-09-01,15:01:21.076000,12699,12700,12698,1
2020-09-01,15:01:21.076000,12699,12700,12698,1
2020-09-01,15:01:21.076000,12699,12700,12698,1
2020-09-01,15:01:21.079000,12699,12700,12698,1
2020-09-01,15:01:21.080000,12699,12700,12698,1
2020-09-01,15:01:21.083000,12699,12700,12698,1
2020-09-01,15:01:21.083000,12699,12700,12698,1
2020-09-01,15:01:21.084000,12699,12700,12698,1
2020-09-01,15:01:21.125000,12699,12700,12698,1
2020-09-01,15:01:21.125000,12699,12700,12698,1
2020-09-01,15:01:21.125000,12699,12700,12698,1
2020-09-01,15:01:21.197000,12698,12699,12698,5
2020-09-01,15:01:22.187000,12697,12698,12697,1
2020-09-01,15:01:23.197000,12697,12698,12697,1
2020-09-01,15:01:23.389000,12697,12698,12698,1
2020-09-01,15:01:23.757000,12697,12698,12697,1
2020-09-01,15:01:23.944000,12697,12698,12697,5
2020-09-01,15:01:26.434000,12698,12699,12698,1
2020-09-01,15:01:26.775000,12697,12699,12697,1
2020-09-01,15:01:26.932000,12697,12699,12697,1
2020-09-01,15:01:28.999000,12697,12699,12699,1
2020-09-01,15:01:30.766000,12698,12700,12698,1
2020-09-01,15:01:32.294000,12699,12700,12699,1
2020-09-01,15:01:32.421000,12699,12700,12699,1
2020-09-01,15:01:34.322000,12699,12700,12700,1
2020-09-01,15:01:35.878000,12700,12701,12700,1
2020-09-01,15:01:38.737000,12700,12701,12700,1
2020-09-01,15:01:39.280000,12699,12701,12699,5
2020-09-01,15:01:40.606000,12699,12700,12699,1
2020-09-01,15:01:40.729000,12699,12700,12699,1
2020-09-01,15:01:40.729000,12699,12700,12698,1
2020-09-01,15:01:44.982000,12697,12699,12698,1
2020-09-01,15:01:45.873000,12697,12699,12699,1
2020-09-01,15:01:47.379000,12698,12699,12699,1
2020-09-01,15:01:52.756000,12698,12699,12698,1
2020-09-01,15:01:54.011000,12698,12699,12699,3
2020-09-01,15:01:55.324000,12698,12699,12698,3
2020-09-01,15:01:57.986000,12697,12699,12699,1
2020-09-01,15:01:59.508000,12697,12699,12699,4
2020-09-01,15:01:59.576000,12698,12700,12698,1
2020-09-01,15:01:59.685000,12698,12700,12699,1
2020-09-01,15:01:59.845000,12697,12699,12699,2
2020-09-01,15:02:00.245000,12697,12699,12699,1
2020-09-01,15:02:01.649000,12698,12700,12698,4
2020-09-01,15:02:02.445000,12698,12699,12698,2
2020-09-01,15:02:05.083000,12698,12700,12700,1
2020-09-01,15:02:07.195000,12698,12699,12699,1
2020-09-01,15:02:07.771000,12698,12699,12698,1
2020-09-01,15:02:07.809000,12698,12699,12698,1
2020-09-01,15:02:07.965000,12698,12699,12698,1
2020-09-01,15:02:08.327000,12698,12699,12699,1
2020-09-01,15:02:08.352000,12698,12699,12700,1
2020-09-01,15:02:08.437000,12698,12699,12698,1
2020-09-01,15:02:08.442000,12698,12699,12700,1
2020-09-01,15:02:08.447000,12698,12700,12698,1
2020-09-01,15:02:08.550000,12698,12700,12698,1
2020-09-01,15:02:08.661000,12698,12700,12700,1
2020-09-01,15:02:08.735000,12698,12700,12700,1
2020-09-01,15:02:08.774000,12698,12700,12698,1
2020-09-01,15:02:08.775000,12698,12700,12698,1
2020-09-01,15:02:08.844000,12697,12699,12699,1
2020-09-01,15:02:08.850000,12697,12699,12700,1
2020-09-01,15:02:08.857000,12697,12699,12700,1
2020-09-01,15:02:08.983000,12698,12700,12698,1
2020-09-01,15:02:08.995000,12698,12700,12698,1
2020-09-01,15:02:09.165000,12698,12700,12700,1
2020-09-01,15:02:09.165000,12698,12700,12700,1
2020-09-01,15:02:09.291000,12698,12700,12698,1
2020-09-01,15:02:09.299000,12698,12700,12698,1
2020-09-01,15:02:09.348000,12698,12700,12700,1
2020-09-01,15:02:09.384000,12698,12700,12700,1
2020-09-01,15:02:09.439000,12698,12700,12698,1
2020-09-01,15:02:09.463000,12698,12700,12698,1
2020-09-01,15:02:09.524000,12698,12700,12698,1
2020-09-01,15:02:09.574000,12698,12700,12700,1
2020-09-01,15:02:09.599000,12698,12700,12700,1
2020-09-01,15:02:09.615000,12698,12700,12700,1
2020-09-01,15:02:09.623000,12698,12700,12698,1
2020-09-01,15:02:09.669000,12698,12700,12699,1
2020-09-01,15:02:09.760000,12698,12700,12698,1
2020-09-01,15:02:09.766000,12698,12700,12698,1
2020-09-01,15:02:09.782000,12698,12700,12698,1
2020-09-01,15:02:10.116000,12698,12699,12699,1
2020-09-01,15:02:10.116000,12698,12699,12699,1
2020-09-01,15:02:10.173000,12698,12699,12698,1
2020-09-01,15:02:10.397000,12698,12700,12700,1
2020-09-01,15:02:10.407000,12698,12700,12700,1
2020-09-01,15:02:10.424000,12698,12700,12699,1
2020-09-01,15:02:10.436000,12698,12700,12700,1
2020-09-01,15:02:10.511000,12698,12700,12698,1
2020-09-01,15:02:10.536000,12698,12700,12698,1
2020-09-01,15:02:10.613000,12698,12700,12700,1
2020-09-01,15:02:10.846000,12698,12700,12700,1
2020-09-01,15:02:11.425000,12698,12700,12698,1
2020-09-01,15:02:11.471000,12698,12699,12699,1
2020-09-01,15:02:11.537000,12698,12699,12699,1
2020-09-01,15:02:11.845000,12698,12699,12698,1
2020-09-01,15:02:12.422000,12698,12699,12699,1
2020-09-01,15:02:12.536000,12698,12699,12698,1
2020-09-01,15:02:12.863000,12698,12699,12699,1
2020-09-01,15:02:13.428000,12698,12699,12698,1
2020-09-01,15:02:13.557000,12698,12699,12699,1
2020-09-01,15:02:13.866000,12698,12699,12698,1
2020-09-01,15:02:14.109000,12698,12699,12698,1
2020-09-01,15:02:14.228000,12698,12699,12698,1
2020-09-01,15:02:14.423000,12697,12698,12698,1
2020-09-01,15:02:16.697000,12697,12698,12697,10
2020-09-01,15:02:16.697000,12697,12698,12697,7
2020-09-01,15:02:16.767000,12697,12698,12696,1
2020-09-01,15:02:16.871000,12696,12697,12696,1
2020-09-01,15:02:16.880000,12696,12697,12696,1
2020-09-01,15:02:16.890000,12696,12697,12696,1
2020-09-01,15:02:18.984000,12696,12697,12697,5
2020-09-01,15:02:18.991000,12696,12697,12698,2
2020-09-01,15:02:24.070000,12696,12697,12697,1
2020-09-01,15:02:24.264000,12696,12697,12697,5
2020-09-01,15:02:24.710000,12696,12697,12697,1
2020-09-01,15:02:26.578000,12696,12697,12696,1
2020-09-01,15:02:26.579000,12696,12697,12696,8
2020-09-01,15:02:26.579000,12696,12697,12696,10
2020-09-01,15:02:26.956000,12695,12696,12695,2
2020-09-01,15:02:26.956000,12695,12696,12695,1
2020-09-01,15:02:26.957000,12695,12696,12695,3
2020-09-01,15:02:27.635000,12694,12695,12694,2
2020-09-01,15:02:29.335000,12694,12695,12695,1
2020-09-01,15:02:29.719000,12694,12695,12694,1
2020-09-01,15:02:35.462000,12694,12695,12694,1
2020-09-01,15:02:36.073000,12694,12695,12695,3
2020-09-01,15:02:36.125000,12694,12695,12695,2
2020-09-01,15:02:37.010000,12694,12696,12694,2
2020-09-01,15:02:38.615000,12694,12695,12695,1
2020-09-01,15:02:38.615000,12694,12695,12696,4
2020-09-01,15:02:38.712000,12695,12696,12695,1
2020-09-01,15:02:38.823000,12695,12696,12695,1
2020-09-01,15:02:38.947000,12694,12696,12694,1
2020-09-01,15:02:42.941000,12695,12696,12695,4
2020-09-01,15:02:42.942000,12695,12696,12695,1
2020-09-01,15:02:43.659000,12694,12695,12695,1
2020-09-01,15:02:44.648000,12694,12695,12695,2
2020-09-01,15:02:45.484000,12695,12696,12695,2
2020-09-01,15:02:45.806000,12695,12696,12696,1
2020-09-01,15:02:46.535000,12695,12696,12695,1
2020-09-01,15:02:48.113000,12695,12696,12696,12
2020-09-01,15:02:48.953000,12696,12697,12696,1
2020-09-01,15:02:52.114000,12696,12697,12696,6
2020-09-01,15:02:52.114000,12696,12697,12695,4
2020-09-01,15:02:53.115000,12695,12696,12696,1
2020-09-01,15:02:53.514000,12695,12697,12695,1
2020-09-01,15:02:58.116000,12695,12696,12696,1
2020-09-01,15:03:00.022000,12695,12696,12696,2
2020-09-01,15:03:00.043000,12695,12696,12696,2
2020-09-01,15:03:05.743000,12695,12696,12696,1
2020-09-01,15:03:08.254000,12695,12696,12696,1
2020-09-01,15:03:08.370000,12695,12696,12696,1
2020-09-01,15:03:08.425000,12695,12696,12695,3
2020-09-01,15:03:10.086000,12695,12696,12695,9
2020-09-01,15:03:13.380000,12694,12695,12694,15
2020-09-01,15:03:20.766000,12693,12694,12693,3
2020-09-01,15:03:20.766000,12693,12694,12693,4
2020-09-01,15:03:20.767000,12693,12694,12693,2
2020-09-01,15:03:28.744000,12692,12693,12693,1
2020-09-01,15:03:31.379000,12692,12693,12692,1
2020-09-01,15:03:32.922000,12692,12693,12692,2
2020-09-01,15:03:32.923000,12692,12693,12692,5
2020-09-01,15:03:34.367000,12691,12692,12691,1
2020-09-01,15:03:36.068000,12691,12692,12691,4
2020-09-01,15:03:37.767000,12691,12692,12691,2
2020-09-01,15:03:40.061000,12691,12692,12692,1
2020-09-01,15:03:40.615000,12691,12692,12691,9
2020-09-01,15:03:43.342000,12691,12692,12692,5
2020-09-01,15:03:44.768000,12691,12692,12691,1
2020-09-01,15:03:45.342000,12691,12692,12691,1
2020-09-01,15:03:47.730000,12690,12692,12690,1
2020-09-01,15:03:47.858000,12690,12692,12692,1
2020-09-01,15:03:47.866000,12690,12692,12690,1
2020-09-01,15:03:47.924000,12690,12692,12690,1
2020-09-01,15:03:48.436000,12690,12691,12690,1
2020-09-01,15:03:48.994000,12690,12691,12691,1
2020-09-01,15:03:53.959000,12690,12691,12690,1
2020-09-01,15:03:54.439000,12690,12691,12691,1
2020-09-01,15:03:54.827000,12690,12691,12690,2
2020-09-01,15:03:54.827000,12690,12691,12690,1
2020-09-01,15:03:55.357000,12690,12691,12691,4
2020-09-01,15:03:55.908000,12691,12692,12692,1
2020-09-01,15:03:56.005000,12691,12692,12691,1
2020-09-01,15:03:56.302000,12691,12692,12692,1
2020-09-01,15:03:56.841000,12691,12692,12691,1
2020-09-01,15:04:01.689000,12691,12692,12691,1
2020-09-01,15:04:01.956000,12691,12692,12692,1
2020-09-01,15:04:02.287000,12691,12692,12691,1
2020-09-01,15:04:02.305000,12691,12692,12692,1
2020-09-01,15:04:02.649000,12691,12692,12692,2
2020-09-01,15:04:02.759000,12692,12693,12693,1
2020-09-01,15:04:03.501000,12692,12694,12694,1
2020-09-01,15:04:14.112000,12693,12694,12694,1
2020-09-01,15:04:16.828000,12693,12694,12693,2
2020-09-01,15:04:25.085000,12693,12694,12693,1
2020-09-01,15:04:28.997000,12692,12694,12693,3
2020-09-01,15:04:32.014000,12693,12694,12693,1
2020-09-01,15:04:34.079000,12692,12693,12693,1
2020-09-01,15:04:35.833000,12692,12693,12693,1
2020-09-01,15:04:39.526000,12692,12693,12693,1
2020-09-01,15:04:45.134000,12692,12693,12692,3
2020-09-01,15:04:47.710000,12692,12693,12692,3
2020-09-01,15:04:49.134000,12692,12693,12692,1
2020-09-01,15:04:51.344000,12691,12692,12691,3
2020-09-01,15:04:52.338000,12691,12692,12691,2
2020-09-01,15:04:52.805000,12691,12692,12691,5
2020-09-01,15:04:53.374000,12691,12692,12691,2
2020-09-01,15:04:57.293000,12690,12691,12691,5
2020-09-01,15:04:58.145000,12690,12692,12690,2
2020-09-01,15:05:00.441000,12691,12692,12691,5
2020-09-01,15:05:00.798000,12690,12692,12691,1
2020-09-01,15:05:00.900000,12690,12692,12690,16
2020-09-01,15:05:00.900000,12690,12692,12690,5
2020-09-01,15:05:01.007000,12689,12690,12690,1
2020-09-01,15:05:01.101000,12689,12690,12689,2
2020-09-01,15:05:01.270000,12689,12690,12690,1
2020-09-01,15:05:01.504000,12689,12690,12689,3
2020-09-01,15:05:01.928000,12689,12690,12689,1
2020-09-01,15:05:03.602000,12688,12689,12688,1
2020-09-01,15:05:04.481000,12688,12689,12689,2
2020-09-01,15:05:04.482000,12688,12689,12689,2
2020-09-01,15:05:04.482000,12688,12689,12689,1
2020-09-01,15:05:04.482000,12688,12689,12689,2
2020-09-01,15:05:05.951000,12689,12690,12689,1
2020-09-01,15:05:06.143000,12689,12690,12689,1
2020-09-01,15:05:06.248000,12688,12690,12688,5
2020-09-01,15:05:08.565000,12688,12689,12689,4
2020-09-01,15:05:10.725000,12688,12689,12688,11
2020-09-01,15:05:12.206000,12687,12688,12687,3
2020-09-01,15:05:12.231000,12687,12688,12688,9
2020-09-01,15:05:13.604000,12688,12689,12688,3
2020-09-01,15:05:14.168000,12688,12689,12689,1
2020-09-01,15:05:17.301000,12689,12690,12689,1
2020-09-01,15:05:17.363000,12689,12690,12689,1
2020-09-01,15:05:17.938000,12689,12690,12690,4
2020-09-01,15:05:18.218000,12690,12691,12691,1
2020-09-01,15:05:19.602000,12690,12692,12692,1
2020-09-01,15:05:21.226000,12691,12692,12691,1
2020-09-01,15:05:21.856000,12691,12692,12692,3
2020-09-01,15:05:21.879000,12691,12692,12692,1
2020-09-01,15:05:27.087000,12692,12693,12692,1
2020-09-01,15:05:29.954000,12692,12693,12693,1
2020-09-01,15:05:30.021000,12692,12693,12692,3
2020-09-01,15:05:35.109000,12691,12692,12691,1
2020-09-01,15:05:35.287000,12691,12692,12691,2
2020-09-01,15:05:36.843000,12691,12692,12691,1
2020-09-01,15:05:36.844000,12691,12692,12691,2
2020-09-01,15:05:36.844000,12691,12692,12691,1
2020-09-01,15:05:36.844000,12691,12692,12691,1
2020-09-01,15:05:36.964000,12690,12691,12690,2
2020-09-01,15:05:39.294000,12690,12691,12690,1
2020-09-01,15:05:41.057000,12689,12690,12689,4
2020-09-01,15:05:43.177000,12688,12689,12689,2
2020-09-01,15:05:43.575000,12689,12691,12689,1
2020-09-01,15:05:50.799000,12689,12690,12689,1
2020-09-01,15:05:51.119000,12688,12689,12689,1
2020-09-01,15:05:51.850000,12689,12691,12689,1
2020-09-01,15:05:56.031000,12688,12690,12690,1
2020-09-01,15:06:00.287000,12688,12690,12690,1
2020-09-01,15:06:00.298000,12688,12690,12690,1
2020-09-01,15:06:00.315000,12688,12690,12690,1
2020-09-01,15:06:00.318000,12688,12690,12690,1
2020-09-01,15:06:00.343000,12689,12691,12691,1
2020-09-01,15:06:00.372000,12689,12691,12691,1
2020-09-01,15:06:05.679000,12688,12690,12690,1
2020-09-01,15:06:07.725000,12689,12690,12689,2
2020-09-01,15:06:07.775000,12689,12690,12689,2
2020-09-01,15:06:12.929000,12688,12689,12688,14
2020-09-01,15:06:17.054000,12687,12688,12688,2
2020-09-01,15:06:19.901000,12688,12689,12688,1
2020-09-01,15:06:22.160000,12687,12689,12687,4
2020-09-01,15:06:26.118000,12687,12688,12688,1
2020-09-01,15:06:30.935000,12687,12688,12688,1
2020-09-01,15:06:32.534000,12687,12688,12688,1
2020-09-01,15:06:33.901000,12687,12689,12689,1
2020-09-01,15:06:39.176000,12687,12689,12688,1
2020-09-01,15:06:43.864000,12687,12688,12688,1
2020-09-01,15:06:45.615000,12687,12688,12687,4
2020-09-01,15:06:51.235000,12687,12688,12687,1
2020-09-01,15:06:53.705000,12687,12688,12687,4
2020-09-01,15:06:53.723000,12687,12688,12687,1
2020-09-01,15:06:53.747000,12687,12688,12687,1
2020-09-01,15:06:54.859000,12687,12688,12688,1
2020-09-01,15:06:55.305000,12688,12689,12688,5
2020-09-01,15:06:55.305000,12688,12689,12687,1
2020-09-01,15:07:13.747000,12687,12688,12688,2
2020-09-01,15:07:14.150000,12687,12688,12688,1
2020-09-01,15:07:14.590000,12687,12688,12688,1
2020-09-01,15:07:15.394000,12687,12688,12687,9
2020-09-01,15:07:16.856000,12686,12687,12687,1
2020-09-01,15:07:20.836000,12686,12687,12687,5
2020-09-01,15:07:22.105000,12686,12687,12686,1
2020-09-01,15:07:24.245000,12686,12687,12687,1
2020-09-01,15:07:24.375000,12686,12687,12687,1
2020-09-01,15:07:32.713000,12686,12687,12687,6
2020-09-01,15:07:34.134000,12686,12687,12687,1
2020-09-01,15:07:34.618000,12687,12688,12688,1
2020-09-01,15:07:35.616000,12687,12688,12687,1
2020-09-01,15:08:00.675000,12687,12688,12687,1
2020-09-01,15:08:00.812000,12687,12688,12688,9
2020-09-01,15:08:00.822000,12688,12689,12689,10
2020-09-01,15:08:01.218000,12688,12690,12688,5
2020-09-01,15:08:05.863000,12688,12690,12690,1
2020-09-01,15:08:11.334000,12688,12690,12688,6
2020-09-01,15:08:11.334000,12688,12690,12688,4
2020-09-01,15:08:11.335000,12688,12690,12688,1
2020-09-01,15:08:11.335000,12688,12690,12688,9
2020-09-01,15:08:25.516000,12688,12690,12688,3
2020-09-01,15:08:26.297000,12688,12689,12688,1
2020-09-01,15:08:30.080000,12687,12688,12688,1
2020-09-01,15:08:43.736000,12687,12688,12688,1
2020-09-01,15:08:45.235000,12687,12688,12688,1
2020-09-01,15:09:08.043000,12687,12688,12688,1
2020-09-01,15:09:08.072000,12688,12689,12689,2
2020-09-01,15:09:08.251000,12688,12690,12690,1
2020-09-01,15:09:08.534000,12688,12689,12688,1
2020-09-01,15:09:10.160000,12687,12688,12687,1
2020-09-01,15:09:10.531000,12687,12688,12688,1
2020-09-01,15:09:12.979000,12687,12688,12687,17
2020-09-01,15:09:17.124000,12686,12687,12687,2
2020-09-01,15:09:20.342000,12686,12688,12686,1
2020-09-01,15:09:25.483000,12686,12687,12686,28
2020-09-01,15:09:25.484000,12686,12687,12686,3
2020-09-01,15:09:25.754000,12685,12686,12685,1
2020-09-01,15:09:29.836000,12685,12686,12685,4
2020-09-01,15:09:29.836000,12685,12686,12685,13
2020-09-01,15:09:32.447000,12684,12685,12684,2
2020-09-01,15:09:32.614000,12684,12685,12685,3
2020-09-01,15:09:32.767000,12684,12686,12684,1
2020-09-01,15:09:35.043000,12684,12685,12684,2
2020-09-01,15:09:35.073000,12684,12685,12684,1
2020-09-01,15:09:35.105000,12684,12685,12684,1
2020-09-01,15:09:39.972000,12684,12685,12684,1
2020-09-01,15:09:41.398000,12684,12685,12685,1
2020-09-01,15:09:41.398000,12684,12685,12685,1
2020-09-01,15:09:43.177000,12685,12687,12685,1
2020-09-01,15:09:43.663000,12685,12687,12685,1
2020-09-01,15:09:43.997000,12685,12687,12685,1
2020-09-01,15:09:44.005000,12685,12687,12685,1
2020-09-01,15:09:45.235000,12685,12687,12685,1
2020-09-01,15:09:46.436000,12684,12686,12686,5
2020-09-01,15:09:46.447000,12686,12687,12687,9
2020-09-01,15:09:46.702000,12687,12688,12687,4
2020-09-01,15:09:46.702000,12687,12688,12687,1
2020-09-01,15:09:47.123000,12685,12687,12685,2
2020-09-01,15:09:59.202000,12685,12686,12685,2
2020-09-01,15:09:59.203000,12685,12686,12685,4
2020-09-01,15:09:59.634000,12684,12685,12684,3
2020-09-01,15:10:00.255000,12683,12685,12683,1
2020-09-01,15:10:00.261000,12683,12685,12683,11
2020-09-01,15:10:00.261000,12683,12685,12682,25
2020-09-01,15:10:00.262000,12683,12685,12683,1
2020-09-01,15:10:00.555000,12682,12683,12683,1
2020-09-01,15:10:00.667000,12682,12683,12682,1
2020-09-01,15:10:00.671000,12682,12683,12682,1
2020-09-01,15:10:00.958000,12682,12683,12682,1
2020-09-01,15:10:01.960000,12682,12683,12683,3
2020-09-01,15:10:01.960000,12682,12683,12684,1
2020-09-01,15:10:08.422000,12683,12684,12683,1
2020-09-01,15:10:11.565000,12682,12684,12682,1
2020-09-01,15:10:12.692000,12682,12684,12682,1
2020-09-01,15:10:15.555000,12682,12683,12682,1
2020-09-01,15:10:17.965000,12682,12683,12683,1
2020-09-01,15:10:19.547000,12683,12684,12683,1
2020-09-01,15:10:22.250000,12682,12683,12682,1
2020-09-01,15:10:23.100000,12682,12683,12683,4
2020-09-01,15:10:23.332000,12682,12683,12682,2
2020-09-01,15:10:23.360000,12682,12683,12682,6
2020-09-01,15:10:23.360000,12682,12683,12682,3
2020-09-01,15:10:25.386000,12681,12682,12682,1
2020-09-01,15:10:27.232000,12681,12682,12681,1
2020-09-01,15:10:27.803000,12681,12682,12682,2
2020-09-01,15:10:29.379000,12681,12682,12682,1
2020-09-01,15:10:31.631000,12681,12682,12682,1
2020-09-01,15:10:31.795000,12681,12682,12682,1
2020-09-01,15:10:32.034000,12681,12682,12681,1
2020-09-01,15:10:32.104000,12681,12682,12681,1
2020-09-01,15:10:33.039000,12681,12682,12681,1
2020-09-01,15:10:33.050000,12681,12682,12681,3
2020-09-01,15:10:35.281000,12681,12682,12681,5
2020-09-01,15:10:35.603000,12681,12682,12681,1
2020-09-01,15:10:36.292000,12681,12682,12681,1
2020-09-01,15:10:37.917000,12681,12682,12681,1
2020-09-01,15:10:38.438000,12681,12682,12681,1
2020-09-01,15:10:39.438000,12681,12682,12681,1
2020-09-01,15:10:40.836000,12681,12682,12682,5
2020-09-01,15:10:41.258000,12682,12683,12682,3
2020-09-01,15:10:42.065000,12682,12683,12682,2
2020-09-01,15:10:44.855000,12682,12683,12682,1
2020-09-01,15:10:47.392000,12682,12683,12683,1
2020-09-01,15:10:47.393000,12682,12683,12683,5
2020-09-01,15:10:47.393000,12682,12683,12683,1
2020-09-01,15:10:47.393000,12682,12683,12683,5
2020-09-01,15:10:48.804000,12683,12684,12684,1
2020-09-01,15:10:48.898000,12683,12684,12684,1
2020-09-01,15:10:49.697000,12683,12684,12683,1
2020-09-01,15:10:50.376000,12683,12684,12683,1
2020-09-01,15:10:52.213000,12683,12684,12683,1
2020-09-01,15:10:53.048000,12683,12684,12684,2
2020-09-01,15:10:55.975000,12683,12685,12683,1
2020-09-01,15:11:00.778000,12683,12684,12683,9
2020-09-01,15:11:06.084000,12682,12683,12683,1
2020-09-01,15:11:06.764000,12683,12684,12682,9
2020-09-01,15:11:09.889000,12682,12683,12682,1
2020-09-01,15:11:12.036000,12682,12683,12682,5
2020-09-01,15:11:12.036000,12682,12683,12681,4
2020-09-01,15:11:15.154000,12681,12683,12681,1
2020-09-01,15:11:15.385000,12681,12682,12681,9
2020-09-01,15:11:17.163000,12680,12681,12681,1
2020-09-01,15:11:17.602000,12680,12681,12681,1
2020-09-01,15:11:18.515000,12681,12682,12681,1
2020-09-01,15:11:19.066000,12680,12682,12681,1
2020-09-01,15:11:26.048000,12681,12682,12682,1
2020-09-01,15:11:28.902000,12681,12682,12681,1
2020-09-01,15:11:29.304000,12681,12682,12681,5
2020-09-01,15:11:30.817000,12681,12682,12682,1
2020-09-01,15:11:30.817000,12681,12682,12682,4
2020-09-01,15:11:31.700000,12682,12683,12682,1
2020-09-01,15:11:38.018000,12681,12683,12681,1
2020-09-01,15:11:40.593000,12682,12683,12682,1
2020-09-01,15:11:40.593000,12682,12683,12681,11
2020-09-01,15:11:46.163000,12681,12682,12682,1
2020-09-01,15:11:48.532000,12681,12682,12681,1
2020-09-01,15:12:00.692000,12681,12682,12682,3
2020-09-01,15:12:00.902000,12682,12683,12683,1
2020-09-01,15:12:00.916000,12682,12683,12683,2
2020-09-01,15:12:01.057000,12682,12683,12683,2
2020-09-01,15:12:02.545000,12682,12683,12682,1
2020-09-01,15:12:02.713000,12681,12682,12682,1
2020-09-01,15:12:03.625000,12681,12682,12682,1
2020-09-01,15:12:04.224000,12681,12682,12682,7
2020-09-01,15:12:04.348000,12682,12683,12682,1
2020-09-01,15:12:10.617000,12682,12683,12682,1
2020-09-01,15:12:15.574000,12682,12683,12683,2
2020-09-01,15:12:17.821000,12682,12683,12683,1
2020-09-01,15:12:19.938000,12682,12683,12683,1
2020-09-01,15:12:21.863000,12682,12683,12683,1
2020-09-01,15:12:26.319000,12682,12683,12683,1
2020-09-01,15:12:27.819000,12682,12683,12683,1
2020-09-01,15:12:30.342000,12682,12683,12683,3
2020-09-01,15:12:33.149000,12682,12683,12683,3
2020-09-01,15:12:35.537000,12682,12683,12683,3
2020-09-01,15:12:37.954000,12683,12684,12683,5
2020-09-01,15:12:41.944000,12683,12684,12684,3
2020-09-01,15:12:43.420000,12683,12684,12683,1
2020-09-01,15:12:43.534000,12683,12684,12683,5
2020-09-01,15:12:44.747000,12682,12684,12684,4
2020-09-01,15:12:47.788000,12682,12684,12684,3
2020-09-01,15:12:49.441000,12682,12683,12683,3
2020-09-01,15:12:52.775000,12682,12683,12682,4
2020-09-01,15:13:02.552000,12681,12683,12681,1
2020-09-01,15:13:02.783000,12681,12683,12681,1
2020-09-01,15:13:02.871000,12681,12683,12681,2
2020-09-01,15:13:07.535000,12682,12683,12682,1
2020-09-01,15:13:08.519000,12682,12683,12682,1
2020-09-01,15:13:09.842000,12681,12682,12682,1
2020-09-01,15:13:10.502000,12681,12682,12681,2
2020-09-01,15:13:12.574000,12680,12682,12682,1
2020-09-01,15:13:15.882000,12681,12682,12681,4
2020-09-01,15:13:18.366000,12681,12682,12681,3
2020-09-01,15:13:19.967000,12680,12681,12681,5
2020-09-01,15:13:24.066000,12680,12681,12681,1
2020-09-01,15:13:29.706000,12680,12681,12681,1
2020-09-01,15:13:30.905000,12680,12681,12681,1
2020-09-01,15:13:32.041000,12680,12681,12681,1
2020-09-01,15:13:35.814000,12680,12681,12681,1
2020-09-01,15:13:36.403000,12680,12681,12681,1
2020-09-01,15:13:41.518000,12680,12681,12681,3
2020-09-01,15:13:42.509000,12681,12682,12681,1
2020-09-01,15:13:43.634000,12681,12682,12681,1
2020-09-01,15:13:50.833000,12681,12682,12681,1
2020-09-01,15:14:01.756000,12681,12682,12681,1
2020-09-01,15:14:16.624000,12681,12682,12681,1
2020-09-01,15:14:22.091000,12681,12682,12682,1
2020-09-01,15:14:29.167000,12681,12682,12682,2
2020-09-01,15:14:29.726000,12681,12682,12682,1
2020-09-01,15:14:31.083000,12681,12682,12682,1
2020-09-01,15:14:31.982000,12681,12682,12682,1
2020-09-01,15:14:33.577000,12681,12682,12682,1
2020-09-01,15:14:34.739000,12681,12682,12682,2
2020-09-01,15:14:34.822000,12681,12682,12682,3
2020-09-01,15:14:36.959000,12682,12683,12682,1
2020-09-01,15:14:37.595000,12682,12683,12682,1
2020-09-01,15:14:43.904000,12682,12683,12683,14
2020-09-01,15:14:43.905000,12682,12683,12683,2
2020-09-01,15:14:47.302000,12682,12684,12684,2
2020-09-01,15:14:48.795000,12682,12684,12684,1
2020-09-01,15:14:54.723000,12682,12684,12684,1
2020-09-01,15:14:59.038000,12682,12684,12684,1
2020-09-01,15:15:00.870000,12683,12684,12684,8
2020-09-01,15:15:00.870000,12683,12684,12684,1
2020-09-01,15:15:11.921000,12683,12684,12684,1
2020-09-01,15:15:11.950000,12683,12684,12684,1
2020-09-01,15:15:11.978000,12683,12684,12684,3
2020-09-01,15:15:12.320000,12683,12684,12684,2
2020-09-01,15:15:12.601000,12683,12684,12684,3
2020-09-01,15:15:16.243000,12684,12685,12685,2
2020-09-01,15:15:20.020000,12685,12686,12685,2
2020-09-01,15:15:20.036000,12685,12686,12685,3
2020-09-01,15:15:29.759000,12685,12686,12685,1
2020-09-01,15:15:30.226000,12685,12686,12686,1
2020-09-01,15:15:36.395000,12685,12686,12686,1
2020-09-01,15:15:37.034000,12685,12686,12686,1
2020-09-01,15:15:37.561000,12685,12686,12686,2
2020-09-01,15:15:37.561000,12685,12686,12686,4
2020-09-01,15:15:37.561000,12685,12686,12686,2
2020-09-01,15:15:38.379000,12686,12687,12686,1
2020-09-01,15:15:39.439000,12686,12687,12686,1
2020-09-01,15:15:46.559000,12686,12687,12686,1
2020-09-01,15:15:51.672000,12685,12686,12686,4
2020-09-01,15:15:53.310000,12685,12686,12686,3
2020-09-01,15:15:53.716000,12685,12686,12686,1
2020-09-01,15:15:55.230000,12685,12686,12686,4
2020-09-01,15:15:55.908000,12685,12686,12686,1
2020-09-01,15:16:00.062000,12685,12686,12686,1
2020-09-01,15:16:02.001000,12685,12686,12686,1
2020-09-01,15:16:04.915000,12685,12686,12686,1
2020-09-01,15:16:08.133000,12685,12686,12686,1
2020-09-01,15:16:09.129000,12685,12686,12686,1
2020-09-01,15:16:09.130000,12685,12686,12686,4
2020-09-01,15:16:09.130000,12685,12686,12686,2
2020-09-01,15:16:09.810000,12685,12686,12686,1
2020-09-01,15:16:11.284000,12685,12686,12686,1
2020-09-01,15:16:12.605000,12686,12687,12686,1
2020-09-01,15:16:19.559000,12686,12687,12687,2
2020-09-01,15:16:19.766000,12686,12687,12687,2
2020-09-01,15:16:19.772000,12686,12687,12686,2
2020-09-01,15:16:28.505000,12686,12687,12687,2
2020-09-01,15:16:28.506000,12686,12687,12687,1
2020-09-01,15:16:28.506000,12686,12687,12687,1
2020-09-01,15:16:28.506000,12686,12687,12687,1
2020-09-01,15:16:32.253000,12687,12688,12687,1
2020-09-01,15:16:33.142000,12686,12687,12687,1
2020-09-01,15:16:33.639000,12686,12687,12686,14
2020-09-01,15:16:33.639000,12686,12687,12685,17
2020-09-01,15:16:33.640000,12686,12687,12685,2
2020-09-01,15:16:33.641000,12686,12687,12685,24
2020-09-01,15:16:36.771000,12685,12686,12686,1
2020-09-01,15:16:39.817000,12685,12686,12686,1
2020-09-01,15:16:44.581000,12686,12687,12687,11
2020-09-01,15:16:55.278000,12686,12687,12686,1
2020-09-01,15:16:56.718000,12685,12686,12686,1
2020-09-01,15:17:11.883000,12686,12687,12686,2
2020-09-01,15:17:11.884000,12686,12687,12686,2
2020-09-01,15:17:14.782000,12685,12686,12685,1
2020-09-01,15:17:19.152000,12685,12686,12685,1
2020-09-01,15:17:30.026000,12685,12686,12686,1
2020-09-01,15:17:30.282000,12685,12686,12686,1
2020-09-01,15:17:31.922000,12685,12686,12686,4
2020-09-01,15:17:32.172000,12686,12687,12686,1
2020-09-01,15:17:33.324000,12686,12687,12686,1
2020-09-01,15:17:47.450000,12686,12687,12687,14
2020-09-01,15:17:50.463000,12687,12688,12687,1
2020-09-01,15:18:30.953000,12686,12687,12686,1
2020-09-01,15:18:31.538000,12686,12687,12687,2
2020-09-01,15:18:46.373000,12686,12687,12687,1
2020-09-01,15:18:49.127000,12687,12688,12687,3
2020-09-01,15:18:54.281000,12686,12687,12687,4
2020-09-01,15:18:57.667000,12686,12687,12687,2
2020-09-01,15:19:01.049000,12687,12688,12687,1
2020-09-01,15:19:02.631000,12686,12687,12687,1
2020-09-01,15:19:21.013000,12686,12687,12687,1
2020-09-01,15:19:24.136000,12686,12687,12687,3
2020-09-01,15:19:30.388000,12686,12687,12687,1
2020-09-01,15:19:40.857000,12686,12687,12687,5
2020-09-01,15:20:02.206000,12686,12687,12687,5
2020-09-01,15:20:10.424000,12686,12687,12687,1
2020-09-01,15:20:11.841000,12686,12687,12687,2
2020-09-01,15:20:15.230000,12687,12688,12688,13
2020-09-01,15:20:17.860000,12688,12689,12689,1
2020-09-01,15:20:19.052000,12688,12689,12689,1
2020-09-01,15:20:19.194000,12688,12689,12689,2
2020-09-01,15:20:19.194000,12688,12689,12689,4
2020-09-01,15:20:20.575000,12688,12690,12690,1
2020-09-01,15:20:22.076000,12689,12690,12689,1
2020-09-01,15:20:25.048000,12688,12689,12689,1
2020-09-01,15:20:29.342000,12689,12690,12689,1
2020-09-01,15:20:29.975000,12689,12690,12690,1
2020-09-01,15:20:32.078000,12689,12690,12690,1
2020-09-01,15:20:42.366000,12689,12690,12690,1
2020-09-01,15:20:50.186000,12689,12690,12690,1
2020-09-01,15:20:52.449000,12689,12690,12690,1
2020-09-01,15:20:55.259000,12689,12690,12690,1
2020-09-01,15:20:55.307000,12689,12690,12690,10
2020-09-01,15:20:55.308000,12689,12690,12690,2
2020-09-01,15:20:56.654000,12690,12691,12690,1
2020-09-01,15:20:59.968000,12690,12691,12690,1
2020-09-01,15:21:00.724000,12690,12691,12691,6
2020-09-01,15:21:02.450000,12691,12692,12692,4
2020-09-01,15:21:02.450000,12691,12692,12692,8
2020-09-01,15:21:03.160000,12692,12693,12693,2
2020-09-01,15:21:04.031000,12692,12693,12693,1
2020-09-01,15:21:07.773000,12692,12693,12692,1
2020-09-01,15:21:08.045000,12692,12693,12693,1
2020-09-01,15:21:08.083000,12692,12693,12693,8
2020-09-01,15:21:09.025000,12692,12694,12694,1
2020-09-01,15:21:09.292000,12692,12694,12692,1
2020-09-01,15:21:09.354000,12692,12694,12694,5
2020-09-01,15:21:10.415000,12692,12693,12693,1
2020-09-01,15:21:12.091000,12693,12694,12693,2
2020-09-01,15:21:13.570000,12692,12694,12693,6
2020-09-01,15:21:13.680000,12692,12693,12693,4
2020-09-01,15:21:14.671000,12693,12694,12694,1
2020-09-01,15:21:16.430000,12693,12694,12694,1
2020-09-01,15:21:16.430000,12693,12694,12694,6
2020-09-01,15:21:18.067000,12694,12695,12694,1
2020-09-01,15:21:18.354000,12694,12695,12694,10
2020-09-01,15:21:18.622000,12694,12695,12694,1
2020-09-01,15:21:19.093000,12694,12695,12694,1
2020-09-01,15:21:22.847000,12694,12695,12694,1
2020-09-01,15:21:22.884000,12694,12695,12694,2
2020-09-01,15:21:22.987000,12694,12695,12694,1
2020-09-01,15:21:23.455000,12694,12695,12695,1
2020-09-01,15:21:24.552000,12694,12695,12695,10
2020-09-01,15:21:27.354000,12694,12696,12694,1
2020-09-01,15:21:32.891000,12694,12695,12694,5
2020-09-01,15:21:38.543000,12694,12695,12695,5
2020-09-01,15:21:40.765000,12694,12695,12695,1
2020-09-01,15:21:41.102000,12694,12695,12695,1
2020-09-01,15:21:41.191000,12694,12695,12695,1
2020-09-01,15:21:43.581000,12694,12695,12695,1
2020-09-01,15:21:46.127000,12694,12695,12695,3
2020-09-01,15:21:46.218000,12694,12695,12695,1
2020-09-01,15:21:47.388000,12694,12695,12695,1
2020-09-01,15:21:48.932000,12694,12695,12695,1
2020-09-01,15:21:49.509000,12694,12695,12695,2
2020-09-01,15:21:50.183000,12694,12695,12695,1
2020-09-01,15:21:50.876000,12694,12695,12695,1
2020-09-01,15:21:52.124000,12694,12695,12694,1
2020-09-01,15:21:53.233000,12694,12696,12694,1
2020-09-01,15:21:58.824000,12694,12695,12694,1
2020-09-01,15:21:59.524000,12694,12695,12695,1
2020-09-01,15:21:59.702000,12695,12696,12695,4
2020-09-01,15:22:01.183000,12694,12696,12696,1
2020-09-01,15:22:03.031000,12694,12695,12695,1
2020-09-01,15:22:05.977000,12695,12696,12696,1
2020-09-01,15:22:07.295000,12695,12696,12696,1
2020-09-01,15:22:08.383000,12695,12696,12695,1
2020-09-01,15:22:09.840000,12695,12696,12696,1
2020-09-01,15:22:10.362000,12695,12696,12696,1
2020-09-01,15:22:10.792000,12695,12696,12696,1
2020-09-01,15:22:11.312000,12695,12696,12696,1
2020-09-01,15:22:11.403000,12695,12696,12696,3
2020-09-01,15:22:12.351000,12695,12697,12697,1
2020-09-01,15:22:12.473000,12695,12697,12697,1
2020-09-01,15:22:13.639000,12695,12696,12696,3
2020-09-01,15:22:15.088000,12695,12696,12696,1
2020-09-01,15:22:15.756000,12695,12696,12696,5
2020-09-01,15:22:16.354000,12695,12696,12696,5
2020-09-01,15:22:17.004000,12695,12696,12696,1
2020-09-01,15:22:17.176000,12695,12696,12696,5
2020-09-01,15:22:18.498000,12695,12696,12696,1
2020-09-01,15:22:19.177000,12695,12696,12696,5
2020-09-01,15:22:19.809000,12695,12696,12696,3
2020-09-01,15:22:19.810000,12695,12696,12696,2
2020-09-01,15:22:21.423000,12695,12696,12696,1
2020-09-01,15:22:22.318000,12696,12697,12697,1
2020-09-01,15:22:23.461000,12696,12697,12696,1
2020-09-01,15:22:25.501000,12696,12697,12697,1
2020-09-01,15:22:25.598000,12696,12697,12697,1
2020-09-01,15:22:28.303000,12696,12697,12697,1
2020-09-01,15:22:30.146000,12696,12697,12697,2
2020-09-01,15:22:30.371000,12696,12697,12697,1
2020-09-01,15:22:31.676000,12696,12697,12697,1
2020-09-01,15:22:33.831000,12696,12697,12697,1
2020-09-01,15:22:37.551000,12696,12697,12696,2
2020-09-01,15:22:39.699000,12696,12697,12697,2
2020-09-01,15:22:41.107000,12696,12697,12697,1
2020-09-01,15:22:41.241000,12696,12697,12697,4
2020-09-01,15:22:45.236000,12697,12698,12698,1
2020-09-01,15:22:45.345000,12697,12698,12698,2
2020-09-01,15:22:45.644000,12697,12698,12698,1
2020-09-01,15:22:46.016000,12697,12698,12698,1
2020-09-01,15:22:46.434000,12697,12698,12697,1
2020-09-01,15:22:49.187000,12697,12698,12698,5
2020-09-01,15:22:50.740000,12697,12698,12698,1
2020-09-01,15:22:51.967000,12697,12698,12698,1
2020-09-01,15:22:52.243000,12697,12698,12698,1
2020-09-01,15:22:56.652000,12697,12698,12698,2
2020-09-01,15:22:56.741000,12697,12698,12698,5
2020-09-01,15:22:57.489000,12697,12698,12698,1
2020-09-01,15:22:59.080000,12697,12698,12698,1
2020-09-01,15:23:00.096000,12697,12698,12698,8
2020-09-01,15:23:00.476000,12697,12698,12698,1
2020-09-01,15:23:00.499000,12697,12698,12698,1
2020-09-01,15:23:01.565000,12697,12698,12698,1
2020-09-01,15:23:01.587000,12698,12699,12698,2
2020-09-01,15:23:01.947000,12697,12698,12698,2
2020-09-01,15:23:02.072000,12697,12698,12698,2
2020-09-01,15:23:02.601000,12698,12699,12699,1
2020-09-01,15:23:03.490000,12698,12699,12698,1
2020-09-01,15:23:03.661000,12698,12699,12698,1
2020-09-01,15:23:07.694000,12698,12699,12699,32
2020-09-01,15:23:10.381000,12699,12700,12700,12
2020-09-01,15:23:10.390000,12699,12700,12700,6
2020-09-01,15:23:10.454000,12700,12701,12700,2
2020-09-01,15:23:10.501000,12700,12701,12701,2
2020-09-01,15:23:10.504000,12700,12701,12700,2
2020-09-01,15:23:10.517000,12700,12701,12701,1
2020-09-01,15:23:10.620000,12700,12701,12701,6
2020-09-01,15:23:10.693000,12700,12701,12702,1
2020-09-01,15:23:10.797000,12701,12702,12702,2
2020-09-01,15:23:10.814000,12701,12702,12701,2
2020-09-01,15:23:10.830000,12701,12702,12701,2
2020-09-01,15:23:11.163000,12700,12702,12702,1
2020-09-01,15:23:11.266000,12700,12702,12702,1
2020-09-01,15:23:11.391000,12700,12702,12700,5
2020-09-01,15:23:12.619000,12700,12701,12700,1
2020-09-01,15:23:14.232000,12700,12701,12700,1
2020-09-01,15:23:14.554000,12700,12701,12701,1
2020-09-01,15:23:15.064000,12700,12701,12701,1
2020-09-01,15:23:15.107000,12700,12701,12701,1
2020-09-01,15:23:15.568000,12700,12701,12701,3
2020-09-01,15:23:15.727000,12700,12701,12701,1
2020-09-01,15:23:16.165000,12700,12701,12701,1
2020-09-01,15:23:17.011000,12700,12701,12701,1
2020-09-01,15:23:17.962000,12700,12701,12701,1
2020-09-01,15:23:18.195000,12700,12701,12701,9
2020-09-01,15:23:19.460000,12701,12702,12701,1
2020-09-01,15:23:20.838000,12701,12702,12701,1
2020-09-01,15:23:21.613000,12701,12702,12702,1
2020-09-01,15:23:22.323000,12701,12702,12701,2
2020-09-01,15:23:23.339000,12701,12702,12702,2
2020-09-01,15:23:23.445000,12701,12702,12702,6
2020-09-01,15:23:23.544000,12701,12703,12702,1
2020-09-01,15:23:23.573000,12701,12702,12702,1
2020-09-01,15:23:23.573000,12701,12702,12703,1
2020-09-01,15:23:23.863000,12701,12702,12702,2
2020-09-01,15:23:23.865000,12701,12702,12702,2
2020-09-01,15:23:23.915000,12701,12702,12702,2
2020-09-01,15:23:23.947000,12702,12703,12702,2
2020-09-01,15:23:24,12702,12703,12702,1
2020-09-01,15:23:25.423000,12701,12703,12701,1
2020-09-01,15:23:25.467000,12701,12703,12701,1
2020-09-01,15:23:25.546000,12701,12703,12703,2
2020-09-01,15:23:29.937000,12701,12702,12702,3
2020-09-01,15:23:29.937000,12701,12702,12703,2
2020-09-01,15:23:30.107000,12701,12703,12701,1
2020-09-01,15:23:33.154000,12702,12703,12702,1
2020-09-01,15:23:33.211000,12702,12703,12703,9
2020-09-01,15:23:33.377000,12703,12704,12703,1
2020-09-01,15:23:33.789000,12703,12704,12703,1
2020-09-01,15:23:34.050000,12703,12704,12703,1
2020-09-01,15:23:34.230000,12703,12704,12703,1
2020-09-01,15:23:37.023000,12703,12704,12704,1
2020-09-01,15:23:37.392000,12703,12704,12704,1
2020-09-01,15:23:37.405000,12703,12704,12704,6
2020-09-01,15:23:38.070000,12704,12705,12704,2
2020-09-01,15:23:39.362000,12703,12705,12703,1
2020-09-01,15:23:39.498000,12703,12704,12704,1
2020-09-01,15:23:40.024000,12704,12705,12705,12
2020-09-01,15:23:40.442000,12704,12705,12705,1
2020-09-01,15:23:40.490000,12704,12705,12705,1
2020-09-01,15:23:40.597000,12704,12705,12705,1
2020-09-01,15:23:40.985000,12704,12705,12705,1
2020-09-01,15:23:41.132000,12704,12705,12705,1
2020-09-01,15:23:41.227000,12704,12705,12705,8
2020-09-01,15:23:41.842000,12705,12706,12706,1
2020-09-01,15:23:41.972000,12705,12706,12706,1
2020-09-01,15:23:41.974000,12705,12706,12706,2
2020-09-01,15:23:41.980000,12705,12706,12706,1
2020-09-01,15:23:41.981000,12705,12706,12706,2
2020-09-01,15:23:41.994000,12705,12706,12706,3
2020-09-01,15:23:41.994000,12705,12706,12707,2
2020-09-01,15:23:41.995000,12705,12706,12707,1
2020-09-01,15:23:42.096000,12705,12707,12707,1
2020-09-01,15:23:42.129000,12705,12707,12707,4
2020-09-01,15:23:42.149000,12705,12707,12708,1
2020-09-01,15:23:42.156000,12705,12707,12708,1
2020-09-01,15:23:42.167000,12705,12707,12708,1
2020-09-01,15:23:42.180000,12705,12707,12708,1
2020-09-01,15:23:42.245000,12706,12708,12708,2
2020-09-01,15:23:42.262000,12706,12708,12707,2
2020-09-01,15:23:42.273000,12706,12708,12707,1
2020-09-01,15:23:42.281000,12706,12708,12708,1
2020-09-01,15:23:42.291000,12706,12708,12707,1
2020-09-01,15:23:42.297000,12706,12708,12708,1
2020-09-01,15:23:42.319000,12706,12708,12707,2
2020-09-01,15:23:42.343000,12706,12708,12707,1
2020-09-01,15:23:42.346000,12706,12708,12707,1
2020-09-01,15:23:42.405000,12706,12708,12708,1
2020-09-01,15:23:42.407000,12706,12708,12708,1
2020-09-01,15:23:42.429000,12706,12708,12708,1
2020-09-01,15:23:42.476000,12707,12708,12708,1
2020-09-01,15:23:42.477000,12707,12708,12708,1
2020-09-01,15:23:42.507000,12707,12708,12708,1
2020-09-01,15:23:42.519000,12707,12708,12709,2
2020-09-01,15:23:42.576000,12707,12709,12709,1
2020-09-01,15:23:42.577000,12707,12709,12709,1
2020-09-01,15:23:42.608000,12707,12709,12709,3
2020-09-01,15:23:42.622000,12707,12709,12709,1
2020-09-01,15:23:42.623000,12707,12709,12709,1
2020-09-01,15:23:42.623000,12707,12709,12709,1
2020-09-01,15:23:42.625000,12707,12709,12709,8
2020-09-01,15:23:42.648000,12707,12709,12708,2
2020-09-01,15:23:42.653000,12707,12709,12709,1
2020-09-01,15:23:42.687000,12707,12709,12709,1
2020-09-01,15:23:42.698000,12708,12709,12708,1
2020-09-01,15:23:42.732000,12708,12709,12708,1
2020-09-01,15:23:42.747000,12708,12709,12709,1
2020-09-01,15:23:42.774000,12708,12709,12709,1
2020-09-01,15:23:42.784000,12708,12709,12709,1
2020-09-01,15:23:42.843000,12707,12709,12709,1
2020-09-01,15:23:42.844000,12707,12709,12709,1
2020-09-01,15:23:42.857000,12707,12709,12709,4
2020-09-01,15:23:42.857000,12707,12709,12710,6
2020-09-01,15:23:42.933000,12707,12709,12709,1
2020-09-01,15:23:42.993000,12707,12709,12709,1
2020-09-01,15:23:43.014000,12707,12709,12709,2
2020-09-01,15:23:43.132000,12707,12709,12709,1
2020-09-01,15:23:43.133000,12707,12709,12709,1
2020-09-01,15:23:43.183000,12707,12709,12709,1
2020-09-01,15:23:43.330000,12708,12709,12709,1
2020-09-01,15:23:43.366000,12708,12709,12709,1
2020-09-01,15:23:43.432000,12708,12709,12709,1
2020-09-01,15:23:43.673000,12708,12709,12708,1
2020-09-01,15:23:43.777000,12707,12709,12709,1
2020-09-01,15:23:43.837000,12707,12709,12709,1
2020-09-01,15:23:43.854000,12707,12709,12709,1
2020-09-01,15:23:43.884000,12707,12709,12709,1
2020-09-01,15:23:43.886000,12707,12709,12708,5
2020-09-01,15:23:43.890000,12707,12709,12709,1
2020-09-01,15:23:43.928000,12707,12709,12709,1
2020-09-01,15:23:44.298000,12707,12709,12709,1
2020-09-01,15:23:44.320000,12707,12709,12709,1
2020-09-01,15:23:44.336000,12707,12709,12709,1
2020-09-01,15:23:45.161000,12707,12708,12708,3
2020-09-01,15:23:45.492000,12707,12709,12709,1
2020-09-01,15:23:45.663000,12707,12709,12707,1
2020-09-01,15:23:45.826000,12707,12708,12708,1
2020-09-01,15:23:45.856000,12707,12708,12707,1
2020-09-01,15:23:46.899000,12706,12708,12706,1
2020-09-01,15:23:47.081000,12706,12708,12708,4
2020-09-01,15:23:48.467000,12706,12707,12706,1
2020-09-01,15:23:49.147000,12705,12707,12707,11
2020-09-01,15:23:49.147000,12705,12707,12708,4
2020-09-01,15:23:49.366000,12706,12707,12707,1
2020-09-01,15:23:49.813000,12706,12707,12706,2
2020-09-01,15:23:53.884000,12706,12707,12706,1
2020-09-01,15:23:53.929000,12706,12707,12706,1
2020-09-01,15:23:53.929000,12706,12707,12705,4
2020-09-01,15:23:53.944000,12706,12707,12705,1
2020-09-01,15:23:55.288000,12705,12707,12707,7
2020-09-01,15:23:55.288000,12705,12707,12707,2
2020-09-01,15:23:56.570000,12706,12707,12706,7
2020-09-01,15:23:56.572000,12706,12707,12706,2
2020-09-01,15:23:56.581000,12706,12707,12707,1
2020-09-01,15:23:58.554000,12704,12705,12705,1
2020-09-01,15:23:59.664000,12704,12706,12704,1
2020-09-01,15:23:59.856000,12705,12706,12706,1
2020-09-01,15:24:00.100000,12705,12706,12706,3
2020-09-01,15:24:00.174000,12705,12706,12706,1
2020-09-01,15:24:00.292000,12705,12706,12706,1
2020-09-01,15:24:00.376000,12705,12706,12706,1
2020-09-01,15:24:00.439000,12705,12706,12705,2
2020-09-01,15:24:00.723000,12705,12707,12707,4
2020-09-01,15:24:03.015000,12704,12706,12704,1
2020-09-01,15:24:04.442000,12705,12706,12706,2
2020-09-01,15:24:04.580000,12705,12706,12705,1
2020-09-01,15:24:04.947000,12704,12706,12704,1
2020-09-01,15:24:05.509000,12704,12705,12705,1
2020-09-01,15:24:05.903000,12704,12705,12705,2
2020-09-01,15:24:08.487000,12704,12705,12705,1
2020-09-01,15:24:09.636000,12704,12705,12705,1
2020-09-01,15:24:10.518000,12704,12706,12704,1
2020-09-01,15:24:13.258000,12705,12706,12705,2
2020-09-01,15:24:20.498000,12704,12705,12704,15
2020-09-01,15:24:20.504000,12704,12705,12703,1
2020-09-01,15:24:20.681000,12703,12704,12704,2
2020-09-01,15:24:20.911000,12703,12704,12703,1
2020-09-01,15:24:22.903000,12703,12704,12704,3
2020-09-01,15:24:25.478000,12703,12704,12704,4
2020-09-01,15:24:25.794000,12704,12705,12704,6
2020-09-01,15:24:27.867000,12703,12704,12704,1
2020-09-01,15:24:30.559000,12703,12704,12703,1
2020-09-01,15:24:30.808000,12703,12704,12703,1
2020-09-01,15:24:35.777000,12702,12703,12702,1
2020-09-01,15:24:35.777000,12702,12703,12702,1
2020-09-01,15:24:36.667000,12701,12703,12703,1
2020-09-01,15:24:37.508000,12702,12703,12703,1
2020-09-01,15:24:42.322000,12702,12703,12703,1
2020-09-01,15:24:43.224000,12702,12703,12702,1
2020-09-01,15:24:44.118000,12702,12703,12703,1
2020-09-01,15:24:49.218000,12701,12702,12702,1
2020-09-01,15:24:50.131000,12701,12702,12702,4
2020-09-01,15:24:51.463000,12701,12703,12701,1
2020-09-01,15:24:52.957000,12702,12703,12702,1
2020-09-01,15:24:52.957000,12702,12703,12702,1
2020-09-01,15:24:54.820000,12701,12702,12702,1
2020-09-01,15:24:56.658000,12701,12702,12701,1
2020-09-01,15:25:00.236000,12701,12702,12702,1
2020-09-01,15:25:01.119000,12701,12703,12701,1
2020-09-01,15:25:01.897000,12702,12703,12702,1
2020-09-01,15:25:04.528000,12702,12703,12702,1
2020-09-01,15:25:04.582000,12702,12703,12702,1
2020-09-01,15:25:05.693000,12702,12703,12703,2
2020-09-01,15:25:05.708000,12702,12703,12703,2
2020-09-01,15:25:06.315000,12702,12703,12702,1
2020-09-01,15:25:07.078000,12702,12703,12703,1
2020-09-01,15:25:07.102000,12702,12703,12703,3
2020-09-01,15:25:07.290000,12703,12704,12703,1
2020-09-01,15:25:07.756000,12703,12704,12703,2
2020-09-01,15:25:11.164000,12703,12704,12704,1
2020-09-01,15:25:11.537000,12703,12704,12703,1
2020-09-01,15:25:12.769000,12703,12704,12704,1
2020-09-01,15:25:12.770000,12703,12704,12704,5
2020-09-01,15:25:12.801000,12703,12704,12705,1
2020-09-01,15:25:12.832000,12704,12705,12705,1
2020-09-01,15:25:15.685000,12703,12704,12704,2
2020-09-01,15:25:15.989000,12703,12704,12704,1
2020-09-01,15:25:16.928000,12703,12704,12704,2
2020-09-01,15:25:18.895000,12704,12705,12705,16
2020-09-01,15:25:19.981000,12705,12706,12706,1
2020-09-01,15:25:20.180000,12705,12706,12706,2
2020-09-01,15:25:21.116000,12705,12707,12705,5
2020-09-01,15:25:24.276000,12705,12706,12705,1
2020-09-01,15:25:25.709000,12704,12706,12706,1
2020-09-01,15:25:26.686000,12704,12706,12704,1
2020-09-01,15:25:27.881000,12703,12705,12704,1
2020-09-01,15:25:27.881000,12703,12705,12703,3
2020-09-01,15:25:29.256000,12704,12705,12704,1
2020-09-01,15:25:29.768000,12703,12705,12705,5
2020-09-01,15:25:31.254000,12703,12704,12704,2
2020-09-01,15:25:38.914000,12703,12705,12703,2
2020-09-01,15:25:42.873000,12704,12705,12704,5
2020-09-01,15:25:43.465000,12703,12704,12703,1
2020-09-01,15:25:46.338000,12703,12704,12703,7
2020-09-01,15:25:46.343000,12703,12704,12702,1
2020-09-01,15:25:46.410000,12703,12704,12702,1
2020-09-01,15:25:46.548000,12702,12703,12702,1
2020-09-01,15:25:46.852000,12702,12703,12703,3
2020-09-01,15:25:47.279000,12702,12704,12702,3
2020-09-01,15:25:47.290000,12702,12704,12702,1
2020-09-01,15:25:48.021000,12702,12704,12704,5
2020-09-01,15:25:49.331000,12702,12704,12702,5
2020-09-01,15:25:49.493000,12702,12703,12703,1
2020-09-01,15:25:52.360000,12702,12703,12702,8
2020-09-01,15:25:52.360000,12702,12703,12701,13
2020-09-01,15:25:52.361000,12702,12703,12702,1
2020-09-01,15:25:52.717000,12702,12703,12703,1
2020-09-01,15:25:54.098000,12702,12704,12702,1
2020-09-01,15:25:58.617000,12702,12703,12702,1
2020-09-01,15:25:59.798000,12701,12702,12702,1
2020-09-01,15:26:00.333000,12701,12702,12702,1
2020-09-01,15:26:03.758000,12702,12703,12702,1
2020-09-01,15:26:05.011000,12702,12703,12702,1
2020-09-01,15:26:07.042000,12702,12703,12702,1
2020-09-01,15:26:17.819000,12702,12703,12702,1
2020-09-01,15:26:19.590000,12702,12703,12702,1
2020-09-01,15:26:19.754000,12702,12703,12702,4
2020-09-01,15:26:19.962000,12701,12702,12702,1
2020-09-01,15:26:19.992000,12701,12702,12702,1
2020-09-01,15:26:21.710000,12701,12702,12702,1
2020-09-01,15:26:24.308000,12701,12702,12702,1
2020-09-01,15:26:30.936000,12701,12702,12702,1
2020-09-01,15:26:32.613000,12701,12702,12702,1
2020-09-01,15:26:40.361000,12701,12702,12702,1
2020-09-01,15:26:40.601000,12701,12702,12702,1
2020-09-01,15:26:52.171000,12701,12702,12702,1
2020-09-01,15:26:52.749000,12701,12702,12702,2
2020-09-01,15:26:52.750000,12701,12702,12702,1
2020-09-01,15:26:52.777000,12701,12702,12702,2
2020-09-01,15:26:55.711000,12701,12702,12702,2
2020-09-01,15:26:57.031000,12702,12703,12702,1
2020-09-01,15:27:05.013000,12702,12703,12702,4
2020-09-01,15:27:18.514000,12702,12703,12702,1
2020-09-01,15:27:23.578000,12702,12703,12702,4
2020-09-01,15:27:24.155000,12702,12703,12702,4
2020-09-01,15:27:24.156000,12702,12703,12702,4
2020-09-01,15:27:24.232000,12701,12702,12701,2
2020-09-01,15:27:28.321000,12701,12702,12702,1
2020-09-01,15:27:33.703000,12701,12702,12702,1
2020-09-01,15:27:35.307000,12701,12702,12702,1
2020-09-01,15:27:38.887000,12701,12702,12702,1
2020-09-01,15:27:40.864000,12701,12702,12702,1
2020-09-01,15:27:45.283000,12701,12702,12702,3
2020-09-01,15:27:45.691000,12701,12702,12702,1
2020-09-01,15:27:53.845000,12701,12702,12702,1
2020-09-01,15:27:54.631000,12701,12702,12701,1
2020-09-01,15:27:58.733000,12701,12702,12702,1
2020-09-01,15:27:58.821000,12701,12702,12702,1
2020-09-01,15:28:03.313000,12702,12703,12702,1
2020-09-01,15:28:03.579000,12701,12702,12702,1
2020-09-01,15:28:04.144000,12701,12702,12702,1
2020-09-01,15:28:06.527000,12701,12702,12702,1
2020-09-01,15:28:09.421000,12701,12702,12702,1
2020-09-01,15:28:10.177000,12701,12702,12701,2
2020-09-01,15:28:11.883000,12701,12702,12702,1
2020-09-01,15:28:14.623000,12701,12702,12702,1
2020-09-01,15:28:16.041000,12701,12702,12702,1
2020-09-01,15:28:23.573000,12702,12703,12702,1
2020-09-01,15:28:23.908000,12701,12702,12702,1
2020-09-01,15:28:28.678000,12701,12702,12702,1
2020-09-01,15:28:29.502000,12701,12702,12702,1
2020-09-01,15:28:29.838000,12701,12702,12702,1
2020-09-01,15:28:32.746000,12702,12703,12702,1
2020-09-01,15:28:37.172000,12702,12703,12702,1
2020-09-01,15:28:44.653000,12701,12703,12701,1
2020-09-01,15:28:45.449000,12701,12703,12701,1
2020-09-01,15:29:02.315000,12701,12702,12702,1
2020-09-01,15:29:09.704000,12702,12703,12702,1
2020-09-01,15:29:12.228000,12702,12703,12703,6
2020-09-01,15:29:16.341000,12702,12704,12704,1
2020-09-01,15:29:26.904000,12701,12703,12703,1
2020-09-01,15:29:30.282000,12701,12703,12703,1
2020-09-01,15:29:38.963000,12701,12702,12702,1
2020-09-01,15:29:42.046000,12701,12702,12702,1
2020-09-01,15:29:47.459000,12701,12702,12702,1
2020-09-01,15:29:48.472000,12701,12702,12702,4
2020-09-01,15:29:49.261000,12702,12703,12703,1
2020-09-01,15:29:49.261000,12702,12703,12703,1
2020-09-01,15:29:49.262000,12702,12703,12703,1
2020-09-01,15:29:49.262000,12702,12703,12703,1
2020-09-01,15:30:10.068000,12703,12704,12704,2
2020-09-01,15:30:10.068000,12703,12704,12704,3
2020-09-01,15:30:10.069000,12703,12704,12704,2
2020-09-01,15:30:10.069000,12703,12704,12705,5
2020-09-01,15:30:10.070000,12703,12704,12705,9
2020-09-01,15:30:10.070000,12703,12704,12705,3
2020-09-01,15:30:10.370000,12704,12706,12704,1
2020-09-01,15:30:10.389000,12704,12706,12706,3
2020-09-01,15:30:10.446000,12704,12706,12704,1
2020-09-01,15:30:10.446000,12704,12706,12704,1
2020-09-01,15:30:10.490000,12704,12706,12704,1
2020-09-01,15:30:10.516000,12704,12706,12704,1
2020-09-01,15:30:10.531000,12704,12706,12704,1
2020-09-01,15:30:11.254000,12705,12707,12707,1
2020-09-01,15:30:11.336000,12705,12707,12705,4
2020-09-01,15:30:13.011000,12704,12706,12706,1
2020-09-01,15:30:14.017000,12704,12706,12706,1
2020-09-01,15:30:14.466000,12704,12706,12704,3
2020-09-01,15:30:22.863000,12705,12706,12705,2
2020-09-01,15:30:23.505000,12704,12705,12704,2
2020-09-01,15:30:23.818000,12703,12705,12703,3
2020-09-01,15:30:34.900000,12702,12703,12702,1
2020-09-01,15:30:34.916000,12702,12703,12703,1
2020-09-01,15:30:40.192000,12702,12703,12703,1
2020-09-01,15:30:40.822000,12702,12703,12703,1
2020-09-01,15:30:46.318000,12702,12703,12703,1
2020-09-01,15:30:46.999000,12702,12703,12702,2
2020-09-01,15:30:49.214000,12702,12703,12702,1
2020-09-01,15:30:49.899000,12702,12703,12702,1
2020-09-01,15:30:50.466000,12702,12703,12702,1
2020-09-01,15:30:50.883000,12702,12703,12702,1
2020-09-01,15:31:02.066000,12701,12702,12701,3
2020-09-01,15:31:02.066000,12701,12702,12701,5
2020-09-01,15:31:03.062000,12700,12701,12701,1
2020-09-01,15:31:03.929000,12701,12702,12701,1
2020-09-01,15:31:05.582000,12700,12701,12701,2
2020-09-01,15:31:06.651000,12700,12701,12700,1
2020-09-01,15:31:07.842000,12700,12701,12700,2
2020-09-01,15:31:10.955000,12700,12701,12700,4
2020-09-01,15:31:11.575000,12700,12701,12700,1
2020-09-01,15:31:11.575000,12700,12701,12700,5
2020-09-01,15:31:11.575000,12700,12701,12700,11
2020-09-01,15:31:11.655000,12700,12701,12699,3
2020-09-01,15:31:11.655000,12700,12701,12699,2
2020-09-01,15:31:11.656000,12700,12701,12699,3
2020-09-01,15:31:11.656000,12700,12701,12699,1
2020-09-01,15:31:11.656000,12700,12701,12699,2
2020-09-01,15:31:11.697000,12699,12700,12699,1
2020-09-01,15:31:11.735000,12699,12700,12698,1
2020-09-01,15:31:11.756000,12699,12700,12698,1
2020-09-01,15:31:11.757000,12699,12700,12698,3
2020-09-01,15:31:12.109000,12698,12699,12698,1
2020-09-01,15:31:12.137000,12698,12699,12698,1
2020-09-01,15:31:12.711000,12698,12699,12698,1
2020-09-01,15:31:13.145000,12698,12699,12698,1
2020-09-01,15:31:13.168000,12698,12699,12698,1
2020-09-01,15:31:13.175000,12698,12699,12698,1
2020-09-01,15:31:13.667000,12698,12699,12698,1
2020-09-01,15:31:13.667000,12698,12699,12698,2
2020-09-01,15:31:13.667000,12698,12699,12698,3
2020-09-01,15:31:13.667000,12698,12699,12698,1
2020-09-01,15:31:13.667000,12698,12699,12698,1
2020-09-01,15:31:18.104000,12698,12699,12698,1
2020-09-01,15:31:18.112000,12698,12699,12699,3
2020-09-01,15:31:18.112000,12698,12699,12700,1
2020-09-01,15:31:18.810000,12698,12700,12699,1
2020-09-01,15:31:18.810000,12698,12700,12698,2
2020-09-01,15:31:30.099000,12698,12699,12699,1
2020-09-01,15:31:30.699000,12698,12699,12699,1
2020-09-01,15:31:33.109000,12699,12700,12699,1
2020-09-01,15:31:33.109000,12699,12700,12698,2
2020-09-01,15:31:43.645000,12698,12699,12699,1
2020-09-01,15:31:45.675000,12698,12700,12698,3
2020-09-01,15:31:55.043000,12698,12699,12699,1
2020-09-01,15:31:57.272000,12698,12700,12698,2
2020-09-01,15:32:00.258000,12699,12700,12699,3
2020-09-01,15:32:00.376000,12699,12700,12700,1
2020-09-01,15:32:00.376000,12699,12700,12700,5
2020-09-01,15:32:00.376000,12699,12700,12700,2
2020-09-01,15:32:00.376000,12699,12700,12700,2
2020-09-01,15:32:00.376000,12699,12700,12700,2
2020-09-01,15:32:00.378000,12699,12700,12700,2
2020-09-01,15:32:00.569000,12699,12700,12699,2
2020-09-01,15:32:01.117000,12699,12700,12700,2
2020-09-01,15:32:01.118000,12699,12700,12700,2
2020-09-01,15:32:12.513000,12699,12700,12699,1
2020-09-01,15:32:13.636000,12698,12700,12700,1
2020-09-01,15:32:18.071000,12698,12699,12699,1
2020-09-01,15:32:19.411000,12698,12699,12699,1
2020-09-01,15:32:27.766000,12699,12700,12699,1
2020-09-01,15:32:28.131000,12698,12699,12699,1
2020-09-01,15:32:28.209000,12698,12699,12699,1
2020-09-01,15:32:32.228000,12698,12699,12699,1
2020-09-01,15:32:32.228000,12698,12699,12699,1
2020-09-01,15:32:32.228000,12698,12699,12699,1
2020-09-01,15:32:32.229000,12698,12699,12699,2
2020-09-01,15:32:33.850000,12698,12700,12699,1
2020-09-01,15:32:38.136000,12699,12700,12699,1
2020-09-01,15:32:38.454000,12699,12700,12700,1
2020-09-01,15:32:39.689000,12700,12701,12700,1
2020-09-01,15:32:42.332000,12700,12701,12700,1
2020-09-01,15:32:46.071000,12699,12700,12699,5
2020-09-01,15:32:49.762000,12698,12700,12700,2
2020-09-01,15:32:51.703000,12699,12700,12700,2
2020-09-01,15:32:51.703000,12699,12700,12700,1
2020-09-01,15:32:52.725000,12700,12701,12700,1
2020-09-01,15:32:57.912000,12700,12701,12701,2
2020-09-01,15:33:00.070000,12700,12702,12702,1
2020-09-01,15:33:10.821000,12701,12702,12702,1
2020-09-01,15:33:10.822000,12701,12702,12702,2
2020-09-01,15:33:10.822000,12701,12702,12702,2
2020-09-01,15:33:11.828000,12702,12703,12703,1
2020-09-01,15:33:11.829000,12702,12703,12703,2
2020-09-01,15:33:12.520000,12702,12704,12702,1
2020-09-01,15:33:13.581000,12702,12704,12702,1
2020-09-01,15:33:14.251000,12702,12703,12703,1
2020-09-01,15:33:16.461000,12702,12704,12703,5
2020-09-01,15:33:16.462000,12702,12704,12703,4
2020-09-01,15:33:17.486000,12702,12704,12702,1
2020-09-01,15:33:24.290000,12703,12704,12704,1
2020-09-01,15:33:29.218000,12703,12704,12704,5
2020-09-01,15:33:29.278000,12703,12704,12704,5
2020-09-01,15:33:30.835000,12704,12705,12704,1
2020-09-01,15:33:48.552000,12703,12704,12704,1
2020-09-01,15:33:49.261000,12703,12704,12704,1
2020-09-01,15:33:54.063000,12703,12704,12703,14
2020-09-01,15:33:57.793000,12702,12703,12702,2
2020-09-01,15:33:57.793000,12702,12703,12702,2
2020-09-01,15:34:00.495000,12703,12704,12703,1
2020-09-01,15:34:05.052000,12703,12704,12704,11
2020-09-01,15:34:13.970000,12704,12705,12705,1
2020-09-01,15:34:18.531000,12704,12705,12704,4
2020-09-01,15:34:20.125000,12703,12705,12705,1
2020-09-01,15:34:21.957000,12703,12705,12705,1
2020-09-01,15:34:24.987000,12703,12705,12705,1
2020-09-01,15:34:30.327000,12703,12704,12703,2
2020-09-01,15:34:30.779000,12702,12704,12704,1
2020-09-01,15:34:33.810000,12702,12703,12702,1
2020-09-01,15:34:35.144000,12702,12703,12703,1
2020-09-01,15:34:40.392000,12702,12703,12702,10
2020-09-01,15:34:41.609000,12701,12703,12703,1
2020-09-01,15:34:49.382000,12701,12702,12701,11
2020-09-01,15:34:49.389000,12701,12702,12701,1
2020-09-01,15:35:02.898000,12700,12702,12701,1
2020-09-01,15:35:03.494000,12700,12702,12701,1
2020-09-01,15:35:03.651000,12700,12702,12702,1
2020-09-01,15:35:04.781000,12700,12701,12701,1
2020-09-01,15:35:29.021000,12700,12701,12701,1
2020-09-01,15:35:29.807000,12700,12701,12701,4
2020-09-01,15:35:52.265000,12702,12703,12702,1
2020-09-01,15:35:57.737000,12701,12702,12702,2
2020-09-01,15:36:14.906000,12702,12703,12703,4
2020-09-01,15:36:14.947000,12703,12704,12703,2
2020-09-01,15:36:15.231000,12702,12703,12703,1
2020-09-01,15:36:15.363000,12702,12703,12703,1
2020-09-01,15:36:15.414000,12702,12703,12703,2
2020-09-01,15:36:15.625000,12702,12703,12703,2
2020-09-01,15:36:15.625000,12702,12703,12703,1
2020-09-01,15:36:15.625000,12702,12703,12703,1
2020-09-01,15:36:25.947000,12702,12703,12703,1
2020-09-01,15:36:25.947000,12702,12703,12703,2
2020-09-01,15:36:28.973000,12702,12703,12703,1
2020-09-01,15:36:29.554000,12702,12703,12703,1
2020-09-01,15:36:30.035000,12702,12703,12703,2
2020-09-01,15:36:30.035000,12702,12703,12703,2
2020-09-01,15:36:34.372000,12703,12704,12703,1
2020-09-01,15:36:35.958000,12703,12704,12704,1
2020-09-01,15:36:37.361000,12704,12705,12704,4
2020-09-01,15:36:38.618000,12703,12704,12703,1
2020-09-01,15:36:54.169000,12703,12704,12703,3
2020-09-01,15:37:00.009000,12702,12704,12702,1
2020-09-01,15:37:04.033000,12703,12704,12704,1
2020-09-01,15:37:18.426000,12703,12704,12704,1
2020-09-01,15:37:26.266000,12704,12705,12705,12
2020-09-01,15:37:28.716000,12705,12706,12705,1
2020-09-01,15:37:35.113000,12704,12706,12704,1
2020-09-01,15:37:37.744000,12704,12705,12704,1
2020-09-01,15:37:39.009000,12703,12705,12705,1
2020-09-01,15:37:45.791000,12704,12705,12705,1
2020-09-01,15:37:48.991000,12704,12705,12705,1
2020-09-01,15:37:53.437000,12704,12705,12705,1
2020-09-01,15:37:54.987000,12705,12706,12705,1
2020-09-01,15:38:00.253000,12705,12706,12706,4
2020-09-01,15:38:09.405000,12705,12706,12705,2
2020-09-01,15:38:12.696000,12705,12706,12706,1
2020-09-01,15:38:13.485000,12705,12706,12706,1
2020-09-01,15:38:13.486000,12705,12706,12706,1
2020-09-01,15:38:13.486000,12705,12706,12706,1
2020-09-01,15:38:13.486000,12705,12706,12706,1
2020-09-01,15:38:17.781000,12706,12707,12706,4
2020-09-01,15:38:19.766000,12705,12707,12705,1
2020-09-01,15:38:24.582000,12705,12706,12705,1
2020-09-01,15:38:26.112000,12705,12706,12706,1
2020-09-01,15:38:30.605000,12705,12706,12706,3
2020-09-01,15:38:30.605000,12705,12706,12706,1
2020-09-01,15:38:30.605000,12705,12706,12706,2
2020-09-01,15:38:35.135000,12705,12706,12706,1
2020-09-01,15:38:35.136000,12705,12706,12706,1
2020-09-01,15:38:37.706000,12706,12707,12706,5
2020-09-01,15:38:37.707000,12706,12707,12706,5
2020-09-01,15:38:41.868000,12705,12706,12706,1
2020-09-01,15:38:51.208000,12705,12706,12706,1
2020-09-01,15:38:53.842000,12705,12706,12705,3
2020-09-01,15:38:54.222000,12705,12706,12706,5
2020-09-01,15:38:54.431000,12705,12706,12706,1
2020-09-01,15:38:54.431000,12705,12706,12707,4
2020-09-01,15:38:54.681000,12705,12707,12707,1
2020-09-01,15:38:55.071000,12705,12707,12707,3
2020-09-01,15:38:57.003000,12705,12707,12705,1
2020-09-01,15:39:07.087000,12705,12706,12706,1
2020-09-01,15:39:12.282000,12705,12706,12705,1
2020-09-01,15:39:12.282000,12705,12706,12705,3
2020-09-01,15:39:12.282000,12705,12706,12705,5
2020-09-01,15:39:12.282000,12705,12706,12705,7
2020-09-01,15:39:13.383000,12704,12705,12704,3
2020-09-01,15:39:17.948000,12703,12705,12705,1
2020-09-01,15:39:23.296000,12704,12705,12704,1
2020-09-01,15:39:23.354000,12704,12705,12704,1
2020-09-01,15:39:25.590000,12703,12704,12704,1
2020-09-01,15:39:43.022000,12703,12704,12703,8
2020-09-01,15:39:43.189000,12702,12703,12703,3
2020-09-01,15:39:57.546000,12702,12703,12703,1
2020-09-01,15:40:07.715000,12702,12703,12703,2
2020-09-01,15:40:07.715000,12702,12703,12703,1
2020-09-01,15:40:10.749000,12703,12704,12703,1
2020-09-01,15:40:14.803000,12703,12704,12704,6
2020-09-01,15:40:15.231000,12704,12705,12705,2
2020-09-01,15:40:15.231000,12704,12705,12705,2
2020-09-01,15:40:15.231000,12704,12705,12705,1
2020-09-01,15:40:15.231000,12704,12705,12705,2
2020-09-01,15:40:15.231000,12704,12705,12705,3
2020-09-01,15:40:15.367000,12705,12706,12705,2
2020-09-01,15:40:15.446000,12704,12705,12705,1
2020-09-01,15:40:15.661000,12704,12705,12705,1
2020-09-01,15:40:39.097000,12703,12705,12705,1
2020-09-01,15:41:01.357000,12705,12706,12706,2
2020-09-01,15:41:02.172000,12706,12707,12707,1
2020-09-01,15:41:02.411000,12706,12707,12707,1
2020-09-01,15:41:03.268000,12706,12707,12707,3
2020-09-01,15:41:03.269000,12706,12707,12707,4
2020-09-01,15:41:03.269000,12706,12707,12707,8
2020-09-01,15:41:04.158000,12706,12708,12708,2
2020-09-01,15:41:08.641000,12707,12708,12708,7
2020-09-01,15:41:10.456000,12707,12708,12707,1
2020-09-01,15:41:12.036000,12706,12707,12707,4
2020-09-01,15:41:12.036000,12706,12707,12708,1
2020-09-01,15:41:14.819000,12706,12707,12707,1
2020-09-01,15:41:14.853000,12706,12707,12707,1
2020-09-01,15:41:15.280000,12706,12707,12707,1
2020-09-01,15:41:19.240000,12706,12707,12707,1
2020-09-01,15:41:19.254000,12706,12707,12707,1
2020-09-01,15:41:20.056000,12706,12707,12706,1
2020-09-01,15:41:27.891000,12706,12707,12707,1
2020-09-01,15:41:30.717000,12706,12707,12707,1
2020-09-01,15:41:32.885000,12706,12707,12707,1
2020-09-01,15:41:33.214000,12706,12707,12707,2
2020-09-01,15:41:33.501000,12706,12707,12707,1
2020-09-01,15:41:37.403000,12706,12707,12706,3
2020-09-01,15:41:37.883000,12705,12706,12706,1
2020-09-01,15:41:38.854000,12705,12707,12707,6
2020-09-01,15:41:41.339000,12706,12707,12706,1
2020-09-01,15:41:43.024000,12706,12707,12706,1
2020-09-01,15:41:53.420000,12706,12707,12707,1
2020-09-01,15:41:56.082000,12706,12707,12706,1
2020-09-01,15:41:57.155000,12706,12707,12706,2
2020-09-01,15:42:00.324000,12706,12707,12707,1
2020-09-01,15:42:00.681000,12706,12707,12707,1
2020-09-01,15:42:00.877000,12706,12707,12706,1
2020-09-01,15:42:15.266000,12706,12707,12707,2
2020-09-01,15:42:15.368000,12706,12707,12707,5
2020-09-01,15:42:15.368000,12706,12707,12707,1
2020-09-01,15:42:15.368000,12706,12707,12707,1
2020-09-01,15:42:15.369000,12706,12707,12707,1
2020-09-01,15:42:15.369000,12706,12707,12707,1
2020-09-01,15:42:17.561000,12706,12708,12706,1
2020-09-01,15:42:18.975000,12707,12708,12708,1
2020-09-01,15:42:24.610000,12707,12708,12708,1
2020-09-01,15:42:31.688000,12707,12708,12708,1
2020-09-01,15:42:32.501000,12707,12708,12707,5
2020-09-01,15:42:34.261000,12706,12707,12707,1
2020-09-01,15:42:39.197000,12706,12707,12706,1
2020-09-01,15:42:39.197000,12706,12707,12706,12
2020-09-01,15:42:42.293000,12705,12706,12706,3
2020-09-01,15:42:43.097000,12705,12706,12705,1
2020-09-01,15:42:43.098000,12705,12706,12705,1
2020-09-01,15:42:43.098000,12705,12706,12705,4
2020-09-01,15:42:43.098000,12705,12706,12705,6
2020-09-01,15:42:43.099000,12705,12706,12705,2
2020-09-01,15:42:43.099000,12705,12706,12705,22
2020-09-01,15:42:43.099000,12705,12706,12705,2
2020-09-01,15:42:43.099000,12705,12706,12705,4
2020-09-01,15:42:43.099000,12705,12706,12705,1
2020-09-01,15:42:44.342000,12704,12706,12706,1
2020-09-01,15:43:01.385000,12704,12705,12705,1
2020-09-01,15:43:03.324000,12705,12706,12705,1
2020-09-01,15:43:07.273000,12704,12705,12705,1
2020-09-01,15:43:08.013000,12705,12706,12705,8
2020-09-01,15:43:14.631000,12704,12705,12705,1
2020-09-01,15:43:14.805000,12704,12706,12705,1
2020-09-01,15:43:21.464000,12704,12706,12705,2
2020-09-01,15:43:29.427000,12704,12705,12705,2
2020-09-01,15:43:34.917000,12706,12708,12706,1
2020-09-01,15:43:45.353000,12705,12706,12706,2
2020-09-01,15:43:45.935000,12705,12706,12706,1
2020-09-01,15:43:54.730000,12705,12706,12706,1
2020-09-01,15:44:12.764000,12705,12706,12705,1
2020-09-01,15:44:20.854000,12705,12706,12705,1
2020-09-01,15:44:24.313000,12705,12706,12705,3
2020-09-01,15:44:24.313000,12705,12706,12705,4
2020-09-01,15:44:24.313000,12705,12706,12705,2
2020-09-01,15:44:24.313000,12705,12706,12705,1
2020-09-01,15:44:24.313000,12705,12706,12705,1
2020-09-01,15:44:24.313000,12705,12706,12705,5
2020-09-01,15:44:24.313000,12705,12706,12705,4
2020-09-01,15:44:24.313000,12705,12706,12705,1
2020-09-01,15:44:24.313000,12705,12706,12705,7
2020-09-01,15:44:28.590000,12704,12705,12705,2
2020-09-01,15:44:28.590000,12704,12705,12705,1
2020-09-01,15:44:31.987000,12705,12706,12705,1
2020-09-01,15:44:41.089000,12705,12706,12705,2
2020-09-01,15:44:43.317000,12705,12706,12705,1
2020-09-01,15:45:02.449000,12705,12706,12705,8
2020-09-01,15:45:04.273000,12705,12706,12706,17
2020-09-01,15:45:04.273000,12705,12706,12706,1
2020-09-01,15:45:14.245000,12706,12707,12706,2
2020-09-01,15:45:18.865000,12706,12707,12706,1
2020-09-01,15:45:26.297000,12706,12707,12706,1
2020-09-01,15:45:31.748000,12706,12707,12706,1
2020-09-01,15:45:32.697000,12706,12707,12705,4
2020-09-01,15:45:34.953000,12705,12706,12706,4
2020-09-01,15:45:35.701000,12705,12706,12705,2
2020-09-01,15:45:35.701000,12705,12706,12705,3
2020-09-01,15:45:46.314000,12704,12706,12706,1
2020-09-01,15:45:52.115000,12704,12706,12704,2
2020-09-01,15:45:54.750000,12705,12706,12706,2
2020-09-01,15:45:56.468000,12706,12707,12706,1
2020-09-01,15:45:58.127000,12706,12707,12706,1
2020-09-01,15:45:59.944000,12706,12707,12706,4
2020-09-01,15:45:59.945000,12706,12707,12706,3
2020-09-01,15:46:08.552000,12706,12707,12706,1
2020-09-01,15:46:12.709000,12706,12707,12706,1
2020-09-01,15:46:15.012000,12705,12706,12706,1
2020-09-01,15:46:25.531000,12706,12707,12707,4
2020-09-01,15:46:25.531000,12706,12707,12707,2
2020-09-01,15:46:25.531000,12706,12707,12707,3
2020-09-01,15:46:28.860000,12707,12708,12707,6
2020-09-01,15:46:33.847000,12707,12708,12707,1
2020-09-01,15:46:36.405000,12707,12708,12708,1
2020-09-01,15:46:36.645000,12707,12708,12708,3
2020-09-01,15:46:40.888000,12707,12708,12708,18
2020-09-01,15:46:41.328000,12708,12709,12708,1
2020-09-01,15:46:41.549000,12708,12709,12708,1
2020-09-01,15:46:44.103000,12707,12708,12708,2
2020-09-01,15:46:47.222000,12708,12709,12708,1
2020-09-01,15:46:47.387000,12708,12709,12708,5
2020-09-01,15:46:52.580000,12708,12709,12708,1
2020-09-01,15:46:52.818000,12707,12709,12707,2
2020-09-01,15:46:59.639000,12708,12709,12708,1
2020-09-01,15:46:59.995000,12707,12709,12709,1
2020-09-01,15:47:00.261000,12708,12709,12709,1
2020-09-01,15:47:00.543000,12708,12709,12709,1
2020-09-01,15:47:05.297000,12708,12709,12709,1
2020-09-01,15:47:10.221000,12708,12709,12709,1
2020-09-01,15:47:11.297000,12708,12709,12709,1
2020-09-01,15:47:11.644000,12708,12709,12709,1
2020-09-01,15:47:11.645000,12708,12709,12709,1
2020-09-01,15:47:15.243000,12708,12709,12709,3
2020-09-01,15:47:15.353000,12708,12709,12708,1
2020-09-01,15:47:15.828000,12708,12709,12709,2
2020-09-01,15:47:15.829000,12708,12709,12709,4
2020-09-01,15:47:15.829000,12708,12709,12709,5
2020-09-01,15:47:21.228000,12708,12710,12710,1
2020-09-01,15:47:21.525000,12708,12710,12710,1
2020-09-01,15:47:21.527000,12708,12710,12710,2
2020-09-01,15:47:21.543000,12708,12710,12710,1
2020-09-01,15:47:21.544000,12708,12710,12710,1
2020-09-01,15:47:21.546000,12708,12710,12710,3
2020-09-01,15:47:21.700000,12708,12710,12710,1
2020-09-01,15:47:21.731000,12708,12710,12710,1
2020-09-01,15:47:21.737000,12708,12710,12710,1
2020-09-01,15:47:21.740000,12708,12710,12710,1
2020-09-01,15:47:21.819000,12708,12710,12710,1
2020-09-01,15:47:21.839000,12708,12710,12708,1
2020-09-01,15:47:21.864000,12708,12710,12710,3
2020-09-01,15:47:21.874000,12708,12710,12710,1
2020-09-01,15:47:21.904000,12708,12710,12710,1
2020-09-01,15:47:22.162000,12708,12710,12708,1
2020-09-01,15:47:22.241000,12708,12710,12710,1
2020-09-01,15:47:22.380000,12708,12710,12710,3
2020-09-01,15:47:25.610000,12709,12710,12710,1
2020-09-01,15:47:26.697000,12709,12710,12709,1
2020-09-01,15:47:28.397000,12708,12709,12708,3
2020-09-01,15:47:29.338000,12707,12708,12707,1
2020-09-01,15:47:32.760000,12707,12708,12707,2
2020-09-01,15:47:32.810000,12707,12708,12707,2
2020-09-01,15:47:35.166000,12707,12708,12708,1
2020-09-01,15:47:35.577000,12707,12708,12707,5
2020-09-01,15:47:36.916000,12707,12708,12707,1
2020-09-01,15:47:42.538000,12706,12707,12707,1
2020-09-01,15:47:42.798000,12706,12707,12707,1
2020-09-01,15:47:43.599000,12706,12707,12707,5
2020-09-01,15:47:44.402000,12706,12708,12708,1
2020-09-01,15:47:48.439000,12706,12708,12707,1
2020-09-01,15:47:51.752000,12707,12708,12708,2
2020-09-01,15:47:51.784000,12707,12708,12707,1
2020-09-01,15:47:55.223000,12706,12707,12707,1
2020-09-01,15:47:55.223000,12706,12707,12708,4
2020-09-01,15:47:55.223000,12706,12707,12707,2
2020-09-01,15:47:55.224000,12706,12707,12707,2
2020-09-01,15:47:59.459000,12706,12707,12707,1
2020-09-01,15:48:00.565000,12706,12708,12706,1
2020-09-01,15:48:02.459000,12706,12708,12708,1
2020-09-01,15:48:13.713000,12707,12708,12707,1
2020-09-01,15:48:13.714000,12707,12708,12707,1
2020-09-01,15:48:18.660000,12706,12707,12707,1
2020-09-01,15:48:30.191000,12706,12707,12707,5
2020-09-01,15:48:32.447000,12706,12708,12708,1
2020-09-01,15:48:34.932000,12707,12708,12707,2
2020-09-01,15:48:48.684000,12706,12707,12707,2
2020-09-01,15:48:48.684000,12706,12707,12707,2
2020-09-01,15:48:48.698000,12707,12708,12707,2
2020-09-01,15:48:48.748000,12707,12708,12707,2
2020-09-01,15:49:02.150000,12706,12708,12708,7
2020-09-01,15:49:13.073000,12707,12708,12708,1
2020-09-01,15:49:30.803000,12706,12708,12706,2
2020-09-01,15:49:40.323000,12706,12707,12706,2
2020-09-01,15:49:55.569000,12706,12707,12707,2
2020-09-01,15:49:55.569000,12706,12707,12708,2
2020-09-01,15:49:55.622000,12706,12708,12707,1
2020-09-01,15:49:56.156000,12706,12707,12707,1
2020-09-01,15:50:04.990000,12706,12707,12707,2
2020-09-01,15:50:04.996000,12706,12707,12707,2
2020-09-01,15:50:05.466000,12706,12707,12707,1
2020-09-01,15:50:20.632000,12706,12707,12706,4
2020-09-01,15:50:20.632000,12706,12707,12706,7
2020-09-01,15:50:23.130000,12705,12706,12706,1
2020-09-01,15:50:23.130000,12705,12706,12707,1
2020-09-01,15:50:40.941000,12706,12707,12706,4
2020-09-01,15:50:41.382000,12706,12707,12707,2
2020-09-01,15:50:45.942000,12706,12707,12706,1
2020-09-01,15:51:00.231000,12705,12706,12705,1
2020-09-01,15:51:00.505000,12705,12706,12705,1
2020-09-01,15:51:11.448000,12705,12706,12705,1
2020-09-01,15:51:11.448000,12705,12706,12705,5
2020-09-01,15:51:11.448000,12705,12706,12705,4
2020-09-01,15:51:20.109000,12704,12705,12704,1
2020-09-01,15:51:20.233000,12704,12705,12704,1
2020-09-01,15:51:22.629000,12704,12705,12704,1
2020-09-01,15:51:23.798000,12704,12705,12705,1
2020-09-01,15:51:25.705000,12704,12706,12704,1
2020-09-01,15:51:27.020000,12704,12705,12704,4
2020-09-01,15:51:27.020000,12704,12705,12704,3
2020-09-01,15:51:27.020000,12704,12705,12704,2
2020-09-01,15:51:27.021000,12704,12705,12704,20
2020-09-01,15:51:31.910000,12703,12705,12703,1
2020-09-01,15:51:32.148000,12703,12705,12703,1
2020-09-01,15:51:35.003000,12703,12704,12703,6
2020-09-01,15:51:36.104000,12703,12704,12703,2
2020-09-01,15:51:46.023000,12702,12703,12703,1
2020-09-01,15:51:51.918000,12702,12703,12702,10
2020-09-01,15:52:01.917000,12701,12702,12701,6
2020-09-01,15:52:02.226000,12701,12702,12701,1
2020-09-01,15:52:02.300000,12701,12702,12702,2
2020-09-01,15:52:02.699000,12701,12703,12703,1
2020-09-01,15:52:02.734000,12701,12703,12703,1
2020-09-01,15:52:03.181000,12701,12703,12701,1
2020-09-01,15:52:05.789000,12701,12703,12701,1
2020-09-01,15:52:11.223000,12701,12702,12701,11
2020-09-01,15:52:11.919000,12700,12701,12700,1
2020-09-01,15:52:12.088000,12700,12701,12700,2
2020-09-01,15:52:12.088000,12700,12701,12700,1
2020-09-01,15:52:12.141000,12700,12701,12700,1
2020-09-01,15:52:14.319000,12700,12701,12700,1
2020-09-01,15:52:14.446000,12700,12701,12700,1
2020-09-01,15:52:14.508000,12700,12701,12700,19
2020-09-01,15:52:15.728000,12699,12700,12700,1
2020-09-01,15:52:18.291000,12699,12700,12699,1
2020-09-01,15:52:18.589000,12699,12700,12699,1
2020-09-01,15:52:19.592000,12699,12700,12699,1
2020-09-01,15:52:19.647000,12699,12700,12699,1
2020-09-01,15:52:22.071000,12699,12700,12699,2
2020-09-01,15:52:23.384000,12699,12700,12699,3
2020-09-01,15:52:28.354000,12698,12699,12699,1
2020-09-01,15:52:28.973000,12698,12699,12699,1
2020-09-01,15:52:30.235000,12698,12700,12698,6
2020-09-01,15:52:32.490000,12699,12700,12699,1
2020-09-01,15:52:32.616000,12699,12700,12699,1
2020-09-01,15:52:33.358000,12698,12700,12698,1
2020-09-01,15:52:34.471000,12699,12700,12699,1
2020-09-01,15:52:34.694000,12698,12699,12699,1
2020-09-01,15:52:40.738000,12699,12700,12699,1
2020-09-01,15:52:40.975000,12699,12700,12699,1
2020-09-01,15:52:43.012000,12698,12700,12699,2
2020-09-01,15:52:45.271000,12699,12700,12699,1
2020-09-01,15:52:46.641000,12699,12700,12699,1
2020-09-01,15:52:48.213000,12699,12700,12699,1
2020-09-01,15:52:52.072000,12698,12699,12699,2
2020-09-01,15:52:53.240000,12699,12700,12699,2
2020-09-01,15:52:54.163000,12698,12699,12699,2
2020-09-01,15:52:54.163000,12698,12699,12699,1
2020-09-01,15:52:57.425000,12699,12700,12700,1
2020-09-01,15:53:05.553000,12699,12700,12699,1
2020-09-01,15:53:14.585000,12699,12700,12699,3
2020-09-01,15:53:21.505000,12699,12700,12699,1
2020-09-01,15:53:28.405000,12699,12700,12699,1
2020-09-01,15:53:36.519000,12699,12700,12700,2
2020-09-01,15:53:36.519000,12699,12700,12700,4
2020-09-01,15:53:36.519000,12699,12700,12700,2
2020-09-01,15:53:36.519000,12699,12700,12700,1
2020-09-01,15:53:36.561000,12699,12700,12701,1
2020-09-01,15:53:38.353000,12700,12702,12700,1
2020-09-01,15:53:38.751000,12700,12701,12700,1
2020-09-01,15:53:41.520000,12700,12701,12701,1
2020-09-01,15:53:50.929000,12700,12702,12700,1
2020-09-01,15:54:05.621000,12700,12701,12701,1
2020-09-01,15:54:07.132000,12700,12701,12700,1
2020-09-01,15:54:07.285000,12700,12701,12701,2
2020-09-01,15:54:07.857000,12700,12702,12700,1
2020-09-01,15:54:08.393000,12700,12702,12700,1
2020-09-01,15:54:11.705000,12700,12702,12700,1
2020-09-01,15:54:16.457000,12700,12702,12700,1
2020-09-01,15:54:23.626000,12700,12702,12700,1
2020-09-01,15:54:24.835000,12700,12702,12700,1
2020-09-01,15:54:24.875000,12700,12702,12700,1
2020-09-01,15:54:30.436000,12700,12702,12700,2
2020-09-01,15:54:34.282000,12701,12702,12702,1
2020-09-01,15:54:39.734000,12701,12702,12701,1
2020-09-01,15:55:00.244000,12701,12702,12702,2
2020-09-01,15:55:00.244000,12701,12702,12702,1
2020-09-01,15:55:02.433000,12701,12702,12701,5
2020-09-01,15:55:24.612000,12701,12702,12702,1
2020-09-01,15:55:37.354000,12701,12702,12702,1
2020-09-01,15:55:45.133000,12701,12702,12702,2
2020-09-01,15:55:45.133000,12701,12702,12702,1
2020-09-01,15:55:45.133000,12701,12702,12702,2
2020-09-01,15:55:50.081000,12702,12703,12702,1
2020-09-01,15:56:02.232000,12702,12703,12703,4
2020-09-01,15:56:02.362000,12702,12703,12703,1
2020-09-01,15:56:02.611000,12702,12703,12702,1
2020-09-01,15:56:05.296000,12702,12703,12703,1
2020-09-01,15:56:09.660000,12703,12704,12704,2
2020-09-01,15:56:14.353000,12703,12705,12705,2
2020-09-01,15:56:18.487000,12703,12705,12703,2
2020-09-01,15:56:20.500000,12703,12704,12704,1
2020-09-01,15:56:30.751000,12703,12704,12704,1
2020-09-01,15:56:31.193000,12703,12704,12703,2
2020-09-01,15:56:40.776000,12703,12704,12703,1
2020-09-01,15:56:46.794000,12703,12704,12703,2
2020-09-01,15:56:47.807000,12702,12704,12704,1
2020-09-01,15:56:54.732000,12703,12704,12703,1
2020-09-01,15:56:58.740000,12703,12704,12704,1
2020-09-01,15:57:00.537000,12703,12704,12703,1
2020-09-01,15:57:02.574000,12702,12703,12703,1
2020-09-01,15:57:16.519000,12701,12702,12702,1
2020-09-01,15:57:31.217000,12702,12703,12703,1
2020-09-01,15:57:37.045000,12702,12703,12703,1
2020-09-01,15:57:45.483000,12703,12704,12704,1
2020-09-01,15:57:54.095000,12703,12705,12704,10
2020-09-01,15:57:54.239000,12703,12705,12704,1
2020-09-01,15:57:59.599000,12702,12703,12702,2
2020-09-01,15:58:16.992000,12701,12703,12701,1
2020-09-01,15:58:17.897000,12701,12703,12701,1
2020-09-01,15:58:21.602000,12701,12702,12701,2
2020-09-01,15:58:21.602000,12701,12702,12701,6
2020-09-01,15:58:21.602000,12701,12702,12701,4
2020-09-01,15:58:21.602000,12701,12702,12701,1
2020-09-01,15:58:21.602000,12701,12702,12701,1
2020-09-01,15:58:21.602000,12701,12702,12701,1
2020-09-01,15:58:21.858000,12700,12701,12700,1
2020-09-01,15:58:22.519000,12700,12701,12700,29
2020-09-01,15:58:22.704000,12699,12700,12699,1
2020-09-01,15:58:24.101000,12698,12699,12698,5
2020-09-01,15:58:24.101000,12698,12699,12698,1
2020-09-01,15:58:24.101000,12698,12699,12698,4
2020-09-01,15:58:24.101000,12698,12699,12698,2
2020-09-01,15:58:26.503000,12697,12698,12698,1
2020-09-01,15:58:30.398000,12698,12699,12698,1
2020-09-01,15:58:36.254000,12698,12699,12699,5
2020-09-01,15:58:36.254000,12698,12699,12699,1
2020-09-01,15:58:44.340000,12698,12699,12699,5
2020-09-01,15:58:45.004000,12698,12700,12698,1
2020-09-01,15:58:49.461000,12699,12700,12699,2
2020-09-01,15:58:49.496000,12699,12700,12699,1
2020-09-01,15:58:50.202000,12698,12699,12698,1
2020-09-01,15:58:55.506000,12698,12699,12699,1
2020-09-01,15:59:02.226000,12698,12700,12698,1
2020-09-01,15:59:09.446000,12698,12700,12698,1
2020-09-01,15:59:10.223000,12698,12700,12698,1
2020-09-01,15:59:15.272000,12698,12700,12698,1
2020-09-01,15:59:16.986000,12698,12700,12699,1
2020-09-01,15:59:20.732000,12698,12700,12700,1
2020-09-01,15:59:21.382000,12698,12700,12698,3
2020-09-01,15:59:33.677000,12698,12699,12698,1
2020-09-01,15:59:44.942000,12698,12699,12698,1
2020-09-01,15:59:50.420000,12698,12699,12698,1
2020-09-01,15:59:55.371000,12698,12699,12698,3
2020-09-01,15:59:57.873000,12698,12699,12699,2
2020-09-01,15:59:58.088000,12698,12700,12698,1
2020-09-01,16:00:02.419000,12699,12700,12700,7
2020-09-01,16:00:02.632000,12700,12701,12701,1
2020-09-01,16:00:02.646000,12700,12701,12702,1
2020-09-01,16:00:02.715000,12700,12702,12702,1
2020-09-01,16:00:02.860000,12700,12702,12702,1
2020-09-01,16:00:02.888000,12700,12702,12702,2
2020-09-01,16:00:02.888000,12700,12702,12702,1
2020-09-01,16:00:02.890000,12700,12702,12702,1
2020-09-01,16:00:02.895000,12700,12702,12703,1
2020-09-01,16:00:02.898000,12700,12702,12703,2
2020-09-01,16:00:02.908000,12700,12702,12703,1
2020-09-01,16:00:02.915000,12700,12702,12703,1
2020-09-01,16:00:02.941000,12700,12702,12703,1
2020-09-01,16:00:02.961000,12701,12703,12703,1
2020-09-01,16:00:02.989000,12701,12703,12701,1
2020-09-01,16:00:03.036000,12701,12703,12701,1
2020-09-01,16:00:03.039000,12701,12703,12703,2
2020-09-01,16:00:03.227000,12701,12703,12701,1
2020-09-01,16:00:03.330000,12701,12703,12703,4
2020-09-01,16:00:03.938000,12701,12703,12701,1
2020-09-01,16:00:06.139000,12702,12703,12702,2
2020-09-01,16:00:06.704000,12701,12703,12703,2
2020-09-01,16:00:08.074000,12701,12703,12701,4
2020-09-01,16:00:13.748000,12700,12702,12702,5
2020-09-01,16:00:26.706000,12700,12701,12701,1
2020-09-01,16:00:30.650000,12700,12701,12700,1
2020-09-01,16:01:02.248000,12700,12701,12700,5
2020-09-01,16:01:02.248000,12700,12701,12700,1
2020-09-01,16:01:04.361000,12699,12700,12699,2
2020-09-01,16:01:25.321000,12699,12701,12700,1
2020-09-01,16:01:27.434000,12700,12701,12700,1
2020-09-01,16:01:29.882000,12700,12701,12701,2
2020-09-01,16:01:33.557000,12700,12702,12700,1
2020-09-01,16:01:34.341000,12700,12701,12700,1
2020-09-01,16:01:38.147000,12700,12701,12700,1
2020-09-01,16:01:38.898000,12699,12700,12700,3
2020-09-01,16:01:39.146000,12699,12700,12699,1
2020-09-01,16:01:42.577000,12699,12700,12699,1
2020-09-01,16:01:44.315000,12699,12700,12699,2
