2019-05-14,15:00:00.059000,10523,10524,10524,41
2019-05-14,15:00:00.198000,10523,10524,10524,4
2019-05-14,15:00:00.222000,10523,10524,10524,2
2019-05-14,15:00:00.222000,10523,10524,10524,1
2019-05-14,15:00:00.225000,10523,10524,10524,4
2019-05-14,15:00:00.306000,10523,10524,10524,1
2019-05-14,15:00:00.309000,10523,10524,10524,1
2019-05-14,15:00:00.326000,10523,10524,10524,1
2019-05-14,15:00:00.342000,10523,10524,10524,1
2019-05-14,15:00:00.378000,10523,10524,10525,1
2019-05-14,15:00:00.413000,10523,10525,10525,1
2019-05-14,15:00:00.612000,10523,10525,10525,2
2019-05-14,15:00:00.617000,10523,10525,10525,1
2019-05-14,15:00:00.779000,10523,10525,10523,1
2019-05-14,15:00:00.822000,10523,10525,10523,4
2019-05-14,15:00:00.900000,10523,10525,10524,1
2019-05-14,15:00:00.900000,10523,10525,10523,1
2019-05-14,15:00:00.915000,10523,10525,10525,1
2019-05-14,15:00:00.927000,10523,10525,10525,1
2019-05-14,15:00:01.149000,10524,10525,10525,2
2019-05-14,15:00:01.156000,10524,10525,10525,2
2019-05-14,15:00:01.187000,10524,10525,10525,10
2019-05-14,15:00:01.274000,10524,10525,10525,1
2019-05-14,15:00:01.408000,10525,10526,10525,1
2019-05-14,15:00:01.456000,10525,10526,10525,5
2019-05-14,15:00:01.549000,10525,10526,10525,1
2019-05-14,15:00:02.122000,10525,10526,10525,1
2019-05-14,15:00:02.310000,10525,10526,10525,1
2019-05-14,15:00:02.432000,10525,10526,10525,2
2019-05-14,15:00:03.227000,10525,10526,10525,1
2019-05-14,15:00:03.235000,10525,10526,10525,1
2019-05-14,15:00:04.367000,10525,10526,10526,2
2019-05-14,15:00:05.538000,10526,10527,10527,1
2019-05-14,15:00:08.608000,10526,10527,10526,5
2019-05-14,15:00:09.819000,10526,10527,10526,1
2019-05-14,15:00:11.081000,10526,10527,10527,1
2019-05-14,15:00:11.300000,10526,10527,10526,4
2019-05-14,15:00:11.365000,10526,10527,10527,2
2019-05-14,15:00:11.646000,10525,10526,10526,1
2019-05-14,15:00:12.649000,10525,10526,10525,1
2019-05-14,15:00:12.774000,10525,10526,10525,2
2019-05-14,15:00:12.795000,10525,10526,10525,1
2019-05-14,15:00:12.993000,10524,10525,10524,1
2019-05-14,15:00:13.024000,10524,10525,10524,2
2019-05-14,15:00:13.026000,10524,10525,10524,2
2019-05-14,15:00:13.033000,10524,10525,10524,1
2019-05-14,15:00:13.778000,10524,10525,10524,5
2019-05-14,15:00:14.045000,10524,10525,10524,1
2019-05-14,15:00:14.140000,10524,10525,10524,3
2019-05-14,15:00:14.281000,10523,10524,10523,5
2019-05-14,15:00:14.587000,10522,10523,10522,1
2019-05-14,15:00:14.588000,10522,10523,10522,2
2019-05-14,15:00:14.610000,10522,10523,10522,2
2019-05-14,15:00:14.701000,10522,10523,10522,1
2019-05-14,15:00:14.701000,10522,10523,10522,2
2019-05-14,15:00:14.710000,10522,10523,10522,2
2019-05-14,15:00:14.899000,10521,10522,10522,2
2019-05-14,15:00:15.149000,10521,10522,10522,2
2019-05-14,15:00:15.639000,10522,10523,10522,2
2019-05-14,15:00:16.393000,10522,10523,10522,1
2019-05-14,15:00:16.672000,10522,10523,10523,2
2019-05-14,15:00:16.762000,10522,10523,10522,1
2019-05-14,15:00:17.301000,10522,10523,10522,5
2019-05-14,15:00:17.456000,10522,10523,10522,3
2019-05-14,15:00:17.485000,10522,10523,10522,1
2019-05-14,15:00:17.524000,10522,10523,10522,1
2019-05-14,15:00:17.694000,10522,10523,10522,1
2019-05-14,15:00:17.874000,10521,10522,10521,2
2019-05-14,15:00:18.043000,10521,10522,10522,5
2019-05-14,15:00:18.099000,10521,10522,10522,1
2019-05-14,15:00:19.340000,10521,10523,10523,1
2019-05-14,15:00:21.468000,10522,10523,10522,1
2019-05-14,15:00:21.631000,10522,10523,10522,1
2019-05-14,15:00:22.179000,10522,10523,10523,1
2019-05-14,15:00:22.474000,10522,10523,10522,1
2019-05-14,15:00:22.927000,10522,10523,10522,1
2019-05-14,15:00:23.368000,10521,10522,10522,1
2019-05-14,15:00:23.967000,10521,10522,10521,5
2019-05-14,15:00:24.144000,10521,10522,10522,1
2019-05-14,15:00:24.582000,10521,10522,10521,8
2019-05-14,15:00:26.231000,10520,10521,10521,1
2019-05-14,15:00:27.255000,10520,10522,10521,1
2019-05-14,15:00:27.337000,10520,10522,10521,7
2019-05-14,15:00:27.337000,10520,10522,10520,13
2019-05-14,15:00:27.473000,10521,10522,10520,1
2019-05-14,15:00:27.618000,10520,10522,10520,2
2019-05-14,15:00:28.583000,10519,10521,10519,5
2019-05-14,15:00:28.672000,10519,10521,10519,10
2019-05-14,15:00:28.706000,10519,10521,10519,8
2019-05-14,15:00:28.706000,10519,10521,10518,2
2019-05-14,15:00:29.110000,10518,10520,10519,2
2019-05-14,15:00:29.144000,10518,10520,10518,1
2019-05-14,15:00:29.425000,10518,10520,10518,1
2019-05-14,15:00:31.811000,10518,10519,10518,1
2019-05-14,15:00:33.110000,10518,10519,10518,2
2019-05-14,15:00:34.168000,10518,10519,10518,3
2019-05-14,15:00:36.520000,10518,10519,10519,2
2019-05-14,15:00:36.813000,10518,10519,10518,1
2019-05-14,15:00:37.024000,10517,10518,10518,1
2019-05-14,15:00:37.328000,10518,10519,10518,1
2019-05-14,15:00:37.567000,10518,10519,10518,1
2019-05-14,15:00:37.776000,10518,10519,10518,1
2019-05-14,15:00:38.739000,10518,10519,10519,1
2019-05-14,15:00:38.899000,10518,10519,10519,1
2019-05-14,15:00:39.032000,10519,10520,10519,2
2019-05-14,15:00:39.215000,10519,10520,10519,5
2019-05-14,15:00:39.417000,10519,10520,10520,1
2019-05-14,15:00:40.055000,10519,10520,10520,1
2019-05-14,15:00:40.524000,10519,10520,10520,2
2019-05-14,15:00:41.341000,10520,10521,10520,10
2019-05-14,15:00:43.337000,10520,10521,10520,1
2019-05-14,15:00:43.368000,10520,10521,10519,1
2019-05-14,15:00:43.369000,10520,10521,10520,1
2019-05-14,15:00:43.748000,10519,10520,10519,1
2019-05-14,15:00:44.497000,10519,10520,10520,1
2019-05-14,15:00:45.166000,10519,10520,10520,2
2019-05-14,15:00:52.251000,10519,10520,10520,1
2019-05-14,15:00:55.152000,10519,10520,10519,1
2019-05-14,15:00:56.543000,10519,10520,10519,1
2019-05-14,15:00:56.565000,10519,10520,10520,3
2019-05-14,15:00:57.056000,10519,10520,10519,1
2019-05-14,15:00:57.270000,10519,10520,10519,9
2019-05-14,15:00:57.270000,10519,10520,10518,13
2019-05-14,15:00:57.300000,10518,10520,10518,23
2019-05-14,15:00:57.774000,10517,10518,10517,2
2019-05-14,15:00:57.797000,10517,10518,10517,2
2019-05-14,15:00:57.799000,10517,10518,10517,2
2019-05-14,15:00:57.848000,10517,10518,10517,2
2019-05-14,15:00:58.486000,10517,10518,10517,3
2019-05-14,15:00:58.493000,10517,10518,10517,2
2019-05-14,15:00:58.493000,10517,10518,10516,1
2019-05-14,15:00:58.496000,10517,10518,10516,3
2019-05-14,15:00:58.536000,10516,10518,10516,1
2019-05-14,15:00:58.541000,10516,10518,10516,4
2019-05-14,15:00:58.582000,10516,10518,10516,3
2019-05-14,15:00:58.608000,10516,10518,10516,1
2019-05-14,15:00:58.649000,10516,10517,10517,1
2019-05-14,15:00:58.852000,10516,10517,10516,4
2019-05-14,15:00:58.899000,10516,10517,10517,2
2019-05-14,15:00:58.905000,10516,10517,10516,4
2019-05-14,15:00:58.905000,10516,10517,10515,8
2019-05-14,15:00:58.975000,10516,10517,10515,2
2019-05-14,15:00:58.985000,10516,10517,10515,2
2019-05-14,15:00:58.986000,10516,10517,10515,2
2019-05-14,15:00:59.024000,10514,10517,10516,1
2019-05-14,15:00:59.149000,10514,10516,10516,2
2019-05-14,15:00:59.149000,10514,10516,10516,1
2019-05-14,15:00:59.259000,10514,10516,10516,1
2019-05-14,15:00:59.263000,10514,10516,10514,2
2019-05-14,15:00:59.355000,10514,10516,10514,1
2019-05-14,15:00:59.523000,10514,10516,10514,2
2019-05-14,15:00:59.649000,10513,10515,10515,1
2019-05-14,15:00:59.846000,10514,10515,10514,1
2019-05-14,15:00:59.846000,10514,10515,10513,1
2019-05-14,15:01:00.001000,10513,10515,10514,1
2019-05-14,15:01:00.001000,10513,10515,10515,10
2019-05-14,15:01:00.001000,10513,10515,10513,6
2019-05-14,15:01:00.003000,10513,10515,10513,1
2019-05-14,15:01:00.009000,10513,10515,10513,1
2019-05-14,15:01:00.025000,10513,10514,10514,2
2019-05-14,15:01:00.035000,10513,10514,10513,3
2019-05-14,15:01:00.035000,10513,10514,10512,1
2019-05-14,15:01:00.115000,10513,10514,10513,2
2019-05-14,15:01:00.115000,10513,10514,10512,1
2019-05-14,15:01:00.115000,10513,10514,10512,2
2019-05-14,15:01:00.117000,10513,10514,10513,1
2019-05-14,15:01:00.117000,10513,10514,10512,2
2019-05-14,15:01:00.149000,10513,10514,10513,1
2019-05-14,15:01:00.149000,10513,10514,10513,1
2019-05-14,15:01:00.152000,10513,10514,10513,2
2019-05-14,15:01:00.156000,10513,10514,10513,2
2019-05-14,15:01:00.194000,10513,10514,10512,4
2019-05-14,15:01:00.221000,10513,10514,10512,2
2019-05-14,15:01:00.326000,10512,10514,10513,3
2019-05-14,15:01:00.399000,10512,10513,10513,2
2019-05-14,15:01:00.545000,10512,10513,10513,2
2019-05-14,15:01:00.549000,10512,10513,10513,2
2019-05-14,15:01:00.549000,10512,10513,10513,6
2019-05-14,15:01:00.550000,10512,10513,10513,1
2019-05-14,15:01:00.550000,10512,10513,10513,1
2019-05-14,15:01:00.649000,10513,10514,10513,3
2019-05-14,15:01:00.899000,10512,10513,10513,1
2019-05-14,15:01:00.980000,10512,10513,10512,1
2019-05-14,15:01:01.038000,10512,10514,10513,1
2019-05-14,15:01:01.208000,10513,10514,10513,2
2019-05-14,15:01:01.294000,10513,10514,10513,1
2019-05-14,15:01:01.345000,10513,10514,10513,1
2019-05-14,15:01:01.502000,10513,10514,10513,1
2019-05-14,15:01:01.594000,10513,10514,10513,1
2019-05-14,15:01:01.684000,10513,10514,10512,1
2019-05-14,15:01:01.819000,10512,10514,10512,2
2019-05-14,15:01:02.399000,10512,10513,10513,1
2019-05-14,15:01:02.614000,10512,10514,10514,1
2019-05-14,15:01:03.149000,10513,10514,10514,1
2019-05-14,15:01:03.411000,10514,10515,10514,2
2019-05-14,15:01:03.436000,10514,10515,10515,3
2019-05-14,15:01:03.649000,10514,10515,10514,2
2019-05-14,15:01:04.060000,10514,10515,10514,1
2019-05-14,15:01:04.245000,10514,10515,10515,1
2019-05-14,15:01:04.303000,10514,10515,10515,1
2019-05-14,15:01:05.030000,10514,10515,10515,1
2019-05-14,15:01:06.969000,10514,10515,10514,2
2019-05-14,15:01:07.711000,10514,10515,10514,7
2019-05-14,15:01:08.904000,10513,10514,10514,1
2019-05-14,15:01:10.810000,10513,10514,10513,2
2019-05-14,15:01:11.412000,10513,10514,10513,1
2019-05-14,15:01:11.580000,10513,10514,10513,1
2019-05-14,15:01:11.760000,10513,10514,10513,2
2019-05-14,15:01:11.878000,10513,10514,10513,1
2019-05-14,15:01:13.399000,10513,10514,10513,1
2019-05-14,15:01:13.399000,10513,10514,10513,1
2019-05-14,15:01:13.399000,10513,10514,10513,1
2019-05-14,15:01:13.399000,10513,10514,10513,1
2019-05-14,15:01:13.586000,10512,10514,10512,8
2019-05-14,15:01:13.718000,10512,10513,10512,1
2019-05-14,15:01:14.899000,10512,10513,10512,1
2019-05-14,15:01:15.305000,10512,10513,10512,1
2019-05-14,15:01:16.272000,10512,10513,10512,1
2019-05-14,15:01:17.321000,10512,10513,10512,1
2019-05-14,15:01:17.686000,10512,10513,10512,1
2019-05-14,15:01:18.410000,10512,10513,10512,1
2019-05-14,15:01:18.691000,10511,10512,10512,2
2019-05-14,15:01:19.004000,10511,10512,10512,1
2019-05-14,15:01:20.915000,10511,10512,10512,1
2019-05-14,15:01:21.048000,10511,10512,10511,1
2019-05-14,15:01:21.272000,10511,10512,10512,2
2019-05-14,15:01:21.635000,10511,10512,10512,5
2019-05-14,15:01:21.984000,10511,10512,10511,1
2019-05-14,15:01:22.093000,10511,10512,10511,5
2019-05-14,15:01:22.457000,10511,10512,10512,1
2019-05-14,15:01:23.399000,10511,10512,10512,1
2019-05-14,15:01:25.330000,10511,10512,10512,1
2019-05-14,15:01:25.934000,10511,10512,10511,2
2019-05-14,15:01:26.599000,10511,10512,10511,1
2019-05-14,15:01:26.600000,10511,10512,10511,2
2019-05-14,15:01:27.271000,10511,10512,10511,5
2019-05-14,15:01:27.666000,10511,10512,10511,1
2019-05-14,15:01:28.337000,10511,10512,10511,2
2019-05-14,15:01:29.616000,10510,10511,10511,1
2019-05-14,15:01:29.886000,10510,10511,10511,1
2019-05-14,15:01:31.417000,10510,10511,10510,1
2019-05-14,15:01:31.623000,10510,10511,10511,1
2019-05-14,15:01:31.652000,10510,10511,10510,1
2019-05-14,15:01:32.054000,10510,10511,10510,1
2019-05-14,15:01:32.578000,10510,10511,10510,30
2019-05-14,15:01:32.600000,10510,10511,10510,2
2019-05-14,15:01:32.649000,10510,10511,10510,1
2019-05-14,15:01:32.921000,10509,10510,10510,2
2019-05-14,15:01:33.273000,10509,10510,10510,1
2019-05-14,15:01:33.436000,10509,10510,10510,1
2019-05-14,15:01:34.512000,10509,10510,10509,1
2019-05-14,15:01:34.702000,10509,10510,10509,2
2019-05-14,15:01:34.759000,10509,10510,10508,1
2019-05-14,15:01:34.899000,10508,10509,10508,1
2019-05-14,15:01:35.369000,10508,10509,10508,1
2019-05-14,15:01:35.399000,10508,10509,10508,2
2019-05-14,15:01:35.399000,10508,10509,10508,1
2019-05-14,15:01:35.399000,10508,10509,10508,1
2019-05-14,15:01:35.399000,10508,10509,10508,1
2019-05-14,15:01:35.620000,10507,10509,10507,1
2019-05-14,15:01:36.384000,10507,10508,10508,17
2019-05-14,15:01:36.384000,10507,10508,10508,2
2019-05-14,15:01:36.384000,10507,10508,10508,2
2019-05-14,15:01:36.608000,10508,10509,10508,1
2019-05-14,15:01:36.820000,10508,10509,10508,1
2019-05-14,15:01:37.020000,10508,10509,10508,1
2019-05-14,15:01:37.317000,10508,10509,10508,7
2019-05-14,15:01:37.317000,10508,10509,10507,1
2019-05-14,15:01:37.478000,10508,10509,10508,1
2019-05-14,15:01:37.478000,10508,10509,10507,2
2019-05-14,15:01:37.905000,10507,10509,10509,3
2019-05-14,15:01:38.322000,10507,10509,10507,5
2019-05-14,15:01:38.324000,10507,10509,10509,2
2019-05-14,15:01:38.777000,10507,10509,10507,1
2019-05-14,15:01:39.058000,10507,10509,10509,1
2019-05-14,15:01:39.347000,10507,10509,10509,1
2019-05-14,15:01:40.659000,10507,10508,10508,1
2019-05-14,15:01:41.613000,10507,10508,10508,3
2019-05-14,15:01:43.523000,10507,10508,10508,5
2019-05-14,15:01:43.789000,10507,10508,10507,6
2019-05-14,15:01:44.011000,10506,10507,10507,2
2019-05-14,15:01:44.024000,10506,10507,10507,1
2019-05-14,15:01:44.138000,10506,10507,10507,2
2019-05-14,15:01:44.506000,10506,10508,10506,2
2019-05-14,15:01:44.855000,10506,10508,10506,1
2019-05-14,15:01:44.908000,10506,10508,10507,3
2019-05-14,15:01:45.179000,10506,10508,10507,1
2019-05-14,15:01:45.563000,10506,10508,10506,1
2019-05-14,15:01:45.649000,10506,10508,10507,1
2019-05-14,15:01:45.979000,10506,10507,10506,2
2019-05-14,15:01:46.198000,10506,10507,10506,1
2019-05-14,15:01:46.320000,10505,10507,10507,1
2019-05-14,15:01:46.984000,10505,10507,10507,1
2019-05-14,15:01:47.285000,10505,10507,10505,1
2019-05-14,15:01:47.310000,10505,10507,10507,18
2019-05-14,15:01:47.415000,10506,10507,10506,2
2019-05-14,15:01:48.943000,10506,10507,10506,1
2019-05-14,15:01:49.437000,10506,10507,10507,1
2019-05-14,15:01:49.483000,10506,10507,10507,1
2019-05-14,15:01:50.437000,10506,10507,10506,1
2019-05-14,15:01:50.836000,10506,10507,10506,1
2019-05-14,15:01:51.236000,10506,10507,10506,1
2019-05-14,15:01:51.756000,10506,10507,10507,4
2019-05-14,15:01:51.882000,10506,10507,10506,1
2019-05-14,15:01:51.899000,10506,10507,10507,11
2019-05-14,15:01:52.024000,10506,10507,10507,1
2019-05-14,15:01:52.306000,10507,10508,10507,1
2019-05-14,15:01:52.434000,10507,10508,10507,1
2019-05-14,15:01:53.376000,10507,10508,10508,1
2019-05-14,15:01:53.588000,10507,10508,10508,4
2019-05-14,15:01:53.695000,10507,10509,10509,1
2019-05-14,15:01:57.102000,10508,10509,10508,3
2019-05-14,15:01:58.467000,10508,10509,10508,1
2019-05-14,15:01:58.512000,10508,10509,10508,1
2019-05-14,15:01:58.518000,10508,10509,10508,1
2019-05-14,15:01:58.528000,10508,10509,10508,1
2019-05-14,15:01:58.668000,10508,10509,10508,1
2019-05-14,15:02:00.104000,10507,10509,10509,1
2019-05-14,15:02:00.154000,10507,10509,10509,1
2019-05-14,15:02:02.560000,10507,10508,10508,2
2019-05-14,15:02:02.649000,10507,10508,10508,1
2019-05-14,15:02:03.486000,10508,10509,10508,1
2019-05-14,15:02:03.747000,10508,10509,10509,4
2019-05-14,15:02:04.684000,10508,10509,10509,1
2019-05-14,15:02:04.685000,10508,10509,10509,1
2019-05-14,15:02:05.338000,10509,10510,10509,1
2019-05-14,15:02:06.034000,10509,10510,10510,1
2019-05-14,15:02:06.531000,10509,10510,10510,1
2019-05-14,15:02:06.532000,10509,10510,10510,1
2019-05-14,15:02:06.532000,10509,10510,10510,1
2019-05-14,15:02:06.552000,10509,10510,10510,1
2019-05-14,15:02:07.549000,10510,10511,10511,1
2019-05-14,15:02:08.036000,10510,10511,10511,1
2019-05-14,15:02:08.178000,10510,10511,10511,1
2019-05-14,15:02:08.556000,10510,10511,10510,3
2019-05-14,15:02:09.473000,10510,10511,10511,1
2019-05-14,15:02:09.744000,10510,10511,10511,1
2019-05-14,15:02:10.958000,10510,10511,10510,2
2019-05-14,15:02:11.465000,10510,10511,10511,2
2019-05-14,15:02:11.804000,10510,10511,10511,1
2019-05-14,15:02:11.958000,10510,10511,10510,2
2019-05-14,15:02:12.371000,10510,10511,10510,2
2019-05-14,15:02:12.372000,10510,10511,10511,1
2019-05-14,15:02:12.772000,10510,10511,10510,2
2019-05-14,15:02:13.218000,10510,10511,10510,2
2019-05-14,15:02:13.594000,10510,10511,10510,2
2019-05-14,15:02:13.969000,10510,10511,10510,1
2019-05-14,15:02:14.452000,10510,10511,10511,1
2019-05-14,15:02:14.701000,10510,10511,10510,10
2019-05-14,15:02:16.171000,10510,10511,10511,1
2019-05-14,15:02:17.420000,10511,10512,10511,2
2019-05-14,15:02:17.440000,10511,10512,10511,1
2019-05-14,15:02:17.777000,10511,10512,10511,2
2019-05-14,15:02:18.227000,10511,10512,10511,4
2019-05-14,15:02:18.227000,10511,10512,10510,21
2019-05-14,15:02:18.227000,10511,10512,10509,8
2019-05-14,15:02:18.261000,10511,10512,10509,1
2019-05-14,15:02:18.282000,10509,10510,10509,1
2019-05-14,15:02:18.312000,10509,10510,10510,2
2019-05-14,15:02:18.465000,10509,10510,10510,2
2019-05-14,15:02:18.552000,10509,10510,10510,2
2019-05-14,15:02:18.649000,10509,10510,10509,2
2019-05-14,15:02:18.965000,10509,10510,10509,1
2019-05-14,15:02:18.978000,10509,10510,10509,2
2019-05-14,15:02:19.309000,10509,10510,10510,1
2019-05-14,15:02:19.353000,10509,10510,10509,1
2019-05-14,15:02:19.738000,10509,10510,10510,1
2019-05-14,15:02:20.411000,10509,10511,10509,2
2019-05-14,15:02:21.977000,10509,10510,10509,1
2019-05-14,15:02:24.409000,10510,10511,10510,2
2019-05-14,15:02:24.538000,10510,10511,10510,2
2019-05-14,15:02:25.440000,10510,10511,10510,1
2019-05-14,15:02:26.204000,10510,10511,10510,1
2019-05-14,15:02:27.530000,10510,10511,10510,3
2019-05-14,15:02:28.809000,10510,10511,10510,4
2019-05-14,15:02:30.017000,10510,10511,10510,1
2019-05-14,15:02:30.056000,10510,10511,10511,1
2019-05-14,15:02:30.699000,10510,10511,10510,1
2019-05-14,15:02:30.768000,10510,10511,10510,1
2019-05-14,15:02:31.324000,10510,10511,10511,3
2019-05-14,15:02:32.034000,10510,10511,10510,1
2019-05-14,15:02:32.679000,10510,10511,10510,1
2019-05-14,15:02:33.283000,10510,10511,10511,2
2019-05-14,15:02:33.471000,10510,10511,10510,1
2019-05-14,15:02:34.681000,10510,10511,10511,1
2019-05-14,15:02:35.776000,10510,10511,10510,2
2019-05-14,15:02:36.063000,10510,10511,10510,4
2019-05-14,15:02:36.379000,10510,10511,10511,1
2019-05-14,15:02:36.593000,10510,10511,10511,1
2019-05-14,15:02:36.593000,10510,10511,10511,1
2019-05-14,15:02:36.593000,10510,10511,10511,1
2019-05-14,15:02:36.593000,10510,10511,10511,1
2019-05-14,15:02:36.594000,10510,10511,10511,1
2019-05-14,15:02:37.206000,10511,10512,10511,1
2019-05-14,15:02:38.973000,10510,10512,10510,1
2019-05-14,15:02:44.414000,10510,10511,10511,3
2019-05-14,15:02:44.596000,10510,10511,10511,1
2019-05-14,15:02:44.704000,10510,10512,10512,1
2019-05-14,15:02:47.547000,10511,10512,10511,1
2019-05-14,15:02:48.873000,10511,10512,10512,1
2019-05-14,15:02:49.215000,10511,10512,10511,2
2019-05-14,15:02:51.182000,10510,10512,10512,1
2019-05-14,15:02:52.314000,10510,10512,10512,1
2019-05-14,15:02:55.086000,10510,10511,10511,1
2019-05-14,15:02:56.380000,10511,10512,10512,20
2019-05-14,15:02:57.656000,10511,10512,10512,4
2019-05-14,15:02:58.149000,10511,10512,10512,3
2019-05-14,15:02:58.274000,10511,10512,10512,1
2019-05-14,15:02:58.428000,10511,10512,10512,2
2019-05-14,15:02:58.475000,10511,10512,10511,1
2019-05-14,15:02:58.507000,10511,10512,10511,1
2019-05-14,15:02:58.513000,10511,10512,10511,1
2019-05-14,15:02:59.553000,10511,10512,10512,1
2019-05-14,15:03:00.264000,10511,10513,10513,5
2019-05-14,15:03:00.581000,10511,10513,10513,1
2019-05-14,15:03:02.034000,10512,10513,10512,1
2019-05-14,15:03:04.138000,10512,10513,10512,2
2019-05-14,15:03:05.779000,10511,10512,10512,3
2019-05-14,15:03:08.180000,10512,10513,10512,1
2019-05-14,15:03:08.316000,10512,10513,10512,1
2019-05-14,15:03:08.722000,10511,10512,10512,1
2019-05-14,15:03:10.409000,10511,10512,10512,1
2019-05-14,15:03:11.919000,10511,10512,10512,1
2019-05-14,15:03:12.575000,10511,10512,10512,4
2019-05-14,15:03:14.225000,10511,10512,10512,1
2019-05-14,15:03:15.559000,10511,10512,10512,1
2019-05-14,15:03:16.680000,10511,10512,10512,1
2019-05-14,15:03:17.797000,10511,10512,10512,3
2019-05-14,15:03:18.421000,10511,10512,10512,2
2019-05-14,15:03:22.270000,10512,10513,10512,1
2019-05-14,15:03:24.706000,10512,10513,10512,1
2019-05-14,15:03:29.497000,10512,10513,10512,6
2019-05-14,15:03:33.936000,10511,10512,10512,1
2019-05-14,15:03:40.215000,10511,10512,10512,1
2019-05-14,15:03:41.019000,10511,10512,10512,1
2019-05-14,15:03:48.505000,10511,10512,10512,1
2019-05-14,15:03:50.051000,10511,10512,10512,1
2019-05-14,15:03:57.050000,10512,10513,10513,1
2019-05-14,15:03:58.513000,10512,10513,10512,1
2019-05-14,15:03:58.513000,10512,10513,10512,1
2019-05-14,15:03:58.681000,10512,10513,10512,1
2019-05-14,15:04:04.623000,10512,10513,10512,2
2019-05-14,15:04:08.125000,10512,10513,10512,3
2019-05-14,15:04:08.992000,10512,10513,10512,2
2019-05-14,15:04:09.485000,10511,10512,10511,1
2019-05-14,15:04:10.136000,10511,10512,10512,1
2019-05-14,15:04:10.659000,10512,10513,10513,1
2019-05-14,15:04:10.994000,10512,10513,10513,10
2019-05-14,15:04:12.417000,10512,10513,10512,1
2019-05-14,15:04:15.024000,10512,10513,10512,5
2019-05-14,15:04:15.331000,10512,10513,10512,5
2019-05-14,15:04:16.436000,10512,10513,10512,5
2019-05-14,15:04:16.650000,10512,10513,10512,4
2019-05-14,15:04:17.080000,10511,10513,10511,5
2019-05-14,15:04:19.771000,10511,10512,10511,5
2019-05-14,15:04:22.280000,10511,10512,10512,1
2019-05-14,15:04:22.507000,10511,10512,10512,1
2019-05-14,15:04:22.614000,10511,10512,10511,5
2019-05-14,15:04:23.623000,10511,10512,10511,1
2019-05-14,15:04:24.472000,10511,10512,10511,1
2019-05-14,15:04:32.090000,10511,10512,10511,1
2019-05-14,15:04:34.643000,10511,10512,10512,2
2019-05-14,15:04:34.651000,10511,10512,10512,4
2019-05-14,15:04:36.701000,10512,10513,10512,1
2019-05-14,15:04:39.862000,10512,10513,10513,1
2019-05-14,15:04:41.441000,10512,10513,10512,1
2019-05-14,15:04:42.775000,10512,10513,10513,11
2019-05-14,15:04:43.276000,10513,10514,10514,1
2019-05-14,15:04:43.646000,10513,10514,10513,3
2019-05-14,15:04:44.776000,10513,10514,10514,6
2019-05-14,15:04:45.932000,10513,10514,10514,2
2019-05-14,15:04:46.131000,10513,10514,10514,2
2019-05-14,15:04:46.169000,10513,10514,10514,1
2019-05-14,15:04:46.250000,10513,10514,10515,3
2019-05-14,15:04:46.560000,10514,10515,10515,3
2019-05-14,15:04:48.513000,10514,10515,10515,1
2019-05-14,15:04:54.262000,10514,10515,10515,2
2019-05-14,15:04:57.237000,10514,10515,10515,27
2019-05-14,15:04:57.274000,10514,10515,10515,1
2019-05-14,15:04:58.253000,10516,10517,10517,1
2019-05-14,15:04:58.276000,10516,10517,10517,2
2019-05-14,15:04:58.509000,10516,10517,10516,1
2019-05-14,15:04:59.507000,10516,10517,10517,1
2019-05-14,15:04:59.909000,10516,10517,10517,3
2019-05-14,15:05:01.314000,10516,10517,10517,1
2019-05-14,15:05:02.027000,10516,10517,10516,1
2019-05-14,15:05:02.299000,10516,10517,10516,2
2019-05-14,15:05:02.508000,10516,10517,10516,2
2019-05-14,15:05:02.534000,10516,10517,10517,2
2019-05-14,15:05:03.095000,10516,10517,10517,1
2019-05-14,15:05:04.161000,10516,10518,10518,5
2019-05-14,15:05:07.565000,10517,10518,10518,1
2019-05-14,15:05:08.641000,10517,10518,10518,1
2019-05-14,15:05:09.069000,10517,10518,10517,1
2019-05-14,15:05:09.120000,10517,10518,10518,2
2019-05-14,15:05:10.018000,10517,10518,10518,2
2019-05-14,15:05:10.276000,10517,10518,10518,7
2019-05-14,15:05:10.635000,10518,10519,10519,1
2019-05-14,15:05:11.426000,10518,10519,10518,1
2019-05-14,15:05:15.631000,10518,10519,10519,1
2019-05-14,15:05:17.987000,10518,10519,10519,1
2019-05-14,15:05:17.988000,10518,10519,10519,1
2019-05-14,15:05:17.999000,10518,10519,10519,3
2019-05-14,15:05:18.490000,10518,10519,10519,3
2019-05-14,15:05:18.665000,10518,10519,10519,1
2019-05-14,15:05:19.049000,10518,10519,10519,5
2019-05-14,15:05:19.049000,10518,10519,10520,5
2019-05-14,15:05:20.783000,10518,10519,10519,1
2019-05-14,15:05:21.003000,10518,10519,10519,2
2019-05-14,15:05:21.854000,10519,10520,10520,1
2019-05-14,15:05:23.066000,10519,10520,10520,3
2019-05-14,15:05:23.844000,10519,10520,10519,1
2019-05-14,15:05:24.034000,10519,10520,10520,1
2019-05-14,15:05:24.153000,10519,10520,10519,3
2019-05-14,15:05:25.665000,10519,10520,10520,1
2019-05-14,15:05:26.016000,10519,10520,10520,1
2019-05-14,15:05:26.024000,10519,10520,10520,1
2019-05-14,15:05:28.255000,10519,10520,10520,2
2019-05-14,15:05:29.961000,10519,10520,10520,2
2019-05-14,15:05:30.184000,10520,10521,10521,1
2019-05-14,15:05:30.291000,10520,10521,10521,1
2019-05-14,15:05:31.123000,10520,10521,10521,1
2019-05-14,15:05:31.500000,10520,10521,10520,8
2019-05-14,15:05:32.209000,10519,10520,10520,2
2019-05-14,15:05:32.449000,10519,10520,10520,1
2019-05-14,15:05:32.515000,10519,10520,10520,1
2019-05-14,15:05:32.753000,10519,10520,10520,2
2019-05-14,15:05:33.089000,10519,10520,10520,1
2019-05-14,15:05:33.207000,10519,10520,10520,4
2019-05-14,15:05:33.299000,10519,10521,10521,1
2019-05-14,15:05:34.100000,10519,10520,10520,1
2019-05-14,15:05:34.565000,10519,10520,10520,3
2019-05-14,15:05:37.864000,10519,10520,10519,21
2019-05-14,15:05:38.105000,10518,10519,10519,2
2019-05-14,15:05:45.356000,10518,10519,10519,1
2019-05-14,15:05:49.790000,10518,10519,10518,1
2019-05-14,15:05:50.915000,10518,10519,10519,1
2019-05-14,15:05:54.722000,10518,10519,10519,4
2019-05-14,15:05:54.799000,10518,10520,10519,1
2019-05-14,15:05:56.133000,10519,10520,10519,1
2019-05-14,15:06:00.024000,10519,10520,10520,2
2019-05-14,15:06:00.149000,10519,10520,10520,1
2019-05-14,15:06:00.149000,10519,10520,10520,1
2019-05-14,15:06:00.274000,10519,10520,10520,2
2019-05-14,15:06:00.274000,10519,10520,10520,6
2019-05-14,15:06:00.276000,10519,10520,10520,1
2019-05-14,15:06:01.208000,10520,10521,10520,1
2019-05-14,15:06:03.051000,10520,10521,10520,1
2019-05-14,15:06:07.149000,10520,10521,10521,1
2019-05-14,15:06:13.168000,10520,10521,10521,1
2019-05-14,15:06:13.195000,10520,10521,10521,3
2019-05-14,15:06:17.562000,10520,10521,10521,2
2019-05-14,15:06:18.841000,10520,10521,10521,1
2019-05-14,15:06:22.389000,10520,10521,10520,1
2019-05-14,15:06:23.427000,10520,10521,10521,1
2019-05-14,15:06:23.516000,10520,10521,10520,6
2019-05-14,15:06:25.794000,10519,10520,10519,2
2019-05-14,15:06:26.079000,10519,10520,10519,2
2019-05-14,15:06:26.079000,10519,10520,10518,1
2019-05-14,15:06:27.230000,10518,10519,10519,1
2019-05-14,15:06:30.150000,10518,10519,10518,1
2019-05-14,15:06:31,10518,10519,10518,1
2019-05-14,15:06:31.001000,10518,10519,10518,1
2019-05-14,15:06:31.004000,10518,10519,10518,5
2019-05-14,15:06:35.040000,10517,10518,10517,1
2019-05-14,15:06:37.661000,10517,10518,10517,1
2019-05-14,15:06:38.745000,10517,10518,10517,5
2019-05-14,15:06:40.490000,10517,10518,10517,1
2019-05-14,15:06:41.343000,10517,10518,10518,1
2019-05-14,15:06:42.207000,10517,10518,10518,2
2019-05-14,15:06:45.547000,10517,10519,10517,1
2019-05-14,15:06:47.960000,10517,10519,10518,1
2019-05-14,15:06:49.749000,10518,10519,10518,1
2019-05-14,15:06:58.790000,10518,10519,10518,3
2019-05-14,15:07:02.060000,10517,10518,10518,2
2019-05-14,15:07:04.979000,10518,10519,10518,6
2019-05-14,15:07:04.979000,10518,10519,10517,4
2019-05-14,15:07:10.301000,10518,10519,10519,3
2019-05-14,15:07:13.728000,10519,10520,10520,2
2019-05-14,15:07:14.694000,10520,10521,10520,1
2019-05-14,15:07:23.835000,10520,10521,10520,1
2019-05-14,15:07:24.010000,10520,10521,10520,1
2019-05-14,15:07:30.156000,10520,10521,10520,1
2019-05-14,15:07:31.287000,10520,10521,10520,1
2019-05-14,15:07:33.848000,10520,10521,10521,1
2019-05-14,15:07:34.487000,10520,10521,10520,1
2019-05-14,15:07:35.810000,10520,10521,10521,2
2019-05-14,15:07:38.104000,10520,10521,10521,1
2019-05-14,15:07:41.077000,10520,10521,10521,1
2019-05-14,15:07:42.786000,10520,10521,10521,1
2019-05-14,15:07:43.488000,10520,10521,10521,1
2019-05-14,15:07:44.511000,10520,10521,10521,1
2019-05-14,15:07:45.413000,10520,10521,10521,1
2019-05-14,15:07:45.730000,10520,10521,10521,1
2019-05-14,15:07:45.943000,10520,10521,10521,1
2019-05-14,15:07:46.108000,10520,10521,10521,2
2019-05-14,15:07:46.110000,10520,10521,10521,1
2019-05-14,15:07:46.112000,10520,10521,10521,1
2019-05-14,15:07:48.624000,10521,10522,10522,2
2019-05-14,15:07:49.699000,10521,10522,10522,2
2019-05-14,15:07:49.700000,10521,10522,10522,4
2019-05-14,15:07:49.701000,10521,10522,10522,3
2019-05-14,15:07:50.984000,10522,10523,10523,2
2019-05-14,15:07:51.223000,10522,10523,10523,1
2019-05-14,15:07:59.460000,10523,10524,10523,1
2019-05-14,15:07:59.476000,10523,10524,10523,4
2019-05-14,15:08:03.424000,10523,10524,10524,1
2019-05-14,15:08:03.565000,10523,10524,10524,1
2019-05-14,15:08:04.272000,10523,10524,10524,2
2019-05-14,15:08:05.184000,10523,10524,10524,17
2019-05-14,15:08:05.184000,10523,10524,10524,1
2019-05-14,15:08:07.729000,10523,10524,10523,1
2019-05-14,15:08:08.024000,10523,10524,10524,2
2019-05-14,15:08:08.140000,10523,10524,10524,1
2019-05-14,15:08:10.713000,10523,10525,10523,1
2019-05-14,15:08:13.277000,10523,10524,10523,1
2019-05-14,15:08:13.346000,10523,10524,10523,1
2019-05-14,15:08:16.899000,10523,10524,10523,12
2019-05-14,15:08:17.137000,10522,10524,10523,2
2019-05-14,15:08:17.145000,10522,10524,10523,1
2019-05-14,15:08:17.147000,10522,10524,10523,1
2019-05-14,15:08:17.169000,10522,10523,10522,1
2019-05-14,15:08:17.169000,10522,10523,10522,1
2019-05-14,15:08:17.505000,10522,10523,10523,1
2019-05-14,15:08:25.669000,10522,10523,10523,2
2019-05-14,15:08:32.661000,10522,10523,10523,1
2019-05-14,15:08:38.565000,10522,10523,10523,1
2019-05-14,15:08:39.001000,10522,10523,10523,1
2019-05-14,15:08:39.057000,10522,10523,10523,1
2019-05-14,15:08:41.695000,10522,10523,10523,1
2019-05-14,15:08:42.656000,10522,10523,10523,2
2019-05-14,15:08:42.770000,10522,10523,10523,1
2019-05-14,15:08:44.940000,10522,10523,10523,1
2019-05-14,15:08:52.690000,10522,10523,10523,1
2019-05-14,15:08:59.243000,10522,10523,10523,1
2019-05-14,15:09:01.066000,10522,10523,10523,1
2019-05-14,15:09:07.737000,10522,10523,10522,19
2019-05-14,15:09:08.796000,10520,10522,10521,1
2019-05-14,15:09:10.072000,10520,10522,10521,2
2019-05-14,15:09:10.822000,10520,10522,10521,1
2019-05-14,15:09:13.033000,10520,10521,10521,1
2019-05-14,15:09:13.797000,10520,10521,10520,2
2019-05-14,15:09:16.836000,10520,10521,10520,5
2019-05-14,15:09:18.641000,10520,10521,10520,1
2019-05-14,15:09:23.701000,10520,10521,10520,2
2019-05-14,15:09:25.736000,10520,10521,10521,1
2019-05-14,15:09:26.120000,10520,10521,10520,1
2019-05-14,15:09:28.386000,10520,10521,10521,1
2019-05-14,15:09:29.436000,10520,10521,10520,1
2019-05-14,15:09:29.840000,10520,10521,10520,10
2019-05-14,15:09:30.190000,10520,10521,10520,4
2019-05-14,15:09:33.698000,10519,10520,10520,1
2019-05-14,15:09:36.231000,10519,10520,10520,2
2019-05-14,15:09:43.042000,10519,10520,10519,5
2019-05-14,15:09:43.042000,10519,10520,10519,1
2019-05-14,15:09:43.810000,10518,10520,10520,1
2019-05-14,15:09:48.490000,10519,10520,10519,1
2019-05-14,15:09:52.799000,10519,10520,10519,1
2019-05-14,15:10:00.984000,10519,10520,10519,2
2019-05-14,15:10:02.233000,10519,10520,10519,1
2019-05-14,15:10:03.097000,10518,10520,10520,1
2019-05-14,15:10:03.286000,10519,10520,10519,1
2019-05-14,15:10:09.289000,10518,10519,10519,2
2019-05-14,15:10:13.690000,10519,10520,10519,10
2019-05-14,15:10:15.173000,10519,10520,10520,6
2019-05-14,15:10:17.451000,10520,10521,10521,1
2019-05-14,15:10:17.558000,10520,10521,10520,10
2019-05-14,15:10:26.093000,10520,10521,10520,1
2019-05-14,15:10:27.001000,10519,10520,10520,1
2019-05-14,15:10:29.304000,10520,10521,10520,1
2019-05-14,15:10:36.156000,10520,10521,10520,2
2019-05-14,15:10:38.469000,10520,10521,10520,2
2019-05-14,15:10:39.775000,10520,10521,10520,1
2019-05-14,15:10:49.666000,10520,10521,10520,1
2019-05-14,15:10:56.948000,10520,10521,10521,8
2019-05-14,15:10:59.939000,10521,10522,10522,1
2019-05-14,15:11:00.107000,10521,10522,10522,1
2019-05-14,15:11:00.297000,10521,10522,10521,1
2019-05-14,15:11:00.607000,10521,10522,10521,1
2019-05-14,15:11:00.744000,10521,10522,10521,1
2019-05-14,15:11:00.774000,10521,10522,10521,3
2019-05-14,15:11:08.765000,10521,10522,10521,10
2019-05-14,15:11:11.255000,10521,10522,10521,1
2019-05-14,15:11:12.433000,10521,10522,10521,1
2019-05-14,15:11:34.704000,10521,10522,10521,1
2019-05-14,15:11:41.411000,10521,10522,10521,1
2019-05-14,15:11:44.101000,10521,10522,10521,1
2019-05-14,15:11:45.096000,10521,10522,10521,4
2019-05-14,15:11:45.096000,10521,10522,10521,1
2019-05-14,15:11:47.087000,10520,10521,10520,2
2019-05-14,15:11:55.024000,10520,10521,10520,1
2019-05-14,15:11:56.833000,10520,10521,10521,2
2019-05-14,15:12:02.356000,10521,10522,10521,1
2019-05-14,15:12:03.624000,10521,10522,10522,2
2019-05-14,15:12:03.847000,10521,10522,10522,1
2019-05-14,15:12:04.322000,10521,10522,10522,2
2019-05-14,15:12:04.575000,10521,10522,10522,1
2019-05-14,15:12:04.588000,10521,10522,10522,1
2019-05-14,15:12:04.623000,10521,10522,10522,4
2019-05-14,15:12:04.924000,10522,10523,10523,5
2019-05-14,15:12:04.924000,10522,10523,10524,10
2019-05-14,15:12:04.938000,10522,10523,10524,4
2019-05-14,15:12:04.938000,10522,10523,10524,15
2019-05-14,15:12:04.939000,10522,10523,10524,2
2019-05-14,15:12:05.740000,10523,10524,10524,1
2019-05-14,15:12:06.131000,10524,10525,10525,10
2019-05-14,15:12:06.149000,10524,10525,10525,1
2019-05-14,15:12:06.149000,10524,10525,10525,5
2019-05-14,15:12:09.599000,10524,10525,10525,1
2019-05-14,15:12:10.021000,10524,10525,10525,1
2019-05-14,15:12:10.359000,10524,10525,10525,1
2019-05-14,15:12:10.359000,10524,10525,10526,2
2019-05-14,15:12:11.378000,10525,10526,10525,1
2019-05-14,15:12:12.158000,10524,10525,10525,2
2019-05-14,15:12:16.666000,10525,10526,10525,1
2019-05-14,15:12:17.644000,10525,10526,10526,1
2019-05-14,15:12:20.962000,10525,10526,10526,1
2019-05-14,15:12:22.953000,10525,10526,10526,1
2019-05-14,15:12:24.210000,10525,10526,10526,3
2019-05-14,15:12:26.274000,10525,10526,10526,1
2019-05-14,15:12:26.399000,10525,10526,10526,1
2019-05-14,15:12:26.453000,10525,10526,10526,1
2019-05-14,15:12:26.524000,10525,10526,10526,1
2019-05-14,15:12:32.176000,10526,10527,10527,1
2019-05-14,15:12:33.401000,10526,10527,10527,1
2019-05-14,15:12:33.975000,10526,10527,10527,1
2019-05-14,15:12:34.024000,10526,10527,10527,5
2019-05-14,15:12:36.077000,10527,10528,10528,1
2019-05-14,15:12:36.177000,10527,10528,10528,1
2019-05-14,15:12:36.177000,10527,10528,10528,1
2019-05-14,15:12:36.431000,10527,10528,10528,1
2019-05-14,15:12:36.913000,10527,10528,10528,1
2019-05-14,15:12:38.160000,10527,10528,10528,1
2019-05-14,15:12:39.017000,10527,10528,10528,1
2019-05-14,15:12:40.006000,10527,10528,10528,1
2019-05-14,15:12:40.311000,10527,10528,10528,1
2019-05-14,15:12:40.780000,10528,10529,10528,2
2019-05-14,15:12:42.328000,10528,10529,10528,2
2019-05-14,15:12:43.267000,10528,10529,10528,1
2019-05-14,15:12:43.513000,10528,10529,10528,1
2019-05-14,15:12:46.469000,10528,10529,10528,1
2019-05-14,15:12:49.811000,10528,10529,10529,1
2019-05-14,15:12:49.934000,10528,10529,10529,6
2019-05-14,15:12:50.422000,10529,10530,10529,10
2019-05-14,15:12:54.276000,10529,10530,10530,6
2019-05-14,15:12:54.437000,10529,10530,10530,1
2019-05-14,15:12:55.137000,10529,10530,10529,1
2019-05-14,15:12:55.274000,10529,10530,10530,4
2019-05-14,15:12:58.865000,10530,10531,10530,1
2019-05-14,15:13:00.559000,10530,10531,10531,1
2019-05-14,15:13:00.690000,10530,10531,10530,1
2019-05-14,15:13:02.218000,10530,10531,10530,1
2019-05-14,15:13:02.274000,10530,10531,10530,7
2019-05-14,15:13:05.459000,10529,10530,10529,1
2019-05-14,15:13:05.839000,10529,10530,10529,1
2019-05-14,15:13:07.331000,10528,10529,10529,1
2019-05-14,15:13:09.875000,10528,10529,10529,2
2019-05-14,15:13:10.646000,10528,10529,10528,1
2019-05-14,15:13:14.156000,10528,10529,10528,1
2019-05-14,15:13:14.456000,10528,10529,10528,1
2019-05-14,15:13:14.495000,10528,10529,10528,4
2019-05-14,15:13:14.496000,10528,10529,10528,1
2019-05-14,15:13:14.496000,10528,10529,10528,1
2019-05-14,15:13:14.496000,10528,10529,10528,1
2019-05-14,15:13:14.813000,10527,10528,10528,1
2019-05-14,15:13:15.293000,10527,10528,10527,1
2019-05-14,15:13:15.427000,10527,10528,10528,2
2019-05-14,15:13:16.708000,10527,10528,10528,2
2019-05-14,15:13:16.978000,10527,10528,10527,1
2019-05-14,15:13:22.555000,10526,10527,10527,1
2019-05-14,15:13:24.540000,10526,10527,10527,1
2019-05-14,15:13:24.545000,10526,10527,10527,3
2019-05-14,15:13:28.032000,10527,10528,10528,1
2019-05-14,15:13:39.612000,10527,10528,10528,4
2019-05-14,15:13:42.819000,10527,10528,10528,1
2019-05-14,15:13:43.505000,10527,10528,10527,1
2019-05-14,15:13:45.073000,10527,10528,10528,3
2019-05-14,15:13:46.445000,10527,10528,10528,4
2019-05-14,15:13:47.063000,10527,10528,10528,2
2019-05-14,15:13:58.931000,10528,10529,10528,3
2019-05-14,15:14:04.671000,10528,10529,10528,1
2019-05-14,15:14:14.838000,10528,10529,10528,1
2019-05-14,15:14:14.839000,10528,10529,10528,2
2019-05-14,15:14:15.042000,10528,10529,10528,1
2019-05-14,15:14:15.149000,10528,10529,10528,3
2019-05-14,15:14:19.524000,10528,10529,10528,1
2019-05-14,15:14:23.362000,10528,10529,10528,1
2019-05-14,15:14:25.856000,10528,10529,10528,1
2019-05-14,15:14:26.472000,10528,10529,10528,3
2019-05-14,15:14:27.393000,10528,10529,10528,1
2019-05-14,15:14:28.218000,10528,10529,10528,2
2019-05-14,15:14:38.254000,10527,10528,10528,1
2019-05-14,15:14:47.998000,10528,10529,10529,12
2019-05-14,15:14:48.026000,10528,10529,10529,1
2019-05-14,15:14:52.650000,10528,10529,10529,3
2019-05-14,15:14:52.886000,10529,10530,10529,1
2019-05-14,15:14:53.331000,10529,10530,10529,1
2019-05-14,15:15:02.667000,10528,10529,10528,1
2019-05-14,15:15:03.548000,10528,10529,10529,1
2019-05-14,15:15:04.616000,10529,10530,10529,1
2019-05-14,15:15:05.210000,10529,10530,10529,1
2019-05-14,15:15:08.028000,10529,10530,10529,1
2019-05-14,15:15:18.149000,10528,10529,10529,3
2019-05-14,15:15:25.142000,10529,10530,10530,1
2019-05-14,15:15:26.296000,10529,10530,10529,1
2019-05-14,15:15:27.464000,10529,10530,10529,11
2019-05-14,15:15:27.465000,10529,10530,10529,1
2019-05-14,15:15:27.524000,10529,10530,10529,2
2019-05-14,15:15:27.649000,10529,10530,10529,4
2019-05-14,15:15:28.729000,10529,10530,10529,1
2019-05-14,15:15:34.203000,10529,10530,10529,3
2019-05-14,15:15:43.843000,10528,10529,10528,1
2019-05-14,15:15:47.756000,10528,10529,10529,3
2019-05-14,15:15:52.286000,10529,10530,10529,1
2019-05-14,15:15:55.008000,10529,10530,10529,3
2019-05-14,15:15:59.394000,10529,10530,10529,1
2019-05-14,15:15:59.649000,10528,10529,10529,1
2019-05-14,15:16:07.499000,10528,10529,10529,3
2019-05-14,15:16:07.524000,10528,10529,10529,1
2019-05-14,15:16:10.274000,10529,10530,10530,4
2019-05-14,15:16:10.399000,10529,10530,10530,9
2019-05-14,15:16:10.399000,10529,10530,10530,4
2019-05-14,15:16:10.524000,10529,10530,10530,1
2019-05-14,15:16:10.524000,10529,10530,10530,1
2019-05-14,15:16:10.524000,10529,10530,10530,1
2019-05-14,15:16:10.524000,10529,10530,10530,3
2019-05-14,15:16:14.212000,10530,10531,10531,1
2019-05-14,15:16:14.294000,10530,10531,10531,1
2019-05-14,15:16:14.304000,10530,10531,10531,1
2019-05-14,15:16:17.153000,10530,10531,10531,1
2019-05-14,15:16:18.237000,10530,10531,10531,1
2019-05-14,15:16:18.516000,10530,10531,10530,1
2019-05-14,15:16:20.418000,10529,10530,10530,1
2019-05-14,15:16:25.949000,10529,10530,10530,3
2019-05-14,15:16:27.781000,10529,10530,10529,4
2019-05-14,15:16:28.001000,10528,10530,10528,3
2019-05-14,15:16:28.149000,10528,10529,10529,4
2019-05-14,15:16:28.274000,10528,10529,10528,24
2019-05-14,15:16:28.524000,10527,10528,10528,2
2019-05-14,15:16:31.519000,10528,10529,10529,10
2019-05-14,15:16:32.516000,10528,10529,10529,5
2019-05-14,15:16:35.767000,10528,10530,10528,1
2019-05-14,15:16:37.319000,10528,10529,10529,2
2019-05-14,15:16:40.348000,10528,10529,10528,1
2019-05-14,15:16:42.179000,10528,10529,10529,1
2019-05-14,15:16:50.359000,10529,10531,10529,1
2019-05-14,15:16:55.958000,10529,10530,10530,1
2019-05-14,15:16:55.958000,10529,10530,10530,1
2019-05-14,15:16:55.958000,10529,10530,10530,1
2019-05-14,15:16:55.958000,10529,10530,10530,1
2019-05-14,15:16:55.958000,10529,10530,10530,1
2019-05-14,15:17:00.029000,10529,10530,10530,2
2019-05-14,15:17:02.346000,10529,10530,10530,4
2019-05-14,15:17:02.447000,10530,10531,10530,1
2019-05-14,15:17:03.277000,10530,10531,10530,1
2019-05-14,15:17:03.478000,10530,10531,10530,1
2019-05-14,15:17:04.850000,10530,10531,10530,2
2019-05-14,15:17:08.589000,10530,10531,10531,6
2019-05-14,15:17:08.595000,10530,10531,10531,2
2019-05-14,15:17:08.597000,10530,10531,10531,3
2019-05-14,15:17:15.630000,10531,10532,10532,1
2019-05-14,15:17:21.353000,10531,10532,10532,1
2019-05-14,15:17:22.091000,10531,10532,10531,2
2019-05-14,15:17:22.227000,10531,10532,10532,1
2019-05-14,15:17:24.258000,10531,10532,10532,1
2019-05-14,15:17:30.240000,10531,10532,10532,1
2019-05-14,15:17:32.190000,10531,10532,10532,2
2019-05-14,15:17:32.554000,10531,10532,10531,1
2019-05-14,15:17:33.352000,10531,10532,10532,1
2019-05-14,15:17:33.381000,10531,10532,10532,1
2019-05-14,15:17:33.608000,10531,10532,10532,1
2019-05-14,15:17:33.798000,10531,10532,10532,4
2019-05-14,15:17:34.846000,10531,10532,10532,5
2019-05-14,15:17:36.975000,10531,10532,10532,8
2019-05-14,15:17:37.943000,10531,10532,10532,1
2019-05-14,15:17:38.735000,10531,10532,10531,1
2019-05-14,15:17:38.967000,10531,10532,10532,1
2019-05-14,15:17:42.032000,10531,10532,10532,1
2019-05-14,15:17:42.850000,10531,10532,10531,2
2019-05-14,15:17:44.702000,10531,10532,10532,1
2019-05-14,15:17:46.148000,10531,10532,10532,1
2019-05-14,15:17:47.437000,10531,10532,10532,1
2019-05-14,15:17:48.897000,10531,10532,10532,1
2019-05-14,15:17:53.277000,10531,10532,10532,1
2019-05-14,15:17:54.772000,10531,10532,10531,1
2019-05-14,15:17:57.274000,10531,10532,10532,1
2019-05-14,15:17:57.274000,10531,10532,10532,1
2019-05-14,15:17:57.274000,10531,10532,10532,1
2019-05-14,15:17:57.274000,10531,10532,10532,1
2019-05-14,15:17:57.275000,10531,10532,10532,1
2019-05-14,15:17:57.399000,10531,10532,10532,3
2019-05-14,15:17:57.399000,10531,10532,10532,4
2019-05-14,15:17:57.524000,10532,10533,10532,4
2019-05-14,15:17:57.550000,10532,10533,10532,1
2019-05-14,15:17:57.558000,10532,10533,10532,1
2019-05-14,15:17:57.649000,10532,10533,10532,11
2019-05-14,15:17:57.774000,10532,10533,10532,2
2019-05-14,15:17:59.649000,10532,10533,10532,1
2019-05-14,15:18:00.244000,10532,10533,10532,1
2019-05-14,15:18:00.279000,10532,10533,10532,2
2019-05-14,15:18:01.288000,10532,10533,10533,1
2019-05-14,15:18:01.588000,10532,10533,10533,1
2019-05-14,15:18:01.699000,10532,10533,10532,3
2019-05-14,15:18:01.708000,10532,10533,10532,3
2019-05-14,15:18:02.149000,10532,10533,10532,1
2019-05-14,15:18:02.258000,10532,10533,10532,1
2019-05-14,15:18:05.076000,10531,10532,10532,1
2019-05-14,15:18:05.077000,10531,10532,10532,1
2019-05-14,15:18:06.957000,10532,10533,10532,1
2019-05-14,15:18:07.135000,10532,10533,10532,2
2019-05-14,15:18:09.210000,10532,10533,10532,2
2019-05-14,15:18:10.718000,10532,10533,10532,2
2019-05-14,15:18:11.551000,10531,10533,10531,1
2019-05-14,15:18:15.268000,10531,10532,10532,3
2019-05-14,15:18:17.485000,10531,10532,10532,1
2019-05-14,15:18:17.829000,10531,10532,10532,1
2019-05-14,15:18:18.311000,10531,10532,10532,1
2019-05-14,15:18:18.312000,10531,10532,10532,1
2019-05-14,15:18:18.332000,10531,10532,10532,1
2019-05-14,15:18:18.478000,10532,10533,10533,1
2019-05-14,15:18:18.935000,10532,10533,10533,1
2019-05-14,15:18:18.935000,10532,10533,10533,1
2019-05-14,15:18:18.935000,10532,10533,10533,3
2019-05-14,15:18:18.948000,10532,10533,10533,1
2019-05-14,15:18:18.949000,10532,10533,10533,1
2019-05-14,15:18:22.259000,10532,10533,10533,1
2019-05-14,15:18:22.294000,10532,10533,10532,3
2019-05-14,15:18:22.548000,10532,10533,10533,1
2019-05-14,15:18:28.618000,10532,10533,10532,2
2019-05-14,15:18:33.350000,10532,10533,10532,1
2019-05-14,15:18:33.351000,10532,10533,10532,1
2019-05-14,15:18:33.355000,10532,10533,10532,2
2019-05-14,15:18:35.157000,10532,10533,10532,1
2019-05-14,15:18:36.294000,10532,10533,10532,2
2019-05-14,15:18:38.193000,10532,10533,10532,1
2019-05-14,15:18:38.657000,10532,10533,10532,1
2019-05-14,15:18:40.784000,10532,10533,10533,6
2019-05-14,15:18:41.900000,10532,10533,10532,1
2019-05-14,15:18:42.631000,10532,10533,10533,1
2019-05-14,15:18:55.025000,10532,10533,10532,1
2019-05-14,15:18:58.331000,10532,10533,10532,2
2019-05-14,15:18:58.341000,10532,10533,10532,11
2019-05-14,15:18:58.728000,10531,10532,10532,1
2019-05-14,15:18:59.470000,10531,10532,10532,1
2019-05-14,15:19:00.869000,10531,10532,10532,1
2019-05-14,15:19:05.181000,10531,10532,10531,1
2019-05-14,15:19:06.254000,10531,10532,10532,1
2019-05-14,15:19:06.407000,10531,10532,10531,1
2019-05-14,15:19:06.565000,10531,10532,10532,1
2019-05-14,15:19:08.773000,10531,10532,10531,2
2019-05-14,15:19:10.526000,10531,10532,10531,6
2019-05-14,15:19:14.012000,10530,10531,10530,1
2019-05-14,15:19:14.405000,10530,10531,10530,2
2019-05-14,15:19:15.755000,10530,10531,10530,4
2019-05-14,15:19:22.142000,10529,10530,10529,2
2019-05-14,15:19:28.205000,10528,10530,10528,2
2019-05-14,15:19:41.070000,10528,10529,10529,1
2019-05-14,15:19:45.457000,10528,10529,10529,2
2019-05-14,15:19:47.719000,10528,10529,10529,1
2019-05-14,15:19:51.671000,10528,10529,10529,1
2019-05-14,15:19:51.672000,10528,10529,10529,1
2019-05-14,15:19:51.774000,10529,10530,10529,1
2019-05-14,15:20:03.100000,10528,10529,10528,10
2019-05-14,15:20:03.149000,10528,10529,10528,1
2019-05-14,15:20:03.149000,10528,10529,10528,1
2019-05-14,15:20:03.149000,10528,10529,10528,1
2019-05-14,15:20:03.248000,10528,10529,10527,4
2019-05-14,15:20:03.253000,10528,10529,10527,4
2019-05-14,15:20:03.263000,10528,10529,10527,4
2019-05-14,15:20:03.524000,10527,10528,10527,1
2019-05-14,15:20:03.622000,10527,10528,10527,1
2019-05-14,15:20:03.684000,10527,10528,10527,2
2019-05-14,15:20:04.176000,10527,10528,10527,1
2019-05-14,15:20:07.815000,10527,10528,10527,1
2019-05-14,15:20:08.894000,10527,10528,10527,1
2019-05-14,15:20:11.153000,10527,10528,10527,1
2019-05-14,15:20:11.313000,10527,10528,10527,1
2019-05-14,15:20:12.366000,10527,10528,10527,1
2019-05-14,15:20:13.763000,10527,10528,10527,1
2019-05-14,15:20:14.001000,10526,10527,10527,2
2019-05-14,15:20:17.441000,10526,10527,10526,1
2019-05-14,15:20:17.692000,10526,10527,10526,3
2019-05-14,15:20:18.694000,10526,10527,10526,1
2019-05-14,15:20:19.272000,10525,10527,10527,1
2019-05-14,15:20:25.513000,10526,10527,10526,1
2019-05-14,15:20:25.569000,10526,10527,10526,3
2019-05-14,15:20:25.649000,10525,10526,10526,1
2019-05-14,15:20:27.201000,10525,10526,10526,1
2019-05-14,15:20:27.909000,10525,10526,10525,1
2019-05-14,15:20:28.531000,10525,10526,10526,1
2019-05-14,15:20:28.955000,10525,10526,10525,1
2019-05-14,15:20:29.390000,10525,10526,10525,1
2019-05-14,15:20:30.102000,10525,10526,10525,1
2019-05-14,15:20:32.279000,10525,10526,10525,1
2019-05-14,15:20:32.816000,10525,10526,10526,1
2019-05-14,15:20:35.861000,10525,10526,10525,1
2019-05-14,15:20:35.979000,10525,10526,10525,1
2019-05-14,15:20:37.774000,10525,10526,10526,3
2019-05-14,15:20:39.905000,10525,10526,10526,2
2019-05-14,15:20:40.024000,10526,10527,10526,1
2019-05-14,15:20:40.318000,10526,10527,10526,1
2019-05-14,15:20:44.243000,10526,10527,10527,5
2019-05-14,15:20:44.274000,10526,10527,10527,1
2019-05-14,15:20:44.399000,10527,10528,10527,1
2019-05-14,15:20:44.479000,10527,10528,10527,2
2019-05-14,15:20:46.276000,10526,10527,10527,4
2019-05-14,15:20:50.846000,10527,10528,10527,1
2019-05-14,15:20:51.997000,10527,10528,10527,2
2019-05-14,15:20:53.806000,10527,10528,10527,1
2019-05-14,15:20:55.979000,10527,10528,10527,2
2019-05-14,15:21:03.967000,10527,10528,10527,5
2019-05-14,15:21:04.279000,10526,10527,10527,1
2019-05-14,15:21:10.267000,10527,10528,10527,1
2019-05-14,15:21:25.182000,10527,10528,10528,9
2019-05-14,15:21:25.182000,10527,10528,10528,2
2019-05-14,15:21:25.182000,10527,10528,10528,1
2019-05-14,15:21:27.080000,10528,10529,10528,1
2019-05-14,15:21:27.080000,10528,10529,10528,1
2019-05-14,15:21:27.274000,10528,10529,10528,1
2019-05-14,15:21:30.721000,10528,10529,10528,1
2019-05-14,15:21:31.117000,10528,10529,10528,4
2019-05-14,15:21:35.542000,10528,10529,10528,2
2019-05-14,15:21:38.191000,10528,10529,10529,5
2019-05-14,15:21:44.445000,10528,10529,10529,1
2019-05-14,15:21:45.022000,10528,10529,10529,1
2019-05-14,15:21:49.381000,10528,10529,10528,1
2019-05-14,15:21:52.394000,10528,10529,10529,3
2019-05-14,15:21:53.391000,10528,10529,10528,1
2019-05-14,15:21:54.219000,10528,10529,10528,1
2019-05-14,15:21:54.370000,10528,10529,10528,1
2019-05-14,15:22:03.162000,10528,10529,10528,1
2019-05-14,15:22:10.363000,10528,10529,10528,5
2019-05-14,15:22:12.150000,10528,10529,10528,1
2019-05-14,15:22:19.134000,10528,10529,10528,1
2019-05-14,15:22:23.588000,10528,10529,10529,1
2019-05-14,15:22:26.573000,10528,10529,10528,2
2019-05-14,15:22:39.164000,10528,10529,10528,5
2019-05-14,15:22:40.215000,10528,10529,10528,1
2019-05-14,15:22:40.215000,10528,10529,10528,1
2019-05-14,15:22:40.215000,10528,10529,10528,1
2019-05-14,15:22:40.215000,10528,10529,10528,1
2019-05-14,15:22:40.216000,10528,10529,10528,1
2019-05-14,15:22:55.084000,10528,10529,10528,1
2019-05-14,15:22:55.668000,10528,10529,10528,2
2019-05-14,15:22:56.051000,10527,10529,10528,1
2019-05-14,15:23:25.815000,10527,10528,10528,1
2019-05-14,15:23:36.504000,10527,10528,10527,2
2019-05-14,15:23:36.504000,10527,10528,10527,1
2019-05-14,15:23:36.781000,10527,10528,10527,1
2019-05-14,15:23:36.781000,10527,10528,10527,1
2019-05-14,15:23:36.782000,10527,10528,10527,8
2019-05-14,15:23:39.841000,10526,10527,10526,2
2019-05-14,15:23:41.836000,10526,10527,10526,1
2019-05-14,15:23:46.802000,10525,10527,10526,4
2019-05-14,15:23:47.786000,10525,10526,10526,1
2019-05-14,15:23:57.400000,10526,10527,10526,1
2019-05-14,15:23:58.442000,10525,10526,10526,1
2019-05-14,15:24:01.727000,10525,10526,10526,4
2019-05-14,15:24:07.277000,10526,10528,10526,1
2019-05-14,15:24:15.395000,10527,10528,10527,1
2019-05-14,15:25:00.113000,10527,10528,10528,4
2019-05-14,15:25:00.113000,10527,10528,10528,1
2019-05-14,15:25:00.115000,10527,10528,10528,4
2019-05-14,15:25:01.689000,10528,10529,10529,2
2019-05-14,15:25:01.927000,10528,10529,10529,2
2019-05-14,15:25:02.166000,10528,10529,10529,2
2019-05-14,15:25:07.061000,10529,10530,10529,2
2019-05-14,15:25:24.240000,10529,10530,10530,2
2019-05-14,15:25:24.317000,10529,10530,10530,1
2019-05-14,15:25:24.476000,10529,10530,10530,2
2019-05-14,15:25:24.714000,10529,10530,10530,2
2019-05-14,15:25:24.953000,10529,10530,10530,2
2019-05-14,15:25:24.961000,10529,10530,10530,2
2019-05-14,15:25:25.190000,10529,10530,10530,2
2019-05-14,15:25:25.197000,10529,10530,10530,2
2019-05-14,15:25:25.274000,10529,10530,10530,1
2019-05-14,15:25:25.427000,10529,10530,10530,1
2019-05-14,15:25:25.542000,10530,10531,10531,1
2019-05-14,15:25:38.766000,10530,10531,10530,1
2019-05-14,15:25:44.369000,10530,10531,10531,2
2019-05-14,15:25:46.879000,10530,10531,10531,2
2019-05-14,15:25:50.102000,10530,10531,10531,4
2019-05-14,15:25:53.092000,10531,10532,10531,1
2019-05-14,15:25:58.094000,10531,10532,10531,1
2019-05-14,15:25:58.690000,10531,10532,10532,2
2019-05-14,15:26:00.402000,10531,10532,10532,1
2019-05-14,15:26:13.384000,10531,10532,10532,1
2019-05-14,15:26:17.517000,10531,10532,10531,4
2019-05-14,15:26:17.517000,10531,10532,10531,1
2019-05-14,15:26:19.527000,10530,10531,10531,1
2019-05-14,15:26:41.679000,10531,10532,10531,1
2019-05-14,15:26:43.552000,10531,10532,10531,3
2019-05-14,15:26:50.355000,10530,10531,10530,2
2019-05-14,15:27:07.905000,10530,10531,10530,5
2019-05-14,15:27:11.529000,10530,10531,10530,4
2019-05-14,15:27:23.717000,10530,10531,10530,10
2019-05-14,15:27:27.020000,10530,10531,10530,1
2019-05-14,15:27:52.572000,10530,10531,10531,5
2019-05-14,15:28:04.102000,10530,10531,10530,2
2019-05-14,15:28:28.310000,10530,10531,10531,1
2019-05-14,15:28:34.199000,10530,10531,10531,1
2019-05-14,15:28:41.236000,10530,10531,10530,5
2019-05-14,15:29:18.256000,10529,10530,10530,2
2019-05-14,15:29:18.256000,10529,10530,10530,1
2019-05-14,15:29:18.274000,10529,10530,10530,3
2019-05-14,15:29:21.628000,10530,10531,10531,2
2019-05-14,15:29:21.630000,10530,10531,10531,1
2019-05-14,15:29:21.648000,10530,10531,10531,5
2019-05-14,15:29:21.721000,10531,10532,10532,1
2019-05-14,15:29:21.774000,10531,10532,10532,5
2019-05-14,15:29:21.899000,10531,10532,10532,2
2019-05-14,15:29:21.899000,10531,10532,10532,11
2019-05-14,15:29:22.605000,10532,10533,10533,2
2019-05-14,15:29:22.606000,10532,10533,10533,3
2019-05-14,15:29:23.032000,10532,10533,10532,1
2019-05-14,15:29:23.424000,10532,10533,10532,4
2019-05-14,15:29:23.733000,10532,10533,10533,6
2019-05-14,15:29:23.733000,10532,10533,10533,1
2019-05-14,15:29:23.733000,10532,10533,10533,1
2019-05-14,15:29:23.733000,10532,10533,10533,1
2019-05-14,15:29:23.733000,10532,10533,10533,4
2019-05-14,15:29:23.734000,10532,10533,10533,1
2019-05-14,15:29:23.803000,10532,10533,10533,1
2019-05-14,15:29:23.899000,10533,10534,10533,1
2019-05-14,15:29:24.024000,10533,10534,10533,3
2019-05-14,15:29:26.461000,10532,10534,10534,1
2019-05-14,15:29:27.763000,10533,10534,10534,2
2019-05-14,15:29:28.624000,10533,10534,10534,1
2019-05-14,15:29:30.629000,10533,10534,10533,1
2019-05-14,15:29:30.649000,10533,10534,10533,1
2019-05-14,15:29:30.705000,10533,10534,10533,1
2019-05-14,15:29:33.524000,10533,10534,10534,2
2019-05-14,15:29:35.522000,10533,10534,10534,18
2019-05-14,15:29:35.523000,10533,10534,10534,1
2019-05-14,15:29:36.772000,10533,10534,10534,1
2019-05-14,15:29:39.864000,10533,10534,10533,20
2019-05-14,15:29:39.902000,10532,10533,10533,5
2019-05-14,15:29:39.902000,10532,10533,10534,5
2019-05-14,15:29:39.916000,10532,10533,10534,1
2019-05-14,15:29:40.024000,10533,10534,10533,1
2019-05-14,15:29:40.024000,10533,10534,10533,1
2019-05-14,15:30:02.154000,10532,10533,10532,1
2019-05-14,15:30:02.399000,10532,10533,10532,1
2019-05-14,15:30:02.487000,10532,10533,10533,8
2019-05-14,15:30:02.928000,10532,10533,10533,8
2019-05-14,15:30:03.292000,10532,10533,10533,2
2019-05-14,15:30:03.774000,10533,10534,10533,3
2019-05-14,15:30:05.653000,10533,10534,10533,1
2019-05-14,15:30:06.473000,10533,10534,10533,5
2019-05-14,15:30:08.760000,10533,10534,10534,2
2019-05-14,15:30:09.923000,10533,10534,10534,1
2019-05-14,15:30:10.774000,10534,10535,10534,1
2019-05-14,15:30:15.089000,10534,10535,10534,1
2019-05-14,15:30:19.325000,10533,10535,10535,2
2019-05-14,15:30:19.427000,10533,10535,10535,5
2019-05-14,15:30:19.427000,10533,10535,10535,5
2019-05-14,15:30:20.003000,10534,10535,10535,1
2019-05-14,15:30:23.447000,10534,10535,10535,1
2019-05-14,15:30:25.492000,10534,10535,10535,1
2019-05-14,15:30:27.144000,10534,10535,10535,12
2019-05-14,15:30:29.213000,10534,10535,10535,1
2019-05-14,15:30:30.664000,10534,10535,10535,1
2019-05-14,15:30:32.070000,10534,10535,10535,8
2019-05-14,15:30:32.273000,10534,10535,10535,1
2019-05-14,15:30:32.274000,10534,10535,10535,1
2019-05-14,15:30:32.651000,10534,10535,10534,8
2019-05-14,15:30:33.212000,10533,10534,10534,1
2019-05-14,15:30:34.855000,10533,10534,10533,1
2019-05-14,15:30:34.975000,10533,10534,10533,1
2019-05-14,15:30:35.024000,10533,10534,10533,1
2019-05-14,15:30:35.027000,10533,10534,10533,1
2019-05-14,15:30:35.573000,10532,10533,10533,1
2019-05-14,15:30:37.451000,10532,10533,10532,1
2019-05-14,15:30:37.609000,10531,10532,10531,1
2019-05-14,15:30:39.612000,10531,10533,10531,2
2019-05-14,15:30:39.612000,10531,10533,10531,5
2019-05-14,15:30:41.154000,10531,10532,10531,1
2019-05-14,15:30:42.381000,10531,10532,10531,9
2019-05-14,15:30:44.358000,10531,10532,10531,1
2019-05-14,15:30:47.675000,10531,10532,10531,1
2019-05-14,15:30:51.824000,10531,10532,10531,7
2019-05-14,15:30:53.933000,10530,10531,10531,1
2019-05-14,15:30:57.537000,10530,10531,10531,3
2019-05-14,15:31:02.650000,10530,10531,10530,16
2019-05-14,15:31:10.667000,10529,10530,10529,2
2019-05-14,15:31:10.904000,10529,10530,10529,3
2019-05-14,15:31:11.634000,10529,10530,10529,1
2019-05-14,15:31:12.049000,10529,10530,10529,1
2019-05-14,15:31:15.626000,10529,10530,10529,1
2019-05-14,15:31:25.272000,10529,10530,10529,1
2019-05-14,15:31:33.932000,10529,10530,10530,1
2019-05-14,15:31:34.601000,10529,10530,10530,1
2019-05-14,15:31:40.823000,10529,10530,10530,1
2019-05-14,15:31:42.950000,10529,10530,10529,2
2019-05-14,15:31:43.132000,10528,10529,10528,5
2019-05-14,15:31:46.889000,10528,10529,10529,1
2019-05-14,15:31:48.553000,10528,10529,10528,1
2019-05-14,15:31:49.552000,10528,10529,10528,1
2019-05-14,15:31:51.852000,10528,10529,10528,1
2019-05-14,15:31:52.763000,10528,10529,10528,3
2019-05-14,15:31:53.707000,10527,10528,10527,1
2019-05-14,15:31:54.877000,10527,10528,10527,1
2019-05-14,15:31:54.930000,10527,10528,10527,1
2019-05-14,15:31:56.816000,10526,10527,10526,1
2019-05-14,15:31:58.483000,10526,10527,10527,1
2019-05-14,15:32:00.105000,10526,10527,10526,2
2019-05-14,15:32:00.417000,10525,10526,10526,1
2019-05-14,15:32:04.208000,10525,10526,10526,4
2019-05-14,15:32:06.240000,10526,10527,10526,1
2019-05-14,15:32:10.554000,10526,10527,10527,1
2019-05-14,15:32:11.671000,10526,10527,10527,1
2019-05-14,15:32:16.851000,10527,10528,10527,3
2019-05-14,15:32:20.522000,10527,10528,10527,2
2019-05-14,15:32:23.608000,10527,10528,10527,4
2019-05-14,15:32:26.050000,10527,10528,10527,1
2019-05-14,15:32:33.524000,10527,10528,10527,1
2019-05-14,15:32:33.524000,10527,10528,10527,1
2019-05-14,15:32:33.524000,10527,10528,10527,1
2019-05-14,15:32:43.653000,10526,10527,10526,1
2019-05-14,15:32:54.398000,10526,10527,10527,1
2019-05-14,15:32:54.398000,10526,10527,10527,1
2019-05-14,15:32:54.930000,10527,10528,10528,1
2019-05-14,15:32:54.930000,10527,10528,10528,2
2019-05-14,15:32:54.930000,10527,10528,10528,1
2019-05-14,15:32:54.931000,10527,10528,10528,1
2019-05-14,15:32:54.931000,10527,10528,10528,1
2019-05-14,15:32:54.931000,10527,10528,10528,2
2019-05-14,15:32:54.969000,10527,10528,10528,2
2019-05-14,15:32:55.026000,10527,10528,10528,10
2019-05-14,15:32:55.149000,10527,10528,10528,1
2019-05-14,15:32:57.214000,10527,10529,10527,1
2019-05-14,15:33:01.462000,10527,10528,10527,1
2019-05-14,15:33:01.788000,10527,10528,10528,7
2019-05-14,15:33:01.817000,10527,10528,10528,6
2019-05-14,15:33:01.823000,10527,10528,10528,3
2019-05-14,15:33:01.823000,10527,10528,10529,3
2019-05-14,15:33:01.826000,10527,10528,10528,2
2019-05-14,15:33:01.882000,10527,10528,10528,1
2019-05-14,15:33:01.882000,10527,10528,10529,1
2019-05-14,15:33:01.889000,10527,10528,10529,6
2019-05-14,15:33:01.896000,10527,10528,10529,9
2019-05-14,15:33:01.929000,10528,10529,10529,2
2019-05-14,15:33:01.972000,10528,10529,10529,2
2019-05-14,15:33:01.979000,10528,10529,10529,3
2019-05-14,15:33:02.010000,10528,10529,10529,1
2019-05-14,15:33:02.010000,10528,10529,10530,2
2019-05-14,15:33:02.020000,10528,10529,10530,2
2019-05-14,15:33:02.024000,10529,10530,10529,1
2019-05-14,15:33:02.030000,10529,10530,10530,3
2019-05-14,15:33:02.030000,10529,10530,10530,2
2019-05-14,15:33:02.034000,10529,10530,10529,4
2019-05-14,15:33:02.034000,10529,10530,10529,2
2019-05-14,15:33:02.083000,10529,10530,10530,3
2019-05-14,15:33:02.085000,10529,10530,10530,2
2019-05-14,15:33:02.091000,10529,10530,10530,3
2019-05-14,15:33:02.091000,10529,10530,10530,2
2019-05-14,15:33:02.219000,10529,10530,10530,2
2019-05-14,15:33:02.233000,10529,10530,10530,2
2019-05-14,15:33:03.102000,10529,10530,10529,3
2019-05-14,15:33:05.240000,10528,10529,10528,1
2019-05-14,15:33:08.116000,10528,10529,10528,2
2019-05-14,15:33:08.116000,10528,10529,10528,5
2019-05-14,15:33:08.116000,10528,10529,10528,4
2019-05-14,15:33:22.899000,10528,10529,10528,1
2019-05-14,15:33:38.921000,10528,10529,10529,1
2019-05-14,15:33:39.024000,10528,10529,10529,2
2019-05-14,15:33:46.435000,10530,10531,10530,1
2019-05-14,15:34:09.997000,10528,10530,10530,1
2019-05-14,15:34:12.851000,10528,10530,10530,1
2019-05-14,15:34:29.591000,10528,10530,10530,1
2019-05-14,15:34:36.687000,10528,10530,10528,1
2019-05-14,15:34:54.629000,10528,10530,10530,2
2019-05-14,15:34:55.015000,10528,10530,10530,1
2019-05-14,15:34:55.016000,10528,10530,10530,5
2019-05-14,15:35:04.274000,10530,10531,10531,1
2019-05-14,15:35:04.274000,10530,10531,10531,5
2019-05-14,15:35:10.598000,10531,10532,10532,3
2019-05-14,15:35:12.516000,10532,10533,10533,4
2019-05-14,15:35:13.853000,10532,10533,10533,4
2019-05-14,15:35:14.818000,10532,10533,10533,3
2019-05-14,15:35:15.586000,10533,10534,10533,1
2019-05-14,15:35:19.270000,10533,10534,10534,2
2019-05-14,15:35:19.270000,10533,10534,10534,1
2019-05-14,15:35:21.779000,10534,10535,10535,1
2019-05-14,15:35:21.899000,10534,10535,10535,7
2019-05-14,15:35:24.612000,10535,10536,10536,1
2019-05-14,15:35:24.864000,10535,10536,10536,1
2019-05-14,15:35:26.215000,10535,10536,10536,1
2019-05-14,15:35:28.905000,10535,10536,10536,2
2019-05-14,15:35:30.503000,10535,10536,10536,1
2019-05-14,15:35:33.310000,10535,10536,10536,10
2019-05-14,15:35:33.335000,10535,10536,10536,2
2019-05-14,15:35:34.929000,10535,10536,10536,1
2019-05-14,15:35:35.286000,10535,10536,10536,1
2019-05-14,15:35:35.287000,10535,10536,10536,5
2019-05-14,15:35:35.287000,10535,10536,10536,3
2019-05-14,15:35:35.287000,10535,10536,10536,1
2019-05-14,15:35:37.897000,10536,10537,10537,1
2019-05-14,15:35:38.165000,10536,10537,10537,1
2019-05-14,15:35:38.901000,10536,10537,10537,6
2019-05-14,15:35:39.024000,10536,10537,10537,1
2019-05-14,15:35:39.024000,10536,10537,10537,4
2019-05-14,15:35:39.615000,10537,10538,10538,1
2019-05-14,15:35:39.756000,10537,10538,10538,1
2019-05-14,15:35:40.226000,10537,10538,10538,6
2019-05-14,15:35:40.226000,10537,10538,10538,1
2019-05-14,15:35:40.226000,10537,10538,10538,4
2019-05-14,15:35:40.227000,10537,10538,10538,1
2019-05-14,15:35:40.227000,10537,10538,10538,1
2019-05-14,15:35:40.399000,10538,10539,10538,4
2019-05-14,15:35:41.524000,10538,10539,10538,2
2019-05-14,15:35:42.274000,10538,10539,10538,1
2019-05-14,15:35:43.649000,10538,10539,10538,1
2019-05-14,15:35:43.774000,10538,10539,10538,1
2019-05-14,15:35:44.488000,10538,10539,10538,1
2019-05-14,15:35:44.488000,10538,10539,10538,1
2019-05-14,15:35:44.566000,10538,10539,10538,1
2019-05-14,15:35:46.614000,10537,10539,10539,1
2019-05-14,15:35:46.945000,10537,10539,10537,4
2019-05-14,15:35:47.124000,10537,10538,10537,2
2019-05-14,15:35:47.124000,10537,10538,10537,9
2019-05-14,15:35:47.264000,10537,10538,10536,2
2019-05-14,15:35:47.821000,10536,10538,10538,2
2019-05-14,15:35:49.751000,10537,10538,10537,1
2019-05-14,15:35:54.362000,10537,10538,10537,1
2019-05-14,15:35:54.399000,10537,10538,10537,1
2019-05-14,15:35:54.448000,10537,10538,10537,1
2019-05-14,15:35:56.050000,10537,10538,10537,2
2019-05-14,15:35:56.149000,10536,10537,10536,9
2019-05-14,15:35:56.149000,10536,10537,10536,4
2019-05-14,15:35:56.152000,10536,10537,10536,2
2019-05-14,15:35:56.274000,10536,10537,10536,3
2019-05-14,15:35:57.309000,10535,10536,10535,1
2019-05-14,15:35:57.782000,10535,10536,10536,2
2019-05-14,15:36:05.721000,10534,10536,10534,1
2019-05-14,15:36:05.991000,10534,10536,10536,6
2019-05-14,15:36:06.406000,10534,10536,10536,1
2019-05-14,15:36:10.048000,10534,10535,10535,1
2019-05-14,15:36:10.048000,10534,10535,10536,3
2019-05-14,15:36:10.441000,10534,10536,10536,1
2019-05-14,15:36:10.464000,10534,10536,10536,1
2019-05-14,15:36:10.481000,10534,10536,10536,1
2019-05-14,15:36:10.488000,10534,10536,10536,1
2019-05-14,15:36:15.357000,10535,10536,10535,1
2019-05-14,15:36:16.432000,10534,10536,10536,1
2019-05-14,15:36:17.603000,10534,10536,10536,1
2019-05-14,15:36:23.008000,10534,10535,10535,1
2019-05-14,15:36:25.783000,10534,10535,10535,1
2019-05-14,15:36:27.507000,10534,10535,10534,1
2019-05-14,15:36:31.818000,10534,10535,10534,1
2019-05-14,15:36:42.519000,10534,10535,10535,1
2019-05-14,15:36:51.976000,10534,10535,10535,1
2019-05-14,15:36:53.969000,10534,10535,10534,10
2019-05-14,15:36:56.149000,10534,10535,10535,1
2019-05-14,15:36:56.778000,10534,10535,10534,5
2019-05-14,15:36:58.840000,10534,10535,10534,2
2019-05-14,15:36:58.841000,10534,10535,10534,2
2019-05-14,15:37:07.549000,10533,10534,10534,1
2019-05-14,15:37:07.551000,10533,10534,10534,2
2019-05-14,15:37:07.551000,10533,10534,10534,4
2019-05-14,15:37:07.551000,10533,10534,10534,1
2019-05-14,15:37:07.552000,10533,10534,10534,1
2019-05-14,15:37:13.631000,10534,10535,10535,1
2019-05-14,15:37:23.738000,10535,10536,10536,1
2019-05-14,15:37:25.111000,10535,10536,10535,1
2019-05-14,15:37:28.820000,10534,10536,10536,1
2019-05-14,15:37:40.448000,10534,10535,10535,1
2019-05-14,15:37:40.826000,10535,10536,10535,1
2019-05-14,15:37:47.137000,10535,10536,10536,3
2019-05-14,15:37:52.610000,10536,10537,10536,1
2019-05-14,15:37:52.611000,10536,10537,10536,4
2019-05-14,15:37:52.616000,10536,10537,10536,2
2019-05-14,15:37:52.649000,10536,10537,10536,3
2019-05-14,15:37:52.656000,10536,10537,10536,1
2019-05-14,15:37:52.774000,10536,10537,10536,2
2019-05-14,15:37:56.776000,10535,10536,10535,1
2019-05-14,15:38:03.549000,10535,10536,10536,1
2019-05-14,15:38:03.605000,10535,10536,10535,1
2019-05-14,15:38:08.315000,10535,10536,10536,2
2019-05-14,15:38:12.063000,10535,10537,10537,1
2019-05-14,15:38:15.271000,10535,10537,10537,1
2019-05-14,15:38:30.520000,10536,10537,10536,1
2019-05-14,15:38:35.610000,10536,10537,10536,1
2019-05-14,15:38:36.927000,10536,10537,10536,1
2019-05-14,15:38:38.598000,10536,10537,10537,1
2019-05-14,15:38:40.657000,10536,10537,10536,1
2019-05-14,15:38:40.815000,10536,10537,10537,3
2019-05-14,15:38:48.778000,10536,10537,10536,1
2019-05-14,15:38:50.393000,10536,10537,10536,1
2019-05-14,15:38:59.744000,10536,10537,10536,1
2019-05-14,15:39:00.440000,10536,10537,10537,1
2019-05-14,15:39:07.636000,10536,10537,10537,1
2019-05-14,15:39:12.191000,10536,10537,10537,1
2019-05-14,15:39:13.374000,10536,10537,10537,1
2019-05-14,15:39:20.670000,10536,10537,10536,3
2019-05-14,15:39:27.482000,10536,10537,10536,1
2019-05-14,15:39:39.695000,10536,10537,10536,1
2019-05-14,15:39:40.321000,10536,10537,10537,4
2019-05-14,15:39:40.321000,10536,10537,10537,3
2019-05-14,15:39:40.321000,10536,10537,10537,1
2019-05-14,15:39:40.321000,10536,10537,10537,2
2019-05-14,15:39:40.321000,10536,10537,10537,3
2019-05-14,15:39:40.321000,10536,10537,10537,1
2019-05-14,15:39:40.321000,10536,10537,10537,1
2019-05-14,15:39:40.399000,10536,10537,10537,2
2019-05-14,15:39:40.399000,10536,10537,10537,2
2019-05-14,15:39:40.399000,10536,10537,10537,4
2019-05-14,15:39:41.395000,10537,10538,10538,3
2019-05-14,15:39:43.522000,10537,10538,10538,5
2019-05-14,15:39:43.522000,10537,10538,10538,5
2019-05-14,15:39:43.522000,10537,10538,10538,1
2019-05-14,15:39:43.522000,10537,10538,10538,5
2019-05-14,15:39:43.523000,10537,10538,10538,1
2019-05-14,15:39:43.524000,10537,10538,10538,1
2019-05-14,15:39:43.816000,10538,10539,10538,1
2019-05-14,15:39:47.364000,10538,10539,10538,1
2019-05-14,15:39:50.234000,10537,10538,10538,1
2019-05-14,15:39:52.236000,10538,10539,10538,1
2019-05-14,15:39:53.357000,10537,10539,10537,1
2019-05-14,15:39:57.314000,10538,10539,10538,1
2019-05-14,15:39:58.729000,10538,10539,10538,1
2019-05-14,15:40:03.345000,10537,10538,10538,2
2019-05-14,15:40:04.005000,10537,10538,10537,2
2019-05-14,15:40:05.945000,10537,10538,10538,1
2019-05-14,15:40:05.965000,10537,10538,10538,2
2019-05-14,15:40:06.401000,10537,10538,10537,1
2019-05-14,15:40:09.501000,10537,10538,10538,1
2019-05-14,15:40:12.028000,10537,10538,10538,1
2019-05-14,15:40:13.674000,10537,10539,10537,2
2019-05-14,15:40:13.774000,10537,10538,10537,3
2019-05-14,15:40:13.774000,10537,10538,10537,3
2019-05-14,15:40:13.815000,10537,10538,10537,4
2019-05-14,15:40:13.815000,10537,10538,10537,1
2019-05-14,15:40:14.015000,10536,10537,10537,1
2019-05-14,15:40:15.138000,10536,10537,10537,1
2019-05-14,15:40:16.399000,10536,10537,10537,1
2019-05-14,15:40:17.611000,10536,10537,10537,1
2019-05-14,15:40:19.219000,10536,10537,10536,1
2019-05-14,15:40:21.471000,10536,10537,10536,14
2019-05-14,15:40:26.196000,10535,10536,10535,8
2019-05-14,15:40:28.706000,10534,10535,10534,1
2019-05-14,15:40:37.777000,10534,10535,10534,1
2019-05-14,15:40:38.008000,10534,10535,10534,5
2019-05-14,15:40:38.090000,10534,10535,10534,1
2019-05-14,15:40:48.434000,10534,10535,10534,1
2019-05-14,15:40:48.546000,10534,10535,10534,1
2019-05-14,15:40:50.797000,10534,10535,10534,1
2019-05-14,15:40:53.898000,10534,10535,10534,1
2019-05-14,15:41:04.804000,10533,10534,10533,1
2019-05-14,15:41:04.927000,10533,10534,10533,1
2019-05-14,15:41:06.378000,10533,10534,10534,1
2019-05-14,15:41:17.279000,10533,10534,10533,1
2019-05-14,15:41:21.774000,10533,10534,10534,3
2019-05-14,15:41:26.275000,10534,10535,10534,1
2019-05-14,15:41:27.603000,10533,10534,10533,2
2019-05-14,15:41:38.890000,10533,10534,10533,3
2019-05-14,15:41:49.069000,10533,10534,10533,4
2019-05-14,15:41:50.808000,10533,10534,10533,5
2019-05-14,15:41:50.848000,10533,10534,10533,2
2019-05-14,15:41:50.848000,10533,10534,10533,1
2019-05-14,15:41:56.087000,10532,10533,10533,1
2019-05-14,15:41:58.360000,10532,10533,10533,5
2019-05-14,15:42:05.405000,10532,10533,10533,1
2019-05-14,15:42:14.110000,10532,10533,10533,1
2019-05-14,15:42:15.865000,10532,10534,10532,1
2019-05-14,15:42:19.058000,10532,10533,10532,1
2019-05-14,15:42:19.364000,10532,10533,10532,10
2019-05-14,15:42:20.078000,10532,10533,10533,1
2019-05-14,15:42:27.499000,10532,10533,10532,1
2019-05-14,15:42:28.815000,10532,10533,10532,1
2019-05-14,15:42:38.829000,10532,10533,10532,1
2019-05-14,15:42:41.788000,10532,10533,10532,3
2019-05-14,15:42:54.547000,10532,10533,10533,2
2019-05-14,15:42:54.613000,10532,10533,10533,2
2019-05-14,15:42:54.649000,10532,10533,10533,3
2019-05-14,15:43:00.970000,10533,10534,10534,3
2019-05-14,15:43:07.242000,10534,10535,10534,1
2019-05-14,15:43:14.462000,10534,10535,10534,1
2019-05-14,15:43:25.642000,10533,10535,10535,2
2019-05-14,15:43:35.761000,10533,10535,10535,2
2019-05-14,15:43:36.985000,10533,10534,10534,1
2019-05-14,15:43:39.273000,10533,10534,10534,3
2019-05-14,15:43:43.644000,10533,10534,10534,1
2019-05-14,15:43:46.149000,10533,10534,10533,10
2019-05-14,15:43:46.250000,10533,10534,10533,4
2019-05-14,15:43:46.250000,10533,10534,10533,2
2019-05-14,15:43:46.254000,10533,10534,10533,1
2019-05-14,15:43:46.274000,10533,10534,10533,2
2019-05-14,15:43:57.399000,10532,10533,10532,4
2019-05-14,15:43:57.956000,10531,10532,10532,1
2019-05-14,15:44:12.274000,10532,10533,10533,5
2019-05-14,15:44:12.274000,10532,10533,10533,1
2019-05-14,15:44:12.638000,10533,10534,10532,1
2019-05-14,15:44:13.946000,10533,10534,10533,2
2019-05-14,15:44:39.785000,10532,10533,10533,5
2019-05-14,15:44:44.006000,10533,10534,10533,1
2019-05-14,15:44:46.005000,10532,10534,10534,1
2019-05-14,15:44:46.528000,10532,10534,10534,1
2019-05-14,15:44:47.937000,10532,10534,10532,10
2019-05-14,15:44:50.776000,10532,10533,10532,5
2019-05-14,15:44:51.455000,10532,10533,10532,1
2019-05-14,15:44:53.778000,10532,10533,10532,1
2019-05-14,15:44:54.251000,10532,10533,10532,5
2019-05-14,15:44:58.545000,10531,10533,10533,2
2019-05-14,15:45:19.848000,10531,10532,10532,1
2019-05-14,15:45:24.420000,10532,10533,10533,1
2019-05-14,15:45:26.316000,10532,10533,10532,2
2019-05-14,15:45:29.236000,10532,10533,10532,1
2019-05-14,15:45:42.816000,10532,10534,10532,1
2019-05-14,15:46:00.727000,10533,10534,10533,2
2019-05-14,15:46:26.448000,10532,10533,10533,1
2019-05-14,15:47:20.232000,10533,10534,10534,2
2019-05-14,15:47:24.860000,10533,10534,10533,2
2019-05-14,15:47:24.978000,10532,10533,10533,1
2019-05-14,15:47:35.863000,10532,10533,10533,1
2019-05-14,15:47:38.276000,10532,10533,10532,1
2019-05-14,15:47:39.158000,10532,10533,10532,1
2019-05-14,15:47:42.586000,10532,10533,10532,2
2019-05-14,15:47:42.649000,10532,10533,10532,4
2019-05-14,15:47:42.774000,10532,10533,10532,2
2019-05-14,15:47:42.774000,10532,10533,10532,3
2019-05-14,15:48:03.441000,10531,10532,10532,3
2019-05-14,15:48:09.195000,10531,10532,10532,2
2019-05-14,15:48:12.105000,10531,10532,10532,2
2019-05-14,15:48:14.695000,10531,10532,10532,1
2019-05-14,15:48:14.695000,10531,10532,10532,1
2019-05-14,15:48:39.564000,10531,10532,10532,2
2019-05-14,15:48:43.886000,10532,10533,10532,1
2019-05-14,15:49:04.929000,10531,10533,10532,1
2019-05-14,15:49:38.008000,10531,10532,10531,3
2019-05-14,15:49:39.553000,10531,10532,10531,2
2019-05-14,15:49:39.553000,10531,10532,10531,15
2019-05-14,15:49:39.553000,10531,10532,10531,1
2019-05-14,15:50:34.959000,10531,10532,10532,1
2019-05-14,15:50:35.024000,10531,10532,10532,17
2019-05-14,15:50:35.149000,10531,10532,10532,7
2019-05-14,15:50:35.223000,10531,10532,10533,1
2019-05-14,15:50:47.201000,10532,10533,10533,3
2019-05-14,15:50:55.840000,10532,10533,10533,4
2019-05-14,15:51:00.774000,10532,10533,10533,8
2019-05-14,15:51:09.736000,10533,10534,10534,1
2019-05-14,15:51:10.638000,10533,10534,10534,1
2019-05-14,15:51:11.143000,10533,10534,10534,1
2019-05-14,15:51:15.455000,10533,10534,10534,1
2019-05-14,15:51:17.335000,10533,10534,10534,2
2019-05-14,15:51:21.361000,10533,10534,10533,2
2019-05-14,15:51:21.361000,10533,10534,10533,4
2019-05-14,15:51:26.643000,10533,10534,10533,1
2019-05-14,15:51:35.800000,10532,10533,10532,1
2019-05-14,15:51:52.118000,10532,10533,10532,5
2019-05-14,15:51:58.117000,10531,10532,10531,1
2019-05-14,15:51:58.117000,10531,10532,10531,1
2019-05-14,15:51:58.117000,10531,10532,10531,1
2019-05-14,15:51:58.149000,10531,10532,10531,9
2019-05-14,15:51:58.149000,10531,10532,10531,1
2019-05-14,15:52:01.643000,10530,10531,10530,7
2019-05-14,15:52:01.647000,10530,10531,10530,5
2019-05-14,15:52:01.647000,10530,10531,10530,3
2019-05-14,15:52:01.648000,10530,10531,10530,4
2019-05-14,15:52:01.648000,10530,10531,10530,2
2019-05-14,15:52:01.648000,10530,10531,10530,1
2019-05-14,15:52:01.649000,10530,10531,10530,4
2019-05-14,15:52:01.760000,10530,10531,10529,3
2019-05-14,15:52:01.767000,10530,10531,10529,3
2019-05-14,15:52:01.767000,10530,10531,10529,3
2019-05-14,15:52:01.774000,10529,10530,10529,1
2019-05-14,15:52:01.774000,10529,10530,10529,1
2019-05-14,15:52:02.096000,10528,10529,10528,1
2019-05-14,15:52:05.774000,10528,10530,10529,1
2019-05-14,15:52:07.660000,10528,10530,10529,1
2019-05-14,15:52:14.991000,10529,10530,10529,1
2019-05-14,15:52:18.430000,10529,10530,10529,4
2019-05-14,15:52:24.226000,10529,10530,10530,10
2019-05-14,15:52:24.641000,10529,10530,10529,1
2019-05-14,15:52:30.200000,10529,10530,10530,1
2019-05-14,15:52:32.525000,10529,10530,10529,3
2019-05-14,15:52:44.166000,10528,10529,10529,1
2019-05-14,15:52:47.649000,10528,10529,10529,1
2019-05-14,15:52:50.673000,10528,10529,10529,1
2019-05-14,15:52:57.871000,10529,10530,10529,1
2019-05-14,15:52:59.496000,10529,10530,10530,2
2019-05-14,15:53:03.651000,10530,10531,10530,1
2019-05-14,15:53:05.861000,10530,10531,10530,2
2019-05-14,15:53:05.944000,10530,10531,10530,1
2019-05-14,15:53:14.482000,10530,10532,10532,1
2019-05-14,15:53:35.847000,10531,10532,10531,1
2019-05-14,15:53:39.372000,10531,10532,10531,1
2019-05-14,15:53:58.322000,10531,10532,10531,1
2019-05-14,15:54:02.197000,10531,10532,10531,1
2019-05-14,15:54:02.643000,10531,10532,10531,1
2019-05-14,15:54:03.170000,10531,10532,10531,2
2019-05-14,15:54:06.247000,10530,10531,10530,1
2019-05-14,15:54:13.366000,10530,10531,10530,1
2019-05-14,15:54:45.305000,10529,10530,10529,1
2019-05-14,15:54:46.353000,10529,10530,10529,1
2019-05-14,15:54:48.425000,10529,10530,10529,2
2019-05-14,15:54:48.451000,10529,10530,10530,4
2019-05-14,15:54:55.476000,10529,10530,10530,1
2019-05-14,15:55:04.149000,10530,10531,10530,1
2019-05-14,15:55:04.274000,10530,10531,10530,1
2019-05-14,15:55:06.025000,10529,10530,10529,1
2019-05-14,15:55:17.888000,10529,10530,10529,3
2019-05-14,15:55:17.899000,10529,10530,10529,11
2019-05-14,15:55:22.867000,10528,10529,10529,1
2019-05-14,15:55:24.213000,10528,10529,10529,1
2019-05-14,15:55:36.589000,10528,10529,10529,1
2019-05-14,15:55:50.276000,10529,10530,10529,1
2019-05-14,15:55:53.757000,10529,10530,10529,1
2019-05-14,15:56:00.890000,10528,10530,10530,1
2019-05-14,15:56:09.482000,10529,10530,10529,1
2019-05-14,15:56:12.233000,10528,10529,10529,1
2019-05-14,15:56:19.674000,10529,10530,10529,2
2019-05-14,15:56:20.082000,10529,10530,10529,2
2019-05-14,15:56:23.768000,10529,10530,10529,5
2019-05-14,15:56:24.303000,10528,10529,10529,1
2019-05-14,15:56:32.123000,10528,10529,10529,1
2019-05-14,15:56:41.922000,10528,10529,10529,7
2019-05-14,15:56:42.394000,10528,10530,10528,2
2019-05-14,15:56:43.983000,10529,10530,10529,1
2019-05-14,15:56:45.262000,10528,10529,10529,1
2019-05-14,15:56:51.685000,10528,10529,10529,1
2019-05-14,15:56:56.606000,10528,10529,10529,3
2019-05-14,15:57:08.636000,10529,10530,10530,2
2019-05-14,15:57:08.756000,10529,10530,10530,2
2019-05-14,15:57:50.937000,10530,10531,10531,1
2019-05-14,15:57:52.117000,10530,10531,10531,3
2019-05-14,15:57:52.149000,10530,10531,10531,1
2019-05-14,15:57:52.274000,10530,10531,10531,7
2019-05-14,15:57:52.803000,10531,10532,10532,1
2019-05-14,15:57:52.804000,10531,10532,10532,1
2019-05-14,15:57:52.868000,10531,10532,10532,1
2019-05-14,15:58:04.621000,10531,10532,10532,2
2019-05-14,15:58:09.092000,10531,10532,10532,1
2019-05-14,15:58:14.595000,10531,10532,10531,2
2019-05-14,15:58:15.728000,10530,10531,10531,1
2019-05-14,15:58:18.551000,10530,10531,10530,1
2019-05-14,15:58:19.290000,10530,10531,10530,3
2019-05-14,15:58:41.044000,10529,10530,10530,1
2019-05-14,15:58:42.203000,10529,10530,10529,6
2019-05-14,15:58:50.741000,10529,10530,10529,1
2019-05-14,15:58:50.745000,10529,10530,10529,2
2019-05-14,15:58:50.774000,10529,10530,10529,3
2019-05-14,15:58:51.476000,10528,10529,10528,1
2019-05-14,15:58:51.477000,10528,10529,10528,3
2019-05-14,15:58:51.477000,10528,10529,10528,1
2019-05-14,15:58:51.524000,10528,10529,10528,6
2019-05-14,15:58:53.954000,10527,10528,10528,1
2019-05-14,15:58:59.514000,10528,10529,10529,1
2019-05-14,15:59:01.678000,10528,10529,10529,2
2019-05-14,15:59:03.531000,10528,10529,10528,3
2019-05-14,15:59:08.913000,10528,10529,10529,1
2019-05-14,15:59:22.384000,10528,10529,10528,1
2019-05-14,15:59:33.418000,10527,10529,10527,1
2019-05-14,15:59:41.873000,10527,10528,10527,1
2019-05-14,15:59:41.924000,10527,10528,10527,10
2019-05-14,15:59:48.202000,10526,10527,10526,2
2019-05-14,15:59:49.576000,10526,10527,10526,1
2019-05-14,15:59:52.392000,10526,10527,10526,1
2019-05-14,15:59:59.037000,10526,10527,10526,4
2019-05-14,16:00:02.796000,10526,10527,10526,2
2019-05-14,16:00:03.207000,10526,10527,10526,2
2019-05-14,16:00:04.914000,10526,10527,10526,1
2019-05-14,16:00:06.483000,10526,10527,10526,1
2019-05-14,16:00:06.977000,10526,10527,10526,2
2019-05-14,16:00:15.165000,10526,10527,10526,1
2019-05-14,16:00:18.096000,10526,10527,10526,1
2019-05-14,16:00:21.330000,10526,10527,10526,1
2019-05-14,16:00:23.529000,10526,10527,10526,2
2019-05-14,16:00:23.549000,10526,10527,10525,1
2019-05-14,16:00:24.571000,10525,10526,10525,1
2019-05-14,16:00:26.098000,10525,10526,10525,1
2019-05-14,16:00:27.350000,10525,10526,10525,16
2019-05-14,16:00:27.629000,10525,10526,10525,8
2019-05-14,16:00:27.818000,10524,10525,10524,2
2019-05-14,16:00:27.818000,10524,10525,10524,3
2019-05-14,16:00:27.847000,10524,10525,10524,1
2019-05-14,16:00:27.848000,10524,10525,10524,1
2019-05-14,16:00:27.848000,10524,10525,10524,2
2019-05-14,16:00:27.848000,10524,10525,10524,1
2019-05-14,16:00:27.848000,10524,10525,10524,1
2019-05-14,16:00:27.900000,10523,10524,10524,1
2019-05-14,16:00:27.918000,10523,10524,10523,4
2019-05-14,16:00:28.142000,10523,10524,10523,1
2019-05-14,16:00:30.396000,10523,10524,10523,1
2019-05-14,16:00:30.658000,10523,10524,10524,1
2019-05-14,16:00:35.819000,10524,10525,10524,1
2019-05-14,16:00:37.657000,10524,10525,10525,1
2019-05-14,16:00:46.126000,10524,10525,10524,1
2019-05-14,16:00:52.154000,10524,10525,10524,1
2019-05-14,16:00:56.336000,10524,10525,10524,6
2019-05-14,16:00:56.555000,10523,10524,10523,1
2019-05-14,16:00:57.517000,10523,10524,10523,2
2019-05-14,16:00:58.882000,10523,10524,10523,1
2019-05-14,16:01:03.045000,10523,10524,10523,1
2019-05-14,16:01:03.777000,10523,10524,10523,1
2019-05-14,16:01:04.407000,10523,10524,10523,2
2019-05-14,16:01:05.492000,10522,10523,10522,2
2019-05-14,16:01:05.596000,10522,10523,10522,1
2019-05-14,16:01:09.103000,10522,10523,10522,10
2019-05-14,16:01:09.447000,10522,10523,10522,1
2019-05-14,16:01:10.762000,10522,10523,10522,1
2019-05-14,16:01:11.022000,10522,10523,10522,1
2019-05-14,16:01:11.105000,10522,10523,10522,2
2019-05-14,16:01:11.250000,10522,10523,10522,1
2019-05-14,16:01:12.246000,10522,10523,10522,1
2019-05-14,16:01:12.958000,10522,10523,10522,1
2019-05-14,16:01:15.993000,10521,10522,10521,2
2019-05-14,16:01:16.217000,10521,10522,10521,3
2019-05-14,16:01:19.020000,10521,10522,10521,3
2019-05-14,16:01:22.795000,10521,10522,10521,18
2019-05-14,16:01:22.795000,10521,10522,10521,1
2019-05-14,16:01:25.926000,10520,10521,10520,2
2019-05-14,16:01:26.058000,10520,10521,10520,1
2019-05-14,16:01:26.058000,10520,10521,10520,1
2019-05-14,16:01:26.080000,10520,10521,10521,1
2019-05-14,16:01:26.758000,10520,10521,10520,1
2019-05-14,16:01:27.257000,10520,10521,10520,2
2019-05-14,16:01:30.084000,10520,10521,10521,1
2019-05-14,16:01:31.721000,10520,10521,10520,5
2019-05-14,16:01:32.686000,10520,10521,10520,1
2019-05-14,16:01:33.083000,10520,10521,10520,1
2019-05-14,16:01:36.128000,10520,10521,10520,1
2019-05-14,16:01:37.043000,10520,10521,10520,1
2019-05-14,16:01:37.289000,10520,10521,10520,1
2019-05-14,16:01:39.523000,10520,10521,10520,19
2019-05-14,16:01:43.451000,10519,10520,10520,1
2019-05-14,16:01:43.858000,10519,10520,10519,1
2019-05-14,16:01:44.166000,10519,10520,10519,1
2019-05-14,16:01:44.230000,10519,10520,10520,1
2019-05-14,16:01:44.472000,10519,10520,10519,1
2019-05-14,16:01:47.173000,10519,10520,10520,1
2019-05-14,16:01:48.928000,10519,10520,10519,1
2019-05-14,16:01:51.160000,10519,10520,10520,3
2019-05-14,16:01:52.965000,10519,10520,10519,1
2019-05-14,16:01:57.495000,10519,10520,10519,21
2019-05-14,16:01:58.729000,10518,10519,10518,2
2019-05-14,16:01:59.124000,10518,10519,10518,1
2019-05-14,16:01:59.125000,10518,10519,10518,5
2019-05-14,16:01:59.125000,10518,10519,10518,1
2019-05-14,16:01:59.125000,10518,10519,10518,1
2019-05-14,16:02:02.050000,10517,10518,10517,1
2019-05-14,16:02:02.257000,10517,10518,10517,1
2019-05-14,16:02:03.160000,10516,10518,10517,1
2019-05-14,16:02:03.375000,10516,10518,10517,1
2019-05-14,16:02:03.539000,10517,10518,10517,2
2019-05-14,16:02:03.543000,10517,10518,10517,1
2019-05-14,16:02:04.704000,10517,10518,10517,1
2019-05-14,16:02:04.776000,10517,10518,10517,1
2019-05-14,16:02:05.338000,10516,10517,10517,3
2019-05-14,16:02:05.559000,10516,10517,10516,2
2019-05-14,16:02:06.093000,10516,10517,10516,1
2019-05-14,16:02:10.679000,10516,10517,10516,1
2019-05-14,16:02:12.262000,10516,10517,10516,1
2019-05-14,16:02:12.894000,10516,10517,10516,4
2019-05-14,16:02:13.109000,10516,10517,10516,1
2019-05-14,16:02:15.337000,10516,10517,10516,1
2019-05-14,16:02:17.944000,10516,10517,10516,3
2019-05-14,16:02:21.476000,10516,10517,10516,1
2019-05-14,16:02:23.306000,10516,10517,10516,2
2019-05-14,16:02:23.444000,10516,10517,10517,1
2019-05-14,16:02:23.636000,10516,10517,10516,2
2019-05-14,16:02:23.900000,10516,10517,10516,2
2019-05-14,16:02:26.331000,10516,10517,10517,8
2019-05-14,16:02:27.797000,10517,10518,10517,1
2019-05-14,16:02:34.035000,10517,10518,10518,1
2019-05-14,16:02:37.545000,10517,10518,10517,2
2019-05-14,16:02:39.206000,10517,10518,10517,1
2019-05-14,16:02:41.091000,10517,10518,10517,6
2019-05-14,16:02:41.827000,10516,10517,10517,1
2019-05-14,16:02:41.907000,10516,10517,10517,1
2019-05-14,16:02:45.470000,10516,10517,10517,1
2019-05-14,16:02:47.196000,10516,10517,10517,10
2019-05-14,16:02:49.585000,10516,10517,10517,1
2019-05-14,16:02:51.935000,10516,10517,10517,1
2019-05-14,16:02:57.407000,10516,10517,10516,10
2019-05-14,16:02:58.799000,10515,10516,10516,1
2019-05-14,16:03:06.955000,10515,10516,10515,5
2019-05-14,16:03:07.043000,10515,10516,10515,13
2019-05-14,16:03:07.415000,10514,10515,10515,1
2019-05-14,16:03:10.594000,10514,10515,10515,10
2019-05-14,16:03:12.031000,10514,10515,10514,1
2019-05-14,16:03:12.800000,10514,10515,10514,1
2019-05-14,16:03:13.399000,10514,10515,10515,7
2019-05-14,16:03:13.913000,10515,10516,10515,1
2019-05-14,16:03:14.259000,10515,10516,10515,5
2019-05-14,16:03:15.746000,10515,10516,10515,3
2019-05-14,16:03:21.426000,10515,10516,10515,1
2019-05-14,16:03:23.233000,10515,10516,10516,2
2019-05-14,16:03:23.233000,10515,10516,10516,1
2019-05-14,16:03:24.160000,10516,10517,10516,1
2019-05-14,16:03:25.466000,10516,10517,10516,2
2019-05-14,16:03:26.194000,10515,10516,10515,1
2019-05-14,16:03:26.739000,10515,10516,10515,3
2019-05-14,16:03:30.075000,10515,10516,10516,5
2019-05-14,16:03:31.926000,10516,10517,10516,1
2019-05-14,16:03:34.671000,10516,10517,10517,3
2019-05-14,16:03:34.672000,10516,10517,10517,4
2019-05-14,16:03:34.825000,10516,10518,10516,1
2019-05-14,16:03:38.881000,10516,10517,10516,1
2019-05-14,16:03:40.865000,10516,10517,10516,1
2019-05-14,16:03:46.216000,10516,10517,10516,3
2019-05-14,16:03:53.295000,10515,10516,10516,1
2019-05-14,16:03:59.273000,10515,10516,10516,1
2019-05-14,16:04:08.774000,10515,10516,10516,7
2019-05-14,16:04:18.780000,10516,10517,10516,1
2019-05-14,16:04:18.780000,10516,10517,10516,2
2019-05-14,16:04:21.198000,10515,10516,10516,1
2019-05-14,16:04:27.342000,10515,10516,10515,12
2019-05-14,16:04:27.613000,10515,10516,10515,1
2019-05-14,16:04:36.593000,10515,10516,10515,1
2019-05-14,16:04:37.661000,10515,10516,10515,1
2019-05-14,16:04:37.705000,10515,10516,10515,1
2019-05-14,16:04:39.769000,10514,10515,10515,1
2019-05-14,16:04:41.313000,10514,10516,10516,1
2019-05-14,16:04:41.821000,10514,10516,10514,1
2019-05-14,16:04:47.468000,10515,10516,10515,1
2019-05-14,16:04:49.623000,10515,10516,10515,1
2019-05-14,16:04:51.190000,10515,10516,10515,1
2019-05-14,16:04:51.517000,10514,10515,10515,1
2019-05-14,16:04:53.339000,10514,10515,10515,1
2019-05-14,16:05:02.409000,10514,10515,10515,1
2019-05-14,16:05:03.563000,10514,10515,10514,1
2019-05-14,16:05:04.128000,10514,10515,10514,1
2019-05-14,16:05:09.665000,10514,10515,10514,2
2019-05-14,16:05:10.604000,10514,10515,10514,1
2019-05-14,16:05:17.521000,10514,10515,10514,1
2019-05-14,16:05:20.444000,10514,10515,10515,1
2019-05-14,16:05:22.216000,10514,10515,10515,1
2019-05-14,16:05:27.287000,10514,10515,10515,2
2019-05-14,16:05:27.288000,10514,10515,10515,2
2019-05-14,16:05:27.288000,10514,10515,10515,5
2019-05-14,16:05:28.526000,10515,10516,10516,1
2019-05-14,16:05:36.068000,10515,10516,10516,1
2019-05-14,16:05:36.210000,10515,10516,10516,1
2019-05-14,16:05:38.553000,10515,10516,10516,1
2019-05-14,16:05:47.776000,10515,10516,10516,4
2019-05-14,16:05:54.185000,10515,10516,10515,2
2019-05-14,16:05:59.324000,10515,10516,10515,2
2019-05-14,16:05:59.458000,10515,10516,10515,1
2019-05-14,16:06:01.784000,10515,10516,10515,1
2019-05-14,16:06:06.792000,10514,10515,10514,4
2019-05-14,16:06:06.815000,10514,10515,10514,1
2019-05-14,16:06:06.817000,10514,10515,10514,1
2019-05-14,16:06:06.870000,10514,10515,10514,2
2019-05-14,16:06:06.899000,10514,10515,10514,11
2019-05-14,16:06:07.150000,10513,10514,10513,18
2019-05-14,16:06:07.274000,10513,10514,10513,1
2019-05-14,16:06:07.274000,10513,10514,10513,3
2019-05-14,16:06:07.295000,10513,10514,10513,5
2019-05-14,16:06:07.295000,10513,10514,10513,5
2019-05-14,16:06:07.316000,10513,10514,10513,1
2019-05-14,16:06:07.316000,10513,10514,10513,1
2019-05-14,16:06:07.316000,10513,10514,10513,1
2019-05-14,16:06:07.378000,10513,10514,10512,20
2019-05-14,16:06:07.744000,10512,10513,10512,1
2019-05-14,16:06:07.762000,10512,10513,10512,1
2019-05-14,16:06:08.022000,10511,10513,10512,1
2019-05-14,16:06:08.024000,10511,10513,10512,1
2019-05-14,16:06:08.149000,10511,10512,10512,1
2019-05-14,16:06:10.612000,10511,10512,10512,1
2019-05-14,16:06:10.843000,10511,10512,10512,1
2019-05-14,16:06:13.551000,10511,10512,10511,1
2019-05-14,16:06:13.715000,10511,10512,10511,1
2019-05-14,16:06:16.187000,10511,10512,10512,1
2019-05-14,16:06:18.321000,10511,10512,10512,1
2019-05-14,16:06:19.189000,10511,10512,10511,1
2019-05-14,16:06:19.238000,10511,10512,10512,1
2019-05-14,16:06:20.445000,10511,10512,10512,1
2019-05-14,16:06:20.634000,10511,10512,10512,2
2019-05-14,16:06:20.635000,10511,10512,10512,6
2019-05-14,16:06:21.461000,10512,10513,10512,1
2019-05-14,16:06:27.247000,10512,10513,10512,1
2019-05-14,16:06:27.258000,10512,10513,10512,1
2019-05-14,16:06:28.923000,10512,10513,10512,2
2019-05-14,16:06:29.618000,10512,10513,10513,1
2019-05-14,16:06:29.618000,10512,10513,10513,2
2019-05-14,16:06:29.618000,10512,10513,10513,1
2019-05-14,16:06:29.649000,10513,10514,10513,1
2019-05-14,16:06:32.091000,10512,10513,10513,1
2019-05-14,16:06:33.114000,10512,10513,10512,1
2019-05-14,16:06:33.510000,10512,10513,10513,1
2019-05-14,16:06:40.687000,10512,10513,10512,6
2019-05-14,16:06:40.693000,10512,10513,10512,4
2019-05-14,16:06:42.311000,10511,10512,10511,21
2019-05-14,16:06:43.535000,10510,10511,10510,4
2019-05-14,16:06:43.649000,10510,10511,10510,1
2019-05-14,16:06:43.649000,10510,10511,10510,1
2019-05-14,16:06:43.649000,10510,10511,10510,1
2019-05-14,16:06:43.650000,10510,10511,10510,3
2019-05-14,16:06:43.650000,10510,10511,10510,1
2019-05-14,16:06:43.650000,10510,10511,10510,1
2019-05-14,16:06:43.651000,10510,10511,10510,6
2019-05-14,16:06:43.661000,10510,10511,10509,1
2019-05-14,16:06:44.086000,10509,10510,10509,1
2019-05-14,16:06:46.426000,10509,10510,10509,2
2019-05-14,16:06:46.753000,10509,10510,10509,2
2019-05-14,16:06:47.559000,10509,10510,10510,2
2019-05-14,16:06:47.684000,10509,10510,10509,2
2019-05-14,16:06:47.857000,10509,10510,10509,1
2019-05-14,16:06:47.981000,10509,10510,10509,2
2019-05-14,16:06:50.399000,10509,10510,10510,5
2019-05-14,16:06:52.766000,10510,10511,10511,1
2019-05-14,16:06:57.353000,10510,10511,10510,1
2019-05-14,16:06:59.706000,10510,10511,10511,1
2019-05-14,16:07:01.569000,10510,10511,10510,3
2019-05-14,16:07:01.569000,10510,10511,10509,5
2019-05-14,16:07:03.234000,10509,10510,10509,1
2019-05-14,16:07:03.492000,10509,10510,10509,2
2019-05-14,16:07:04.256000,10509,10510,10510,1
2019-05-14,16:07:05.374000,10509,10511,10509,1
2019-05-14,16:07:05.732000,10509,10511,10509,1
2019-05-14,16:07:06.276000,10509,10511,10509,1
2019-05-14,16:07:07.963000,10509,10511,10509,6
2019-05-14,16:07:08.663000,10509,10511,10510,1
2019-05-14,16:07:09.452000,10509,10511,10511,1
2019-05-14,16:07:12.625000,10509,10511,10509,1
2019-05-14,16:07:21.901000,10510,10511,10510,4
2019-05-14,16:07:21.901000,10510,10511,10509,12
2019-05-14,16:07:28.454000,10509,10510,10510,1
2019-05-14,16:07:37.835000,10510,10511,10511,1
2019-05-14,16:07:37.986000,10510,10511,10510,1
2019-05-14,16:07:42.045000,10510,10511,10511,4
2019-05-14,16:07:47.424000,10510,10511,10511,1
2019-05-14,16:07:49.774000,10510,10511,10511,5
2019-05-14,16:07:55.144000,10510,10511,10511,1
2019-05-14,16:07:56.808000,10510,10511,10511,3
2019-05-14,16:07:56.808000,10510,10511,10511,6
2019-05-14,16:07:58.843000,10511,10512,10512,1
2019-05-14,16:08:03.058000,10511,10512,10512,3
2019-05-14,16:08:03.544000,10512,10513,10513,1
2019-05-14,16:08:03.725000,10512,10513,10513,1
2019-05-14,16:08:03.929000,10512,10513,10512,1
2019-05-14,16:08:11.407000,10512,10513,10513,2
2019-05-14,16:08:13.910000,10512,10513,10513,1
2019-05-14,16:08:18.922000,10513,10514,10514,2
2019-05-14,16:08:19.462000,10513,10514,10514,2
2019-05-14,16:08:19.776000,10513,10514,10514,1
2019-05-14,16:08:20.286000,10513,10514,10513,1
2019-05-14,16:08:20.811000,10513,10514,10514,1
2019-05-14,16:08:21.408000,10513,10514,10514,2
2019-05-14,16:08:23.572000,10513,10514,10514,1
2019-05-14,16:08:25.575000,10513,10514,10513,1
2019-05-14,16:08:28.316000,10513,10514,10513,1
2019-05-14,16:08:31.409000,10513,10514,10514,2
2019-05-14,16:08:36.708000,10513,10514,10513,1
2019-05-14,16:08:37.708000,10512,10514,10514,1
2019-05-14,16:08:38.674000,10512,10514,10513,4
2019-05-14,16:08:42.443000,10512,10513,10512,1
2019-05-14,16:08:43.730000,10512,10513,10513,1
2019-05-14,16:08:45.300000,10513,10514,10513,1
2019-05-14,16:08:49.752000,10513,10514,10514,1
2019-05-14,16:08:49.851000,10513,10514,10514,1
2019-05-14,16:08:50.694000,10514,10515,10514,1
2019-05-14,16:08:52.645000,10514,10515,10514,1
2019-05-14,16:08:54.438000,10514,10515,10515,1
2019-05-14,16:08:56.677000,10514,10515,10515,17
2019-05-14,16:08:59.714000,10515,10516,10515,1
2019-05-14,16:09:01.813000,10515,10516,10515,6
2019-05-14,16:09:05.082000,10514,10515,10515,1
2019-05-14,16:09:05.430000,10514,10515,10515,1
2019-05-14,16:09:12.081000,10513,10515,10515,10
2019-05-14,16:09:16.189000,10513,10515,10515,5
2019-05-14,16:09:24.960000,10514,10515,10515,1
2019-05-14,16:09:27.540000,10514,10515,10515,1
2019-05-14,16:09:28.640000,10514,10515,10514,1
2019-05-14,16:09:31.089000,10514,10515,10515,1
2019-05-14,16:09:36.649000,10514,10515,10514,3
2019-05-14,16:09:36.651000,10514,10515,10514,3
2019-05-14,16:09:36.692000,10514,10515,10514,1
2019-05-14,16:09:36.830000,10513,10514,10514,1
2019-05-14,16:09:39.015000,10513,10514,10514,1
2019-05-14,16:09:41.106000,10513,10514,10513,9
2019-05-14,16:09:45.397000,10513,10514,10513,4
2019-05-14,16:09:46.837000,10513,10514,10513,2
2019-05-14,16:09:47.280000,10512,10514,10514,2
2019-05-14,16:09:51.408000,10512,10513,10513,1
2019-05-14,16:09:56.471000,10512,10513,10513,1
2019-05-14,16:09:56.471000,10512,10513,10514,3
2019-05-14,16:10:24.062000,10513,10514,10513,1
2019-05-14,16:10:26.685000,10512,10513,10512,2
2019-05-14,16:10:26.723000,10512,10513,10512,1
2019-05-14,16:10:26.723000,10512,10513,10512,4
2019-05-14,16:10:26.774000,10512,10513,10512,1
2019-05-14,16:10:28.351000,10511,10513,10511,1
2019-05-14,16:10:28.660000,10511,10513,10511,1
2019-05-14,16:10:29.123000,10511,10512,10511,1
2019-05-14,16:10:31.001000,10511,10512,10511,4
2019-05-14,16:10:34.605000,10510,10511,10510,5
2019-05-14,16:10:36.189000,10510,10511,10510,7
2019-05-14,16:10:37.824000,10509,10510,10510,1
2019-05-14,16:10:37.983000,10509,10510,10510,1
2019-05-14,16:10:43.206000,10510,10511,10510,1
2019-05-14,16:10:45.858000,10510,10511,10510,2
2019-05-14,16:10:50.678000,10509,10510,10509,2
2019-05-14,16:10:52.513000,10509,10510,10509,1
2019-05-14,16:10:54.760000,10509,10510,10509,1
2019-05-14,16:10:56.061000,10509,10510,10509,1
2019-05-14,16:10:57.065000,10509,10510,10509,1
2019-05-14,16:10:57.274000,10509,10510,10509,5
2019-05-14,16:10:58.083000,10508,10509,10509,1
2019-05-14,16:10:58.457000,10508,10510,10508,1
2019-05-14,16:10:58.828000,10508,10509,10508,10
2019-05-14,16:10:59.009000,10508,10509,10508,1
2019-05-14,16:11:01.146000,10508,10509,10508,1
2019-05-14,16:11:01.738000,10508,10509,10508,3
2019-05-14,16:11:02.291000,10508,10509,10508,1
2019-05-14,16:11:02.492000,10508,10509,10508,18
2019-05-14,16:11:02.492000,10508,10509,10507,10
2019-05-14,16:11:03.300000,10508,10509,10508,11
2019-05-14,16:11:08.753000,10508,10509,10508,1
2019-05-14,16:11:09.039000,10508,10509,10509,2
2019-05-14,16:11:09.285000,10508,10509,10508,1
2019-05-14,16:11:09.328000,10508,10509,10509,2
2019-05-14,16:11:09.328000,10508,10509,10510,3
2019-05-14,16:11:10.047000,10509,10510,10509,1
2019-05-14,16:11:10.866000,10509,10510,10509,1
2019-05-14,16:11:14.102000,10509,10510,10509,1
2019-05-14,16:11:15.454000,10509,10510,10509,2
2019-05-14,16:11:20.081000,10508,10509,10509,2
2019-05-14,16:11:20.557000,10508,10509,10508,10
2019-05-14,16:11:22.106000,10508,10509,10509,1
2019-05-14,16:11:22.160000,10508,10509,10508,4
2019-05-14,16:11:23.596000,10508,10509,10508,5
2019-05-14,16:11:25.619000,10508,10509,10508,1
2019-05-14,16:11:27.300000,10508,10509,10508,1
2019-05-14,16:11:27.332000,10508,10509,10509,1
2019-05-14,16:11:34.196000,10508,10509,10508,2
2019-05-14,16:11:39.887000,10508,10509,10509,4
2019-05-14,16:11:43.417000,10509,10510,10509,1
2019-05-14,16:11:45.427000,10509,10510,10509,1
2019-05-14,16:11:45.709000,10509,10510,10509,4
2019-05-14,16:11:48.179000,10509,10510,10509,2
2019-05-14,16:11:49.059000,10509,10510,10510,1
2019-05-14,16:11:50.642000,10509,10510,10509,10
2019-05-14,16:11:51.774000,10509,10510,10510,1
2019-05-14,16:11:53.175000,10509,10510,10509,1
2019-05-14,16:12:15.997000,10509,10510,10510,15
2019-05-14,16:12:16.133000,10509,10511,10510,1
2019-05-14,16:12:16.469000,10510,10511,10510,1
2019-05-14,16:12:16.557000,10510,10511,10511,4
2019-05-14,16:12:27.791000,10511,10512,10511,1
2019-05-14,16:12:28.065000,10511,10512,10512,1
2019-05-14,16:12:28.208000,10511,10512,10511,1
2019-05-14,16:12:28.227000,10511,10512,10511,1
2019-05-14,16:12:30.146000,10511,10512,10512,1
2019-05-14,16:12:32.367000,10512,10513,10512,2
2019-05-14,16:12:33.277000,10512,10513,10513,2
2019-05-14,16:12:41.299000,10512,10513,10512,1
2019-05-14,16:12:47.009000,10512,10513,10513,5
2019-05-14,16:12:47.015000,10512,10513,10513,5
2019-05-14,16:12:47.523000,10512,10513,10513,5
2019-05-14,16:12:58.479000,10513,10514,10513,1
2019-05-14,16:12:58.585000,10513,10514,10513,1
2019-05-14,16:13:02.592000,10513,10514,10513,4
2019-05-14,16:13:02.649000,10512,10513,10513,2
2019-05-14,16:13:07.341000,10512,10513,10513,1
2019-05-14,16:13:20.727000,10512,10513,10512,1
2019-05-14,16:13:29.495000,10512,10513,10513,7
2019-05-14,16:13:39.377000,10512,10513,10513,2
2019-05-14,16:13:40.157000,10513,10514,10513,2
2019-05-14,16:13:41.226000,10513,10514,10513,1
2019-05-14,16:13:47.474000,10513,10514,10514,5
2019-05-14,16:13:48.124000,10513,10514,10514,1
2019-05-14,16:13:55.662000,10513,10514,10514,3
2019-05-14,16:13:57.904000,10513,10514,10513,8
2019-05-14,16:14:24.045000,10514,10515,10514,2
2019-05-14,16:14:37.348000,10514,10515,10515,1
2019-05-14,16:14:38.085000,10514,10515,10514,1
2019-05-14,16:14:39.147000,10514,10515,10515,1
2019-05-14,16:14:40.977000,10514,10515,10515,1
2019-05-14,16:14:41.463000,10514,10515,10515,1
2019-05-14,16:14:45.009000,10514,10515,10515,1
2019-05-14,16:14:53.702000,10514,10515,10515,1
2019-05-14,16:14:55.170000,10514,10515,10515,1
2019-05-14,16:14:56.696000,10515,10516,10516,1
2019-05-14,16:14:56.847000,10515,10516,10516,1
2019-05-14,16:14:59.504000,10515,10516,10516,2
2019-05-14,16:15:05.280000,10515,10517,10517,1
2019-05-14,16:15:05.674000,10515,10517,10517,1
2019-05-14,16:15:05.837000,10515,10517,10515,1
2019-05-14,16:15:06.114000,10515,10517,10515,1
2019-05-14,16:15:20.441000,10515,10516,10516,1
2019-05-14,16:15:26.083000,10516,10517,10517,1
2019-05-14,16:15:32.008000,10516,10517,10517,5
2019-05-14,16:15:34.808000,10516,10517,10517,2
2019-05-14,16:15:35.278000,10516,10517,10517,4
2019-05-14,16:15:35.367000,10516,10517,10517,1
2019-05-14,16:15:36.172000,10516,10517,10517,5
2019-05-14,16:15:36.332000,10516,10518,10518,5
2019-05-14,16:15:41.105000,10517,10518,10518,4
2019-05-14,16:15:43.309000,10517,10518,10518,1
2019-05-14,16:15:45.699000,10517,10518,10518,1
2019-05-14,16:15:52.170000,10517,10518,10518,1
2019-05-14,16:15:52.274000,10517,10518,10518,4
2019-05-14,16:15:54.046000,10517,10518,10517,4
2019-05-14,16:15:54.997000,10517,10518,10518,3
2019-05-14,16:15:54.997000,10517,10518,10518,1
2019-05-14,16:15:57.582000,10518,10519,10519,2
2019-05-14,16:15:57.678000,10518,10519,10519,1
2019-05-14,16:15:57.816000,10518,10519,10519,4
2019-05-14,16:15:57.816000,10518,10519,10519,12
2019-05-14,16:15:57.816000,10518,10519,10519,4
2019-05-14,16:15:57.816000,10518,10519,10519,3
2019-05-14,16:15:59.212000,10519,10520,10520,1
2019-05-14,16:15:59.283000,10519,10520,10520,1
2019-05-14,16:15:59.446000,10519,10520,10519,1
2019-05-14,16:16:00.985000,10519,10520,10520,1
2019-05-14,16:16:01.066000,10518,10520,10520,1
2019-05-14,16:16:01.938000,10518,10520,10520,5
2019-05-14,16:16:05.187000,10519,10520,10520,1
2019-05-14,16:16:06.466000,10519,10520,10519,1
2019-05-14,16:16:09.675000,10519,10520,10519,1
2019-05-14,16:16:12.528000,10518,10519,10519,1
2019-05-14,16:16:14.425000,10518,10519,10518,1
2019-05-14,16:16:14.794000,10518,10519,10519,2
2019-05-14,16:16:16.342000,10518,10519,10518,1
2019-05-14,16:16:18.128000,10518,10519,10518,4
2019-05-14,16:16:28.280000,10517,10518,10518,2
2019-05-14,16:16:30.943000,10518,10519,10519,1
2019-05-14,16:16:37.247000,10518,10519,10519,1
2019-05-14,16:16:44.932000,10519,10520,10520,1
2019-05-14,16:16:46.441000,10520,10521,10521,1
2019-05-14,16:16:52.382000,10520,10521,10520,5
2019-05-14,16:16:54.675000,10519,10520,10520,1
2019-05-14,16:16:58.201000,10519,10520,10520,1
2019-05-14,16:16:58.362000,10519,10520,10520,9
