2019-08-26,15:00:00.087000,10336,10337,10338,240
2019-08-26,15:00:00.090000,10338,10339,10338,3
2019-08-26,15:00:00.102000,10338,10339,10338,5
2019-08-26,15:00:00.106000,10338,10339,10338,15
2019-08-26,15:00:00.165000,10338,10339,10339,1
2019-08-26,15:00:00.168000,10338,10339,10339,1
2019-08-26,15:00:00.186000,10338,10339,10339,20
2019-08-26,15:00:00.288000,10337,10340,10340,2
2019-08-26,15:00:00.304000,10337,10340,10337,1
2019-08-26,15:00:00.341000,10337,10340,10340,1
2019-08-26,15:00:00.364000,10337,10340,10340,1
2019-08-26,15:00:00.451000,10337,10340,10340,4
2019-08-26,15:00:00.501000,10337,10340,10337,1
2019-08-26,15:00:00.546000,10337,10340,10337,1
2019-08-26,15:00:00.587000,10337,10340,10339,2
2019-08-26,15:00:00.628000,10337,10340,10337,2
2019-08-26,15:00:00.637000,10337,10340,10339,1
2019-08-26,15:00:00.640000,10337,10340,10339,1
2019-08-26,15:00:00.660000,10337,10340,10340,1
2019-08-26,15:00:00.766000,10337,10340,10337,1
2019-08-26,15:00:00.781000,10337,10340,10340,1
2019-08-26,15:00:00.838000,10337,10340,10339,1
2019-08-26,15:00:00.911000,10337,10339,10339,1
2019-08-26,15:00:00.918000,10337,10339,10337,2
2019-08-26,15:00:00.924000,10337,10339,10336,4
2019-08-26,15:00:00.924000,10337,10339,10335,8
2019-08-26,15:00:00.924000,10337,10339,10334,10
2019-08-26,15:00:00.924000,10337,10339,10333,4
2019-08-26,15:00:01.022000,10333,10338,10337,1
2019-08-26,15:00:01.022000,10333,10338,10338,1
2019-08-26,15:00:01.022000,10333,10338,10340,6
2019-08-26,15:00:01.022000,10333,10338,10341,9
2019-08-26,15:00:01.022000,10333,10338,10342,33
2019-08-26,15:00:01.100000,10334,10338,10338,2
2019-08-26,15:00:01.127000,10334,10338,10338,1
2019-08-26,15:00:01.131000,10334,10338,10338,1
2019-08-26,15:00:01.260000,10338,10341,10340,2
2019-08-26,15:00:01.291000,10338,10341,10338,1
2019-08-26,15:00:01.297000,10338,10341,10338,2
2019-08-26,15:00:01.324000,10338,10341,10338,1
2019-08-26,15:00:01.329000,10338,10341,10340,1
2019-08-26,15:00:01.350000,10338,10340,10338,1
2019-08-26,15:00:01.390000,10338,10340,10338,1
2019-08-26,15:00:01.391000,10338,10340,10338,1
2019-08-26,15:00:01.404000,10338,10340,10340,1
2019-08-26,15:00:01.404000,10338,10340,10340,1
2019-08-26,15:00:01.417000,10338,10340,10338,1
2019-08-26,15:00:01.452000,10338,10340,10337,1
2019-08-26,15:00:01.481000,10337,10340,10338,2
2019-08-26,15:00:01.481000,10337,10340,10337,1
2019-08-26,15:00:01.520000,10337,10340,10337,1
2019-08-26,15:00:01.531000,10337,10340,10339,1
2019-08-26,15:00:01.629000,10336,10338,10338,1
2019-08-26,15:00:01.644000,10336,10338,10337,1
2019-08-26,15:00:01.699000,10336,10338,10339,2
2019-08-26,15:00:01.759000,10337,10339,10338,1
2019-08-26,15:00:01.827000,10337,10339,10339,1
2019-08-26,15:00:01.827000,10337,10339,10340,8
2019-08-26,15:00:01.994000,10338,10340,10338,1
2019-08-26,15:00:02.013000,10338,10340,10340,1
2019-08-26,15:00:02.068000,10338,10340,10339,2
2019-08-26,15:00:02.225000,10339,10340,10339,1
2019-08-26,15:00:02.303000,10339,10340,10339,1
2019-08-26,15:00:02.350000,10339,10340,10339,1
2019-08-26,15:00:02.475000,10339,10340,10339,2
2019-08-26,15:00:02.485000,10339,10340,10338,1
2019-08-26,15:00:02.524000,10339,10340,10340,1
2019-08-26,15:00:02.537000,10339,10340,10340,1
2019-08-26,15:00:02.599000,10340,10341,10340,1
2019-08-26,15:00:02.689000,10340,10341,10341,2
2019-08-26,15:00:02.694000,10340,10341,10341,7
2019-08-26,15:00:02.694000,10340,10341,10342,14
2019-08-26,15:00:02.694000,10340,10341,10343,12
2019-08-26,15:00:02.694000,10340,10341,10344,10
2019-08-26,15:00:02.694000,10340,10341,10345,7
2019-08-26,15:00:02.724000,10340,10341,10340,2
2019-08-26,15:00:02.725000,10340,10341,10340,2
2019-08-26,15:00:02.725000,10340,10341,10341,2
2019-08-26,15:00:02.725000,10340,10341,10341,1
2019-08-26,15:00:02.754000,10340,10341,10345,1
2019-08-26,15:00:02.795000,10340,10341,10345,1
2019-08-26,15:00:02.908000,10341,10345,10344,3
2019-08-26,15:00:02.954000,10341,10345,10344,2
2019-08-26,15:00:03.105000,10342,10344,10344,3
2019-08-26,15:00:03.530000,10342,10344,10344,1
2019-08-26,15:00:03.770000,10342,10344,10342,3
2019-08-26,15:00:03.868000,10342,10344,10343,1
2019-08-26,15:00:03.948000,10342,10344,10343,3
2019-08-26,15:00:03.948000,10342,10344,10344,3
2019-08-26,15:00:03.952000,10342,10344,10344,3
2019-08-26,15:00:03.962000,10342,10344,10345,1
2019-08-26,15:00:04.010000,10343,10344,10343,2
2019-08-26,15:00:04.134000,10342,10344,10342,1
2019-08-26,15:00:04.191000,10342,10344,10342,1
2019-08-26,15:00:04.402000,10342,10344,10344,1
2019-08-26,15:00:04.425000,10342,10344,10344,4
2019-08-26,15:00:04.449000,10342,10344,10344,5
2019-08-26,15:00:04.521000,10342,10344,10342,1
2019-08-26,15:00:04.590000,10342,10344,10344,1
2019-08-26,15:00:04.598000,10342,10344,10344,1
2019-08-26,15:00:04.954000,10342,10344,10342,2
2019-08-26,15:00:04.981000,10341,10343,10343,1
2019-08-26,15:00:05.112000,10340,10343,10343,2
2019-08-26,15:00:05.217000,10340,10343,10343,1
2019-08-26,15:00:05.245000,10341,10343,10343,2
2019-08-26,15:00:05.401000,10342,10343,10343,2
2019-08-26,15:00:05.489000,10342,10344,10344,4
2019-08-26,15:00:05.600000,10343,10344,10343,1
2019-08-26,15:00:05.604000,10343,10344,10342,1
2019-08-26,15:00:05.709000,10343,10344,10343,2
2019-08-26,15:00:05.974000,10342,10344,10342,5
2019-08-26,15:00:06.210000,10341,10344,10343,2
2019-08-26,15:00:06.470000,10341,10344,10343,1
2019-08-26,15:00:06.600000,10342,10343,10342,1
2019-08-26,15:00:06.726000,10342,10343,10343,5
2019-08-26,15:00:06.726000,10342,10343,10344,18
2019-08-26,15:00:06.726000,10342,10343,10345,15
2019-08-26,15:00:06.726000,10342,10343,10346,12
2019-08-26,15:00:06.765000,10342,10343,10343,1
2019-08-26,15:00:06.850000,10344,10346,10344,1
2019-08-26,15:00:06.926000,10344,10346,10343,2
2019-08-26,15:00:07.009000,10343,10345,10344,1
2019-08-26,15:00:07.082000,10343,10345,10346,1
2019-08-26,15:00:07.141000,10343,10346,10343,1
2019-08-26,15:00:07.165000,10343,10346,10343,7
2019-08-26,15:00:07.215000,10343,10346,10345,1
2019-08-26,15:00:07.306000,10343,10345,10345,1
2019-08-26,15:00:07.320000,10343,10345,10344,2
2019-08-26,15:00:07.324000,10343,10345,10345,3
2019-08-26,15:00:07.324000,10343,10345,10346,7
2019-08-26,15:00:07.324000,10343,10345,10347,11
2019-08-26,15:00:07.324000,10343,10345,10348,11
2019-08-26,15:00:07.324000,10343,10345,10349,3
2019-08-26,15:00:07.324000,10343,10345,10350,35
2019-08-26,15:00:07.400000,10344,10350,10349,1
2019-08-26,15:00:07.413000,10344,10350,10349,2
2019-08-26,15:00:07.413000,10344,10350,10350,8
2019-08-26,15:00:07.619000,10345,10349,10349,1
2019-08-26,15:00:07.632000,10345,10349,10349,1
2019-08-26,15:00:07.664000,10345,10349,10350,1
2019-08-26,15:00:07.709000,10345,10349,10345,1
2019-08-26,15:00:07.827000,10344,10350,10349,1
2019-08-26,15:00:07.830000,10344,10350,10345,1
2019-08-26,15:00:07.897000,10345,10349,10348,1
2019-08-26,15:00:08.099000,10345,10347,10347,2
2019-08-26,15:00:08.130000,10345,10347,10345,1
2019-08-26,15:00:08.134000,10345,10347,10345,3
2019-08-26,15:00:08.175000,10345,10347,10344,1
2019-08-26,15:00:08.300000,10344,10346,10346,1
2019-08-26,15:00:08.613000,10344,10345,10344,1
2019-08-26,15:00:08.623000,10344,10345,10345,1
2019-08-26,15:00:08.700000,10344,10345,10345,1
2019-08-26,15:00:08.700000,10344,10345,10346,10
2019-08-26,15:00:08.710000,10344,10345,10347,1
2019-08-26,15:00:08.829000,10344,10347,10346,1
2019-08-26,15:00:08.829000,10344,10347,10344,1
2019-08-26,15:00:08.834000,10344,10347,10347,1
2019-08-26,15:00:08.865000,10345,10348,10345,1
2019-08-26,15:00:08.886000,10345,10348,10347,2
2019-08-26,15:00:08.975000,10347,10348,10347,2
2019-08-26,15:00:08.985000,10347,10348,10347,1
2019-08-26,15:00:09.028000,10347,10348,10348,1
2019-08-26,15:00:09.047000,10347,10348,10345,1
2019-08-26,15:00:09.155000,10345,10348,10348,1
2019-08-26,15:00:09.266000,10346,10349,10348,1
2019-08-26,15:00:09.328000,10346,10349,10348,1
2019-08-26,15:00:09.375000,10347,10349,10348,1
2019-08-26,15:00:09.501000,10347,10348,10348,2
2019-08-26,15:00:09.532000,10347,10348,10347,1
2019-08-26,15:00:09.599000,10347,10348,10347,1
2019-08-26,15:00:09.676000,10347,10348,10349,1
2019-08-26,15:00:09.825000,10347,10349,10348,4
2019-08-26,15:00:10.121000,10347,10348,10348,3
2019-08-26,15:00:10.651000,10347,10348,10348,1
2019-08-26,15:00:10.651000,10347,10348,10349,5
2019-08-26,15:00:10.651000,10347,10348,10350,16
2019-08-26,15:00:10.651000,10347,10348,10351,6
2019-08-26,15:00:10.651000,10347,10348,10352,17
2019-08-26,15:00:10.651000,10347,10348,10353,5
2019-08-26,15:00:11.135000,10351,10353,10353,1
2019-08-26,15:00:11.160000,10351,10353,10351,4
2019-08-26,15:00:11.160000,10351,10353,10350,1
2019-08-26,15:00:11.249000,10350,10353,10350,1
2019-08-26,15:00:11.285000,10350,10353,10350,1
2019-08-26,15:00:11.326000,10350,10353,10352,1
2019-08-26,15:00:11.326000,10350,10353,10353,3
2019-08-26,15:00:11.556000,10350,10352,10351,1
2019-08-26,15:00:11.609000,10349,10351,10351,2
2019-08-26,15:00:11.682000,10349,10351,10349,1
2019-08-26,15:00:11.717000,10349,10351,10349,1
2019-08-26,15:00:11.753000,10348,10351,10350,1
2019-08-26,15:00:11.785000,10348,10351,10350,1
2019-08-26,15:00:11.791000,10348,10351,10350,1
2019-08-26,15:00:11.826000,10348,10351,10350,1
2019-08-26,15:00:11.967000,10348,10351,10350,3
2019-08-26,15:00:11.967000,10348,10351,10351,6
2019-08-26,15:00:11.967000,10348,10351,10352,8
2019-08-26,15:00:11.967000,10348,10351,10353,4
2019-08-26,15:00:11.967000,10348,10351,10354,10
2019-08-26,15:00:11.967000,10348,10351,10355,4
2019-08-26,15:00:12.100000,10350,10352,10352,1
2019-08-26,15:00:12.242000,10351,10352,10352,2
2019-08-26,15:00:12.374000,10354,10356,10354,8
2019-08-26,15:00:12.610000,10351,10355,10352,1
2019-08-26,15:00:13.102000,10352,10354,10354,1
2019-08-26,15:00:13.465000,10352,10355,10355,6
2019-08-26,15:00:13.465000,10352,10355,10356,14
2019-08-26,15:00:13.465000,10352,10355,10357,10
2019-08-26,15:00:13.465000,10352,10355,10358,19
2019-08-26,15:00:13.465000,10352,10355,10359,6
2019-08-26,15:00:13.465000,10352,10355,10360,15
2019-08-26,15:00:13.510000,10353,10361,10358,1
2019-08-26,15:00:13.622000,10358,10361,10359,1
2019-08-26,15:00:13.658000,10358,10361,10361,2
2019-08-26,15:00:13.664000,10358,10361,10361,1
2019-08-26,15:00:13.664000,10358,10361,10362,1
2019-08-26,15:00:13.718000,10358,10361,10362,2
2019-08-26,15:00:13.726000,10360,10362,10360,5
2019-08-26,15:00:13.732000,10360,10362,10361,1
2019-08-26,15:00:13.732000,10360,10362,10362,1
2019-08-26,15:00:13.761000,10360,10362,10362,1
2019-08-26,15:00:13.808000,10360,10362,10362,1
2019-08-26,15:00:13.808000,10360,10362,10363,1
2019-08-26,15:00:13.821000,10360,10362,10363,2
2019-08-26,15:00:13.877000,10359,10363,10363,4
2019-08-26,15:00:13.900000,10359,10363,10363,1
2019-08-26,15:00:13.900000,10359,10363,10364,2
2019-08-26,15:00:13.900000,10359,10363,10365,1
2019-08-26,15:00:13.924000,10359,10363,10359,4
2019-08-26,15:00:13.924000,10359,10363,10358,1
2019-08-26,15:00:13.953000,10359,10363,10362,2
2019-08-26,15:00:13.953000,10359,10363,10365,2
2019-08-26,15:00:13.970000,10359,10363,10366,1
2019-08-26,15:00:13.970000,10359,10363,10366,1
2019-08-26,15:00:13.975000,10360,10364,10366,1
2019-08-26,15:00:13.990000,10360,10364,10367,2
2019-08-26,15:00:14.014000,10360,10364,10363,1
2019-08-26,15:00:14.014000,10360,10364,10367,1
2019-08-26,15:00:14.034000,10360,10364,10367,3
2019-08-26,15:00:14.034000,10360,10364,10368,1
2019-08-26,15:00:14.074000,10360,10364,10368,1
2019-08-26,15:00:14.097000,10360,10364,10368,2
2019-08-26,15:00:14.105000,10361,10368,10367,1
2019-08-26,15:00:14.105000,10361,10368,10369,1
2019-08-26,15:00:14.126000,10361,10368,10370,1
2019-08-26,15:00:14.126000,10361,10368,10371,1
2019-08-26,15:00:14.168000,10361,10368,10371,1
2019-08-26,15:00:14.168000,10361,10368,10372,3
2019-08-26,15:00:14.208000,10361,10368,10374,1
2019-08-26,15:00:14.278000,10368,10375,10374,2
2019-08-26,15:00:14.309000,10368,10375,10375,2
2019-08-26,15:00:14.313000,10368,10375,10369,1
2019-08-26,15:00:14.322000,10368,10375,10375,1
2019-08-26,15:00:14.356000,10369,10376,10375,1
2019-08-26,15:00:14.356000,10369,10376,10376,1
2019-08-26,15:00:14.364000,10369,10376,10376,1
2019-08-26,15:00:14.391000,10369,10376,10374,1
2019-08-26,15:00:14.440000,10369,10376,10369,1
2019-08-26,15:00:14.475000,10369,10375,10369,3
2019-08-26,15:00:14.527000,10369,10375,10371,1
2019-08-26,15:00:14.541000,10369,10375,10371,1
2019-08-26,15:00:14.541000,10369,10375,10375,1
2019-08-26,15:00:14.582000,10369,10375,10375,4
2019-08-26,15:00:14.635000,10369,10375,10374,1
2019-08-26,15:00:14.864000,10369,10373,10373,1
2019-08-26,15:00:14.864000,10369,10373,10374,3
2019-08-26,15:00:14.864000,10369,10373,10375,2
2019-08-26,15:00:14.891000,10369,10373,10373,2
2019-08-26,15:00:14.891000,10369,10373,10376,3
2019-08-26,15:00:14.891000,10369,10373,10377,1
2019-08-26,15:00:14.891000,10369,10373,10378,5
2019-08-26,15:00:14.891000,10369,10373,10379,1
2019-08-26,15:00:14.979000,10369,10373,10373,2
2019-08-26,15:00:14.981000,10369,10373,10376,1
2019-08-26,15:00:14.999000,10369,10373,10372,1
2019-08-26,15:00:15.005000,10369,10373,10373,1
2019-08-26,15:00:15.005000,10369,10373,10379,2
2019-08-26,15:00:15.022000,10369,10373,10379,3
2019-08-26,15:00:15.082000,10369,10373,10379,4
2019-08-26,15:00:15.095000,10369,10373,10370,1
2019-08-26,15:00:15.107000,10370,10380,10380,2
2019-08-26,15:00:15.129000,10370,10380,10371,4
2019-08-26,15:00:15.132000,10370,10380,10371,2
2019-08-26,15:00:15.179000,10370,10380,10376,2
2019-08-26,15:00:15.179000,10370,10380,10379,1
2019-08-26,15:00:15.179000,10370,10380,10380,2
2019-08-26,15:00:15.251000,10371,10380,10371,1
2019-08-26,15:00:15.323000,10371,10380,10376,2
2019-08-26,15:00:15.349000,10371,10379,10379,1
2019-08-26,15:00:15.349000,10371,10379,10380,1
2019-08-26,15:00:15.507000,10371,10379,10373,2
2019-08-26,15:00:15.507000,10371,10379,10372,1
2019-08-26,15:00:15.553000,10371,10379,10372,1
2019-08-26,15:00:15.553000,10371,10379,10371,1
2019-08-26,15:00:15.568000,10371,10379,10378,1
2019-08-26,15:00:15.568000,10371,10379,10379,1
2019-08-26,15:00:15.725000,10376,10378,10376,2
2019-08-26,15:00:15.864000,10371,10374,10374,1
2019-08-26,15:00:15.903000,10371,10374,10374,1
2019-08-26,15:00:15.905000,10371,10374,10374,1
2019-08-26,15:00:15.905000,10371,10374,10374,1
2019-08-26,15:00:16.016000,10372,10374,10372,1
2019-08-26,15:00:16.016000,10372,10374,10371,1
2019-08-26,15:00:16.382000,10371,10373,10373,1
2019-08-26,15:00:16.464000,10371,10373,10373,1
2019-08-26,15:00:16.479000,10371,10373,10373,1
2019-08-26,15:00:16.523000,10371,10373,10374,2
2019-08-26,15:00:16.947000,10371,10372,10371,1
2019-08-26,15:00:16.968000,10371,10372,10372,2
2019-08-26,15:00:16.982000,10370,10372,10372,2
2019-08-26,15:00:17.032000,10370,10372,10370,1
2019-08-26,15:00:17.050000,10370,10372,10370,1
2019-08-26,15:00:17.102000,10370,10372,10370,1
2019-08-26,15:00:17.113000,10370,10372,10370,1
2019-08-26,15:00:17.178000,10370,10372,10370,1
2019-08-26,15:00:17.178000,10370,10372,10369,2
2019-08-26,15:00:17.256000,10368,10371,10370,1
2019-08-26,15:00:17.316000,10368,10371,10370,1
2019-08-26,15:00:17.316000,10368,10371,10368,1
2019-08-26,15:00:17.348000,10368,10371,10371,1
2019-08-26,15:00:17.387000,10369,10371,10370,1
2019-08-26,15:00:17.396000,10369,10371,10369,2
2019-08-26,15:00:17.420000,10369,10371,10369,4
2019-08-26,15:00:17.547000,10368,10369,10369,2
2019-08-26,15:00:17.552000,10368,10369,10369,2
2019-08-26,15:00:17.598000,10368,10369,10369,1
2019-08-26,15:00:17.599000,10368,10370,10370,2
2019-08-26,15:00:17.669000,10368,10370,10368,1
2019-08-26,15:00:17.721000,10368,10370,10368,1
2019-08-26,15:00:17.724000,10368,10369,10369,2
2019-08-26,15:00:17.794000,10368,10369,10368,5
2019-08-26,15:00:17.835000,10368,10369,10369,1
2019-08-26,15:00:17.836000,10368,10369,10369,1
2019-08-26,15:00:17.850000,10368,10369,10369,3
2019-08-26,15:00:17.863000,10368,10369,10369,1
2019-08-26,15:00:17.952000,10368,10369,10370,1
2019-08-26,15:00:17.975000,10369,10370,10370,1
2019-08-26,15:00:17.981000,10369,10370,10368,2
2019-08-26,15:00:17.982000,10369,10370,10370,2
2019-08-26,15:00:18.037000,10369,10370,10369,1
2019-08-26,15:00:18.069000,10369,10370,10370,1
2019-08-26,15:00:18.100000,10370,10371,10371,1
2019-08-26,15:00:18.126000,10370,10371,10370,1
2019-08-26,15:00:18.146000,10370,10371,10369,1
2019-08-26,15:00:18.203000,10370,10371,10369,1
2019-08-26,15:00:18.237000,10368,10371,10371,3
2019-08-26,15:00:18.253000,10368,10371,10372,1
2019-08-26,15:00:18.303000,10368,10371,10369,2
2019-08-26,15:00:18.347000,10368,10371,10372,1
2019-08-26,15:00:18.382000,10368,10372,10372,1
2019-08-26,15:00:18.400000,10368,10372,10369,1
2019-08-26,15:00:18.461000,10368,10372,10372,1
2019-08-26,15:00:18.490000,10369,10372,10372,2
2019-08-26,15:00:18.548000,10369,10372,10372,1
2019-08-26,15:00:18.614000,10371,10373,10373,2
2019-08-26,15:00:18.669000,10371,10373,10374,1
2019-08-26,15:00:18.679000,10371,10373,10372,1
2019-08-26,15:00:18.825000,10372,10374,10372,3
2019-08-26,15:00:18.825000,10372,10374,10371,7
2019-08-26,15:00:18.825000,10372,10374,10370,1
2019-08-26,15:00:18.855000,10369,10373,10369,1
2019-08-26,15:00:18.927000,10369,10373,10368,4
2019-08-26,15:00:18.996000,10368,10373,10368,5
2019-08-26,15:00:19.071000,10368,10373,10369,1
2019-08-26,15:00:19.089000,10368,10373,10370,1
2019-08-26,15:00:19.099000,10372,10373,10372,2
2019-08-26,15:00:19.122000,10372,10373,10372,2
2019-08-26,15:00:19.486000,10370,10372,10372,4
2019-08-26,15:00:19.486000,10370,10372,10373,2
2019-08-26,15:00:19.486000,10370,10372,10374,2
2019-08-26,15:00:19.540000,10370,10372,10370,1
2019-08-26,15:00:19.612000,10370,10373,10371,1
2019-08-26,15:00:19.686000,10370,10373,10371,1
2019-08-26,15:00:19.823000,10371,10372,10371,1
2019-08-26,15:00:19.827000,10371,10372,10371,1
2019-08-26,15:00:20.003000,10371,10372,10372,1
2019-08-26,15:00:20.028000,10371,10372,10372,2
2019-08-26,15:00:20.028000,10371,10372,10373,2
2019-08-26,15:00:20.064000,10371,10372,10373,2
2019-08-26,15:00:20.073000,10371,10372,10371,1
2019-08-26,15:00:20.150000,10371,10373,10372,1
2019-08-26,15:00:20.191000,10371,10373,10372,1
2019-08-26,15:00:20.224000,10371,10373,10373,4
2019-08-26,15:00:20.240000,10371,10373,10372,1
2019-08-26,15:00:20.274000,10371,10373,10373,1
2019-08-26,15:00:20.304000,10371,10373,10374,2
2019-08-26,15:00:20.320000,10371,10373,10372,1
2019-08-26,15:00:20.351000,10371,10374,10372,1
2019-08-26,15:00:20.354000,10371,10374,10372,1
2019-08-26,15:00:20.406000,10371,10374,10374,2
2019-08-26,15:00:20.495000,10372,10374,10374,1
2019-08-26,15:00:20.495000,10372,10374,10375,1
2019-08-26,15:00:20.499000,10372,10374,10372,1
2019-08-26,15:00:20.499000,10372,10374,10374,2
2019-08-26,15:00:20.632000,10372,10374,10372,1
2019-08-26,15:00:20.752000,10372,10373,10372,1
2019-08-26,15:00:21.016000,10371,10373,10373,2
2019-08-26,15:00:21.040000,10371,10373,10373,3
2019-08-26,15:00:21.176000,10371,10373,10373,1
2019-08-26,15:00:21.463000,10372,10374,10374,1
2019-08-26,15:00:21.504000,10373,10375,10373,1
2019-08-26,15:00:21.643000,10373,10374,10374,2
2019-08-26,15:00:21.791000,10373,10375,10373,1
2019-08-26,15:00:21.805000,10373,10375,10373,1
2019-08-26,15:00:21.805000,10373,10375,10372,1
2019-08-26,15:00:21.961000,10372,10374,10372,1
2019-08-26,15:00:21.971000,10372,10374,10372,1
2019-08-26,15:00:22.017000,10371,10374,10371,2
2019-08-26,15:00:22.135000,10371,10373,10371,1
2019-08-26,15:00:22.292000,10371,10373,10371,1
2019-08-26,15:00:22.480000,10371,10372,10371,1
2019-08-26,15:00:22.504000,10371,10372,10371,1
2019-08-26,15:00:22.518000,10371,10372,10371,1
2019-08-26,15:00:22.545000,10371,10372,10371,1
2019-08-26,15:00:22.557000,10371,10372,10372,1
2019-08-26,15:00:22.576000,10371,10372,10371,1
2019-08-26,15:00:22.621000,10371,10372,10371,2
2019-08-26,15:00:22.637000,10371,10372,10370,5
2019-08-26,15:00:23.001000,10370,10371,10370,2
2019-08-26,15:00:23.130000,10369,10371,10371,1
2019-08-26,15:00:23.223000,10369,10371,10369,1
2019-08-26,15:00:23.264000,10368,10371,10368,1
2019-08-26,15:00:23.504000,10368,10369,10368,3
2019-08-26,15:00:23.576000,10368,10369,10368,1
2019-08-26,15:00:23.580000,10368,10369,10368,2
2019-08-26,15:00:23.580000,10368,10369,10367,7
2019-08-26,15:00:23.580000,10368,10369,10365,1
2019-08-26,15:00:23.768000,10366,10368,10365,1
2019-08-26,15:00:23.772000,10366,10368,10367,2
2019-08-26,15:00:23.809000,10366,10368,10365,1
2019-08-26,15:00:23.822000,10366,10368,10367,1
2019-08-26,15:00:23.921000,10365,10368,10367,1
2019-08-26,15:00:24.040000,10366,10367,10367,1
2019-08-26,15:00:24.129000,10365,10366,10366,1
2019-08-26,15:00:24.138000,10365,10366,10366,2
2019-08-26,15:00:24.139000,10365,10366,10367,4
2019-08-26,15:00:24.156000,10365,10366,10365,2
2019-08-26,15:00:24.361000,10364,10365,10364,1
2019-08-26,15:00:24.574000,10364,10365,10364,1
2019-08-26,15:00:24.635000,10364,10365,10364,1
2019-08-26,15:00:24.651000,10364,10365,10363,1
2019-08-26,15:00:24.843000,10363,10365,10363,1
2019-08-26,15:00:25.139000,10362,10363,10363,1
2019-08-26,15:00:25.200000,10362,10363,10362,1
2019-08-26,15:00:25.257000,10362,10363,10363,1
2019-08-26,15:00:25.619000,10361,10362,10361,3
2019-08-26,15:00:25.737000,10360,10361,10361,1
2019-08-26,15:00:25.802000,10360,10361,10361,5
2019-08-26,15:00:25.938000,10360,10361,10361,5
2019-08-26,15:00:25.980000,10360,10362,10360,4
2019-08-26,15:00:25.980000,10360,10362,10359,6
2019-08-26,15:00:26.693000,10359,10360,10360,1
2019-08-26,15:00:26.739000,10359,10360,10359,1
2019-08-26,15:00:26.779000,10359,10360,10358,4
2019-08-26,15:00:26.779000,10359,10360,10357,2
2019-08-26,15:00:26.782000,10359,10360,10357,1
2019-08-26,15:00:26.805000,10359,10360,10356,1
2019-08-26,15:00:27.053000,10356,10357,10357,5
2019-08-26,15:00:27.089000,10356,10357,10356,1
2019-08-26,15:00:27.208000,10356,10358,10356,1
2019-08-26,15:00:27.764000,10356,10357,10356,3
2019-08-26,15:00:28.201000,10355,10356,10355,2
2019-08-26,15:00:28.370000,10354,10355,10354,1
2019-08-26,15:00:28.539000,10354,10355,10354,2
2019-08-26,15:00:28.724000,10353,10354,10354,4
2019-08-26,15:00:29.087000,10354,10355,10354,1
2019-08-26,15:00:29.120000,10354,10355,10354,1
2019-08-26,15:00:29.208000,10354,10355,10354,1
2019-08-26,15:00:29.252000,10354,10355,10354,2
2019-08-26,15:00:29.252000,10354,10355,10353,6
2019-08-26,15:00:29.252000,10354,10355,10352,2
2019-08-26,15:00:29.349000,10354,10355,10354,1
2019-08-26,15:00:29.480000,10354,10355,10355,4
2019-08-26,15:00:29.480000,10354,10355,10356,1
2019-08-26,15:00:29.600000,10355,10356,10356,2
2019-08-26,15:00:29.708000,10355,10356,10356,4
2019-08-26,15:00:29.863000,10356,10358,10357,1
2019-08-26,15:00:29.975000,10357,10358,10358,2
2019-08-26,15:00:30.016000,10357,10358,10358,1
2019-08-26,15:00:30.051000,10357,10358,10358,1
2019-08-26,15:00:30.051000,10357,10358,10357,1
2019-08-26,15:00:30.055000,10357,10358,10359,5
2019-08-26,15:00:30.124000,10358,10360,10358,1
2019-08-26,15:00:30.333000,10358,10360,10358,3
2019-08-26,15:00:30.333000,10358,10360,10357,4
2019-08-26,15:00:30.333000,10358,10360,10356,3
2019-08-26,15:00:30.407000,10357,10359,10359,1
2019-08-26,15:00:30.504000,10357,10359,10357,1
2019-08-26,15:00:30.525000,10357,10359,10359,1
2019-08-26,15:00:30.573000,10357,10359,10359,1
2019-08-26,15:00:30.744000,10359,10360,10360,1
2019-08-26,15:00:30.878000,10359,10360,10360,1
2019-08-26,15:00:30.957000,10359,10360,10360,2
2019-08-26,15:00:30.969000,10359,10360,10359,1
2019-08-26,15:00:31.516000,10359,10360,10360,1
2019-08-26,15:00:31.651000,10359,10360,10359,1
2019-08-26,15:00:31.717000,10359,10360,10359,1
2019-08-26,15:00:31.748000,10359,10360,10359,1
2019-08-26,15:00:31.833000,10359,10360,10360,1
2019-08-26,15:00:31.970000,10359,10360,10360,2
2019-08-26,15:00:32.039000,10359,10360,10360,1
2019-08-26,15:00:32.084000,10359,10360,10360,1
2019-08-26,15:00:32.084000,10359,10360,10359,9
2019-08-26,15:00:32.114000,10359,10361,10358,1
2019-08-26,15:00:32.264000,10360,10361,10360,1
2019-08-26,15:00:32.355000,10360,10361,10360,1
2019-08-26,15:00:32.655000,10359,10361,10359,1
2019-08-26,15:00:32.731000,10358,10360,10360,1
2019-08-26,15:00:33.132000,10359,10361,10359,1
2019-08-26,15:00:33.342000,10359,10360,10359,1
2019-08-26,15:00:33.397000,10359,10360,10359,10
2019-08-26,15:00:33.475000,10359,10360,10359,6
2019-08-26,15:00:33.644000,10359,10360,10359,1
2019-08-26,15:00:33.873000,10359,10360,10360,1
2019-08-26,15:00:33.994000,10359,10360,10360,1
2019-08-26,15:00:34.051000,10359,10360,10359,1
2019-08-26,15:00:34.169000,10359,10360,10360,1
2019-08-26,15:00:34.288000,10359,10360,10360,1
2019-08-26,15:00:34.363000,10359,10360,10360,1
2019-08-26,15:00:34.726000,10359,10360,10359,2
2019-08-26,15:00:35.089000,10358,10359,10359,1
2019-08-26,15:00:35.133000,10358,10359,10360,2
2019-08-26,15:00:35.622000,10357,10360,10360,1
2019-08-26,15:00:36.044000,10358,10359,10358,2
2019-08-26,15:00:36.044000,10358,10359,10357,2
2019-08-26,15:00:36.062000,10358,10359,10357,2
2019-08-26,15:00:36.137000,10356,10359,10359,1
2019-08-26,15:00:36.413000,10356,10358,10358,2
2019-08-26,15:00:36.547000,10356,10359,10359,2
2019-08-26,15:00:36.629000,10357,10358,10357,1
2019-08-26,15:00:36.770000,10357,10358,10357,3
2019-08-26,15:00:36.914000,10357,10358,10358,6
2019-08-26,15:00:37.053000,10358,10359,10358,2
2019-08-26,15:00:37.058000,10358,10359,10359,2
2019-08-26,15:00:37.196000,10358,10359,10358,1
2019-08-26,15:00:37.207000,10358,10359,10358,1
2019-08-26,15:00:37.224000,10358,10359,10359,2
2019-08-26,15:00:37.314000,10358,10359,10359,1
2019-08-26,15:00:37.431000,10358,10359,10359,2
2019-08-26,15:00:37.596000,10358,10359,10359,2
2019-08-26,15:00:37.753000,10358,10359,10358,1
2019-08-26,15:00:37.781000,10358,10359,10359,2
2019-08-26,15:00:37.900000,10358,10359,10359,2
2019-08-26,15:00:38.592000,10358,10359,10359,3
2019-08-26,15:00:38.592000,10358,10359,10360,2
2019-08-26,15:00:38.759000,10358,10359,10359,5
2019-08-26,15:00:38.849000,10358,10359,10359,1
2019-08-26,15:00:38.978000,10358,10359,10358,10
2019-08-26,15:00:38.997000,10358,10359,10359,4
2019-08-26,15:00:39.818000,10359,10360,10360,5
2019-08-26,15:00:39.927000,10359,10360,10360,1
2019-08-26,15:00:39.972000,10359,10360,10359,1
2019-08-26,15:00:39.976000,10359,10360,10360,1
2019-08-26,15:00:40.084000,10359,10360,10360,1
2019-08-26,15:00:40.237000,10359,10360,10360,2
2019-08-26,15:00:40.290000,10359,10360,10360,2
2019-08-26,15:00:40.376000,10359,10360,10360,1
2019-08-26,15:00:40.403000,10359,10360,10360,1
2019-08-26,15:00:40.474000,10359,10360,10360,2
2019-08-26,15:00:40.545000,10359,10360,10359,5
2019-08-26,15:00:40.812000,10359,10360,10359,1
2019-08-26,15:00:40.894000,10359,10360,10359,1
2019-08-26,15:00:41.141000,10359,10360,10359,2
2019-08-26,15:00:41.141000,10359,10360,10358,1
2019-08-26,15:00:41.475000,10358,10359,10359,2
2019-08-26,15:00:41.529000,10358,10359,10360,6
2019-08-26,15:00:41.708000,10358,10359,10359,1
2019-08-26,15:00:41.831000,10358,10359,10359,2
2019-08-26,15:00:42.084000,10359,10360,10359,1
2019-08-26,15:00:42.226000,10359,10360,10359,2
2019-08-26,15:00:42.275000,10359,10360,10359,10
2019-08-26,15:00:42.336000,10359,10360,10358,1
2019-08-26,15:00:42.412000,10358,10360,10358,1
2019-08-26,15:00:42.559000,10358,10360,10359,1
2019-08-26,15:00:42.559000,10358,10360,10360,5
2019-08-26,15:00:42.967000,10359,10360,10359,3
2019-08-26,15:00:42.967000,10359,10360,10358,6
2019-08-26,15:00:42.987000,10358,10360,10360,1
2019-08-26,15:00:43.184000,10359,10360,10359,1
2019-08-26,15:00:43.207000,10359,10360,10360,1
2019-08-26,15:00:43.226000,10358,10360,10358,11
2019-08-26,15:00:43.226000,10358,10360,10357,10
2019-08-26,15:00:43.400000,10356,10357,10357,1
2019-08-26,15:00:43.600000,10356,10357,10357,2
2019-08-26,15:00:43.675000,10356,10357,10357,1
2019-08-26,15:00:43.830000,10356,10357,10357,1
2019-08-26,15:00:44.386000,10356,10357,10357,1
2019-08-26,15:00:44.413000,10356,10357,10357,1
2019-08-26,15:00:45.048000,10356,10357,10356,1
2019-08-26,15:00:45.121000,10356,10357,10357,5
2019-08-26,15:00:45.250000,10356,10357,10356,1
2019-08-26,15:00:45.343000,10356,10357,10356,1
2019-08-26,15:00:46.256000,10356,10357,10357,2
2019-08-26,15:00:46.450000,10356,10357,10356,1
2019-08-26,15:00:46.455000,10356,10357,10356,3
2019-08-26,15:00:46.459000,10356,10357,10356,2
2019-08-26,15:00:46.464000,10356,10357,10356,2
2019-08-26,15:00:46.575000,10356,10357,10357,8
2019-08-26,15:00:46.575000,10356,10357,10357,8
2019-08-26,15:00:46.575000,10356,10357,10357,5
2019-08-26,15:00:46.575000,10356,10357,10358,2
2019-08-26,15:00:46.575000,10356,10357,10358,7
2019-08-26,15:00:46.576000,10356,10357,10358,1
2019-08-26,15:00:46.668000,10357,10359,10359,1
2019-08-26,15:00:47.026000,10358,10359,10358,2
2019-08-26,15:00:47.028000,10358,10359,10358,2
2019-08-26,15:00:47.032000,10358,10359,10358,2
2019-08-26,15:00:47.121000,10358,10359,10358,1
2019-08-26,15:00:47.214000,10358,10359,10358,1
2019-08-26,15:00:47.341000,10358,10359,10358,2
2019-08-26,15:00:47.442000,10358,10359,10358,1
2019-08-26,15:00:47.853000,10357,10359,10359,1
2019-08-26,15:00:47.900000,10357,10359,10359,5
2019-08-26,15:00:48.049000,10358,10359,10358,1
2019-08-26,15:00:48.324000,10358,10359,10359,10
2019-08-26,15:00:48.387000,10358,10359,10359,1
2019-08-26,15:00:48.394000,10358,10359,10358,1
2019-08-26,15:00:48.610000,10358,10359,10359,2
2019-08-26,15:00:48.732000,10358,10359,10359,3
2019-08-26,15:00:48.889000,10358,10360,10360,1
2019-08-26,15:00:48.892000,10358,10360,10360,1
2019-08-26,15:00:48.944000,10358,10360,10359,1
2019-08-26,15:00:48.986000,10359,10360,10359,1
2019-08-26,15:00:49.164000,10359,10360,10359,1
2019-08-26,15:00:49.186000,10359,10360,10360,2
2019-08-26,15:00:49.274000,10359,10360,10360,2
2019-08-26,15:00:49.419000,10359,10360,10360,2
2019-08-26,15:00:49.498000,10359,10360,10360,2
2019-08-26,15:00:49.528000,10359,10360,10360,2
2019-08-26,15:00:49.610000,10359,10360,10360,2
2019-08-26,15:00:49.645000,10359,10360,10359,5
2019-08-26,15:00:49.645000,10359,10360,10358,10
2019-08-26,15:00:49.760000,10358,10360,10359,3
2019-08-26,15:00:49.773000,10358,10360,10359,2
2019-08-26,15:00:49.846000,10358,10360,10360,2
2019-08-26,15:00:49.996000,10359,10360,10360,1
2019-08-26,15:00:50.336000,10359,10360,10359,1
2019-08-26,15:00:50.337000,10359,10360,10359,5
2019-08-26,15:00:50.501000,10359,10360,10360,1
2019-08-26,15:00:50.739000,10359,10360,10360,1
2019-08-26,15:00:50.812000,10359,10360,10359,1
2019-08-26,15:00:51.021000,10359,10360,10359,1
2019-08-26,15:00:51.142000,10359,10360,10360,2
2019-08-26,15:00:51.489000,10359,10360,10359,1
2019-08-26,15:00:51.567000,10359,10360,10359,1
2019-08-26,15:00:51.572000,10359,10360,10359,1
2019-08-26,15:00:51.787000,10359,10360,10359,1
2019-08-26,15:00:51.877000,10359,10360,10359,1
2019-08-26,15:00:52.484000,10359,10360,10359,1
2019-08-26,15:00:52.492000,10359,10360,10360,19
2019-08-26,15:00:52.600000,10360,10361,10361,2
2019-08-26,15:00:52.695000,10360,10361,10360,8
2019-08-26,15:00:52.695000,10360,10361,10359,16
2019-08-26,15:00:52.695000,10360,10361,10358,6
2019-08-26,15:00:52.705000,10360,10361,10360,4
2019-08-26,15:00:52.849000,10358,10359,10359,1
2019-08-26,15:00:53.227000,10359,10361,10359,1
2019-08-26,15:00:53.446000,10359,10361,10359,11
2019-08-26,15:00:53.734000,10358,10359,10359,19
2019-08-26,15:00:54.240000,10360,10361,10361,10
2019-08-26,15:00:54.243000,10360,10361,10360,5
2019-08-26,15:00:54.243000,10360,10361,10359,4
2019-08-26,15:00:54.350000,10361,10362,10361,2
2019-08-26,15:00:54.599000,10361,10362,10361,2
2019-08-26,15:00:54.599000,10361,10362,10361,2
2019-08-26,15:00:54.684000,10361,10362,10361,2
2019-08-26,15:00:54.689000,10361,10362,10360,1
2019-08-26,15:00:54.992000,10360,10361,10361,7
2019-08-26,15:00:54.992000,10360,10361,10362,3
2019-08-26,15:00:54.994000,10360,10361,10362,1
2019-08-26,15:00:54.995000,10360,10361,10362,1
2019-08-26,15:00:54.996000,10360,10361,10362,2
2019-08-26,15:00:55.001000,10360,10361,10362,1
2019-08-26,15:00:55.115000,10361,10362,10361,1
2019-08-26,15:00:55.116000,10361,10362,10362,4
2019-08-26,15:00:55.589000,10362,10363,10362,1
2019-08-26,15:00:55.589000,10362,10363,10362,1
2019-08-26,15:00:55.594000,10362,10363,10362,2
2019-08-26,15:00:55.671000,10362,10363,10362,2
2019-08-26,15:00:55.751000,10361,10363,10361,1
2019-08-26,15:00:55.849000,10362,10363,10362,1
2019-08-26,15:00:55.883000,10362,10363,10363,18
2019-08-26,15:00:55.908000,10362,10363,10363,1
2019-08-26,15:00:55.975000,10363,10364,10363,1
2019-08-26,15:00:56.224000,10363,10364,10363,1
2019-08-26,15:00:56.224000,10363,10364,10363,1
2019-08-26,15:00:56.224000,10363,10364,10363,1
2019-08-26,15:00:56.456000,10362,10364,10363,2
2019-08-26,15:00:56.484000,10362,10363,10363,1
2019-08-26,15:00:56.490000,10362,10363,10363,1
2019-08-26,15:00:56.927000,10362,10363,10363,2
2019-08-26,15:00:56.950000,10362,10363,10363,1
2019-08-26,15:00:56.958000,10362,10363,10362,3
2019-08-26,15:00:57.128000,10362,10364,10364,1
2019-08-26,15:00:57.129000,10362,10364,10364,2
2019-08-26,15:00:57.206000,10362,10364,10364,1
2019-08-26,15:00:57.270000,10363,10364,10364,1
2019-08-26,15:00:57.440000,10363,10364,10364,1
2019-08-26,15:00:57.466000,10363,10364,10363,1
2019-08-26,15:00:57.574000,10362,10364,10364,1
2019-08-26,15:00:57.767000,10362,10364,10364,10
2019-08-26,15:00:57.790000,10362,10364,10365,1
2019-08-26,15:00:57.888000,10363,10365,10365,1
2019-08-26,15:00:57.989000,10363,10364,10364,2
2019-08-26,15:00:57.989000,10363,10364,10365,3
2019-08-26,15:00:57.995000,10363,10364,10365,1
2019-08-26,15:00:58.108000,10363,10364,10365,1
2019-08-26,15:00:58.216000,10363,10364,10365,1
2019-08-26,15:00:58.331000,10363,10365,10364,1
2019-08-26,15:00:58.342000,10363,10365,10364,1
2019-08-26,15:00:58.449000,10363,10365,10365,1
2019-08-26,15:00:58.514000,10363,10365,10364,2
2019-08-26,15:00:58.546000,10363,10365,10365,1
2019-08-26,15:00:58.599000,10364,10365,10364,1
2019-08-26,15:00:58.611000,10364,10365,10364,1
2019-08-26,15:00:58.669000,10364,10365,10364,1
2019-08-26,15:00:58.669000,10364,10365,10363,1
2019-08-26,15:00:58.873000,10363,10364,10363,1
2019-08-26,15:00:58.880000,10363,10364,10363,1
2019-08-26,15:00:58.888000,10363,10364,10363,3
2019-08-26,15:00:58.949000,10363,10364,10363,2
2019-08-26,15:00:59.043000,10362,10364,10363,1
2019-08-26,15:00:59.100000,10362,10363,10362,4
2019-08-26,15:00:59.201000,10362,10363,10363,2
2019-08-26,15:00:59.220000,10362,10363,10363,1
2019-08-26,15:00:59.263000,10362,10363,10363,5
2019-08-26,15:00:59.354000,10362,10363,10362,1
2019-08-26,15:00:59.425000,10362,10363,10363,1
2019-08-26,15:00:59.452000,10362,10363,10362,1
2019-08-26,15:00:59.622000,10362,10363,10363,1
2019-08-26,15:00:59.631000,10362,10363,10362,1
2019-08-26,15:00:59.682000,10362,10363,10364,1
2019-08-26,15:00:59.784000,10362,10363,10362,1
2019-08-26,15:01:00.009000,10362,10363,10362,16
2019-08-26,15:01:00.035000,10362,10363,10363,1
2019-08-26,15:01:00.041000,10362,10363,10363,1
2019-08-26,15:01:00.055000,10362,10363,10363,1
2019-08-26,15:01:00.055000,10362,10363,10363,3
2019-08-26,15:01:00.094000,10362,10363,10364,1
2019-08-26,15:01:00.101000,10361,10364,10363,3
2019-08-26,15:01:00.107000,10361,10364,10363,1
2019-08-26,15:01:00.118000,10361,10364,10362,1
2019-08-26,15:01:00.203000,10361,10364,10363,3
2019-08-26,15:01:00.216000,10361,10364,10363,3
2019-08-26,15:01:00.228000,10361,10363,10363,7
2019-08-26,15:01:00.228000,10361,10363,10364,4
2019-08-26,15:01:00.307000,10361,10363,10361,4
2019-08-26,15:01:00.415000,10360,10362,10362,5
2019-08-26,15:01:00.475000,10360,10362,10360,1
2019-08-26,15:01:00.549000,10360,10362,10360,1
2019-08-26,15:01:00.806000,10361,10362,10361,2
2019-08-26,15:01:00.832000,10361,10362,10360,9
2019-08-26,15:01:00.937000,10359,10361,10359,1
2019-08-26,15:01:00.975000,10359,10361,10359,4
2019-08-26,15:01:00.976000,10359,10361,10359,1
2019-08-26,15:01:00.976000,10359,10361,10359,1
2019-08-26,15:01:00.976000,10359,10361,10359,1
2019-08-26,15:01:01.051000,10359,10361,10361,5
2019-08-26,15:01:01.173000,10359,10361,10361,1
2019-08-26,15:01:01.185000,10359,10361,10360,1
2019-08-26,15:01:01.230000,10360,10361,10360,1
2019-08-26,15:01:01.230000,10360,10361,10362,1
2019-08-26,15:01:01.411000,10360,10361,10361,4
2019-08-26,15:01:01.517000,10360,10361,10360,1
2019-08-26,15:01:01.563000,10360,10361,10362,1
2019-08-26,15:01:01.627000,10361,10362,10362,1
2019-08-26,15:01:01.695000,10361,10362,10362,1
2019-08-26,15:01:01.706000,10361,10362,10361,1
2019-08-26,15:01:01.757000,10361,10362,10362,1
2019-08-26,15:01:01.789000,10361,10362,10362,2
2019-08-26,15:01:01.927000,10361,10362,10361,1
2019-08-26,15:01:02.800000,10360,10362,10361,2
2019-08-26,15:01:02.800000,10360,10362,10362,3
2019-08-26,15:01:03.308000,10361,10362,10361,1
2019-08-26,15:01:03.713000,10361,10362,10362,2
2019-08-26,15:01:04.109000,10361,10362,10362,1
2019-08-26,15:01:04.449000,10361,10362,10361,1
2019-08-26,15:01:04.572000,10361,10362,10361,1
2019-08-26,15:01:04.942000,10361,10362,10362,1
2019-08-26,15:01:05.669000,10360,10362,10362,1
2019-08-26,15:01:05.702000,10360,10362,10360,1
2019-08-26,15:01:06.090000,10360,10361,10362,1
2019-08-26,15:01:06.516000,10360,10362,10362,1
2019-08-26,15:01:06.799000,10360,10362,10362,10
2019-08-26,15:01:06.804000,10360,10362,10360,15
2019-08-26,15:01:06.837000,10360,10362,10359,9
2019-08-26,15:01:06.849000,10359,10360,10360,2
2019-08-26,15:01:06.850000,10359,10360,10359,1
2019-08-26,15:01:06.879000,10359,10360,10359,2
2019-08-26,15:01:06.879000,10359,10360,10358,1
2019-08-26,15:01:07.002000,10358,10360,10358,1
2019-08-26,15:01:07.002000,10358,10360,10358,1
2019-08-26,15:01:07.003000,10358,10360,10358,1
2019-08-26,15:01:07.003000,10358,10360,10358,1
2019-08-26,15:01:07.017000,10358,10360,10358,1
2019-08-26,15:01:07.017000,10358,10360,10358,1
2019-08-26,15:01:07.054000,10358,10360,10358,1
2019-08-26,15:01:07.100000,10358,10359,10358,2
2019-08-26,15:01:07.100000,10358,10359,10358,1
2019-08-26,15:01:07.101000,10358,10359,10358,1
2019-08-26,15:01:07.207000,10358,10359,10358,1
2019-08-26,15:01:07.208000,10358,10359,10358,1
2019-08-26,15:01:07.225000,10358,10359,10358,1
2019-08-26,15:01:07.271000,10358,10359,10359,1
2019-08-26,15:01:07.341000,10358,10359,10359,1
2019-08-26,15:01:07.416000,10358,10359,10359,1
2019-08-26,15:01:07.431000,10358,10359,10358,1
2019-08-26,15:01:07.462000,10358,10359,10358,1
2019-08-26,15:01:07.472000,10358,10359,10358,1
2019-08-26,15:01:07.639000,10357,10359,10357,1
2019-08-26,15:01:08.027000,10357,10358,10357,1
2019-08-26,15:01:08.027000,10357,10358,10357,1
2019-08-26,15:01:08.047000,10357,10358,10358,1
2019-08-26,15:01:08.173000,10357,10358,10357,2
2019-08-26,15:01:09.361000,10357,10358,10357,1
2019-08-26,15:01:10.124000,10357,10358,10358,1
2019-08-26,15:01:10.393000,10357,10359,10359,1
2019-08-26,15:01:10.395000,10357,10359,10359,2
2019-08-26,15:01:10.604000,10358,10359,10358,2
2019-08-26,15:01:11.408000,10358,10359,10358,1
2019-08-26,15:01:11.649000,10358,10359,10359,1
2019-08-26,15:01:11.909000,10358,10360,10360,18
2019-08-26,15:01:12.088000,10359,10360,10359,2
2019-08-26,15:01:12.485000,10358,10359,10358,1
2019-08-26,15:01:12.761000,10358,10359,10359,10
2019-08-26,15:01:13.456000,10359,10360,10360,1
2019-08-26,15:01:13.580000,10359,10360,10359,1
2019-08-26,15:01:14,10359,10360,10360,1
2019-08-26,15:01:14.392000,10359,10360,10359,1
2019-08-26,15:01:15.410000,10359,10360,10360,3
2019-08-26,15:01:15.721000,10359,10360,10360,15
2019-08-26,15:01:15.747000,10359,10360,10360,1
2019-08-26,15:01:17.141000,10359,10360,10360,4
2019-08-26,15:01:17.153000,10359,10360,10360,1
2019-08-26,15:01:17.905000,10360,10361,10360,1
2019-08-26,15:01:18.065000,10360,10361,10360,3
2019-08-26,15:01:18.171000,10360,10361,10361,1
2019-08-26,15:01:18.312000,10360,10361,10360,1
2019-08-26,15:01:18.458000,10360,10361,10360,1
2019-08-26,15:01:18.615000,10360,10361,10360,1
2019-08-26,15:01:19.042000,10360,10361,10360,5
2019-08-26,15:01:19.115000,10360,10361,10361,1
2019-08-26,15:01:19.346000,10360,10361,10361,3
2019-08-26,15:01:19.746000,10360,10361,10361,2
2019-08-26,15:01:19.748000,10360,10361,10361,2
2019-08-26,15:01:19.749000,10360,10361,10361,1
2019-08-26,15:01:19.801000,10360,10361,10361,1
2019-08-26,15:01:19.801000,10360,10361,10360,4
2019-08-26,15:01:19.821000,10360,10361,10361,1
2019-08-26,15:01:19.821000,10360,10361,10360,1
2019-08-26,15:01:20.096000,10360,10362,10360,2
2019-08-26,15:01:20.799000,10361,10362,10361,1
2019-08-26,15:01:20.988000,10361,10362,10361,2
2019-08-26,15:01:21.028000,10361,10362,10361,2
2019-08-26,15:01:21.542000,10360,10361,10361,1
2019-08-26,15:01:22.101000,10360,10361,10360,1
2019-08-26,15:01:22.321000,10360,10361,10361,2
2019-08-26,15:01:22.321000,10360,10361,10362,3
2019-08-26,15:01:22.817000,10360,10361,10360,2
2019-08-26,15:01:23.068000,10359,10361,10359,9
2019-08-26,15:01:23.218000,10360,10361,10360,1
2019-08-26,15:01:23.439000,10360,10361,10360,2
2019-08-26,15:01:23.454000,10360,10361,10361,2
2019-08-26,15:01:23.554000,10359,10361,10360,1
2019-08-26,15:01:24.600000,10360,10361,10360,2
2019-08-26,15:01:24.600000,10360,10361,10359,24
2019-08-26,15:01:24.747000,10358,10359,10359,4
2019-08-26,15:01:25.429000,10358,10359,10358,1
2019-08-26,15:01:25.632000,10358,10359,10359,1
2019-08-26,15:01:25.659000,10358,10359,10359,1
2019-08-26,15:01:26.066000,10358,10359,10359,1
2019-08-26,15:01:27.464000,10358,10359,10359,1
2019-08-26,15:01:30.194000,10359,10360,10360,8
2019-08-26,15:01:31.349000,10360,10361,10361,15
2019-08-26,15:01:31.620000,10361,10362,10361,1
2019-08-26,15:01:32.061000,10361,10362,10361,1
2019-08-26,15:01:32.150000,10361,10362,10361,1
2019-08-26,15:01:32.559000,10361,10362,10361,1
2019-08-26,15:01:32.635000,10361,10362,10361,1
2019-08-26,15:01:32.714000,10361,10362,10360,2
2019-08-26,15:01:32.811000,10360,10362,10361,1
2019-08-26,15:01:32.825000,10360,10362,10361,1
2019-08-26,15:01:32.850000,10361,10362,10361,1
2019-08-26,15:01:32.870000,10361,10362,10360,1
2019-08-26,15:01:34.011000,10361,10362,10361,1
2019-08-26,15:01:34.119000,10360,10361,10361,1
2019-08-26,15:01:34.783000,10361,10362,10361,5
2019-08-26,15:01:35.041000,10361,10362,10362,1
2019-08-26,15:01:35.204000,10361,10362,10361,20
2019-08-26,15:01:35.204000,10361,10362,10360,7
2019-08-26,15:01:35.207000,10361,10362,10360,19
2019-08-26,15:01:35.414000,10359,10360,10360,10
2019-08-26,15:01:37.316000,10359,10360,10360,2
2019-08-26,15:01:38.121000,10359,10360,10360,1
2019-08-26,15:01:38.262000,10359,10360,10360,1
2019-08-26,15:01:38.262000,10359,10360,10361,4
2019-08-26,15:01:38.349000,10359,10361,10361,1
2019-08-26,15:01:41.094000,10360,10361,10360,9
2019-08-26,15:01:42.297000,10360,10361,10361,10
2019-08-26,15:01:42.761000,10360,10362,10360,2
2019-08-26,15:01:43.647000,10360,10361,10360,1
2019-08-26,15:01:43.862000,10360,10361,10360,1
2019-08-26,15:01:43.973000,10360,10361,10361,1
2019-08-26,15:01:45.485000,10360,10361,10360,1
2019-08-26,15:01:45.519000,10360,10361,10361,1
2019-08-26,15:01:46.105000,10360,10361,10360,1
2019-08-26,15:01:46.776000,10360,10361,10360,9
2019-08-26,15:01:47.706000,10360,10361,10361,2
2019-08-26,15:01:48.800000,10360,10361,10360,1
2019-08-26,15:01:49.010000,10360,10361,10360,1
2019-08-26,15:01:49.352000,10360,10361,10361,1
2019-08-26,15:01:49.489000,10360,10361,10361,4
2019-08-26,15:01:49.613000,10361,10362,10361,1
2019-08-26,15:01:49.810000,10360,10362,10360,1
2019-08-26,15:01:49.877000,10360,10362,10360,2
2019-08-26,15:01:50.055000,10360,10362,10360,1
2019-08-26,15:01:50.798000,10361,10362,10361,1
2019-08-26,15:01:51.434000,10361,10362,10361,1
2019-08-26,15:01:51.494000,10361,10362,10361,2
2019-08-26,15:01:51.496000,10361,10362,10361,2
2019-08-26,15:01:51.497000,10361,10362,10361,1
2019-08-26,15:01:51.743000,10360,10361,10360,1
2019-08-26,15:01:52.340000,10360,10361,10360,5
2019-08-26,15:01:52.340000,10360,10361,10359,4
2019-08-26,15:01:53.574000,10360,10361,10360,1
2019-08-26,15:01:53.667000,10360,10361,10360,1
2019-08-26,15:01:54.170000,10360,10361,10361,2
2019-08-26,15:01:54.172000,10360,10361,10361,1
2019-08-26,15:01:54.626000,10361,10362,10362,1
2019-08-26,15:01:54.639000,10361,10362,10361,1
2019-08-26,15:01:54.668000,10361,10362,10362,5
2019-08-26,15:01:54.676000,10361,10362,10362,1
2019-08-26,15:01:54.677000,10361,10362,10362,3
2019-08-26,15:01:54.677000,10361,10362,10362,5
2019-08-26,15:01:54.724000,10361,10362,10362,4
2019-08-26,15:01:54.739000,10361,10362,10362,1
2019-08-26,15:01:54.752000,10361,10362,10362,2
2019-08-26,15:01:55.058000,10362,10363,10362,1
2019-08-26,15:01:55.384000,10362,10363,10362,1
2019-08-26,15:01:55.635000,10362,10363,10362,1
2019-08-26,15:01:55.683000,10362,10363,10362,1
2019-08-26,15:01:56.055000,10362,10363,10362,1
2019-08-26,15:01:56.451000,10362,10363,10362,1
2019-08-26,15:01:56.619000,10362,10363,10362,1
2019-08-26,15:01:56.686000,10362,10363,10362,1
2019-08-26,15:01:56.840000,10362,10363,10362,1
2019-08-26,15:01:57.356000,10362,10363,10362,3
2019-08-26,15:01:57.496000,10361,10362,10362,2
2019-08-26,15:01:58.535000,10361,10363,10362,1
2019-08-26,15:01:58.535000,10361,10363,10361,10
2019-08-26,15:02:00.059000,10360,10361,10361,2
2019-08-26,15:02:00.060000,10360,10361,10361,8
2019-08-26,15:02:00.061000,10360,10361,10361,16
2019-08-26,15:02:00.062000,10360,10361,10361,6
2019-08-26,15:02:00.100000,10360,10361,10361,3
2019-08-26,15:02:00.104000,10360,10361,10361,3
2019-08-26,15:02:00.146000,10360,10361,10361,15
2019-08-26,15:02:00.146000,10360,10361,10362,28
2019-08-26,15:02:00.146000,10360,10361,10363,29
2019-08-26,15:02:00.148000,10360,10361,10360,1
2019-08-26,15:02:00.188000,10360,10361,10361,1
2019-08-26,15:02:00.387000,10361,10362,10362,3
2019-08-26,15:02:00.602000,10361,10362,10361,1
2019-08-26,15:02:01.268000,10361,10362,10362,3
2019-08-26,15:02:01.474000,10362,10363,10362,2
2019-08-26,15:02:02.258000,10362,10363,10363,1
2019-08-26,15:02:02.790000,10362,10363,10363,5
2019-08-26,15:02:02.906000,10362,10363,10363,10
2019-08-26,15:02:02.942000,10362,10363,10362,1
2019-08-26,15:02:03.011000,10362,10364,10362,1
2019-08-26,15:02:03.285000,10363,10364,10364,1
2019-08-26,15:02:03.315000,10363,10364,10363,5
2019-08-26,15:02:04.147000,10363,10364,10364,2
2019-08-26,15:02:04.296000,10363,10364,10363,1
2019-08-26,15:02:04.317000,10363,10364,10363,1
2019-08-26,15:02:04.647000,10363,10364,10364,1
2019-08-26,15:02:04.737000,10363,10364,10363,1
2019-08-26,15:02:05.077000,10363,10364,10363,1
2019-08-26,15:02:06.302000,10363,10364,10364,3
2019-08-26,15:02:06.314000,10363,10364,10364,1
2019-08-26,15:02:06.349000,10363,10364,10364,22
2019-08-26,15:02:06.474000,10363,10364,10364,2
2019-08-26,15:02:06.476000,10363,10364,10364,2
2019-08-26,15:02:06.486000,10363,10364,10364,1
2019-08-26,15:02:06.871000,10364,10365,10364,1
2019-08-26,15:02:07.249000,10364,10365,10365,1
2019-08-26,15:02:07.367000,10364,10365,10365,1
2019-08-26,15:02:07.518000,10364,10365,10364,1
2019-08-26,15:02:07.519000,10364,10365,10364,1
2019-08-26,15:02:07.521000,10364,10365,10365,8
2019-08-26,15:02:07.524000,10364,10365,10365,11
2019-08-26,15:02:08.287000,10365,10366,10366,10
2019-08-26,15:02:08.338000,10365,10366,10365,1
2019-08-26,15:02:08.391000,10365,10366,10366,1
2019-08-26,15:02:08.430000,10365,10366,10366,2
2019-08-26,15:02:08.529000,10365,10366,10365,1
2019-08-26,15:02:08.808000,10365,10366,10366,1
2019-08-26,15:02:08.810000,10365,10366,10365,1
2019-08-26,15:02:08.882000,10365,10366,10366,25
2019-08-26,15:02:08.985000,10365,10366,10366,8
2019-08-26,15:02:09.031000,10365,10366,10365,1
2019-08-26,15:02:09.344000,10366,10367,10367,1
2019-08-26,15:02:09.363000,10366,10367,10366,1
2019-08-26,15:02:09.383000,10366,10367,10367,1
2019-08-26,15:02:09.384000,10366,10367,10366,3
2019-08-26,15:02:09.410000,10366,10367,10367,1
2019-08-26,15:02:09.827000,10366,10367,10366,1
2019-08-26,15:02:09.984000,10366,10367,10366,1
2019-08-26,15:02:10.093000,10366,10367,10366,1
2019-08-26,15:02:10.181000,10366,10367,10366,1
2019-08-26,15:02:10.580000,10366,10367,10366,2
2019-08-26,15:02:10.783000,10366,10367,10366,1
2019-08-26,15:02:11.094000,10366,10367,10366,2
2019-08-26,15:02:11.094000,10366,10367,10365,1
2019-08-26,15:02:11.457000,10366,10367,10367,3
2019-08-26,15:02:11.571000,10366,10367,10367,4
2019-08-26,15:02:11.571000,10366,10367,10368,20
2019-08-26,15:02:11.922000,10366,10368,10366,4
2019-08-26,15:02:11.922000,10366,10368,10365,1
2019-08-26,15:02:11.960000,10366,10368,10368,2
2019-08-26,15:02:12.270000,10365,10368,10368,1
2019-08-26,15:02:12.618000,10366,10368,10366,1
2019-08-26,15:02:12.792000,10366,10368,10367,1
2019-08-26,15:02:13.119000,10367,10368,10368,8
2019-08-26,15:02:13.132000,10367,10368,10367,1
2019-08-26,15:02:13.267000,10368,10369,10368,1
2019-08-26,15:02:13.416000,10368,10369,10368,1
2019-08-26,15:02:13.511000,10368,10369,10368,1
2019-08-26,15:02:13.591000,10368,10369,10368,1
2019-08-26,15:02:13.818000,10368,10369,10368,1
2019-08-26,15:02:14.524000,10368,10369,10369,2
2019-08-26,15:02:14.596000,10368,10369,10369,5
2019-08-26,15:02:14.600000,10368,10369,10369,2
2019-08-26,15:02:14.755000,10369,10370,10369,3
2019-08-26,15:02:14.870000,10369,10370,10369,5
2019-08-26,15:02:14.917000,10369,10370,10369,8
2019-08-26,15:02:15.151000,10369,10370,10370,4
2019-08-26,15:02:15.243000,10369,10370,10370,3
2019-08-26,15:02:15.256000,10369,10370,10369,2
2019-08-26,15:02:15.320000,10369,10370,10370,2
2019-08-26,15:02:15.323000,10369,10370,10370,4
2019-08-26,15:02:15.333000,10369,10370,10370,2
2019-08-26,15:02:15.369000,10369,10370,10370,2
2019-08-26,15:02:15.411000,10369,10370,10370,5
2019-08-26,15:02:15.620000,10370,10371,10371,4
2019-08-26,15:02:15.876000,10370,10371,10371,4
2019-08-26,15:02:16.621000,10371,10372,10371,1
2019-08-26,15:02:16.759000,10371,10372,10372,2
2019-08-26,15:02:16.875000,10371,10372,10371,2
2019-08-26,15:02:16.877000,10371,10372,10371,2
2019-08-26,15:02:16.879000,10371,10372,10371,2
2019-08-26,15:02:16.881000,10371,10372,10371,2
2019-08-26,15:02:16.899000,10371,10372,10372,1
2019-08-26,15:02:16.899000,10371,10372,10371,1
2019-08-26,15:02:16.975000,10371,10372,10371,1
2019-08-26,15:02:16.988000,10371,10372,10371,1
2019-08-26,15:02:17.348000,10371,10372,10371,2
2019-08-26,15:02:17.534000,10371,10372,10371,3
2019-08-26,15:02:18.097000,10371,10372,10371,1
2019-08-26,15:02:18.173000,10371,10372,10371,4
2019-08-26,15:02:18.405000,10370,10371,10370,20
2019-08-26,15:02:18.406000,10370,10371,10370,5
2019-08-26,15:02:18.406000,10370,10371,10370,3
2019-08-26,15:02:18.474000,10370,10371,10370,2
2019-08-26,15:02:18.721000,10369,10370,10370,1
2019-08-26,15:02:18.824000,10369,10370,10369,14
2019-08-26,15:02:19.561000,10369,10370,10369,1
2019-08-26,15:02:19.617000,10369,10370,10369,1
2019-08-26,15:02:19.813000,10369,10370,10370,20
2019-08-26,15:02:19.874000,10369,10370,10370,4
2019-08-26,15:02:20.019000,10369,10371,10370,1
2019-08-26,15:02:20.282000,10369,10370,10369,1
2019-08-26,15:02:20.575000,10369,10371,10370,1
2019-08-26,15:02:21.176000,10369,10371,10369,4
2019-08-26,15:02:21.236000,10369,10371,10370,1
2019-08-26,15:02:21.241000,10369,10371,10370,1
2019-08-26,15:02:21.301000,10369,10371,10369,1
2019-08-26,15:02:21.469000,10369,10370,10370,1
2019-08-26,15:02:22.336000,10369,10370,10370,1
2019-08-26,15:02:22.429000,10369,10370,10370,1
2019-08-26,15:02:22.630000,10370,10371,10370,1
2019-08-26,15:02:22.862000,10370,10371,10370,1
2019-08-26,15:02:22.878000,10370,10371,10370,1
2019-08-26,15:02:23.662000,10370,10371,10370,1
2019-08-26,15:02:23.938000,10370,10371,10370,1
2019-08-26,15:02:24.065000,10370,10371,10371,1
2019-08-26,15:02:24.141000,10370,10371,10371,1
2019-08-26,15:02:24.288000,10370,10371,10371,1
2019-08-26,15:02:24.481000,10370,10371,10371,1
2019-08-26,15:02:24.652000,10370,10371,10370,1
2019-08-26,15:02:24.724000,10370,10371,10370,2
2019-08-26,15:02:24.727000,10370,10371,10370,1
2019-08-26,15:02:24.750000,10370,10371,10370,1
2019-08-26,15:02:24.811000,10370,10371,10370,2
2019-08-26,15:02:24.812000,10370,10371,10370,3
2019-08-26,15:02:24.812000,10370,10371,10370,3
2019-08-26,15:02:24.818000,10370,10371,10371,1
2019-08-26,15:02:24.837000,10370,10371,10370,1
2019-08-26,15:02:25.082000,10369,10370,10370,1
2019-08-26,15:02:25.374000,10369,10370,10369,1
2019-08-26,15:02:25.405000,10369,10370,10370,1
2019-08-26,15:02:25.453000,10369,10370,10370,3
2019-08-26,15:02:26.064000,10369,10370,10370,5
2019-08-26,15:02:26.184000,10369,10370,10370,1
2019-08-26,15:02:26.285000,10369,10370,10370,1
2019-08-26,15:02:26.334000,10369,10370,10369,2
2019-08-26,15:02:26.336000,10369,10370,10369,2
2019-08-26,15:02:26.337000,10369,10370,10369,3
2019-08-26,15:02:26.381000,10369,10370,10370,1
2019-08-26,15:02:26.565000,10369,10370,10370,1
2019-08-26,15:02:26.702000,10369,10370,10369,1
2019-08-26,15:02:26.737000,10369,10370,10370,1
2019-08-26,15:02:26.913000,10369,10370,10369,1
2019-08-26,15:02:26.913000,10369,10370,10370,1
2019-08-26,15:02:27.101000,10369,10370,10370,1
2019-08-26,15:02:27.601000,10369,10370,10370,1
2019-08-26,15:02:27.629000,10369,10370,10370,1
2019-08-26,15:02:27.864000,10369,10370,10370,3
2019-08-26,15:02:27.974000,10369,10370,10370,4
2019-08-26,15:02:28.367000,10370,10371,10371,18
2019-08-26,15:02:28.634000,10371,10372,10371,1
2019-08-26,15:02:29.188000,10371,10372,10372,1
2019-08-26,15:02:29.266000,10371,10372,10372,7
2019-08-26,15:02:29.349000,10371,10372,10372,18
2019-08-26,15:02:29.362000,10371,10372,10372,2
2019-08-26,15:02:29.363000,10371,10372,10372,2
2019-08-26,15:02:29.511000,10372,10373,10372,1
2019-08-26,15:02:29.518000,10372,10373,10372,1
2019-08-26,15:02:29.842000,10371,10372,10371,2
2019-08-26,15:02:30.121000,10371,10372,10372,1
2019-08-26,15:02:30.136000,10371,10372,10371,6
2019-08-26,15:02:30.303000,10372,10373,10372,1
2019-08-26,15:02:30.549000,10371,10373,10373,1
2019-08-26,15:02:30.551000,10371,10373,10371,1
2019-08-26,15:02:30.671000,10371,10373,10373,1
2019-08-26,15:02:30.935000,10371,10373,10373,1
2019-08-26,15:02:31.137000,10372,10373,10372,1
2019-08-26,15:02:31.137000,10372,10373,10371,4
2019-08-26,15:02:31.333000,10371,10373,10371,1
2019-08-26,15:02:31.374000,10371,10372,10371,1
2019-08-26,15:02:31.546000,10371,10372,10372,1
2019-08-26,15:02:32.716000,10371,10372,10372,1
2019-08-26,15:02:32.896000,10371,10372,10371,3
2019-08-26,15:02:32.985000,10370,10371,10371,1
2019-08-26,15:02:33.182000,10370,10371,10371,1
2019-08-26,15:02:33.214000,10370,10371,10371,1
2019-08-26,15:02:33.240000,10370,10371,10370,1
2019-08-26,15:02:33.357000,10370,10371,10371,2
2019-08-26,15:02:33.488000,10370,10371,10371,1
2019-08-26,15:02:33.517000,10370,10371,10371,1
2019-08-26,15:02:33.673000,10370,10371,10371,1
2019-08-26,15:02:33.673000,10370,10371,10372,1
2019-08-26,15:02:33.815000,10370,10372,10372,1
2019-08-26,15:02:34.066000,10370,10372,10372,2
2019-08-26,15:02:34.107000,10370,10372,10372,1
2019-08-26,15:02:34.118000,10370,10372,10372,1
2019-08-26,15:02:34.330000,10370,10372,10372,1
2019-08-26,15:02:34.456000,10370,10372,10370,1
2019-08-26,15:02:35.122000,10370,10372,10372,1
2019-08-26,15:02:35.602000,10370,10371,10371,1
2019-08-26,15:02:35.724000,10370,10371,10371,2
2019-08-26,15:02:35.727000,10370,10371,10372,10
2019-08-26,15:02:35.727000,10370,10371,10373,6
2019-08-26,15:02:35.823000,10370,10371,10372,1
2019-08-26,15:02:35.898000,10371,10373,10372,1
2019-08-26,15:02:35.898000,10371,10373,10373,4
2019-08-26,15:02:36.064000,10372,10373,10372,1
2019-08-26,15:02:36.082000,10372,10373,10372,2
2019-08-26,15:02:36.168000,10372,10373,10372,1
2019-08-26,15:02:36.200000,10372,10373,10372,1
2019-08-26,15:02:36.207000,10372,10373,10373,1
2019-08-26,15:02:36.221000,10372,10373,10372,1
2019-08-26,15:02:36.274000,10372,10373,10372,3
2019-08-26,15:02:36.469000,10372,10373,10372,1
2019-08-26,15:02:36.584000,10372,10373,10372,1
2019-08-26,15:02:36.702000,10371,10373,10372,1
2019-08-26,15:02:36.721000,10371,10373,10372,1
2019-08-26,15:02:36.975000,10371,10372,10371,2
2019-08-26,15:02:37.333000,10370,10371,10371,1
2019-08-26,15:02:37.594000,10370,10372,10371,1
2019-08-26,15:02:37.773000,10370,10371,10371,1
2019-08-26,15:02:37.923000,10370,10371,10371,1
2019-08-26,15:02:38.042000,10370,10371,10370,21
2019-08-26,15:02:38.234000,10369,10371,10371,1
2019-08-26,15:02:38.317000,10369,10371,10371,1
2019-08-26,15:02:38.320000,10369,10371,10371,1
2019-08-26,15:02:38.508000,10369,10371,10371,5
2019-08-26,15:02:38.850000,10369,10371,10371,5
2019-08-26,15:02:39.040000,10369,10371,10371,5
2019-08-26,15:02:39.240000,10369,10370,10370,6
2019-08-26,15:02:39.241000,10369,10370,10370,4
2019-08-26,15:02:39.252000,10369,10370,10371,5
2019-08-26,15:02:39.474000,10371,10372,10371,5
2019-08-26,15:02:39.817000,10370,10371,10370,1
2019-08-26,15:02:40.469000,10370,10371,10370,2
2019-08-26,15:02:40.470000,10370,10371,10370,4
2019-08-26,15:02:40.470000,10370,10371,10370,2
2019-08-26,15:02:40.952000,10369,10370,10369,1
2019-08-26,15:02:41.703000,10369,10370,10369,6
2019-08-26,15:02:41.900000,10368,10369,10369,3
2019-08-26,15:02:42.075000,10369,10370,10370,1
2019-08-26,15:02:42.895000,10369,10370,10370,1
2019-08-26,15:02:43.009000,10369,10370,10370,1
2019-08-26,15:02:43.157000,10369,10370,10370,1
2019-08-26,15:02:43.157000,10369,10370,10371,1
2019-08-26,15:02:43.496000,10368,10370,10370,1
2019-08-26,15:02:43.747000,10369,10370,10369,1
2019-08-26,15:02:43.784000,10369,10370,10370,1
2019-08-26,15:02:44.682000,10369,10370,10370,1
2019-08-26,15:02:45.647000,10368,10370,10370,2
2019-08-26,15:02:45.839000,10369,10370,10369,1
2019-08-26,15:02:47.417000,10369,10370,10370,7
2019-08-26,15:02:47.833000,10369,10370,10369,1
2019-08-26,15:02:47.916000,10369,10370,10370,5
2019-08-26,15:02:48.215000,10369,10370,10370,1
2019-08-26,15:02:48.667000,10369,10370,10369,4
2019-08-26,15:02:49.109000,10369,10370,10370,1
2019-08-26,15:02:49.305000,10369,10370,10369,1
2019-08-26,15:02:49.808000,10369,10370,10370,3
2019-08-26,15:02:50.229000,10370,10371,10370,1
2019-08-26,15:02:50.902000,10370,10371,10371,21
2019-08-26,15:02:51.078000,10371,10372,10371,9
2019-08-26,15:02:51.282000,10370,10371,10371,1
2019-08-26,15:02:51.378000,10370,10371,10370,4
2019-08-26,15:02:51.542000,10370,10371,10370,1
2019-08-26,15:02:52.347000,10370,10371,10370,5
2019-08-26,15:02:52.947000,10370,10371,10371,2
2019-08-26,15:02:53.536000,10370,10371,10371,1
2019-08-26,15:02:54.549000,10370,10371,10370,4
2019-08-26,15:02:55.283000,10370,10371,10371,4
2019-08-26,15:02:57.285000,10370,10371,10371,1
2019-08-26,15:02:57.419000,10370,10371,10370,1
2019-08-26,15:02:57.970000,10370,10371,10370,2
2019-08-26,15:02:57.996000,10370,10371,10370,3
2019-08-26,15:02:58.153000,10369,10370,10369,1
2019-08-26,15:02:58.158000,10369,10370,10370,4
2019-08-26,15:02:58.599000,10369,10370,10369,3
2019-08-26,15:02:58.599000,10369,10370,10369,13
2019-08-26,15:02:59.604000,10368,10369,10369,1
2019-08-26,15:03:00.055000,10368,10369,10369,2
2019-08-26,15:03:00.055000,10368,10369,10370,7
2019-08-26,15:03:00.072000,10368,10369,10370,2
2019-08-26,15:03:00.206000,10368,10370,10370,1
2019-08-26,15:03:00.313000,10368,10370,10370,2
2019-08-26,15:03:00.411000,10368,10370,10368,1
2019-08-26,15:03:01.975000,10368,10369,10368,3
2019-08-26,15:03:02.509000,10368,10369,10368,2
2019-08-26,15:03:02.747000,10368,10369,10368,1
2019-08-26,15:03:02.946000,10368,10369,10369,1
2019-08-26,15:03:03.053000,10368,10369,10369,2
2019-08-26,15:03:04.396000,10368,10369,10368,1
2019-08-26,15:03:05.453000,10368,10369,10369,1
2019-08-26,15:03:05.770000,10368,10369,10369,1
2019-08-26,15:03:06.008000,10368,10369,10369,1
2019-08-26,15:03:06.237000,10368,10369,10369,1
2019-08-26,15:03:06.427000,10368,10369,10369,1
2019-08-26,15:03:06.664000,10368,10369,10369,1
2019-08-26,15:03:07.589000,10368,10369,10368,1
2019-08-26,15:03:08.062000,10368,10369,10368,1
2019-08-26,15:03:09.388000,10368,10369,10368,2
2019-08-26,15:03:09.516000,10368,10369,10369,10
2019-08-26,15:03:09.571000,10368,10369,10368,1
2019-08-26,15:03:09.853000,10368,10369,10369,4
2019-08-26,15:03:10.127000,10369,10370,10369,2
2019-08-26,15:03:11.573000,10368,10369,10369,1
2019-08-26,15:03:11.895000,10368,10369,10368,4
2019-08-26,15:03:11.935000,10368,10369,10368,1
2019-08-26,15:03:13.476000,10367,10368,10367,2
2019-08-26,15:03:13.757000,10367,10368,10368,3
2019-08-26,15:03:13.772000,10367,10368,10367,2
2019-08-26,15:03:13.897000,10367,10368,10368,10
2019-08-26,15:03:14.819000,10367,10368,10367,3
2019-08-26,15:03:15.762000,10367,10368,10367,4
2019-08-26,15:03:16.569000,10366,10367,10366,15
2019-08-26,15:03:16.600000,10366,10367,10366,2
2019-08-26,15:03:16.636000,10366,10367,10366,1
2019-08-26,15:03:16.636000,10366,10367,10366,2
2019-08-26,15:03:16.637000,10366,10367,10366,1
2019-08-26,15:03:18.214000,10365,10366,10366,1
2019-08-26,15:03:18.248000,10365,10366,10365,2
2019-08-26,15:03:18.305000,10365,10366,10365,1
2019-08-26,15:03:18.360000,10365,10366,10365,1
2019-08-26,15:03:18.391000,10365,10366,10365,1
2019-08-26,15:03:18.764000,10365,10366,10365,2
2019-08-26,15:03:18.903000,10365,10366,10366,1
2019-08-26,15:03:18.906000,10365,10366,10365,1
2019-08-26,15:03:19.148000,10365,10366,10366,1
2019-08-26,15:03:19.448000,10365,10366,10366,1
2019-08-26,15:03:20.361000,10365,10366,10366,10
2019-08-26,15:03:20.641000,10365,10366,10365,1
2019-08-26,15:03:20.741000,10365,10366,10365,3
2019-08-26,15:03:21.890000,10364,10365,10364,1
2019-08-26,15:03:22.023000,10364,10365,10364,1
2019-08-26,15:03:23.349000,10364,10365,10364,1
2019-08-26,15:03:23.392000,10364,10365,10364,1
2019-08-26,15:03:24.363000,10363,10364,10364,1
2019-08-26,15:03:24.372000,10363,10364,10363,1
2019-08-26,15:03:24.677000,10363,10364,10363,1
2019-08-26,15:03:25.779000,10362,10363,10363,1
2019-08-26,15:03:26.254000,10362,10363,10362,5
2019-08-26,15:03:26.321000,10362,10363,10362,1
2019-08-26,15:03:26.351000,10362,10363,10362,2
2019-08-26,15:03:26.438000,10362,10363,10362,2
2019-08-26,15:03:26.438000,10362,10363,10361,8
2019-08-26,15:03:26.476000,10361,10363,10361,1
2019-08-26,15:03:26.550000,10361,10363,10362,1
2019-08-26,15:03:26.551000,10361,10363,10362,1
2019-08-26,15:03:26.551000,10361,10363,10362,1
2019-08-26,15:03:26.552000,10361,10363,10362,1
2019-08-26,15:03:27.003000,10361,10362,10362,1
2019-08-26,15:03:27.606000,10361,10362,10361,9
2019-08-26,15:03:27.606000,10361,10362,10360,16
2019-08-26,15:03:27.820000,10360,10362,10360,1
2019-08-26,15:03:27.883000,10360,10361,10360,2
2019-08-26,15:03:28.200000,10360,10361,10361,5
2019-08-26,15:03:28.574000,10360,10361,10360,1
2019-08-26,15:03:28.644000,10360,10361,10360,1
2019-08-26,15:03:28.725000,10360,10361,10360,2
2019-08-26,15:03:29.180000,10359,10360,10359,1
2019-08-26,15:03:29.284000,10359,10360,10359,1
2019-08-26,15:03:29.375000,10359,10360,10359,1
2019-08-26,15:03:29.505000,10359,10360,10359,5
2019-08-26,15:03:29.595000,10359,10360,10360,6
2019-08-26,15:03:29.763000,10359,10360,10359,7
2019-08-26,15:03:29.763000,10359,10360,10358,3
2019-08-26,15:03:29.811000,10359,10360,10359,1
2019-08-26,15:03:30.157000,10359,10360,10360,5
2019-08-26,15:03:30.173000,10359,10360,10359,1
2019-08-26,15:03:30.192000,10359,10360,10359,4
2019-08-26,15:03:30.193000,10359,10360,10359,1
2019-08-26,15:03:30.247000,10358,10360,10359,1
2019-08-26,15:03:30.349000,10358,10359,10359,1
2019-08-26,15:03:30.522000,10358,10360,10358,1
2019-08-26,15:03:31.269000,10358,10359,10359,1
2019-08-26,15:03:31.561000,10358,10359,10358,1
2019-08-26,15:03:31.600000,10358,10359,10358,1
2019-08-26,15:03:32.016000,10358,10359,10358,1
2019-08-26,15:03:32.158000,10358,10359,10358,1
2019-08-26,15:03:32.480000,10358,10359,10358,1
2019-08-26,15:03:32.802000,10358,10359,10359,1
2019-08-26,15:03:33.225000,10358,10359,10359,4
2019-08-26,15:03:33.598000,10358,10360,10358,1
2019-08-26,15:03:33.899000,10358,10360,10358,9
2019-08-26,15:03:34.374000,10359,10360,10359,2
2019-08-26,15:03:34.864000,10358,10359,10359,1
2019-08-26,15:03:35.178000,10359,10360,10359,2
2019-08-26,15:03:35.186000,10359,10360,10359,2
2019-08-26,15:03:35.248000,10358,10359,10359,1
2019-08-26,15:03:35.418000,10358,10359,10359,1
2019-08-26,15:03:35.526000,10358,10359,10359,1
2019-08-26,15:03:35.653000,10358,10359,10358,2
2019-08-26,15:03:35.900000,10358,10359,10359,1
2019-08-26,15:03:35.946000,10358,10359,10358,1
2019-08-26,15:03:36.606000,10358,10359,10359,1
2019-08-26,15:03:37.084000,10358,10359,10359,3
2019-08-26,15:03:37.131000,10359,10360,10359,1
2019-08-26,15:03:37.604000,10359,10360,10359,1
2019-08-26,15:03:38.022000,10359,10360,10359,3
2019-08-26,15:03:38.279000,10359,10360,10360,1
2019-08-26,15:03:38.342000,10359,10360,10359,1
2019-08-26,15:03:38.601000,10358,10359,10359,2
2019-08-26,15:03:38.657000,10358,10359,10358,4
2019-08-26,15:03:38.850000,10358,10360,10358,1
2019-08-26,15:03:39.091000,10358,10359,10359,1
2019-08-26,15:03:40.075000,10358,10359,10359,8
2019-08-26,15:03:40.087000,10358,10359,10359,1
2019-08-26,15:03:41.074000,10358,10359,10359,1
2019-08-26,15:03:41.349000,10359,10360,10359,2
2019-08-26,15:03:41.494000,10359,10360,10359,1
2019-08-26,15:03:41.716000,10359,10360,10359,1
2019-08-26,15:03:41.913000,10359,10360,10360,2
2019-08-26,15:03:42.282000,10359,10360,10359,2
2019-08-26,15:03:42.670000,10359,10360,10359,1
2019-08-26,15:03:43.082000,10359,10360,10360,3
2019-08-26,15:03:43.098000,10359,10360,10359,1
2019-08-26,15:03:43.187000,10359,10360,10360,1
2019-08-26,15:03:43.224000,10359,10360,10360,9
2019-08-26,15:03:43.413000,10359,10361,10360,1
2019-08-26,15:03:43.567000,10359,10361,10360,1
2019-08-26,15:03:43.602000,10360,10361,10360,4
2019-08-26,15:03:43.678000,10360,10361,10360,1
2019-08-26,15:03:43.850000,10360,10361,10361,7
2019-08-26,15:03:44.135000,10360,10362,10360,1
2019-08-26,15:03:45.118000,10360,10361,10360,1
2019-08-26,15:03:45.619000,10360,10361,10360,1
2019-08-26,15:03:45.652000,10360,10361,10361,1
2019-08-26,15:03:45.659000,10360,10361,10360,1
2019-08-26,15:03:46.546000,10360,10361,10360,1
2019-08-26,15:03:47.725000,10360,10361,10361,4
2019-08-26,15:03:47.783000,10360,10361,10362,1
2019-08-26,15:03:48.111000,10360,10362,10361,2
2019-08-26,15:03:48.111000,10360,10362,10360,4
2019-08-26,15:03:48.822000,10361,10362,10360,1
2019-08-26,15:03:49.079000,10360,10362,10360,1
2019-08-26,15:03:49.142000,10360,10362,10360,5
2019-08-26,15:03:49.529000,10360,10361,10361,8
2019-08-26,15:03:49.636000,10360,10362,10361,1
2019-08-26,15:03:50.090000,10360,10361,10361,1
2019-08-26,15:03:50.429000,10360,10361,10361,2
2019-08-26,15:03:51.398000,10360,10361,10360,2
2019-08-26,15:03:51.402000,10360,10361,10360,1
2019-08-26,15:03:51.404000,10360,10361,10360,1
2019-08-26,15:03:52.220000,10359,10360,10360,1
2019-08-26,15:03:52.268000,10359,10360,10360,1
2019-08-26,15:03:53.600000,10359,10360,10360,2
2019-08-26,15:03:53.796000,10359,10361,10359,2
2019-08-26,15:03:53.796000,10359,10361,10359,1
2019-08-26,15:03:53.796000,10359,10361,10359,1
2019-08-26,15:03:53.796000,10359,10361,10359,2
2019-08-26,15:03:53.823000,10359,10361,10360,1
2019-08-26,15:03:53.894000,10359,10360,10359,1
2019-08-26,15:03:53.974000,10359,10360,10359,6
2019-08-26,15:03:54.163000,10359,10360,10359,1
2019-08-26,15:03:54.211000,10359,10360,10359,1
2019-08-26,15:03:54.225000,10359,10360,10359,2
2019-08-26,15:03:54.225000,10359,10360,10359,3
2019-08-26,15:03:55.718000,10359,10360,10359,1
2019-08-26,15:03:55.901000,10359,10360,10360,1
2019-08-26,15:03:56.851000,10359,10360,10360,10
2019-08-26,15:03:57.395000,10360,10361,10360,2
2019-08-26,15:03:57.599000,10360,10361,10360,1
2019-08-26,15:03:58.431000,10359,10360,10360,1
2019-08-26,15:03:58.943000,10359,10360,10360,1
2019-08-26,15:03:59.805000,10359,10360,10360,1
2019-08-26,15:04:00.082000,10359,10360,10360,3
2019-08-26,15:04:00.084000,10359,10360,10360,2
2019-08-26,15:04:00.084000,10359,10360,10361,1
2019-08-26,15:04:00.310000,10359,10361,10361,6
2019-08-26,15:04:00.498000,10360,10361,10360,1
2019-08-26,15:04:01.852000,10360,10361,10361,3
2019-08-26,15:04:02.142000,10360,10361,10360,1
2019-08-26,15:04:02.171000,10360,10361,10360,1
2019-08-26,15:04:02.224000,10361,10362,10361,1
2019-08-26,15:04:02.297000,10361,10362,10361,4
2019-08-26,15:04:02.297000,10361,10362,10360,1
2019-08-26,15:04:02.337000,10361,10362,10360,2
2019-08-26,15:04:02.989000,10360,10361,10360,1
2019-08-26,15:04:03.131000,10360,10361,10361,1
2019-08-26,15:04:03.323000,10361,10362,10361,1
2019-08-26,15:04:03.349000,10361,10362,10361,2
2019-08-26,15:04:04.500000,10361,10362,10361,1
2019-08-26,15:04:04.612000,10360,10361,10360,1
2019-08-26,15:04:05.520000,10360,10361,10361,1
2019-08-26,15:04:05.943000,10360,10361,10360,1
2019-08-26,15:04:06.061000,10360,10361,10360,1
2019-08-26,15:04:06.935000,10360,10361,10360,1
2019-08-26,15:04:12.099000,10359,10360,10360,3
2019-08-26,15:04:12.309000,10359,10360,10359,2
2019-08-26,15:04:12.419000,10359,10360,10360,1
2019-08-26,15:04:12.676000,10359,10360,10359,2
2019-08-26,15:04:13.111000,10359,10360,10359,1
2019-08-26,15:04:13.435000,10359,10360,10360,1
2019-08-26,15:04:13.442000,10359,10360,10359,4
2019-08-26,15:04:14.033000,10358,10359,10359,1
2019-08-26,15:04:15.187000,10358,10359,10359,1
2019-08-26,15:04:15.874000,10358,10359,10359,10
2019-08-26,15:04:17.534000,10359,10360,10359,2
2019-08-26,15:04:17.931000,10359,10360,10359,2
2019-08-26,15:04:18.196000,10359,10360,10359,2
2019-08-26,15:04:19.519000,10359,10360,10359,1
2019-08-26,15:04:20.454000,10358,10359,10359,2
2019-08-26,15:04:21.011000,10358,10359,10358,1
2019-08-26,15:04:22.520000,10358,10359,10359,4
2019-08-26,15:04:24.863000,10359,10360,10360,2
2019-08-26,15:04:24.934000,10359,10360,10359,2
2019-08-26,15:04:25.498000,10359,10360,10359,1
2019-08-26,15:04:26.038000,10359,10360,10359,5
2019-08-26,15:04:26.324000,10359,10360,10359,2
2019-08-26,15:04:26.325000,10359,10360,10359,2
2019-08-26,15:04:26.325000,10359,10360,10359,1
2019-08-26,15:04:27.314000,10358,10359,10359,1
2019-08-26,15:04:27.478000,10358,10359,10359,1
2019-08-26,15:04:27.626000,10358,10359,10359,1
2019-08-26,15:04:27.748000,10358,10360,10358,1
2019-08-26,15:04:28.069000,10358,10360,10358,2
2019-08-26,15:04:28.235000,10358,10360,10358,2
2019-08-26,15:04:28.340000,10358,10360,10358,1
2019-08-26,15:04:28.542000,10358,10359,10359,1
2019-08-26,15:04:28.612000,10358,10359,10359,2
2019-08-26,15:04:28.829000,10358,10360,10359,1
2019-08-26,15:04:29.123000,10359,10360,10359,5
2019-08-26,15:04:29.402000,10359,10360,10359,3
2019-08-26,15:04:29.425000,10359,10360,10359,2
2019-08-26,15:04:29.600000,10358,10359,10359,1
2019-08-26,15:04:31.377000,10359,10360,10359,1
2019-08-26,15:04:32.619000,10358,10359,10358,1
2019-08-26,15:04:32.773000,10358,10359,10359,1
2019-08-26,15:04:33.623000,10358,10359,10359,9
2019-08-26,15:04:33.623000,10358,10359,10360,9
2019-08-26,15:04:34.194000,10358,10360,10358,5
2019-08-26,15:04:34.945000,10358,10360,10358,1
2019-08-26,15:04:34.976000,10358,10359,10359,1
2019-08-26,15:04:35.051000,10358,10359,10358,1
2019-08-26,15:04:35.375000,10358,10359,10358,1
2019-08-26,15:04:35.395000,10358,10359,10358,5
2019-08-26,15:04:35.465000,10358,10359,10359,1
2019-08-26,15:04:36.056000,10358,10359,10359,1
2019-08-26,15:04:37.330000,10358,10359,10358,17
2019-08-26,15:04:37.921000,10357,10358,10357,5
2019-08-26,15:04:38.411000,10357,10358,10357,5
2019-08-26,15:04:38.902000,10357,10358,10357,1
2019-08-26,15:04:39.268000,10357,10358,10357,5
2019-08-26,15:04:39.428000,10357,10358,10357,2
2019-08-26,15:04:39.430000,10357,10358,10357,2
2019-08-26,15:04:39.473000,10357,10358,10357,4
2019-08-26,15:04:40.133000,10357,10358,10357,5
2019-08-26,15:04:40.270000,10357,10358,10357,1
2019-08-26,15:04:40.668000,10357,10358,10357,1
2019-08-26,15:04:40.785000,10356,10358,10356,5
2019-08-26,15:04:41.156000,10356,10357,10356,4
2019-08-26,15:04:42.042000,10356,10357,10357,1
2019-08-26,15:04:42.118000,10356,10357,10356,1
2019-08-26,15:04:42.989000,10356,10357,10356,2
2019-08-26,15:04:43.634000,10356,10357,10357,1
2019-08-26,15:04:45.002000,10356,10357,10356,1
2019-08-26,15:04:47.944000,10356,10357,10356,1
2019-08-26,15:04:47.944000,10356,10357,10356,4
2019-08-26,15:04:48.571000,10356,10357,10356,4
2019-08-26,15:04:49.952000,10356,10357,10356,4
2019-08-26,15:04:50.631000,10356,10357,10356,1
2019-08-26,15:04:51.586000,10356,10357,10356,1
2019-08-26,15:04:51.849000,10355,10356,10356,2
2019-08-26,15:04:52.584000,10356,10357,10357,1
2019-08-26,15:04:52.608000,10356,10357,10357,10
2019-08-26,15:04:53.036000,10356,10357,10356,1
2019-08-26,15:04:54.777000,10356,10357,10356,1
2019-08-26,15:04:54.781000,10356,10357,10356,1
2019-08-26,15:04:55.559000,10356,10357,10356,1
2019-08-26,15:04:55.593000,10356,10357,10356,2
2019-08-26,15:04:55.832000,10356,10357,10356,2
2019-08-26,15:04:55.833000,10356,10357,10356,4
2019-08-26,15:04:55.990000,10356,10357,10356,2
2019-08-26,15:04:56.040000,10356,10357,10356,1
2019-08-26,15:04:56.503000,10356,10357,10356,2
2019-08-26,15:04:56.608000,10355,10357,10356,1
2019-08-26,15:04:59.464000,10355,10356,10356,3
2019-08-26,15:05:00.098000,10355,10356,10356,3
2019-08-26,15:05:00.219000,10355,10357,10356,1
2019-08-26,15:05:00.244000,10356,10357,10356,4
2019-08-26,15:05:00.443000,10355,10356,10355,20
2019-08-26,15:05:00.480000,10355,10356,10355,1
2019-08-26,15:05:00.800000,10354,10356,10356,1
2019-08-26,15:05:02.055000,10354,10355,10356,1
2019-08-26,15:05:02.074000,10354,10355,10354,20
2019-08-26,15:05:02.171000,10354,10356,10355,1
2019-08-26,15:05:02.178000,10354,10356,10355,1
2019-08-26,15:05:02.179000,10354,10356,10355,1
2019-08-26,15:05:02.261000,10354,10355,10355,1
2019-08-26,15:05:02.384000,10354,10355,10354,5
2019-08-26,15:05:03.153000,10355,10356,10356,1
2019-08-26,15:05:03.212000,10355,10356,10356,1
2019-08-26,15:05:03.477000,10355,10356,10355,2
2019-08-26,15:05:03.878000,10355,10356,10355,1
2019-08-26,15:05:03.969000,10355,10356,10355,1
2019-08-26,15:05:04.265000,10355,10356,10355,1
2019-08-26,15:05:05.530000,10355,10356,10355,3
2019-08-26,15:05:09.021000,10355,10356,10355,5
2019-08-26,15:05:09.630000,10355,10356,10356,1
2019-08-26,15:05:09.636000,10355,10356,10355,1
2019-08-26,15:05:10.248000,10355,10356,10355,1
2019-08-26,15:05:10.411000,10355,10356,10355,1
2019-08-26,15:05:12.016000,10355,10356,10355,1
2019-08-26,15:05:12.707000,10355,10356,10355,3
2019-08-26,15:05:12.708000,10355,10356,10355,2
2019-08-26,15:05:12.708000,10355,10356,10355,1
2019-08-26,15:05:13.180000,10355,10356,10355,1
2019-08-26,15:05:15.563000,10354,10355,10354,1
2019-08-26,15:05:16.930000,10354,10355,10354,5
2019-08-26,15:05:17.240000,10354,10355,10354,1
2019-08-26,15:05:17.286000,10354,10355,10354,1
2019-08-26,15:05:17.350000,10354,10355,10354,1
2019-08-26,15:05:17.836000,10353,10354,10353,1
2019-08-26,15:05:18.050000,10353,10354,10354,1
2019-08-26,15:05:19.449000,10353,10354,10353,5
2019-08-26,15:05:19.860000,10353,10354,10353,1
2019-08-26,15:05:20.782000,10353,10354,10353,5
2019-08-26,15:05:21.013000,10353,10354,10353,5
2019-08-26,15:05:21.101000,10353,10354,10353,2
2019-08-26,15:05:21.678000,10353,10354,10353,1
2019-08-26,15:05:21.678000,10353,10354,10352,2
2019-08-26,15:05:22.598000,10352,10354,10353,2
2019-08-26,15:05:23.428000,10353,10354,10353,1
2019-08-26,15:05:23.783000,10352,10354,10353,1
2019-08-26,15:05:23.830000,10352,10354,10353,1
2019-08-26,15:05:24.286000,10353,10354,10353,1
2019-08-26,15:05:25.413000,10353,10354,10353,4
2019-08-26,15:05:26.428000,10353,10354,10354,21
2019-08-26,15:05:27.078000,10354,10355,10354,1
2019-08-26,15:05:27.191000,10354,10355,10354,1
2019-08-26,15:05:27.609000,10354,10355,10354,2
2019-08-26,15:05:27.841000,10354,10355,10355,1
2019-08-26,15:05:28.410000,10354,10355,10354,1
2019-08-26,15:05:28.422000,10354,10355,10354,1
2019-08-26,15:05:28.525000,10354,10355,10354,2
2019-08-26,15:05:28.527000,10354,10355,10354,2
2019-08-26,15:05:28.741000,10354,10355,10355,2
2019-08-26,15:05:28.742000,10354,10355,10355,2
2019-08-26,15:05:28.788000,10354,10355,10355,4
2019-08-26,15:05:28.788000,10354,10355,10355,2
2019-08-26,15:05:28.799000,10354,10355,10354,1
2019-08-26,15:05:29.024000,10354,10355,10354,1
2019-08-26,15:05:29.306000,10354,10355,10354,1
2019-08-26,15:05:30.763000,10354,10355,10354,2
2019-08-26,15:05:30.822000,10354,10355,10354,2
2019-08-26,15:05:31.061000,10353,10354,10353,1
2019-08-26,15:05:31.437000,10353,10354,10353,1
2019-08-26,15:05:31.685000,10353,10354,10353,4
2019-08-26,15:05:31.686000,10353,10354,10353,1
2019-08-26,15:05:31.686000,10353,10354,10353,1
2019-08-26,15:05:31.694000,10353,10354,10353,1
2019-08-26,15:05:31.696000,10353,10354,10353,3
2019-08-26,15:05:31.724000,10353,10354,10353,3
2019-08-26,15:05:33.487000,10352,10353,10352,3
2019-08-26,15:05:33.489000,10352,10353,10352,1
2019-08-26,15:05:33.529000,10352,10353,10352,1
2019-08-26,15:05:33.599000,10352,10353,10352,3
2019-08-26,15:05:33.606000,10352,10353,10352,8
2019-08-26,15:05:34.155000,10351,10353,10353,1
2019-08-26,15:05:34.532000,10351,10353,10352,1
2019-08-26,15:05:34.964000,10351,10353,10351,1
2019-08-26,15:05:35.809000,10351,10353,10351,2
2019-08-26,15:05:35.942000,10351,10353,10351,5
2019-08-26,15:05:37.034000,10351,10352,10351,1
2019-08-26,15:05:37.188000,10351,10352,10352,1
2019-08-26,15:05:38.783000,10351,10352,10351,1
2019-08-26,15:05:39.471000,10351,10352,10352,1
2019-08-26,15:05:40.299000,10351,10352,10351,5
2019-08-26,15:05:40.505000,10351,10352,10351,1
2019-08-26,15:05:40.713000,10350,10351,10351,1
2019-08-26,15:05:40.933000,10350,10351,10351,1
2019-08-26,15:05:41,10350,10351,10351,1
2019-08-26,15:05:41,10350,10351,10351,1
2019-08-26,15:05:41.014000,10350,10351,10351,2
2019-08-26,15:05:41.543000,10350,10351,10351,1
2019-08-26,15:05:42.595000,10350,10351,10351,4
2019-08-26,15:05:43.740000,10350,10351,10350,1
2019-08-26,15:05:43.742000,10350,10351,10350,1
2019-08-26,15:05:44.012000,10350,10351,10350,2
2019-08-26,15:05:44.050000,10350,10351,10350,4
2019-08-26,15:05:44.539000,10350,10351,10351,5
2019-08-26,15:05:45.730000,10350,10351,10351,2
2019-08-26,15:05:45.792000,10350,10351,10350,5
2019-08-26,15:05:46.116000,10350,10351,10350,2
2019-08-26,15:05:46.224000,10350,10351,10350,3
2019-08-26,15:05:46.225000,10350,10351,10350,8
2019-08-26,15:05:46.864000,10349,10350,10349,1
2019-08-26,15:05:47.122000,10349,10350,10350,3
2019-08-26,15:05:48.513000,10349,10350,10349,2
2019-08-26,15:05:48.523000,10349,10350,10349,1
2019-08-26,15:05:51.277000,10348,10349,10349,1
2019-08-26,15:05:52.821000,10348,10349,10348,1
2019-08-26,15:05:53.315000,10348,10349,10348,2
2019-08-26,15:05:53.375000,10348,10349,10348,1
2019-08-26,15:05:53.375000,10348,10349,10348,2
2019-08-26,15:05:53.377000,10348,10349,10348,2
2019-08-26,15:05:53.640000,10347,10348,10347,1
2019-08-26,15:05:53.915000,10347,10348,10347,1
2019-08-26,15:05:54.149000,10347,10348,10347,1
2019-08-26,15:05:54.395000,10347,10348,10348,1
2019-08-26,15:05:54.637000,10347,10348,10347,1
2019-08-26,15:05:54.692000,10347,10348,10348,1
2019-08-26,15:05:55.120000,10347,10348,10348,2
2019-08-26,15:05:55.201000,10347,10348,10347,3
2019-08-26,15:05:55.237000,10346,10348,10347,1
2019-08-26,15:05:55.330000,10346,10348,10346,1
2019-08-26,15:05:55.641000,10346,10347,10346,4
2019-08-26,15:05:56.197000,10346,10347,10346,1
2019-08-26,15:05:56.197000,10346,10347,10346,1
2019-08-26,15:05:56.197000,10346,10347,10346,1
2019-08-26,15:05:56.197000,10346,10347,10346,1
2019-08-26,15:05:56.198000,10346,10347,10346,1
2019-08-26,15:05:56.224000,10346,10347,10346,1
2019-08-26,15:05:56.224000,10346,10347,10346,1
2019-08-26,15:05:56.467000,10345,10346,10346,1
2019-08-26,15:05:56.974000,10345,10346,10345,5
2019-08-26,15:05:56.975000,10345,10346,10345,2
2019-08-26,15:05:56.975000,10345,10346,10345,2
2019-08-26,15:05:57.735000,10344,10345,10345,1
2019-08-26,15:05:59.032000,10344,10345,10345,2
2019-08-26,15:05:59.034000,10344,10345,10345,2
2019-08-26,15:05:59.036000,10344,10345,10345,2
2019-08-26,15:05:59.038000,10344,10345,10345,2
2019-08-26,15:05:59.099000,10344,10345,10345,2
2019-08-26,15:05:59.599000,10345,10346,10346,3
2019-08-26,15:05:59.770000,10345,10347,10346,1
2019-08-26,15:05:59.837000,10345,10347,10346,3
2019-08-26,15:06:00.043000,10345,10347,10347,1
2019-08-26,15:06:00.051000,10345,10347,10347,1
2019-08-26,15:06:00.063000,10345,10347,10347,1
2019-08-26,15:06:00.077000,10345,10347,10347,1
2019-08-26,15:06:00.209000,10345,10347,10346,1
2019-08-26,15:06:00.209000,10345,10347,10345,4
2019-08-26,15:06:00.300000,10345,10347,10345,1
2019-08-26,15:06:00.354000,10345,10347,10345,2
2019-08-26,15:06:00.358000,10345,10347,10347,1
2019-08-26,15:06:00.650000,10346,10347,10347,2
2019-08-26,15:06:00.651000,10346,10347,10347,1
2019-08-26,15:06:00.651000,10346,10347,10347,1
2019-08-26,15:06:00.652000,10346,10347,10347,1
2019-08-26,15:06:00.797000,10347,10348,10347,5
2019-08-26,15:06:01.193000,10347,10348,10347,1
2019-08-26,15:06:01.224000,10347,10348,10348,1
2019-08-26,15:06:01.225000,10347,10348,10348,2
2019-08-26,15:06:01.268000,10347,10348,10348,1
2019-08-26,15:06:01.349000,10347,10348,10348,11
2019-08-26,15:06:01.361000,10347,10348,10347,1
2019-08-26,15:06:01.823000,10347,10349,10349,25
2019-08-26,15:06:01.823000,10347,10349,10350,25
2019-08-26,15:06:02.189000,10349,10350,10349,1
2019-08-26,15:06:02.265000,10349,10350,10350,1
2019-08-26,15:06:02.310000,10349,10350,10349,9
2019-08-26,15:06:02.310000,10349,10350,10348,1
2019-08-26,15:06:02.379000,10348,10350,10349,1
2019-08-26,15:06:02.379000,10348,10350,10348,4
2019-08-26,15:06:02.506000,10348,10350,10350,17
2019-08-26,15:06:02.506000,10348,10350,10351,33
2019-08-26,15:06:03.230000,10351,10352,10352,1
2019-08-26,15:06:03.707000,10351,10352,10351,2
2019-08-26,15:06:03.998000,10351,10352,10351,1
2019-08-26,15:06:04.210000,10351,10352,10352,2
2019-08-26,15:06:04.210000,10351,10352,10352,2
2019-08-26,15:06:04.224000,10351,10352,10352,5
2019-08-26,15:06:04.225000,10351,10352,10352,1
2019-08-26,15:06:04.225000,10351,10352,10352,1
2019-08-26,15:06:04.263000,10351,10352,10352,4
2019-08-26,15:06:04.263000,10351,10352,10351,1
2019-08-26,15:06:04.303000,10351,10352,10351,2
2019-08-26,15:06:04.449000,10351,10353,10352,1
2019-08-26,15:06:04.725000,10352,10353,10353,4
2019-08-26,15:06:05.175000,10352,10353,10352,2
2019-08-26,15:06:05.907000,10352,10353,10352,1
2019-08-26,15:06:07.021000,10352,10353,10352,1
2019-08-26,15:06:07.426000,10351,10352,10352,1
2019-08-26,15:06:07.965000,10350,10351,10350,2
2019-08-26,15:06:08.023000,10350,10351,10351,1
2019-08-26,15:06:08.283000,10350,10351,10351,2
2019-08-26,15:06:08.440000,10350,10352,10350,1
2019-08-26,15:06:08.505000,10350,10352,10352,1
2019-08-26,15:06:08.699000,10350,10352,10350,2
2019-08-26,15:06:09.203000,10350,10352,10350,1
2019-08-26,15:06:09.234000,10350,10352,10350,4
2019-08-26,15:06:09.737000,10351,10352,10351,1
2019-08-26,15:06:10.505000,10350,10352,10350,1
2019-08-26,15:06:11.211000,10351,10352,10352,2
2019-08-26,15:06:14.136000,10351,10352,10351,1
2019-08-26,15:06:14.274000,10351,10352,10352,2
2019-08-26,15:06:14.505000,10351,10352,10351,1
2019-08-26,15:06:15.205000,10351,10352,10352,12
2019-08-26,15:06:15.860000,10352,10353,10352,2
2019-08-26,15:06:17.144000,10351,10353,10351,1
2019-08-26,15:06:17.350000,10351,10352,10351,4
2019-08-26,15:06:17.389000,10351,10352,10351,1
2019-08-26,15:06:17.401000,10351,10352,10351,1
2019-08-26,15:06:17.401000,10351,10352,10351,1
2019-08-26,15:06:17.401000,10351,10352,10351,1
2019-08-26,15:06:17.408000,10351,10352,10351,2
2019-08-26,15:06:17.409000,10351,10352,10351,2
2019-08-26,15:06:17.439000,10351,10352,10351,4
2019-08-26,15:06:17.474000,10351,10352,10351,15
2019-08-26,15:06:17.550000,10351,10352,10350,10
2019-08-26,15:06:17.864000,10350,10351,10351,3
2019-08-26,15:06:18,10350,10351,10351,1
2019-08-26,15:06:18.043000,10350,10351,10351,1
2019-08-26,15:06:18.743000,10350,10351,10351,1
2019-08-26,15:06:20.182000,10350,10351,10350,2
2019-08-26,15:06:20.184000,10350,10351,10350,2
2019-08-26,15:06:20.185000,10350,10351,10350,4
2019-08-26,15:06:20.224000,10350,10351,10350,1
2019-08-26,15:06:20.224000,10350,10351,10350,3
2019-08-26,15:06:20.511000,10349,10350,10350,5
2019-08-26,15:06:24.083000,10349,10350,10349,5
2019-08-26,15:06:24.163000,10349,10350,10349,1
2019-08-26,15:06:24.199000,10349,10350,10350,2
2019-08-26,15:06:24.451000,10349,10350,10349,1
2019-08-26,15:06:24.587000,10349,10350,10350,1
2019-08-26,15:06:24.996000,10349,10350,10349,1
2019-08-26,15:06:25.364000,10348,10349,10349,1
2019-08-26,15:06:25.962000,10349,10350,10350,4
2019-08-26,15:06:25.962000,10349,10350,10350,1
2019-08-26,15:06:26.759000,10350,10351,10351,1
2019-08-26,15:06:26.759000,10350,10351,10351,1
2019-08-26,15:06:26.759000,10350,10351,10351,1
2019-08-26,15:06:26.921000,10351,10352,10351,1
2019-08-26,15:06:27.178000,10351,10352,10351,2
2019-08-26,15:06:27.643000,10351,10352,10351,3
2019-08-26,15:06:27.643000,10351,10352,10350,3
2019-08-26,15:06:27.769000,10351,10352,10351,1
2019-08-26,15:06:27.991000,10351,10352,10351,2
2019-08-26,15:06:27.993000,10351,10352,10351,2
2019-08-26,15:06:28.422000,10351,10352,10351,1
2019-08-26,15:06:29.535000,10351,10352,10351,1
2019-08-26,15:06:29.758000,10351,10352,10351,2
2019-08-26,15:06:30.131000,10351,10352,10352,20
2019-08-26,15:06:30.134000,10351,10352,10352,2
2019-08-26,15:06:30.224000,10351,10352,10352,7
2019-08-26,15:06:30.748000,10352,10353,10352,1
2019-08-26,15:06:31.849000,10352,10353,10352,1
2019-08-26,15:06:34.192000,10351,10352,10352,2
2019-08-26,15:06:34.963000,10352,10353,10352,1
2019-08-26,15:06:35.119000,10352,10353,10353,2
2019-08-26,15:06:35.136000,10352,10353,10353,4
2019-08-26,15:06:37.228000,10352,10353,10353,1
2019-08-26,15:06:38.092000,10352,10353,10352,1
2019-08-26,15:06:39.474000,10352,10353,10352,4
2019-08-26,15:06:39.474000,10352,10353,10352,3
2019-08-26,15:06:39.836000,10351,10352,10351,1
2019-08-26,15:06:40.558000,10351,10352,10352,1
2019-08-26,15:06:40.701000,10351,10353,10353,1
2019-08-26,15:06:40.854000,10352,10353,10352,1
2019-08-26,15:06:41.247000,10352,10353,10352,1
2019-08-26,15:06:41.349000,10352,10353,10353,2
2019-08-26,15:06:42.857000,10352,10354,10352,1
2019-08-26,15:06:46.267000,10352,10353,10352,2
2019-08-26,15:06:46.344000,10352,10353,10352,1
2019-08-26,15:06:46.349000,10352,10353,10352,1
2019-08-26,15:06:47.263000,10351,10353,10353,2
2019-08-26,15:06:48.481000,10351,10352,10351,2
2019-08-26,15:06:48.825000,10350,10351,10350,5
2019-08-26,15:06:48.974000,10350,10351,10350,2
2019-08-26,15:06:49.297000,10349,10351,10351,1
2019-08-26,15:06:49.948000,10350,10351,10352,1
2019-08-26,15:06:51.316000,10350,10351,10351,1
2019-08-26,15:06:53.560000,10350,10351,10351,1
2019-08-26,15:06:57.618000,10351,10352,10351,1
2019-08-26,15:06:58.323000,10350,10351,10351,1
2019-08-26,15:06:59.988000,10350,10351,10351,1
2019-08-26,15:07:00.653000,10350,10351,10351,1
2019-08-26,15:07:01.059000,10350,10351,10350,2
2019-08-26,15:07:02.035000,10350,10351,10351,1
2019-08-26,15:07:02.178000,10350,10351,10350,1
2019-08-26,15:07:02.179000,10350,10351,10350,1
2019-08-26,15:07:02.224000,10350,10351,10350,1
2019-08-26,15:07:02.439000,10349,10351,10351,4
2019-08-26,15:07:04.474000,10350,10351,10351,1
2019-08-26,15:07:05.728000,10351,10352,10351,2
2019-08-26,15:07:06.351000,10350,10351,10351,1
2019-08-26,15:07:06.499000,10350,10352,10350,1
2019-08-26,15:07:07.489000,10350,10351,10351,1
2019-08-26,15:07:07.851000,10351,10352,10352,2
2019-08-26,15:07:07.852000,10351,10352,10352,12
2019-08-26,15:07:07.852000,10351,10352,10352,1
2019-08-26,15:07:08.017000,10352,10353,10353,12
2019-08-26,15:07:08.018000,10352,10353,10353,2
2019-08-26,15:07:08.099000,10352,10353,10353,1
2019-08-26,15:07:08.931000,10352,10353,10352,6
2019-08-26,15:07:10.588000,10353,10354,10353,1
2019-08-26,15:07:10.963000,10352,10353,10352,1
2019-08-26,15:07:12.527000,10352,10353,10352,1
2019-08-26,15:07:12.683000,10351,10352,10352,1
2019-08-26,15:07:12.933000,10351,10352,10351,2
2019-08-26,15:07:13.599000,10351,10352,10351,1
2019-08-26,15:07:14.724000,10351,10352,10351,1
2019-08-26,15:07:16.843000,10351,10352,10351,2
2019-08-26,15:07:17.835000,10351,10352,10351,2
2019-08-26,15:07:17.835000,10351,10352,10351,2
2019-08-26,15:07:17.836000,10351,10352,10351,2
2019-08-26,15:07:17.838000,10351,10352,10351,2
2019-08-26,15:07:17.840000,10351,10352,10351,1
2019-08-26,15:07:17.849000,10351,10352,10351,5
2019-08-26,15:07:20.012000,10350,10351,10350,1
2019-08-26,15:07:21.136000,10350,10351,10351,1
2019-08-26,15:07:23.940000,10351,10352,10352,4
2019-08-26,15:07:24.201000,10351,10352,10351,5
2019-08-26,15:07:26.280000,10352,10353,10352,1
2019-08-26,15:07:27.997000,10352,10353,10352,1
2019-08-26,15:07:29.078000,10351,10352,10352,1
2019-08-26,15:07:31.211000,10351,10352,10351,2
2019-08-26,15:07:33.001000,10350,10351,10351,2
2019-08-26,15:07:33.149000,10350,10351,10351,1
2019-08-26,15:07:35.296000,10351,10352,10352,2
2019-08-26,15:07:35.296000,10351,10352,10352,3
2019-08-26,15:07:35.296000,10351,10352,10352,1
2019-08-26,15:07:35.297000,10351,10352,10352,2
2019-08-26,15:07:35.302000,10351,10352,10352,2
2019-08-26,15:07:35.305000,10351,10352,10352,2
2019-08-26,15:07:35.339000,10351,10352,10352,3
2019-08-26,15:07:36.867000,10352,10353,10352,1
2019-08-26,15:07:36.992000,10352,10353,10352,1
2019-08-26,15:07:37.580000,10352,10353,10352,2
2019-08-26,15:07:37.580000,10352,10353,10352,1
2019-08-26,15:07:37.581000,10352,10353,10352,1
2019-08-26,15:07:37.581000,10352,10353,10352,1
2019-08-26,15:07:37.915000,10351,10352,10351,1
2019-08-26,15:07:38.717000,10351,10352,10351,2
2019-08-26,15:07:38.719000,10351,10352,10351,2
2019-08-26,15:07:38.720000,10351,10352,10351,2
2019-08-26,15:07:38.724000,10351,10352,10351,2
2019-08-26,15:07:40.200000,10350,10351,10351,1
2019-08-26,15:07:41.727000,10350,10351,10350,1
2019-08-26,15:07:43.539000,10350,10351,10350,1
2019-08-26,15:07:43.599000,10350,10351,10350,16
2019-08-26,15:07:43.600000,10350,10351,10350,2
2019-08-26,15:07:43.600000,10350,10351,10350,1
2019-08-26,15:07:43.641000,10350,10351,10350,5
2019-08-26,15:07:43.641000,10350,10351,10350,3
2019-08-26,15:07:45.776000,10350,10351,10351,1
2019-08-26,15:07:47.949000,10350,10351,10350,1
2019-08-26,15:07:53.138000,10349,10350,10350,1
2019-08-26,15:07:53.242000,10349,10350,10350,1
2019-08-26,15:07:55.571000,10349,10350,10350,1
2019-08-26,15:07:55.571000,10349,10350,10350,1
2019-08-26,15:07:55.622000,10349,10350,10350,2
2019-08-26,15:07:56.913000,10350,10351,10350,1
2019-08-26,15:07:57.405000,10350,10351,10350,1
2019-08-26,15:07:58.544000,10350,10351,10350,1
2019-08-26,15:08:00.367000,10350,10351,10350,5
2019-08-26,15:08:00.380000,10350,10351,10350,2
2019-08-26,15:08:00.489000,10349,10350,10350,1
2019-08-26,15:08:00.489000,10349,10350,10350,1
2019-08-26,15:08:00.489000,10349,10350,10350,1
2019-08-26,15:08:01.762000,10350,10351,10350,3
2019-08-26,15:08:02.282000,10350,10351,10351,1
2019-08-26,15:08:02.547000,10349,10351,10351,7
2019-08-26,15:08:03.584000,10350,10351,10350,1
2019-08-26,15:08:04.341000,10349,10350,10350,1
2019-08-26,15:08:04.507000,10349,10350,10350,2
2019-08-26,15:08:04.599000,10350,10351,10350,3
2019-08-26,15:08:08.397000,10350,10351,10351,1
2019-08-26,15:08:09.130000,10350,10351,10350,1
2019-08-26,15:08:10.426000,10350,10351,10351,17
2019-08-26,15:08:10.474000,10350,10351,10351,17
2019-08-26,15:08:11.573000,10351,10352,10351,2
2019-08-26,15:08:11.918000,10350,10352,10351,4
2019-08-26,15:08:13.621000,10351,10352,10351,1
2019-08-26,15:08:13.786000,10351,10352,10351,6
2019-08-26,15:08:13.787000,10351,10352,10351,1
2019-08-26,15:08:13.850000,10350,10351,10351,1
2019-08-26,15:08:14.157000,10350,10352,10350,1
2019-08-26,15:08:14.450000,10351,10352,10351,1
2019-08-26,15:08:14.575000,10351,10352,10352,1
2019-08-26,15:08:23.450000,10351,10352,10351,1
2019-08-26,15:08:24.697000,10351,10352,10352,10
2019-08-26,15:08:25.570000,10351,10352,10352,1
2019-08-26,15:08:29.763000,10351,10352,10352,1
2019-08-26,15:08:31.246000,10351,10352,10352,3
2019-08-26,15:08:32.662000,10352,10353,10352,1
2019-08-26,15:08:33.305000,10351,10352,10352,1
2019-08-26,15:08:35.156000,10351,10352,10351,2
2019-08-26,15:08:35.157000,10351,10352,10351,1
2019-08-26,15:08:35.157000,10351,10352,10351,1
2019-08-26,15:08:35.157000,10351,10352,10351,3
2019-08-26,15:08:35.157000,10351,10352,10351,1
2019-08-26,15:08:35.158000,10351,10352,10351,2
2019-08-26,15:08:35.579000,10350,10351,10350,8
2019-08-26,15:08:35.599000,10350,10351,10350,1
2019-08-26,15:08:36.083000,10350,10351,10350,1
2019-08-26,15:08:39.553000,10351,10352,10351,1
2019-08-26,15:08:42.768000,10351,10352,10352,2
2019-08-26,15:08:42.770000,10351,10352,10352,2
2019-08-26,15:08:42.772000,10351,10352,10352,1
2019-08-26,15:08:42.791000,10351,10352,10352,4
2019-08-26,15:08:42.809000,10351,10352,10352,2
2019-08-26,15:08:42.809000,10351,10352,10352,1
2019-08-26,15:08:43.262000,10352,10353,10352,1
2019-08-26,15:08:43.899000,10352,10353,10353,6
2019-08-26,15:08:43.899000,10352,10353,10353,7
2019-08-26,15:08:43.974000,10352,10353,10353,3
2019-08-26,15:08:45.329000,10352,10354,10352,3
2019-08-26,15:08:47.377000,10353,10354,10354,5
2019-08-26,15:08:47.525000,10353,10354,10354,2
2019-08-26,15:08:48.005000,10353,10354,10354,1
2019-08-26,15:08:48.166000,10353,10354,10354,5
2019-08-26,15:08:48.224000,10353,10354,10354,4
2019-08-26,15:08:48.224000,10353,10354,10354,5
2019-08-26,15:08:48.369000,10354,10355,10355,1
2019-08-26,15:08:51.491000,10353,10354,10354,1
2019-08-26,15:08:52.045000,10353,10354,10354,5
2019-08-26,15:08:52.463000,10353,10354,10353,1
2019-08-26,15:08:54.587000,10353,10354,10353,2
2019-08-26,15:08:54.589000,10353,10354,10353,2
2019-08-26,15:08:54.590000,10353,10354,10353,2
2019-08-26,15:08:54.766000,10352,10354,10353,1
2019-08-26,15:08:54.766000,10352,10354,10354,4
2019-08-26,15:08:57.012000,10352,10353,10353,1
2019-08-26,15:08:57.916000,10352,10353,10353,1
2019-08-26,15:08:58.502000,10352,10353,10352,1
2019-08-26,15:08:58.560000,10352,10353,10352,1
2019-08-26,15:09:00.565000,10352,10353,10353,1
2019-08-26,15:09:01.411000,10352,10353,10352,5
2019-08-26,15:09:02.011000,10351,10352,10351,1
2019-08-26,15:09:02.164000,10351,10352,10351,3
2019-08-26,15:09:02.231000,10351,10352,10352,2
2019-08-26,15:09:02.232000,10351,10352,10352,2
2019-08-26,15:09:03.976000,10352,10353,10353,1
2019-08-26,15:09:03.990000,10352,10353,10354,1
2019-08-26,15:09:04.243000,10352,10354,10354,1
2019-08-26,15:09:04.298000,10352,10354,10353,1
2019-08-26,15:09:04.358000,10352,10353,10353,1
2019-08-26,15:09:04.363000,10352,10353,10354,1
2019-08-26,15:09:04.366000,10352,10353,10354,1
2019-08-26,15:09:04.829000,10352,10354,10354,1
2019-08-26,15:09:04.838000,10352,10354,10354,1
2019-08-26,15:09:04.920000,10352,10354,10354,2
2019-08-26,15:09:04.983000,10352,10354,10353,1
2019-08-26,15:09:05.386000,10353,10354,10354,1
2019-08-26,15:09:05.392000,10353,10354,10354,1
2019-08-26,15:09:05.398000,10353,10354,10354,1
2019-08-26,15:09:05.502000,10353,10354,10354,1
2019-08-26,15:09:05.505000,10353,10354,10353,1
2019-08-26,15:09:05.526000,10353,10354,10353,1
2019-08-26,15:09:05.687000,10353,10354,10354,1
2019-08-26,15:09:05.721000,10353,10354,10353,2
2019-08-26,15:09:05.984000,10352,10353,10353,1
2019-08-26,15:09:05.994000,10352,10353,10353,1
2019-08-26,15:09:06.005000,10352,10353,10354,1
2019-08-26,15:09:06.069000,10352,10353,10354,1
2019-08-26,15:09:06.129000,10352,10354,10354,1
2019-08-26,15:09:06.345000,10352,10354,10354,2
2019-08-26,15:09:06.501000,10352,10354,10354,1
2019-08-26,15:09:06.525000,10352,10354,10354,1
2019-08-26,15:09:06.649000,10352,10354,10354,1
2019-08-26,15:09:06.770000,10353,10354,10354,1
2019-08-26,15:09:06.812000,10353,10354,10354,1
2019-08-26,15:09:06.815000,10353,10354,10354,1
2019-08-26,15:09:06.967000,10353,10354,10353,1
2019-08-26,15:09:07.019000,10353,10354,10354,1
2019-08-26,15:09:07.091000,10353,10354,10354,1
2019-08-26,15:09:07.094000,10353,10354,10354,2
2019-08-26,15:09:07.168000,10353,10354,10354,1
2019-08-26,15:09:07.988000,10353,10354,10353,2
2019-08-26,15:09:08.175000,10352,10354,10354,3
2019-08-26,15:09:08.238000,10353,10354,10353,1
2019-08-26,15:09:08.276000,10353,10354,10353,1
2019-08-26,15:09:08.299000,10353,10354,10352,1
2019-08-26,15:09:08.385000,10352,10354,10352,1
2019-08-26,15:09:08.411000,10352,10354,10352,2
2019-08-26,15:09:08.562000,10352,10354,10352,1
2019-08-26,15:09:08.863000,10352,10353,10353,1
2019-08-26,15:09:10.605000,10352,10353,10353,1
2019-08-26,15:09:10.645000,10352,10353,10353,1
2019-08-26,15:09:11.947000,10352,10353,10353,1
2019-08-26,15:09:12.414000,10352,10353,10353,1
2019-08-26,15:09:14.459000,10352,10353,10353,1
2019-08-26,15:09:14.797000,10352,10353,10353,1
2019-08-26,15:09:16.318000,10352,10353,10353,5
2019-08-26,15:09:16.554000,10352,10353,10353,1
2019-08-26,15:09:17.892000,10352,10353,10352,1
2019-08-26,15:09:17.892000,10352,10353,10352,1
2019-08-26,15:09:17.894000,10352,10353,10352,1
2019-08-26,15:09:17.974000,10352,10353,10352,2
2019-08-26,15:09:21.974000,10352,10353,10352,3
2019-08-26,15:09:21.975000,10352,10353,10352,1
2019-08-26,15:09:22.348000,10351,10352,10352,2
2019-08-26,15:09:22.349000,10352,10353,10352,3
2019-08-26,15:09:22.689000,10351,10352,10352,1
2019-08-26,15:09:22.724000,10352,10353,10352,2
2019-08-26,15:09:24.292000,10351,10352,10351,2
2019-08-26,15:09:31.208000,10351,10352,10352,2
2019-08-26,15:09:31.210000,10351,10352,10352,2
2019-08-26,15:09:31.218000,10351,10352,10352,1
2019-08-26,15:09:33.850000,10352,10353,10352,1
2019-08-26,15:09:35.264000,10352,10353,10352,1
2019-08-26,15:09:35.942000,10352,10353,10353,2
2019-08-26,15:09:35.942000,10352,10353,10353,1
2019-08-26,15:09:35.942000,10352,10353,10353,1
2019-08-26,15:09:35.942000,10352,10353,10353,1
2019-08-26,15:09:35.942000,10352,10353,10353,2
2019-08-26,15:09:35.943000,10352,10353,10353,1
2019-08-26,15:09:35.947000,10352,10353,10353,1
2019-08-26,15:09:37.702000,10353,10354,10353,1
2019-08-26,15:09:40.655000,10353,10354,10353,2
2019-08-26,15:09:40.933000,10353,10354,10354,2
2019-08-26,15:09:41.866000,10353,10354,10354,3
2019-08-26,15:09:41.866000,10353,10354,10354,1
2019-08-26,15:09:42.710000,10353,10354,10354,1
2019-08-26,15:09:43.018000,10354,10355,10354,1
2019-08-26,15:09:44.637000,10354,10355,10354,1
2019-08-26,15:09:44.814000,10354,10355,10355,2
2019-08-26,15:09:44.814000,10354,10355,10355,1
2019-08-26,15:09:45.624000,10354,10355,10354,2
2019-08-26,15:09:48.269000,10353,10354,10354,2
2019-08-26,15:09:48.307000,10353,10354,10355,1
2019-08-26,15:09:48.326000,10353,10354,10355,1
2019-08-26,15:09:48.372000,10353,10355,10355,1
2019-08-26,15:09:48.506000,10353,10355,10355,1
2019-08-26,15:09:48.561000,10353,10355,10355,1
2019-08-26,15:09:48.842000,10353,10355,10355,1
2019-08-26,15:09:48.866000,10353,10355,10355,1
2019-08-26,15:09:48.869000,10353,10355,10355,1
2019-08-26,15:09:48.924000,10353,10355,10355,1
2019-08-26,15:09:48.927000,10353,10355,10355,1
2019-08-26,15:09:48.965000,10353,10355,10353,1
2019-08-26,15:09:48.975000,10353,10355,10353,1
2019-08-26,15:09:49.024000,10353,10355,10355,2
2019-08-26,15:09:49.151000,10353,10355,10353,1
2019-08-26,15:09:49.151000,10353,10355,10353,1
2019-08-26,15:09:49.186000,10353,10355,10355,1
2019-08-26,15:09:49.195000,10353,10355,10353,1
2019-08-26,15:09:49.401000,10353,10355,10354,1
2019-08-26,15:09:49.537000,10354,10355,10354,2
2019-08-26,15:09:49.552000,10354,10355,10355,1
2019-08-26,15:09:49.595000,10354,10355,10354,2
2019-08-26,15:09:49.619000,10354,10355,10353,2
2019-08-26,15:09:49.661000,10354,10355,10355,1
2019-08-26,15:09:49.725000,10353,10355,10353,4
2019-08-26,15:09:49.803000,10353,10355,10354,5
2019-08-26,15:09:49.805000,10353,10355,10355,1
2019-08-26,15:09:49.896000,10354,10355,10355,1
2019-08-26,15:09:49.911000,10354,10355,10354,2
2019-08-26,15:09:49.911000,10354,10355,10353,1
2019-08-26,15:09:49.948000,10354,10355,10353,3
2019-08-26,15:09:49.949000,10354,10355,10355,1
2019-08-26,15:09:50.044000,10353,10355,10354,1
2019-08-26,15:09:50.207000,10354,10355,10355,1
2019-08-26,15:09:50.242000,10354,10355,10355,1
2019-08-26,15:09:50.252000,10354,10355,10355,1
2019-08-26,15:09:50.422000,10354,10355,10355,1
2019-08-26,15:09:50.509000,10354,10355,10355,3
2019-08-26,15:09:50.654000,10353,10355,10355,1
2019-08-26,15:09:50.679000,10353,10355,10355,1
2019-08-26,15:09:50.698000,10353,10355,10355,3
2019-08-26,15:09:50.742000,10354,10355,10355,2
2019-08-26,15:09:50.770000,10354,10355,10355,2
2019-08-26,15:09:50.809000,10354,10355,10355,1
2019-08-26,15:09:50.893000,10354,10355,10355,1
2019-08-26,15:09:50.896000,10354,10355,10355,1
2019-08-26,15:09:50.996000,10354,10355,10355,1
2019-08-26,15:09:51.155000,10354,10355,10355,1
2019-08-26,15:09:51.156000,10354,10355,10355,1
2019-08-26,15:09:51.251000,10354,10355,10355,1
2019-08-26,15:09:51.311000,10354,10355,10355,1
2019-08-26,15:09:51.336000,10354,10355,10355,2
2019-08-26,15:09:51.559000,10354,10355,10355,1
2019-08-26,15:09:51.559000,10354,10355,10356,1
2019-08-26,15:09:51.712000,10354,10356,10356,2
2019-08-26,15:09:51.814000,10354,10356,10356,1
