2019-04-18,15:00:00.082000,10939,10940,10940,80
2019-04-18,15:00:00.084000,10939,10940,10939,4
2019-04-18,15:00:00.270000,10938,10940,10940,5
2019-04-18,15:00:00.274000,10938,10940,10940,1
2019-04-18,15:00:00.289000,10938,10940,10940,1
2019-04-18,15:00:00.290000,10938,10940,10940,2
2019-04-18,15:00:00.385000,10938,10940,10940,1
2019-04-18,15:00:00.406000,10938,10940,10940,1
2019-04-18,15:00:00.560000,10938,10940,10938,2
2019-04-18,15:00:00.563000,10938,10940,10938,1
2019-04-18,15:00:00.609000,10938,10940,10938,1
2019-04-18,15:00:00.692000,10938,10940,10939,1
2019-04-18,15:00:00.760000,10939,10940,10940,1
2019-04-18,15:00:00.908000,10939,10940,10940,4
2019-04-18,15:00:01.048000,10939,10941,10939,2
2019-04-18,15:00:01.109000,10939,10941,10939,1
2019-04-18,15:00:01.576000,10939,10940,10939,1
2019-04-18,15:00:01.641000,10939,10940,10939,2
2019-04-18,15:00:01.876000,10939,10940,10940,1
2019-04-18,15:00:03.314000,10939,10940,10940,2
2019-04-18,15:00:05.220000,10939,10940,10939,2
2019-04-18,15:00:05.243000,10938,10940,10940,12
2019-04-18,15:00:05.535000,10939,10940,10939,2
2019-04-18,15:00:05.627000,10939,10940,10940,1
2019-04-18,15:00:05.868000,10939,10941,10939,2
2019-04-18,15:00:05.986000,10939,10941,10941,1
2019-04-18,15:00:06.121000,10939,10941,10939,2
2019-04-18,15:00:06.330000,10939,10940,10940,1
2019-04-18,15:00:06.607000,10939,10941,10939,2
2019-04-18,15:00:06.644000,10939,10941,10939,2
2019-04-18,15:00:06.900000,10938,10939,10939,2
2019-04-18,15:00:07.239000,10939,10940,10940,1
2019-04-18,15:00:07.593000,10940,10941,10941,1
2019-04-18,15:00:08.977000,10940,10941,10941,1
2019-04-18,15:00:09.056000,10940,10941,10940,1
2019-04-18,15:00:09.314000,10940,10941,10941,9
2019-04-18,15:00:09.708000,10941,10942,10942,2
2019-04-18,15:00:09.739000,10941,10942,10942,3
2019-04-18,15:00:10.595000,10942,10943,10942,1
2019-04-18,15:00:11.055000,10942,10943,10943,1
2019-04-18,15:00:11.731000,10942,10943,10942,2
2019-04-18,15:00:11.997000,10942,10943,10942,1
2019-04-18,15:00:12.026000,10942,10943,10942,2
2019-04-18,15:00:12.089000,10942,10943,10942,2
2019-04-18,15:00:12.114000,10942,10943,10942,1
2019-04-18,15:00:12.754000,10941,10942,10941,2
2019-04-18,15:00:13.541000,10941,10942,10941,2
2019-04-18,15:00:15.247000,10941,10942,10941,1
2019-04-18,15:00:17.543000,10940,10941,10941,1
2019-04-18,15:00:18.228000,10940,10941,10940,2
2019-04-18,15:00:18.490000,10940,10941,10940,2
2019-04-18,15:00:19.287000,10940,10941,10941,1
2019-04-18,15:00:19.300000,10940,10941,10940,2
2019-04-18,15:00:19.344000,10940,10941,10940,2
2019-04-18,15:00:19.585000,10940,10941,10940,2
2019-04-18,15:00:19.866000,10940,10941,10941,8
2019-04-18,15:00:20.874000,10941,10942,10941,1
2019-04-18,15:00:23.835000,10941,10942,10941,1
2019-04-18,15:00:25.188000,10941,10942,10941,1
2019-04-18,15:00:25.760000,10941,10942,10942,1
2019-04-18,15:00:26.132000,10941,10942,10942,1
2019-04-18,15:00:26.244000,10941,10942,10941,2
2019-04-18,15:00:27.178000,10941,10942,10941,1
2019-04-18,15:00:31.720000,10941,10942,10942,1
2019-04-18,15:00:31.721000,10941,10942,10942,3
2019-04-18,15:00:31.721000,10941,10942,10942,9
2019-04-18,15:00:31.895000,10942,10943,10943,4
2019-04-18,15:00:32.039000,10942,10944,10943,2
2019-04-18,15:00:32.720000,10943,10944,10943,2
2019-04-18,15:00:35.458000,10942,10944,10942,20
2019-04-18,15:00:35.782000,10942,10943,10943,5
2019-04-18,15:00:39.127000,10942,10943,10943,2
2019-04-18,15:00:40.109000,10942,10943,10943,2
2019-04-18,15:00:40.109000,10942,10943,10943,1
2019-04-18,15:00:40.750000,10942,10943,10943,2
2019-04-18,15:00:41.131000,10942,10943,10943,1
2019-04-18,15:00:41.454000,10942,10943,10943,1
2019-04-18,15:00:42.216000,10942,10943,10943,2
2019-04-18,15:00:44.067000,10942,10943,10943,1
2019-04-18,15:00:45.641000,10942,10943,10943,1
2019-04-18,15:00:45.852000,10942,10943,10943,2
2019-04-18,15:00:46.426000,10942,10943,10943,1
2019-04-18,15:00:46.931000,10942,10943,10943,1
2019-04-18,15:00:48.637000,10942,10943,10943,5
2019-04-18,15:00:49.958000,10942,10943,10943,1
2019-04-18,15:00:50.040000,10942,10943,10943,1
2019-04-18,15:00:53.364000,10942,10943,10943,3
2019-04-18,15:00:53.489000,10942,10943,10943,1
2019-04-18,15:00:56.583000,10943,10944,10943,5
2019-04-18,15:00:57.046000,10943,10944,10943,1
2019-04-18,15:01:00,10943,10944,10944,16
2019-04-18,15:01:02.951000,10944,10945,10944,1
2019-04-18,15:01:04.269000,10944,10945,10944,1
2019-04-18,15:01:08.182000,10944,10945,10944,5
2019-04-18,15:01:10.384000,10944,10945,10944,1
2019-04-18,15:01:12.990000,10944,10945,10945,1
2019-04-18,15:01:13.921000,10944,10945,10945,2
2019-04-18,15:01:15.082000,10944,10945,10945,11
2019-04-18,15:01:16.714000,10945,10946,10946,1
2019-04-18,15:01:16.714000,10945,10946,10946,1
2019-04-18,15:01:16.715000,10945,10946,10946,1
2019-04-18,15:01:16.739000,10945,10946,10946,1
2019-04-18,15:01:16.864000,10945,10946,10946,1
2019-04-18,15:01:16.864000,10945,10946,10946,1
2019-04-18,15:01:16.883000,10945,10946,10946,1
2019-04-18,15:01:17.578000,10946,10947,10947,1
2019-04-18,15:01:17.886000,10946,10947,10946,1
2019-04-18,15:01:17.918000,10946,10947,10946,1
2019-04-18,15:01:17.928000,10946,10947,10946,2
2019-04-18,15:01:18.839000,10946,10947,10947,2
2019-04-18,15:01:20.150000,10946,10947,10947,20
2019-04-18,15:01:20.304000,10946,10947,10947,2
2019-04-18,15:01:20.338000,10946,10947,10946,2
2019-04-18,15:01:21.633000,10946,10947,10947,1
2019-04-18,15:01:21.739000,10946,10947,10947,1
2019-04-18,15:01:21.739000,10946,10947,10947,1
2019-04-18,15:01:22.111000,10947,10948,10947,1
2019-04-18,15:01:22.239000,10946,10947,10947,1
2019-04-18,15:01:22.664000,10947,10948,10947,2
2019-04-18,15:01:23.274000,10947,10948,10947,1
2019-04-18,15:01:23.419000,10947,10948,10947,1
2019-04-18,15:01:23.420000,10947,10948,10947,1
2019-04-18,15:01:23.559000,10947,10948,10948,1
2019-04-18,15:01:23.559000,10947,10948,10948,1
2019-04-18,15:01:23.842000,10947,10948,10948,5
2019-04-18,15:01:23.864000,10947,10948,10948,3
2019-04-18,15:01:23.864000,10947,10948,10948,1
2019-04-18,15:01:23.989000,10947,10948,10948,1
2019-04-18,15:01:24.968000,10947,10949,10947,2
2019-04-18,15:01:25.577000,10947,10949,10947,1
2019-04-18,15:01:26.062000,10947,10948,10947,1
2019-04-18,15:01:26.824000,10947,10948,10948,1
2019-04-18,15:01:27.556000,10947,10948,10947,1
2019-04-18,15:01:31.009000,10947,10948,10947,20
2019-04-18,15:01:31.239000,10947,10948,10947,10
2019-04-18,15:01:31.239000,10947,10948,10947,1
2019-04-18,15:01:32.304000,10946,10947,10947,1
2019-04-18,15:01:34.350000,10946,10947,10947,1
2019-04-18,15:01:35.198000,10946,10947,10947,2
2019-04-18,15:01:38.316000,10946,10947,10947,1
2019-04-18,15:01:40.053000,10946,10947,10947,3
2019-04-18,15:01:41.148000,10946,10947,10946,1
2019-04-18,15:01:46.795000,10946,10947,10946,1
2019-04-18,15:01:49.889000,10946,10947,10946,1
2019-04-18,15:01:50.103000,10946,10947,10946,2
2019-04-18,15:01:50.588000,10946,10947,10947,3
2019-04-18,15:01:51.666000,10946,10947,10946,1
2019-04-18,15:01:51.955000,10946,10947,10946,5
2019-04-18,15:01:51.989000,10946,10947,10946,9
2019-04-18,15:01:54.484000,10945,10946,10946,1
2019-04-18,15:01:57.201000,10945,10946,10945,2
2019-04-18,15:01:57.786000,10945,10946,10946,1
2019-04-18,15:01:58.147000,10945,10946,10945,5
2019-04-18,15:01:58.340000,10945,10946,10945,4
2019-04-18,15:01:58.431000,10944,10945,10945,1
2019-04-18,15:01:59.402000,10944,10945,10945,1
2019-04-18,15:02:01.407000,10944,10945,10945,1
2019-04-18,15:02:01.739000,10944,10945,10945,5
2019-04-18,15:02:01.739000,10944,10945,10946,9
2019-04-18,15:02:02.649000,10945,10946,10945,1
2019-04-18,15:02:05.852000,10944,10945,10945,1
2019-04-18,15:02:08.865000,10945,10946,10945,2
2019-04-18,15:02:10.590000,10945,10946,10945,1
2019-04-18,15:02:11.209000,10945,10946,10945,1
2019-04-18,15:02:13.925000,10945,10946,10945,2
2019-04-18,15:02:14.270000,10945,10946,10945,1
2019-04-18,15:02:22.540000,10945,10946,10945,1
2019-04-18,15:02:22.614000,10945,10946,10945,1
2019-04-18,15:02:25.861000,10945,10946,10945,2
2019-04-18,15:02:26.479000,10945,10946,10945,1
2019-04-18,15:02:26.564000,10945,10946,10945,2
2019-04-18,15:02:27.227000,10945,10946,10945,1
2019-04-18,15:02:27.944000,10945,10946,10945,1
2019-04-18,15:02:28.090000,10945,10946,10945,1
2019-04-18,15:02:29.086000,10945,10946,10945,1
2019-04-18,15:02:36.746000,10945,10946,10945,1
2019-04-18,15:02:37.941000,10945,10946,10945,1
2019-04-18,15:02:38.750000,10945,10946,10945,1
2019-04-18,15:02:40.040000,10945,10946,10945,1
2019-04-18,15:02:42.134000,10945,10946,10945,5
2019-04-18,15:02:44.536000,10945,10946,10945,1
2019-04-18,15:02:45.876000,10945,10946,10945,1
2019-04-18,15:02:45.890000,10945,10946,10945,1
2019-04-18,15:03:00.467000,10944,10945,10944,1
2019-04-18,15:03:05.642000,10944,10945,10945,5
2019-04-18,15:03:07.527000,10944,10945,10945,2
2019-04-18,15:03:07.653000,10944,10945,10945,1
2019-04-18,15:03:13.582000,10945,10946,10945,5
2019-04-18,15:03:13.883000,10945,10946,10945,2
2019-04-18,15:03:16.302000,10944,10945,10945,1
2019-04-18,15:03:21.318000,10944,10945,10945,1
2019-04-18,15:03:24.665000,10944,10945,10945,5
2019-04-18,15:03:25.672000,10944,10945,10945,1
2019-04-18,15:03:29.528000,10944,10945,10945,2
2019-04-18,15:03:32.484000,10944,10945,10945,1
2019-04-18,15:03:32.651000,10944,10945,10944,2
2019-04-18,15:03:33.357000,10944,10945,10945,1
2019-04-18,15:03:38.537000,10944,10945,10945,1
2019-04-18,15:03:43.701000,10944,10945,10945,1
2019-04-18,15:03:49.239000,10944,10945,10945,1
2019-04-18,15:03:50.954000,10944,10945,10945,1
2019-04-18,15:03:53.958000,10944,10945,10945,1
2019-04-18,15:03:56.403000,10944,10945,10945,1
2019-04-18,15:03:59.518000,10944,10945,10944,1
2019-04-18,15:04:00.859000,10944,10945,10945,1
2019-04-18,15:04:01.881000,10944,10945,10944,1
2019-04-18,15:04:01.882000,10944,10945,10944,1
2019-04-18,15:04:01.919000,10944,10945,10944,2
2019-04-18,15:04:02.640000,10944,10945,10944,2
2019-04-18,15:04:04.242000,10944,10945,10944,2
2019-04-18,15:04:05.759000,10944,10945,10944,1
2019-04-18,15:04:10.950000,10944,10945,10944,8
2019-04-18,15:04:10.951000,10944,10945,10944,2
2019-04-18,15:04:21.896000,10943,10944,10944,1
2019-04-18,15:04:31.825000,10943,10944,10943,1
2019-04-18,15:04:32.182000,10943,10944,10943,1
2019-04-18,15:04:32.252000,10943,10944,10943,1
2019-04-18,15:04:32.432000,10943,10944,10943,1
2019-04-18,15:04:35.622000,10943,10944,10943,1
2019-04-18,15:04:36.848000,10943,10944,10943,8
2019-04-18,15:04:37.003000,10942,10943,10942,1
2019-04-18,15:04:37.019000,10942,10943,10942,2
2019-04-18,15:04:38.436000,10942,10943,10943,1
2019-04-18,15:04:40.332000,10942,10943,10942,1
2019-04-18,15:04:42.177000,10942,10943,10943,1
2019-04-18,15:04:44.565000,10942,10943,10942,4
2019-04-18,15:04:47.356000,10942,10943,10942,1
2019-04-18,15:04:48.767000,10942,10943,10942,2
2019-04-18,15:04:51.104000,10942,10943,10942,1
2019-04-18,15:04:52.359000,10942,10943,10942,4
2019-04-18,15:04:52.374000,10942,10943,10942,4
2019-04-18,15:04:54.800000,10942,10943,10942,1
2019-04-18,15:04:55.186000,10942,10943,10943,1
2019-04-18,15:04:58.921000,10942,10943,10942,1
2019-04-18,15:05:00.396000,10942,10943,10942,1
2019-04-18,15:05:00.610000,10942,10943,10942,1
2019-04-18,15:05:00.804000,10942,10943,10942,1
2019-04-18,15:05:00.986000,10942,10943,10942,1
2019-04-18,15:05:01.462000,10942,10943,10942,1
2019-04-18,15:05:01.488000,10942,10943,10942,1
2019-04-18,15:05:01.930000,10942,10943,10942,5
2019-04-18,15:05:01.989000,10942,10943,10942,3
2019-04-18,15:05:02.062000,10942,10943,10942,5
2019-04-18,15:05:02.099000,10942,10943,10942,2
2019-04-18,15:05:04.265000,10941,10942,10941,1
2019-04-18,15:05:04.271000,10941,10942,10941,1
2019-04-18,15:05:04.552000,10941,10942,10941,1
2019-04-18,15:05:04.623000,10941,10942,10941,1
2019-04-18,15:05:10.936000,10941,10942,10941,1
2019-04-18,15:05:12.008000,10941,10942,10941,1
2019-04-18,15:05:14.336000,10941,10942,10941,1
2019-04-18,15:05:15.091000,10941,10942,10941,25
2019-04-18,15:05:15.138000,10941,10942,10941,1
2019-04-18,15:05:16.248000,10941,10942,10941,1
2019-04-18,15:05:16.934000,10941,10942,10941,1
2019-04-18,15:05:17.813000,10941,10942,10941,1
2019-04-18,15:05:19.715000,10941,10942,10942,1
2019-04-18,15:05:20.794000,10941,10942,10941,1
2019-04-18,15:05:21.153000,10941,10942,10941,2
2019-04-18,15:05:25.648000,10941,10942,10942,1
2019-04-18,15:05:26.400000,10941,10942,10941,2
2019-04-18,15:05:26.430000,10941,10942,10941,1
2019-04-18,15:05:28.961000,10941,10942,10942,1
2019-04-18,15:05:46.245000,10941,10942,10941,1
2019-04-18,15:05:50.240000,10941,10942,10941,1
2019-04-18,15:05:50.834000,10941,10942,10941,2
2019-04-18,15:05:51.268000,10941,10942,10942,1
2019-04-18,15:05:51.782000,10941,10942,10941,1
2019-04-18,15:05:52.406000,10941,10942,10941,5
2019-04-18,15:05:53.109000,10940,10941,10940,2
2019-04-18,15:05:53.683000,10940,10941,10940,2
2019-04-18,15:05:58.404000,10940,10941,10940,1
2019-04-18,15:05:59.349000,10940,10941,10940,1
2019-04-18,15:06:00.192000,10940,10941,10940,2
2019-04-18,15:06:04.926000,10940,10941,10941,2
2019-04-18,15:06:05.564000,10940,10941,10940,1
2019-04-18,15:06:09.790000,10940,10941,10941,25
2019-04-18,15:06:18.946000,10941,10942,10942,1
2019-04-18,15:06:30.393000,10941,10942,10942,1
2019-04-18,15:06:30.393000,10941,10942,10942,1
2019-04-18,15:06:30.393000,10941,10942,10942,1
2019-04-18,15:06:30.393000,10941,10942,10942,1
2019-04-18,15:06:30.393000,10941,10942,10942,7
2019-04-18,15:06:30.394000,10941,10942,10942,5
2019-04-18,15:06:44.845000,10942,10943,10943,5
2019-04-18,15:06:57.344000,10943,10944,10944,1
2019-04-18,15:06:57.364000,10943,10944,10944,1
2019-04-18,15:06:57.403000,10943,10944,10944,4
2019-04-18,15:06:59.664000,10944,10945,10944,1
2019-04-18,15:06:59.890000,10944,10945,10944,1
2019-04-18,15:07:00.119000,10944,10945,10944,1
2019-04-18,15:07:04.708000,10944,10945,10944,2
2019-04-18,15:07:07.492000,10944,10945,10945,13
2019-04-18,15:07:07.630000,10944,10946,10946,1
2019-04-18,15:07:11.309000,10945,10946,10946,5
2019-04-18,15:07:14.767000,10945,10946,10946,5
2019-04-18,15:07:16.101000,10945,10946,10946,5
2019-04-18,15:07:17.908000,10945,10946,10946,1
2019-04-18,15:07:32.551000,10945,10946,10946,2
2019-04-18,15:07:35.752000,10945,10946,10945,1
2019-04-18,15:07:46.117000,10945,10946,10946,1
2019-04-18,15:07:47.571000,10945,10946,10946,1
2019-04-18,15:07:50.614000,10945,10946,10946,5
2019-04-18,15:07:54.789000,10945,10946,10946,3
2019-04-18,15:07:58.528000,10946,10947,10946,1
2019-04-18,15:08:07.845000,10946,10947,10946,1
2019-04-18,15:08:18.383000,10946,10947,10947,1
2019-04-18,15:08:25.051000,10946,10947,10946,2
2019-04-18,15:08:26.622000,10946,10947,10947,1
2019-04-18,15:08:29.192000,10946,10947,10946,1
2019-04-18,15:08:29.778000,10946,10947,10947,1
2019-04-18,15:08:35.485000,10946,10947,10947,2
2019-04-18,15:08:36.514000,10946,10947,10947,1
2019-04-18,15:08:40.083000,10946,10947,10946,2
2019-04-18,15:08:40.622000,10946,10947,10947,1
2019-04-18,15:08:46.149000,10946,10947,10947,4
2019-04-18,15:08:48.280000,10946,10947,10947,1
2019-04-18,15:08:52.755000,10946,10947,10947,1
2019-04-18,15:08:52.786000,10946,10947,10947,1
2019-04-18,15:08:53.625000,10946,10947,10947,2
2019-04-18,15:08:53.992000,10946,10947,10947,1
2019-04-18,15:09:00.902000,10946,10947,10947,29
2019-04-18,15:09:03.925000,10947,10948,10947,4
2019-04-18,15:09:04.567000,10947,10948,10947,1
2019-04-18,15:09:05.007000,10947,10948,10947,1
2019-04-18,15:09:05.357000,10947,10948,10947,1
2019-04-18,15:09:05.727000,10947,10948,10947,1
2019-04-18,15:09:05.773000,10947,10948,10947,1
2019-04-18,15:09:06.286000,10947,10948,10947,1
2019-04-18,15:09:06.622000,10947,10948,10947,1
2019-04-18,15:09:07.438000,10946,10947,10946,1
2019-04-18,15:09:13.693000,10946,10947,10946,1
2019-04-18,15:09:22.439000,10946,10947,10946,1
2019-04-18,15:09:33.106000,10946,10947,10947,5
2019-04-18,15:09:38.693000,10946,10947,10947,1
2019-04-18,15:09:40.096000,10946,10947,10947,1
2019-04-18,15:09:40.133000,10946,10947,10947,1
2019-04-18,15:09:56.487000,10946,10947,10947,1
2019-04-18,15:09:57.244000,10946,10947,10947,1
2019-04-18,15:09:57.284000,10946,10947,10947,1
2019-04-18,15:09:58.316000,10946,10947,10947,2
2019-04-18,15:09:58.364000,10946,10947,10947,1
2019-04-18,15:09:58.489000,10946,10947,10947,1
2019-04-18,15:10:06.706000,10946,10947,10947,11
2019-04-18,15:10:11.928000,10946,10947,10947,1
2019-04-18,15:10:17.223000,10946,10947,10946,3
2019-04-18,15:10:17.224000,10946,10947,10946,1
2019-04-18,15:10:20.859000,10946,10947,10947,1
2019-04-18,15:10:26.363000,10946,10947,10947,1
2019-04-18,15:10:26.364000,10946,10947,10947,1
2019-04-18,15:10:34.295000,10946,10947,10947,1
2019-04-18,15:10:36.560000,10946,10947,10947,2
2019-04-18,15:10:36.569000,10946,10947,10947,1
2019-04-18,15:10:36.888000,10946,10947,10947,4
2019-04-18,15:10:38.373000,10946,10947,10947,1
2019-04-18,15:10:49.119000,10946,10947,10947,1
2019-04-18,15:10:55.568000,10946,10947,10947,5
2019-04-18,15:11:01.585000,10946,10947,10947,10
2019-04-18,15:11:02.833000,10946,10947,10947,1
2019-04-18,15:11:04.760000,10946,10947,10947,2
2019-04-18,15:11:06.601000,10946,10947,10947,1
2019-04-18,15:11:20.005000,10946,10947,10947,5
2019-04-18,15:11:20.855000,10946,10947,10947,2
2019-04-18,15:11:22.032000,10946,10947,10947,1
2019-04-18,15:11:25.250000,10946,10947,10947,1
2019-04-18,15:11:29.629000,10946,10947,10947,4
2019-04-18,15:11:33.645000,10946,10947,10947,1
2019-04-18,15:11:34.223000,10946,10947,10946,1
2019-04-18,15:11:44.833000,10946,10947,10947,2
2019-04-18,15:12:02.602000,10946,10947,10947,4
2019-04-18,15:12:07.401000,10946,10947,10947,1
2019-04-18,15:12:07.401000,10946,10947,10947,1
2019-04-18,15:12:07.401000,10946,10947,10947,1
2019-04-18,15:12:07.401000,10946,10947,10947,1
2019-04-18,15:12:07.401000,10946,10947,10947,1
2019-04-18,15:12:07.401000,10946,10947,10947,1
2019-04-18,15:12:07.401000,10946,10947,10947,1
2019-04-18,15:12:07.403000,10946,10947,10947,3
2019-04-18,15:12:07.403000,10946,10947,10947,1
2019-04-18,15:12:07.403000,10946,10947,10947,1
2019-04-18,15:12:07.489000,10946,10947,10947,1
2019-04-18,15:12:07.540000,10946,10947,10948,1
2019-04-18,15:12:08.475000,10947,10948,10947,1
2019-04-18,15:12:08.506000,10947,10948,10947,1
2019-04-18,15:12:09.206000,10947,10948,10948,1
2019-04-18,15:12:09.974000,10947,10948,10947,2
2019-04-18,15:12:11.033000,10947,10948,10947,2
2019-04-18,15:12:15.982000,10947,10948,10948,3
2019-04-18,15:12:27.640000,10947,10948,10948,1
2019-04-18,15:12:29.022000,10947,10948,10947,3
2019-04-18,15:12:29.621000,10947,10948,10947,1
2019-04-18,15:12:30.741000,10947,10948,10948,1
2019-04-18,15:12:31.369000,10947,10948,10947,1
2019-04-18,15:12:32.306000,10947,10948,10947,1
2019-04-18,15:12:33.959000,10947,10948,10947,5
2019-04-18,15:12:37.488000,10946,10947,10947,1
2019-04-18,15:13:01.787000,10946,10947,10946,1
2019-04-18,15:13:04.386000,10946,10947,10946,1
2019-04-18,15:13:08.637000,10946,10947,10947,1
2019-04-18,15:13:13.163000,10946,10947,10946,2
2019-04-18,15:13:17.840000,10946,10947,10947,2
2019-04-18,15:13:34.768000,10946,10947,10946,1
2019-04-18,15:13:40.572000,10946,10947,10947,2
2019-04-18,15:13:52.299000,10946,10947,10947,23
2019-04-18,15:13:52.299000,10946,10947,10948,27
2019-04-18,15:13:54.294000,10947,10948,10947,2
2019-04-18,15:13:56.769000,10947,10948,10948,4
2019-04-18,15:13:58.782000,10948,10949,10948,1
2019-04-18,15:14:02.607000,10948,10949,10948,2
2019-04-18,15:14:03.167000,10948,10949,10949,2
2019-04-18,15:14:03.400000,10948,10949,10949,2
2019-04-18,15:14:04.632000,10948,10949,10948,1
2019-04-18,15:14:05.982000,10948,10949,10949,1
2019-04-18,15:14:07.291000,10948,10949,10948,1
2019-04-18,15:14:10.092000,10948,10949,10948,1
2019-04-18,15:14:10.645000,10948,10949,10948,1
2019-04-18,15:14:13.952000,10947,10948,10948,1
2019-04-18,15:14:15.808000,10947,10948,10948,1
2019-04-18,15:14:23.275000,10948,10949,10948,1
2019-04-18,15:14:35.501000,10948,10949,10948,1
2019-04-18,15:14:35.501000,10948,10949,10948,2
2019-04-18,15:14:36.501000,10948,10949,10948,1
2019-04-18,15:14:36.501000,10948,10949,10948,1
2019-04-18,15:14:43.730000,10947,10948,10948,2
2019-04-18,15:14:52.579000,10947,10948,10948,12
2019-04-18,15:14:52.579000,10947,10948,10949,38
2019-04-18,15:14:52.583000,10947,10948,10948,5
2019-04-18,15:14:52.586000,10947,10948,10948,3
2019-04-18,15:14:55.911000,10947,10948,10948,3
2019-04-18,15:15:10.710000,10947,10948,10948,1
2019-04-18,15:15:11.514000,10947,10948,10947,2
2019-04-18,15:15:12.247000,10947,10948,10947,3
2019-04-18,15:15:17.893000,10947,10948,10948,5
2019-04-18,15:15:19.107000,10947,10948,10947,1
2019-04-18,15:15:23.105000,10947,10948,10947,1
2019-04-18,15:15:24.831000,10947,10948,10947,1
2019-04-18,15:15:24.875000,10947,10948,10947,1
2019-04-18,15:15:24.911000,10947,10948,10947,1
2019-04-18,15:15:25.145000,10947,10948,10947,1
2019-04-18,15:15:25.210000,10947,10948,10947,1
2019-04-18,15:15:25.226000,10947,10948,10947,1
2019-04-18,15:15:30.937000,10947,10948,10947,5
2019-04-18,15:15:31.689000,10947,10948,10947,2
2019-04-18,15:15:34.618000,10947,10948,10947,2
2019-04-18,15:15:35.004000,10947,10948,10947,1
2019-04-18,15:15:35.155000,10947,10948,10947,1
2019-04-18,15:15:35.394000,10946,10947,10947,1
2019-04-18,15:15:42.341000,10946,10947,10947,1
2019-04-18,15:15:51.349000,10946,10947,10946,1
2019-04-18,15:15:55.488000,10946,10947,10946,5
2019-04-18,15:16:04.436000,10946,10947,10946,3
2019-04-18,15:16:06.226000,10946,10947,10946,1
2019-04-18,15:16:11.316000,10946,10947,10946,1
2019-04-18,15:16:20.909000,10946,10947,10946,3
2019-04-18,15:16:24.509000,10946,10947,10947,1
2019-04-18,15:16:26.610000,10946,10947,10946,5
2019-04-18,15:16:26.836000,10946,10947,10946,3
2019-04-18,15:16:27.644000,10946,10947,10946,3
2019-04-18,15:16:29.645000,10946,10947,10946,1
2019-04-18,15:16:35.215000,10946,10947,10947,2
2019-04-18,15:16:43.380000,10946,10947,10947,5
2019-04-18,15:16:54.167000,10946,10947,10947,1
2019-04-18,15:16:58.014000,10946,10947,10947,2
2019-04-18,15:16:58.580000,10947,10948,10947,1
2019-04-18,15:17:02.471000,10947,10948,10947,1
2019-04-18,15:17:03.462000,10947,10948,10948,16
2019-04-18,15:17:03.492000,10947,10948,10948,6
2019-04-18,15:17:17.106000,10948,10949,10948,1
2019-04-18,15:17:21.966000,10948,10949,10949,3
2019-04-18,15:17:22.067000,10948,10949,10948,21
2019-04-18,15:17:22.067000,10948,10949,10947,9
2019-04-18,15:17:22.310000,10947,10949,10948,1
2019-04-18,15:17:24.615000,10947,10948,10948,1
2019-04-18,15:17:27.075000,10947,10948,10948,1
2019-04-18,15:17:27.471000,10947,10948,10948,1
2019-04-18,15:17:30.416000,10947,10948,10947,2
2019-04-18,15:17:32.758000,10947,10948,10947,4
2019-04-18,15:17:41.882000,10947,10948,10948,1
2019-04-18,15:17:47.403000,10947,10948,10947,1
2019-04-18,15:17:55.428000,10947,10948,10948,1
2019-04-18,15:18:05.380000,10947,10948,10948,1
2019-04-18,15:18:07.196000,10947,10948,10947,4
2019-04-18,15:18:07.239000,10947,10948,10947,5
2019-04-18,15:18:07.551000,10946,10947,10946,1
2019-04-18,15:18:07.578000,10946,10947,10946,1
2019-04-18,15:18:07.619000,10946,10947,10946,1
2019-04-18,15:18:27.260000,10946,10947,10946,2
2019-04-18,15:18:46.710000,10946,10947,10947,1
2019-04-18,15:18:49.472000,10946,10947,10947,1
2019-04-18,15:18:50.078000,10946,10947,10946,1
2019-04-18,15:19:02.841000,10946,10947,10947,3
2019-04-18,15:19:02.878000,10946,10947,10947,1
2019-04-18,15:19:02.878000,10946,10947,10947,1
2019-04-18,15:19:02.879000,10946,10947,10947,1
2019-04-18,15:19:12.090000,10947,10948,10948,1
2019-04-18,15:19:15.693000,10947,10948,10948,1
2019-04-18,15:19:24.991000,10947,10948,10948,2
2019-04-18,15:19:25.114000,10947,10948,10948,13
2019-04-18,15:19:45.933000,10948,10949,10948,5
2019-04-18,15:19:46.186000,10948,10949,10949,1
2019-04-18,15:19:47.296000,10948,10949,10949,1
2019-04-18,15:19:47.296000,10948,10949,10949,1
2019-04-18,15:19:47.296000,10948,10949,10949,3
2019-04-18,15:19:47.296000,10948,10949,10949,1
2019-04-18,15:19:47.364000,10948,10949,10949,3
2019-04-18,15:19:48.616000,10948,10950,10949,1
2019-04-18,15:19:49.280000,10949,10950,10949,1
2019-04-18,15:19:53.787000,10949,10950,10949,5
2019-04-18,15:19:54.151000,10949,10950,10950,1
2019-04-18,15:19:54.982000,10949,10950,10949,1
2019-04-18,15:19:58.750000,10949,10950,10949,1
2019-04-18,15:20:03.354000,10949,10950,10949,1
2019-04-18,15:20:03.493000,10949,10950,10949,1
2019-04-18,15:20:03.972000,10949,10950,10950,1
2019-04-18,15:20:04.346000,10949,10950,10950,5
2019-04-18,15:20:04.753000,10949,10950,10950,1
2019-04-18,15:20:06.469000,10949,10950,10950,1
2019-04-18,15:20:07.800000,10949,10950,10950,3
2019-04-18,15:20:13.511000,10949,10950,10950,1
2019-04-18,15:20:14.200000,10949,10950,10950,2
2019-04-18,15:20:17.348000,10949,10950,10950,5
2019-04-18,15:20:17.364000,10949,10950,10950,17
2019-04-18,15:20:17.489000,10949,10950,10950,4
2019-04-18,15:20:17.490000,10949,10950,10950,6
2019-04-18,15:20:17.614000,10949,10950,10950,4
2019-04-18,15:20:17.615000,10949,10950,10950,4
2019-04-18,15:20:17.616000,10949,10950,10950,36
2019-04-18,15:20:17.872000,10950,10951,10951,2
2019-04-18,15:20:18.019000,10950,10951,10951,3
2019-04-18,15:20:18.019000,10950,10951,10951,3
2019-04-18,15:20:18.019000,10950,10951,10951,2
2019-04-18,15:20:18.020000,10950,10951,10951,2
2019-04-18,15:20:18.020000,10950,10951,10951,2
2019-04-18,15:20:18.020000,10950,10951,10951,1
2019-04-18,15:20:18.020000,10950,10951,10951,1
2019-04-18,15:20:18.020000,10950,10951,10951,2
2019-04-18,15:20:18.034000,10950,10951,10952,1
2019-04-18,15:20:18.161000,10950,10952,10952,1
2019-04-18,15:20:18.848000,10951,10952,10952,1
2019-04-18,15:20:19.071000,10951,10952,10951,1
2019-04-18,15:20:19.083000,10951,10952,10952,1
2019-04-18,15:20:22.216000,10951,10952,10952,1
2019-04-18,15:20:24.685000,10951,10952,10952,1
2019-04-18,15:20:27.490000,10951,10952,10952,1
2019-04-18,15:20:29.048000,10951,10952,10952,1
2019-04-18,15:20:30.243000,10951,10952,10951,1
2019-04-18,15:20:30.626000,10951,10952,10951,1
2019-04-18,15:20:41.169000,10950,10951,10951,1
2019-04-18,15:20:43.767000,10950,10951,10951,1
2019-04-18,15:20:50.557000,10950,10951,10951,1
2019-04-18,15:20:52.321000,10950,10951,10951,1
2019-04-18,15:20:56.266000,10950,10951,10951,1
2019-04-18,15:20:58.919000,10950,10951,10951,1
2019-04-18,15:21:07.777000,10950,10951,10951,1
2019-04-18,15:21:08.001000,10950,10951,10951,1
2019-04-18,15:21:09.544000,10950,10951,10951,1
2019-04-18,15:21:10.182000,10950,10951,10951,1
2019-04-18,15:21:13.671000,10950,10951,10951,1
2019-04-18,15:21:22.551000,10950,10951,10951,1
2019-04-18,15:21:23.754000,10950,10951,10951,4
2019-04-18,15:21:23.904000,10950,10951,10951,10
2019-04-18,15:21:24.360000,10950,10951,10951,1
2019-04-18,15:21:28.809000,10950,10951,10951,1
2019-04-18,15:21:30.139000,10950,10951,10951,1
2019-04-18,15:21:31.941000,10950,10951,10951,1
2019-04-18,15:21:32.253000,10950,10951,10951,1
2019-04-18,15:21:33.960000,10950,10951,10951,1
2019-04-18,15:21:37.125000,10950,10951,10951,1
2019-04-18,15:21:38.393000,10950,10951,10951,1
2019-04-18,15:21:38.808000,10950,10951,10951,1
2019-04-18,15:21:41.297000,10950,10951,10951,1
2019-04-18,15:21:46.812000,10950,10951,10951,5
2019-04-18,15:21:51.431000,10950,10951,10951,20
2019-04-18,15:21:51.431000,10950,10951,10951,1
2019-04-18,15:21:51.818000,10951,10952,10951,2
2019-04-18,15:21:56.801000,10951,10952,10952,2
2019-04-18,15:22:00.985000,10951,10952,10952,1
2019-04-18,15:22:01.004000,10951,10952,10952,10
2019-04-18,15:22:01.552000,10951,10952,10952,2
2019-04-18,15:22:09.681000,10951,10952,10952,1
2019-04-18,15:22:09.696000,10951,10952,10952,10
2019-04-18,15:22:09.739000,10951,10952,10952,1
2019-04-18,15:22:09.741000,10951,10952,10952,11
2019-04-18,15:22:12.680000,10952,10953,10952,1
2019-04-18,15:22:12.923000,10952,10953,10952,1
2019-04-18,15:22:12.977000,10952,10953,10953,10
2019-04-18,15:22:13.037000,10952,10953,10953,1
2019-04-18,15:22:14.592000,10952,10953,10953,16
2019-04-18,15:22:14.604000,10952,10953,10952,3
2019-04-18,15:22:15.265000,10952,10954,10952,1
2019-04-18,15:22:18.694000,10952,10953,10953,1
2019-04-18,15:22:20.497000,10952,10954,10954,1
2019-04-18,15:22:22.095000,10953,10954,10953,1
2019-04-18,15:22:24.176000,10953,10954,10953,1
2019-04-18,15:22:24.781000,10953,10954,10954,1
2019-04-18,15:22:25.559000,10953,10954,10954,11
2019-04-18,15:22:27.902000,10953,10954,10953,1
2019-04-18,15:22:32.361000,10953,10954,10954,10
2019-04-18,15:22:32.381000,10953,10954,10954,2
2019-04-18,15:22:33.429000,10953,10954,10954,6
2019-04-18,15:22:33.429000,10953,10954,10955,10
2019-04-18,15:22:33.517000,10953,10955,10955,2
2019-04-18,15:22:34.006000,10954,10955,10955,14
2019-04-18,15:22:34.114000,10955,10956,10955,2
2019-04-18,15:22:34.365000,10955,10956,10956,2
2019-04-18,15:22:34.420000,10955,10956,10955,1
2019-04-18,15:22:34.719000,10955,10956,10956,12
2019-04-18,15:22:35.784000,10955,10956,10956,19
2019-04-18,15:22:35.865000,10956,10957,10956,1
2019-04-18,15:22:35.989000,10955,10957,10956,1
2019-04-18,15:22:36.114000,10956,10957,10956,6
2019-04-18,15:22:36.731000,10955,10956,10956,1
2019-04-18,15:22:37.390000,10955,10956,10956,2
2019-04-18,15:22:38.394000,10955,10956,10956,9
2019-04-18,15:22:38.462000,10955,10956,10956,1
2019-04-18,15:22:38.469000,10955,10956,10956,1
2019-04-18,15:22:38.472000,10955,10956,10956,2
2019-04-18,15:22:38.480000,10955,10956,10956,1
2019-04-18,15:22:38.489000,10955,10956,10956,1
2019-04-18,15:22:38.489000,10956,10957,10956,5
2019-04-18,15:22:39.925000,10955,10956,10956,2
2019-04-18,15:22:40.555000,10955,10956,10956,1
2019-04-18,15:22:40.910000,10955,10956,10956,1
2019-04-18,15:22:40.989000,10956,10957,10956,3
2019-04-18,15:22:41.955000,10955,10957,10955,20
2019-04-18,15:22:42.008000,10955,10956,10956,31
2019-04-18,15:22:42.008000,10955,10956,10956,1
2019-04-18,15:22:42.303000,10955,10956,10956,6
2019-04-18,15:22:42.839000,10955,10956,10956,6
2019-04-18,15:22:42.989000,10956,10957,10956,2
2019-04-18,15:22:43.009000,10956,10957,10956,1
2019-04-18,15:22:43.615000,10956,10957,10956,2
2019-04-18,15:22:43.893000,10956,10957,10956,1
2019-04-18,15:22:44.196000,10956,10957,10957,1
2019-04-18,15:22:44.403000,10956,10957,10957,1
2019-04-18,15:22:44.496000,10956,10957,10957,1
2019-04-18,15:22:44.497000,10956,10957,10957,1
2019-04-18,15:22:44.497000,10956,10957,10957,1
2019-04-18,15:22:45.343000,10956,10957,10957,1
2019-04-18,15:22:46.549000,10956,10957,10956,1
2019-04-18,15:22:46.674000,10956,10957,10956,1
2019-04-18,15:22:48.051000,10956,10957,10956,1
2019-04-18,15:22:50.656000,10956,10957,10956,1
2019-04-18,15:22:50.884000,10956,10957,10956,3
2019-04-18,15:22:51.842000,10956,10957,10956,1
2019-04-18,15:22:53.739000,10956,10957,10956,1
2019-04-18,15:22:54.620000,10956,10957,10957,1
2019-04-18,15:22:54.636000,10956,10957,10957,2
2019-04-18,15:22:55.155000,10956,10957,10957,1
2019-04-18,15:22:57.760000,10956,10957,10956,1
2019-04-18,15:22:58.387000,10956,10957,10956,1
2019-04-18,15:22:58.671000,10956,10957,10957,12
2019-04-18,15:22:58.748000,10957,10958,10957,3
2019-04-18,15:22:59.319000,10957,10958,10957,1
2019-04-18,15:22:59.341000,10957,10958,10957,3
2019-04-18,15:22:59.366000,10957,10958,10957,1
2019-04-18,15:22:59.418000,10957,10958,10957,1
2019-04-18,15:22:59.531000,10956,10957,10957,1
2019-04-18,15:22:59.531000,10956,10957,10958,1
2019-04-18,15:22:59.670000,10956,10958,10958,67
2019-04-18,15:22:59.670000,10956,10958,10959,8
2019-04-18,15:23:00.347000,10958,10959,10959,1
2019-04-18,15:23:00.350000,10958,10959,10959,1
2019-04-18,15:23:00.731000,10958,10959,10958,1
2019-04-18,15:23:01.008000,10958,10959,10959,2
2019-04-18,15:23:01.092000,10958,10959,10957,1
2019-04-18,15:23:01.133000,10957,10959,10959,3
2019-04-18,15:23:01.248000,10958,10959,10959,1
2019-04-18,15:23:01.421000,10958,10959,10957,1
2019-04-18,15:23:03.266000,10957,10958,10957,2
2019-04-18,15:23:03.357000,10957,10958,10958,1
2019-04-18,15:23:03.685000,10957,10958,10958,1
2019-04-18,15:23:03.932000,10957,10958,10958,1
2019-04-18,15:23:04.303000,10957,10958,10958,1
2019-04-18,15:23:05.046000,10957,10958,10958,1
2019-04-18,15:23:05.130000,10957,10958,10958,1
2019-04-18,15:23:06.862000,10957,10958,10958,1
2019-04-18,15:23:07.419000,10957,10958,10957,1
2019-04-18,15:23:07.500000,10957,10958,10958,2
2019-04-18,15:23:07.500000,10957,10958,10959,30
2019-04-18,15:23:07.882000,10958,10959,10958,2
2019-04-18,15:23:08.734000,10958,10959,10959,3
2019-04-18,15:23:08.739000,10959,10960,10959,1
2019-04-18,15:23:09.045000,10959,10960,10959,1
2019-04-18,15:23:09.231000,10958,10960,10958,1
2019-04-18,15:23:10.273000,10958,10959,10959,1
2019-04-18,15:23:10.624000,10958,10959,10958,1
2019-04-18,15:23:10.850000,10958,10959,10958,1
2019-04-18,15:23:12.255000,10958,10959,10959,1
2019-04-18,15:23:16.545000,10958,10959,10959,20
2019-04-18,15:23:16.739000,10958,10959,10959,1
2019-04-18,15:23:16.973000,10958,10960,10958,2
2019-04-18,15:23:17.466000,10958,10959,10959,2
2019-04-18,15:23:17.477000,10958,10959,10960,6
2019-04-18,15:23:17.520000,10958,10960,10960,1
2019-04-18,15:23:17.570000,10958,10960,10960,3
2019-04-18,15:23:17.593000,10958,10960,10960,3
2019-04-18,15:23:18.389000,10958,10959,10959,1
2019-04-18,15:23:18.706000,10958,10960,10959,1
2019-04-18,15:23:20.468000,10958,10959,10959,2
2019-04-18,15:23:20.489000,10959,10960,10959,3
2019-04-18,15:23:20.492000,10959,10960,10959,3
2019-04-18,15:23:20.493000,10959,10960,10959,3
2019-04-18,15:23:20.506000,10959,10960,10959,1
2019-04-18,15:23:21.551000,10958,10959,10959,1
2019-04-18,15:23:21.862000,10958,10959,10958,1
2019-04-18,15:23:21.866000,10958,10959,10958,27
2019-04-18,15:23:22.105000,10957,10959,10958,2
2019-04-18,15:23:22.458000,10957,10958,10957,3
2019-04-18,15:23:22.458000,10957,10958,10957,1
2019-04-18,15:23:22.458000,10957,10958,10957,1
2019-04-18,15:23:22.458000,10957,10958,10957,3
2019-04-18,15:23:22.458000,10957,10958,10957,1
2019-04-18,15:23:22.459000,10957,10958,10957,4
2019-04-18,15:23:22.489000,10957,10958,10957,16
2019-04-18,15:23:23.319000,10956,10957,10957,1
2019-04-18,15:23:23.700000,10956,10957,10957,5
2019-04-18,15:23:23.707000,10956,10957,10957,1
2019-04-18,15:23:26.925000,10956,10957,10957,1
2019-04-18,15:23:27.483000,10956,10957,10957,1
2019-04-18,15:23:30.193000,10956,10957,10956,1
2019-04-18,15:23:30.533000,10956,10957,10957,1
2019-04-18,15:23:31.934000,10956,10957,10957,1
2019-04-18,15:23:32.470000,10956,10957,10957,1
2019-04-18,15:23:32.688000,10956,10957,10957,1
2019-04-18,15:23:33.912000,10956,10957,10956,2
2019-04-18,15:23:35.082000,10956,10957,10957,1
2019-04-18,15:23:36.511000,10956,10957,10957,2
2019-04-18,15:23:36.893000,10956,10957,10957,8
2019-04-18,15:23:38.730000,10956,10957,10957,5
2019-04-18,15:23:39.661000,10956,10957,10957,3
2019-04-18,15:23:40.603000,10957,10958,10957,1
2019-04-18,15:23:40.614000,10957,10958,10957,1
2019-04-18,15:23:40.614000,10957,10958,10957,1
2019-04-18,15:23:40.642000,10957,10958,10957,1
2019-04-18,15:23:42.376000,10956,10957,10957,1
2019-04-18,15:23:42.582000,10956,10957,10957,1
2019-04-18,15:23:44.609000,10957,10958,10957,1
2019-04-18,15:23:45.659000,10957,10958,10957,1
2019-04-18,15:23:48.494000,10957,10958,10957,3
2019-04-18,15:23:49.259000,10956,10957,10957,1
2019-04-18,15:23:55.546000,10956,10957,10957,2
2019-04-18,15:23:56.180000,10956,10957,10957,1
2019-04-18,15:23:56.245000,10956,10957,10957,10
2019-04-18,15:23:57.503000,10956,10957,10957,1
2019-04-18,15:23:59.289000,10957,10958,10957,3
2019-04-18,15:23:59.483000,10956,10958,10956,2
2019-04-18,15:24:00.370000,10956,10958,10958,5
2019-04-18,15:24:01.168000,10957,10958,10957,1
2019-04-18,15:24:01.989000,10956,10958,10958,1
2019-04-18,15:24:02.364000,10957,10958,10958,1
2019-04-18,15:24:02.500000,10957,10958,10957,2
2019-04-18,15:24:03.013000,10956,10957,10957,1
2019-04-18,15:24:03.106000,10956,10957,10957,1
2019-04-18,15:24:05.218000,10956,10957,10957,8
2019-04-18,15:24:06.139000,10956,10957,10957,3
2019-04-18,15:24:06.563000,10957,10958,10957,1
2019-04-18,15:24:16.391000,10957,10958,10957,2
2019-04-18,15:24:16.489000,10957,10958,10957,8
2019-04-18,15:24:22.375000,10956,10957,10957,1
2019-04-18,15:24:23.349000,10956,10957,10957,1
2019-04-18,15:24:24.818000,10956,10957,10956,1
2019-04-18,15:24:27.550000,10956,10957,10957,4
2019-04-18,15:24:30.769000,10956,10957,10956,1
2019-04-18,15:24:30.827000,10956,10957,10956,1
2019-04-18,15:24:36.415000,10956,10957,10956,1
2019-04-18,15:24:39.021000,10956,10957,10956,1
2019-04-18,15:24:42.164000,10956,10957,10956,1
2019-04-18,15:24:42.895000,10956,10957,10957,1
2019-04-18,15:24:48.989000,10956,10957,10956,1
2019-04-18,15:24:49.224000,10956,10957,10956,1
2019-04-18,15:24:57.506000,10956,10957,10957,2
2019-04-18,15:25:05.284000,10956,10957,10957,5
2019-04-18,15:25:05.364000,10956,10957,10957,1
2019-04-18,15:25:09.599000,10956,10957,10957,2
2019-04-18,15:25:09.621000,10956,10957,10957,1
2019-04-18,15:25:11.971000,10956,10957,10957,1
2019-04-18,15:25:12.740000,10956,10957,10957,1
2019-04-18,15:25:12.740000,10956,10957,10957,2
2019-04-18,15:25:12.741000,10956,10957,10957,7
2019-04-18,15:25:18.681000,10957,10958,10958,8
2019-04-18,15:25:19.673000,10957,10958,10957,1
2019-04-18,15:25:23.652000,10957,10958,10958,2
2019-04-18,15:25:28.940000,10957,10958,10957,1
2019-04-18,15:25:32.571000,10957,10958,10957,1
2019-04-18,15:25:48.202000,10957,10958,10958,1
2019-04-18,15:25:48.255000,10957,10958,10958,1
2019-04-18,15:25:49.457000,10957,10958,10958,1
2019-04-18,15:25:50.823000,10957,10958,10958,1
2019-04-18,15:25:51.984000,10957,10958,10958,1
2019-04-18,15:25:52.814000,10957,10958,10958,1
2019-04-18,15:25:54.498000,10957,10958,10958,1
2019-04-18,15:25:56.393000,10957,10958,10958,1
2019-04-18,15:25:56.848000,10957,10958,10958,1
2019-04-18,15:25:57.671000,10957,10958,10958,1
2019-04-18,15:26:07.083000,10957,10958,10958,1
2019-04-18,15:26:08.043000,10957,10958,10958,2
2019-04-18,15:26:12.509000,10957,10958,10958,1
2019-04-18,15:26:18.071000,10957,10958,10958,11
2019-04-18,15:26:24.031000,10957,10958,10958,2
2019-04-18,15:26:26.223000,10957,10958,10958,12
2019-04-18,15:26:26.223000,10957,10958,10959,38
2019-04-18,15:26:26.240000,10958,10959,10959,1
2019-04-18,15:26:26.240000,10958,10959,10959,1
2019-04-18,15:26:26.240000,10958,10959,10959,3
2019-04-18,15:26:26.240000,10958,10959,10959,4
2019-04-18,15:26:26.240000,10958,10959,10959,2
2019-04-18,15:26:26.240000,10958,10959,10959,3
2019-04-18,15:26:26.364000,10958,10959,10959,2
2019-04-18,15:26:26.365000,10958,10959,10959,18
2019-04-18,15:26:27.639000,10959,10960,10959,1
2019-04-18,15:26:28.180000,10958,10960,10958,1
2019-04-18,15:26:31.201000,10958,10959,10958,1
2019-04-18,15:26:38.238000,10958,10959,10959,12
2019-04-18,15:26:40.106000,10958,10959,10958,2
2019-04-18,15:26:41.680000,10958,10959,10958,1
2019-04-18,15:26:43.064000,10958,10959,10959,1
2019-04-18,15:26:43.827000,10958,10959,10958,3
2019-04-18,15:26:44.076000,10958,10959,10958,1
2019-04-18,15:26:49.912000,10958,10959,10959,2
2019-04-18,15:26:54.328000,10958,10959,10959,1
2019-04-18,15:26:58.918000,10958,10959,10959,1
2019-04-18,15:27:10.205000,10958,10959,10958,5
2019-04-18,15:27:10.242000,10958,10959,10958,26
2019-04-18,15:27:12.938000,10957,10958,10958,1
2019-04-18,15:27:14.813000,10957,10958,10958,1
2019-04-18,15:27:18.927000,10957,10958,10957,55
2019-04-18,15:27:20.988000,10956,10957,10957,1
2019-04-18,15:27:21.288000,10956,10957,10957,2
2019-04-18,15:27:22.587000,10956,10957,10956,1
2019-04-18,15:27:24.141000,10956,10957,10956,1
2019-04-18,15:27:25.840000,10956,10957,10956,1
2019-04-18,15:27:34.709000,10956,10957,10956,1
2019-04-18,15:27:34.760000,10956,10957,10956,40
2019-04-18,15:27:34.864000,10956,10957,10956,6
2019-04-18,15:27:34.864000,10956,10957,10956,8
2019-04-18,15:27:34.865000,10956,10957,10956,4
2019-04-18,15:27:42.768000,10955,10956,10956,27
2019-04-18,15:27:42.918000,10955,10956,10956,2
2019-04-18,15:27:45.307000,10955,10956,10955,1
2019-04-18,15:27:45.568000,10955,10956,10956,2
2019-04-18,15:27:52.455000,10955,10956,10956,1
2019-04-18,15:27:52.489000,10955,10956,10956,2
2019-04-18,15:27:52.614000,10955,10956,10956,9
2019-04-18,15:27:52.739000,10955,10956,10956,4
2019-04-18,15:27:58.613000,10956,10957,10956,16
2019-04-18,15:28:06.505000,10956,10957,10957,1
2019-04-18,15:28:06.560000,10956,10957,10956,1
2019-04-18,15:28:10.591000,10956,10957,10957,2
2019-04-18,15:28:10.893000,10956,10957,10956,1
2019-04-18,15:28:13.382000,10956,10957,10956,6
2019-04-18,15:28:13.712000,10956,10957,10956,6
2019-04-18,15:28:16.398000,10956,10957,10956,1
2019-04-18,15:28:22.199000,10956,10957,10956,1
2019-04-18,15:28:22.337000,10956,10957,10956,6
2019-04-18,15:28:23.664000,10956,10957,10956,6
2019-04-18,15:28:23.778000,10955,10956,10955,2
2019-04-18,15:28:23.800000,10955,10956,10955,2
2019-04-18,15:28:23.829000,10955,10956,10955,2
2019-04-18,15:28:24.174000,10955,10956,10955,2
2019-04-18,15:28:25.676000,10955,10956,10955,2
2019-04-18,15:28:29.459000,10955,10956,10955,5
2019-04-18,15:28:30.250000,10955,10956,10956,10
2019-04-18,15:28:41.334000,10955,10956,10956,2
2019-04-18,15:28:43.125000,10955,10956,10956,2
2019-04-18,15:28:45.899000,10955,10956,10956,3
2019-04-18,15:28:48.655000,10955,10956,10956,3
2019-04-18,15:28:48.655000,10955,10956,10956,1
2019-04-18,15:28:52.625000,10956,10957,10957,1
2019-04-18,15:28:56.322000,10956,10957,10957,1
2019-04-18,15:28:56.339000,10956,10957,10957,2
2019-04-18,15:28:56.401000,10956,10957,10957,2
2019-04-18,15:28:56.455000,10956,10957,10957,2
2019-04-18,15:28:59.485000,10956,10957,10957,1
2019-04-18,15:29:01.370000,10956,10957,10957,1
2019-04-18,15:29:01.383000,10956,10957,10957,2
2019-04-18,15:29:01.448000,10956,10957,10957,2
2019-04-18,15:29:01.460000,10956,10957,10957,2
2019-04-18,15:29:01.489000,10956,10957,10957,1
2019-04-18,15:29:02.084000,10956,10957,10956,1
2019-04-18,15:29:05.692000,10956,10957,10957,5
2019-04-18,15:29:07.456000,10956,10957,10956,9
2019-04-18,15:29:08.944000,10956,10957,10957,1
2019-04-18,15:29:10.938000,10956,10957,10957,1
2019-04-18,15:29:13.791000,10956,10957,10957,1
2019-04-18,15:29:13.799000,10956,10957,10957,2
2019-04-18,15:29:13.864000,10956,10957,10957,1
2019-04-18,15:29:15.815000,10957,10958,10957,3
2019-04-18,15:29:19.544000,10957,10958,10957,1
2019-04-18,15:29:29.291000,10957,10958,10957,2
2019-04-18,15:29:35.767000,10957,10958,10957,1
2019-04-18,15:29:36.684000,10957,10958,10957,1
2019-04-18,15:29:43.790000,10957,10958,10958,1
2019-04-18,15:29:45.271000,10957,10958,10957,1
2019-04-18,15:29:59.613000,10957,10958,10957,1
2019-04-18,15:30:02.366000,10957,10958,10957,1
2019-04-18,15:30:02.366000,10957,10958,10957,2
2019-04-18,15:30:02.367000,10957,10958,10957,30
2019-04-18,15:30:02.668000,10956,10957,10956,1
2019-04-18,15:30:03.030000,10956,10957,10957,1
2019-04-18,15:30:03.295000,10956,10957,10956,1
2019-04-18,15:30:03.364000,10956,10957,10956,23
2019-04-18,15:30:03.406000,10956,10957,10956,1
2019-04-18,15:30:03.785000,10955,10956,10955,1
2019-04-18,15:30:03.822000,10955,10956,10955,1
2019-04-18,15:30:04.031000,10955,10956,10955,1
2019-04-18,15:30:04.213000,10955,10956,10955,1
2019-04-18,15:30:05.129000,10955,10956,10955,12
2019-04-18,15:30:05.251000,10955,10956,10955,1
2019-04-18,15:30:10.276000,10955,10956,10955,11
2019-04-18,15:30:10.276000,10955,10956,10955,5
2019-04-18,15:30:10.276000,10955,10956,10955,4
2019-04-18,15:30:10.277000,10955,10956,10955,1
2019-04-18,15:30:10.364000,10955,10956,10955,8
2019-04-18,15:30:10.364000,10955,10956,10955,12
2019-04-18,15:30:10.366000,10955,10956,10955,13
2019-04-18,15:30:10.489000,10955,10956,10955,15
2019-04-18,15:30:10.489000,10955,10956,10955,1
2019-04-18,15:30:10.489000,10955,10956,10955,3
2019-04-18,15:30:10.489000,10955,10956,10955,4
2019-04-18,15:30:10.489000,10955,10956,10955,6
2019-04-18,15:30:10.492000,10955,10956,10955,17
2019-04-18,15:30:11.969000,10954,10955,10954,1
2019-04-18,15:30:12.962000,10954,10955,10954,1
2019-04-18,15:30:14.452000,10954,10955,10954,2
2019-04-18,15:30:15.494000,10954,10955,10954,5
2019-04-18,15:30:15.892000,10953,10954,10953,1
2019-04-18,15:30:15.894000,10953,10954,10953,1
2019-04-18,15:30:15.896000,10953,10954,10953,1
2019-04-18,15:30:17.485000,10953,10954,10953,4
2019-04-18,15:30:17.804000,10953,10954,10953,1
2019-04-18,15:30:18.258000,10953,10954,10953,1
2019-04-18,15:30:18.312000,10953,10954,10953,1
2019-04-18,15:30:18.436000,10953,10954,10953,2
2019-04-18,15:30:22.160000,10953,10954,10953,1
2019-04-18,15:30:22.340000,10953,10954,10954,1
2019-04-18,15:30:24.480000,10953,10954,10953,10
2019-04-18,15:30:25.491000,10953,10954,10953,14
2019-04-18,15:30:27.013000,10952,10953,10952,3
2019-04-18,15:30:27.654000,10952,10953,10952,1
2019-04-18,15:30:27.751000,10952,10953,10952,3
2019-04-18,15:30:27.801000,10952,10953,10952,1
2019-04-18,15:30:29.631000,10951,10952,10951,4
2019-04-18,15:30:29.948000,10951,10952,10952,1
2019-04-18,15:30:30.549000,10951,10952,10952,2
2019-04-18,15:30:33.126000,10951,10952,10951,5
2019-04-18,15:30:33.828000,10951,10952,10951,1
2019-04-18,15:30:35.543000,10951,10952,10952,1
2019-04-18,15:30:35.840000,10951,10952,10951,1
2019-04-18,15:30:35.855000,10951,10952,10951,1
2019-04-18,15:30:40.374000,10951,10952,10951,3
2019-04-18,15:30:42.819000,10951,10952,10951,1
2019-04-18,15:30:45.501000,10951,10952,10952,1
2019-04-18,15:30:45.553000,10951,10952,10952,2
2019-04-18,15:30:45.585000,10951,10952,10952,2
2019-04-18,15:30:45.631000,10951,10952,10952,2
2019-04-18,15:30:46.711000,10951,10952,10952,1
2019-04-18,15:30:46.739000,10951,10952,10952,17
2019-04-18,15:30:49.730000,10952,10953,10953,1
2019-04-18,15:30:49.730000,10952,10953,10953,1
2019-04-18,15:30:49.730000,10952,10953,10953,1
2019-04-18,15:30:49.730000,10952,10953,10953,4
2019-04-18,15:30:49.730000,10952,10953,10953,1
2019-04-18,15:30:49.739000,10952,10953,10953,1
2019-04-18,15:30:49.907000,10952,10953,10953,1
2019-04-18,15:30:49.914000,10952,10953,10953,1
2019-04-18,15:30:50.630000,10952,10954,10952,1
2019-04-18,15:30:55.377000,10953,10954,10953,5
2019-04-18,15:30:55.454000,10953,10954,10953,2
2019-04-18,15:30:55.455000,10953,10954,10953,3
2019-04-18,15:30:55.543000,10952,10954,10953,1
2019-04-18,15:30:55.844000,10952,10953,10953,1
2019-04-18,15:30:56.289000,10952,10953,10953,1
2019-04-18,15:31:05.398000,10953,10954,10954,2
2019-04-18,15:31:05.398000,10953,10954,10954,1
2019-04-18,15:31:05.398000,10953,10954,10954,1
2019-04-18,15:31:05.398000,10953,10954,10954,1
2019-04-18,15:31:05.398000,10953,10954,10954,1
2019-04-18,15:31:05.716000,10954,10955,10954,2
2019-04-18,15:31:05.751000,10954,10955,10954,5
2019-04-18,15:31:05.921000,10954,10955,10954,1
2019-04-18,15:31:07.652000,10954,10955,10954,1
2019-04-18,15:31:08.668000,10954,10955,10955,3
2019-04-18,15:31:08.728000,10954,10955,10954,1
2019-04-18,15:31:10.364000,10954,10955,10955,1
2019-04-18,15:31:11.523000,10954,10955,10954,1
2019-04-18,15:31:11.878000,10954,10955,10954,2
2019-04-18,15:31:14.682000,10954,10955,10954,6
2019-04-18,15:31:15.449000,10954,10955,10954,1
2019-04-18,15:31:15.558000,10953,10955,10955,2
2019-04-18,15:31:18.597000,10953,10954,10954,3
2019-04-18,15:31:19.089000,10953,10955,10955,1
2019-04-18,15:31:27.824000,10954,10955,10954,2
2019-04-18,15:31:27.850000,10954,10955,10954,5
2019-04-18,15:31:28.066000,10953,10954,10954,1
2019-04-18,15:31:28.120000,10953,10954,10953,1
2019-04-18,15:31:30.483000,10953,10954,10954,1
2019-04-18,15:31:30.612000,10953,10954,10953,2
2019-04-18,15:31:34.268000,10953,10954,10953,2
2019-04-18,15:31:34.840000,10953,10954,10954,1
2019-04-18,15:31:39.008000,10953,10954,10953,1
2019-04-18,15:31:40.697000,10953,10954,10953,1
2019-04-18,15:31:40.738000,10953,10954,10953,4
2019-04-18,15:31:40.739000,10953,10954,10953,3
2019-04-18,15:31:41.948000,10953,10954,10953,1
2019-04-18,15:31:42.058000,10953,10954,10954,1
2019-04-18,15:31:42.136000,10953,10954,10953,3
2019-04-18,15:31:45.988000,10953,10954,10953,1
2019-04-18,15:31:48.407000,10953,10954,10953,1
2019-04-18,15:31:48.739000,10953,10954,10953,2
2019-04-18,15:31:50.501000,10953,10954,10953,1
2019-04-18,15:31:52.683000,10953,10954,10953,4
2019-04-18,15:31:52.782000,10953,10954,10953,1
2019-04-18,15:31:53.834000,10953,10954,10953,1
2019-04-18,15:31:54.815000,10953,10954,10953,6
2019-04-18,15:31:54.815000,10953,10954,10953,1
2019-04-18,15:31:55.019000,10953,10954,10953,1
2019-04-18,15:31:55.588000,10953,10954,10953,2
2019-04-18,15:31:56.354000,10953,10954,10953,3
2019-04-18,15:31:57.489000,10953,10954,10953,1
2019-04-18,15:31:59.941000,10953,10954,10953,1
2019-04-18,15:32:00.270000,10953,10954,10953,1
2019-04-18,15:32:00.364000,10953,10954,10953,1
2019-04-18,15:32:01.380000,10953,10954,10953,2
2019-04-18,15:32:01.895000,10953,10954,10954,1
2019-04-18,15:32:02.251000,10953,10954,10953,5
2019-04-18,15:32:02.283000,10953,10954,10953,3
2019-04-18,15:32:02.364000,10953,10954,10953,14
2019-04-18,15:32:02.364000,10953,10954,10953,2
2019-04-18,15:32:02.488000,10953,10954,10953,8
2019-04-18,15:32:02.489000,10953,10954,10953,4
2019-04-18,15:32:02.489000,10953,10954,10953,8
2019-04-18,15:32:02.490000,10953,10954,10953,6
2019-04-18,15:32:02.490000,10953,10954,10953,9
2019-04-18,15:32:02.490000,10953,10954,10953,2
2019-04-18,15:32:04.171000,10952,10953,10952,5
2019-04-18,15:32:04.600000,10952,10953,10952,1
2019-04-18,15:32:04.600000,10952,10953,10951,4
2019-04-18,15:32:07.581000,10951,10952,10951,1
2019-04-18,15:32:07.838000,10951,10952,10951,5
2019-04-18,15:32:08.390000,10951,10952,10951,5
2019-04-18,15:32:09.809000,10951,10952,10951,5
2019-04-18,15:32:11.277000,10951,10952,10951,3
2019-04-18,15:32:11.489000,10951,10952,10951,1
2019-04-18,15:32:11.799000,10951,10952,10951,1
2019-04-18,15:32:11.893000,10951,10952,10951,1
2019-04-18,15:32:11.931000,10951,10952,10952,3
2019-04-18,15:32:12.209000,10951,10952,10951,5
2019-04-18,15:32:12.288000,10951,10952,10951,1
2019-04-18,15:32:12.391000,10951,10952,10951,3
2019-04-18,15:32:12.485000,10951,10952,10951,3
2019-04-18,15:32:12.497000,10950,10952,10951,1
2019-04-18,15:32:15.851000,10950,10951,10951,1
2019-04-18,15:32:16.421000,10950,10952,10950,1
2019-04-18,15:32:16.600000,10950,10952,10950,2
2019-04-18,15:32:16.619000,10950,10952,10950,1
2019-04-18,15:32:16.917000,10950,10952,10950,1
2019-04-18,15:32:19.470000,10950,10951,10951,10
2019-04-18,15:32:21.316000,10950,10951,10950,1
2019-04-18,15:32:22.434000,10950,10951,10951,1
2019-04-18,15:32:23.114000,10950,10951,10951,1
2019-04-18,15:32:24.938000,10951,10952,10951,2
2019-04-18,15:32:24.938000,10951,10952,10950,3
2019-04-18,15:32:27.357000,10950,10951,10951,7
2019-04-18,15:32:28.374000,10950,10951,10951,2
2019-04-18,15:32:28.489000,10950,10951,10951,1
2019-04-18,15:32:30.239000,10950,10951,10951,1
2019-04-18,15:32:30.976000,10951,10952,10952,6
2019-04-18,15:32:31.013000,10951,10952,10952,1
2019-04-18,15:32:32.088000,10951,10952,10951,5
2019-04-18,15:32:34.586000,10951,10952,10951,3
2019-04-18,15:32:36.023000,10951,10952,10951,1
2019-04-18,15:32:36.399000,10951,10952,10951,1
2019-04-18,15:32:39.947000,10951,10952,10951,2
2019-04-18,15:32:41.243000,10951,10952,10951,2
2019-04-18,15:32:41.527000,10951,10952,10951,2
2019-04-18,15:32:41.804000,10951,10952,10951,1
2019-04-18,15:32:42.979000,10951,10952,10951,1
2019-04-18,15:32:43.393000,10951,10952,10951,1
2019-04-18,15:32:44.166000,10951,10952,10952,1
2019-04-18,15:32:44.804000,10951,10952,10951,1
2019-04-18,15:32:49.160000,10951,10952,10952,2
2019-04-18,15:32:49.160000,10951,10952,10952,6
2019-04-18,15:32:49.160000,10951,10952,10952,7
2019-04-18,15:32:52.054000,10952,10953,10952,1
2019-04-18,15:32:54.551000,10952,10953,10952,1
2019-04-18,15:32:56.459000,10952,10953,10953,1
2019-04-18,15:33:00.924000,10951,10952,10952,2
2019-04-18,15:33:06.660000,10951,10952,10952,1
2019-04-18,15:33:06.867000,10951,10952,10952,1
2019-04-18,15:33:10.977000,10951,10952,10951,1
2019-04-18,15:33:14.420000,10951,10952,10952,8
2019-04-18,15:33:14.696000,10951,10953,10951,1
2019-04-18,15:33:17.294000,10951,10952,10952,2
2019-04-18,15:33:21.280000,10951,10952,10952,3
2019-04-18,15:33:21.297000,10951,10952,10952,1
2019-04-18,15:33:22.617000,10951,10952,10952,1
2019-04-18,15:33:29.538000,10952,10953,10952,3
2019-04-18,15:33:30,10952,10953,10952,1
2019-04-18,15:33:34.656000,10951,10952,10951,16
2019-04-18,15:33:41.835000,10951,10952,10951,1
2019-04-18,15:33:50.383000,10951,10952,10951,1
2019-04-18,15:33:50.626000,10951,10952,10951,1
2019-04-18,15:33:52.985000,10951,10952,10951,1
2019-04-18,15:33:55.010000,10951,10952,10951,2
2019-04-18,15:33:58.829000,10951,10952,10951,1
2019-04-18,15:34:00.867000,10950,10951,10951,2
2019-04-18,15:34:03.962000,10950,10951,10951,1
2019-04-18,15:34:05.467000,10951,10952,10951,1
2019-04-18,15:34:19.680000,10951,10952,10951,2
2019-04-18,15:34:21.330000,10951,10952,10951,2
2019-04-18,15:34:26.564000,10951,10952,10951,1
2019-04-18,15:34:26.639000,10951,10952,10951,3
2019-04-18,15:34:27.102000,10950,10951,10950,3
2019-04-18,15:34:46.783000,10950,10951,10950,1
2019-04-18,15:34:50.272000,10950,10951,10950,2
2019-04-18,15:34:50.575000,10950,10951,10950,2
2019-04-18,15:34:52.855000,10950,10951,10950,2
2019-04-18,15:34:59.188000,10950,10951,10950,1
2019-04-18,15:35:00.853000,10950,10951,10950,5
2019-04-18,15:35:00.859000,10950,10951,10950,4
2019-04-18,15:35:00.991000,10949,10950,10949,2
2019-04-18,15:35:02.725000,10949,10950,10949,5
2019-04-18,15:35:05.647000,10949,10950,10949,1
2019-04-18,15:35:07.011000,10949,10950,10949,16
2019-04-18,15:35:07.173000,10949,10950,10950,1
2019-04-18,15:35:07.627000,10949,10950,10949,1
2019-04-18,15:35:14.379000,10949,10950,10949,9
2019-04-18,15:35:15.026000,10949,10950,10949,2
2019-04-18,15:35:17.269000,10949,10950,10949,1
2019-04-18,15:35:18.667000,10949,10950,10950,14
2019-04-18,15:35:19.773000,10949,10950,10949,1
2019-04-18,15:35:22.153000,10949,10950,10949,17
2019-04-18,15:35:22.239000,10949,10950,10949,1
2019-04-18,15:35:23.939000,10949,10950,10949,1
2019-04-18,15:35:24.160000,10949,10950,10949,1
2019-04-18,15:35:24.910000,10949,10950,10950,1
2019-04-18,15:35:28.261000,10949,10950,10950,1
2019-04-18,15:35:31.006000,10949,10950,10949,1
2019-04-18,15:35:31.035000,10949,10950,10950,1
2019-04-18,15:35:32.386000,10949,10950,10949,1
2019-04-18,15:35:35.057000,10949,10950,10949,2
2019-04-18,15:35:38.656000,10948,10949,10949,1
2019-04-18,15:35:38.775000,10948,10949,10949,1
2019-04-18,15:35:39.023000,10948,10949,10949,2
2019-04-18,15:35:42.722000,10949,10950,10949,1
2019-04-18,15:35:43.122000,10949,10950,10949,1
2019-04-18,15:35:43.938000,10949,10950,10949,2
2019-04-18,15:35:45.239000,10949,10950,10950,22
2019-04-18,15:35:45.364000,10949,10950,10950,2
2019-04-18,15:35:45.364000,10949,10950,10950,21
2019-04-18,15:35:45.364000,10949,10950,10950,3
2019-04-18,15:35:45.598000,10949,10951,10950,1
2019-04-18,15:35:45.994000,10950,10951,10950,5
2019-04-18,15:35:46.091000,10950,10951,10950,1
2019-04-18,15:35:46.276000,10950,10951,10950,2
2019-04-18,15:35:46.299000,10950,10951,10950,1
2019-04-18,15:35:49.811000,10950,10951,10950,2
2019-04-18,15:35:50.182000,10950,10951,10950,2
2019-04-18,15:35:52.810000,10950,10951,10950,1
2019-04-18,15:35:54.149000,10950,10951,10950,4
2019-04-18,15:35:55.943000,10950,10951,10950,1
2019-04-18,15:35:56.809000,10950,10951,10950,1
2019-04-18,15:35:57.668000,10950,10951,10950,2
2019-04-18,15:35:57.753000,10950,10951,10951,1
2019-04-18,15:35:58.023000,10950,10951,10950,2
2019-04-18,15:35:58.195000,10950,10951,10951,1
2019-04-18,15:35:58.318000,10950,10951,10950,1
2019-04-18,15:36:02.737000,10950,10951,10950,3
2019-04-18,15:36:03.456000,10950,10951,10950,1
2019-04-18,15:36:08.794000,10950,10951,10950,2
2019-04-18,15:36:12.474000,10950,10951,10950,2
2019-04-18,15:36:12.706000,10950,10951,10950,2
2019-04-18,15:36:13.111000,10950,10951,10950,2
2019-04-18,15:36:13.472000,10950,10951,10950,1
2019-04-18,15:36:13.482000,10950,10951,10950,2
2019-04-18,15:36:17.724000,10950,10951,10951,2
2019-04-18,15:36:18.192000,10950,10951,10950,1
2019-04-18,15:36:19.686000,10950,10951,10950,1
2019-04-18,15:36:20.771000,10950,10951,10951,9
2019-04-18,15:36:24.638000,10950,10951,10950,6
2019-04-18,15:36:24.860000,10950,10951,10950,3
2019-04-18,15:36:45.855000,10950,10951,10950,2
2019-04-18,15:36:45.951000,10950,10951,10950,2
2019-04-18,15:36:46.117000,10950,10951,10950,1
2019-04-18,15:36:46.120000,10950,10951,10950,2
2019-04-18,15:36:48.305000,10950,10951,10950,3
2019-04-18,15:36:49.226000,10950,10951,10950,1
2019-04-18,15:36:49.375000,10950,10951,10950,2
2019-04-18,15:36:49.465000,10950,10951,10950,2
2019-04-18,15:36:49.489000,10950,10951,10950,1
2019-04-18,15:36:49.754000,10950,10951,10950,2
2019-04-18,15:36:59.327000,10950,10951,10950,1
2019-04-18,15:37:03.441000,10950,10951,10950,1
2019-04-18,15:37:08.274000,10950,10951,10950,2
2019-04-18,15:37:19.054000,10950,10951,10950,3
2019-04-18,15:37:23.951000,10950,10951,10950,1
2019-04-18,15:37:35.390000,10950,10951,10951,1
2019-04-18,15:37:37.514000,10950,10951,10950,1
2019-04-18,15:37:41.242000,10950,10951,10951,1
2019-04-18,15:37:42.650000,10950,10951,10951,14
2019-04-18,15:37:43.318000,10951,10952,10951,1
2019-04-18,15:37:54.503000,10951,10952,10951,1
2019-04-18,15:38:18.771000,10951,10952,10951,1
2019-04-18,15:38:19.460000,10951,10952,10951,2
2019-04-18,15:38:21.606000,10951,10952,10951,1
2019-04-18,15:38:24.620000,10951,10952,10951,1
2019-04-18,15:38:30.745000,10951,10952,10951,2
2019-04-18,15:38:39.785000,10951,10952,10951,2
2019-04-18,15:38:39.864000,10951,10952,10951,4
2019-04-18,15:38:42.207000,10950,10951,10951,1
2019-04-18,15:38:56.739000,10950,10951,10950,21
2019-04-18,15:38:56.893000,10949,10951,10950,3
2019-04-18,15:38:56.893000,10949,10951,10951,27
2019-04-18,15:39:02.146000,10950,10951,10950,5
2019-04-18,15:39:02.146000,10950,10951,10950,1
2019-04-18,15:39:02.533000,10949,10950,10950,1
2019-04-18,15:39:03.627000,10949,10950,10950,1
2019-04-18,15:39:05.321000,10949,10950,10950,4
2019-04-18,15:39:05.321000,10949,10950,10951,3
2019-04-18,15:39:21.864000,10949,10950,10949,1
2019-04-18,15:39:22.387000,10949,10950,10949,1
2019-04-18,15:39:27.502000,10949,10950,10949,1
2019-04-18,15:39:28.306000,10949,10950,10950,1
2019-04-18,15:39:29.796000,10949,10950,10949,2
2019-04-18,15:39:29.855000,10949,10950,10950,2
2019-04-18,15:39:40.425000,10949,10950,10950,2
2019-04-18,15:39:40.425000,10949,10950,10950,2
2019-04-18,15:39:40.426000,10949,10950,10950,9
2019-04-18,15:39:41.076000,10950,10951,10950,1
2019-04-18,15:39:41.739000,10950,10951,10950,1
2019-04-18,15:39:42.025000,10950,10951,10950,1
2019-04-18,15:39:47.741000,10950,10951,10951,1
2019-04-18,15:39:54.108000,10950,10951,10950,1
2019-04-18,15:39:59.482000,10950,10951,10950,1
2019-04-18,15:40:01.582000,10950,10951,10950,1
2019-04-18,15:40:02.867000,10950,10951,10950,1
2019-04-18,15:40:03.071000,10950,10951,10951,1
2019-04-18,15:40:09.251000,10950,10951,10950,1
2019-04-18,15:40:13.576000,10950,10951,10950,1
2019-04-18,15:40:20.223000,10950,10951,10950,1
2019-04-18,15:40:39.686000,10950,10951,10951,2
2019-04-18,15:40:39.851000,10950,10951,10951,1
2019-04-18,15:40:39.909000,10950,10951,10951,1
2019-04-18,15:40:39.910000,10950,10951,10951,1
2019-04-18,15:40:39.911000,10950,10951,10951,9
2019-04-18,15:40:40.151000,10951,10952,10951,1
2019-04-18,15:40:41.147000,10951,10952,10951,6
2019-04-18,15:40:53.717000,10951,10952,10951,1
2019-04-18,15:41:02.250000,10951,10952,10951,4
2019-04-18,15:41:03.355000,10951,10952,10951,1
2019-04-18,15:41:08.092000,10950,10951,10951,1
2019-04-18,15:41:22.991000,10950,10951,10951,1
2019-04-18,15:41:25.246000,10950,10951,10951,7
2019-04-18,15:42:01.052000,10951,10952,10952,5
2019-04-18,15:42:12.410000,10951,10952,10951,1
2019-04-18,15:42:20.573000,10951,10952,10952,1
2019-04-18,15:42:20.614000,10951,10952,10952,9
2019-04-18,15:42:32.083000,10952,10953,10952,1
2019-04-18,15:42:33.028000,10952,10953,10952,1
2019-04-18,15:42:44.129000,10952,10953,10952,15
2019-04-18,15:42:44.214000,10952,10953,10952,3
2019-04-18,15:42:44.959000,10952,10953,10952,3
2019-04-18,15:42:46.139000,10951,10952,10952,4
2019-04-18,15:42:46.242000,10951,10952,10952,2
2019-04-18,15:42:50.048000,10951,10952,10952,1
2019-04-18,15:42:53.054000,10951,10952,10952,1
2019-04-18,15:42:53.823000,10951,10952,10952,1
2019-04-18,15:42:54.712000,10952,10953,10952,1
2019-04-18,15:43:07.075000,10951,10952,10952,1
2019-04-18,15:43:20.546000,10951,10952,10951,1
2019-04-18,15:43:38.032000,10951,10952,10952,1
2019-04-18,15:43:45.947000,10952,10953,10952,1
2019-04-18,15:43:51.342000,10952,10953,10953,1
2019-04-18,15:43:57.812000,10952,10953,10953,1
2019-04-18,15:43:57.834000,10952,10953,10953,2
2019-04-18,15:43:57.876000,10952,10953,10953,2
2019-04-18,15:43:57.904000,10952,10953,10953,2
2019-04-18,15:44:00.674000,10952,10953,10953,1
2019-04-18,15:44:00.687000,10952,10953,10953,2
2019-04-18,15:44:00.740000,10952,10953,10953,2
2019-04-18,15:44:00.765000,10952,10953,10953,2
2019-04-18,15:44:02.202000,10952,10953,10953,1
2019-04-18,15:44:03.175000,10952,10953,10953,1
2019-04-18,15:44:03.183000,10952,10953,10953,2
2019-04-18,15:44:03.248000,10952,10953,10953,2
2019-04-18,15:44:03.261000,10952,10953,10953,2
2019-04-18,15:44:05.641000,10952,10953,10953,1
2019-04-18,15:44:05.668000,10952,10953,10953,2
2019-04-18,15:44:05.721000,10952,10953,10953,2
2019-04-18,15:44:05.736000,10952,10953,10953,2
2019-04-18,15:44:10.164000,10952,10953,10953,1
2019-04-18,15:44:10.186000,10952,10953,10953,2
2019-04-18,15:44:10.237000,10952,10953,10953,2
2019-04-18,15:44:10.266000,10952,10953,10953,2
2019-04-18,15:44:17.395000,10952,10953,10953,7
2019-04-18,15:44:20.559000,10952,10953,10952,3
2019-04-18,15:44:24.917000,10952,10953,10952,3
2019-04-18,15:44:28.655000,10952,10953,10952,3
2019-04-18,15:44:48.240000,10951,10952,10952,1
2019-04-18,15:45:06.247000,10951,10952,10951,8
2019-04-18,15:45:06.247000,10951,10952,10951,1
2019-04-18,15:45:06.247000,10951,10952,10951,4
2019-04-18,15:45:07.463000,10950,10951,10951,1
2019-04-18,15:45:14.190000,10950,10951,10951,5
2019-04-18,15:45:32.667000,10950,10951,10950,3
2019-04-18,15:45:35.088000,10950,10951,10951,1
2019-04-18,15:45:35.287000,10950,10951,10950,1
2019-04-18,15:45:56,10950,10951,10950,1
2019-04-18,15:45:56.317000,10950,10951,10950,30
2019-04-18,15:45:56.364000,10950,10951,10950,1
2019-04-18,15:45:56.364000,10950,10951,10950,1
2019-04-18,15:46:06.228000,10950,10951,10950,11
2019-04-18,15:46:06.229000,10950,10951,10950,1
2019-04-18,15:46:06.229000,10950,10951,10950,1
2019-04-18,15:46:06.229000,10950,10951,10950,15
2019-04-18,15:46:06.229000,10950,10951,10950,3
2019-04-18,15:46:06.229000,10950,10951,10950,4
2019-04-18,15:46:06.230000,10950,10951,10950,4
2019-04-18,15:46:06.230000,10950,10951,10950,3
2019-04-18,15:46:06.230000,10950,10951,10950,1
2019-04-18,15:46:06.230000,10950,10951,10950,1
2019-04-18,15:46:06.230000,10950,10951,10950,2
2019-04-18,15:46:09.114000,10949,10950,10949,13
2019-04-18,15:46:09.239000,10949,10950,10949,8
2019-04-18,15:46:10.961000,10948,10950,10948,1
2019-04-18,15:46:11.004000,10948,10950,10948,1
2019-04-18,15:46:12.642000,10948,10949,10948,1
2019-04-18,15:46:13.119000,10948,10949,10948,1
2019-04-18,15:46:19.704000,10948,10949,10948,10
2019-04-18,15:46:24.566000,10948,10949,10948,10
2019-04-18,15:46:24.867000,10948,10949,10948,1
2019-04-18,15:46:25.292000,10948,10949,10948,1
2019-04-18,15:46:27.138000,10948,10949,10948,1
2019-04-18,15:46:28.560000,10948,10949,10948,1
2019-04-18,15:46:28.945000,10948,10949,10949,10
2019-04-18,15:46:29.049000,10949,10950,10949,1
2019-04-18,15:46:29.151000,10949,10950,10949,4
2019-04-18,15:46:29.394000,10949,10950,10949,1
2019-04-18,15:46:29.644000,10949,10950,10949,1
2019-04-18,15:46:30.337000,10949,10950,10949,2
2019-04-18,15:46:30.808000,10949,10950,10949,1
2019-04-18,15:46:39.167000,10948,10950,10948,1
2019-04-18,15:46:41.418000,10949,10950,10949,1
2019-04-18,15:46:44.102000,10949,10950,10949,1
2019-04-18,15:46:46.401000,10949,10950,10949,1
2019-04-18,15:47:09.196000,10949,10950,10949,1
2019-04-18,15:47:20.963000,10949,10950,10949,6
2019-04-18,15:47:21.167000,10948,10949,10948,10
2019-04-18,15:47:23.522000,10948,10949,10949,10
2019-04-18,15:47:30.501000,10948,10949,10948,3
2019-04-18,15:47:36.418000,10948,10949,10948,1
2019-04-18,15:47:48.739000,10948,10949,10949,1
2019-04-18,15:47:48.739000,10948,10949,10949,8
2019-04-18,15:47:48.865000,10949,10950,10949,1
2019-04-18,15:47:49.693000,10949,10950,10949,1
2019-04-18,15:47:57.903000,10949,10950,10949,1
2019-04-18,15:48:00.944000,10948,10950,10949,1
2019-04-18,15:48:22.060000,10948,10949,10948,2
2019-04-18,15:48:32.452000,10948,10949,10948,5
2019-04-18,15:48:37.461000,10948,10949,10948,2
2019-04-18,15:48:41.262000,10948,10949,10948,1
2019-04-18,15:48:45.106000,10948,10949,10948,1
2019-04-18,15:48:52.552000,10948,10949,10948,3
2019-04-18,15:49:00.326000,10947,10948,10947,1
2019-04-18,15:49:00.580000,10947,10948,10947,1
2019-04-18,15:49:05.957000,10947,10948,10947,1
2019-04-18,15:49:07.699000,10947,10948,10947,2
2019-04-18,15:49:07.918000,10947,10948,10947,1
2019-04-18,15:49:12.420000,10947,10948,10947,5
2019-04-18,15:49:12.598000,10947,10948,10947,2
2019-04-18,15:49:12.698000,10947,10948,10947,4
2019-04-18,15:49:15.904000,10947,10948,10947,1
2019-04-18,15:49:17.269000,10947,10948,10947,1
2019-04-18,15:49:20.145000,10947,10948,10947,4
2019-04-18,15:49:20.159000,10947,10948,10947,1
2019-04-18,15:49:22.361000,10947,10948,10947,1
2019-04-18,15:49:23.111000,10947,10948,10947,1
2019-04-18,15:49:23.156000,10947,10948,10947,2
2019-04-18,15:49:24.594000,10946,10947,10947,1
2019-04-18,15:49:26.546000,10946,10947,10946,15
2019-04-18,15:49:26.761000,10946,10947,10946,1
2019-04-18,15:49:29.864000,10946,10947,10946,1
2019-04-18,15:49:31.368000,10946,10947,10946,1
2019-04-18,15:49:31.963000,10946,10947,10946,1
2019-04-18,15:49:32.118000,10946,10947,10946,5
2019-04-18,15:49:33.025000,10945,10946,10945,1
2019-04-18,15:49:33.204000,10945,10946,10945,1
2019-04-18,15:49:38.340000,10945,10946,10945,1
2019-04-18,15:49:39.993000,10945,10946,10946,4
2019-04-18,15:49:42.649000,10945,10947,10945,1
2019-04-18,15:49:44.552000,10945,10946,10946,1
2019-04-18,15:49:44.715000,10945,10946,10946,2
2019-04-18,15:49:45.061000,10946,10947,10946,2
2019-04-18,15:49:45.382000,10946,10947,10946,1
2019-04-18,15:49:47.068000,10946,10947,10946,3
2019-04-18,15:49:47.741000,10946,10947,10946,1
2019-04-18,15:49:51.035000,10946,10947,10946,1
2019-04-18,15:49:53.398000,10946,10947,10946,1
2019-04-18,15:49:57.053000,10945,10947,10945,1
2019-04-18,15:49:58.104000,10945,10946,10945,2
2019-04-18,15:50:01.699000,10945,10946,10945,1
2019-04-18,15:50:01.901000,10945,10946,10945,1
2019-04-18,15:50:04.336000,10945,10946,10945,2
2019-04-18,15:50:05.030000,10945,10946,10945,1
2019-04-18,15:50:06.492000,10945,10946,10945,1
2019-04-18,15:50:09.486000,10945,10946,10946,1
2019-04-18,15:50:13.993000,10945,10946,10946,9
2019-04-18,15:50:25.142000,10946,10947,10946,1
2019-04-18,15:50:27.568000,10946,10947,10946,1
2019-04-18,15:50:27.989000,10946,10947,10946,1
2019-04-18,15:50:33.850000,10946,10947,10946,1
2019-04-18,15:50:37.025000,10946,10947,10946,1
2019-04-18,15:50:38.642000,10946,10947,10946,1
2019-04-18,15:50:48.057000,10946,10947,10946,1
2019-04-18,15:50:53.027000,10946,10947,10946,1
2019-04-18,15:50:56.068000,10946,10947,10946,17
2019-04-18,15:50:58.777000,10945,10946,10945,1
2019-04-18,15:51:00.497000,10945,10946,10946,1
2019-04-18,15:51:05.320000,10945,10946,10946,1
2019-04-18,15:51:06.315000,10945,10946,10945,3
2019-04-18,15:51:08.766000,10945,10946,10945,3
2019-04-18,15:51:09.024000,10945,10946,10945,1
2019-04-18,15:51:09.601000,10945,10946,10945,1
2019-04-18,15:51:12.411000,10945,10946,10945,1
2019-04-18,15:51:13.635000,10945,10946,10945,1
2019-04-18,15:51:17.712000,10945,10946,10945,1
2019-04-18,15:51:17.712000,10945,10946,10945,3
2019-04-18,15:51:17.712000,10945,10946,10945,2
2019-04-18,15:51:17.712000,10945,10946,10945,2
2019-04-18,15:51:17.739000,10945,10946,10945,1
2019-04-18,15:51:17.739000,10945,10946,10945,2
2019-04-18,15:51:17.740000,10945,10946,10945,8
2019-04-18,15:51:17.740000,10945,10946,10945,6
2019-04-18,15:51:17.740000,10945,10946,10945,8
2019-04-18,15:51:17.740000,10945,10946,10945,4
2019-04-18,15:51:17.740000,10945,10946,10945,1
2019-04-18,15:51:17.740000,10945,10946,10945,1
2019-04-18,15:51:19.718000,10944,10945,10945,2
2019-04-18,15:51:25.031000,10944,10945,10944,1
2019-04-18,15:51:25.199000,10944,10945,10944,4
2019-04-18,15:51:27.703000,10944,10945,10945,1
2019-04-18,15:51:27.703000,10944,10945,10946,1
2019-04-18,15:51:27.761000,10944,10946,10945,1
2019-04-18,15:51:33.554000,10944,10945,10944,1
2019-04-18,15:51:34.260000,10944,10945,10944,1
2019-04-18,15:51:39.055000,10944,10945,10944,3
2019-04-18,15:51:39.634000,10944,10945,10944,2
2019-04-18,15:51:40.894000,10944,10945,10944,1
2019-04-18,15:51:41.025000,10944,10945,10944,1
2019-04-18,15:51:41.577000,10944,10945,10944,1
2019-04-18,15:51:49.737000,10944,10945,10944,3
2019-04-18,15:51:50.460000,10944,10945,10944,1
2019-04-18,15:51:52.165000,10944,10945,10944,7
2019-04-18,15:51:56.136000,10944,10945,10945,2
2019-04-18,15:51:57.026000,10944,10945,10944,1
2019-04-18,15:51:57.424000,10944,10945,10944,8
2019-04-18,15:51:57.425000,10944,10945,10944,8
2019-04-18,15:51:57.489000,10944,10945,10944,1
2019-04-18,15:51:59.286000,10943,10944,10944,1
2019-04-18,15:52:00.514000,10943,10944,10944,5
2019-04-18,15:52:01.036000,10943,10944,10943,10
2019-04-18,15:52:01.141000,10943,10944,10943,7
2019-04-18,15:52:02.443000,10943,10944,10943,6
2019-04-18,15:52:06.570000,10943,10944,10943,2
2019-04-18,15:52:10.150000,10943,10944,10944,4
2019-04-18,15:52:10.187000,10943,10944,10944,4
2019-04-18,15:52:10.239000,10943,10944,10944,2
2019-04-18,15:52:10.260000,10943,10944,10944,1
2019-04-18,15:52:10.364000,10944,10945,10944,1
2019-04-18,15:52:10.432000,10944,10945,10944,1
2019-04-18,15:52:10.437000,10944,10945,10944,1
2019-04-18,15:52:10.749000,10944,10945,10944,1
2019-04-18,15:52:11.286000,10944,10945,10944,10
2019-04-18,15:52:11.796000,10944,10945,10944,1
2019-04-18,15:52:13.570000,10944,10945,10944,1
2019-04-18,15:52:14.281000,10944,10945,10944,10
2019-04-18,15:52:15.766000,10944,10945,10944,1
2019-04-18,15:52:16.223000,10944,10945,10944,1
2019-04-18,15:52:17.340000,10944,10945,10944,1
2019-04-18,15:52:17.962000,10944,10945,10943,1
2019-04-18,15:52:18.114000,10944,10945,10944,1
2019-04-18,15:52:21.189000,10943,10944,10943,1
2019-04-18,15:52:21.579000,10943,10944,10944,1
2019-04-18,15:52:22.617000,10943,10944,10944,1
2019-04-18,15:52:23.544000,10943,10944,10944,3
2019-04-18,15:52:25.037000,10943,10944,10943,7
2019-04-18,15:52:31.834000,10943,10944,10944,4
2019-04-18,15:52:31.873000,10943,10945,10945,1
2019-04-18,15:52:33.162000,10944,10945,10945,1
2019-04-18,15:52:33.332000,10944,10945,10944,1
2019-04-18,15:52:33.337000,10944,10945,10944,1
2019-04-18,15:52:34.508000,10944,10945,10944,1
2019-04-18,15:52:36.956000,10944,10945,10944,5
2019-04-18,15:52:38.664000,10944,10945,10944,1
2019-04-18,15:52:40.564000,10944,10945,10944,1
2019-04-18,15:52:41.241000,10944,10945,10944,1
2019-04-18,15:52:44.873000,10944,10945,10944,1
2019-04-18,15:52:45.026000,10944,10945,10944,1
2019-04-18,15:52:46.083000,10944,10945,10944,1
2019-04-18,15:52:51.678000,10944,10945,10944,1
2019-04-18,15:52:56.960000,10944,10945,10944,2
2019-04-18,15:53:00.147000,10944,10945,10944,2
2019-04-18,15:53:00.911000,10944,10945,10945,10
2019-04-18,15:53:01.029000,10944,10945,10944,1
2019-04-18,15:53:06.492000,10944,10945,10945,38
2019-04-18,15:53:07.044000,10945,10946,10946,3
2019-04-18,15:53:07.044000,10945,10946,10946,12
2019-04-18,15:53:07.044000,10945,10946,10946,9
2019-04-18,15:53:07.837000,10946,10947,10946,1
2019-04-18,15:53:09.684000,10946,10947,10946,4
2019-04-18,15:53:12.992000,10946,10947,10947,1
2019-04-18,15:53:14.037000,10946,10947,10947,3
2019-04-18,15:53:16.780000,10946,10947,10947,1
2019-04-18,15:53:18.798000,10946,10947,10947,1
2019-04-18,15:53:19.633000,10946,10947,10947,1
2019-04-18,15:53:33.024000,10946,10947,10946,1
2019-04-18,15:53:34.963000,10946,10947,10947,1
2019-04-18,15:53:49.024000,10946,10947,10946,1
2019-04-18,15:53:49.456000,10946,10947,10947,2
2019-04-18,15:53:58.595000,10946,10947,10946,4
2019-04-18,15:54:05.026000,10946,10947,10946,1
2019-04-18,15:54:05.540000,10946,10947,10947,1
2019-04-18,15:54:21.084000,10946,10947,10946,1
2019-04-18,15:54:26.461000,10946,10947,10946,1
2019-04-18,15:54:26.461000,10946,10947,10946,3
2019-04-18,15:54:31.819000,10945,10946,10945,2
2019-04-18,15:54:36.004000,10945,10946,10945,1
2019-04-18,15:54:37.025000,10945,10946,10945,1
2019-04-18,15:54:52.298000,10945,10946,10946,1
2019-04-18,15:54:53.027000,10945,10946,10945,1
2019-04-18,15:54:55.882000,10945,10946,10946,1
2019-04-18,15:55:01.741000,10945,10946,10946,1
2019-04-18,15:55:02.139000,10945,10946,10946,1
2019-04-18,15:55:05.774000,10945,10946,10945,1
2019-04-18,15:55:09.024000,10945,10946,10945,1
2019-04-18,15:55:09.779000,10945,10946,10945,2
2019-04-18,15:55:09.779000,10945,10946,10945,2
2019-04-18,15:55:09.780000,10945,10946,10945,5
2019-04-18,15:55:25.025000,10944,10945,10944,1
2019-04-18,15:55:28.083000,10944,10945,10944,7
2019-04-18,15:55:30.263000,10943,10944,10944,1
2019-04-18,15:55:37.616000,10943,10944,10944,3
2019-04-18,15:55:37.864000,10944,10945,10944,1
2019-04-18,15:55:38.220000,10944,10945,10945,22
2019-04-18,15:55:38.220000,10944,10945,10946,10
2019-04-18,15:55:39.741000,10945,10946,10945,1
2019-04-18,15:55:42.188000,10945,10946,10946,1
2019-04-18,15:55:43.744000,10945,10946,10945,2
2019-04-18,15:55:45.277000,10945,10946,10945,1
2019-04-18,15:55:47.470000,10944,10945,10945,2
2019-04-18,15:55:57.024000,10944,10945,10944,1
2019-04-18,15:56:05.352000,10944,10945,10944,3
2019-04-18,15:56:05.689000,10944,10945,10945,1
2019-04-18,15:56:09.461000,10944,10945,10944,3
2019-04-18,15:56:11.349000,10944,10945,10944,4
2019-04-18,15:56:11.406000,10943,10944,10944,1
2019-04-18,15:56:13.029000,10943,10945,10943,1
2019-04-18,15:56:14.149000,10943,10945,10943,1
2019-04-18,15:56:17.229000,10943,10945,10943,1
2019-04-18,15:56:23.635000,10943,10944,10943,4
2019-04-18,15:56:27.851000,10943,10944,10943,1
2019-04-18,15:56:29.027000,10943,10944,10943,1
2019-04-18,15:56:29.928000,10943,10944,10943,4
2019-04-18,15:56:35.659000,10943,10944,10944,1
2019-04-18,15:56:35.671000,10943,10944,10944,1
2019-04-18,15:56:35.671000,10943,10944,10944,1
2019-04-18,15:56:35.739000,10943,10944,10944,1
2019-04-18,15:56:42.328000,10944,10945,10944,4
2019-04-18,15:56:45.956000,10944,10945,10944,2
2019-04-18,15:56:48.925000,10944,10945,10945,1
2019-04-18,15:56:49.533000,10944,10945,10945,1
2019-04-18,15:57:01.026000,10944,10945,10944,1
2019-04-18,15:57:09.270000,10944,10945,10945,2
2019-04-18,15:57:09.312000,10944,10945,10945,1
2019-04-18,15:57:09.313000,10944,10945,10945,1
2019-04-18,15:57:09.364000,10944,10945,10945,11
2019-04-18,15:57:23.823000,10945,10946,10945,2
2019-04-18,15:57:30.793000,10945,10946,10946,1
2019-04-18,15:57:33.024000,10945,10946,10945,1
2019-04-18,15:57:40.778000,10945,10946,10945,3
2019-04-18,15:57:46.823000,10945,10946,10945,3
2019-04-18,15:57:49.025000,10945,10946,10945,1
2019-04-18,15:58:01.568000,10945,10946,10945,1
2019-04-18,15:58:05.025000,10945,10946,10945,1
2019-04-18,15:58:05.295000,10945,10946,10945,4
2019-04-18,15:58:05.328000,10945,10946,10945,2
2019-04-18,15:58:06.240000,10944,10945,10944,2
2019-04-18,15:58:12.462000,10944,10945,10944,1
2019-04-18,15:58:14.098000,10943,10944,10944,1
2019-04-18,15:58:16.575000,10943,10944,10944,1
2019-04-18,15:58:23.751000,10943,10945,10943,1
2019-04-18,15:58:28.374000,10943,10944,10943,1
2019-04-18,15:58:28.571000,10943,10944,10943,1
2019-04-18,15:58:33.899000,10943,10944,10944,1
2019-04-18,15:58:41.684000,10944,10945,10944,1
2019-04-18,15:58:43.334000,10944,10945,10944,1
2019-04-18,15:58:43.417000,10944,10945,10944,1
2019-04-18,15:58:44.548000,10943,10944,10943,1
2019-04-18,15:58:46.696000,10943,10944,10943,3
2019-04-18,15:58:53.025000,10943,10944,10943,1
2019-04-18,15:58:55.222000,10944,10945,10944,1
2019-04-18,15:58:59.910000,10944,10945,10944,1
2019-04-18,15:59:01.203000,10944,10945,10945,3
2019-04-18,15:59:01.448000,10945,10946,10945,1
2019-04-18,15:59:01.829000,10945,10946,10945,1
2019-04-18,15:59:16.883000,10945,10946,10946,1
2019-04-18,15:59:16.957000,10945,10946,10946,1
2019-04-18,15:59:18.477000,10945,10946,10946,1
2019-04-18,15:59:19.135000,10945,10946,10946,1
2019-04-18,15:59:23.843000,10945,10946,10946,15
2019-04-18,15:59:24.166000,10946,10947,10946,1
2019-04-18,15:59:27.375000,10946,10947,10946,1
2019-04-18,15:59:39.334000,10946,10947,10946,2
2019-04-18,15:59:41.024000,10946,10947,10946,1
2019-04-18,15:59:43.374000,10946,10947,10947,1
2019-04-18,15:59:49.113000,10946,10947,10946,1
2019-04-18,15:59:57.024000,10946,10947,10946,1
2019-04-18,15:59:58.923000,10946,10947,10947,2
2019-04-18,16:00:02.945000,10946,10947,10946,2
2019-04-18,16:00:02.945000,10946,10947,10946,3
2019-04-18,16:00:03.964000,10945,10946,10946,1
2019-04-18,16:00:04.221000,10945,10946,10945,1
2019-04-18,16:00:04.297000,10945,10946,10946,1
2019-04-18,16:00:04.331000,10945,10946,10946,1
2019-04-18,16:00:05.643000,10945,10946,10946,1
2019-04-18,16:00:05.885000,10945,10946,10945,1
2019-04-18,16:00:07.244000,10945,10946,10945,1
2019-04-18,16:00:13.025000,10944,10945,10944,1
2019-04-18,16:00:14.794000,10944,10945,10945,1
2019-04-18,16:00:15.392000,10944,10945,10945,1
2019-04-18,16:00:17.106000,10944,10945,10945,1
2019-04-18,16:00:18.683000,10944,10945,10944,2
2019-04-18,16:00:18.719000,10944,10945,10944,2
2019-04-18,16:00:18.720000,10944,10945,10944,1
2019-04-18,16:00:19.516000,10943,10944,10943,45
2019-04-18,16:00:19.517000,10943,10944,10943,1
2019-04-18,16:00:19.720000,10942,10943,10943,1
2019-04-18,16:00:19.965000,10942,10943,10943,1
2019-04-18,16:00:20.244000,10942,10943,10943,6
2019-04-18,16:00:20.483000,10942,10943,10943,2
2019-04-18,16:00:22.569000,10942,10943,10943,2
2019-04-18,16:00:24.735000,10942,10943,10942,9
2019-04-18,16:00:24.748000,10941,10943,10941,1
2019-04-18,16:00:25.418000,10941,10942,10941,1
2019-04-18,16:00:25.611000,10941,10942,10941,1
2019-04-18,16:00:25.611000,10941,10942,10941,1
2019-04-18,16:00:25.611000,10941,10942,10941,1
2019-04-18,16:00:25.612000,10941,10942,10941,2
2019-04-18,16:00:25.612000,10941,10942,10941,1
2019-04-18,16:00:25.612000,10941,10942,10941,1
2019-04-18,16:00:26.009000,10941,10942,10941,1
2019-04-18,16:00:26.444000,10941,10942,10941,1
2019-04-18,16:00:29.024000,10941,10942,10941,1
2019-04-18,16:00:29.470000,10941,10942,10941,7
2019-04-18,16:00:29.489000,10941,10942,10941,1
2019-04-18,16:00:32.041000,10940,10941,10940,10
2019-04-18,16:00:32.224000,10940,10941,10941,16
2019-04-18,16:00:32.224000,10940,10941,10942,14
2019-04-18,16:00:32.542000,10941,10942,10941,1
2019-04-18,16:00:34.712000,10941,10942,10941,1
2019-04-18,16:00:35.864000,10941,10942,10942,1
2019-04-18,16:00:37.494000,10941,10942,10941,2
2019-04-18,16:00:41.102000,10941,10942,10942,1
2019-04-18,16:00:41.398000,10941,10942,10941,3
2019-04-18,16:00:43.746000,10941,10942,10942,2
2019-04-18,16:00:44.628000,10941,10942,10942,2
2019-04-18,16:00:52.491000,10941,10942,10942,1
2019-04-18,16:00:52.884000,10941,10942,10941,1
2019-04-18,16:00:53.567000,10941,10942,10941,1
2019-04-18,16:00:57.647000,10941,10942,10941,2
2019-04-18,16:00:57.647000,10941,10942,10940,1
2019-04-18,16:00:57.756000,10940,10942,10942,8
2019-04-18,16:00:59.888000,10940,10941,10941,1
2019-04-18,16:01:00.340000,10940,10941,10940,1
2019-04-18,16:01:01.026000,10940,10941,10940,1
2019-04-18,16:01:02.295000,10940,10941,10940,1
2019-04-18,16:01:04.590000,10940,10941,10940,1
2019-04-18,16:01:04.899000,10940,10941,10940,1
2019-04-18,16:01:05.455000,10940,10941,10940,1
2019-04-18,16:01:05.604000,10940,10941,10940,2
2019-04-18,16:01:06.382000,10940,10941,10940,3
2019-04-18,16:01:08.966000,10940,10941,10941,2
2019-04-18,16:01:08.989000,10940,10941,10941,2
2019-04-18,16:01:09.464000,10941,10942,10942,1
2019-04-18,16:01:09.982000,10941,10942,10941,2
2019-04-18,16:01:12.037000,10941,10942,10941,1
2019-04-18,16:01:12.123000,10941,10942,10941,2
2019-04-18,16:01:13.723000,10941,10942,10941,2
2019-04-18,16:01:15.206000,10941,10942,10941,22
2019-04-18,16:01:15.206000,10941,10942,10941,1
2019-04-18,16:01:15.239000,10940,10941,10941,1
2019-04-18,16:01:15.239000,10940,10941,10941,2
2019-04-18,16:01:15.777000,10941,10942,10941,1
2019-04-18,16:01:17.549000,10941,10942,10941,1
2019-04-18,16:01:20.638000,10941,10942,10941,1
2019-04-18,16:01:20.907000,10941,10942,10941,1
2019-04-18,16:01:21.397000,10941,10942,10941,2
2019-04-18,16:01:21.642000,10940,10941,10941,1
2019-04-18,16:01:21.773000,10940,10942,10940,2
2019-04-18,16:01:22.518000,10941,10942,10941,1
2019-04-18,16:01:24.551000,10941,10942,10941,1
2019-04-18,16:01:26.572000,10940,10941,10941,1
2019-04-18,16:01:31.099000,10940,10941,10941,1
2019-04-18,16:01:31.673000,10940,10941,10940,1
2019-04-18,16:01:33.025000,10940,10941,10940,1
2019-04-18,16:01:34.093000,10940,10941,10940,5
2019-04-18,16:01:34.702000,10940,10941,10940,1
2019-04-18,16:01:34.739000,10940,10941,10941,10
2019-04-18,16:01:34.867000,10940,10941,10941,1
2019-04-18,16:01:36.131000,10941,10942,10941,3
2019-04-18,16:01:36.513000,10941,10942,10941,1
2019-04-18,16:01:45.405000,10941,10942,10942,8
2019-04-18,16:01:48.556000,10941,10942,10942,3
2019-04-18,16:01:48.556000,10941,10942,10942,1
2019-04-18,16:01:48.557000,10941,10942,10942,1
2019-04-18,16:01:48.559000,10941,10942,10942,2
2019-04-18,16:01:48.559000,10941,10942,10942,1
2019-04-18,16:01:48.614000,10941,10942,10942,2
2019-04-18,16:01:48.614000,10941,10942,10942,6
2019-04-18,16:01:49.234000,10942,10943,10942,1
2019-04-18,16:01:50.598000,10942,10943,10942,1
2019-04-18,16:01:53.764000,10942,10943,10942,4
2019-04-18,16:01:56.528000,10942,10943,10942,2
2019-04-18,16:01:58.192000,10942,10943,10942,1
2019-04-18,16:02:05.026000,10942,10943,10942,1
2019-04-18,16:02:11.222000,10942,10943,10942,1
2019-04-18,16:02:17.991000,10942,10943,10942,1
2019-04-18,16:02:17.991000,10942,10943,10942,6
2019-04-18,16:02:17.991000,10942,10943,10942,1
2019-04-18,16:02:17.991000,10942,10943,10942,3
2019-04-18,16:02:17.991000,10942,10943,10942,1
2019-04-18,16:02:17.991000,10942,10943,10942,2
2019-04-18,16:02:17.991000,10942,10943,10942,2
2019-04-18,16:02:18.145000,10941,10942,10941,1
2019-04-18,16:02:18.484000,10941,10942,10941,2
2019-04-18,16:02:18.489000,10941,10942,10941,7
2019-04-18,16:02:18.493000,10941,10942,10940,6
2019-04-18,16:02:18.792000,10940,10941,10940,1
2019-04-18,16:02:21.027000,10940,10941,10940,1
2019-04-18,16:02:23.595000,10940,10941,10940,4
2019-04-18,16:02:25.351000,10940,10941,10941,1
2019-04-18,16:02:25.612000,10940,10941,10940,1
2019-04-18,16:02:25.741000,10940,10941,10940,2
2019-04-18,16:02:29.784000,10940,10941,10940,1
2019-04-18,16:02:32.211000,10940,10941,10940,7
2019-04-18,16:02:32.617000,10939,10940,10939,1
2019-04-18,16:02:32.631000,10939,10940,10939,1
2019-04-18,16:02:32.632000,10939,10940,10939,1
2019-04-18,16:02:32.633000,10939,10940,10939,1
2019-04-18,16:02:32.634000,10939,10940,10939,2
2019-04-18,16:02:33.448000,10939,10940,10940,1
2019-04-18,16:02:37.024000,10939,10940,10939,1
2019-04-18,16:02:39.541000,10939,10940,10939,2
2019-04-18,16:02:40.546000,10939,10940,10939,1
2019-04-18,16:02:40.864000,10939,10940,10939,1
2019-04-18,16:02:40.885000,10939,10940,10940,1
2019-04-18,16:02:41.498000,10939,10940,10939,1
2019-04-18,16:02:47.437000,10939,10940,10940,5
2019-04-18,16:02:47.489000,10939,10940,10940,2
2019-04-18,16:02:47.489000,10939,10940,10940,1
2019-04-18,16:02:55.076000,10940,10941,10941,5
2019-04-18,16:02:58.076000,10941,10942,10941,1
2019-04-18,16:03:01.631000,10941,10942,10942,9
2019-04-18,16:03:02.026000,10942,10943,10942,1
2019-04-18,16:03:02.987000,10942,10943,10942,2
2019-04-18,16:03:05.625000,10942,10943,10942,1
2019-04-18,16:03:05.705000,10942,10943,10942,1
2019-04-18,16:03:10.097000,10942,10943,10942,1
2019-04-18,16:03:14.990000,10942,10943,10942,1
2019-04-18,16:03:15.514000,10942,10943,10942,1
2019-04-18,16:03:15.691000,10942,10943,10942,4
2019-04-18,16:03:15.739000,10941,10942,10942,1
2019-04-18,16:03:16.147000,10941,10942,10942,9
2019-04-18,16:03:17.876000,10941,10943,10941,1
2019-04-18,16:03:19.580000,10941,10942,10942,1
2019-04-18,16:03:20.562000,10941,10942,10942,1
2019-04-18,16:03:27.639000,10941,10942,10941,2
2019-04-18,16:03:27.674000,10941,10942,10941,2
2019-04-18,16:03:27.739000,10941,10942,10941,5
2019-04-18,16:03:39.556000,10940,10941,10940,9
2019-04-18,16:03:41.026000,10939,10940,10939,1
2019-04-18,16:03:41.943000,10939,10940,10940,3
2019-04-18,16:03:41.944000,10939,10940,10940,3
2019-04-18,16:03:54.208000,10940,10941,10940,9
2019-04-18,16:03:54.595000,10940,10941,10940,3
2019-04-18,16:03:55.741000,10940,10941,10940,1
2019-04-18,16:03:57.024000,10940,10941,10940,1
2019-04-18,16:03:58.020000,10940,10941,10940,1
2019-04-18,16:03:58.432000,10940,10941,10940,5
2019-04-18,16:04:07.286000,10940,10941,10940,2
2019-04-18,16:04:08.069000,10940,10941,10940,2
2019-04-18,16:04:10.300000,10940,10941,10940,1
2019-04-18,16:04:11.064000,10940,10941,10940,5
2019-04-18,16:04:13.028000,10940,10941,10940,1
2019-04-18,16:04:23.612000,10940,10941,10940,1
2019-04-18,16:04:26.223000,10940,10941,10941,2
2019-04-18,16:04:28.239000,10940,10941,10941,7
2019-04-18,16:04:28.364000,10940,10941,10941,8
2019-04-18,16:04:31.086000,10941,10942,10941,1
2019-04-18,16:04:37.257000,10941,10942,10941,4
2019-04-18,16:04:44.401000,10941,10942,10942,2
2019-04-18,16:04:44.406000,10941,10942,10942,15
2019-04-18,16:04:44.407000,10941,10942,10942,8
2019-04-18,16:04:44.432000,10941,10942,10942,1
2019-04-18,16:04:44.489000,10941,10942,10942,2
2019-04-18,16:04:44.490000,10941,10942,10942,5
2019-04-18,16:04:44.490000,10941,10942,10942,3
2019-04-18,16:04:44.490000,10941,10942,10942,9
2019-04-18,16:04:44.490000,10941,10942,10942,4
2019-04-18,16:04:44.490000,10941,10942,10942,2
2019-04-18,16:04:44.490000,10941,10942,10942,3
2019-04-18,16:04:45.556000,10942,10943,10942,1
2019-04-18,16:04:46.131000,10942,10943,10943,1
2019-04-18,16:04:50.479000,10941,10943,10943,1
2019-04-18,16:04:55.688000,10942,10943,10943,1
2019-04-18,16:04:55.840000,10942,10943,10942,1
2019-04-18,16:04:56.602000,10942,10943,10943,1
2019-04-18,16:04:57.429000,10942,10943,10942,1
2019-04-18,16:04:57.450000,10942,10943,10943,1
2019-04-18,16:05:00.023000,10942,10943,10943,1
2019-04-18,16:05:01.030000,10942,10943,10942,1
2019-04-18,16:05:02.059000,10942,10943,10942,2
2019-04-18,16:05:04.560000,10941,10942,10941,1
2019-04-18,16:05:04.585000,10941,10942,10941,1
2019-04-18,16:05:07.389000,10941,10942,10941,2
2019-04-18,16:05:07.919000,10941,10942,10942,1
2019-04-18,16:05:08.461000,10941,10942,10941,4
2019-04-18,16:05:08.492000,10941,10942,10942,1
2019-04-18,16:05:09.642000,10941,10942,10941,4
2019-04-18,16:05:11.470000,10941,10942,10941,1
2019-04-18,16:05:13.817000,10941,10942,10941,1
2019-04-18,16:05:15.601000,10941,10942,10941,1
2019-04-18,16:05:16.687000,10941,10942,10941,1
2019-04-18,16:05:17.023000,10941,10942,10941,1
2019-04-18,16:05:18.939000,10940,10941,10941,1
2019-04-18,16:05:19.638000,10941,10942,10941,1
2019-04-18,16:05:20.949000,10941,10942,10941,1
2019-04-18,16:05:24.173000,10941,10942,10941,1
2019-04-18,16:05:27.723000,10941,10942,10942,1
2019-04-18,16:05:27.751000,10941,10942,10941,1
2019-04-18,16:05:33.029000,10941,10942,10941,1
2019-04-18,16:05:36.458000,10941,10942,10942,1
2019-04-18,16:05:39.612000,10941,10942,10941,1
2019-04-18,16:05:49.028000,10941,10942,10941,1
2019-04-18,16:05:58.003000,10941,10942,10941,5
2019-04-18,16:05:58.231000,10941,10942,10941,1
2019-04-18,16:06:01.651000,10941,10942,10942,1
2019-04-18,16:06:04.490000,10941,10942,10942,1
2019-04-18,16:06:05.027000,10941,10942,10941,1
2019-04-18,16:06:09.221000,10941,10942,10942,2
2019-04-18,16:06:18.920000,10941,10942,10942,10
2019-04-18,16:06:21.434000,10941,10942,10942,1
2019-04-18,16:06:27.160000,10941,10942,10942,6
2019-04-18,16:06:27.392000,10941,10942,10942,2
2019-04-18,16:06:30.722000,10942,10943,10942,1
2019-04-18,16:06:33.550000,10942,10943,10943,1
2019-04-18,16:06:44.410000,10943,10944,10943,3
2019-04-18,16:06:45.701000,10943,10944,10943,1
2019-04-18,16:06:49.137000,10943,10944,10943,1
2019-04-18,16:06:53.028000,10943,10944,10943,1
2019-04-18,16:06:53.269000,10943,10944,10943,1
2019-04-18,16:06:53.275000,10943,10944,10943,1
2019-04-18,16:06:53.492000,10943,10944,10943,1
2019-04-18,16:06:53.492000,10943,10944,10943,1
2019-04-18,16:06:53.493000,10943,10944,10943,1
2019-04-18,16:06:53.493000,10943,10944,10943,1
2019-04-18,16:06:53.493000,10943,10944,10943,1
2019-04-18,16:06:54.774000,10942,10943,10943,4
2019-04-18,16:06:59.985000,10942,10943,10943,1
2019-04-18,16:07:00.448000,10942,10943,10942,1
2019-04-18,16:07:03.823000,10942,10943,10942,2
2019-04-18,16:07:05.885000,10942,10943,10942,7
2019-04-18,16:07:09.027000,10941,10942,10941,1
2019-04-18,16:07:12.672000,10941,10942,10941,2
2019-04-18,16:07:12.676000,10941,10942,10941,1
2019-04-18,16:07:12.676000,10941,10942,10941,1
2019-04-18,16:07:12.676000,10941,10942,10941,17
2019-04-18,16:07:16.175000,10940,10941,10941,1
2019-04-18,16:07:18.137000,10940,10941,10941,3
2019-04-18,16:07:18.239000,10940,10941,10941,2
2019-04-18,16:07:18.568000,10940,10942,10942,1
2019-04-18,16:07:21.493000,10940,10942,10940,2
2019-04-18,16:07:27.364000,10940,10941,10941,2
2019-04-18,16:07:32.764000,10940,10941,10941,5
2019-04-18,16:07:41.024000,10941,10942,10941,1
2019-04-18,16:07:55.310000,10941,10942,10941,1
2019-04-18,16:07:57.024000,10941,10942,10941,1
2019-04-18,16:08:01.054000,10941,10942,10941,4
2019-04-18,16:08:13.028000,10940,10941,10940,1
2019-04-18,16:08:14.365000,10940,10941,10940,1
2019-04-18,16:08:14.786000,10940,10941,10941,1
2019-04-18,16:08:27.375000,10940,10941,10941,14
2019-04-18,16:08:36.644000,10941,10942,10941,1
2019-04-18,16:08:40.141000,10941,10942,10942,1
2019-04-18,16:08:45.028000,10941,10942,10941,1
2019-04-18,16:08:48.047000,10941,10942,10942,2
2019-04-18,16:08:48.047000,10941,10942,10942,3
2019-04-18,16:08:48.048000,10941,10942,10942,6
2019-04-18,16:08:48.049000,10941,10942,10942,4
2019-04-18,16:08:48.060000,10941,10942,10942,2
2019-04-18,16:08:48.120000,10942,10943,10943,1
2019-04-18,16:08:58.881000,10942,10943,10942,2
2019-04-18,16:09:02.430000,10941,10942,10942,2
2019-04-18,16:09:02.489000,10942,10943,10942,2
2019-04-18,16:09:06.777000,10941,10942,10942,2
2019-04-18,16:09:30.952000,10942,10943,10942,2
2019-04-18,16:09:30.959000,10942,10943,10942,3
2019-04-18,16:09:33.085000,10941,10942,10941,1
2019-04-18,16:09:36.619000,10941,10942,10942,2
2019-04-18,16:09:41.015000,10941,10942,10942,2
2019-04-18,16:09:41.114000,10941,10942,10942,2
2019-04-18,16:09:45.170000,10941,10942,10942,4
2019-04-18,16:09:46.698000,10942,10943,10942,2
2019-04-18,16:09:47.991000,10942,10943,10942,2
2019-04-18,16:09:49.864000,10942,10943,10942,2
2019-04-18,16:09:51.140000,10941,10942,10942,2
2019-04-18,16:09:57.805000,10941,10942,10942,1
2019-04-18,16:10:01.261000,10941,10942,10942,1
2019-04-18,16:10:01.488000,10941,10942,10942,2
2019-04-18,16:10:01.819000,10942,10943,10943,1
2019-04-18,16:10:03.063000,10942,10943,10942,1
2019-04-18,16:10:03.896000,10942,10943,10942,5
2019-04-18,16:10:11.109000,10942,10943,10942,1
2019-04-18,16:10:12.675000,10942,10943,10942,4
2019-04-18,16:10:14.174000,10941,10942,10942,1
2019-04-18,16:10:21.026000,10941,10942,10941,1
2019-04-18,16:10:22.887000,10941,10942,10942,1
2019-04-18,16:10:37.024000,10941,10942,10941,1
2019-04-18,16:10:37.234000,10941,10942,10942,4
2019-04-18,16:10:45.146000,10942,10943,10942,2
2019-04-18,16:10:47.102000,10942,10943,10942,1
2019-04-18,16:10:48.840000,10942,10943,10943,1
2019-04-18,16:10:53.025000,10942,10943,10942,1
2019-04-18,16:11:00.917000,10942,10943,10942,1
2019-04-18,16:11:03.163000,10942,10943,10942,1
2019-04-18,16:11:09.025000,10942,10943,10942,1
2019-04-18,16:11:25.024000,10942,10943,10942,1
2019-04-18,16:11:38.058000,10942,10943,10943,1
2019-04-18,16:11:41.025000,10942,10943,10942,1
2019-04-18,16:11:42.350000,10942,10943,10943,13
2019-04-18,16:11:48.454000,10943,10944,10944,4
2019-04-18,16:11:54.332000,10943,10944,10944,3
2019-04-18,16:11:57.023000,10943,10944,10943,1
2019-04-18,16:11:58.019000,10943,10944,10944,1
2019-04-18,16:12:02.407000,10943,10944,10944,1
2019-04-18,16:12:02.660000,10943,10944,10943,1
2019-04-18,16:12:05.269000,10943,10944,10944,2
2019-04-18,16:12:10.183000,10943,10944,10943,7
2019-04-18,16:12:10.239000,10942,10943,10943,1
2019-04-18,16:12:11.233000,10943,10944,10943,1
2019-04-18,16:12:11.761000,10943,10944,10944,1
2019-04-18,16:12:13.025000,10943,10944,10943,1
2019-04-18,16:12:17.558000,10943,10944,10944,1
2019-04-18,16:12:17.913000,10943,10944,10943,3
2019-04-18,16:12:19.636000,10943,10944,10944,14
2019-04-18,16:12:19.739000,10943,10944,10944,6
2019-04-18,16:12:19.739000,10943,10944,10944,5
2019-04-18,16:12:24.014000,10944,10945,10944,1
2019-04-18,16:12:25.664000,10944,10945,10944,1
2019-04-18,16:12:34.114000,10944,10945,10945,7
2019-04-18,16:12:34.115000,10944,10945,10945,5
2019-04-18,16:12:34.115000,10944,10945,10945,1
2019-04-18,16:12:34.275000,10944,10945,10945,2
2019-04-18,16:12:34.579000,10944,10945,10945,2
2019-04-18,16:12:34.616000,10944,10945,10945,4
2019-04-18,16:12:34.893000,10944,10946,10946,1
2019-04-18,16:12:37.306000,10945,10946,10945,1
2019-04-18,16:12:38.502000,10945,10946,10946,1
2019-04-18,16:12:38.943000,10945,10946,10946,6
2019-04-18,16:12:46.078000,10945,10946,10946,1
2019-04-18,16:12:47.588000,10945,10946,10945,1
2019-04-18,16:12:53.798000,10945,10946,10946,1
2019-04-18,16:12:54.325000,10945,10946,10946,1
2019-04-18,16:12:56.725000,10945,10946,10946,1
2019-04-18,16:12:59.477000,10945,10946,10946,1
2019-04-18,16:12:59.480000,10945,10946,10946,1
2019-04-18,16:13:01.024000,10945,10946,10945,1
2019-04-18,16:13:01.862000,10945,10946,10946,1
2019-04-18,16:13:03.424000,10945,10946,10946,2
2019-04-18,16:13:05.286000,10945,10946,10946,1
2019-04-18,16:13:06.499000,10945,10946,10946,4
2019-04-18,16:13:10.355000,10945,10946,10946,1
2019-04-18,16:13:17.025000,10945,10946,10945,1
2019-04-18,16:13:18.303000,10945,10946,10945,1
2019-04-18,16:13:18.303000,10945,10946,10945,1
2019-04-18,16:13:18.303000,10945,10946,10945,2
2019-04-18,16:13:18.303000,10945,10946,10945,1
2019-04-18,16:13:18.364000,10945,10946,10945,8
2019-04-18,16:13:18.364000,10945,10946,10945,2
2019-04-18,16:13:18.364000,10945,10946,10945,2
2019-04-18,16:13:19.822000,10944,10945,10945,1
2019-04-18,16:13:20.119000,10944,10945,10945,1
2019-04-18,16:13:21.423000,10944,10945,10945,1
2019-04-18,16:13:24.868000,10944,10945,10944,1
2019-04-18,16:13:25.047000,10944,10945,10945,1
2019-04-18,16:13:27.215000,10944,10945,10945,5
2019-04-18,16:13:33.025000,10944,10945,10944,1
2019-04-18,16:13:38.693000,10944,10945,10945,1
2019-04-18,16:13:44.422000,10944,10945,10944,1
2019-04-18,16:13:48.036000,10944,10945,10944,1
2019-04-18,16:13:48.377000,10944,10945,10944,1
2019-04-18,16:13:49.025000,10944,10945,10944,1
2019-04-18,16:13:55.594000,10944,10945,10944,1
2019-04-18,16:13:55.595000,10944,10945,10944,1
2019-04-18,16:13:55.596000,10944,10945,10944,1
2019-04-18,16:13:55.597000,10944,10945,10944,1
2019-04-18,16:13:55.614000,10944,10945,10944,1
2019-04-18,16:14:00.299000,10943,10944,10944,1
2019-04-18,16:14:05.025000,10943,10944,10943,1
2019-04-18,16:14:17.076000,10943,10944,10944,1
2019-04-18,16:14:21.026000,10943,10944,10943,1
2019-04-18,16:14:21.516000,10943,10944,10944,1
2019-04-18,16:14:35.403000,10943,10944,10943,1
2019-04-18,16:14:37.024000,10943,10944,10943,1
2019-04-18,16:14:49.103000,10943,10944,10943,2
2019-04-18,16:14:53.027000,10943,10944,10943,1
2019-04-18,16:14:57.063000,10943,10944,10944,7
2019-04-18,16:15:09.518000,10944,10945,10944,1
2019-04-18,16:15:25.025000,10944,10945,10944,1
2019-04-18,16:15:29.255000,10944,10945,10944,3
2019-04-18,16:15:29.437000,10944,10945,10944,1
2019-04-18,16:15:29.437000,10944,10945,10944,1
2019-04-18,16:15:29.438000,10944,10945,10944,1
2019-04-18,16:15:29.438000,10944,10945,10944,1
2019-04-18,16:15:29.438000,10944,10945,10944,1
2019-04-18,16:15:29.438000,10944,10945,10944,2
2019-04-18,16:15:35.539000,10943,10944,10944,3
2019-04-18,16:15:41.026000,10943,10944,10943,1
2019-04-18,16:15:42.282000,10943,10944,10944,1
2019-04-18,16:15:46.557000,10944,10945,10944,1
2019-04-18,16:15:50.137000,10944,10945,10945,1
2019-04-18,16:15:57.025000,10944,10945,10944,1
2019-04-18,16:16:02.344000,10944,10945,10945,1
2019-04-18,16:16:02.351000,10944,10945,10945,6
2019-04-18,16:16:06.732000,10945,10946,10945,1
2019-04-18,16:16:07.263000,10945,10946,10945,1
2019-04-18,16:16:07.795000,10945,10946,10945,1
2019-04-18,16:16:27.128000,10945,10946,10946,1
2019-04-18,16:16:28.634000,10945,10946,10946,3
2019-04-18,16:16:31.340000,10945,10946,10946,1
2019-04-18,16:16:31.827000,10945,10946,10946,1
2019-04-18,16:16:33.583000,10945,10946,10946,1
2019-04-18,16:16:44.413000,10945,10946,10946,1
2019-04-18,16:16:45.590000,10946,10947,10946,2
2019-04-18,16:17:01.027000,10946,10947,10946,1
2019-04-18,16:17:06.201000,10946,10947,10947,5
2019-04-18,16:17:07.310000,10946,10947,10947,1
2019-04-18,16:17:12.329000,10946,10947,10947,1
2019-04-18,16:17:17.024000,10946,10947,10946,1
2019-04-18,16:17:17.355000,10946,10947,10947,1
2019-04-18,16:17:25.156000,10946,10947,10947,1
2019-04-18,16:17:32.082000,10946,10947,10947,6
2019-04-18,16:17:33.023000,10946,10947,10946,1
2019-04-18,16:17:36.955000,10946,10947,10947,2
2019-04-18,16:17:40.489000,10946,10947,10947,1
2019-04-18,16:17:48.026000,10946,10947,10947,2
2019-04-18,16:17:49.026000,10946,10947,10946,1
2019-04-18,16:17:59.263000,10946,10947,10946,14
2019-04-18,16:18:02.279000,10945,10946,10946,1
2019-04-18,16:18:02.281000,10945,10946,10946,1
2019-04-18,16:18:05.026000,10945,10946,10945,1
2019-04-18,16:18:06.929000,10945,10946,10946,1
2019-04-18,16:18:18.582000,10945,10946,10945,2
2019-04-18,16:18:21.026000,10945,10946,10945,1
2019-04-18,16:18:21.627000,10945,10946,10945,8
2019-04-18,16:18:29.024000,10944,10945,10945,4
2019-04-18,16:18:29.025000,10944,10945,10945,1
2019-04-18,16:18:47.728000,10945,10946,10945,1
2019-04-18,16:18:48.737000,10945,10946,10946,5
2019-04-18,16:18:53.024000,10945,10946,10945,1
2019-04-18,16:19:06.803000,10945,10946,10946,1
2019-04-18,16:19:09.024000,10945,10946,10945,1
2019-04-18,16:19:11.902000,10945,10946,10946,1
2019-04-18,16:19:20.047000,10945,10946,10946,1
2019-04-18,16:19:25.024000,10945,10946,10945,1
2019-04-18,16:19:26.360000,10945,10946,10946,1
2019-04-18,16:19:26.361000,10945,10946,10946,3
2019-04-18,16:19:26.361000,10945,10946,10946,1
2019-04-18,16:19:26.361000,10945,10946,10946,1
2019-04-18,16:19:26.709000,10946,10947,10946,1
2019-04-18,16:19:27.479000,10946,10947,10947,1
2019-04-18,16:19:31.889000,10946,10947,10947,1
2019-04-18,16:19:32.164000,10946,10947,10947,1
2019-04-18,16:19:41.025000,10946,10947,10946,1
2019-04-18,16:19:45.587000,10946,10947,10946,2
2019-04-18,16:19:51.265000,10946,10947,10946,10
2019-04-18,16:19:54.401000,10946,10947,10946,2
2019-04-18,16:19:57.024000,10946,10947,10946,1
2019-04-18,16:20:01.520000,10945,10946,10946,2
2019-04-18,16:20:13.022000,10945,10946,10945,1
2019-04-18,16:20:28.255000,10945,10946,10946,1
2019-04-18,16:20:29.026000,10945,10946,10945,1
2019-04-18,16:20:43.364000,10945,10946,10946,12
2019-04-18,16:20:55.858000,10946,10947,10946,1
2019-04-18,16:21:01.025000,10946,10947,10946,1
2019-04-18,16:21:17.024000,10946,10947,10946,1
2019-04-18,16:21:19.531000,10946,10947,10946,1
2019-04-18,16:21:33.024000,10946,10947,10946,1
2019-04-18,16:21:35.565000,10946,10947,10946,2
2019-04-18,16:21:42.006000,10946,10947,10946,3
2019-04-18,16:21:49.026000,10946,10947,10946,1
2019-04-18,16:21:50.672000,10946,10947,10946,1
2019-04-18,16:21:57.489000,10946,10947,10946,1
2019-04-18,16:21:58.350000,10946,10947,10946,1
2019-04-18,16:21:58.350000,10946,10947,10946,1
2019-04-18,16:22:01.999000,10946,10947,10946,8
2019-04-18,16:22:03.679000,10946,10947,10946,1
2019-04-18,16:22:04.591000,10946,10947,10947,2
2019-04-18,16:22:05.026000,10946,10947,10946,1
2019-04-18,16:22:09.665000,10946,10947,10946,1
2019-04-18,16:22:21.025000,10945,10946,10945,1
2019-04-18,16:22:25.011000,10945,10946,10946,1
2019-04-18,16:22:37.024000,10945,10946,10945,1
2019-04-18,16:22:43.693000,10945,10946,10946,1
2019-04-18,16:22:53.025000,10945,10946,10945,1
2019-04-18,16:22:54.668000,10945,10946,10946,1
2019-04-18,16:23:09.024000,10945,10946,10945,1
2019-04-18,16:23:10.232000,10945,10946,10946,1
2019-04-18,16:23:10.927000,10946,10947,10946,1
2019-04-18,16:23:25.044000,10946,10947,10946,1
2019-04-18,16:23:30.363000,10946,10947,10946,1
2019-04-18,16:23:41.025000,10946,10947,10946,1
2019-04-18,16:23:56.596000,10946,10947,10946,1
2019-04-18,16:23:57.025000,10946,10947,10946,1
