2020-10-23,15:00:00,12820,12820,12820,346
2020-10-23,15:00:00,12819,12819,12819,2
2020-10-23,15:00:00,12819,12819,12819,2
2020-10-23,15:00:00,12819,12819,12819,2
2020-10-23,15:00:00,12819,12819,12819,10
2020-10-23,15:00:00,12819,12819,12819,2
2020-10-23,15:00:00,12819,12819,12819,4
2020-10-23,15:00:00,12819,12819,12819,2
2020-10-23,15:00:00,12819,12819,12819,2
2020-10-23,15:00:00,12819,12819,12819,2
2020-10-23,15:00:00,12819,12819,12819,2
2020-10-23,15:00:00,12819,12819,12819,18
2020-10-23,15:00:00,12819,12819,12819,2
2020-10-23,15:00:00,12819,12819,12819,2
2020-10-23,15:00:00,12819,12819,12819,2
2020-10-23,15:00:00,12818,12818,12818,4
2020-10-23,15:00:00,12818,12818,12818,6
2020-10-23,15:00:00,12818,12818,12818,2
2020-10-23,15:00:00,12818,12818,12818,2
2020-10-23,15:00:00,12818,12818,12818,2
2020-10-23,15:00:00,12818,12818,12818,2
2020-10-23,15:00:00,12818,12818,12818,4
2020-10-23,15:00:00,12818,12818,12818,2
2020-10-23,15:00:00,12818,12818,12818,2
2020-10-23,15:00:00,12818,12818,12818,2
2020-10-23,15:00:00,12818,12818,12818,2
2020-10-23,15:00:00,12818,12818,12818,2
2020-10-23,15:00:00,12818,12818,12818,8
2020-10-23,15:00:00,12818,12818,12818,2
2020-10-23,15:00:00,12817,12817,12817,4
2020-10-23,15:00:00,12817,12817,12817,2
2020-10-23,15:00:00,12817,12817,12817,2
2020-10-23,15:00:00,12817,12817,12817,2
2020-10-23,15:00:00,12817,12817,12817,20
2020-10-23,15:00:00,12817,12817,12817,4
2020-10-23,15:00:00,12817,12817,12817,2
2020-10-23,15:00:00,12818,12818,12818,2
2020-10-23,15:00:00,12818,12818,12818,2
2020-10-23,15:00:00,12819,12819,12819,2
2020-10-23,15:00:00,12819,12819,12819,2
2020-10-23,15:00:00,12817,12817,12817,4
2020-10-23,15:00:00,12819,12819,12819,2
2020-10-23,15:00:00,12819,12819,12819,2
2020-10-23,15:00:00,12819,12819,12819,2
2020-10-23,15:00:00,12819,12819,12819,2
2020-10-23,15:00:00,12818,12818,12818,8
2020-10-23,15:00:00,12817,12817,12817,10
2020-10-23,15:00:00,12816,12816,12816,2
2020-10-23,15:00:00,12816,12816,12816,2
2020-10-23,15:00:00,12817,12817,12817,2
2020-10-23,15:00:00,12816,12816,12816,2
2020-10-23,15:00:00,12817,12817,12817,2
2020-10-23,15:00:00,12817,12817,12817,2
2020-10-23,15:00:00,12816,12816,12816,2
2020-10-23,15:00:01,12816,12816,12816,2
2020-10-23,15:00:01,12816,12816,12816,2
2020-10-23,15:00:01,12817,12817,12817,2
2020-10-23,15:00:02,12817,12817,12817,2
2020-10-23,15:00:02,12817,12817,12817,2
2020-10-23,15:00:02,12817,12817,12817,2
2020-10-23,15:00:02,12817,12817,12817,2
2020-10-23,15:00:02,12817,12817,12817,4
2020-10-23,15:00:02,12816,12816,12816,2
2020-10-23,15:00:02,12816,12816,12816,2
2020-10-23,15:00:02,12817,12817,12817,16
2020-10-23,15:00:02,12817,12817,12817,2
2020-10-23,15:00:02,12817,12817,12817,2
2020-10-23,15:00:02,12818,12818,12818,2
2020-10-23,15:00:02,12818,12818,12818,2
2020-10-23,15:00:03,12818,12818,12818,4
2020-10-23,15:00:03,12817,12817,12817,2
2020-10-23,15:00:03,12818,12818,12818,4
2020-10-23,15:00:03,12818,12818,12818,8
2020-10-23,15:00:04,12818,12818,12818,2
2020-10-23,15:00:04,12818,12818,12818,4
2020-10-23,15:00:04,12818,12818,12818,4
2020-10-23,15:00:04,12818,12818,12818,4
2020-10-23,15:00:04,12819,12819,12819,10
2020-10-23,15:00:05,12819,12819,12819,4
2020-10-23,15:00:06,12820,12820,12820,4
2020-10-23,15:00:06,12820,12820,12820,2
2020-10-23,15:00:06,12820,12820,12820,4
2020-10-23,15:00:06,12819,12819,12819,2
2020-10-23,15:00:06,12819,12819,12819,2
2020-10-23,15:00:08,12819,12819,12819,8
2020-10-23,15:00:08,12819,12819,12819,2
2020-10-23,15:00:08,12819,12819,12819,2
2020-10-23,15:00:08,12819,12819,12819,4
2020-10-23,15:00:08,12819,12819,12819,20
2020-10-23,15:00:08,12819,12819,12819,2
2020-10-23,15:00:09,12820,12820,12820,2
2020-10-23,15:00:09,12820,12820,12820,2
2020-10-23,15:00:09,12820,12820,12820,4
2020-10-23,15:00:09,12819,12819,12819,4
2020-10-23,15:00:09,12820,12820,12820,2
2020-10-23,15:00:10,12819,12819,12819,2
2020-10-23,15:00:11,12820,12820,12820,4
2020-10-23,15:00:12,12819,12819,12819,8
2020-10-23,15:00:12,12819,12819,12819,6
2020-10-23,15:00:12,12819,12819,12819,2
2020-10-23,15:00:12,12819,12819,12819,2
2020-10-23,15:00:12,12819,12819,12819,2
2020-10-23,15:00:12,12818,12818,12818,4
2020-10-23,15:00:12,12818,12818,12818,4
2020-10-23,15:00:12,12818,12818,12818,2
2020-10-23,15:00:12,12819,12819,12819,2
2020-10-23,15:00:12,12818,12818,12818,2
2020-10-23,15:00:12,12819,12819,12819,2
2020-10-23,15:00:12,12820,12820,12820,4
2020-10-23,15:00:13,12820,12820,12820,2
2020-10-23,15:00:14,12820,12820,12820,2
2020-10-23,15:00:14,12819,12819,12819,2
2020-10-23,15:00:14,12819,12819,12819,2
2020-10-23,15:00:16,12820,12820,12820,4
2020-10-23,15:00:16,12820,12820,12820,4
2020-10-23,15:00:17,12821,12821,12821,4
2020-10-23,15:00:19,12821,12821,12821,2
2020-10-23,15:00:19,12820,12820,12820,2
2020-10-23,15:00:20,12822,12822,12822,2
2020-10-23,15:00:20,12822,12822,12822,4
2020-10-23,15:00:21,12822,12822,12822,2
2020-10-23,15:00:22,12822,12822,12822,2
2020-10-23,15:00:22,12822,12822,12822,6
2020-10-23,15:00:22,12822,12822,12822,2
2020-10-23,15:00:22,12822,12822,12822,4
2020-10-23,15:00:22,12822,12822,12822,4
2020-10-23,15:00:22,12822,12822,12822,2
2020-10-23,15:00:23,12823,12823,12823,2
2020-10-23,15:00:24,12823,12823,12823,2
2020-10-23,15:00:24,12823,12823,12823,4
2020-10-23,15:00:24,12823,12823,12823,2
2020-10-23,15:00:25,12822,12822,12822,2
2020-10-23,15:00:25,12822,12822,12822,2
2020-10-23,15:00:27,12822,12822,12822,2
2020-10-23,15:00:27,12822,12822,12822,2
2020-10-23,15:00:27,12822,12822,12822,2
2020-10-23,15:00:28,12821,12821,12821,2
2020-10-23,15:00:29,12822,12822,12822,4
2020-10-23,15:00:30,12822,12822,12822,2
2020-10-23,15:00:31,12821,12821,12821,8
2020-10-23,15:00:31,12821,12821,12821,2
2020-10-23,15:00:31,12821,12821,12821,2
2020-10-23,15:00:31,12821,12821,12821,2
2020-10-23,15:00:31,12821,12821,12821,2
2020-10-23,15:00:33,12820,12820,12820,2
2020-10-23,15:00:33,12821,12821,12821,18
2020-10-23,15:00:33,12821,12821,12821,2
2020-10-23,15:00:33,12821,12821,12821,2
2020-10-23,15:00:33,12821,12821,12821,4
2020-10-23,15:00:33,12821,12821,12821,8
2020-10-23,15:00:33,12821,12821,12821,2
2020-10-23,15:00:33,12821,12821,12821,2
2020-10-23,15:00:33,12821,12821,12821,2
2020-10-23,15:00:33,12821,12821,12821,4
2020-10-23,15:00:35,12821,12821,12821,2
2020-10-23,15:00:36,12821,12821,12821,2
2020-10-23,15:00:36,12822,12822,12822,2
2020-10-23,15:00:36,12821,12821,12821,8
2020-10-23,15:00:37,12820,12820,12820,2
2020-10-23,15:00:37,12820,12820,12820,2
2020-10-23,15:00:37,12820,12820,12820,2
2020-10-23,15:00:37,12820,12820,12820,2
2020-10-23,15:00:37,12820,12820,12820,2
2020-10-23,15:00:41,12820,12820,12820,2
2020-10-23,15:00:41,12820,12820,12820,2
2020-10-23,15:00:41,12820,12820,12820,2
2020-10-23,15:00:41,12820,12820,12820,4
2020-10-23,15:00:41,12819,12819,12819,2
2020-10-23,15:00:41,12819,12819,12819,2
2020-10-23,15:00:41,12820,12820,12820,4
2020-10-23,15:00:42,12820,12820,12820,2
2020-10-23,15:00:42,12820,12820,12820,16
2020-10-23,15:00:43,12820,12820,12820,2
2020-10-23,15:00:43,12821,12821,12821,6
2020-10-23,15:00:44,12822,12822,12822,2
2020-10-23,15:00:44,12822,12822,12822,4
2020-10-23,15:00:44,12822,12822,12822,4
2020-10-23,15:00:44,12822,12822,12822,2
2020-10-23,15:00:45,12822,12822,12822,2
2020-10-23,15:00:46,12822,12822,12822,2
2020-10-23,15:00:47,12821,12821,12821,2
2020-10-23,15:00:47,12822,12822,12822,2
2020-10-23,15:00:48,12822,12822,12822,2
2020-10-23,15:00:50,12821,12821,12821,2
2020-10-23,15:00:50,12821,12821,12821,4
2020-10-23,15:00:50,12821,12821,12821,2
2020-10-23,15:00:51,12820,12820,12820,2
2020-10-23,15:00:53,12820,12820,12820,2
2020-10-23,15:00:53,12820,12820,12820,2
2020-10-23,15:00:53,12820,12820,12820,2
2020-10-23,15:00:53,12820,12820,12820,2
2020-10-23,15:00:53,12820,12820,12820,2
2020-10-23,15:00:54,12820,12820,12820,2
2020-10-23,15:00:55,12820,12820,12820,8
2020-10-23,15:00:55,12820,12820,12820,10
2020-10-23,15:00:56,12820,12820,12820,4
2020-10-23,15:00:56,12821,12821,12821,2
2020-10-23,15:01:00,12821,12821,12821,2
2020-10-23,15:01:00,12822,12822,12822,2
2020-10-23,15:01:01,12822,12822,12822,12
2020-10-23,15:01:02,12823,12823,12823,12
2020-10-23,15:01:02,12823,12823,12823,10
2020-10-23,15:01:03,12824,12824,12824,2
2020-10-23,15:01:04,12824,12824,12824,2
2020-10-23,15:01:06,12823,12823,12823,10
2020-10-23,15:01:06,12823,12823,12823,2
2020-10-23,15:01:06,12824,12824,12824,2
2020-10-23,15:01:08,12824,12824,12824,2
2020-10-23,15:01:08,12824,12824,12824,14
2020-10-23,15:01:12,12825,12825,12825,18
2020-10-23,15:01:14,12825,12825,12825,8
2020-10-23,15:01:14,12825,12825,12825,2
2020-10-23,15:01:16,12825,12825,12825,4
2020-10-23,15:01:16,12825,12825,12825,2
2020-10-23,15:01:16,12825,12825,12825,4
2020-10-23,15:01:17,12824,12824,12824,2
2020-10-23,15:01:17,12824,12824,12824,2
2020-10-23,15:01:17,12824,12824,12824,2
2020-10-23,15:01:17,12824,12824,12824,2
2020-10-23,15:01:18,12825,12825,12825,2
2020-10-23,15:01:19,12825,12825,12825,4
2020-10-23,15:01:20,12825,12825,12825,2
2020-10-23,15:01:20,12825,12825,12825,2
2020-10-23,15:01:20,12824,12824,12824,2
2020-10-23,15:01:20,12824,12824,12824,2
2020-10-23,15:01:20,12825,12825,12825,2
2020-10-23,15:01:20,12824,12824,12824,2
2020-10-23,15:01:21,12825,12825,12825,2
2020-10-23,15:01:21,12825,12825,12825,2
2020-10-23,15:01:21,12825,12825,12825,2
2020-10-23,15:01:22,12825,12825,12825,6
2020-10-23,15:01:22,12825,12825,12825,6
2020-10-23,15:01:23,12824,12824,12824,2
2020-10-23,15:01:23,12826,12826,12826,2
2020-10-23,15:01:23,12825,12825,12825,2
2020-10-23,15:01:24,12824,12824,12824,2
2020-10-23,15:01:25,12826,12826,12826,2
2020-10-23,15:01:28,12826,12826,12826,2
2020-10-23,15:01:29,12826,12826,12826,2
2020-10-23,15:01:31,12826,12826,12826,6
2020-10-23,15:01:33,12826,12826,12826,2
2020-10-23,15:01:33,12825,12825,12825,2
2020-10-23,15:01:33,12825,12825,12825,2
2020-10-23,15:01:33,12825,12825,12825,2
2020-10-23,15:01:33,12825,12825,12825,2
2020-10-23,15:01:33,12825,12825,12825,6
2020-10-23,15:01:33,12825,12825,12825,2
2020-10-23,15:01:33,12824,12824,12824,2
2020-10-23,15:01:33,12825,12825,12825,2
2020-10-23,15:01:34,12826,12826,12826,2
2020-10-23,15:01:35,12825,12825,12825,2
2020-10-23,15:01:35,12825,12825,12825,2
2020-10-23,15:01:35,12825,12825,12825,2
2020-10-23,15:01:37,12825,12825,12825,2
2020-10-23,15:01:38,12825,12825,12825,2
2020-10-23,15:01:38,12825,12825,12825,2
2020-10-23,15:01:39,12825,12825,12825,6
2020-10-23,15:01:39,12825,12825,12825,2
2020-10-23,15:01:40,12825,12825,12825,2
2020-10-23,15:01:41,12826,12826,12826,2
2020-10-23,15:01:45,12825,12825,12825,2
2020-10-23,15:01:49,12825,12825,12825,2
2020-10-23,15:01:49,12825,12825,12825,2
2020-10-23,15:01:49,12824,12824,12824,2
2020-10-23,15:01:49,12824,12824,12824,2
2020-10-23,15:01:49,12824,12824,12824,2
2020-10-23,15:01:49,12824,12824,12824,4
2020-10-23,15:01:49,12824,12824,12824,2
2020-10-23,15:01:49,12824,12824,12824,2
2020-10-23,15:01:49,12824,12824,12824,4
2020-10-23,15:01:49,12824,12824,12824,2
2020-10-23,15:01:49,12824,12824,12824,2
2020-10-23,15:01:49,12824,12824,12824,2
2020-10-23,15:01:50,12823,12823,12823,2
2020-10-23,15:01:50,12823,12823,12823,4
2020-10-23,15:01:50,12823,12823,12823,2
2020-10-23,15:01:50,12823,12823,12823,2
2020-10-23,15:01:50,12823,12823,12823,2
2020-10-23,15:01:50,12823,12823,12823,2
2020-10-23,15:01:50,12823,12823,12823,2
2020-10-23,15:01:50,12823,12823,12823,2
2020-10-23,15:01:54,12824,12824,12824,2
2020-10-23,15:01:56,12823,12823,12823,2
2020-10-23,15:01:57,12822,12822,12822,2
2020-10-23,15:01:57,12822,12822,12822,2
2020-10-23,15:01:57,12822,12822,12822,2
2020-10-23,15:01:59,12823,12823,12823,2
2020-10-23,15:01:59,12822,12822,12822,2
2020-10-23,15:01:59,12822,12822,12822,2
2020-10-23,15:02:00,12823,12823,12823,8
2020-10-23,15:02:02,12821,12821,12821,2
2020-10-23,15:02:02,12821,12821,12821,2
2020-10-23,15:02:02,12821,12821,12821,2
2020-10-23,15:02:02,12821,12821,12821,2
2020-10-23,15:02:02,12821,12821,12821,2
2020-10-23,15:02:02,12821,12821,12821,2
2020-10-23,15:02:02,12821,12821,12821,2
2020-10-23,15:02:02,12821,12821,12821,2
2020-10-23,15:02:02,12821,12821,12821,2
2020-10-23,15:02:02,12822,12822,12822,2
2020-10-23,15:02:03,12822,12822,12822,2
2020-10-23,15:02:06,12820,12820,12820,4
2020-10-23,15:02:06,12821,12821,12821,8
2020-10-23,15:02:06,12822,12822,12822,8
2020-10-23,15:02:06,12822,12822,12822,2
2020-10-23,15:02:07,12821,12821,12821,2
2020-10-23,15:02:07,12821,12821,12821,2
2020-10-23,15:02:07,12821,12821,12821,2
2020-10-23,15:02:07,12821,12821,12821,2
2020-10-23,15:02:07,12820,12820,12820,2
2020-10-23,15:02:07,12820,12820,12820,2
2020-10-23,15:02:10,12821,12821,12821,2
2020-10-23,15:02:13,12822,12822,12822,2
2020-10-23,15:02:13,12820,12820,12820,2
2020-10-23,15:02:14,12821,12821,12821,10
2020-10-23,15:02:15,12821,12821,12821,2
2020-10-23,15:02:19,12821,12821,12821,2
2020-10-23,15:02:19,12821,12821,12821,2
2020-10-23,15:02:19,12820,12820,12820,38
2020-10-23,15:02:19,12820,12820,12820,2
2020-10-23,15:02:19,12820,12820,12820,2
2020-10-23,15:02:19,12820,12820,12820,2
2020-10-23,15:02:19,12820,12820,12820,2
2020-10-23,15:02:19,12820,12820,12820,2
2020-10-23,15:02:19,12820,12820,12820,2
2020-10-23,15:02:19,12820,12820,12820,2
2020-10-23,15:02:19,12820,12820,12820,2
2020-10-23,15:02:19,12820,12820,12820,2
2020-10-23,15:02:19,12820,12820,12820,20
2020-10-23,15:02:19,12820,12820,12820,4
2020-10-23,15:02:19,12820,12820,12820,8
2020-10-23,15:02:19,12820,12820,12820,8
2020-10-23,15:02:19,12820,12820,12820,2
2020-10-23,15:02:19,12820,12820,12820,4
2020-10-23,15:02:19,12820,12820,12820,2
2020-10-23,15:02:19,12820,12820,12820,2
2020-10-23,15:02:19,12820,12820,12820,2
2020-10-23,15:02:19,12820,12820,12820,2
2020-10-23,15:02:19,12820,12820,12820,2
2020-10-23,15:02:19,12820,12820,12820,2
2020-10-23,15:02:19,12820,12820,12820,2
2020-10-23,15:02:19,12820,12820,12820,2
2020-10-23,15:02:19,12819,12819,12819,2
2020-10-23,15:02:19,12819,12819,12819,2
2020-10-23,15:02:21,12819,12819,12819,4
2020-10-23,15:02:22,12820,12820,12820,16
2020-10-23,15:02:22,12820,12820,12820,2
2020-10-23,15:02:23,12819,12819,12819,2
2020-10-23,15:02:23,12819,12819,12819,2
2020-10-23,15:02:23,12819,12819,12819,2
2020-10-23,15:02:24,12818,12818,12818,2
2020-10-23,15:02:25,12819,12819,12819,2
2020-10-23,15:02:28,12820,12820,12820,2
2020-10-23,15:02:29,12820,12820,12820,2
2020-10-23,15:02:33,12820,12820,12820,2
2020-10-23,15:02:34,12819,12819,12819,2
2020-10-23,15:02:35,12820,12820,12820,2
2020-10-23,15:02:35,12820,12820,12820,2
2020-10-23,15:02:35,12820,12820,12820,8
2020-10-23,15:02:35,12820,12820,12820,10
2020-10-23,15:02:35,12820,12820,12820,2
2020-10-23,15:02:35,12820,12820,12820,2
2020-10-23,15:02:36,12820,12820,12820,2
2020-10-23,15:02:36,12819,12819,12819,2
2020-10-23,15:02:38,12820,12820,12820,2
2020-10-23,15:02:39,12820,12820,12820,4
2020-10-23,15:02:39,12819,12819,12819,2
2020-10-23,15:02:42,12819,12819,12819,2
2020-10-23,15:02:44,12820,12820,12820,2
2020-10-23,15:02:45,12820,12820,12820,2
2020-10-23,15:02:47,12820,12820,12820,2
2020-10-23,15:02:49,12821,12821,12821,2
2020-10-23,15:02:50,12821,12821,12821,2
2020-10-23,15:02:51,12820,12820,12820,2
2020-10-23,15:02:51,12820,12820,12820,4
2020-10-23,15:02:51,12820,12820,12820,2
2020-10-23,15:02:56,12820,12820,12820,2
2020-10-23,15:02:56,12821,12821,12821,6
2020-10-23,15:02:57,12822,12822,12822,2
2020-10-23,15:02:58,12822,12822,12822,20
2020-10-23,15:03:00,12821,12821,12821,4
2020-10-23,15:03:00,12821,12821,12821,2
2020-10-23,15:03:01,12821,12821,12821,2
2020-10-23,15:03:01,12821,12821,12821,2
2020-10-23,15:03:01,12822,12822,12822,2
2020-10-23,15:03:08,12823,12823,12823,2
2020-10-23,15:03:11,12824,12824,12824,28
2020-10-23,15:03:11,12824,12824,12824,2
2020-10-23,15:03:17,12824,12824,12824,2
2020-10-23,15:03:17,12824,12824,12824,2
2020-10-23,15:03:18,12825,12825,12825,10
2020-10-23,15:03:18,12824,12824,12824,2
2020-10-23,15:03:18,12824,12824,12824,2
2020-10-23,15:03:18,12824,12824,12824,2
2020-10-23,15:03:20,12824,12824,12824,2
2020-10-23,15:03:20,12825,12825,12825,2
2020-10-23,15:03:20,12826,12826,12826,4
2020-10-23,15:03:22,12826,12826,12826,2
2020-10-23,15:03:22,12825,12825,12825,2
2020-10-23,15:03:23,12825,12825,12825,2
2020-10-23,15:03:27,12826,12826,12826,2
2020-10-23,15:03:30,12825,12825,12825,2
2020-10-23,15:03:30,12826,12826,12826,8
2020-10-23,15:03:34,12826,12826,12826,4
2020-10-23,15:03:34,12826,12826,12826,2
2020-10-23,15:03:36,12826,12826,12826,2
2020-10-23,15:03:38,12826,12826,12826,2
2020-10-23,15:03:42,12827,12827,12827,2
2020-10-23,15:03:42,12827,12827,12827,8
2020-10-23,15:03:42,12827,12827,12827,18
2020-10-23,15:03:42,12827,12827,12827,2
2020-10-23,15:03:43,12828,12828,12828,2
2020-10-23,15:03:43,12828,12828,12828,2
2020-10-23,15:03:43,12827,12827,12827,2
2020-10-23,15:03:45,12828,12828,12828,4
2020-10-23,15:03:46,12827,12827,12827,4
2020-10-23,15:03:48,12828,12828,12828,6
2020-10-23,15:03:52,12828,12828,12828,24
2020-10-23,15:03:52,12828,12828,12828,8
2020-10-23,15:03:52,12828,12828,12828,2
2020-10-23,15:03:52,12828,12828,12828,2
2020-10-23,15:03:52,12827,12827,12827,8
2020-10-23,15:03:54,12829,12829,12829,10
2020-10-23,15:03:54,12828,12828,12828,2
2020-10-23,15:03:54,12829,12829,12829,10
2020-10-23,15:03:56,12828,12828,12828,2
2020-10-23,15:03:58,12829,12829,12829,2
2020-10-23,15:03:58,12829,12829,12829,2
2020-10-23,15:04:00,12829,12829,12829,2
2020-10-23,15:04:00,12829,12829,12829,2
2020-10-23,15:04:02,12829,12829,12829,4
2020-10-23,15:04:02,12829,12829,12829,2
2020-10-23,15:04:06,12828,12828,12828,2
2020-10-23,15:04:06,12828,12828,12828,2
2020-10-23,15:04:06,12828,12828,12828,2
2020-10-23,15:04:06,12828,12828,12828,6
2020-10-23,15:04:06,12828,12828,12828,2
2020-10-23,15:04:06,12828,12828,12828,2
2020-10-23,15:04:11,12829,12829,12829,2
2020-10-23,15:04:12,12829,12829,12829,2
2020-10-23,15:04:13,12829,12829,12829,2
2020-10-23,15:04:14,12829,12829,12829,2
2020-10-23,15:04:15,12830,12830,12830,2
2020-10-23,15:04:19,12829,12829,12829,2
2020-10-23,15:04:20,12830,12830,12830,2
2020-10-23,15:04:22,12830,12830,12830,2
2020-10-23,15:04:27,12830,12830,12830,2
2020-10-23,15:04:29,12829,12829,12829,2
2020-10-23,15:04:29,12830,12830,12830,2
2020-10-23,15:04:30,12830,12830,12830,2
2020-10-23,15:04:30,12830,12830,12830,2
2020-10-23,15:04:31,12829,12829,12829,4
2020-10-23,15:04:31,12829,12829,12829,2
2020-10-23,15:04:31,12829,12829,12829,2
2020-10-23,15:04:31,12829,12829,12829,2
2020-10-23,15:04:31,12829,12829,12829,2
2020-10-23,15:04:31,12828,12828,12828,2
2020-10-23,15:04:32,12830,12830,12830,2
2020-10-23,15:04:33,12830,12830,12830,2
2020-10-23,15:04:44,12828,12828,12828,2
2020-10-23,15:04:44,12828,12828,12828,2
2020-10-23,15:04:44,12828,12828,12828,2
2020-10-23,15:04:44,12828,12828,12828,2
2020-10-23,15:04:44,12828,12828,12828,2
2020-10-23,15:04:44,12828,12828,12828,4
2020-10-23,15:04:44,12828,12828,12828,4
2020-10-23,15:04:44,12828,12828,12828,6
2020-10-23,15:04:46,12828,12828,12828,2
2020-10-23,15:04:50,12828,12828,12828,4
2020-10-23,15:04:54,12827,12827,12827,2
2020-10-23,15:05:05,12828,12828,12828,2
2020-10-23,15:05:05,12828,12828,12828,2
2020-10-23,15:05:05,12828,12828,12828,2
2020-10-23,15:05:06,12829,12829,12829,2
2020-10-23,15:05:07,12829,12829,12829,2
2020-10-23,15:05:07,12828,12828,12828,4
2020-10-23,15:05:07,12828,12828,12828,2
2020-10-23,15:05:08,12828,12828,12828,2
2020-10-23,15:05:08,12828,12828,12828,2
2020-10-23,15:05:16,12828,12828,12828,2
2020-10-23,15:05:24,12829,12829,12829,10
2020-10-23,15:05:28,12830,12830,12830,10
2020-10-23,15:05:29,12829,12829,12829,2
2020-10-23,15:05:30,12829,12829,12829,2
2020-10-23,15:05:33,12829,12829,12829,2
2020-10-23,15:05:33,12829,12829,12829,2
2020-10-23,15:05:33,12829,12829,12829,4
2020-10-23,15:05:33,12828,12828,12828,6
2020-10-23,15:05:34,12829,12829,12829,2
2020-10-23,15:05:36,12829,12829,12829,2
2020-10-23,15:05:40,12828,12828,12828,2
2020-10-23,15:05:46,12829,12829,12829,2
2020-10-23,15:05:49,12829,12829,12829,2
2020-10-23,15:05:51,12829,12829,12829,2
2020-10-23,15:06:01,12829,12829,12829,2
2020-10-23,15:06:02,12829,12829,12829,2
2020-10-23,15:06:02,12830,12830,12830,2
2020-10-23,15:06:03,12829,12829,12829,2
2020-10-23,15:06:13,12830,12830,12830,2
2020-10-23,15:06:14,12830,12830,12830,22
2020-10-23,15:06:14,12830,12830,12830,4
2020-10-23,15:06:15,12830,12830,12830,4
2020-10-23,15:06:15,12830,12830,12830,2
2020-10-23,15:06:15,12830,12830,12830,2
2020-10-23,15:06:18,12831,12831,12831,4
2020-10-23,15:06:26,12831,12831,12831,2
2020-10-23,15:06:32,12831,12831,12831,2
2020-10-23,15:06:33,12830,12830,12830,2
2020-10-23,15:06:33,12830,12830,12830,20
2020-10-23,15:06:33,12830,12830,12830,10
2020-10-23,15:06:33,12830,12830,12830,2
2020-10-23,15:06:34,12830,12830,12830,2
2020-10-23,15:06:41,12830,12830,12830,2
2020-10-23,15:06:49,12829,12829,12829,2
2020-10-23,15:06:49,12829,12829,12829,2
2020-10-23,15:06:49,12829,12829,12829,4
2020-10-23,15:06:49,12829,12829,12829,2
2020-10-23,15:06:49,12829,12829,12829,2
2020-10-23,15:06:49,12829,12829,12829,2
2020-10-23,15:07:02,12830,12830,12830,18
2020-10-23,15:07:02,12829,12829,12829,2
2020-10-23,15:07:03,12829,12829,12829,2
2020-10-23,15:07:13,12829,12829,12829,2
2020-10-23,15:07:15,12829,12829,12829,2
2020-10-23,15:07:24,12830,12830,12830,4
2020-10-23,15:07:27,12829,12829,12829,2
2020-10-23,15:07:33,12829,12829,12829,2
2020-10-23,15:07:50,12829,12829,12829,2
2020-10-23,15:07:50,12829,12829,12829,2
2020-10-23,15:07:56,12829,12829,12829,2
2020-10-23,15:07:56,12828,12828,12828,2
2020-10-23,15:08:02,12828,12828,12828,2
2020-10-23,15:08:06,12828,12828,12828,2
2020-10-23,15:08:08,12829,12829,12829,2
2020-10-23,15:08:25,12828,12828,12828,4
2020-10-23,15:08:25,12828,12828,12828,2
2020-10-23,15:08:25,12828,12828,12828,2
2020-10-23,15:08:25,12828,12828,12828,2
2020-10-23,15:08:25,12828,12828,12828,4
2020-10-23,15:08:25,12828,12828,12828,2
2020-10-23,15:08:25,12828,12828,12828,2
2020-10-23,15:08:25,12828,12828,12828,2
2020-10-23,15:08:25,12828,12828,12828,2
2020-10-23,15:08:25,12828,12828,12828,2
2020-10-23,15:08:25,12827,12827,12827,2
2020-10-23,15:08:25,12827,12827,12827,2
2020-10-23,15:08:25,12827,12827,12827,2
2020-10-23,15:08:25,12827,12827,12827,2
2020-10-23,15:08:26,12828,12828,12828,2
2020-10-23,15:08:27,12828,12828,12828,4
2020-10-23,15:08:28,12828,12828,12828,6
2020-10-23,15:08:29,12827,12827,12827,4
2020-10-23,15:08:29,12827,12827,12827,2
2020-10-23,15:08:30,12827,12827,12827,2
2020-10-23,15:08:32,12827,12827,12827,2
2020-10-23,15:08:32,12827,12827,12827,2
2020-10-23,15:08:50,12828,12828,12828,4
2020-10-23,15:09:02,12829,12829,12829,2
2020-10-23,15:09:06,12829,12829,12829,2
2020-10-23,15:09:11,12829,12829,12829,10
2020-10-23,15:09:16,12829,12829,12829,2
2020-10-23,15:09:43,12828,12828,12828,2
2020-10-23,15:09:45,12828,12828,12828,2
2020-10-23,15:09:46,12828,12828,12828,2
2020-10-23,15:09:46,12828,12828,12828,20
2020-10-23,15:10:01,12828,12828,12828,4
2020-10-23,15:10:01,12828,12828,12828,8
2020-10-23,15:10:01,12828,12828,12828,22
2020-10-23,15:10:02,12827,12827,12827,2
2020-10-23,15:10:06,12828,12828,12828,2
2020-10-23,15:10:17,12828,12828,12828,2
2020-10-23,15:10:23,12828,12828,12828,2
2020-10-23,15:10:34,12829,12829,12829,2
2020-10-23,15:10:39,12829,12829,12829,2
2020-10-23,15:10:40,12829,12829,12829,18
2020-10-23,15:10:45,12829,12829,12829,4
2020-10-23,15:10:53,12829,12829,12829,4
2020-10-23,15:10:58,12829,12829,12829,2
2020-10-23,15:11:02,12829,12829,12829,2
2020-10-23,15:11:03,12829,12829,12829,2
2020-10-23,15:11:08,12829,12829,12829,2
2020-10-23,15:11:11,12828,12828,12828,2
2020-10-23,15:11:11,12828,12828,12828,2
2020-10-23,15:11:14,12828,12828,12828,2
2020-10-23,15:11:20,12828,12828,12828,2
2020-10-23,15:11:26,12828,12828,12828,2
2020-10-23,15:11:30,12829,12829,12829,2
2020-10-23,15:11:30,12828,12828,12828,2
2020-10-23,15:11:48,12828,12828,12828,2
2020-10-23,15:11:48,12829,12829,12829,10
2020-10-23,15:11:52,12828,12828,12828,2
2020-10-23,15:11:59,12828,12828,12828,2
2020-10-23,15:12:01,12829,12829,12829,14
2020-10-23,15:12:02,12828,12828,12828,6
2020-10-23,15:12:02,12828,12828,12828,2
2020-10-23,15:12:02,12828,12828,12828,4
2020-10-23,15:12:02,12828,12828,12828,2
2020-10-23,15:12:02,12828,12828,12828,2
2020-10-23,15:12:20,12829,12829,12829,2
2020-10-23,15:12:21,12829,12829,12829,2
2020-10-23,15:12:33,12829,12829,12829,10
2020-10-23,15:12:33,12829,12829,12829,2
2020-10-23,15:12:37,12829,12829,12829,2
2020-10-23,15:12:41,12830,12830,12830,4
2020-10-23,15:12:48,12830,12830,12830,2
2020-10-23,15:13:03,12830,12830,12830,2
2020-10-23,15:13:04,12829,12829,12829,2
2020-10-23,15:13:09,12830,12830,12830,2
2020-10-23,15:13:13,12829,12829,12829,4
2020-10-23,15:13:13,12829,12829,12829,2
2020-10-23,15:13:13,12829,12829,12829,2
2020-10-23,15:13:13,12829,12829,12829,2
2020-10-23,15:13:13,12829,12829,12829,2
2020-10-23,15:13:20,12829,12829,12829,4
2020-10-23,15:13:30,12829,12829,12829,2
2020-10-23,15:13:35,12829,12829,12829,4
2020-10-23,15:13:40,12829,12829,12829,2
2020-10-23,15:13:41,12829,12829,12829,4
2020-10-23,15:13:46,12829,12829,12829,2
2020-10-23,15:13:51,12829,12829,12829,2
2020-10-23,15:13:51,12829,12829,12829,2
2020-10-23,15:13:51,12829,12829,12829,2
2020-10-23,15:13:51,12829,12829,12829,2
2020-10-23,15:13:54,12830,12830,12830,2
2020-10-23,15:14:30,12829,12829,12829,2
2020-10-23,15:14:37,12828,12828,12828,2
2020-10-23,15:14:37,12828,12828,12828,10
2020-10-23,15:14:37,12828,12828,12828,2
2020-10-23,15:14:37,12828,12828,12828,2
2020-10-23,15:14:37,12828,12828,12828,2
2020-10-23,15:14:37,12828,12828,12828,2
2020-10-23,15:14:46,12828,12828,12828,4
2020-10-23,15:14:58,12828,12828,12828,2
2020-10-23,15:15:00,12827,12827,12827,2
2020-10-23,15:15:00,12827,12827,12827,2
2020-10-23,15:15:00,12827,12827,12827,2
2020-10-23,15:15:00,12827,12827,12827,2
2020-10-23,15:15:00,12827,12827,12827,2
2020-10-23,15:15:00,12827,12827,12827,2
2020-10-23,15:15:00,12827,12827,12827,2
2020-10-23,15:15:00,12827,12827,12827,4
2020-10-23,15:15:00,12826,12826,12826,2
2020-10-23,15:15:00,12826,12826,12826,2
2020-10-23,15:15:00,12826,12826,12826,2
2020-10-23,15:15:00,12826,12826,12826,2
2020-10-23,15:15:00,12825,12825,12825,2
2020-10-23,15:15:00,12825,12825,12825,2
2020-10-23,15:15:03,12826,12826,12826,2
2020-10-23,15:15:03,12827,12827,12827,2
2020-10-23,15:15:03,12827,12827,12827,2
2020-10-23,15:15:03,12827,12827,12827,2
2020-10-23,15:15:03,12827,12827,12827,2
2020-10-23,15:15:04,12826,12826,12826,8
2020-10-23,15:15:11,12826,12826,12826,4
2020-10-23,15:15:11,12826,12826,12826,2
2020-10-23,15:15:16,12826,12826,12826,2
2020-10-23,15:15:17,12827,12827,12827,2
2020-10-23,15:15:17,12827,12827,12827,2
2020-10-23,15:15:17,12828,12828,12828,2
2020-10-23,15:15:17,12828,12828,12828,2
2020-10-23,15:15:18,12828,12828,12828,4
2020-10-23,15:15:18,12828,12828,12828,10
2020-10-23,15:15:24,12827,12827,12827,4
2020-10-23,15:15:25,12828,12828,12828,8
2020-10-23,15:15:25,12829,12829,12829,2
2020-10-23,15:15:27,12829,12829,12829,2
2020-10-23,15:15:36,12829,12829,12829,2
2020-10-23,15:15:36,12829,12829,12829,2
2020-10-23,15:15:40,12828,12828,12828,2
2020-10-23,15:15:41,12829,12829,12829,2
2020-10-23,15:15:41,12829,12829,12829,14
2020-10-23,15:15:41,12829,12829,12829,2
2020-10-23,15:15:41,12829,12829,12829,2
2020-10-23,15:15:47,12829,12829,12829,2
2020-10-23,15:15:47,12829,12829,12829,2
2020-10-23,15:15:48,12829,12829,12829,6
2020-10-23,15:16:02,12829,12829,12829,2
2020-10-23,15:16:08,12828,12828,12828,2
2020-10-23,15:16:08,12828,12828,12828,2
2020-10-23,15:16:08,12828,12828,12828,2
2020-10-23,15:16:08,12828,12828,12828,2
2020-10-23,15:16:08,12828,12828,12828,2
2020-10-23,15:16:08,12828,12828,12828,2
2020-10-23,15:16:08,12828,12828,12828,2
2020-10-23,15:16:24,12829,12829,12829,2
2020-10-23,15:16:25,12828,12828,12828,2
2020-10-23,15:16:25,12830,12830,12830,2
2020-10-23,15:16:25,12830,12830,12830,2
2020-10-23,15:16:25,12830,12830,12830,2
2020-10-23,15:16:29,12829,12829,12829,2
2020-10-23,15:16:35,12830,12830,12830,10
2020-10-23,15:16:39,12830,12830,12830,2
2020-10-23,15:16:53,12830,12830,12830,2
2020-10-23,15:16:53,12830,12830,12830,4
2020-10-23,15:16:54,12830,12830,12830,2
2020-10-23,15:16:54,12830,12830,12830,2
2020-10-23,15:16:54,12831,12831,12831,2
2020-10-23,15:16:54,12831,12831,12831,2
2020-10-23,15:16:54,12831,12831,12831,2
2020-10-23,15:16:54,12831,12831,12831,2
2020-10-23,15:16:54,12831,12831,12831,2
2020-10-23,15:16:54,12831,12831,12831,24
2020-10-23,15:16:54,12831,12831,12831,2
2020-10-23,15:16:55,12831,12831,12831,8
2020-10-23,15:16:56,12830,12830,12830,2
2020-10-23,15:17:04,12831,12831,12831,2
2020-10-23,15:17:07,12831,12831,12831,6
2020-10-23,15:17:09,12831,12831,12831,2
2020-10-23,15:17:14,12832,12832,12832,2
2020-10-23,15:17:14,12832,12832,12832,2
2020-10-23,15:17:20,12831,12831,12831,2
2020-10-23,15:17:20,12832,12832,12832,8
2020-10-23,15:17:20,12832,12832,12832,4
2020-10-23,15:17:24,12831,12831,12831,2
2020-10-23,15:17:41,12830,12830,12830,4
2020-10-23,15:17:41,12830,12830,12830,4
2020-10-23,15:17:41,12830,12830,12830,2
2020-10-23,15:17:41,12830,12830,12830,2
2020-10-23,15:17:41,12830,12830,12830,2
2020-10-23,15:17:41,12830,12830,12830,2
2020-10-23,15:17:41,12830,12830,12830,2
2020-10-23,15:17:41,12830,12830,12830,2
2020-10-23,15:17:58,12830,12830,12830,2
2020-10-23,15:18:03,12830,12830,12830,2
2020-10-23,15:18:03,12829,12829,12829,2
2020-10-23,15:18:25,12830,12830,12830,8
2020-10-23,15:18:25,12830,12830,12830,2
2020-10-23,15:18:31,12830,12830,12830,2
2020-10-23,15:18:48,12831,12831,12831,6
2020-10-23,15:18:48,12831,12831,12831,4
2020-10-23,15:19:05,12831,12831,12831,2
2020-10-23,15:19:10,12832,12832,12832,18
2020-10-23,15:19:13,12832,12832,12832,2
2020-10-23,15:19:18,12832,12832,12832,2
2020-10-23,15:19:23,12831,12831,12831,2
2020-10-23,15:19:24,12831,12831,12831,2
2020-10-23,15:19:25,12832,12832,12832,2
2020-10-23,15:19:31,12832,12832,12832,4
2020-10-23,15:19:41,12832,12832,12832,2
2020-10-23,15:19:48,12832,12832,12832,2
2020-10-23,15:19:49,12831,12831,12831,2
2020-10-23,15:19:49,12831,12831,12831,2
2020-10-23,15:19:49,12831,12831,12831,6
2020-10-23,15:19:49,12830,12830,12830,2
2020-10-23,15:19:49,12830,12830,12830,2
2020-10-23,15:19:49,12832,12832,12832,2
2020-10-23,15:19:54,12831,12831,12831,2
2020-10-23,15:19:56,12832,12832,12832,2
2020-10-23,15:20:09,12832,12832,12832,2
2020-10-23,15:20:09,12832,12832,12832,6
2020-10-23,15:20:09,12832,12832,12832,4
2020-10-23,15:20:09,12832,12832,12832,8
2020-10-23,15:20:09,12832,12832,12832,2
2020-10-23,15:20:10,12831,12831,12831,2
2020-10-23,15:20:13,12832,12832,12832,2
2020-10-23,15:20:21,12832,12832,12832,2
2020-10-23,15:20:24,12833,12833,12833,2
2020-10-23,15:20:29,12833,12833,12833,2
2020-10-23,15:20:34,12833,12833,12833,2
2020-10-23,15:20:34,12833,12833,12833,8
2020-10-23,15:20:34,12833,12833,12833,24
2020-10-23,15:20:37,12834,12834,12834,2
2020-10-23,15:20:51,12833,12833,12833,2
2020-10-23,15:20:52,12834,12834,12834,2
2020-10-23,15:20:53,12834,12834,12834,16
2020-10-23,15:20:53,12834,12834,12834,16
2020-10-23,15:21:06,12834,12834,12834,4
2020-10-23,15:21:13,12834,12834,12834,2
2020-10-23,15:21:13,12834,12834,12834,2
2020-10-23,15:21:16,12835,12835,12835,2
2020-10-23,15:21:17,12835,12835,12835,4
2020-10-23,15:21:18,12834,12834,12834,2
2020-10-23,15:21:23,12834,12834,12834,2
2020-10-23,15:21:24,12835,12835,12835,2
2020-10-23,15:21:33,12835,12835,12835,2
2020-10-23,15:21:33,12835,12835,12835,8
2020-10-23,15:21:33,12835,12835,12835,2
2020-10-23,15:21:33,12835,12835,12835,4
2020-10-23,15:21:33,12835,12835,12835,8
2020-10-23,15:21:34,12835,12835,12835,2
2020-10-23,15:21:35,12836,12836,12836,2
2020-10-23,15:21:35,12836,12836,12836,2
2020-10-23,15:21:35,12836,12836,12836,2
2020-10-23,15:21:35,12836,12836,12836,4
2020-10-23,15:21:35,12835,12835,12835,2
2020-10-23,15:21:49,12835,12835,12835,2
2020-10-23,15:21:50,12835,12835,12835,2
2020-10-23,15:21:50,12835,12835,12835,2
2020-10-23,15:21:53,12835,12835,12835,2
2020-10-23,15:21:54,12835,12835,12835,2
2020-10-23,15:22:01,12834,12834,12834,2
2020-10-23,15:22:01,12835,12835,12835,2
2020-10-23,15:22:03,12835,12835,12835,2
2020-10-23,15:22:09,12835,12835,12835,4
2020-10-23,15:22:16,12835,12835,12835,2
2020-10-23,15:22:17,12835,12835,12835,8
2020-10-23,15:22:17,12835,12835,12835,2
2020-10-23,15:22:17,12835,12835,12835,2
2020-10-23,15:22:20,12835,12835,12835,4
2020-10-23,15:22:20,12835,12835,12835,4
2020-10-23,15:22:20,12835,12835,12835,2
2020-10-23,15:22:20,12836,12836,12836,20
2020-10-23,15:22:21,12836,12836,12836,4
2020-10-23,15:22:21,12836,12836,12836,2
2020-10-23,15:22:21,12836,12836,12836,4
2020-10-23,15:22:23,12836,12836,12836,2
2020-10-23,15:22:23,12836,12836,12836,4
2020-10-23,15:22:23,12835,12835,12835,6
2020-10-23,15:22:26,12835,12835,12835,4
2020-10-23,15:22:29,12835,12835,12835,2
2020-10-23,15:22:36,12835,12835,12835,2
2020-10-23,15:22:36,12835,12835,12835,2
2020-10-23,15:22:36,12835,12835,12835,2
2020-10-23,15:22:38,12834,12834,12834,2
2020-10-23,15:22:38,12834,12834,12834,2
2020-10-23,15:22:38,12834,12834,12834,2
2020-10-23,15:22:42,12835,12835,12835,4
2020-10-23,15:22:43,12835,12835,12835,4
2020-10-23,15:22:45,12835,12835,12835,2
2020-10-23,15:22:47,12835,12835,12835,6
2020-10-23,15:22:47,12835,12835,12835,4
2020-10-23,15:22:58,12835,12835,12835,30
2020-10-23,15:22:58,12835,12835,12835,2
2020-10-23,15:22:58,12835,12835,12835,2
2020-10-23,15:23:02,12836,12836,12836,2
2020-10-23,15:23:02,12836,12836,12836,2
2020-10-23,15:23:03,12835,12835,12835,2
2020-10-23,15:23:04,12836,12836,12836,2
2020-10-23,15:23:05,12836,12836,12836,2
2020-10-23,15:23:05,12836,12836,12836,2
2020-10-23,15:23:05,12836,12836,12836,2
2020-10-23,15:23:05,12836,12836,12836,2
2020-10-23,15:23:06,12836,12836,12836,2
2020-10-23,15:23:07,12836,12836,12836,2
2020-10-23,15:23:07,12836,12836,12836,4
2020-10-23,15:23:08,12836,12836,12836,2
2020-10-23,15:23:08,12836,12836,12836,2
2020-10-23,15:23:08,12836,12836,12836,2
2020-10-23,15:23:13,12835,12835,12835,2
2020-10-23,15:23:13,12835,12835,12835,2
2020-10-23,15:23:17,12835,12835,12835,2
2020-10-23,15:23:17,12835,12835,12835,2
2020-10-23,15:23:18,12835,12835,12835,2
2020-10-23,15:23:21,12835,12835,12835,2
2020-10-23,15:23:24,12835,12835,12835,2
2020-10-23,15:23:28,12834,12834,12834,2
2020-10-23,15:23:30,12835,12835,12835,2
2020-10-23,15:23:37,12834,12834,12834,2
2020-10-23,15:23:37,12834,12834,12834,2
2020-10-23,15:23:37,12834,12834,12834,2
2020-10-23,15:23:37,12834,12834,12834,2
2020-10-23,15:23:37,12834,12834,12834,4
2020-10-23,15:23:37,12834,12834,12834,4
2020-10-23,15:23:37,12834,12834,12834,2
2020-10-23,15:23:48,12834,12834,12834,2
2020-10-23,15:23:48,12833,12833,12833,2
2020-10-23,15:23:49,12833,12833,12833,2
2020-10-23,15:24:18,12834,12834,12834,2
2020-10-23,15:24:19,12835,12835,12835,2
2020-10-23,15:24:19,12835,12835,12835,2
2020-10-23,15:24:19,12835,12835,12835,2
2020-10-23,15:24:19,12835,12835,12835,2
2020-10-23,15:24:19,12835,12835,12835,2
2020-10-23,15:24:19,12835,12835,12835,2
2020-10-23,15:24:19,12835,12835,12835,2
2020-10-23,15:24:19,12835,12835,12835,2
2020-10-23,15:24:19,12835,12835,12835,2
2020-10-23,15:24:19,12834,12834,12834,2
2020-10-23,15:24:19,12835,12835,12835,2
2020-10-23,15:24:19,12835,12835,12835,8
2020-10-23,15:24:19,12835,12835,12835,16
2020-10-23,15:24:19,12835,12835,12835,6
2020-10-23,15:24:19,12836,12836,12836,10
2020-10-23,15:24:19,12836,12836,12836,2
2020-10-23,15:24:34,12835,12835,12835,2
2020-10-23,15:24:39,12835,12835,12835,2
2020-10-23,15:24:48,12834,12834,12834,2
2020-10-23,15:24:51,12835,12835,12835,2
2020-10-23,15:24:55,12834,12834,12834,2
2020-10-23,15:24:55,12834,12834,12834,2
2020-10-23,15:24:55,12834,12834,12834,2
2020-10-23,15:24:56,12834,12834,12834,2
2020-10-23,15:25:17,12835,12835,12835,10
2020-10-23,15:25:20,12835,12835,12835,2
2020-10-23,15:25:37,12835,12835,12835,24
2020-10-23,15:25:37,12835,12835,12835,2
2020-10-23,15:25:40,12835,12835,12835,2
2020-10-23,15:25:40,12835,12835,12835,2
2020-10-23,15:25:50,12835,12835,12835,2
2020-10-23,15:26:09,12835,12835,12835,2
2020-10-23,15:26:09,12835,12835,12835,2
2020-10-23,15:26:10,12835,12835,12835,2
2020-10-23,15:26:14,12835,12835,12835,4
2020-10-23,15:27:02,12835,12835,12835,8
2020-10-23,15:27:04,12835,12835,12835,6
2020-10-23,15:27:09,12836,12836,12836,2
2020-10-23,15:27:09,12836,12836,12836,2
2020-10-23,15:27:27,12836,12836,12836,2
2020-10-23,15:27:49,12835,12835,12835,2
2020-10-23,15:27:49,12835,12835,12835,2
2020-10-23,15:27:55,12836,12836,12836,2
2020-10-23,15:27:55,12836,12836,12836,2
2020-10-23,15:28:17,12836,12836,12836,4
2020-10-23,15:28:32,12836,12836,12836,2
2020-10-23,15:28:34,12836,12836,12836,8
2020-10-23,15:28:34,12836,12836,12836,4
2020-10-23,15:28:37,12837,12837,12837,8
2020-10-23,15:28:37,12837,12837,12837,2
2020-10-23,15:28:45,12836,12836,12836,2
2020-10-23,15:28:53,12836,12836,12836,2
2020-10-23,15:29:00,12836,12836,12836,2
2020-10-23,15:29:01,12837,12837,12837,2
2020-10-23,15:29:02,12837,12837,12837,12
2020-10-23,15:29:07,12837,12837,12837,2
2020-10-23,15:29:27,12837,12837,12837,2
2020-10-23,15:29:31,12837,12837,12837,2
2020-10-23,15:29:33,12837,12837,12837,2
2020-10-23,15:29:39,12837,12837,12837,2
2020-10-23,15:29:40,12837,12837,12837,2
2020-10-23,15:29:40,12837,12837,12837,4
2020-10-23,15:29:40,12837,12837,12837,2
2020-10-23,15:29:44,12837,12837,12837,2
2020-10-23,15:29:45,12837,12837,12837,2
2020-10-23,15:30:00,12837,12837,12837,2
2020-10-23,15:30:00,12838,12838,12838,4
2020-10-23,15:30:00,12838,12838,12838,8
2020-10-23,15:30:00,12838,12838,12838,30
2020-10-23,15:30:00,12839,12839,12839,2
2020-10-23,15:30:00,12839,12839,12839,2
2020-10-23,15:30:00,12839,12839,12839,2
2020-10-23,15:30:01,12839,12839,12839,2
2020-10-23,15:30:01,12839,12839,12839,2
2020-10-23,15:30:01,12839,12839,12839,4
2020-10-23,15:30:01,12839,12839,12839,36
2020-10-23,15:30:01,12840,12840,12840,6
2020-10-23,15:30:01,12840,12840,12840,2
2020-10-23,15:30:01,12839,12839,12839,2
2020-10-23,15:30:01,12840,12840,12840,38
2020-10-23,15:30:02,12840,12840,12840,2
2020-10-23,15:30:02,12840,12840,12840,2
2020-10-23,15:30:02,12841,12841,12841,2
2020-10-23,15:30:03,12840,12840,12840,2
2020-10-23,15:30:03,12840,12840,12840,2
2020-10-23,15:30:06,12839,12839,12839,2
2020-10-23,15:30:08,12841,12841,12841,20
2020-10-23,15:30:09,12841,12841,12841,6
2020-10-23,15:30:09,12841,12841,12841,8
2020-10-23,15:30:11,12841,12841,12841,8
2020-10-23,15:30:12,12842,12842,12842,2
2020-10-23,15:30:12,12842,12842,12842,18
2020-10-23,15:30:12,12842,12842,12842,2
2020-10-23,15:30:12,12842,12842,12842,8
2020-10-23,15:30:12,12842,12842,12842,16
2020-10-23,15:30:12,12843,12843,12843,8
2020-10-23,15:30:12,12843,12843,12843,8
2020-10-23,15:30:12,12843,12843,12843,8
2020-10-23,15:30:12,12843,12843,12843,2
2020-10-23,15:30:12,12843,12843,12843,2
2020-10-23,15:30:12,12843,12843,12843,4
2020-10-23,15:30:12,12844,12844,12844,2
2020-10-23,15:30:12,12844,12844,12844,4
2020-10-23,15:30:12,12844,12844,12844,4
2020-10-23,15:30:13,12843,12843,12843,2
2020-10-23,15:30:13,12844,12844,12844,2
2020-10-23,15:30:13,12843,12843,12843,2
2020-10-23,15:30:13,12843,12843,12843,2
2020-10-23,15:30:14,12843,12843,12843,2
2020-10-23,15:30:15,12844,12844,12844,2
2020-10-23,15:30:15,12844,12844,12844,2
2020-10-23,15:30:16,12844,12844,12844,10
2020-10-23,15:30:17,12844,12844,12844,2
2020-10-23,15:30:19,12843,12843,12843,12
2020-10-23,15:30:21,12843,12843,12843,2
2020-10-23,15:30:22,12843,12843,12843,2
2020-10-23,15:30:22,12842,12842,12842,2
2020-10-23,15:30:22,12843,12843,12843,2
2020-10-23,15:30:24,12843,12843,12843,2
2020-10-23,15:30:24,12843,12843,12843,2
2020-10-23,15:30:26,12843,12843,12843,14
2020-10-23,15:30:26,12843,12843,12843,2
2020-10-23,15:30:30,12843,12843,12843,2
2020-10-23,15:30:30,12843,12843,12843,6
2020-10-23,15:30:31,12842,12842,12842,8
2020-10-23,15:30:31,12842,12842,12842,2
2020-10-23,15:30:32,12843,12843,12843,2
2020-10-23,15:30:32,12842,12842,12842,4
2020-10-23,15:30:33,12841,12841,12841,2
2020-10-23,15:30:34,12842,12842,12842,2
2020-10-23,15:30:34,12842,12842,12842,4
2020-10-23,15:30:36,12842,12842,12842,2
2020-10-23,15:30:38,12841,12841,12841,2
2020-10-23,15:30:40,12841,12841,12841,2
2020-10-23,15:30:48,12842,12842,12842,2
2020-10-23,15:30:48,12842,12842,12842,2
2020-10-23,15:30:52,12843,12843,12843,2
2020-10-23,15:30:52,12843,12843,12843,2
2020-10-23,15:30:54,12842,12842,12842,2
2020-10-23,15:30:54,12842,12842,12842,4
2020-10-23,15:30:54,12841,12841,12841,2
2020-10-23,15:30:57,12842,12842,12842,2
2020-10-23,15:31:00,12842,12842,12842,2
2020-10-23,15:31:01,12842,12842,12842,2
2020-10-23,15:31:04,12842,12842,12842,8
2020-10-23,15:31:08,12842,12842,12842,2
2020-10-23,15:31:08,12842,12842,12842,4
2020-10-23,15:31:08,12842,12842,12842,2
2020-10-23,15:31:09,12842,12842,12842,2
2020-10-23,15:31:13,12842,12842,12842,2
2020-10-23,15:31:13,12842,12842,12842,4
2020-10-23,15:31:14,12842,12842,12842,2
2020-10-23,15:31:14,12842,12842,12842,2
2020-10-23,15:31:14,12842,12842,12842,2
2020-10-23,15:31:17,12843,12843,12843,4
2020-10-23,15:31:17,12843,12843,12843,2
2020-10-23,15:31:19,12842,12842,12842,4
2020-10-23,15:31:21,12844,12844,12844,4
2020-10-23,15:31:21,12844,12844,12844,10
2020-10-23,15:31:21,12844,12844,12844,6
2020-10-23,15:31:21,12844,12844,12844,6
2020-10-23,15:31:21,12845,12845,12845,2
2020-10-23,15:31:22,12845,12845,12845,2
2020-10-23,15:31:22,12845,12845,12845,2
2020-10-23,15:31:22,12845,12845,12845,8
2020-10-23,15:31:22,12845,12845,12845,4
2020-10-23,15:31:22,12845,12845,12845,22
2020-10-23,15:31:22,12846,12846,12846,2
2020-10-23,15:31:22,12846,12846,12846,2
2020-10-23,15:31:22,12846,12846,12846,2
2020-10-23,15:31:22,12846,12846,12846,2
2020-10-23,15:31:22,12845,12845,12845,2
2020-10-23,15:31:22,12846,12846,12846,4
2020-10-23,15:31:23,12846,12846,12846,2
2020-10-23,15:31:24,12845,12845,12845,2
2020-10-23,15:31:25,12846,12846,12846,2
2020-10-23,15:31:26,12845,12845,12845,4
2020-10-23,15:31:26,12845,12845,12845,4
2020-10-23,15:31:26,12846,12846,12846,2
2020-10-23,15:31:27,12845,12845,12845,2
2020-10-23,15:31:28,12846,12846,12846,2
2020-10-23,15:31:28,12846,12846,12846,2
2020-10-23,15:31:30,12846,12846,12846,4
2020-10-23,15:31:32,12846,12846,12846,6
2020-10-23,15:31:32,12845,12845,12845,2
2020-10-23,15:31:33,12845,12845,12845,2
2020-10-23,15:31:34,12845,12845,12845,2
2020-10-23,15:31:35,12846,12846,12846,2
2020-10-23,15:31:35,12846,12846,12846,4
2020-10-23,15:31:35,12846,12846,12846,4
2020-10-23,15:31:35,12846,12846,12846,8
2020-10-23,15:31:35,12846,12846,12846,10
2020-10-23,15:31:36,12846,12846,12846,2
2020-10-23,15:31:36,12846,12846,12846,2
2020-10-23,15:31:36,12846,12846,12846,2
2020-10-23,15:31:37,12845,12845,12845,2
2020-10-23,15:31:38,12846,12846,12846,6
2020-10-23,15:31:38,12847,12847,12847,2
2020-10-23,15:31:38,12846,12846,12846,4
2020-10-23,15:31:39,12845,12845,12845,4
2020-10-23,15:31:40,12845,12845,12845,2
2020-10-23,15:31:42,12846,12846,12846,2
2020-10-23,15:31:43,12846,12846,12846,4
2020-10-23,15:31:44,12845,12845,12845,2
2020-10-23,15:31:45,12845,12845,12845,4
2020-10-23,15:31:48,12845,12845,12845,2
2020-10-23,15:31:52,12845,12845,12845,2
2020-10-23,15:31:52,12846,12846,12846,2
2020-10-23,15:31:59,12845,12845,12845,2
2020-10-23,15:31:59,12845,12845,12845,2
2020-10-23,15:32:01,12846,12846,12846,6
2020-10-23,15:32:02,12845,12845,12845,6
2020-10-23,15:32:02,12845,12845,12845,2
2020-10-23,15:32:03,12845,12845,12845,2
2020-10-23,15:32:05,12844,12844,12844,2
2020-10-23,15:32:05,12844,12844,12844,2
2020-10-23,15:32:05,12844,12844,12844,2
2020-10-23,15:32:05,12844,12844,12844,2
2020-10-23,15:32:05,12844,12844,12844,4
2020-10-23,15:32:05,12844,12844,12844,4
2020-10-23,15:32:05,12844,12844,12844,6
2020-10-23,15:32:05,12844,12844,12844,2
2020-10-23,15:32:05,12844,12844,12844,2
2020-10-23,15:32:05,12844,12844,12844,2
2020-10-23,15:32:10,12845,12845,12845,2
2020-10-23,15:32:15,12844,12844,12844,2
2020-10-23,15:32:15,12844,12844,12844,2
2020-10-23,15:32:15,12844,12844,12844,2
2020-10-23,15:32:15,12844,12844,12844,2
2020-10-23,15:32:19,12844,12844,12844,4
2020-10-23,15:32:23,12844,12844,12844,4
2020-10-23,15:32:24,12844,12844,12844,2
2020-10-23,15:32:26,12844,12844,12844,4
2020-10-23,15:32:38,12844,12844,12844,2
2020-10-23,15:32:39,12843,12843,12843,2
2020-10-23,15:32:39,12843,12843,12843,2
2020-10-23,15:32:45,12843,12843,12843,2
2020-10-23,15:32:47,12844,12844,12844,2
2020-10-23,15:32:47,12844,12844,12844,12
2020-10-23,15:32:47,12844,12844,12844,4
2020-10-23,15:32:47,12844,12844,12844,10
2020-10-23,15:32:47,12844,12844,12844,4
2020-10-23,15:32:48,12844,12844,12844,2
2020-10-23,15:32:51,12845,12845,12845,28
2020-10-23,15:33:02,12846,12846,12846,18
2020-10-23,15:33:02,12846,12846,12846,2
2020-10-23,15:33:03,12845,12845,12845,2
2020-10-23,15:33:04,12846,12846,12846,2
2020-10-23,15:33:05,12846,12846,12846,2
2020-10-23,15:33:09,12846,12846,12846,2
2020-10-23,15:33:10,12846,12846,12846,2
2020-10-23,15:33:13,12846,12846,12846,4
2020-10-23,15:33:14,12846,12846,12846,2
2020-10-23,15:33:19,12846,12846,12846,2
2020-10-23,15:33:20,12846,12846,12846,4
2020-10-23,15:33:20,12846,12846,12846,2
2020-10-23,15:33:22,12846,12846,12846,2
2020-10-23,15:33:23,12846,12846,12846,2
2020-10-23,15:33:26,12846,12846,12846,6
2020-10-23,15:33:29,12845,12845,12845,30
2020-10-23,15:33:29,12845,12845,12845,2
2020-10-23,15:33:29,12845,12845,12845,2
2020-10-23,15:33:29,12845,12845,12845,2
2020-10-23,15:33:29,12845,12845,12845,2
2020-10-23,15:33:29,12845,12845,12845,4
2020-10-23,15:33:29,12845,12845,12845,2
2020-10-23,15:33:29,12845,12845,12845,2
2020-10-23,15:33:29,12845,12845,12845,2
2020-10-23,15:33:33,12845,12845,12845,2
2020-10-23,15:33:40,12844,12844,12844,2
2020-10-23,15:33:43,12846,12846,12846,4
2020-10-23,15:33:45,12845,12845,12845,6
2020-10-23,15:33:47,12844,12844,12844,4
2020-10-23,15:33:47,12844,12844,12844,2
2020-10-23,15:33:50,12844,12844,12844,2
2020-10-23,15:33:55,12844,12844,12844,2
2020-10-23,15:33:55,12844,12844,12844,4
2020-10-23,15:33:58,12844,12844,12844,2
2020-10-23,15:33:58,12843,12843,12843,2
2020-10-23,15:33:58,12843,12843,12843,2
2020-10-23,15:33:59,12844,12844,12844,12
2020-10-23,15:33:59,12844,12844,12844,4
2020-10-23,15:34:02,12844,12844,12844,2
2020-10-23,15:34:03,12845,12845,12845,8
2020-10-23,15:34:03,12844,12844,12844,2
2020-10-23,15:34:07,12844,12844,12844,2
2020-10-23,15:34:10,12845,12845,12845,2
2020-10-23,15:34:10,12845,12845,12845,2
2020-10-23,15:34:10,12845,12845,12845,2
2020-10-23,15:34:10,12845,12845,12845,2
2020-10-23,15:34:34,12844,12844,12844,2
2020-10-23,15:34:44,12844,12844,12844,8
2020-10-23,15:34:44,12844,12844,12844,4
2020-10-23,15:34:44,12844,12844,12844,2
2020-10-23,15:34:44,12844,12844,12844,2
2020-10-23,15:34:44,12844,12844,12844,2
2020-10-23,15:34:44,12844,12844,12844,2
2020-10-23,15:34:47,12843,12843,12843,2
2020-10-23,15:34:50,12843,12843,12843,2
2020-10-23,15:34:51,12844,12844,12844,2
2020-10-23,15:34:57,12844,12844,12844,2
2020-10-23,15:34:57,12844,12844,12844,6
2020-10-23,15:34:59,12844,12844,12844,2
2020-10-23,15:35:00,12844,12844,12844,2
2020-10-23,15:35:01,12844,12844,12844,2
2020-10-23,15:35:02,12844,12844,12844,2
2020-10-23,15:35:03,12845,12845,12845,2
2020-10-23,15:35:05,12845,12845,12845,2
2020-10-23,15:35:05,12844,12844,12844,2
2020-10-23,15:35:08,12844,12844,12844,2
2020-10-23,15:35:08,12844,12844,12844,2
2020-10-23,15:35:08,12844,12844,12844,2
2020-10-23,15:35:08,12844,12844,12844,2
2020-10-23,15:35:08,12844,12844,12844,4
2020-10-23,15:35:08,12844,12844,12844,4
2020-10-23,15:35:10,12845,12845,12845,2
2020-10-23,15:35:11,12845,12845,12845,10
2020-10-23,15:35:11,12845,12845,12845,14
2020-10-23,15:35:15,12845,12845,12845,2
2020-10-23,15:35:17,12844,12844,12844,2
2020-10-23,15:35:17,12844,12844,12844,2
2020-10-23,15:35:20,12844,12844,12844,2
2020-10-23,15:35:22,12844,12844,12844,4
2020-10-23,15:35:22,12844,12844,12844,2
2020-10-23,15:35:22,12844,12844,12844,8
2020-10-23,15:35:22,12844,12844,12844,4
2020-10-23,15:35:25,12844,12844,12844,2
2020-10-23,15:35:34,12844,12844,12844,2
2020-10-23,15:35:34,12844,12844,12844,2
2020-10-23,15:35:34,12844,12844,12844,2
2020-10-23,15:35:41,12844,12844,12844,2
2020-10-23,15:35:46,12845,12845,12845,2
2020-10-23,15:35:46,12845,12845,12845,8
2020-10-23,15:35:46,12845,12845,12845,6
2020-10-23,15:35:50,12846,12846,12846,2
2020-10-23,15:35:51,12846,12846,12846,4
2020-10-23,15:35:51,12846,12846,12846,10
2020-10-23,15:35:51,12847,12847,12847,2
2020-10-23,15:35:51,12847,12847,12847,2
2020-10-23,15:35:52,12846,12846,12846,2
2020-10-23,15:35:52,12846,12846,12846,2
2020-10-23,15:35:54,12846,12846,12846,4
2020-10-23,15:35:58,12846,12846,12846,2
2020-10-23,15:36:11,12846,12846,12846,2
2020-10-23,15:36:11,12847,12847,12847,2
2020-10-23,15:36:11,12847,12847,12847,4
2020-10-23,15:36:14,12847,12847,12847,2
2020-10-23,15:36:15,12847,12847,12847,2
2020-10-23,15:36:17,12847,12847,12847,8
2020-10-23,15:36:17,12847,12847,12847,2
2020-10-23,15:36:17,12847,12847,12847,4
2020-10-23,15:36:17,12847,12847,12847,4
2020-10-23,15:36:18,12847,12847,12847,4
2020-10-23,15:36:18,12847,12847,12847,2
2020-10-23,15:36:19,12847,12847,12847,2
2020-10-23,15:36:19,12847,12847,12847,2
2020-10-23,15:36:19,12847,12847,12847,2
2020-10-23,15:36:20,12847,12847,12847,6
2020-10-23,15:36:26,12847,12847,12847,2
2020-10-23,15:36:29,12847,12847,12847,4
2020-10-23,15:36:29,12847,12847,12847,10
2020-10-23,15:36:35,12846,12846,12846,2
2020-10-23,15:36:35,12846,12846,12846,2
2020-10-23,15:36:35,12846,12846,12846,2
2020-10-23,15:36:35,12846,12846,12846,2
2020-10-23,15:36:35,12846,12846,12846,2
2020-10-23,15:36:35,12846,12846,12846,2
2020-10-23,15:36:35,12846,12846,12846,2
2020-10-23,15:36:35,12846,12846,12846,2
2020-10-23,15:36:35,12846,12846,12846,2
2020-10-23,15:36:37,12846,12846,12846,4
2020-10-23,15:36:41,12846,12846,12846,2
2020-10-23,15:36:43,12846,12846,12846,2
2020-10-23,15:36:48,12847,12847,12847,2
2020-10-23,15:36:51,12846,12846,12846,2
2020-10-23,15:36:51,12846,12846,12846,4
2020-10-23,15:36:51,12845,12845,12845,8
2020-10-23,15:36:52,12846,12846,12846,10
2020-10-23,15:36:56,12846,12846,12846,8
2020-10-23,15:36:57,12846,12846,12846,2
2020-10-23,15:37:03,12846,12846,12846,2
2020-10-23,15:37:05,12846,12846,12846,2
2020-10-23,15:37:11,12846,12846,12846,2
2020-10-23,15:37:11,12847,12847,12847,4
2020-10-23,15:37:12,12846,12846,12846,2
2020-10-23,15:37:12,12846,12846,12846,2
2020-10-23,15:37:17,12846,12846,12846,2
2020-10-23,15:37:18,12846,12846,12846,2
2020-10-23,15:37:19,12846,12846,12846,4
2020-10-23,15:37:25,12846,12846,12846,2
2020-10-23,15:37:25,12847,12847,12847,8
2020-10-23,15:37:26,12846,12846,12846,2
2020-10-23,15:37:26,12847,12847,12847,10
2020-10-23,15:37:26,12846,12846,12846,2
2020-10-23,15:37:27,12846,12846,12846,4
2020-10-23,15:37:46,12846,12846,12846,2
2020-10-23,15:37:47,12846,12846,12846,2
2020-10-23,15:37:48,12846,12846,12846,2
2020-10-23,15:37:58,12846,12846,12846,2
2020-10-23,15:38:02,12846,12846,12846,6
2020-10-23,15:38:03,12846,12846,12846,2
2020-10-23,15:38:05,12846,12846,12846,4
2020-10-23,15:38:11,12845,12845,12845,2
2020-10-23,15:38:11,12845,12845,12845,4
2020-10-23,15:38:11,12845,12845,12845,2
2020-10-23,15:38:11,12845,12845,12845,2
2020-10-23,15:38:11,12845,12845,12845,2
2020-10-23,15:38:11,12845,12845,12845,4
2020-10-23,15:38:11,12845,12845,12845,2
2020-10-23,15:38:11,12845,12845,12845,6
2020-10-23,15:38:11,12845,12845,12845,4
2020-10-23,15:38:11,12845,12845,12845,2
2020-10-23,15:38:11,12845,12845,12845,2
2020-10-23,15:38:11,12845,12845,12845,2
2020-10-23,15:38:11,12845,12845,12845,4
2020-10-23,15:38:11,12845,12845,12845,2
2020-10-23,15:38:11,12845,12845,12845,2
2020-10-23,15:38:11,12845,12845,12845,2
2020-10-23,15:38:15,12845,12845,12845,2
2020-10-23,15:38:19,12844,12844,12844,2
2020-10-23,15:38:20,12844,12844,12844,2
2020-10-23,15:38:21,12844,12844,12844,2
2020-10-23,15:38:34,12844,12844,12844,4
2020-10-23,15:38:36,12844,12844,12844,2
2020-10-23,15:38:36,12844,12844,12844,16
2020-10-23,15:38:36,12844,12844,12844,2
2020-10-23,15:38:36,12844,12844,12844,2
2020-10-23,15:38:36,12844,12844,12844,2
2020-10-23,15:38:36,12844,12844,12844,8
2020-10-23,15:38:46,12844,12844,12844,4
2020-10-23,15:38:46,12844,12844,12844,10
2020-10-23,15:38:46,12844,12844,12844,6
2020-10-23,15:38:46,12845,12845,12845,2
2020-10-23,15:38:47,12845,12845,12845,2
2020-10-23,15:38:52,12846,12846,12846,2
2020-10-23,15:39:01,12845,12845,12845,2
2020-10-23,15:39:01,12845,12845,12845,2
2020-10-23,15:39:01,12845,12845,12845,2
2020-10-23,15:39:02,12845,12845,12845,2
2020-10-23,15:39:03,12845,12845,12845,2
2020-10-23,15:39:03,12845,12845,12845,2
2020-10-23,15:39:03,12845,12845,12845,4
2020-10-23,15:39:08,12845,12845,12845,2
2020-10-23,15:39:09,12844,12844,12844,6
2020-10-23,15:39:14,12844,12844,12844,2
2020-10-23,15:39:14,12845,12845,12845,4
2020-10-23,15:39:18,12844,12844,12844,2
2020-10-23,15:39:18,12844,12844,12844,2
2020-10-23,15:39:18,12844,12844,12844,2
2020-10-23,15:39:18,12844,12844,12844,2
2020-10-23,15:39:18,12844,12844,12844,2
2020-10-23,15:39:18,12844,12844,12844,4
2020-10-23,15:39:18,12844,12844,12844,2
2020-10-23,15:39:23,12845,12845,12845,2
2020-10-23,15:39:24,12845,12845,12845,2
2020-10-23,15:39:24,12845,12845,12845,2
2020-10-23,15:39:31,12844,12844,12844,2
2020-10-23,15:39:37,12844,12844,12844,2
2020-10-23,15:39:37,12844,12844,12844,2
2020-10-23,15:40:00,12844,12844,12844,2
2020-10-23,15:40:00,12844,12844,12844,6
2020-10-23,15:40:00,12844,12844,12844,8
2020-10-23,15:40:00,12844,12844,12844,2
2020-10-23,15:40:00,12844,12844,12844,2
2020-10-23,15:40:00,12844,12844,12844,2
2020-10-23,15:40:00,12845,12845,12845,4
2020-10-23,15:40:01,12845,12845,12845,2
2020-10-23,15:40:01,12845,12845,12845,2
2020-10-23,15:40:01,12845,12845,12845,2
2020-10-23,15:40:02,12844,12844,12844,2
2020-10-23,15:40:10,12844,12844,12844,2
2020-10-23,15:40:13,12844,12844,12844,2
2020-10-23,15:40:34,12844,12844,12844,2
2020-10-23,15:40:39,12844,12844,12844,2
2020-10-23,15:40:39,12844,12844,12844,2
2020-10-23,15:40:39,12844,12844,12844,2
2020-10-23,15:40:43,12844,12844,12844,2
2020-10-23,15:40:43,12844,12844,12844,4
2020-10-23,15:40:43,12844,12844,12844,2
2020-10-23,15:40:43,12844,12844,12844,2
2020-10-23,15:40:44,12844,12844,12844,2
2020-10-23,15:40:48,12844,12844,12844,2
2020-10-23,15:40:53,12844,12844,12844,2
2020-10-23,15:40:55,12844,12844,12844,4
2020-10-23,15:40:59,12844,12844,12844,2
2020-10-23,15:41:02,12845,12845,12845,6
2020-10-23,15:41:06,12845,12845,12845,40
2020-10-23,15:41:06,12845,12845,12845,10
2020-10-23,15:41:07,12846,12846,12846,4
2020-10-23,15:41:07,12846,12846,12846,4
2020-10-23,15:41:11,12845,12845,12845,2
2020-10-23,15:41:11,12845,12845,12845,2
2020-10-23,15:41:12,12846,12846,12846,10
2020-10-23,15:41:18,12845,12845,12845,8
2020-10-23,15:41:27,12845,12845,12845,2
2020-10-23,15:41:41,12845,12845,12845,2
2020-10-23,15:41:43,12846,12846,12846,2
2020-10-23,15:41:43,12846,12846,12846,6
2020-10-23,15:41:48,12846,12846,12846,2
2020-10-23,15:41:49,12846,12846,12846,2
2020-10-23,15:41:51,12846,12846,12846,2
2020-10-23,15:42:02,12846,12846,12846,10
2020-10-23,15:42:05,12846,12846,12846,6
2020-10-23,15:42:18,12845,12845,12845,2
2020-10-23,15:42:18,12846,12846,12846,2
2020-10-23,15:42:19,12844,12844,12844,2
2020-10-23,15:42:21,12845,12845,12845,2
2020-10-23,15:42:32,12845,12845,12845,2
2020-10-23,15:42:32,12845,12845,12845,2
2020-10-23,15:42:32,12845,12845,12845,2
2020-10-23,15:42:35,12845,12845,12845,8
2020-10-23,15:42:35,12846,12846,12846,26
2020-10-23,15:42:35,12846,12846,12846,28
2020-10-23,15:42:35,12846,12846,12846,10
2020-10-23,15:42:35,12846,12846,12846,4
2020-10-23,15:42:35,12846,12846,12846,4
2020-10-23,15:42:35,12846,12846,12846,14
2020-10-23,15:42:35,12846,12846,12846,2
2020-10-23,15:42:35,12845,12845,12845,2
2020-10-23,15:42:38,12845,12845,12845,2
2020-10-23,15:42:52,12845,12845,12845,2
2020-10-23,15:42:54,12846,12846,12846,6
2020-10-23,15:42:58,12846,12846,12846,16
2020-10-23,15:42:58,12847,12847,12847,82
2020-10-23,15:42:58,12847,12847,12847,36
2020-10-23,15:42:58,12847,12847,12847,2
2020-10-23,15:42:58,12847,12847,12847,2
2020-10-23,15:42:58,12847,12847,12847,2
2020-10-23,15:43:01,12846,12846,12846,2
2020-10-23,15:43:02,12846,12846,12846,6
2020-10-23,15:43:02,12846,12846,12846,4
2020-10-23,15:43:03,12847,12847,12847,4
2020-10-23,15:43:04,12847,12847,12847,10
2020-10-23,15:43:04,12847,12847,12847,24
2020-10-23,15:43:08,12847,12847,12847,2
2020-10-23,15:43:08,12847,12847,12847,2
2020-10-23,15:43:08,12847,12847,12847,2
2020-10-23,15:43:09,12847,12847,12847,2
2020-10-23,15:43:09,12846,12846,12846,2
2020-10-23,15:43:10,12847,12847,12847,2
2020-10-23,15:43:13,12846,12846,12846,4
2020-10-23,15:43:18,12846,12846,12846,4
2020-10-23,15:43:19,12846,12846,12846,2
2020-10-23,15:43:19,12846,12846,12846,2
2020-10-23,15:43:19,12847,12847,12847,2
2020-10-23,15:43:48,12846,12846,12846,2
2020-10-23,15:44:01,12845,12845,12845,2
2020-10-23,15:44:02,12846,12846,12846,4
2020-10-23,15:44:02,12846,12846,12846,6
2020-10-23,15:44:02,12847,12847,12847,2
2020-10-23,15:44:44,12846,12846,12846,2
2020-10-23,15:44:44,12846,12846,12846,14
2020-10-23,15:44:47,12846,12846,12846,8
2020-10-23,15:45:00,12846,12846,12846,2
2020-10-23,15:45:00,12847,12847,12847,2
2020-10-23,15:45:04,12847,12847,12847,2
2020-10-23,15:45:04,12847,12847,12847,6
2020-10-23,15:45:04,12847,12847,12847,6
2020-10-23,15:45:04,12847,12847,12847,12
2020-10-23,15:45:04,12847,12847,12847,14
2020-10-23,15:45:04,12848,12848,12848,2
2020-10-23,15:45:05,12848,12848,12848,30
2020-10-23,15:45:05,12847,12847,12847,2
2020-10-23,15:45:05,12848,12848,12848,2
2020-10-23,15:45:05,12848,12848,12848,2
2020-10-23,15:45:05,12847,12847,12847,2
2020-10-23,15:45:05,12847,12847,12847,2
2020-10-23,15:45:10,12848,12848,12848,12
2020-10-23,15:45:10,12848,12848,12848,4
2020-10-23,15:45:11,12848,12848,12848,2
2020-10-23,15:45:11,12849,12849,12849,2
2020-10-23,15:45:22,12849,12849,12849,10
2020-10-23,15:45:28,12848,12848,12848,4
2020-10-23,15:45:28,12848,12848,12848,6
2020-10-23,15:45:28,12848,12848,12848,2
2020-10-23,15:45:28,12848,12848,12848,2
2020-10-23,15:45:32,12848,12848,12848,8
2020-10-23,15:45:40,12848,12848,12848,4
2020-10-23,15:45:41,12848,12848,12848,2
2020-10-23,15:45:42,12848,12848,12848,2
2020-10-23,15:45:49,12847,12847,12847,2
2020-10-23,15:45:49,12847,12847,12847,2
2020-10-23,15:45:55,12846,12846,12846,2
2020-10-23,15:45:55,12846,12846,12846,2
2020-10-23,15:45:56,12845,12845,12845,2
2020-10-23,15:45:56,12845,12845,12845,2
2020-10-23,15:46:11,12845,12845,12845,4
2020-10-23,15:46:11,12845,12845,12845,2
2020-10-23,15:46:11,12845,12845,12845,2
2020-10-23,15:46:11,12845,12845,12845,2
2020-10-23,15:46:11,12845,12845,12845,2
2020-10-23,15:46:26,12846,12846,12846,2
2020-10-23,15:46:34,12846,12846,12846,2
2020-10-23,15:46:34,12846,12846,12846,2
2020-10-23,15:46:46,12845,12845,12845,2
2020-10-23,15:46:55,12846,12846,12846,2
2020-10-23,15:47:13,12846,12846,12846,2
2020-10-23,15:47:13,12846,12846,12846,4
2020-10-23,15:47:13,12846,12846,12846,8
2020-10-23,15:47:13,12846,12846,12846,4
2020-10-23,15:47:13,12847,12847,12847,6
2020-10-23,15:47:25,12847,12847,12847,2
2020-10-23,15:47:27,12847,12847,12847,2
2020-10-23,15:47:32,12847,12847,12847,4
2020-10-23,15:47:47,12847,12847,12847,2
2020-10-23,15:47:59,12847,12847,12847,2
2020-10-23,15:48:02,12846,12846,12846,2
2020-10-23,15:48:02,12846,12846,12846,2
2020-10-23,15:48:02,12846,12846,12846,2
2020-10-23,15:48:02,12846,12846,12846,2
2020-10-23,15:48:02,12846,12846,12846,2
2020-10-23,15:48:02,12846,12846,12846,2
2020-10-23,15:48:02,12846,12846,12846,2
2020-10-23,15:48:06,12846,12846,12846,2
2020-10-23,15:48:11,12846,12846,12846,2
2020-10-23,15:48:14,12847,12847,12847,10
2020-10-23,15:48:15,12847,12847,12847,2
2020-10-23,15:48:30,12846,12846,12846,2
2020-10-23,15:48:39,12847,12847,12847,4
2020-10-23,15:48:47,12847,12847,12847,2
2020-10-23,15:48:51,12847,12847,12847,4
2020-10-23,15:48:51,12847,12847,12847,8
2020-10-23,15:48:51,12848,12848,12848,4
2020-10-23,15:48:51,12848,12848,12848,8
2020-10-23,15:48:51,12848,12848,12848,8
2020-10-23,15:48:52,12848,12848,12848,8
2020-10-23,15:48:52,12848,12848,12848,8
2020-10-23,15:48:52,12849,12849,12849,8
2020-10-23,15:48:52,12849,12849,12849,2
2020-10-23,15:48:56,12848,12848,12848,12
2020-10-23,15:49:15,12848,12848,12848,2
2020-10-23,15:49:18,12848,12848,12848,2
2020-10-23,15:49:19,12848,12848,12848,2
2020-10-23,15:49:29,12847,12847,12847,2
2020-10-23,15:49:29,12847,12847,12847,2
2020-10-23,15:49:44,12848,12848,12848,2
2020-10-23,15:50:09,12847,12847,12847,2
2020-10-23,15:50:09,12846,12846,12846,2
2020-10-23,15:50:09,12848,12848,12848,2
2020-10-23,15:50:09,12848,12848,12848,2
2020-10-23,15:50:10,12848,12848,12848,2
2020-10-23,15:50:23,12847,12847,12847,2
2020-10-23,15:50:31,12848,12848,12848,22
2020-10-23,15:50:36,12848,12848,12848,2
2020-10-23,15:50:37,12848,12848,12848,2
2020-10-23,15:50:52,12848,12848,12848,6
2020-10-23,15:50:52,12848,12848,12848,4
2020-10-23,15:50:52,12848,12848,12848,8
2020-10-23,15:50:52,12848,12848,12848,2
2020-10-23,15:50:55,12847,12847,12847,4
2020-10-23,15:50:55,12847,12847,12847,2
2020-10-23,15:50:55,12847,12847,12847,2
2020-10-23,15:50:55,12848,12848,12848,4
2020-10-23,15:51:01,12847,12847,12847,10
2020-10-23,15:51:03,12847,12847,12847,2
2020-10-23,15:51:14,12847,12847,12847,8
2020-10-23,15:51:14,12847,12847,12847,2
2020-10-23,15:51:14,12847,12847,12847,2
2020-10-23,15:51:14,12848,12848,12848,8
2020-10-23,15:51:15,12847,12847,12847,2
2020-10-23,15:51:21,12846,12846,12846,2
2020-10-23,15:51:25,12847,12847,12847,2
2020-10-23,15:51:39,12846,12846,12846,2
2020-10-23,15:51:43,12847,12847,12847,2
2020-10-23,15:52:00,12847,12847,12847,2
2020-10-23,15:52:00,12847,12847,12847,2
2020-10-23,15:52:09,12846,12846,12846,2
2020-10-23,15:52:10,12847,12847,12847,2
2020-10-23,15:52:19,12847,12847,12847,8
2020-10-23,15:52:21,12847,12847,12847,8
2020-10-23,15:52:30,12846,12846,12846,2
2020-10-23,15:52:42,12847,12847,12847,6
2020-10-23,15:52:42,12847,12847,12847,2
2020-10-23,15:52:54,12848,12848,12848,4
2020-10-23,15:52:54,12848,12848,12848,4
2020-10-23,15:52:54,12848,12848,12848,4
2020-10-23,15:52:54,12848,12848,12848,2
2020-10-23,15:52:54,12848,12848,12848,2
2020-10-23,15:52:54,12847,12847,12847,2
2020-10-23,15:53:00,12848,12848,12848,2
2020-10-23,15:53:00,12848,12848,12848,2
2020-10-23,15:53:01,12849,12849,12849,2
2020-10-23,15:53:01,12849,12849,12849,2
2020-10-23,15:53:01,12849,12849,12849,2
2020-10-23,15:53:01,12849,12849,12849,30
2020-10-23,15:53:04,12849,12849,12849,2
2020-10-23,15:53:04,12849,12849,12849,2
2020-10-23,15:53:04,12849,12849,12849,2
2020-10-23,15:53:04,12849,12849,12849,4
2020-10-23,15:53:05,12849,12849,12849,2
2020-10-23,15:53:06,12849,12849,12849,2
2020-10-23,15:53:07,12849,12849,12849,2
2020-10-23,15:53:08,12849,12849,12849,2
2020-10-23,15:53:08,12849,12849,12849,2
2020-10-23,15:53:25,12848,12848,12848,2
2020-10-23,15:53:25,12848,12848,12848,2
2020-10-23,15:53:28,12849,12849,12849,2
2020-10-23,15:53:42,12849,12849,12849,8
2020-10-23,15:53:43,12848,12848,12848,4
2020-10-23,15:53:53,12848,12848,12848,6
2020-10-23,15:53:57,12848,12848,12848,2
2020-10-23,15:54:09,12848,12848,12848,2
2020-10-23,15:54:09,12849,12849,12849,2
2020-10-23,15:54:09,12849,12849,12849,2
2020-10-23,15:54:12,12848,12848,12848,4
2020-10-23,15:54:35,12848,12848,12848,8
2020-10-23,15:54:35,12848,12848,12848,2
2020-10-23,15:54:43,12848,12848,12848,8
2020-10-23,15:54:43,12848,12848,12848,2
2020-10-23,15:54:49,12848,12848,12848,2
2020-10-23,15:54:49,12848,12848,12848,2
2020-10-23,15:54:54,12848,12848,12848,2
2020-10-23,15:54:54,12848,12848,12848,2
2020-10-23,15:54:55,12848,12848,12848,10
2020-10-23,15:54:56,12848,12848,12848,4
2020-10-23,15:54:56,12847,12847,12847,2
2020-10-23,15:54:56,12847,12847,12847,4
2020-10-23,15:54:56,12847,12847,12847,10
2020-10-23,15:54:56,12847,12847,12847,4
2020-10-23,15:54:56,12847,12847,12847,2
2020-10-23,15:54:56,12847,12847,12847,2
2020-10-23,15:54:56,12847,12847,12847,2
2020-10-23,15:54:56,12847,12847,12847,2
2020-10-23,15:54:56,12847,12847,12847,2
2020-10-23,15:54:56,12847,12847,12847,18
2020-10-23,15:54:56,12847,12847,12847,10
2020-10-23,15:54:56,12847,12847,12847,4
2020-10-23,15:54:56,12847,12847,12847,2
2020-10-23,15:54:56,12847,12847,12847,2
2020-10-23,15:54:56,12847,12847,12847,2
2020-10-23,15:54:56,12847,12847,12847,2
2020-10-23,15:54:56,12847,12847,12847,2
2020-10-23,15:54:59,12846,12846,12846,2
2020-10-23,15:55:00,12847,12847,12847,2
2020-10-23,15:55:01,12846,12846,12846,2
2020-10-23,15:55:05,12847,12847,12847,6
2020-10-23,15:55:05,12847,12847,12847,4
2020-10-23,15:55:08,12847,12847,12847,2
2020-10-23,15:55:20,12846,12846,12846,2
2020-10-23,15:55:26,12847,12847,12847,8
2020-10-23,15:55:28,12847,12847,12847,2
2020-10-23,15:55:29,12847,12847,12847,2
2020-10-23,15:55:30,12848,12848,12848,2
2020-10-23,15:55:30,12849,12849,12849,4
2020-10-23,15:55:30,12848,12848,12848,2
2020-10-23,15:55:42,12848,12848,12848,2
2020-10-23,15:56:03,12848,12848,12848,4
2020-10-23,15:56:03,12848,12848,12848,4
2020-10-23,15:56:03,12849,12849,12849,2
2020-10-23,15:56:05,12848,12848,12848,8
2020-10-23,15:56:05,12848,12848,12848,2
2020-10-23,15:56:23,12848,12848,12848,2
2020-10-23,15:56:32,12849,12849,12849,2
2020-10-23,15:56:32,12849,12849,12849,2
2020-10-23,15:56:32,12849,12849,12849,6
2020-10-23,15:56:32,12849,12849,12849,8
2020-10-23,15:56:40,12848,12848,12848,4
2020-10-23,15:56:40,12848,12848,12848,2
2020-10-23,15:56:40,12848,12848,12848,2
2020-10-23,15:56:42,12847,12847,12847,2
2020-10-23,15:56:47,12848,12848,12848,2
2020-10-23,15:56:54,12848,12848,12848,2
2020-10-23,15:56:59,12847,12847,12847,2
2020-10-23,15:57:02,12848,12848,12848,6
2020-10-23,15:57:05,12847,12847,12847,4
2020-10-23,15:57:09,12848,12848,12848,2
2020-10-23,15:57:13,12848,12848,12848,2
2020-10-23,15:57:33,12848,12848,12848,2
2020-10-23,15:57:44,12848,12848,12848,4
2020-10-23,15:57:48,12848,12848,12848,6
2020-10-23,15:58:05,12848,12848,12848,2
2020-10-23,15:58:06,12848,12848,12848,2
2020-10-23,15:58:09,12848,12848,12848,8
2020-10-23,15:58:10,12849,12849,12849,2
2020-10-23,15:58:10,12849,12849,12849,4
2020-10-23,15:58:10,12850,12850,12850,2
2020-10-23,15:58:10,12850,12850,12850,2
2020-10-23,15:58:11,12849,12849,12849,4
2020-10-23,15:58:23,12850,12850,12850,2
2020-10-23,15:58:24,12850,12850,12850,2
2020-10-23,15:58:27,12850,12850,12850,2
2020-10-23,15:58:31,12849,12849,12849,2
2020-10-23,15:58:50,12849,12849,12849,2
2020-10-23,15:59:07,12850,12850,12850,50
2020-10-23,15:59:07,12850,12850,12850,6
2020-10-23,15:59:07,12850,12850,12850,8
2020-10-23,15:59:07,12850,12850,12850,16
2020-10-23,15:59:07,12850,12850,12850,4
2020-10-23,15:59:07,12851,12851,12851,4
2020-10-23,15:59:07,12851,12851,12851,34
2020-10-23,15:59:07,12852,12852,12852,26
2020-10-23,15:59:07,12852,12852,12852,4
2020-10-23,15:59:08,12852,12852,12852,2
2020-10-23,15:59:09,12851,12851,12851,2
2020-10-23,15:59:09,12851,12851,12851,2
2020-10-23,15:59:16,12850,12850,12850,4
2020-10-23,15:59:16,12850,12850,12850,6
2020-10-23,15:59:22,12850,12850,12850,4
2020-10-23,15:59:28,12850,12850,12850,2
2020-10-23,15:59:30,12849,12849,12849,2
2020-10-23,15:59:51,12848,12848,12848,2
2020-10-23,15:59:51,12849,12849,12849,2
2020-10-23,16:00:01,12849,12849,12849,4
2020-10-23,16:00:01,12850,12850,12850,2
2020-10-23,16:00:01,12850,12850,12850,2
2020-10-23,16:00:01,12850,12850,12850,2
2020-10-23,16:00:01,12849,12849,12849,4
2020-10-23,16:00:02,12850,12850,12850,2
2020-10-23,16:00:02,12850,12850,12850,2
2020-10-23,16:00:02,12850,12850,12850,2
2020-10-23,16:00:02,12850,12850,12850,2
2020-10-23,16:00:11,12850,12850,12850,2
2020-10-23,16:00:11,12850,12850,12850,4
2020-10-23,16:00:11,12850,12850,12850,4
2020-10-23,16:00:11,12850,12850,12850,2
2020-10-23,16:00:37,12850,12850,12850,2
2020-10-23,16:00:50,12849,12849,12849,2
2020-10-23,16:00:50,12849,12849,12849,2
2020-10-23,16:00:50,12849,12849,12849,8
2020-10-23,16:00:50,12849,12849,12849,2
2020-10-23,16:00:55,12849,12849,12849,2
2020-10-23,16:01:07,12849,12849,12849,4
2020-10-23,16:01:18,12848,12848,12848,2
2020-10-23,16:01:18,12848,12848,12848,2
2020-10-23,16:01:18,12848,12848,12848,2
2020-10-23,16:01:18,12848,12848,12848,2
2020-10-23,16:01:18,12848,12848,12848,2
2020-10-23,16:01:18,12848,12848,12848,2
2020-10-23,16:01:18,12848,12848,12848,2
2020-10-23,16:01:18,12848,12848,12848,2
2020-10-23,16:01:22,12847,12847,12847,4
2020-10-23,16:01:22,12847,12847,12847,6
2020-10-23,16:01:22,12847,12847,12847,2
2020-10-23,16:01:22,12847,12847,12847,2
2020-10-23,16:01:22,12847,12847,12847,2
2020-10-23,16:01:22,12847,12847,12847,2
2020-10-23,16:01:22,12847,12847,12847,6
2020-10-23,16:01:22,12847,12847,12847,2
2020-10-23,16:01:22,12847,12847,12847,2
2020-10-23,16:01:22,12847,12847,12847,2
2020-10-23,16:01:22,12847,12847,12847,2
2020-10-23,16:01:22,12846,12846,12846,2
2020-10-23,16:01:25,12846,12846,12846,2
2020-10-23,16:01:28,12846,12846,12846,2
2020-10-23,16:01:35,12847,12847,12847,2
2020-10-23,16:01:35,12847,12847,12847,2
2020-10-23,16:01:35,12848,12848,12848,2
2020-10-23,16:01:35,12848,12848,12848,2
2020-10-23,16:01:35,12848,12848,12848,2
2020-10-23,16:01:35,12848,12848,12848,2
2020-10-23,16:01:35,12848,12848,12848,2
2020-10-23,16:01:35,12848,12848,12848,2
2020-10-23,16:01:35,12848,12848,12848,2
2020-10-23,16:01:35,12848,12848,12848,2
2020-10-23,16:01:35,12848,12848,12848,2
2020-10-23,16:01:35,12848,12848,12848,2
2020-10-23,16:01:35,12848,12848,12848,6
2020-10-23,16:01:35,12848,12848,12848,2
2020-10-23,16:01:35,12848,12848,12848,4
2020-10-23,16:01:35,12848,12848,12848,8
2020-10-23,16:01:35,12848,12848,12848,2
2020-10-23,16:01:35,12848,12848,12848,8
2020-10-23,16:01:35,12848,12848,12848,2
2020-10-23,16:01:35,12849,12849,12849,2
2020-10-23,16:01:35,12849,12849,12849,2
2020-10-23,16:01:35,12848,12848,12848,2
2020-10-23,16:01:35,12849,12849,12849,2
2020-10-23,16:01:35,12849,12849,12849,2
2020-10-23,16:01:35,12849,12849,12849,2
2020-10-23,16:01:35,12849,12849,12849,2
2020-10-23,16:01:36,12847,12847,12847,2
2020-10-23,16:01:36,12847,12847,12847,4
2020-10-23,16:01:36,12847,12847,12847,2
2020-10-23,16:01:36,12848,12848,12848,2
2020-10-23,16:01:38,12847,12847,12847,2
2020-10-23,16:01:38,12847,12847,12847,8
2020-10-23,16:01:39,12847,12847,12847,2
2020-10-23,16:01:40,12847,12847,12847,2
2020-10-23,16:01:45,12846,12846,12846,4
2020-10-23,16:01:45,12846,12846,12846,8
2020-10-23,16:01:45,12846,12846,12846,4
2020-10-23,16:01:45,12846,12846,12846,2
2020-10-23,16:01:45,12846,12846,12846,2
2020-10-23,16:01:45,12846,12846,12846,2
2020-10-23,16:01:45,12846,12846,12846,2
2020-10-23,16:01:45,12846,12846,12846,2
2020-10-23,16:01:45,12846,12846,12846,6
2020-10-23,16:01:45,12846,12846,12846,2
2020-10-23,16:01:45,12846,12846,12846,2
2020-10-23,16:01:45,12846,12846,12846,2
2020-10-23,16:01:45,12846,12846,12846,4
2020-10-23,16:01:45,12846,12846,12846,2
2020-10-23,16:01:45,12846,12846,12846,2
2020-10-23,16:01:45,12846,12846,12846,2
2020-10-23,16:01:45,12846,12846,12846,2
2020-10-23,16:01:45,12846,12846,12846,2
2020-10-23,16:01:46,12847,12847,12847,2
2020-10-23,16:01:47,12847,12847,12847,2
2020-10-23,16:01:49,12846,12846,12846,10
2020-10-23,16:02:12,12846,12846,12846,10
2020-10-23,16:02:12,12846,12846,12846,4
2020-10-23,16:02:24,12846,12846,12846,4
2020-10-23,16:02:30,12846,12846,12846,2
2020-10-23,16:02:32,12846,12846,12846,2
2020-10-23,16:02:34,12845,12845,12845,2
2020-10-23,16:02:34,12846,12846,12846,2
2020-10-23,16:02:35,12846,12846,12846,2
2020-10-23,16:03:03,12846,12846,12846,6
2020-10-23,16:03:09,12847,12847,12847,2
2020-10-23,16:03:12,12846,12846,12846,2
2020-10-23,16:03:29,12847,12847,12847,2
2020-10-23,16:03:40,12847,12847,12847,6
2020-10-23,16:04:00,12846,12846,12846,2
2020-10-23,16:04:27,12846,12846,12846,2
2020-10-23,16:04:37,12847,12847,12847,2
2020-10-23,16:04:37,12847,12847,12847,6
2020-10-23,16:04:37,12847,12847,12847,2
2020-10-23,16:04:42,12847,12847,12847,2
2020-10-23,16:04:42,12847,12847,12847,2
2020-10-23,16:04:43,12848,12848,12848,12
2020-10-23,16:04:46,12849,12849,12849,10
2020-10-23,16:04:46,12849,12849,12849,10
2020-10-23,16:04:46,12850,12850,12850,2
2020-10-23,16:04:46,12850,12850,12850,42
2020-10-23,16:04:51,12851,12851,12851,2
2020-10-23,16:04:55,12851,12851,12851,2
2020-10-23,16:04:55,12850,12850,12850,2
2020-10-23,16:04:55,12849,12849,12849,2
2020-10-23,16:04:55,12849,12849,12849,2
2020-10-23,16:04:55,12849,12849,12849,2
2020-10-23,16:04:55,12849,12849,12849,2
2020-10-23,16:05:03,12850,12850,12850,2
2020-10-23,16:05:08,12850,12850,12850,14
2020-10-23,16:05:08,12851,12851,12851,2
2020-10-23,16:05:08,12851,12851,12851,2
2020-10-23,16:05:12,12850,12850,12850,2
2020-10-23,16:05:14,12851,12851,12851,8
2020-10-23,16:05:15,12852,12852,12852,2
2020-10-23,16:05:15,12852,12852,12852,8
2020-10-23,16:05:15,12852,12852,12852,14
2020-10-23,16:05:15,12853,12853,12853,2
2020-10-23,16:05:15,12853,12853,12853,2
2020-10-23,16:05:15,12853,12853,12853,2
2020-10-23,16:05:15,12853,12853,12853,2
2020-10-23,16:05:15,12853,12853,12853,2
2020-10-23,16:05:15,12853,12853,12853,4
2020-10-23,16:05:15,12853,12853,12853,2
2020-10-23,16:05:15,12853,12853,12853,2
2020-10-23,16:05:16,12853,12853,12853,2
2020-10-23,16:05:16,12853,12853,12853,2
2020-10-23,16:05:16,12853,12853,12853,2
2020-10-23,16:05:16,12853,12853,12853,2
2020-10-23,16:05:16,12853,12853,12853,2
2020-10-23,16:05:16,12853,12853,12853,2
2020-10-23,16:05:16,12853,12853,12853,4
2020-10-23,16:05:16,12853,12853,12853,4
2020-10-23,16:05:16,12854,12854,12854,2
2020-10-23,16:05:16,12854,12854,12854,8
2020-10-23,16:05:16,12854,12854,12854,2
2020-10-23,16:05:16,12854,12854,12854,2
2020-10-23,16:05:16,12854,12854,12854,2
2020-10-23,16:05:16,12854,12854,12854,2
2020-10-23,16:05:16,12854,12854,12854,2
2020-10-23,16:05:16,12854,12854,12854,2
2020-10-23,16:05:16,12854,12854,12854,2
2020-10-23,16:05:16,12854,12854,12854,2
2020-10-23,16:05:16,12854,12854,12854,2
2020-10-23,16:05:16,12854,12854,12854,2
2020-10-23,16:05:16,12854,12854,12854,2
2020-10-23,16:05:16,12854,12854,12854,2
2020-10-23,16:05:16,12854,12854,12854,2
2020-10-23,16:05:16,12854,12854,12854,2
2020-10-23,16:05:16,12854,12854,12854,2
2020-10-23,16:05:16,12855,12855,12855,2
2020-10-23,16:05:16,12855,12855,12855,2
2020-10-23,16:05:16,12855,12855,12855,12
2020-10-23,16:05:16,12855,12855,12855,12
2020-10-23,16:05:16,12855,12855,12855,8
2020-10-23,16:05:16,12855,12855,12855,2
2020-10-23,16:05:16,12855,12855,12855,2
2020-10-23,16:05:16,12855,12855,12855,16
2020-10-23,16:05:16,12855,12855,12855,2
2020-10-23,16:05:16,12855,12855,12855,2
2020-10-23,16:05:16,12855,12855,12855,12
2020-10-23,16:05:16,12855,12855,12855,2
2020-10-23,16:05:16,12855,12855,12855,2
2020-10-23,16:05:16,12855,12855,12855,2
2020-10-23,16:05:17,12855,12855,12855,2
2020-10-23,16:05:17,12855,12855,12855,2
2020-10-23,16:05:17,12855,12855,12855,2
2020-10-23,16:05:17,12855,12855,12855,2
2020-10-23,16:05:17,12855,12855,12855,2
2020-10-23,16:05:17,12855,12855,12855,2
2020-10-23,16:05:17,12854,12854,12854,2
2020-10-23,16:05:17,12854,12854,12854,2
2020-10-23,16:05:17,12854,12854,12854,2
2020-10-23,16:05:17,12854,12854,12854,2
2020-10-23,16:05:17,12854,12854,12854,2
2020-10-23,16:05:17,12854,12854,12854,2
2020-10-23,16:05:17,12854,12854,12854,2
2020-10-23,16:05:17,12854,12854,12854,2
2020-10-23,16:05:18,12854,12854,12854,2
2020-10-23,16:05:18,12854,12854,12854,2
2020-10-23,16:05:18,12854,12854,12854,2
2020-10-23,16:05:19,12853,12853,12853,2
2020-10-23,16:05:19,12854,12854,12854,2
2020-10-23,16:05:21,12854,12854,12854,4
2020-10-23,16:05:21,12854,12854,12854,2
2020-10-23,16:05:22,12854,12854,12854,2
2020-10-23,16:05:23,12855,12855,12855,2
2020-10-23,16:05:23,12855,12855,12855,2
2020-10-23,16:05:24,12855,12855,12855,2
2020-10-23,16:05:26,12854,12854,12854,2
2020-10-23,16:05:26,12854,12854,12854,2
2020-10-23,16:05:27,12854,12854,12854,2
2020-10-23,16:05:28,12853,12853,12853,2
2020-10-23,16:05:34,12854,12854,12854,8
2020-10-23,16:05:34,12854,12854,12854,2
2020-10-23,16:05:36,12854,12854,12854,2
2020-10-23,16:05:37,12854,12854,12854,2
2020-10-23,16:05:39,12854,12854,12854,4
2020-10-23,16:05:39,12854,12854,12854,2
2020-10-23,16:05:40,12853,12853,12853,2
2020-10-23,16:05:41,12853,12853,12853,2
2020-10-23,16:05:41,12853,12853,12853,2
2020-10-23,16:05:41,12853,12853,12853,2
2020-10-23,16:05:41,12853,12853,12853,2
2020-10-23,16:05:41,12853,12853,12853,6
2020-10-23,16:05:41,12853,12853,12853,2
2020-10-23,16:05:41,12853,12853,12853,2
2020-10-23,16:05:41,12853,12853,12853,2
2020-10-23,16:05:42,12853,12853,12853,2
2020-10-23,16:05:42,12853,12853,12853,4
2020-10-23,16:05:43,12853,12853,12853,2
2020-10-23,16:05:44,12852,12852,12852,2
2020-10-23,16:05:45,12852,12852,12852,2
2020-10-23,16:05:59,12852,12852,12852,6
2020-10-23,16:06:00,12852,12852,12852,2
2020-10-23,16:06:00,12852,12852,12852,2
2020-10-23,16:06:00,12851,12851,12851,2
2020-10-23,16:06:00,12851,12851,12851,2
2020-10-23,16:06:01,12853,12853,12853,2
2020-10-23,16:06:06,12852,12852,12852,2
2020-10-23,16:06:08,12853,12853,12853,2
2020-10-23,16:06:08,12853,12853,12853,16
2020-10-23,16:06:08,12853,12853,12853,8
2020-10-23,16:06:09,12853,12853,12853,2
2020-10-23,16:06:10,12854,12854,12854,2
2020-10-23,16:06:10,12854,12854,12854,2
2020-10-23,16:06:10,12854,12854,12854,2
2020-10-23,16:06:12,12853,12853,12853,2
2020-10-23,16:06:12,12853,12853,12853,4
2020-10-23,16:06:13,12852,12852,12852,2
2020-10-23,16:06:15,12854,12854,12854,2
2020-10-23,16:06:15,12852,12852,12852,2
2020-10-23,16:06:19,12852,12852,12852,2
2020-10-23,16:06:21,12853,12853,12853,2
2020-10-23,16:06:28,12853,12853,12853,2
2020-10-23,16:06:36,12853,12853,12853,2
2020-10-23,16:06:36,12853,12853,12853,6
2020-10-23,16:06:36,12853,12853,12853,4
2020-10-23,16:06:56,12853,12853,12853,2
2020-10-23,16:06:58,12853,12853,12853,2
2020-10-23,16:07:00,12853,12853,12853,2
2020-10-23,16:07:01,12853,12853,12853,12
2020-10-23,16:07:01,12853,12853,12853,2
2020-10-23,16:07:06,12852,12852,12852,2
2020-10-23,16:07:06,12852,12852,12852,2
2020-10-23,16:07:06,12852,12852,12852,2
2020-10-23,16:07:06,12852,12852,12852,2
2020-10-23,16:07:06,12852,12852,12852,2
2020-10-23,16:07:06,12852,12852,12852,2
2020-10-23,16:07:06,12852,12852,12852,2
2020-10-23,16:07:06,12852,12852,12852,4
2020-10-23,16:07:06,12852,12852,12852,2
2020-10-23,16:07:06,12852,12852,12852,2
2020-10-23,16:07:06,12852,12852,12852,8
2020-10-23,16:07:06,12852,12852,12852,2
2020-10-23,16:07:07,12852,12852,12852,2
2020-10-23,16:07:07,12851,12851,12851,8
2020-10-23,16:07:07,12851,12851,12851,2
2020-10-23,16:07:07,12851,12851,12851,4
2020-10-23,16:07:07,12851,12851,12851,2
2020-10-23,16:07:07,12851,12851,12851,2
2020-10-23,16:07:07,12851,12851,12851,8
2020-10-23,16:07:07,12851,12851,12851,2
2020-10-23,16:07:07,12851,12851,12851,10
2020-10-23,16:07:09,12852,12852,12852,2
2020-10-23,16:07:09,12852,12852,12852,2
2020-10-23,16:07:32,12851,12851,12851,2
2020-10-23,16:07:32,12851,12851,12851,4
2020-10-23,16:07:32,12851,12851,12851,2
2020-10-23,16:07:32,12851,12851,12851,4
2020-10-23,16:07:32,12851,12851,12851,2
2020-10-23,16:07:36,12851,12851,12851,2
2020-10-23,16:07:41,12851,12851,12851,2
2020-10-23,16:07:41,12851,12851,12851,2
2020-10-23,16:07:47,12850,12850,12850,4
2020-10-23,16:07:51,12851,12851,12851,2
2020-10-23,16:08:10,12851,12851,12851,2
2020-10-23,16:08:10,12852,12852,12852,2
2020-10-23,16:08:24,12851,12851,12851,2
2020-10-23,16:08:26,12851,12851,12851,2
2020-10-23,16:08:26,12851,12851,12851,2
2020-10-23,16:08:57,12850,12850,12850,2
2020-10-23,16:08:59,12850,12850,12850,2
2020-10-23,16:08:59,12850,12850,12850,2
2020-10-23,16:08:59,12850,12850,12850,4
2020-10-23,16:08:59,12850,12850,12850,4
2020-10-23,16:08:59,12850,12850,12850,6
2020-10-23,16:08:59,12850,12850,12850,2
2020-10-23,16:08:59,12850,12850,12850,4
2020-10-23,16:08:59,12850,12850,12850,6
2020-10-23,16:08:59,12850,12850,12850,2
2020-10-23,16:08:59,12850,12850,12850,2
2020-10-23,16:09:00,12849,12849,12849,2
2020-10-23,16:09:02,12849,12849,12849,2
2020-10-23,16:09:08,12849,12849,12849,2
2020-10-23,16:09:22,12850,12850,12850,2
2020-10-23,16:09:28,12850,12850,12850,2
2020-10-23,16:09:29,12849,12849,12849,4
2020-10-23,16:09:29,12849,12849,12849,2
2020-10-23,16:09:29,12849,12849,12849,2
2020-10-23,16:09:29,12849,12849,12849,2
2020-10-23,16:09:35,12849,12849,12849,2
2020-10-23,16:09:40,12850,12850,12850,8
2020-10-23,16:09:41,12850,12850,12850,2
2020-10-23,16:09:42,12850,12850,12850,8
2020-10-23,16:09:42,12850,12850,12850,2
2020-10-23,16:09:42,12850,12850,12850,2
2020-10-23,16:09:43,12849,12849,12849,2
2020-10-23,16:09:54,12849,12849,12849,4
2020-10-23,16:09:54,12849,12849,12849,2
2020-10-23,16:09:54,12849,12849,12849,2
2020-10-23,16:09:54,12849,12849,12849,2
2020-10-23,16:09:58,12849,12849,12849,2
2020-10-23,16:10:02,12848,12848,12848,2
2020-10-23,16:10:02,12848,12848,12848,10
2020-10-23,16:10:02,12849,12849,12849,4
2020-10-23,16:10:02,12848,12848,12848,2
2020-10-23,16:10:05,12849,12849,12849,2
2020-10-23,16:10:05,12848,12848,12848,8
2020-10-23,16:10:05,12848,12848,12848,2
2020-10-23,16:10:05,12848,12848,12848,2
2020-10-23,16:10:05,12848,12848,12848,2
2020-10-23,16:10:05,12848,12848,12848,2
2020-10-23,16:10:05,12848,12848,12848,2
2020-10-23,16:10:05,12848,12848,12848,2
2020-10-23,16:10:07,12849,12849,12849,4
2020-10-23,16:10:08,12848,12848,12848,2
2020-10-23,16:10:10,12848,12848,12848,6
2020-10-23,16:10:10,12848,12848,12848,2
2020-10-23,16:10:10,12848,12848,12848,2
2020-10-23,16:10:16,12848,12848,12848,2
2020-10-23,16:10:18,12848,12848,12848,2
2020-10-23,16:10:23,12848,12848,12848,2
2020-10-23,16:10:23,12848,12848,12848,2
2020-10-23,16:10:27,12848,12848,12848,2
2020-10-23,16:10:46,12849,12849,12849,2
2020-10-23,16:10:46,12849,12849,12849,10
2020-10-23,16:10:58,12850,12850,12850,2
2020-10-23,16:10:58,12850,12850,12850,2
2020-10-23,16:11:00,12850,12850,12850,2
2020-10-23,16:11:04,12850,12850,12850,2
2020-10-23,16:11:51,12851,12851,12851,10
2020-10-23,16:11:57,12852,12852,12852,8
2020-10-23,16:11:57,12852,12852,12852,10
2020-10-23,16:11:59,12852,12852,12852,2
2020-10-23,16:12:03,12852,12852,12852,2
2020-10-23,16:12:03,12853,12853,12853,4
2020-10-23,16:12:05,12853,12853,12853,2
2020-10-23,16:12:06,12853,12853,12853,2
2020-10-23,16:12:13,12853,12853,12853,8
2020-10-23,16:12:13,12853,12853,12853,2
2020-10-23,16:12:20,12853,12853,12853,8
2020-10-23,16:12:20,12853,12853,12853,4
2020-10-23,16:12:20,12853,12853,12853,8
2020-10-23,16:12:22,12854,12854,12854,2
2020-10-23,16:12:22,12854,12854,12854,2
2020-10-23,16:12:27,12854,12854,12854,4
2020-10-23,16:12:27,12854,12854,12854,10
2020-10-23,16:12:27,12854,12854,12854,26
2020-10-23,16:12:27,12854,12854,12854,24
2020-10-23,16:12:27,12854,12854,12854,10
2020-10-23,16:12:27,12854,12854,12854,2
2020-10-23,16:12:27,12854,12854,12854,4
2020-10-23,16:12:27,12854,12854,12854,2
2020-10-23,16:12:28,12854,12854,12854,2
2020-10-23,16:12:28,12853,12853,12853,2
2020-10-23,16:12:32,12853,12853,12853,2
2020-10-23,16:12:40,12853,12853,12853,4
2020-10-23,16:12:40,12853,12853,12853,6
2020-10-23,16:12:42,12852,12852,12852,2
2020-10-23,16:12:43,12853,12853,12853,2
2020-10-23,16:12:46,12853,12853,12853,6
2020-10-23,16:12:46,12853,12853,12853,2
2020-10-23,16:13:00,12853,12853,12853,2
2020-10-23,16:13:02,12853,12853,12853,6
2020-10-23,16:13:05,12853,12853,12853,2
2020-10-23,16:13:05,12853,12853,12853,2
2020-10-23,16:13:05,12853,12853,12853,2
2020-10-23,16:13:05,12853,12853,12853,4
2020-10-23,16:13:05,12853,12853,12853,14
2020-10-23,16:13:09,12853,12853,12853,2
2020-10-23,16:13:09,12853,12853,12853,4
2020-10-23,16:13:09,12853,12853,12853,8
2020-10-23,16:13:09,12853,12853,12853,2
2020-10-23,16:13:09,12853,12853,12853,4
2020-10-23,16:13:14,12853,12853,12853,10
2020-10-23,16:13:16,12853,12853,12853,2
2020-10-23,16:13:19,12853,12853,12853,2
2020-10-23,16:13:30,12853,12853,12853,2
2020-10-23,16:13:34,12853,12853,12853,6
2020-10-23,16:13:36,12852,12852,12852,2
2020-10-23,16:13:36,12852,12852,12852,6
2020-10-23,16:13:36,12852,12852,12852,2
2020-10-23,16:13:36,12852,12852,12852,2
2020-10-23,16:13:36,12852,12852,12852,4
2020-10-23,16:13:36,12852,12852,12852,2
2020-10-23,16:13:39,12852,12852,12852,2
2020-10-23,16:14:05,12852,12852,12852,2
2020-10-23,16:14:05,12851,12851,12851,2
2020-10-23,16:14:06,12852,12852,12852,2
2020-10-23,16:14:17,12851,12851,12851,2
2020-10-23,16:14:17,12851,12851,12851,2
2020-10-23,16:14:17,12851,12851,12851,2
2020-10-23,16:14:18,12851,12851,12851,2
2020-10-23,16:14:20,12851,12851,12851,8
2020-10-23,16:14:40,12851,12851,12851,2
2020-10-23,16:14:40,12852,12852,12852,2
2020-10-23,16:14:45,12852,12852,12852,10
2020-10-23,16:14:56,12851,12851,12851,2
2020-10-23,16:15:08,12851,12851,12851,2
2020-10-23,16:15:08,12851,12851,12851,2
2020-10-23,16:15:39,12852,12852,12852,2
2020-10-23,16:15:39,12852,12852,12852,2
2020-10-23,16:15:39,12852,12852,12852,10
2020-10-23,16:15:40,12852,12852,12852,2
2020-10-23,16:15:45,12853,12853,12853,2
2020-10-23,16:15:47,12853,12853,12853,2
2020-10-23,16:15:52,12853,12853,12853,4
2020-10-23,16:15:57,12852,12852,12852,2
2020-10-23,16:15:58,12854,12854,12854,2
2020-10-23,16:16:01,12854,12854,12854,2
2020-10-23,16:16:01,12854,12854,12854,2
2020-10-23,16:16:02,12853,12853,12853,4
2020-10-23,16:16:02,12854,12854,12854,2
2020-10-23,16:16:05,12853,12853,12853,2
2020-10-23,16:16:06,12854,12854,12854,2
2020-10-23,16:16:15,12854,12854,12854,28
2020-10-23,16:16:15,12854,12854,12854,2
2020-10-23,16:16:15,12853,12853,12853,2
2020-10-23,16:16:18,12854,12854,12854,2
2020-10-23,16:16:20,12853,12853,12853,2
2020-10-23,16:16:20,12854,12854,12854,2
2020-10-23,16:16:20,12854,12854,12854,2
2020-10-23,16:16:25,12853,12853,12853,2
2020-10-23,16:16:25,12852,12852,12852,2
2020-10-23,16:16:25,12852,12852,12852,2
2020-10-23,16:16:25,12852,12852,12852,2
2020-10-23,16:16:25,12852,12852,12852,2
2020-10-23,16:16:38,12852,12852,12852,2
2020-10-23,16:16:38,12851,12851,12851,8
2020-10-23,16:16:40,12851,12851,12851,2
2020-10-23,16:16:40,12851,12851,12851,2
2020-10-23,16:16:40,12851,12851,12851,2
2020-10-23,16:16:40,12851,12851,12851,2
2020-10-23,16:16:40,12851,12851,12851,2
2020-10-23,16:16:40,12853,12853,12853,2
2020-10-23,16:16:59,12852,12852,12852,2
2020-10-23,16:17:11,12852,12852,12852,2
2020-10-23,16:18:02,12852,12852,12852,6
2020-10-23,16:18:05,12852,12852,12852,2
2020-10-23,16:18:05,12852,12852,12852,6
2020-10-23,16:18:06,12852,12852,12852,2
2020-10-23,16:18:06,12852,12852,12852,6
2020-10-23,16:18:09,12852,12852,12852,2
2020-10-23,16:18:09,12852,12852,12852,2
2020-10-23,16:18:09,12852,12852,12852,6
2020-10-23,16:18:31,12851,12851,12851,2
2020-10-23,16:18:33,12851,12851,12851,2
2020-10-23,16:18:41,12852,12852,12852,2
2020-10-23,16:18:41,12852,12852,12852,2
2020-10-23,16:19:02,12852,12852,12852,2
2020-10-23,16:19:38,12851,12851,12851,2
2020-10-23,16:19:59,12851,12851,12851,2
2020-10-23,16:19:59,12851,12851,12851,2
2020-10-23,16:19:59,12851,12851,12851,6
2020-10-23,16:19:59,12851,12851,12851,2
2020-10-23,16:19:59,12851,12851,12851,2
2020-10-23,16:19:59,12851,12851,12851,2
2020-10-23,16:20:02,12851,12851,12851,4
2020-10-23,16:20:22,12851,12851,12851,4
2020-10-23,16:20:46,12850,12850,12850,2
2020-10-23,16:21:00,12850,12850,12850,2
2020-10-23,16:21:02,12851,12851,12851,8
2020-10-23,16:21:03,12851,12851,12851,2
2020-10-23,16:21:04,12851,12851,12851,2
2020-10-23,16:21:04,12851,12851,12851,2
2020-10-23,16:21:37,12852,12852,12852,2
2020-10-23,16:21:55,12851,12851,12851,2
2020-10-23,16:22:02,12852,12852,12852,20
2020-10-23,16:22:10,12851,12851,12851,2
2020-10-23,16:22:18,12852,12852,12852,2
2020-10-23,16:22:24,12852,12852,12852,2
2020-10-23,16:22:27,12851,12851,12851,2
2020-10-23,16:22:28,12852,12852,12852,2
2020-10-23,16:22:41,12851,12851,12851,2
2020-10-23,16:22:44,12851,12851,12851,2
2020-10-23,16:23:10,12851,12851,12851,2
2020-10-23,16:23:10,12851,12851,12851,2
2020-10-23,16:23:10,12851,12851,12851,2
2020-10-23,16:23:10,12851,12851,12851,2
2020-10-23,16:23:11,12851,12851,12851,2
2020-10-23,16:23:11,12850,12850,12850,2
2020-10-23,16:23:11,12850,12850,12850,8
2020-10-23,16:23:11,12850,12850,12850,2
2020-10-23,16:23:11,12850,12850,12850,2
2020-10-23,16:23:11,12850,12850,12850,2
2020-10-23,16:23:11,12850,12850,12850,2
2020-10-23,16:23:11,12850,12850,12850,2
2020-10-23,16:23:11,12850,12850,12850,2
2020-10-23,16:23:11,12850,12850,12850,2
2020-10-23,16:23:11,12850,12850,12850,2
2020-10-23,16:23:11,12850,12850,12850,2
2020-10-23,16:23:11,12850,12850,12850,2
2020-10-23,16:23:11,12850,12850,12850,2
2020-10-23,16:23:14,12851,12851,12851,2
2020-10-23,16:23:29,12850,12850,12850,2
2020-10-23,16:23:29,12850,12850,12850,2
2020-10-23,16:23:42,12850,12850,12850,2
2020-10-23,16:23:42,12850,12850,12850,2
2020-10-23,16:24:02,12849,12849,12849,2
2020-10-23,16:24:02,12849,12849,12849,2
2020-10-23,16:24:02,12849,12849,12849,2
2020-10-23,16:24:02,12849,12849,12849,2
2020-10-23,16:24:04,12848,12848,12848,2
2020-10-23,16:24:04,12848,12848,12848,2
2020-10-23,16:24:21,12848,12848,12848,2
2020-10-23,16:24:21,12848,12848,12848,2
2020-10-23,16:24:27,12848,12848,12848,2
2020-10-23,16:24:33,12849,12849,12849,2
2020-10-23,16:24:33,12849,12849,12849,2
2020-10-23,16:24:33,12849,12849,12849,2
2020-10-23,16:24:33,12849,12849,12849,2
2020-10-23,16:24:33,12850,12850,12850,2
2020-10-23,16:24:33,12850,12850,12850,2
2020-10-23,16:24:33,12850,12850,12850,2
2020-10-23,16:24:33,12850,12850,12850,2
2020-10-23,16:24:41,12849,12849,12849,2
2020-10-23,16:24:49,12850,12850,12850,2
2020-10-23,16:24:56,12849,12849,12849,2
2020-10-23,16:25:01,12849,12849,12849,2
2020-10-23,16:25:01,12848,12848,12848,2
2020-10-23,16:25:01,12848,12848,12848,2
2020-10-23,16:25:01,12848,12848,12848,6
2020-10-23,16:25:01,12848,12848,12848,2
2020-10-23,16:25:01,12848,12848,12848,2
2020-10-23,16:25:02,12848,12848,12848,4
2020-10-23,16:25:02,12848,12848,12848,2
2020-10-23,16:25:02,12849,12849,12849,2
2020-10-23,16:25:28,12850,12850,12850,8
2020-10-23,16:25:28,12850,12850,12850,6
2020-10-23,16:25:28,12850,12850,12850,10
2020-10-23,16:25:40,12850,12850,12850,2
2020-10-23,16:25:45,12849,12849,12849,2
2020-10-23,16:26:02,12849,12849,12849,2
2020-10-23,16:26:09,12849,12849,12849,2
2020-10-23,16:26:12,12849,12849,12849,2
2020-10-23,16:26:16,12850,12850,12850,2
2020-10-23,16:26:16,12850,12850,12850,4
2020-10-23,16:26:28,12850,12850,12850,2
2020-10-23,16:26:54,12850,12850,12850,4
2020-10-23,16:26:54,12850,12850,12850,6
2020-10-23,16:26:57,12849,12849,12849,2
2020-10-23,16:27:12,12850,12850,12850,6
2020-10-23,16:27:12,12849,12849,12849,2
2020-10-23,16:27:13,12851,12851,12851,6
2020-10-23,16:27:13,12851,12851,12851,6
2020-10-23,16:27:17,12851,12851,12851,2
2020-10-23,16:27:17,12851,12851,12851,2
2020-10-23,16:27:17,12851,12851,12851,2
2020-10-23,16:27:17,12851,12851,12851,2
2020-10-23,16:27:30,12849,12849,12849,2
2020-10-23,16:27:48,12849,12849,12849,2
2020-10-23,16:27:48,12849,12849,12849,2
2020-10-23,16:28:14,12849,12849,12849,2
2020-10-23,16:28:30,12850,12850,12850,6
2020-10-23,16:28:30,12850,12850,12850,2
2020-10-23,16:28:30,12851,12851,12851,4
2020-10-23,16:28:30,12851,12851,12851,2
2020-10-23,16:29:43,12849,12849,12849,2
2020-10-23,16:29:43,12849,12849,12849,4
2020-10-23,16:29:56,12849,12849,12849,6
2020-10-23,16:29:56,12849,12849,12849,6
2020-10-23,16:29:56,12849,12849,12849,2
2020-10-23,16:29:56,12849,12849,12849,2
2020-10-23,16:30:00,12850,12850,12850,2
2020-10-23,16:30:05,12849,12849,12849,4
2020-10-23,16:30:07,12850,12850,12850,4
2020-10-23,16:30:08,12849,12849,12849,2
2020-10-23,16:30:13,12849,12849,12849,2
2020-10-23,16:30:24,12849,12849,12849,8
2020-10-23,16:30:24,12849,12849,12849,22
2020-10-23,16:30:33,12848,12848,12848,2
2020-10-23,16:30:33,12848,12848,12848,2
2020-10-23,16:30:33,12848,12848,12848,2
2020-10-23,16:30:33,12848,12848,12848,2
2020-10-23,16:30:33,12848,12848,12848,2
2020-10-23,16:30:33,12848,12848,12848,2
2020-10-23,16:30:33,12848,12848,12848,2
2020-10-23,16:30:33,12848,12848,12848,2
2020-10-23,16:30:33,12848,12848,12848,2
2020-10-23,16:30:50,12847,12847,12847,2
2020-10-23,16:30:50,12848,12848,12848,2
2020-10-23,16:30:51,12847,12847,12847,2
2020-10-23,16:30:54,12849,12849,12849,2
2020-10-23,16:31:18,12848,12848,12848,2
2020-10-23,16:31:29,12847,12847,12847,2
2020-10-23,16:31:32,12847,12847,12847,2
2020-10-23,16:31:49,12848,12848,12848,2
2020-10-23,16:31:51,12847,12847,12847,2
2020-10-23,16:31:51,12847,12847,12847,2
2020-10-23,16:31:51,12847,12847,12847,2
2020-10-23,16:31:51,12847,12847,12847,4
2020-10-23,16:31:51,12847,12847,12847,2
2020-10-23,16:31:51,12847,12847,12847,2
2020-10-23,16:31:51,12847,12847,12847,2
2020-10-23,16:31:51,12847,12847,12847,2
2020-10-23,16:31:51,12847,12847,12847,2
2020-10-23,16:31:51,12847,12847,12847,8
2020-10-23,16:31:51,12847,12847,12847,2
2020-10-23,16:31:51,12847,12847,12847,2
2020-10-23,16:31:51,12847,12847,12847,2
2020-10-23,16:31:51,12847,12847,12847,2
2020-10-23,16:31:57,12846,12846,12846,4
2020-10-23,16:31:59,12847,12847,12847,2
2020-10-23,16:31:59,12846,12846,12846,2
2020-10-23,16:32:02,12846,12846,12846,2
2020-10-23,16:32:02,12846,12846,12846,2
2020-10-23,16:32:09,12847,12847,12847,2
2020-10-23,16:32:10,12846,12846,12846,2
2020-10-23,16:32:14,12847,12847,12847,2
2020-10-23,16:32:15,12847,12847,12847,12
2020-10-23,16:32:19,12847,12847,12847,2
2020-10-23,16:32:21,12847,12847,12847,2
2020-10-23,16:32:21,12848,12848,12848,2
2020-10-23,16:32:31,12848,12848,12848,2
2020-10-23,16:32:45,12848,12848,12848,4
2020-10-23,16:32:45,12848,12848,12848,32
2020-10-23,16:32:53,12847,12847,12847,2
2020-10-23,16:33:04,12848,12848,12848,2
2020-10-23,16:33:05,12848,12848,12848,2
2020-10-23,16:33:07,12848,12848,12848,2
2020-10-23,16:33:10,12848,12848,12848,2
2020-10-23,16:33:10,12847,12847,12847,2
2020-10-23,16:33:28,12847,12847,12847,2
2020-10-23,16:33:37,12847,12847,12847,2
2020-10-23,16:33:37,12847,12847,12847,2
2020-10-23,16:33:43,12847,12847,12847,2
2020-10-23,16:33:48,12847,12847,12847,2
2020-10-23,16:33:48,12847,12847,12847,2
2020-10-23,16:33:48,12847,12847,12847,2
2020-10-23,16:33:50,12847,12847,12847,2
2020-10-23,16:35:19,12847,12847,12847,18
2020-10-23,16:35:42,12847,12847,12847,2
2020-10-23,16:35:49,12847,12847,12847,2
2020-10-23,16:35:49,12847,12847,12847,2
2020-10-23,16:35:49,12847,12847,12847,2
2020-10-23,16:35:49,12847,12847,12847,2
2020-10-23,16:35:49,12847,12847,12847,2
2020-10-23,16:35:50,12847,12847,12847,2
2020-10-23,16:35:50,12847,12847,12847,2
2020-10-23,16:36:02,12847,12847,12847,2
2020-10-23,16:36:02,12847,12847,12847,4
2020-10-23,16:36:03,12847,12847,12847,2
2020-10-23,16:36:04,12847,12847,12847,2
2020-10-23,16:36:09,12847,12847,12847,2
2020-10-23,16:37:02,12847,12847,12847,2
2020-10-23,16:37:30,12847,12847,12847,36
2020-10-23,16:37:31,12847,12847,12847,2
2020-10-23,16:37:31,12847,12847,12847,2
2020-10-23,16:37:32,12847,12847,12847,2
2020-10-23,16:37:38,12847,12847,12847,8
2020-10-23,16:37:38,12847,12847,12847,2
2020-10-23,16:37:41,12847,12847,12847,4
2020-10-23,16:37:46,12846,12846,12846,2
2020-10-23,16:37:52,12847,12847,12847,2
2020-10-23,16:37:59,12847,12847,12847,2
2020-10-23,16:38:01,12847,12847,12847,2
2020-10-23,16:38:01,12848,12848,12848,2
2020-10-23,16:38:25,12847,12847,12847,4
2020-10-23,16:39:20,12847,12847,12847,2
2020-10-23,16:39:26,12847,12847,12847,2
2020-10-23,16:39:26,12847,12847,12847,2
2020-10-23,16:39:26,12847,12847,12847,4
2020-10-23,16:39:31,12847,12847,12847,2
2020-10-23,16:39:32,12846,12846,12846,2
2020-10-23,16:39:32,12846,12846,12846,4
2020-10-23,16:39:42,12846,12846,12846,4
2020-10-23,16:39:43,12847,12847,12847,10
2020-10-23,16:40:20,12847,12847,12847,2
2020-10-23,16:40:23,12847,12847,12847,2
2020-10-23,16:40:41,12847,12847,12847,2
2020-10-23,16:40:44,12847,12847,12847,2
2020-10-23,16:41:01,12848,12848,12848,4
2020-10-23,16:41:13,12848,12848,12848,4
2020-10-23,16:41:21,12848,12848,12848,2
2020-10-23,16:41:21,12848,12848,12848,10
2020-10-23,16:41:21,12848,12848,12848,6
2020-10-23,16:41:21,12848,12848,12848,4
2020-10-23,16:41:21,12848,12848,12848,4
2020-10-23,16:41:21,12848,12848,12848,22
2020-10-23,16:41:40,12849,12849,12849,2
2020-10-23,16:41:41,12848,12848,12848,2
2020-10-23,16:41:57,12848,12848,12848,2
2020-10-23,16:41:57,12848,12848,12848,4
2020-10-23,16:41:57,12848,12848,12848,2
2020-10-23,16:41:57,12848,12848,12848,2
2020-10-23,16:42:13,12848,12848,12848,2
2020-10-23,16:42:19,12848,12848,12848,2
2020-10-23,16:42:25,12848,12848,12848,10
2020-10-23,16:43:47,12848,12848,12848,2
2020-10-23,16:43:47,12848,12848,12848,2
2020-10-23,16:43:58,12848,12848,12848,2
2020-10-23,16:44:03,12848,12848,12848,2
2020-10-23,16:44:16,12847,12847,12847,2
2020-10-23,16:44:30,12847,12847,12847,2
2020-10-23,16:44:42,12848,12848,12848,2
2020-10-23,16:44:45,12847,12847,12847,8
2020-10-23,16:44:45,12847,12847,12847,2
2020-10-23,16:44:45,12847,12847,12847,2
2020-10-23,16:44:45,12847,12847,12847,2
2020-10-23,16:44:54,12847,12847,12847,10
2020-10-23,16:46:15,12847,12847,12847,2
2020-10-23,16:46:16,12846,12846,12846,6
2020-10-23,16:46:16,12846,12846,12846,2
2020-10-23,16:46:16,12846,12846,12846,2
2020-10-23,16:46:16,12846,12846,12846,2
2020-10-23,16:46:16,12846,12846,12846,2
2020-10-23,16:46:16,12846,12846,12846,2
2020-10-23,16:46:16,12846,12846,12846,2
2020-10-23,16:46:16,12846,12846,12846,2
2020-10-23,16:46:16,12846,12846,12846,2
2020-10-23,16:46:16,12846,12846,12846,2
2020-10-23,16:46:16,12846,12846,12846,2
2020-10-23,16:46:16,12846,12846,12846,2
2020-10-23,16:46:16,12846,12846,12846,2
2020-10-23,16:46:16,12846,12846,12846,2
2020-10-23,16:46:16,12846,12846,12846,2
2020-10-23,16:46:17,12845,12845,12845,2
2020-10-23,16:46:17,12845,12845,12845,2
2020-10-23,16:46:19,12845,12845,12845,2
2020-10-23,16:46:19,12845,12845,12845,2
2020-10-23,16:46:19,12845,12845,12845,2
2020-10-23,16:46:19,12845,12845,12845,2
2020-10-23,16:46:19,12845,12845,12845,2
2020-10-23,16:46:19,12845,12845,12845,2
2020-10-23,16:46:19,12845,12845,12845,4
2020-10-23,16:46:19,12845,12845,12845,2
2020-10-23,16:46:19,12845,12845,12845,8
2020-10-23,16:46:37,12845,12845,12845,2
2020-10-23,16:46:37,12845,12845,12845,2
2020-10-23,16:46:37,12845,12845,12845,2
2020-10-23,16:46:41,12845,12845,12845,2
2020-10-23,16:46:44,12845,12845,12845,2
2020-10-23,16:46:48,12845,12845,12845,2
2020-10-23,16:46:50,12845,12845,12845,2
2020-10-23,16:46:50,12845,12845,12845,2
2020-10-23,16:46:50,12845,12845,12845,2
2020-10-23,16:46:50,12845,12845,12845,2
2020-10-23,16:46:56,12844,12844,12844,2
2020-10-23,16:46:56,12844,12844,12844,2
2020-10-23,16:46:56,12844,12844,12844,2
2020-10-23,16:46:56,12844,12844,12844,2
2020-10-23,16:46:56,12844,12844,12844,2
2020-10-23,16:46:57,12845,12845,12845,4
2020-10-23,16:46:57,12844,12844,12844,2
2020-10-23,16:47:07,12845,12845,12845,2
2020-10-23,16:47:16,12845,12845,12845,2
2020-10-23,16:47:17,12844,12844,12844,2
2020-10-23,16:47:36,12844,12844,12844,2
2020-10-23,16:47:36,12844,12844,12844,2
2020-10-23,16:47:36,12844,12844,12844,2
2020-10-23,16:47:36,12844,12844,12844,2
2020-10-23,16:47:36,12844,12844,12844,2
2020-10-23,16:47:38,12845,12845,12845,2
2020-10-23,16:47:38,12845,12845,12845,2
2020-10-23,16:47:39,12844,12844,12844,2
2020-10-23,16:47:47,12845,12845,12845,2
2020-10-23,16:47:47,12845,12845,12845,10
2020-10-23,16:47:47,12845,12845,12845,6
2020-10-23,16:47:48,12845,12845,12845,2
2020-10-23,16:47:50,12845,12845,12845,2
2020-10-23,16:48:00,12845,12845,12845,2
2020-10-23,16:48:04,12845,12845,12845,2
2020-10-23,16:48:05,12845,12845,12845,2
2020-10-23,16:48:09,12845,12845,12845,2
2020-10-23,16:48:11,12846,12846,12846,2
2020-10-23,16:48:11,12846,12846,12846,4
2020-10-23,16:48:11,12846,12846,12846,2
2020-10-23,16:48:11,12846,12846,12846,12
2020-10-23,16:48:11,12846,12846,12846,24
2020-10-23,16:48:17,12846,12846,12846,8
2020-10-23,16:48:30,12846,12846,12846,2
2020-10-23,16:48:39,12846,12846,12846,2
2020-10-23,16:48:54,12846,12846,12846,2
2020-10-23,16:49:00,12846,12846,12846,2
2020-10-23,16:49:07,12847,12847,12847,2
2020-10-23,16:49:09,12847,12847,12847,12
2020-10-23,16:49:18,12847,12847,12847,2
2020-10-23,16:49:29,12847,12847,12847,6
2020-10-23,16:49:48,12846,12846,12846,2
2020-10-23,16:50:07,12846,12846,12846,6
2020-10-23,16:50:07,12846,12846,12846,2
2020-10-23,16:50:08,12845,12845,12845,2
2020-10-23,16:50:08,12845,12845,12845,2
2020-10-23,16:50:08,12845,12845,12845,2
2020-10-23,16:50:08,12845,12845,12845,2
2020-10-23,16:50:08,12845,12845,12845,2
2020-10-23,16:50:10,12845,12845,12845,2
2020-10-23,16:50:10,12845,12845,12845,2
2020-10-23,16:50:10,12845,12845,12845,2
2020-10-23,16:50:10,12845,12845,12845,2
2020-10-23,16:50:10,12845,12845,12845,2
2020-10-23,16:50:13,12845,12845,12845,2
2020-10-23,16:50:20,12846,12846,12846,2
2020-10-23,16:50:46,12846,12846,12846,4
2020-10-23,16:50:47,12846,12846,12846,2
2020-10-23,16:50:51,12846,12846,12846,2
2020-10-23,16:51:13,12846,12846,12846,2
2020-10-23,16:51:48,12846,12846,12846,2
2020-10-23,16:52:37,12846,12846,12846,4
2020-10-23,16:52:37,12846,12846,12846,4
2020-10-23,16:52:37,12846,12846,12846,2
2020-10-23,16:52:37,12846,12846,12846,2
2020-10-23,16:52:38,12846,12846,12846,2
