2019-08-01,15:00:00.081000,10634,10635,10634,66
2019-08-01,15:00:00.358000,10634,10635,10635,2
2019-08-01,15:00:00.377000,10634,10635,10634,4
2019-08-01,15:00:00.675000,10634,10635,10635,1
2019-08-01,15:00:00.692000,10634,10635,10635,2
2019-08-01,15:00:00.795000,10634,10635,10635,2
2019-08-01,15:00:00.911000,10634,10635,10634,6
2019-08-01,15:00:01.111000,10633,10634,10633,2
2019-08-01,15:00:01.115000,10633,10634,10633,2
2019-08-01,15:00:01.393000,10633,10634,10633,1
2019-08-01,15:00:01.522000,10633,10634,10633,12
2019-08-01,15:00:01.522000,10633,10634,10632,2
2019-08-01,15:00:01.768000,10632,10633,10633,2
2019-08-01,15:00:02.091000,10633,10634,10633,1
2019-08-01,15:00:02.896000,10632,10634,10632,1
2019-08-01,15:00:03.136000,10633,10634,10633,4
2019-08-01,15:00:03.153000,10633,10634,10632,1
2019-08-01,15:00:03.625000,10632,10633,10632,1
2019-08-01,15:00:03.719000,10632,10633,10633,1
2019-08-01,15:00:03.797000,10632,10634,10633,2
2019-08-01,15:00:03.799000,10632,10634,10633,2
2019-08-01,15:00:03.858000,10632,10634,10632,2
2019-08-01,15:00:03.903000,10632,10634,10632,4
2019-08-01,15:00:04,10632,10634,10632,2
2019-08-01,15:00:04.132000,10632,10634,10632,2
2019-08-01,15:00:04.159000,10632,10634,10632,2
2019-08-01,15:00:04.195000,10632,10634,10632,2
2019-08-01,15:00:04.202000,10632,10634,10632,2
2019-08-01,15:00:04.321000,10632,10633,10633,2
2019-08-01,15:00:04.359000,10632,10633,10632,1
2019-08-01,15:00:04.412000,10632,10633,10632,2
2019-08-01,15:00:04.676000,10632,10633,10633,1
2019-08-01,15:00:06.408000,10632,10633,10633,1
2019-08-01,15:00:06.626000,10632,10633,10632,1
2019-08-01,15:00:06.663000,10632,10633,10632,2
2019-08-01,15:00:07.151000,10631,10633,10631,1
2019-08-01,15:00:08.300000,10632,10633,10632,1
2019-08-01,15:00:08.615000,10632,10633,10632,1
2019-08-01,15:00:08.656000,10632,10633,10632,1
2019-08-01,15:00:09.158000,10632,10633,10633,1
2019-08-01,15:00:09.373000,10632,10633,10632,6
2019-08-01,15:00:09.517000,10631,10632,10631,2
2019-08-01,15:00:09.611000,10631,10632,10632,2
2019-08-01,15:00:10.491000,10631,10632,10631,3
2019-08-01,15:00:10.765000,10631,10632,10631,1
2019-08-01,15:00:11.366000,10631,10632,10631,13
2019-08-01,15:00:11.441000,10631,10632,10630,4
2019-08-01,15:00:11.447000,10631,10632,10630,2
2019-08-01,15:00:11.530000,10630,10631,10630,2
2019-08-01,15:00:11.545000,10630,10631,10630,2
2019-08-01,15:00:11.563000,10630,10631,10630,4
2019-08-01,15:00:11.600000,10630,10631,10630,4
2019-08-01,15:00:11.640000,10630,10631,10630,4
2019-08-01,15:00:11.689000,10630,10631,10630,2
2019-08-01,15:00:11.736000,10630,10631,10630,2
2019-08-01,15:00:12.002000,10630,10631,10630,1
2019-08-01,15:00:12.087000,10630,10631,10630,1
2019-08-01,15:00:12.115000,10630,10631,10630,1
2019-08-01,15:00:12.145000,10630,10631,10630,1
2019-08-01,15:00:12.153000,10630,10631,10631,1
2019-08-01,15:00:12.185000,10630,10631,10630,1
2019-08-01,15:00:12.210000,10630,10631,10630,1
2019-08-01,15:00:12.240000,10630,10631,10630,1
2019-08-01,15:00:12.259000,10630,10631,10630,1
2019-08-01,15:00:12.748000,10630,10631,10630,2
2019-08-01,15:00:13.119000,10630,10631,10630,2
2019-08-01,15:00:13.273000,10630,10631,10630,10
2019-08-01,15:00:13.607000,10630,10631,10631,1
2019-08-01,15:00:14.412000,10630,10631,10631,1
2019-08-01,15:00:14.954000,10630,10631,10630,1
2019-08-01,15:00:15.166000,10630,10631,10630,3
2019-08-01,15:00:15.282000,10630,10631,10631,1
2019-08-01,15:00:16.262000,10630,10631,10631,1
2019-08-01,15:00:17.129000,10630,10631,10631,1
2019-08-01,15:00:17.777000,10630,10631,10630,1
2019-08-01,15:00:18.556000,10630,10631,10630,1
2019-08-01,15:00:19.809000,10630,10631,10631,5
2019-08-01,15:00:19.861000,10630,10631,10631,2
2019-08-01,15:00:20.425000,10630,10631,10630,20
2019-08-01,15:00:20.507000,10630,10631,10630,1
2019-08-01,15:00:20.529000,10630,10631,10630,1
2019-08-01,15:00:20.590000,10630,10631,10630,1
2019-08-01,15:00:20.859000,10629,10631,10631,1
2019-08-01,15:00:20.979000,10629,10631,10631,1
2019-08-01,15:00:21.175000,10629,10630,10629,5
2019-08-01,15:00:21.275000,10629,10630,10630,1
2019-08-01,15:00:21.313000,10629,10630,10629,5
2019-08-01,15:00:21.572000,10629,10630,10629,1
2019-08-01,15:00:21.592000,10629,10630,10630,2
2019-08-01,15:00:21.592000,10629,10630,10631,3
2019-08-01,15:00:21.611000,10629,10630,10630,2
2019-08-01,15:00:21.619000,10629,10630,10630,2
2019-08-01,15:00:21.684000,10629,10630,10630,2
2019-08-01,15:00:21.715000,10629,10630,10630,2
2019-08-01,15:00:22.063000,10629,10631,10630,1
2019-08-01,15:00:22.897000,10630,10631,10630,1
2019-08-01,15:00:22.958000,10630,10631,10630,2
2019-08-01,15:00:23.729000,10630,10631,10631,1
2019-08-01,15:00:24.119000,10630,10631,10630,1
2019-08-01,15:00:24.584000,10630,10631,10630,4
2019-08-01,15:00:24.738000,10630,10631,10630,2
2019-08-01,15:00:25.558000,10630,10631,10630,3
2019-08-01,15:00:25.711000,10629,10630,10630,1
2019-08-01,15:00:26.299000,10629,10630,10630,1
2019-08-01,15:00:27.079000,10629,10630,10630,1
2019-08-01,15:00:27.303000,10629,10630,10630,8
2019-08-01,15:00:27.304000,10629,10630,10630,1
2019-08-01,15:00:27.377000,10630,10631,10630,1
2019-08-01,15:00:27.525000,10629,10630,10630,1
2019-08-01,15:00:27.936000,10629,10630,10629,2
2019-08-01,15:00:28.049000,10629,10630,10630,1
2019-08-01,15:00:31.204000,10629,10630,10630,1
2019-08-01,15:00:31.236000,10629,10630,10630,3
2019-08-01,15:00:31.400000,10629,10631,10630,1
2019-08-01,15:00:31.426000,10629,10631,10630,1
2019-08-01,15:00:32.789000,10630,10631,10631,2
2019-08-01,15:00:33.410000,10630,10631,10630,1
2019-08-01,15:00:33.593000,10630,10631,10630,1
2019-08-01,15:00:33.792000,10630,10631,10631,1
2019-08-01,15:00:34.660000,10630,10631,10630,4
2019-08-01,15:00:34.682000,10630,10631,10630,3
2019-08-01,15:00:34.802000,10630,10631,10630,1
2019-08-01,15:00:35.196000,10630,10631,10631,1
2019-08-01,15:00:35.295000,10630,10631,10630,1
2019-08-01,15:00:36.082000,10630,10631,10631,1
2019-08-01,15:00:37.033000,10630,10631,10630,4
2019-08-01,15:00:37.611000,10630,10631,10631,1
2019-08-01,15:00:38.034000,10630,10631,10631,1
2019-08-01,15:00:39.064000,10630,10631,10630,1
2019-08-01,15:00:39.276000,10630,10631,10630,3
2019-08-01,15:00:39.406000,10630,10631,10631,1
2019-08-01,15:00:46.024000,10630,10631,10631,1
2019-08-01,15:00:46.291000,10630,10631,10631,1
2019-08-01,15:00:46.416000,10630,10631,10631,1
2019-08-01,15:00:46.904000,10630,10631,10631,1
2019-08-01,15:00:46.999000,10630,10631,10630,2
2019-08-01,15:00:47.217000,10630,10631,10631,1
2019-08-01,15:00:47.606000,10630,10631,10630,1
2019-08-01,15:00:48.214000,10630,10631,10630,1
2019-08-01,15:00:48.981000,10630,10631,10631,2
2019-08-01,15:00:50.246000,10630,10631,10631,1
2019-08-01,15:00:52.220000,10630,10631,10630,20
2019-08-01,15:00:52.443000,10630,10631,10631,2
2019-08-01,15:00:52.670000,10630,10631,10631,2
2019-08-01,15:00:53.877000,10630,10631,10631,1
2019-08-01,15:00:55.558000,10630,10631,10631,17
2019-08-01,15:00:56.607000,10631,10632,10631,2
2019-08-01,15:00:57.312000,10631,10632,10631,1
2019-08-01,15:00:57.523000,10631,10632,10631,1
2019-08-01,15:00:57.816000,10631,10632,10632,1
2019-08-01,15:00:58.869000,10631,10632,10632,2
2019-08-01,15:00:58.872000,10631,10632,10632,1
2019-08-01,15:00:58.872000,10631,10632,10632,2
2019-08-01,15:00:58.898000,10631,10632,10632,1
2019-08-01,15:00:58.901000,10631,10632,10632,2
2019-08-01,15:00:58.901000,10631,10632,10632,3
2019-08-01,15:00:58.968000,10631,10632,10632,2
2019-08-01,15:00:58.968000,10631,10632,10632,2
2019-08-01,15:00:58.986000,10631,10632,10632,3
2019-08-01,15:00:59.031000,10631,10632,10632,1
2019-08-01,15:00:59.378000,10632,10633,10632,2
2019-08-01,15:00:59.378000,10632,10633,10631,2
2019-08-01,15:01:01.038000,10631,10632,10631,5
2019-08-01,15:01:01.071000,10631,10632,10631,1
2019-08-01,15:01:01.468000,10631,10632,10631,2
2019-08-01,15:01:01.603000,10631,10632,10632,2
2019-08-01,15:01:02.971000,10631,10632,10631,1
2019-08-01,15:01:03.835000,10631,10632,10632,3
2019-08-01,15:01:03.891000,10631,10632,10632,2
2019-08-01,15:01:03.891000,10631,10632,10632,2
2019-08-01,15:01:03.891000,10631,10632,10632,1
2019-08-01,15:01:03.915000,10631,10632,10632,1
2019-08-01,15:01:03.932000,10631,10632,10632,1
2019-08-01,15:01:04.392000,10631,10632,10631,5
2019-08-01,15:01:06.673000,10631,10632,10631,1
2019-08-01,15:01:07.512000,10631,10632,10631,3
2019-08-01,15:01:07.767000,10631,10632,10631,1
2019-08-01,15:01:09.448000,10631,10632,10631,1
2019-08-01,15:01:10.390000,10631,10632,10631,2
2019-08-01,15:01:10.644000,10631,10632,10631,1
2019-08-01,15:01:10.849000,10631,10632,10632,1
2019-08-01,15:01:11.789000,10631,10632,10631,1
2019-08-01,15:01:13.245000,10631,10632,10631,1
2019-08-01,15:01:14.658000,10631,10632,10632,1
2019-08-01,15:01:18.323000,10631,10632,10631,2
2019-08-01,15:01:19.097000,10631,10632,10632,3
2019-08-01,15:01:20.027000,10631,10632,10632,1
2019-08-01,15:01:20.268000,10631,10632,10632,1
2019-08-01,15:01:20.819000,10631,10632,10631,5
2019-08-01,15:01:21.379000,10631,10632,10631,1
2019-08-01,15:01:21.697000,10631,10632,10631,1
2019-08-01,15:01:21.943000,10631,10632,10631,1
2019-08-01,15:01:22.325000,10631,10632,10631,1
2019-08-01,15:01:22.595000,10631,10632,10632,5
2019-08-01,15:01:22.631000,10631,10632,10631,1
2019-08-01,15:01:23.425000,10631,10632,10631,1
2019-08-01,15:01:23.967000,10631,10632,10632,1
2019-08-01,15:01:25.590000,10631,10632,10631,2
2019-08-01,15:01:26.091000,10631,10632,10632,5
2019-08-01,15:01:28.280000,10631,10632,10632,1
2019-08-01,15:01:30.798000,10631,10632,10632,2
2019-08-01,15:01:32.550000,10631,10632,10632,1
2019-08-01,15:01:34.164000,10631,10632,10631,1
2019-08-01,15:01:34.171000,10631,10632,10631,1
2019-08-01,15:01:34.424000,10631,10632,10631,2
2019-08-01,15:01:35.519000,10631,10632,10632,1
2019-08-01,15:01:39.719000,10631,10632,10631,14
2019-08-01,15:01:41.324000,10630,10631,10630,2
2019-08-01,15:01:41.352000,10630,10631,10630,5
2019-08-01,15:01:41.361000,10630,10631,10630,12
2019-08-01,15:01:41.486000,10630,10631,10630,1
2019-08-01,15:01:42.751000,10629,10630,10629,3
2019-08-01,15:01:42.904000,10629,10630,10629,5
2019-08-01,15:01:42.986000,10629,10630,10629,1
2019-08-01,15:01:46.236000,10629,10630,10629,1
2019-08-01,15:01:47.948000,10629,10630,10629,1
2019-08-01,15:01:48.134000,10629,10630,10629,3
2019-08-01,15:01:49.077000,10629,10630,10629,1
2019-08-01,15:01:49.776000,10629,10630,10630,1
2019-08-01,15:01:49.834000,10629,10630,10630,1
2019-08-01,15:01:50.229000,10629,10630,10630,1
2019-08-01,15:01:50.585000,10629,10630,10630,1
2019-08-01,15:01:51.461000,10629,10630,10629,2
2019-08-01,15:01:53.214000,10629,10630,10630,1
2019-08-01,15:01:53.691000,10629,10630,10630,1
2019-08-01,15:01:53.724000,10629,10630,10630,1
2019-08-01,15:01:54.579000,10629,10630,10630,5
2019-08-01,15:01:55.270000,10629,10631,10630,1
2019-08-01,15:01:56.455000,10629,10631,10631,1
2019-08-01,15:01:56.615000,10630,10631,10630,2
2019-08-01,15:01:59.713000,10629,10630,10629,1
2019-08-01,15:02:00.601000,10629,10630,10630,1
2019-08-01,15:02:01.239000,10629,10630,10629,4
2019-08-01,15:02:01.661000,10629,10630,10629,1
2019-08-01,15:02:03.286000,10629,10630,10629,1
2019-08-01,15:02:03.366000,10628,10629,10628,2
2019-08-01,15:02:03.547000,10628,10629,10628,7
2019-08-01,15:02:03.811000,10628,10629,10629,3
2019-08-01,15:02:03.821000,10628,10629,10628,1
2019-08-01,15:02:04.090000,10628,10629,10629,1
2019-08-01,15:02:04.930000,10628,10629,10628,1
2019-08-01,15:02:05.959000,10628,10629,10628,1
2019-08-01,15:02:07.371000,10628,10629,10629,1
2019-08-01,15:02:10.120000,10628,10629,10629,1
2019-08-01,15:02:11.312000,10628,10629,10628,3
2019-08-01,15:02:12.122000,10628,10629,10629,2
2019-08-01,15:02:12.893000,10628,10629,10629,1
2019-08-01,15:02:12.903000,10628,10629,10629,1
2019-08-01,15:02:14.008000,10628,10629,10628,20
2019-08-01,15:02:14.559000,10628,10629,10629,1
2019-08-01,15:02:15.209000,10629,10630,10629,2
2019-08-01,15:02:16.814000,10629,10630,10630,1
2019-08-01,15:02:18.061000,10629,10630,10629,1
2019-08-01,15:02:19.172000,10629,10630,10630,5
2019-08-01,15:02:19.215000,10629,10630,10630,8
2019-08-01,15:02:20.519000,10630,10631,10630,12
2019-08-01,15:02:20.597000,10630,10631,10630,1
2019-08-01,15:02:20.859000,10630,10631,10631,5
2019-08-01,15:02:21.504000,10630,10631,10631,5
2019-08-01,15:02:22.190000,10630,10631,10630,1
2019-08-01,15:02:25.702000,10630,10631,10630,1
2019-08-01,15:02:27.292000,10630,10631,10630,1
2019-08-01,15:02:27.369000,10630,10631,10630,5
2019-08-01,15:02:31.101000,10630,10631,10631,7
2019-08-01,15:02:31.111000,10630,10631,10631,9
2019-08-01,15:02:32.169000,10630,10631,10631,2
2019-08-01,15:02:33.138000,10630,10631,10631,5
2019-08-01,15:02:34.553000,10631,10632,10632,5
2019-08-01,15:02:36.208000,10631,10632,10631,2
2019-08-01,15:02:38.426000,10631,10632,10631,1
2019-08-01,15:02:39.206000,10631,10632,10631,1
2019-08-01,15:02:39.511000,10631,10632,10631,1
2019-08-01,15:02:39.688000,10631,10632,10632,1
2019-08-01,15:02:40.015000,10631,10632,10631,1
2019-08-01,15:02:41.925000,10631,10632,10631,1
2019-08-01,15:02:42.112000,10631,10632,10631,10
2019-08-01,15:02:42.236000,10631,10632,10631,1
2019-08-01,15:02:42.856000,10630,10631,10630,2
2019-08-01,15:02:43.530000,10630,10631,10631,1
2019-08-01,15:02:43.661000,10630,10631,10631,2
2019-08-01,15:02:43.754000,10630,10631,10630,9
2019-08-01,15:02:44.288000,10629,10630,10630,2
2019-08-01,15:02:44.445000,10629,10630,10630,7
2019-08-01,15:02:44.445000,10629,10630,10631,16
2019-08-01,15:02:46.122000,10630,10632,10630,1
2019-08-01,15:02:47.633000,10631,10632,10631,1
2019-08-01,15:02:48.850000,10630,10632,10630,2
2019-08-01,15:02:59.744000,10630,10631,10630,1
2019-08-01,15:03:01.595000,10630,10631,10631,1
2019-08-01,15:03:01.722000,10630,10631,10630,1
2019-08-01,15:03:02.711000,10630,10631,10631,2
2019-08-01,15:03:03.095000,10630,10631,10631,1
2019-08-01,15:03:06.242000,10630,10631,10631,1
2019-08-01,15:03:18.292000,10630,10631,10631,1
2019-08-01,15:03:19.097000,10630,10631,10631,1
2019-08-01,15:03:19.127000,10630,10631,10631,5
2019-08-01,15:03:19.141000,10630,10631,10630,1
2019-08-01,15:03:20.331000,10630,10631,10631,1
2019-08-01,15:03:22.344000,10630,10631,10631,2
2019-08-01,15:03:22.344000,10630,10631,10631,2
2019-08-01,15:03:22.678000,10631,10632,10631,1
2019-08-01,15:03:24.642000,10631,10632,10631,2
2019-08-01,15:03:27.585000,10631,10632,10631,2
2019-08-01,15:03:29.223000,10631,10632,10631,1
2019-08-01,15:03:29.391000,10631,10632,10631,1
2019-08-01,15:03:34.711000,10631,10632,10631,3
2019-08-01,15:03:35.347000,10630,10631,10631,1
2019-08-01,15:03:38.815000,10630,10631,10631,1
2019-08-01,15:03:39.867000,10630,10631,10631,1
2019-08-01,15:03:41.159000,10630,10631,10631,1
2019-08-01,15:03:45.507000,10630,10631,10631,1
2019-08-01,15:03:50.117000,10630,10631,10631,1
2019-08-01,15:03:59.380000,10630,10631,10631,1
2019-08-01,15:04:00.333000,10630,10631,10631,1
2019-08-01,15:04:03.800000,10630,10631,10630,3
2019-08-01,15:04:11.540000,10630,10631,10631,1
2019-08-01,15:04:12.591000,10630,10631,10630,2
2019-08-01,15:04:19.091000,10630,10631,10631,1
2019-08-01,15:04:19.109000,10630,10631,10631,1
2019-08-01,15:04:19.111000,10630,10631,10631,4
2019-08-01,15:04:19.111000,10630,10631,10631,2
2019-08-01,15:04:19.111000,10630,10631,10631,1
2019-08-01,15:04:20.396000,10631,10632,10631,2
2019-08-01,15:04:25.793000,10631,10632,10632,40
2019-08-01,15:04:25.988000,10632,10633,10632,2
2019-08-01,15:04:26.015000,10632,10633,10632,1
2019-08-01,15:04:26.044000,10632,10633,10632,1
2019-08-01,15:04:31.124000,10632,10633,10633,1
2019-08-01,15:04:34.870000,10632,10633,10632,1
2019-08-01,15:04:44.276000,10632,10633,10632,1
2019-08-01,15:04:44.486000,10632,10633,10632,1
2019-08-01,15:04:45.591000,10632,10633,10632,7
2019-08-01,15:04:46.294000,10631,10632,10632,1
2019-08-01,15:04:47.438000,10632,10633,10632,1
2019-08-01,15:04:53.164000,10632,10633,10632,1
2019-08-01,15:04:59.966000,10632,10633,10632,1
2019-08-01,15:05:01.323000,10632,10633,10633,7
2019-08-01,15:05:01.324000,10632,10633,10633,16
2019-08-01,15:05:01.548000,10633,10634,10633,1
2019-08-01,15:05:01.768000,10633,10634,10633,4
2019-08-01,15:05:02.005000,10633,10634,10633,1
2019-08-01,15:05:02.792000,10633,10634,10633,1
2019-08-01,15:05:05.081000,10633,10634,10633,1
2019-08-01,15:05:05.277000,10633,10634,10634,1
2019-08-01,15:05:07.937000,10633,10634,10634,2
2019-08-01,15:05:09.873000,10633,10634,10634,1
2019-08-01,15:05:10.174000,10633,10634,10634,1
2019-08-01,15:05:10.185000,10633,10634,10634,1
2019-08-01,15:05:10.499000,10633,10634,10634,1
2019-08-01,15:05:10.940000,10633,10634,10634,1
2019-08-01,15:05:11.430000,10633,10634,10634,1
2019-08-01,15:05:13.738000,10633,10634,10634,9
2019-08-01,15:05:15.578000,10633,10634,10633,1
2019-08-01,15:05:15.603000,10633,10634,10634,1
2019-08-01,15:05:16.492000,10633,10634,10634,2
2019-08-01,15:05:17.874000,10633,10634,10634,1
2019-08-01,15:05:18.810000,10633,10634,10633,1
2019-08-01,15:05:21.029000,10633,10634,10633,5
2019-08-01,15:05:22.689000,10632,10633,10633,2
2019-08-01,15:05:26.775000,10633,10634,10634,1
2019-08-01,15:05:29.595000,10633,10634,10633,1
2019-08-01,15:05:31.533000,10633,10634,10634,1
2019-08-01,15:05:31.584000,10633,10634,10633,11
2019-08-01,15:05:39.077000,10633,10634,10633,1
2019-08-01,15:05:39.789000,10633,10634,10633,1
2019-08-01,15:05:41.265000,10633,10634,10633,6
2019-08-01,15:05:45.178000,10633,10634,10634,1
2019-08-01,15:05:48.163000,10633,10634,10633,14
2019-08-01,15:05:54.474000,10633,10634,10633,2
2019-08-01,15:05:55.370000,10633,10634,10634,1
2019-08-01,15:05:55.461000,10633,10634,10634,1
2019-08-01,15:05:59.276000,10633,10634,10634,1
2019-08-01,15:06:09.371000,10633,10634,10634,1
2019-08-01,15:06:12.169000,10633,10634,10634,1
2019-08-01,15:06:13.138000,10633,10634,10633,1
2019-08-01,15:06:13.265000,10633,10634,10634,1
2019-08-01,15:06:13.722000,10633,10634,10634,2
2019-08-01,15:06:13.827000,10633,10634,10634,1
2019-08-01,15:06:14.958000,10633,10634,10633,1
2019-08-01,15:06:16.221000,10633,10634,10634,1
2019-08-01,15:06:16.237000,10633,10634,10634,9
2019-08-01,15:06:16.702000,10633,10634,10634,2
2019-08-01,15:06:17.875000,10633,10634,10634,2
2019-08-01,15:06:18.063000,10633,10634,10634,13
2019-08-01,15:06:18.254000,10634,10635,10634,1
2019-08-01,15:06:27.331000,10634,10635,10635,2
2019-08-01,15:06:28.396000,10634,10635,10635,2
2019-08-01,15:06:28.875000,10634,10635,10635,2
2019-08-01,15:06:29.233000,10634,10635,10634,1
2019-08-01,15:06:32.302000,10634,10635,10635,2
2019-08-01,15:06:33.067000,10634,10635,10635,2
2019-08-01,15:06:33.579000,10634,10635,10635,2
2019-08-01,15:06:35.381000,10634,10635,10635,1
2019-08-01,15:06:36.274000,10634,10635,10635,7
2019-08-01,15:06:39.399000,10634,10635,10635,1
2019-08-01,15:06:40.588000,10634,10635,10635,2
2019-08-01,15:06:41.604000,10634,10635,10635,1
2019-08-01,15:06:41.820000,10634,10635,10635,14
2019-08-01,15:06:41.940000,10634,10635,10635,1
2019-08-01,15:06:42.275000,10634,10635,10635,2
2019-08-01,15:06:43.333000,10634,10635,10635,1
2019-08-01,15:06:43.362000,10634,10635,10635,1
2019-08-01,15:06:46.077000,10635,10636,10636,1
2019-08-01,15:06:46.129000,10635,10636,10636,3
2019-08-01,15:06:46.168000,10635,10636,10636,1
2019-08-01,15:06:46.410000,10635,10636,10636,1
2019-08-01,15:06:46.516000,10635,10636,10636,1
2019-08-01,15:06:48.240000,10635,10636,10635,1
2019-08-01,15:06:48.702000,10635,10636,10636,1
2019-08-01,15:06:49.093000,10635,10636,10636,4
2019-08-01,15:06:50.923000,10635,10636,10636,1
2019-08-01,15:06:53.353000,10635,10636,10636,1
2019-08-01,15:06:54.221000,10635,10636,10636,1
2019-08-01,15:06:54.396000,10635,10636,10636,1
2019-08-01,15:06:55.179000,10635,10636,10636,2
2019-08-01,15:06:55.995000,10635,10636,10635,1
2019-08-01,15:06:57.490000,10635,10636,10636,1
2019-08-01,15:06:57.770000,10635,10636,10635,5
2019-08-01,15:06:59.594000,10635,10636,10636,1
2019-08-01,15:07:01.373000,10635,10636,10636,1
2019-08-01,15:07:03.083000,10635,10636,10635,25
2019-08-01,15:07:04.747000,10634,10636,10636,10
2019-08-01,15:07:05.053000,10635,10636,10636,1
2019-08-01,15:07:06.511000,10635,10636,10635,1
2019-08-01,15:07:07.215000,10635,10636,10636,2
2019-08-01,15:07:07.225000,10635,10636,10635,1
2019-08-01,15:07:07.741000,10635,10636,10636,2
2019-08-01,15:07:09.533000,10635,10637,10635,1
2019-08-01,15:07:12.286000,10635,10637,10636,1
2019-08-01,15:07:13.435000,10635,10636,10636,1
2019-08-01,15:07:17.470000,10635,10636,10636,3
2019-08-01,15:07:18.109000,10636,10637,10637,1
2019-08-01,15:07:18.275000,10636,10637,10637,1
2019-08-01,15:07:19.143000,10636,10637,10636,1
2019-08-01,15:07:19.862000,10636,10637,10636,1
2019-08-01,15:07:20.330000,10636,10637,10636,1
2019-08-01,15:07:20.762000,10636,10637,10636,2
2019-08-01,15:07:23.194000,10636,10637,10637,2
2019-08-01,15:07:24.602000,10636,10637,10637,1
2019-08-01,15:07:25.952000,10636,10637,10636,1
2019-08-01,15:07:26.679000,10636,10637,10637,1
2019-08-01,15:07:29.202000,10636,10637,10637,1
2019-08-01,15:07:31.319000,10636,10637,10637,5
2019-08-01,15:07:31.980000,10636,10637,10637,1
2019-08-01,15:07:33.010000,10636,10637,10637,1
2019-08-01,15:07:34.205000,10636,10637,10637,1
2019-08-01,15:07:34.871000,10636,10637,10637,2
2019-08-01,15:07:34.986000,10636,10637,10637,4
2019-08-01,15:07:35.026000,10636,10637,10637,2
2019-08-01,15:07:35.026000,10636,10637,10637,2
2019-08-01,15:07:35.310000,10637,10638,10637,3
2019-08-01,15:07:43.548000,10637,10638,10638,1
2019-08-01,15:07:46.414000,10637,10638,10637,8
2019-08-01,15:07:47.723000,10637,10638,10638,1
2019-08-01,15:07:48.633000,10637,10638,10637,1
2019-08-01,15:07:53.368000,10637,10638,10638,2
2019-08-01,15:07:54.474000,10637,10638,10637,5
2019-08-01,15:07:55.132000,10637,10638,10638,1
2019-08-01,15:07:56.398000,10637,10638,10637,1
2019-08-01,15:07:56.439000,10637,10638,10638,1
2019-08-01,15:07:57.313000,10637,10638,10638,20
2019-08-01,15:07:59.392000,10638,10639,10639,1
2019-08-01,15:08:01.269000,10638,10639,10639,1
2019-08-01,15:08:02.933000,10638,10639,10639,2
2019-08-01,15:08:03.352000,10638,10639,10639,2
2019-08-01,15:08:03.590000,10638,10639,10638,1
2019-08-01,15:08:04.026000,10638,10639,10639,1
2019-08-01,15:08:05.193000,10638,10639,10639,2
2019-08-01,15:08:05.378000,10638,10639,10639,14
2019-08-01,15:08:05.706000,10638,10639,10639,1
2019-08-01,15:08:07.819000,10638,10639,10639,1
2019-08-01,15:08:09.005000,10638,10639,10639,1
2019-08-01,15:08:11.005000,10638,10639,10639,2
2019-08-01,15:08:11.474000,10638,10639,10639,12
2019-08-01,15:08:11.659000,10638,10639,10639,1
2019-08-01,15:08:11.671000,10638,10639,10640,1
2019-08-01,15:08:11.771000,10638,10640,10639,1
2019-08-01,15:08:11.878000,10638,10639,10639,2
2019-08-01,15:08:13.100000,10638,10639,10638,1
2019-08-01,15:08:14.074000,10638,10639,10639,1
2019-08-01,15:08:15.353000,10638,10639,10639,1
2019-08-01,15:08:16.065000,10638,10639,10639,2
2019-08-01,15:08:16.843000,10638,10639,10639,1
2019-08-01,15:08:19.252000,10638,10639,10639,2
2019-08-01,15:08:20.545000,10638,10639,10639,1
2019-08-01,15:08:20.957000,10638,10639,10639,1
2019-08-01,15:08:21.280000,10638,10639,10639,1
2019-08-01,15:08:22.482000,10638,10639,10638,1
2019-08-01,15:08:22.672000,10638,10639,10639,1
2019-08-01,15:08:24.739000,10638,10639,10639,2
2019-08-01,15:08:24.851000,10638,10639,10639,1
2019-08-01,15:08:25.765000,10638,10639,10639,1
2019-08-01,15:08:26.336000,10638,10639,10639,2
2019-08-01,15:08:26.548000,10638,10639,10639,1
2019-08-01,15:08:30.781000,10639,10640,10640,1
2019-08-01,15:08:34.385000,10639,10640,10640,2
2019-08-01,15:08:37.114000,10639,10640,10640,1
2019-08-01,15:08:37.465000,10639,10640,10640,1
2019-08-01,15:08:40.564000,10639,10640,10640,4
2019-08-01,15:08:40.613000,10639,10640,10640,1
2019-08-01,15:08:42.439000,10639,10640,10640,1
2019-08-01,15:08:43.558000,10639,10640,10640,1
2019-08-01,15:08:44.541000,10639,10640,10640,4
2019-08-01,15:08:44.590000,10639,10640,10639,1
2019-08-01,15:08:45.480000,10639,10640,10640,17
2019-08-01,15:08:46.208000,10639,10640,10640,1
2019-08-01,15:08:47.028000,10640,10641,10640,1
2019-08-01,15:08:47.694000,10640,10641,10640,1
2019-08-01,15:08:50.931000,10640,10641,10640,3
2019-08-01,15:08:52.089000,10640,10641,10640,1
2019-08-01,15:08:52.433000,10640,10641,10640,1
2019-08-01,15:08:52.456000,10640,10641,10640,1
2019-08-01,15:08:52.622000,10640,10641,10640,1
2019-08-01,15:08:57.025000,10640,10641,10640,1
2019-08-01,15:08:58.602000,10640,10641,10640,5
2019-08-01,15:08:58.833000,10640,10641,10640,1
2019-08-01,15:08:58.875000,10640,10641,10641,22
2019-08-01,15:08:59.113000,10640,10641,10641,1
2019-08-01,15:08:59.190000,10640,10641,10641,1
2019-08-01,15:08:59.322000,10640,10641,10641,2
2019-08-01,15:08:59.532000,10640,10641,10640,1
2019-08-01,15:08:59.963000,10640,10641,10640,1
2019-08-01,15:09:01.239000,10640,10641,10640,2
2019-08-01,15:09:01.640000,10640,10641,10640,17
2019-08-01,15:09:02.249000,10639,10640,10640,2
2019-08-01,15:09:02.416000,10639,10640,10640,2
2019-08-01,15:09:03.753000,10639,10640,10640,1
2019-08-01,15:09:08.673000,10639,10640,10639,1
2019-08-01,15:09:09.010000,10639,10640,10640,1
2019-08-01,15:09:12.816000,10639,10640,10640,4
2019-08-01,15:09:12.899000,10639,10640,10640,3
2019-08-01,15:09:12.899000,10639,10640,10640,4
2019-08-01,15:09:12.899000,10639,10640,10640,4
2019-08-01,15:09:12.899000,10639,10640,10640,4
2019-08-01,15:09:12.974000,10639,10640,10640,2
2019-08-01,15:09:12.990000,10639,10640,10640,1
2019-08-01,15:09:14.673000,10640,10641,10640,1
2019-08-01,15:09:16.181000,10640,10641,10640,1
2019-08-01,15:09:16.256000,10639,10640,10640,2
2019-08-01,15:09:17.324000,10639,10640,10639,1
2019-08-01,15:09:18.073000,10639,10640,10640,1
2019-08-01,15:09:18.251000,10639,10640,10640,1
2019-08-01,15:09:19.215000,10639,10640,10640,1
2019-08-01,15:09:20.051000,10639,10640,10640,3
2019-08-01,15:09:21.120000,10639,10640,10640,1
2019-08-01,15:09:21.605000,10639,10640,10640,1
2019-08-01,15:09:22.935000,10639,10640,10640,1
2019-08-01,15:09:25.151000,10640,10641,10640,4
2019-08-01,15:09:25.293000,10639,10640,10640,3
2019-08-01,15:09:26.077000,10639,10640,10640,2
2019-08-01,15:09:28.361000,10639,10640,10640,1
2019-08-01,15:09:30.967000,10639,10640,10640,1
2019-08-01,15:09:40.736000,10639,10640,10639,23
2019-08-01,15:09:42.509000,10638,10639,10639,1
2019-08-01,15:09:49.792000,10638,10639,10638,7
2019-08-01,15:09:49.861000,10638,10639,10638,9
2019-08-01,15:09:49.861000,10638,10639,10638,10
2019-08-01,15:09:51.179000,10637,10638,10638,1
2019-08-01,15:09:53.234000,10637,10638,10637,1
2019-08-01,15:09:53.458000,10637,10638,10638,1
2019-08-01,15:09:55.541000,10638,10639,10638,1
2019-08-01,15:09:57.486000,10637,10638,10638,1
2019-08-01,15:09:58.835000,10637,10638,10638,1
2019-08-01,15:10:00.593000,10637,10638,10638,1
2019-08-01,15:10:01.285000,10638,10639,10638,1
2019-08-01,15:10:05.783000,10637,10638,10638,1
2019-08-01,15:10:10.048000,10637,10638,10638,1
2019-08-01,15:10:10.850000,10637,10638,10637,1
2019-08-01,15:10:11.136000,10637,10638,10637,1
2019-08-01,15:10:11.408000,10637,10638,10638,1
2019-08-01,15:10:11.435000,10637,10638,10637,1
2019-08-01,15:10:11.909000,10637,10638,10637,1
2019-08-01,15:10:12.328000,10637,10638,10637,1
2019-08-01,15:10:13.232000,10637,10638,10638,1
2019-08-01,15:10:13.614000,10637,10638,10637,1
2019-08-01,15:10:15.960000,10637,10638,10637,2
2019-08-01,15:10:17.950000,10637,10638,10637,1
2019-08-01,15:10:18.279000,10637,10638,10637,1
2019-08-01,15:10:18.811000,10637,10638,10637,1
2019-08-01,15:10:18.882000,10637,10638,10637,1
2019-08-01,15:10:23.156000,10637,10638,10637,1
2019-08-01,15:10:24.092000,10637,10638,10637,1
2019-08-01,15:10:25.364000,10637,10638,10638,2
2019-08-01,15:10:25.693000,10637,10638,10637,1
2019-08-01,15:10:27.108000,10637,10638,10637,1
2019-08-01,15:10:32.026000,10637,10638,10637,1
2019-08-01,15:10:35.337000,10637,10638,10637,2
2019-08-01,15:10:45.840000,10636,10637,10636,1
2019-08-01,15:10:57.963000,10636,10637,10636,1
2019-08-01,15:10:59.064000,10636,10637,10636,2
2019-08-01,15:11:00.902000,10636,10637,10636,6
2019-08-01,15:11:01.701000,10636,10637,10636,1
2019-08-01,15:11:07.478000,10636,10637,10636,1
2019-08-01,15:11:09.599000,10636,10637,10636,1
2019-08-01,15:11:17.891000,10636,10637,10636,2
2019-08-01,15:11:24.311000,10636,10637,10636,2
2019-08-01,15:11:32.032000,10636,10637,10636,1
2019-08-01,15:11:37.023000,10636,10637,10636,1
2019-08-01,15:11:37.059000,10636,10637,10637,1
2019-08-01,15:11:39.378000,10636,10637,10637,1
2019-08-01,15:11:39.400000,10636,10637,10637,1
2019-08-01,15:11:39.486000,10636,10637,10637,18
2019-08-01,15:11:41.397000,10637,10638,10638,3
2019-08-01,15:11:41.486000,10637,10638,10638,2
2019-08-01,15:11:44.861000,10638,10639,10638,4
2019-08-01,15:11:48.254000,10637,10638,10638,10
2019-08-01,15:11:50.351000,10638,10639,10638,1
2019-08-01,15:12:04.902000,10637,10638,10638,1
2019-08-01,15:12:06.394000,10637,10638,10638,5
2019-08-01,15:12:07.928000,10637,10638,10638,1
2019-08-01,15:12:09.738000,10637,10638,10638,3
2019-08-01,15:12:13.552000,10637,10638,10638,1
2019-08-01,15:12:23.168000,10637,10638,10638,1
2019-08-01,15:12:25.798000,10638,10639,10638,2
2019-08-01,15:12:28.673000,10638,10639,10638,2
2019-08-01,15:12:31.538000,10638,10639,10638,1
2019-08-01,15:12:31.643000,10638,10639,10638,7
2019-08-01,15:12:33.215000,10637,10638,10638,1
2019-08-01,15:12:42.621000,10637,10638,10638,1
2019-08-01,15:12:47.520000,10637,10638,10638,1
2019-08-01,15:12:55.313000,10637,10638,10638,2
2019-08-01,15:12:57.003000,10637,10638,10638,1
2019-08-01,15:12:58.505000,10637,10638,10638,2
2019-08-01,15:12:59.082000,10637,10638,10638,2
2019-08-01,15:13:00.163000,10637,10638,10638,1
2019-08-01,15:13:01.311000,10637,10638,10638,1
2019-08-01,15:13:03.537000,10638,10639,10638,1
2019-08-01,15:13:09.871000,10638,10639,10638,1
2019-08-01,15:13:11.126000,10638,10639,10638,1
2019-08-01,15:13:12.045000,10638,10639,10638,1
2019-08-01,15:13:29.192000,10638,10639,10638,1
2019-08-01,15:13:35.494000,10638,10639,10638,1
2019-08-01,15:13:41.873000,10637,10638,10637,1
2019-08-01,15:13:46.140000,10638,10639,10638,3
2019-08-01,15:13:48.639000,10638,10639,10639,1
2019-08-01,15:13:48.639000,10638,10639,10639,3
2019-08-01,15:13:48.736000,10638,10639,10639,4
2019-08-01,15:13:48.736000,10638,10639,10639,2
2019-08-01,15:13:48.736000,10638,10639,10639,2
2019-08-01,15:13:48.737000,10638,10639,10639,1
2019-08-01,15:13:50.100000,10638,10640,10639,1
2019-08-01,15:13:52.206000,10639,10640,10639,1
2019-08-01,15:14:25.208000,10639,10640,10639,1
2019-08-01,15:14:25.415000,10639,10640,10639,1
2019-08-01,15:14:26.349000,10639,10640,10640,1
2019-08-01,15:14:31.796000,10639,10640,10640,1
2019-08-01,15:14:35.876000,10639,10640,10639,2
2019-08-01,15:14:35.884000,10639,10640,10640,1
2019-08-01,15:14:45.783000,10639,10640,10640,1
2019-08-01,15:14:45.841000,10639,10640,10640,2
2019-08-01,15:14:46.931000,10639,10640,10640,1
2019-08-01,15:14:53.758000,10639,10640,10640,1
2019-08-01,15:14:55.816000,10639,10640,10640,1
2019-08-01,15:14:57.239000,10639,10640,10640,2
2019-08-01,15:15:03.579000,10639,10640,10640,10
2019-08-01,15:15:05.018000,10639,10640,10640,1
2019-08-01,15:15:06.848000,10639,10640,10639,1
2019-08-01,15:15:07.017000,10639,10640,10640,1
2019-08-01,15:15:09.254000,10639,10640,10640,25
2019-08-01,15:15:12.968000,10640,10641,10640,1
2019-08-01,15:15:17.909000,10640,10641,10641,1
2019-08-01,15:15:18.555000,10640,10641,10641,16
2019-08-01,15:15:19.226000,10641,10642,10641,1
2019-08-01,15:15:22.193000,10641,10642,10642,1
2019-08-01,15:15:22.240000,10641,10642,10642,1
2019-08-01,15:15:22.282000,10641,10642,10642,1
2019-08-01,15:15:22.283000,10641,10642,10642,1
2019-08-01,15:15:22.285000,10641,10642,10642,1
2019-08-01,15:15:23.226000,10641,10642,10642,1
2019-08-01,15:15:23.347000,10641,10642,10642,3
2019-08-01,15:15:25.315000,10641,10642,10642,1
2019-08-01,15:15:25.930000,10641,10642,10642,2
2019-08-01,15:15:26.519000,10641,10642,10642,2
2019-08-01,15:15:26.519000,10641,10642,10642,1
2019-08-01,15:15:26.520000,10641,10642,10642,2
2019-08-01,15:15:26.520000,10641,10642,10642,4
2019-08-01,15:15:26.520000,10641,10642,10642,2
2019-08-01,15:15:29.757000,10642,10643,10643,3
2019-08-01,15:15:29.773000,10642,10643,10643,1
2019-08-01,15:15:29.865000,10642,10643,10643,1
2019-08-01,15:15:33.014000,10642,10643,10642,3
2019-08-01,15:15:36.979000,10642,10643,10643,1
2019-08-01,15:15:37.275000,10642,10643,10643,3
2019-08-01,15:15:38.257000,10642,10643,10643,3
2019-08-01,15:15:39.021000,10642,10643,10643,1
2019-08-01,15:15:39.275000,10643,10644,10643,4
2019-08-01,15:15:39.383000,10643,10644,10643,1
2019-08-01,15:15:39.581000,10643,10644,10644,2
2019-08-01,15:15:39.924000,10643,10644,10644,2
2019-08-01,15:15:40.489000,10643,10644,10644,1
2019-08-01,15:15:40.984000,10643,10644,10643,2
2019-08-01,15:15:40.992000,10642,10643,10643,1
2019-08-01,15:15:41.005000,10642,10643,10643,1
2019-08-01,15:15:42.071000,10642,10643,10643,2
2019-08-01,15:15:43.470000,10642,10643,10643,1
2019-08-01,15:15:43.698000,10642,10644,10644,2
2019-08-01,15:15:43.980000,10642,10644,10644,1
2019-08-01,15:15:44.328000,10643,10644,10644,1
2019-08-01,15:15:49.923000,10643,10644,10643,1
2019-08-01,15:15:51.212000,10643,10644,10643,1
2019-08-01,15:15:54.235000,10643,10644,10643,1
2019-08-01,15:15:54.746000,10643,10644,10643,1
2019-08-01,15:15:55.114000,10643,10644,10643,2
2019-08-01,15:15:55.144000,10643,10644,10643,1
2019-08-01,15:15:58.090000,10642,10643,10643,15
2019-08-01,15:16:02.040000,10643,10644,10643,1
2019-08-01,15:16:02.712000,10643,10644,10644,28
2019-08-01,15:16:03.990000,10644,10645,10645,1
2019-08-01,15:16:04.453000,10644,10645,10645,1
2019-08-01,15:16:05.048000,10644,10645,10644,1
2019-08-01,15:16:05.161000,10644,10645,10645,1
2019-08-01,15:16:06.188000,10644,10645,10645,1
2019-08-01,15:16:06.308000,10644,10645,10644,2
2019-08-01,15:16:07.395000,10644,10645,10645,6
2019-08-01,15:16:07.684000,10644,10645,10645,1
2019-08-01,15:16:08.004000,10644,10645,10644,1
2019-08-01,15:16:08.345000,10644,10645,10645,1
2019-08-01,15:16:09.620000,10644,10645,10645,1
2019-08-01,15:16:09.785000,10644,10645,10644,1
2019-08-01,15:16:10.067000,10644,10645,10644,1
2019-08-01,15:16:10.645000,10644,10645,10645,1
2019-08-01,15:16:11.758000,10644,10645,10645,1
2019-08-01,15:16:12.100000,10644,10645,10645,1
2019-08-01,15:16:13.663000,10644,10645,10645,1
2019-08-01,15:16:14.594000,10644,10645,10645,1
2019-08-01,15:16:15.456000,10644,10645,10645,2
2019-08-01,15:16:15.743000,10644,10645,10645,8
2019-08-01,15:16:16.673000,10645,10646,10646,2
2019-08-01,15:16:16.760000,10645,10646,10646,1
2019-08-01,15:16:16.907000,10645,10646,10646,1
2019-08-01,15:16:18.116000,10645,10646,10645,5
2019-08-01,15:16:18.386000,10645,10646,10645,1
2019-08-01,15:16:18.619000,10645,10646,10646,1
2019-08-01,15:16:18.805000,10645,10646,10645,1
2019-08-01,15:16:20.913000,10645,10646,10646,1
2019-08-01,15:16:21.736000,10645,10646,10646,1
2019-08-01,15:16:23.076000,10645,10647,10645,24
2019-08-01,15:16:23.077000,10645,10647,10645,1
2019-08-01,15:16:23.229000,10645,10646,10645,1
2019-08-01,15:16:25.904000,10645,10646,10645,1
2019-08-01,15:16:26.358000,10645,10646,10646,2
2019-08-01,15:16:26.358000,10645,10646,10647,2
2019-08-01,15:16:26.495000,10645,10647,10647,1
2019-08-01,15:16:26.656000,10645,10647,10647,1
2019-08-01,15:16:29.672000,10646,10647,10646,1
2019-08-01,15:16:29.880000,10645,10647,10647,1
2019-08-01,15:16:31.942000,10646,10647,10646,1
2019-08-01,15:16:31.978000,10646,10647,10647,1
2019-08-01,15:16:33.800000,10646,10647,10646,1
2019-08-01,15:16:33.875000,10645,10647,10647,1
2019-08-01,15:16:33.991000,10645,10647,10646,1
2019-08-01,15:16:34.083000,10645,10647,10646,1
2019-08-01,15:16:34.604000,10645,10646,10646,2
2019-08-01,15:16:35.310000,10645,10646,10646,2
2019-08-01,15:16:36.873000,10645,10646,10646,1
2019-08-01,15:16:38.158000,10645,10646,10646,1
2019-08-01,15:16:40.254000,10645,10646,10646,4
2019-08-01,15:16:42.129000,10645,10646,10645,1
2019-08-01,15:16:42.135000,10645,10646,10646,1
2019-08-01,15:16:42.719000,10645,10646,10645,1
2019-08-01,15:16:42.879000,10645,10646,10646,1
2019-08-01,15:16:42.899000,10645,10646,10645,1
2019-08-01,15:16:46.110000,10645,10646,10646,2
2019-08-01,15:16:47.748000,10645,10646,10646,1
2019-08-01,15:16:47.817000,10645,10646,10645,1
2019-08-01,15:16:51.628000,10645,10646,10646,1
2019-08-01,15:16:54.427000,10645,10646,10645,1
2019-08-01,15:16:59.357000,10645,10646,10645,6
2019-08-01,15:17:02.351000,10645,10646,10646,1
2019-08-01,15:17:04.819000,10645,10646,10646,2
2019-08-01,15:17:05.221000,10645,10646,10645,1
2019-08-01,15:17:07.098000,10645,10646,10646,1
2019-08-01,15:17:10.448000,10645,10646,10646,1
2019-08-01,15:17:10.921000,10645,10646,10645,1
2019-08-01,15:17:21.819000,10645,10646,10646,14
2019-08-01,15:17:24.215000,10645,10646,10646,1
2019-08-01,15:17:24.878000,10645,10646,10646,2
2019-08-01,15:17:25.324000,10645,10646,10646,1
2019-08-01,15:17:25.342000,10645,10646,10646,1
2019-08-01,15:17:28.014000,10645,10646,10646,1
2019-08-01,15:17:31.338000,10645,10646,10646,1
2019-08-01,15:17:32.002000,10645,10646,10646,2
2019-08-01,15:17:33.060000,10645,10646,10645,1
2019-08-01,15:17:36.279000,10645,10646,10646,2
2019-08-01,15:17:37.415000,10645,10646,10645,21
2019-08-01,15:17:37.486000,10645,10646,10645,15
2019-08-01,15:17:39.225000,10644,10645,10645,1
2019-08-01,15:17:39.428000,10644,10645,10645,6
2019-08-01,15:17:44.159000,10644,10645,10645,1
2019-08-01,15:17:44.966000,10644,10645,10645,2
2019-08-01,15:17:45.867000,10644,10645,10644,17
2019-08-01,15:17:49.685000,10643,10644,10644,1
2019-08-01,15:17:49.971000,10643,10644,10644,1
2019-08-01,15:17:53.515000,10643,10644,10644,1
2019-08-01,15:17:53.717000,10643,10644,10643,5
2019-08-01,15:17:53.812000,10643,10644,10644,1
2019-08-01,15:17:55.866000,10643,10644,10644,2
2019-08-01,15:17:58.513000,10643,10644,10644,2
2019-08-01,15:18:02.154000,10643,10644,10644,3
2019-08-01,15:18:04.683000,10643,10644,10644,3
2019-08-01,15:18:05.278000,10643,10645,10645,1
2019-08-01,15:18:11.128000,10643,10644,10644,3
2019-08-01,15:18:15.868000,10644,10645,10645,1
2019-08-01,15:18:17.177000,10644,10645,10644,1
2019-08-01,15:18:18.636000,10644,10645,10645,8
2019-08-01,15:18:19.242000,10645,10646,10646,1
2019-08-01,15:18:23.545000,10645,10646,10645,1
2019-08-01,15:18:24.941000,10645,10646,10646,1
2019-08-01,15:18:24.941000,10645,10646,10646,2
2019-08-01,15:18:24.941000,10645,10646,10646,1
2019-08-01,15:18:24.942000,10645,10646,10646,1
2019-08-01,15:18:25.657000,10645,10647,10645,1
2019-08-01,15:18:31.986000,10645,10646,10646,4
2019-08-01,15:18:32.111000,10645,10646,10646,1
2019-08-01,15:18:33.948000,10645,10647,10647,1
2019-08-01,15:18:35.842000,10646,10647,10647,1
2019-08-01,15:18:37.702000,10646,10647,10646,1
2019-08-01,15:18:38.909000,10646,10647,10646,1
2019-08-01,15:18:39.241000,10646,10647,10647,1
2019-08-01,15:18:45.818000,10646,10647,10646,1
2019-08-01,15:18:46.794000,10646,10647,10646,2
2019-08-01,15:18:52,10645,10646,10646,2
2019-08-01,15:19:02.267000,10645,10646,10646,3
2019-08-01,15:19:05.373000,10645,10646,10646,1
2019-08-01,15:19:11.366000,10645,10646,10646,21
2019-08-01,15:19:11.366000,10645,10646,10646,3
2019-08-01,15:19:11.366000,10645,10646,10646,2
2019-08-01,15:19:14.885000,10646,10647,10646,1
2019-08-01,15:19:17.670000,10646,10647,10646,1
2019-08-01,15:19:18.720000,10646,10647,10646,2
2019-08-01,15:19:18.736000,10646,10647,10646,4
2019-08-01,15:19:20.405000,10646,10647,10646,5
2019-08-01,15:19:23.503000,10646,10647,10646,2
2019-08-01,15:19:27.653000,10646,10647,10646,2
2019-08-01,15:19:27.654000,10646,10647,10646,2
2019-08-01,15:19:27.654000,10646,10647,10646,2
2019-08-01,15:19:27.654000,10646,10647,10646,2
2019-08-01,15:19:27.656000,10646,10647,10646,1
2019-08-01,15:19:27.656000,10646,10647,10646,1
2019-08-01,15:19:27.658000,10646,10647,10646,2
2019-08-01,15:19:27.925000,10645,10646,10646,1
2019-08-01,15:19:28.801000,10645,10646,10646,3
2019-08-01,15:19:42.858000,10645,10646,10645,12
2019-08-01,15:19:46.875000,10645,10646,10645,1
2019-08-01,15:19:51.953000,10645,10646,10645,1
2019-08-01,15:19:52.610000,10645,10646,10645,1
2019-08-01,15:19:52.979000,10644,10645,10644,1
2019-08-01,15:19:53.498000,10644,10645,10645,1
2019-08-01,15:19:59.186000,10644,10645,10644,3
2019-08-01,15:20:12.146000,10644,10645,10645,5
2019-08-01,15:20:15.032000,10644,10645,10645,1
2019-08-01,15:20:15.033000,10644,10645,10645,2
2019-08-01,15:20:15.580000,10645,10646,10645,1
2019-08-01,15:20:15.919000,10645,10646,10645,1
2019-08-01,15:20:17.749000,10645,10646,10645,3
2019-08-01,15:20:19.564000,10645,10646,10645,1
2019-08-01,15:20:21.846000,10645,10646,10645,1
2019-08-01,15:20:24.805000,10645,10646,10645,1
2019-08-01,15:20:28.627000,10645,10646,10645,4
2019-08-01,15:20:28.728000,10645,10646,10644,2
2019-08-01,15:20:30.269000,10644,10645,10645,1
2019-08-01,15:20:44.602000,10644,10645,10645,4
2019-08-01,15:20:54.303000,10645,10646,10645,1
2019-08-01,15:20:54.594000,10645,10646,10646,1
2019-08-01,15:20:55.277000,10645,10646,10645,2
2019-08-01,15:20:58.818000,10645,10646,10645,2
2019-08-01,15:20:59.804000,10644,10645,10645,1
2019-08-01,15:21:18.047000,10644,10645,10645,1
2019-08-01,15:21:18.083000,10644,10645,10644,10
2019-08-01,15:21:41.812000,10644,10645,10644,1
2019-08-01,15:21:42.007000,10644,10645,10644,5
2019-08-01,15:21:44.792000,10644,10645,10645,1
2019-08-01,15:21:45.900000,10644,10645,10645,1
2019-08-01,15:21:47.361000,10644,10645,10645,1
2019-08-01,15:22:02.119000,10645,10646,10646,4
2019-08-01,15:22:02.157000,10645,10646,10646,3
2019-08-01,15:22:02.172000,10645,10646,10646,2
2019-08-01,15:22:02.172000,10645,10646,10646,3
2019-08-01,15:22:02.180000,10645,10646,10646,3
2019-08-01,15:22:02.181000,10645,10646,10646,4
2019-08-01,15:22:07.549000,10646,10647,10647,1
2019-08-01,15:22:11.366000,10645,10647,10647,3
2019-08-01,15:22:11.742000,10646,10647,10647,1
2019-08-01,15:22:12.010000,10646,10647,10647,1
2019-08-01,15:22:12.612000,10646,10647,10646,1
2019-08-01,15:22:13.040000,10646,10647,10646,4
2019-08-01,15:22:13.040000,10646,10647,10645,1
2019-08-01,15:22:17.748000,10645,10647,10647,1
2019-08-01,15:22:25.552000,10645,10646,10645,3
2019-08-01,15:22:27.138000,10645,10646,10645,1
2019-08-01,15:22:33.293000,10645,10646,10646,1
2019-08-01,15:22:41.006000,10645,10646,10646,1
2019-08-01,15:22:45.190000,10645,10646,10646,2
2019-08-01,15:22:56.383000,10645,10646,10645,1
2019-08-01,15:23:03.252000,10645,10646,10645,1
2019-08-01,15:23:04.486000,10645,10646,10646,1
2019-08-01,15:23:05.465000,10645,10646,10645,1
2019-08-01,15:23:22.015000,10645,10646,10645,1
2019-08-01,15:23:36.479000,10645,10646,10645,1
2019-08-01,15:23:38.764000,10645,10646,10645,1
2019-08-01,15:23:39.902000,10645,10646,10645,1
2019-08-01,15:23:39.912000,10645,10646,10645,1
2019-08-01,15:23:39.986000,10645,10646,10645,3
2019-08-01,15:23:42.078000,10644,10645,10644,14
2019-08-01,15:23:42.206000,10644,10645,10645,1
2019-08-01,15:23:42.276000,10644,10645,10645,1
2019-08-01,15:23:56.926000,10644,10645,10645,1
2019-08-01,15:24:04.687000,10645,10646,10645,2
2019-08-01,15:24:04.878000,10645,10646,10646,1
2019-08-01,15:24:04.884000,10645,10646,10646,1
2019-08-01,15:24:10.248000,10645,10646,10645,2
2019-08-01,15:24:18.617000,10644,10645,10645,1
2019-08-01,15:24:42.066000,10644,10645,10644,2
2019-08-01,15:24:45.629000,10644,10645,10644,1
2019-08-01,15:24:53.876000,10644,10645,10644,1
2019-08-01,15:24:55.725000,10644,10645,10644,10
2019-08-01,15:24:55.736000,10643,10645,10644,3
2019-08-01,15:24:57.073000,10643,10645,10644,1
2019-08-01,15:24:57.765000,10643,10645,10644,1
2019-08-01,15:25:33.957000,10643,10645,10644,1
2019-08-01,15:25:33.959000,10643,10645,10644,1
2019-08-01,15:25:45.142000,10643,10645,10644,1
2019-08-01,15:26:09.697000,10644,10645,10644,1
2019-08-01,15:26:23.027000,10644,10645,10644,1
2019-08-01,15:26:24.843000,10644,10645,10644,5
2019-08-01,15:26:46.138000,10643,10644,10643,8
2019-08-01,15:26:46.236000,10643,10644,10643,18
2019-08-01,15:26:46.236000,10643,10644,10643,2
2019-08-01,15:26:50.762000,10642,10643,10642,1
2019-08-01,15:26:50.906000,10642,10643,10642,1
2019-08-01,15:26:53.237000,10642,10643,10642,1
2019-08-01,15:26:53.407000,10642,10643,10642,1
2019-08-01,15:26:54.118000,10642,10643,10642,1
2019-08-01,15:26:54.607000,10642,10643,10642,1
2019-08-01,15:26:54.649000,10642,10643,10642,2
2019-08-01,15:26:56.506000,10642,10643,10642,2
2019-08-01,15:26:59.524000,10642,10643,10642,3
2019-08-01,15:27:02.470000,10642,10643,10642,3
2019-08-01,15:27:04.634000,10641,10642,10641,2
2019-08-01,15:27:05.171000,10641,10642,10641,3
2019-08-01,15:27:05.516000,10641,10642,10642,1
2019-08-01,15:27:07.874000,10641,10642,10642,1
2019-08-01,15:27:08.014000,10641,10642,10641,3
2019-08-01,15:27:08.597000,10641,10642,10641,4
2019-08-01,15:27:10.155000,10641,10642,10641,2
2019-08-01,15:27:19.411000,10641,10642,10642,1
2019-08-01,15:27:20.512000,10641,10642,10641,1
2019-08-01,15:27:20.745000,10641,10642,10641,1
2019-08-01,15:27:20.805000,10641,10642,10641,1
2019-08-01,15:27:22.307000,10641,10642,10641,1
2019-08-01,15:27:25.326000,10641,10642,10642,2
2019-08-01,15:27:32.811000,10641,10642,10641,2
2019-08-01,15:27:39.802000,10641,10642,10642,3
2019-08-01,15:27:49.517000,10641,10642,10641,2
2019-08-01,15:27:59.313000,10641,10642,10641,1
2019-08-01,15:28:01.430000,10641,10642,10642,1
2019-08-01,15:28:08.701000,10641,10642,10642,2
2019-08-01,15:28:08.736000,10641,10642,10642,6
2019-08-01,15:28:15.836000,10642,10643,10642,1
2019-08-01,15:28:21.396000,10642,10643,10642,1
2019-08-01,15:28:34.499000,10642,10643,10642,1
2019-08-01,15:28:37.236000,10642,10643,10642,1
2019-08-01,15:28:37.237000,10642,10643,10642,1
2019-08-01,15:28:37.237000,10642,10643,10642,1
2019-08-01,15:28:53.781000,10641,10642,10642,1
2019-08-01,15:29:09.934000,10641,10642,10641,3
2019-08-01,15:29:17.709000,10641,10642,10641,14
2019-08-01,15:29:19.255000,10641,10642,10642,1
2019-08-01,15:29:20.449000,10641,10642,10641,2
2019-08-01,15:29:27.739000,10641,10642,10641,1
2019-08-01,15:29:28.599000,10641,10642,10641,6
2019-08-01,15:29:36.140000,10641,10642,10641,4
2019-08-01,15:29:40.160000,10641,10642,10641,5
2019-08-01,15:29:50.824000,10641,10642,10641,1
2019-08-01,15:29:51.694000,10641,10642,10641,1
2019-08-01,15:30:04.876000,10641,10642,10641,3
2019-08-01,15:30:04.879000,10641,10642,10641,2
2019-08-01,15:30:04.986000,10641,10642,10641,3
2019-08-01,15:30:05.534000,10640,10641,10641,1
2019-08-01,15:30:05.576000,10640,10641,10640,1
2019-08-01,15:30:05.586000,10640,10641,10640,1
2019-08-01,15:30:06.106000,10640,10641,10641,2
2019-08-01,15:30:06.106000,10640,10641,10641,1
2019-08-01,15:30:06.597000,10640,10642,10640,1
2019-08-01,15:30:07.170000,10640,10642,10642,1
2019-08-01,15:30:10.598000,10641,10642,10641,1
2019-08-01,15:30:13.597000,10640,10642,10640,6
2019-08-01,15:30:14.891000,10641,10642,10641,1
2019-08-01,15:30:17.809000,10640,10642,10640,1
2019-08-01,15:30:20.047000,10641,10642,10641,2
2019-08-01,15:30:20.339000,10641,10642,10641,1
2019-08-01,15:30:22.543000,10641,10642,10641,1
2019-08-01,15:30:29.513000,10640,10641,10640,1
2019-08-01,15:30:34.210000,10640,10641,10641,2
2019-08-01,15:30:36.771000,10641,10642,10641,2
2019-08-01,15:30:37.264000,10641,10642,10641,2
2019-08-01,15:30:42.232000,10641,10642,10642,12
2019-08-01,15:30:52.597000,10642,10643,10643,1
2019-08-01,15:30:55.249000,10642,10643,10643,1
2019-08-01,15:30:55.511000,10642,10643,10643,1
2019-08-01,15:30:56.711000,10642,10643,10643,1
2019-08-01,15:30:56.739000,10642,10643,10643,1
2019-08-01,15:30:59.714000,10642,10643,10643,1
2019-08-01,15:31:00.645000,10642,10643,10643,3
2019-08-01,15:31:03.755000,10643,10644,10644,1
2019-08-01,15:31:05.299000,10643,10644,10644,1
2019-08-01,15:31:10.585000,10643,10644,10644,2
2019-08-01,15:31:13.520000,10643,10644,10644,1
2019-08-01,15:31:14.466000,10643,10644,10644,2
2019-08-01,15:31:19.385000,10643,10644,10644,1
2019-08-01,15:31:27.176000,10643,10644,10644,1
2019-08-01,15:31:28.959000,10643,10644,10644,1
2019-08-01,15:31:29.530000,10643,10644,10644,1
2019-08-01,15:31:41.828000,10644,10645,10645,9
2019-08-01,15:31:41.828000,10644,10645,10645,4
2019-08-01,15:31:41.828000,10644,10645,10645,4
2019-08-01,15:31:41.828000,10644,10645,10645,2
2019-08-01,15:31:45.589000,10645,10646,10646,1
2019-08-01,15:31:48.895000,10645,10646,10646,4
2019-08-01,15:31:49.935000,10645,10646,10646,1
2019-08-01,15:31:52.942000,10645,10646,10646,14
2019-08-01,15:31:52.986000,10645,10646,10646,13
2019-08-01,15:31:54.717000,10646,10647,10647,1
2019-08-01,15:31:55.266000,10646,10647,10647,1
2019-08-01,15:31:55.466000,10646,10647,10647,2
2019-08-01,15:31:55.564000,10646,10647,10647,1
2019-08-01,15:32:00.504000,10646,10647,10646,5
2019-08-01,15:32:07.913000,10646,10647,10647,4
2019-08-01,15:32:08.667000,10646,10647,10647,1
2019-08-01,15:32:10.124000,10646,10647,10646,1
2019-08-01,15:32:12.234000,10646,10647,10646,2
2019-08-01,15:32:23.463000,10646,10647,10646,1
2019-08-01,15:32:27.167000,10646,10647,10647,1
2019-08-01,15:32:27.703000,10646,10647,10647,1
2019-08-01,15:32:28.309000,10646,10647,10647,9
2019-08-01,15:32:28.361000,10646,10647,10647,1
2019-08-01,15:32:28.361000,10646,10647,10647,4
2019-08-01,15:32:28.361000,10646,10647,10647,4
2019-08-01,15:32:28.486000,10646,10647,10647,6
2019-08-01,15:32:28.486000,10646,10647,10647,2
2019-08-01,15:32:41.469000,10647,10648,10647,4
2019-08-01,15:32:41.484000,10647,10648,10647,1
2019-08-01,15:32:43.020000,10646,10647,10647,3
2019-08-01,15:32:47.776000,10646,10647,10647,1
2019-08-01,15:32:49.300000,10646,10647,10647,2
2019-08-01,15:32:49.556000,10646,10647,10647,1
2019-08-01,15:32:55.074000,10646,10647,10647,1
2019-08-01,15:32:57.388000,10646,10647,10647,1
2019-08-01,15:33:01.066000,10646,10647,10647,1
2019-08-01,15:33:07.189000,10646,10647,10647,3
2019-08-01,15:33:07.504000,10647,10648,10647,3
2019-08-01,15:33:07.695000,10647,10648,10647,1
2019-08-01,15:33:12.684000,10646,10647,10647,1
2019-08-01,15:33:17.545000,10646,10647,10647,1
2019-08-01,15:33:21.285000,10646,10647,10646,12
2019-08-01,15:33:27.877000,10645,10646,10645,1
2019-08-01,15:33:28.108000,10645,10646,10646,2
2019-08-01,15:33:36.826000,10645,10646,10645,2
2019-08-01,15:33:46.977000,10645,10646,10645,1
2019-08-01,15:33:55.983000,10644,10645,10644,2
2019-08-01,15:34:06.675000,10644,10645,10645,4
2019-08-01,15:34:06.675000,10644,10645,10646,17
2019-08-01,15:34:10.082000,10645,10646,10645,4
2019-08-01,15:34:18.034000,10645,10646,10645,2
2019-08-01,15:34:19.482000,10645,10646,10645,2
2019-08-01,15:34:19.954000,10645,10646,10645,2
2019-08-01,15:34:26.931000,10645,10646,10646,2
2019-08-01,15:34:34.130000,10645,10646,10645,1
2019-08-01,15:34:37.602000,10645,10646,10646,1
2019-08-01,15:34:44.609000,10645,10646,10645,2
2019-08-01,15:34:44.977000,10645,10646,10645,2
2019-08-01,15:34:50.360000,10644,10646,10645,1
2019-08-01,15:34:54.760000,10644,10645,10645,1
2019-08-01,15:34:59.665000,10644,10645,10645,1
2019-08-01,15:35:06.933000,10644,10645,10645,1
2019-08-01,15:35:10.750000,10644,10645,10645,1
2019-08-01,15:35:15.643000,10644,10645,10645,1
2019-08-01,15:35:20.301000,10644,10645,10645,1
2019-08-01,15:35:22.554000,10644,10645,10645,1
2019-08-01,15:35:22.611000,10644,10645,10645,4
2019-08-01,15:35:27.571000,10644,10645,10645,2
2019-08-01,15:35:38.159000,10644,10645,10645,2
2019-08-01,15:35:58.480000,10645,10646,10646,1
2019-08-01,15:35:58.516000,10645,10646,10646,1
2019-08-01,15:35:58.516000,10645,10646,10646,1
2019-08-01,15:36:03.583000,10645,10646,10645,1
2019-08-01,15:36:16.560000,10645,10646,10645,1
2019-08-01,15:36:21.482000,10645,10646,10645,1
2019-08-01,15:36:22.288000,10645,10646,10645,1
2019-08-01,15:36:24.197000,10645,10646,10646,1
2019-08-01,15:36:37.612000,10645,10646,10646,1
2019-08-01,15:36:41.112000,10645,10646,10646,1
2019-08-01,15:36:44.250000,10645,10646,10645,1
2019-08-01,15:37:01.845000,10645,10646,10646,2
2019-08-01,15:37:22.709000,10645,10646,10645,1
2019-08-01,15:37:24.035000,10645,10646,10646,1
2019-08-01,15:37:32.097000,10645,10646,10646,1
2019-08-01,15:37:37.611000,10645,10646,10646,4
2019-08-01,15:37:37.736000,10645,10646,10646,2
2019-08-01,15:37:43.094000,10645,10646,10646,1
2019-08-01,15:37:45.522000,10645,10646,10646,2
2019-08-01,15:37:52.993000,10645,10646,10646,2
2019-08-01,15:38:03.318000,10645,10646,10646,1
2019-08-01,15:38:05.782000,10645,10646,10646,3
2019-08-01,15:38:12.578000,10645,10646,10646,1
2019-08-01,15:38:12.578000,10645,10646,10646,1
2019-08-01,15:38:12.578000,10645,10646,10646,2
2019-08-01,15:38:12.578000,10645,10646,10646,6
2019-08-01,15:38:27.719000,10646,10647,10646,1
2019-08-01,15:38:41.742000,10646,10647,10646,1
2019-08-01,15:38:45.425000,10646,10647,10646,2
2019-08-01,15:38:51.616000,10645,10646,10645,1
2019-08-01,15:38:52.458000,10645,10646,10646,1
2019-08-01,15:38:59.574000,10645,10646,10646,1
2019-08-01,15:39:14.510000,10645,10646,10646,3
2019-08-01,15:39:17.323000,10645,10646,10645,1
2019-08-01,15:39:20.701000,10645,10646,10646,7
2019-08-01,15:39:27.932000,10645,10646,10646,1
2019-08-01,15:39:31.806000,10645,10646,10646,1
2019-08-01,15:39:58.423000,10645,10646,10646,1
2019-08-01,15:40:04.811000,10645,10646,10646,3
2019-08-01,15:40:12.148000,10645,10646,10646,1
2019-08-01,15:40:15.910000,10645,10646,10646,2
2019-08-01,15:40:18.465000,10645,10646,10646,1
2019-08-01,15:40:47.573000,10646,10647,10646,1
2019-08-01,15:40:57.797000,10646,10647,10646,2
2019-08-01,15:41:03.275000,10646,10647,10646,3
2019-08-01,15:41:09.495000,10646,10647,10646,1
2019-08-01,15:41:09.495000,10646,10647,10646,1
2019-08-01,15:41:13.684000,10645,10646,10646,3
2019-08-01,15:41:19.339000,10645,10646,10645,1
2019-08-01,15:41:20.351000,10645,10646,10645,1
2019-08-01,15:41:23.710000,10645,10646,10645,1
2019-08-01,15:41:57.117000,10645,10646,10646,1
2019-08-01,15:42:03.481000,10645,10646,10646,3
2019-08-01,15:42:11.176000,10645,10646,10646,2
2019-08-01,15:42:23.688000,10645,10646,10646,2
2019-08-01,15:42:23.941000,10645,10646,10645,1
2019-08-01,15:42:26.244000,10645,10646,10646,1
2019-08-01,15:42:52.203000,10645,10646,10646,1
2019-08-01,15:43:02.957000,10645,10646,10646,1
2019-08-01,15:43:15.072000,10645,10646,10645,1
2019-08-01,15:43:22.664000,10645,10646,10645,1
2019-08-01,15:43:36.938000,10645,10646,10646,1
2019-08-01,15:43:42.184000,10645,10646,10646,1
2019-08-01,15:43:44.277000,10645,10646,10646,6
2019-08-01,15:45:04.530000,10645,10646,10646,6
2019-08-01,15:45:05.155000,10645,10646,10646,1
2019-08-01,15:45:05.657000,10645,10646,10646,1
2019-08-01,15:45:11.311000,10645,10646,10646,5
2019-08-01,15:45:28.229000,10645,10646,10646,1
2019-08-01,15:45:32.502000,10645,10646,10646,3
2019-08-01,15:45:32.611000,10645,10646,10646,2
2019-08-01,15:45:33.079000,10645,10646,10646,1
2019-08-01,15:45:33.111000,10645,10646,10646,5
2019-08-01,15:45:42.846000,10646,10647,10646,3
2019-08-01,15:45:44.700000,10646,10647,10646,1
2019-08-01,15:45:58.531000,10645,10646,10646,1
2019-08-01,15:46:05.863000,10645,10646,10646,1
2019-08-01,15:46:12.306000,10645,10646,10646,2
2019-08-01,15:46:18.281000,10646,10647,10646,2
2019-08-01,15:46:22.310000,10646,10647,10646,1
2019-08-01,15:46:23.107000,10646,10647,10646,2
2019-08-01,15:46:23.723000,10646,10647,10646,1
2019-08-01,15:46:27.128000,10646,10647,10646,1
2019-08-01,15:46:27.984000,10646,10647,10646,1
2019-08-01,15:46:50.294000,10645,10646,10646,1
2019-08-01,15:46:50.295000,10645,10646,10646,1
2019-08-01,15:46:50.295000,10645,10646,10646,1
2019-08-01,15:46:50.295000,10645,10646,10646,1
2019-08-01,15:46:51.803000,10646,10647,10647,1
2019-08-01,15:47:02.396000,10646,10647,10647,4
2019-08-01,15:47:03.166000,10646,10647,10647,1
2019-08-01,15:47:04.232000,10646,10647,10646,1
2019-08-01,15:47:10.986000,10646,10647,10646,1
2019-08-01,15:47:42.483000,10646,10647,10646,1
2019-08-01,15:47:52.293000,10646,10647,10646,2
2019-08-01,15:47:52.552000,10646,10647,10646,2
2019-08-01,15:48:05.233000,10646,10647,10646,1
2019-08-01,15:48:23.858000,10646,10647,10646,1
2019-08-01,15:48:25.582000,10646,10647,10646,1
2019-08-01,15:48:49.922000,10646,10647,10646,2
2019-08-01,15:48:57.422000,10646,10647,10647,1
2019-08-01,15:49:02.628000,10646,10647,10647,5
2019-08-01,15:49:02.771000,10646,10647,10646,1
2019-08-01,15:49:10.594000,10646,10647,10646,3
2019-08-01,15:49:10.611000,10646,10647,10646,4
2019-08-01,15:49:15.150000,10645,10646,10646,2
2019-08-01,15:49:20.250000,10645,10646,10646,2
2019-08-01,15:49:32.957000,10645,10646,10646,1
2019-08-01,15:49:50.250000,10645,10646,10645,18
2019-08-01,15:49:50.361000,10645,10646,10645,11
2019-08-01,15:49:52.570000,10644,10645,10645,4
2019-08-01,15:49:52.607000,10644,10645,10645,1
2019-08-01,15:50:05.375000,10644,10645,10645,2
2019-08-01,15:50:10.011000,10644,10645,10645,1
2019-08-01,15:50:14.250000,10645,10646,10645,2
2019-08-01,15:50:14.361000,10645,10646,10645,2
2019-08-01,15:50:14.361000,10645,10646,10645,6
2019-08-01,15:50:17.842000,10644,10645,10645,1
2019-08-01,15:50:25.934000,10644,10645,10645,1
2019-08-01,15:50:29.800000,10644,10645,10645,1
2019-08-01,15:50:33.227000,10644,10645,10645,1
2019-08-01,15:51:34.171000,10644,10645,10644,1
2019-08-01,15:51:44.390000,10644,10645,10644,1
2019-08-01,15:51:46.095000,10644,10645,10644,2
2019-08-01,15:51:47.541000,10644,10645,10644,1
2019-08-01,15:51:49.539000,10644,10645,10644,1
2019-08-01,15:51:50.154000,10644,10645,10644,1
2019-08-01,15:51:51.065000,10644,10645,10644,1
2019-08-01,15:51:51.636000,10644,10645,10644,1
2019-08-01,15:52:00.166000,10644,10645,10644,2
2019-08-01,15:52:13.213000,10644,10645,10644,1
2019-08-01,15:52:18.025000,10644,10645,10645,3
2019-08-01,15:52:18.461000,10644,10645,10644,2
2019-08-01,15:52:20.923000,10644,10645,10645,2
2019-08-01,15:52:21.119000,10644,10645,10644,1
2019-08-01,15:52:22.984000,10644,10645,10645,1
2019-08-01,15:52:36.618000,10644,10645,10644,1
2019-08-01,15:52:42.448000,10644,10645,10645,4
2019-08-01,15:52:44.875000,10644,10645,10645,3
2019-08-01,15:52:51.624000,10644,10645,10645,1
2019-08-01,15:52:53.284000,10644,10645,10644,1
2019-08-01,15:53:05.144000,10644,10645,10645,1
2019-08-01,15:53:12.346000,10644,10645,10645,1
2019-08-01,15:53:25,10644,10645,10645,1
2019-08-01,15:53:57.304000,10644,10645,10645,2
2019-08-01,15:54:03.832000,10644,10645,10645,1
2019-08-01,15:54:06.370000,10644,10645,10645,2
2019-08-01,15:54:06.436000,10644,10645,10645,4
2019-08-01,15:54:06.486000,10644,10645,10645,12
2019-08-01,15:54:15.661000,10645,10646,10645,1
2019-08-01,15:54:19.645000,10645,10646,10645,1
2019-08-01,15:54:29.212000,10644,10645,10645,2
2019-08-01,15:54:33.875000,10645,10646,10645,1
2019-08-01,15:54:35.361000,10645,10646,10645,1
2019-08-01,15:55:08.262000,10644,10645,10644,6
2019-08-01,15:55:08.269000,10644,10645,10644,1
2019-08-01,15:55:08.302000,10644,10645,10644,5
2019-08-01,15:55:08.361000,10644,10645,10644,8
2019-08-01,15:55:08.361000,10644,10645,10644,8
2019-08-01,15:55:08.600000,10643,10644,10644,2
2019-08-01,15:55:08.838000,10643,10644,10644,2
2019-08-01,15:55:20.239000,10643,10644,10643,2
2019-08-01,15:55:26.279000,10643,10644,10644,2
2019-08-01,15:55:45.461000,10644,10645,10644,2
2019-08-01,15:56:03.797000,10644,10645,10644,5
2019-08-01,15:56:19.261000,10644,10645,10644,1
2019-08-01,15:56:19.441000,10644,10645,10644,1
2019-08-01,15:56:26.284000,10644,10645,10645,2
2019-08-01,15:56:59.009000,10644,10645,10644,3
2019-08-01,15:56:59.111000,10644,10645,10644,6
2019-08-01,15:56:59.111000,10644,10645,10644,4
2019-08-01,15:57:07.957000,10643,10644,10644,1
2019-08-01,15:57:11.118000,10643,10644,10644,2
2019-08-01,15:57:30.991000,10643,10644,10644,1
2019-08-01,15:57:31.430000,10643,10644,10644,2
2019-08-01,15:57:39.127000,10643,10644,10644,1
2019-08-01,15:57:40.946000,10643,10645,10644,3
2019-08-01,15:58:22.749000,10644,10645,10644,2
2019-08-01,15:58:22.771000,10644,10645,10644,1
2019-08-01,15:58:26.907000,10644,10645,10644,1
2019-08-01,15:58:28.399000,10644,10645,10644,1
2019-08-01,15:58:31.337000,10643,10644,10643,1
2019-08-01,15:58:32.950000,10643,10644,10644,1
2019-08-01,15:58:35.634000,10643,10644,10644,1
2019-08-01,15:58:47.243000,10644,10645,10645,1
2019-08-01,15:58:47.519000,10644,10645,10644,1
2019-08-01,15:58:51.046000,10644,10645,10644,10
2019-08-01,15:59:01.135000,10644,10645,10644,1
2019-08-01,15:59:11.015000,10644,10645,10644,1
2019-08-01,15:59:18.331000,10644,10645,10645,1
2019-08-01,15:59:20.145000,10644,10645,10645,2
2019-08-01,15:59:20.651000,10644,10645,10645,2
2019-08-01,15:59:21.737000,10644,10645,10645,2
2019-08-01,15:59:37.842000,10644,10645,10645,23
2019-08-01,15:59:37.861000,10644,10645,10645,4
2019-08-01,16:00:11.218000,10645,10646,10645,1
2019-08-01,16:00:25.496000,10645,10646,10645,2
2019-08-01,16:00:40.778000,10645,10646,10645,6
2019-08-01,16:00:40.793000,10645,10646,10645,1
2019-08-01,16:00:40.796000,10645,10646,10645,1
2019-08-01,16:00:40.861000,10645,10646,10645,2
2019-08-01,16:00:46.894000,10644,10645,10644,9
2019-08-01,16:01:08.849000,10643,10644,10643,3
2019-08-01,16:01:09.375000,10643,10644,10644,1
2019-08-01,16:01:17.676000,10644,10645,10644,1
2019-08-01,16:01:38.657000,10644,10645,10645,1
2019-08-01,16:01:38.736000,10645,10646,10645,14
2019-08-01,16:01:39.511000,10644,10646,10644,3
2019-08-01,16:01:43.940000,10645,10646,10645,2
2019-08-01,16:01:44.045000,10645,10646,10645,1
2019-08-01,16:01:58.522000,10645,10646,10645,1
2019-08-01,16:02:10.580000,10645,10646,10646,3
2019-08-01,16:02:14.988000,10645,10646,10646,6
2019-08-01,16:02:15.973000,10645,10646,10646,2
2019-08-01,16:02:16.027000,10645,10646,10646,1
2019-08-01,16:02:35.987000,10646,10647,10646,2
2019-08-01,16:02:47.522000,10646,10647,10647,2
2019-08-01,16:02:48.485000,10646,10647,10647,3
2019-08-01,16:02:50.644000,10646,10647,10647,1
2019-08-01,16:02:52.716000,10646,10647,10647,2
2019-08-01,16:02:53.478000,10646,10647,10647,1
2019-08-01,16:02:53.487000,10646,10647,10647,2
2019-08-01,16:03:05.274000,10646,10647,10647,1
2019-08-01,16:03:08.244000,10646,10647,10647,2
2019-08-01,16:03:13.436000,10646,10647,10646,1
2019-08-01,16:03:36.870000,10646,10647,10647,1
2019-08-01,16:03:38.471000,10646,10647,10647,20
2019-08-01,16:03:48.920000,10647,10648,10648,1
2019-08-01,16:03:49.010000,10647,10648,10648,2
2019-08-01,16:03:54.200000,10647,10648,10648,1
2019-08-01,16:03:55.001000,10647,10648,10648,2
2019-08-01,16:03:55.580000,10647,10648,10648,1
2019-08-01,16:04:04.318000,10647,10648,10647,1
2019-08-01,16:04:06.981000,10647,10648,10648,1
2019-08-01,16:04:16.002000,10647,10648,10647,1
2019-08-01,16:04:16.200000,10647,10648,10648,2
2019-08-01,16:04:16.207000,10647,10648,10647,1
2019-08-01,16:04:16.207000,10647,10648,10647,4
2019-08-01,16:04:27.577000,10646,10647,10647,1
2019-08-01,16:04:44.881000,10646,10647,10647,1
2019-08-01,16:04:47.486000,10646,10647,10646,12
2019-08-01,16:04:57.059000,10645,10646,10645,1
2019-08-01,16:05:00.048000,10645,10646,10646,1
2019-08-01,16:05:00.606000,10645,10646,10645,2
2019-08-01,16:05:03.503000,10645,10646,10645,1
2019-08-01,16:05:13.236000,10645,10646,10645,4
2019-08-01,16:05:13.236000,10645,10646,10645,1
2019-08-01,16:05:13.236000,10645,10646,10645,2
2019-08-01,16:05:13.237000,10645,10646,10645,5
2019-08-01,16:05:22.466000,10645,10646,10645,1
2019-08-01,16:05:24.037000,10644,10645,10644,20
2019-08-01,16:05:24.170000,10644,10645,10644,2
2019-08-01,16:05:28.381000,10643,10644,10644,1
2019-08-01,16:05:36.039000,10643,10644,10644,4
2019-08-01,16:05:37.733000,10643,10644,10644,1
2019-08-01,16:05:51.359000,10643,10644,10643,3
2019-08-01,16:05:52.191000,10643,10644,10643,2
2019-08-01,16:05:52.484000,10643,10644,10643,1
2019-08-01,16:06:12.593000,10643,10644,10643,2
2019-08-01,16:06:12.611000,10643,10644,10643,4
2019-08-01,16:06:18.813000,10642,10643,10643,2
2019-08-01,16:06:24.162000,10642,10643,10643,1
2019-08-01,16:06:26.979000,10642,10643,10643,2
2019-08-01,16:06:32.391000,10642,10643,10643,2
2019-08-01,16:06:34.308000,10642,10643,10643,1
2019-08-01,16:06:46.089000,10642,10643,10643,1
2019-08-01,16:06:47.835000,10642,10643,10643,2
2019-08-01,16:07:10.278000,10642,10643,10643,1
2019-08-01,16:07:10.667000,10642,10643,10643,1
2019-08-01,16:07:11.045000,10642,10643,10643,1
2019-08-01,16:07:12.005000,10642,10643,10642,1
2019-08-01,16:07:12.688000,10642,10643,10643,1
2019-08-01,16:07:13.826000,10642,10643,10643,1
2019-08-01,16:07:29.695000,10642,10643,10642,1
2019-08-01,16:07:53.357000,10642,10643,10642,1
2019-08-01,16:08:04.264000,10642,10643,10642,10
2019-08-01,16:08:04.496000,10642,10643,10642,2
2019-08-01,16:08:09.184000,10642,10643,10642,1
2019-08-01,16:08:10.308000,10642,10643,10642,10
2019-08-01,16:08:11.201000,10641,10643,10641,2
2019-08-01,16:08:35.768000,10642,10643,10642,1
2019-08-01,16:08:43.236000,10642,10643,10642,1
2019-08-01,16:08:47.136000,10642,10643,10642,4
2019-08-01,16:09:03.115000,10642,10643,10643,7
2019-08-01,16:09:15.130000,10643,10644,10643,1
2019-08-01,16:09:25.695000,10643,10644,10643,2
2019-08-01,16:09:25.695000,10643,10644,10643,2
2019-08-01,16:09:25.695000,10643,10644,10643,4
2019-08-01,16:09:31.611000,10642,10643,10642,8
2019-08-01,16:09:31.736000,10642,10643,10642,1
2019-08-01,16:09:38.848000,10641,10642,10641,5
2019-08-01,16:09:42.185000,10641,10642,10641,1
2019-08-01,16:09:42.767000,10641,10642,10641,1
2019-08-01,16:09:45.755000,10641,10642,10641,4
2019-08-01,16:09:45.861000,10641,10642,10641,2
2019-08-01,16:09:46.383000,10640,10641,10640,1
2019-08-01,16:09:46.580000,10640,10641,10640,1
2019-08-01,16:09:46.635000,10640,10641,10640,1
2019-08-01,16:09:46.646000,10640,10641,10640,1
2019-08-01,16:09:46.690000,10640,10641,10640,1
2019-08-01,16:09:46.695000,10640,10641,10640,1
2019-08-01,16:09:46.745000,10640,10641,10640,1
2019-08-01,16:09:46.795000,10640,10641,10640,1
2019-08-01,16:09:50.588000,10640,10641,10641,1
2019-08-01,16:09:54.491000,10640,10641,10640,1
2019-08-01,16:09:54.973000,10640,10641,10641,3
2019-08-01,16:09:55.035000,10640,10641,10640,2
2019-08-01,16:10:00.401000,10640,10641,10640,4
2019-08-01,16:10:03.120000,10640,10641,10641,1
2019-08-01,16:10:06.124000,10640,10641,10641,3
2019-08-01,16:10:06.318000,10640,10641,10640,1
2019-08-01,16:10:07.999000,10640,10641,10640,2
2019-08-01,16:10:08.818000,10640,10641,10640,4
2019-08-01,16:10:12.515000,10640,10641,10640,4
2019-08-01,16:10:12.768000,10640,10641,10640,5
2019-08-01,16:10:15.770000,10640,10641,10640,1
2019-08-01,16:10:16.303000,10640,10641,10640,25
2019-08-01,16:10:16.361000,10640,10641,10640,5
2019-08-01,16:10:16.361000,10640,10641,10640,2
2019-08-01,16:10:16.361000,10640,10641,10640,3
2019-08-01,16:10:16.361000,10640,10641,10640,2
2019-08-01,16:10:16.362000,10640,10641,10640,3
2019-08-01,16:10:16.615000,10639,10640,10639,2
2019-08-01,16:10:16.944000,10639,10640,10639,1
2019-08-01,16:10:18.891000,10639,10640,10640,1
2019-08-01,16:10:19.711000,10639,10640,10639,1
2019-08-01,16:10:23.176000,10639,10640,10639,1
2019-08-01,16:10:26.344000,10639,10640,10640,1
2019-08-01,16:10:28.214000,10639,10640,10639,2
2019-08-01,16:10:33.278000,10639,10640,10639,1
2019-08-01,16:10:34.369000,10639,10640,10639,1
2019-08-01,16:10:35.542000,10639,10640,10640,1
2019-08-01,16:10:37.779000,10639,10640,10640,1
2019-08-01,16:10:49.511000,10639,10640,10639,1
2019-08-01,16:10:54.270000,10639,10640,10639,1
2019-08-01,16:10:56.138000,10639,10640,10639,3
2019-08-01,16:10:59.255000,10639,10640,10639,4
2019-08-01,16:10:59.473000,10639,10640,10639,1
2019-08-01,16:11:00.221000,10639,10640,10639,8
2019-08-01,16:11:00.221000,10639,10640,10638,2
2019-08-01,16:11:00.274000,10638,10639,10638,1
2019-08-01,16:11:00.281000,10638,10639,10638,3
2019-08-01,16:11:00.439000,10638,10639,10638,1
2019-08-01,16:11:01.198000,10638,10639,10639,1
2019-08-01,16:11:05.206000,10638,10639,10639,6
2019-08-01,16:11:06.203000,10639,10640,10639,1
2019-08-01,16:11:06.291000,10639,10640,10639,5
2019-08-01,16:11:08.690000,10638,10639,10638,1
2019-08-01,16:11:09.113000,10638,10639,10638,10
2019-08-01,16:11:09.544000,10638,10639,10638,10
2019-08-01,16:11:10.859000,10638,10639,10638,2
2019-08-01,16:11:10.859000,10638,10639,10637,8
2019-08-01,16:11:11.019000,10638,10639,10638,1
2019-08-01,16:11:16.637000,10638,10639,10639,1
2019-08-01,16:11:30.737000,10638,10639,10638,1
2019-08-01,16:11:31.580000,10638,10639,10639,1
2019-08-01,16:11:32.113000,10638,10639,10639,1
2019-08-01,16:11:35.139000,10638,10639,10638,1
2019-08-01,16:11:41.568000,10638,10639,10639,18
2019-08-01,16:11:41.611000,10638,10639,10639,22
2019-08-01,16:11:41.611000,10638,10639,10639,3
2019-08-01,16:11:43.258000,10638,10640,10638,1
2019-08-01,16:11:46.986000,10639,10640,10639,1
2019-08-01,16:11:47.883000,10639,10640,10639,1
2019-08-01,16:11:48.070000,10638,10640,10638,1
2019-08-01,16:11:50.989000,10638,10639,10638,1
2019-08-01,16:12:11.226000,10638,10639,10638,1
2019-08-01,16:12:22.578000,10638,10639,10639,1
2019-08-01,16:12:35.866000,10638,10639,10639,1
2019-08-01,16:12:35.866000,10638,10639,10639,3
2019-08-01,16:12:35.866000,10638,10639,10639,1
2019-08-01,16:12:35.986000,10639,10640,10639,11
2019-08-01,16:12:36.021000,10639,10640,10639,1
2019-08-01,16:12:36.793000,10638,10640,10640,1
2019-08-01,16:13:02.026000,10639,10640,10640,1
2019-08-01,16:13:14.663000,10639,10640,10640,5
2019-08-01,16:13:14.736000,10639,10640,10640,4
2019-08-01,16:13:14.861000,10639,10640,10640,2
2019-08-01,16:13:15.111000,10640,10641,10640,2
2019-08-01,16:13:15.417000,10640,10641,10640,1
2019-08-01,16:13:24.908000,10640,10641,10641,2
2019-08-01,16:13:32.511000,10640,10641,10641,1
2019-08-01,16:13:52.705000,10640,10641,10641,2
2019-08-01,16:14:00.205000,10640,10641,10640,1
2019-08-01,16:14:07.519000,10640,10641,10640,1
2019-08-01,16:14:11.252000,10640,10641,10640,1
2019-08-01,16:14:13.656000,10640,10641,10640,5
2019-08-01,16:14:13.938000,10640,10641,10640,12
2019-08-01,16:14:31.696000,10639,10640,10640,10
2019-08-01,16:14:32.911000,10640,10641,10641,13
2019-08-01,16:14:32.911000,10640,10641,10642,5
2019-08-01,16:14:38.479000,10640,10642,10641,2
2019-08-01,16:14:48.620000,10640,10641,10641,7
2019-08-01,16:14:56.339000,10641,10642,10642,2
2019-08-01,16:14:56.508000,10641,10642,10642,2
2019-08-01,16:14:57,10641,10642,10641,1
2019-08-01,16:15:04.913000,10641,10642,10641,1
2019-08-01,16:15:12.114000,10641,10642,10642,20
2019-08-01,16:15:14.111000,10642,10643,10642,1
2019-08-01,16:15:14.858000,10642,10643,10642,3
2019-08-01,16:15:17.688000,10641,10642,10642,1
2019-08-01,16:15:24.461000,10641,10642,10642,1
2019-08-01,16:15:26.595000,10641,10642,10642,1
2019-08-01,16:15:28.105000,10641,10642,10641,1
2019-08-01,16:15:29.528000,10641,10642,10642,1
2019-08-01,16:15:29.832000,10641,10642,10642,1
2019-08-01,16:15:31.784000,10641,10642,10642,1
2019-08-01,16:15:39.100000,10641,10642,10642,1
2019-08-01,16:15:42.645000,10641,10642,10642,1
2019-08-01,16:15:45.834000,10641,10642,10642,1
2019-08-01,16:16:09.019000,10642,10643,10642,11
2019-08-01,16:16:10.009000,10641,10642,10642,2
2019-08-01,16:16:27.860000,10641,10642,10642,1
2019-08-01,16:16:32.135000,10641,10642,10642,1
2019-08-01,16:16:53.268000,10641,10642,10641,1
2019-08-01,16:16:59.374000,10641,10642,10641,1
2019-08-01,16:17:04.781000,10641,10642,10641,1
2019-08-01,16:17:04.781000,10641,10642,10641,2
2019-08-01,16:17:04.787000,10641,10642,10641,9
2019-08-01,16:17:05.864000,10640,10641,10640,2
2019-08-01,16:17:05.986000,10640,10641,10640,4
2019-08-01,16:17:06.111000,10640,10641,10640,7
2019-08-01,16:17:06.236000,10640,10641,10640,1
2019-08-01,16:17:10.715000,10640,10641,10640,1
2019-08-01,16:17:14.240000,10639,10640,10640,1
2019-08-01,16:17:14.427000,10639,10640,10640,2
2019-08-01,16:17:16.361000,10639,10640,10640,6
2019-08-01,16:17:33.638000,10640,10641,10640,1
2019-08-01,16:17:41.411000,10640,10641,10640,1
2019-08-01,16:17:42.643000,10640,10641,10641,1
2019-08-01,16:17:47.194000,10641,10642,10641,1
2019-08-01,16:18:32.718000,10641,10642,10641,1
2019-08-01,16:18:59.489000,10641,10642,10642,2
2019-08-01,16:19:11.691000,10641,10642,10642,1
2019-08-01,16:19:19.602000,10641,10642,10642,2
2019-08-01,16:19:21.381000,10641,10642,10642,1
2019-08-01,16:19:22.738000,10641,10642,10642,2
2019-08-01,16:19:40.060000,10641,10642,10642,1
2019-08-01,16:19:42.023000,10641,10642,10642,1
2019-08-01,16:19:50.856000,10641,10642,10642,1
2019-08-01,16:20:06.611000,10641,10642,10641,15
2019-08-01,16:20:06.736000,10641,10642,10641,1
2019-08-01,16:20:06.736000,10641,10642,10641,1
2019-08-01,16:20:08.490000,10640,10641,10641,1
2019-08-01,16:20:30.302000,10640,10641,10641,1
2019-08-01,16:20:32.652000,10641,10642,10641,2
2019-08-01,16:21:10.325000,10641,10642,10641,1
2019-08-01,16:21:44.853000,10641,10642,10641,5
2019-08-01,16:21:50.253000,10641,10642,10641,1
2019-08-01,16:22:09.672000,10640,10641,10641,1
2019-08-01,16:22:16.108000,10640,10641,10640,1
2019-08-01,16:22:16.108000,10640,10641,10640,1
2019-08-01,16:22:16.108000,10640,10641,10640,1
2019-08-01,16:22:16.111000,10640,10641,10640,1
2019-08-01,16:22:16.111000,10640,10641,10640,8
2019-08-01,16:22:16.111000,10640,10641,10640,1
2019-08-01,16:22:16.111000,10640,10641,10640,3
2019-08-01,16:22:21.531000,10639,10640,10639,2
2019-08-01,16:22:39.900000,10639,10640,10639,11
2019-08-01,16:22:42.304000,10638,10639,10638,2
2019-08-01,16:22:44.307000,10638,10639,10638,20
2019-08-01,16:22:45.865000,10638,10639,10638,2
2019-08-01,16:22:47.717000,10638,10639,10638,1
2019-08-01,16:22:52.995000,10638,10639,10638,2
2019-08-01,16:23:04.922000,10638,10639,10638,1
2019-08-01,16:23:10.013000,10638,10639,10638,1
2019-08-01,16:23:26.385000,10638,10639,10638,1
2019-08-01,16:23:29.543000,10638,10639,10638,1
2019-08-01,16:23:29.600000,10638,10639,10638,1
2019-08-01,16:23:31.490000,10638,10639,10638,1
2019-08-01,16:23:32.709000,10638,10639,10638,1
2019-08-01,16:23:37.887000,10638,10639,10638,1
2019-08-01,16:23:42.403000,10638,10639,10638,3
2019-08-01,16:23:42.718000,10637,10638,10638,2
2019-08-01,16:24:38.156000,10638,10639,10639,1
2019-08-01,16:24:42.300000,10638,10639,10639,2
2019-08-01,16:25:00.585000,10638,10639,10639,2
2019-08-01,16:25:08.280000,10638,10639,10639,1
2019-08-01,16:26:00.873000,10638,10639,10638,1
2019-08-01,16:26:05.516000,10638,10639,10638,4
2019-08-01,16:26:08.541000,10638,10639,10638,2
2019-08-01,16:26:15.215000,10638,10639,10638,4
2019-08-01,16:26:16.102000,10638,10639,10638,1
2019-08-01,16:26:25.124000,10638,10639,10638,1
2019-08-01,16:26:33.158000,10638,10639,10638,1
2019-08-01,16:26:33.642000,10638,10639,10638,4
2019-08-01,16:27:08.432000,10637,10638,10637,3
2019-08-01,16:27:08.952000,10637,10638,10638,1
2019-08-01,16:27:13.140000,10637,10638,10638,1
2019-08-01,16:27:43.212000,10637,10638,10637,1
2019-08-01,16:28:04.842000,10637,10638,10637,31
2019-08-01,16:28:04.912000,10636,10638,10637,1
2019-08-01,16:28:05.274000,10636,10637,10636,2
2019-08-01,16:28:05.403000,10636,10637,10637,2
2019-08-01,16:28:05.433000,10636,10637,10636,1
2019-08-01,16:28:05.446000,10636,10637,10636,2
2019-08-01,16:28:05.954000,10636,10637,10636,1
2019-08-01,16:28:08.540000,10636,10637,10636,1
2019-08-01,16:28:12.567000,10636,10637,10636,1
2019-08-01,16:28:17.584000,10636,10637,10636,2
2019-08-01,16:28:38.252000,10636,10637,10636,1
2019-08-01,16:28:39.490000,10636,10637,10636,1
2019-08-01,16:28:41.329000,10636,10637,10636,1
2019-08-01,16:28:51.796000,10636,10637,10637,1
2019-08-01,16:29:03.386000,10636,10637,10637,1
2019-08-01,16:29:22.579000,10636,10637,10636,2
2019-08-01,16:29:23.438000,10636,10637,10637,1
2019-08-01,16:29:32.342000,10636,10637,10637,1
2019-08-01,16:29:33.483000,10636,10637,10636,1
2019-08-01,16:29:36.217000,10636,10637,10636,1
2019-08-01,16:29:53.036000,10636,10637,10636,1
2019-08-01,16:30:00.522000,10636,10637,10636,1
2019-08-01,16:30:01.010000,10636,10637,10636,1
2019-08-01,16:30:01.065000,10636,10637,10636,1
2019-08-01,16:30:01.971000,10636,10637,10636,3
2019-08-01,16:30:02.555000,10636,10637,10636,1
2019-08-01,16:30:02.657000,10636,10637,10636,4
2019-08-01,16:30:08.919000,10636,10637,10636,5
2019-08-01,16:30:09.379000,10636,10637,10636,1
2019-08-01,16:30:11.539000,10636,10637,10637,1
2019-08-01,16:30:13.988000,10636,10637,10637,1
2019-08-01,16:30:14.848000,10636,10637,10636,3
2019-08-01,16:30:16.613000,10636,10637,10636,1
2019-08-01,16:30:38.007000,10636,10637,10636,1
2019-08-01,16:30:40.944000,10636,10637,10636,1
2019-08-01,16:30:42.885000,10636,10637,10637,2
2019-08-01,16:30:49.613000,10636,10637,10637,3
2019-08-01,16:30:51.419000,10636,10637,10636,1
2019-08-01,16:30:59.481000,10636,10637,10636,2
2019-08-01,16:31:08.731000,10636,10637,10637,5
2019-08-01,16:31:10.051000,10636,10637,10636,3
2019-08-01,16:31:16.092000,10636,10637,10637,3
2019-08-01,16:31:18.191000,10636,10637,10636,1
2019-08-01,16:31:18.529000,10636,10637,10637,11
2019-08-01,16:31:42.848000,10637,10638,10637,2
2019-08-01,16:31:44.315000,10637,10638,10638,10
2019-08-01,16:31:46.521000,10637,10638,10637,2
2019-08-01,16:31:58.497000,10637,10638,10637,1
2019-08-01,16:31:58.901000,10637,10638,10637,2
2019-08-01,16:32:21.036000,10637,10638,10637,1
2019-08-01,16:32:29.086000,10637,10638,10637,1
2019-08-01,16:32:31.025000,10637,10638,10637,3
2019-08-01,16:32:52.546000,10637,10638,10637,1
2019-08-01,16:32:58.361000,10637,10638,10637,16
2019-08-01,16:32:58.486000,10637,10638,10637,1
2019-08-01,16:32:58.487000,10637,10638,10637,1
2019-08-01,16:32:59.251000,10637,10638,10637,3
2019-08-01,16:33:04.527000,10636,10637,10636,4
2019-08-01,16:33:04.611000,10636,10637,10636,12
2019-08-01,16:33:04.737000,10636,10637,10636,32
2019-08-01,16:33:12.658000,10635,10636,10635,1
2019-08-01,16:33:12.753000,10635,10636,10635,3
2019-08-01,16:33:12.780000,10635,10636,10635,1
2019-08-01,16:33:12.986000,10635,10636,10635,2
2019-08-01,16:33:13.112000,10635,10636,10635,38
2019-08-01,16:33:19.291000,10634,10635,10634,1
2019-08-01,16:33:19.503000,10634,10635,10634,1
2019-08-01,16:33:19.589000,10634,10635,10634,1
2019-08-01,16:33:19.642000,10634,10635,10634,1
2019-08-01,16:33:22.091000,10634,10635,10634,13
2019-08-01,16:33:23.169000,10633,10634,10634,1
2019-08-01,16:33:26.364000,10633,10634,10633,2
2019-08-01,16:33:26.538000,10633,10634,10633,1
2019-08-01,16:33:26.582000,10633,10634,10633,1
2019-08-01,16:33:27.923000,10633,10634,10633,30
2019-08-01,16:33:27.974000,10633,10634,10633,1
2019-08-01,16:33:27.975000,10633,10634,10633,1
2019-08-01,16:33:28.268000,10632,10633,10633,1
2019-08-01,16:33:32.800000,10632,10633,10632,3
2019-08-01,16:33:33.341000,10632,10633,10632,2
2019-08-01,16:33:34.029000,10632,10633,10632,1
2019-08-01,16:33:35.109000,10632,10633,10632,1
2019-08-01,16:33:37.396000,10632,10633,10632,2
2019-08-01,16:33:37.515000,10632,10633,10632,6
2019-08-01,16:33:38.619000,10632,10633,10632,1
2019-08-01,16:33:39.661000,10632,10633,10632,1
2019-08-01,16:33:39.684000,10632,10633,10632,2
2019-08-01,16:33:40.633000,10632,10633,10633,2
2019-08-01,16:33:41.147000,10632,10633,10632,1
2019-08-01,16:33:41.238000,10632,10633,10632,1
2019-08-01,16:33:42.694000,10632,10633,10632,1
2019-08-01,16:33:47.565000,10632,10633,10632,1
2019-08-01,16:33:49.066000,10632,10633,10633,3
2019-08-01,16:33:49.701000,10632,10633,10632,1
2019-08-01,16:33:53.508000,10632,10633,10632,6
2019-08-01,16:33:54.381000,10632,10633,10632,3
2019-08-01,16:33:54.689000,10632,10633,10632,3
2019-08-01,16:33:55.592000,10632,10633,10632,1
2019-08-01,16:33:56.049000,10632,10633,10632,3
2019-08-01,16:34:00.570000,10632,10633,10632,1
2019-08-01,16:34:02.639000,10632,10633,10633,3
2019-08-01,16:34:02.928000,10632,10633,10633,1
2019-08-01,16:34:03.398000,10632,10633,10633,2
2019-08-01,16:34:03.430000,10632,10633,10632,2
2019-08-01,16:34:04.182000,10632,10633,10632,1
2019-08-01,16:34:07.319000,10632,10633,10632,1
2019-08-01,16:34:08.012000,10632,10633,10632,2
2019-08-01,16:34:08.612000,10632,10633,10632,2
2019-08-01,16:34:09.336000,10632,10633,10632,1
2019-08-01,16:34:22.335000,10632,10633,10632,1
2019-08-01,16:34:22.694000,10632,10633,10632,2
2019-08-01,16:34:27.571000,10632,10633,10632,1
2019-08-01,16:34:27.745000,10632,10633,10633,1
2019-08-01,16:34:28.342000,10632,10633,10632,1
2019-08-01,16:34:32.004000,10632,10633,10632,1
2019-08-01,16:34:37.848000,10632,10633,10632,1
2019-08-01,16:34:46.471000,10632,10633,10632,5
2019-08-01,16:34:47.738000,10632,10633,10632,1
2019-08-01,16:34:49.136000,10632,10633,10632,6
2019-08-01,16:34:51.110000,10632,10633,10632,1
2019-08-01,16:34:51.675000,10632,10633,10632,6
2019-08-01,16:34:53.720000,10632,10633,10632,1
2019-08-01,16:34:54.154000,10632,10633,10632,2
2019-08-01,16:34:55.723000,10632,10633,10632,1
2019-08-01,16:34:56.451000,10632,10633,10632,1
2019-08-01,16:34:57.077000,10632,10633,10632,1
2019-08-01,16:34:57.077000,10632,10633,10632,1
2019-08-01,16:34:57.324000,10631,10632,10632,1
2019-08-01,16:34:59.485000,10631,10633,10631,1
2019-08-01,16:34:59.790000,10631,10632,10631,2
2019-08-01,16:34:59.911000,10631,10632,10632,1
2019-08-01,16:35:00.831000,10631,10633,10631,5
2019-08-01,16:35:01.094000,10631,10632,10631,3
2019-08-01,16:35:01.109000,10631,10632,10631,1
2019-08-01,16:35:01.116000,10631,10632,10631,1
2019-08-01,16:35:01.297000,10631,10632,10631,1
2019-08-01,16:35:01.377000,10631,10632,10631,1
2019-08-01,16:35:01.430000,10631,10632,10631,1
2019-08-01,16:35:01.627000,10631,10632,10631,1
2019-08-01,16:35:02.130000,10631,10632,10631,1
2019-08-01,16:35:03.361000,10631,10632,10631,4
2019-08-01,16:35:05.483000,10631,10632,10631,1
2019-08-01,16:35:05.802000,10631,10632,10631,1
2019-08-01,16:35:06.379000,10631,10632,10631,1
2019-08-01,16:35:06.453000,10631,10632,10631,6
2019-08-01,16:35:09.623000,10631,10632,10631,1
2019-08-01,16:35:09.809000,10631,10632,10631,4
2019-08-01,16:35:09.836000,10631,10632,10631,2
2019-08-01,16:35:09.836000,10631,10632,10631,2
2019-08-01,16:35:11.905000,10631,10632,10631,2
2019-08-01,16:35:14.540000,10630,10631,10631,1
2019-08-01,16:35:15.311000,10630,10631,10630,1
2019-08-01,16:35:15.416000,10630,10631,10630,2
2019-08-01,16:35:18.465000,10630,10631,10630,7
2019-08-01,16:35:21.235000,10630,10631,10630,1
2019-08-01,16:35:21.525000,10630,10631,10630,6
2019-08-01,16:35:22.269000,10630,10631,10630,6
2019-08-01,16:35:25.416000,10630,10631,10630,1
2019-08-01,16:35:27.492000,10630,10631,10630,1
2019-08-01,16:35:29.288000,10630,10631,10630,2
2019-08-01,16:35:31.680000,10630,10631,10631,1
2019-08-01,16:35:34.972000,10630,10631,10630,1
2019-08-01,16:35:36.668000,10630,10631,10631,26
2019-08-01,16:35:36.697000,10630,10631,10631,1
2019-08-01,16:35:36.698000,10630,10631,10631,3
2019-08-01,16:35:41.994000,10631,10632,10631,1
2019-08-01,16:35:43.763000,10631,10632,10631,2
2019-08-01,16:35:45.695000,10631,10632,10631,1
2019-08-01,16:35:46.036000,10631,10632,10631,5
2019-08-01,16:35:49.385000,10631,10632,10631,1
2019-08-01,16:35:53.693000,10631,10632,10631,1
2019-08-01,16:35:53.857000,10631,10632,10631,2
2019-08-01,16:36:01.295000,10631,10632,10631,1
2019-08-01,16:36:02.578000,10631,10632,10631,1
2019-08-01,16:36:08.703000,10631,10632,10632,1
2019-08-01,16:36:12.571000,10631,10632,10632,2
2019-08-01,16:36:12.571000,10631,10632,10632,3
2019-08-01,16:36:12.571000,10631,10632,10632,3
2019-08-01,16:36:12.572000,10631,10632,10632,5
2019-08-01,16:36:12.796000,10632,10633,10632,1
2019-08-01,16:36:13.458000,10632,10633,10632,1
2019-08-01,16:36:22.100000,10632,10633,10633,20
2019-08-01,16:36:27.539000,10633,10634,10634,2
2019-08-01,16:36:27.539000,10633,10634,10634,6
2019-08-01,16:36:31.599000,10634,10635,10634,1
2019-08-01,16:36:32.254000,10634,10635,10635,1
2019-08-01,16:36:35,10634,10635,10635,1
2019-08-01,16:36:41.382000,10634,10635,10635,1
2019-08-01,16:36:41.436000,10634,10635,10635,1
2019-08-01,16:36:41.547000,10634,10635,10634,5
2019-08-01,16:36:43.858000,10634,10635,10634,1
2019-08-01,16:36:43.958000,10633,10635,10634,1
2019-08-01,16:36:44.140000,10633,10634,10633,4
2019-08-01,16:36:59.285000,10633,10634,10634,1
2019-08-01,16:36:59.552000,10633,10634,10634,1
2019-08-01,16:36:59.830000,10633,10634,10634,1
2019-08-01,16:37:00.112000,10633,10635,10635,1
2019-08-01,16:37:00.403000,10633,10635,10635,1
2019-08-01,16:37:07.804000,10633,10634,10634,1
2019-08-01,16:37:19.056000,10633,10634,10634,1
2019-08-01,16:37:29.827000,10633,10634,10634,1
2019-08-01,16:37:38.102000,10633,10634,10634,1
2019-08-01,16:37:39.447000,10633,10634,10634,1
2019-08-01,16:37:43.852000,10633,10634,10634,1
2019-08-01,16:37:44.364000,10633,10634,10634,1
2019-08-01,16:37:54.729000,10633,10634,10634,1
2019-08-01,16:37:58.831000,10633,10634,10634,1
2019-08-01,16:38:12.601000,10633,10634,10634,8
2019-08-01,16:38:15.977000,10634,10635,10635,2
2019-08-01,16:38:25.662000,10634,10635,10635,1
2019-08-01,16:38:28.060000,10634,10635,10635,1
2019-08-01,16:38:31.598000,10634,10635,10635,1
2019-08-01,16:38:31.970000,10634,10635,10635,1
2019-08-01,16:38:33.114000,10634,10635,10635,1
2019-08-01,16:38:33.115000,10634,10635,10635,1
2019-08-01,16:38:33.116000,10634,10635,10635,1
2019-08-01,16:38:33.236000,10634,10635,10635,9
2019-08-01,16:38:33.236000,10634,10635,10635,2
2019-08-01,16:38:40.290000,10635,10636,10635,1
2019-08-01,16:38:41.230000,10635,10636,10635,1
2019-08-01,16:38:41.376000,10635,10636,10636,1
2019-08-01,16:38:46.866000,10635,10636,10636,4
2019-08-01,16:38:48.266000,10635,10636,10636,1
2019-08-01,16:38:49.362000,10635,10636,10636,1
2019-08-01,16:38:49.758000,10635,10636,10636,1
2019-08-01,16:38:49.861000,10635,10636,10636,1
2019-08-01,16:38:56.200000,10636,10637,10637,1
2019-08-01,16:39:05.412000,10636,10637,10637,1
2019-08-01,16:39:06.706000,10636,10637,10636,5
2019-08-01,16:39:08.742000,10636,10637,10636,3
2019-08-01,16:39:08.861000,10636,10637,10636,8
2019-08-01,16:39:10.465000,10635,10636,10636,1
2019-08-01,16:39:16.662000,10635,10636,10636,1
2019-08-01,16:39:20.345000,10635,10636,10636,4
2019-08-01,16:39:43.871000,10635,10636,10636,1
2019-08-01,16:40:02.060000,10635,10636,10636,1
2019-08-01,16:40:12.567000,10635,10636,10635,11
2019-08-01,16:40:12.567000,10635,10636,10635,1
2019-08-01,16:40:12.571000,10635,10636,10635,2
2019-08-01,16:40:17.728000,10634,10635,10635,1
2019-08-01,16:40:19.561000,10634,10635,10635,1
2019-08-01,16:40:21.761000,10634,10635,10635,1
2019-08-01,16:40:22.750000,10635,10636,10635,1
2019-08-01,16:40:26.129000,10635,10636,10636,2
2019-08-01,16:40:27.205000,10635,10636,10635,2
2019-08-01,16:40:28.827000,10635,10636,10635,1
2019-08-01,16:40:31.933000,10634,10635,10635,1
2019-08-01,16:40:40.049000,10635,10636,10635,1
2019-08-01,16:40:48.841000,10635,10636,10635,1
2019-08-01,16:40:51.883000,10635,10636,10635,1
2019-08-01,16:40:57.570000,10634,10635,10635,1
2019-08-01,16:41:10.479000,10635,10636,10636,9
2019-08-01,16:41:14.345000,10636,10637,10637,16
2019-08-01,16:41:18.651000,10637,10638,10638,1
2019-08-01,16:41:18.652000,10637,10638,10638,2
2019-08-01,16:41:18.736000,10637,10638,10638,13
2019-08-01,16:41:18.747000,10637,10638,10639,1
2019-08-01,16:41:18.964000,10637,10639,10638,1
2019-08-01,16:41:18.997000,10638,10639,10639,2
2019-08-01,16:41:19.175000,10638,10639,10639,1
2019-08-01,16:41:21.112000,10638,10639,10638,15
2019-08-01,16:41:21.112000,10638,10639,10637,21
2019-08-01,16:41:21.113000,10638,10639,10638,1
2019-08-01,16:41:21.388000,10637,10638,10638,2
2019-08-01,16:41:23.444000,10637,10638,10638,2
2019-08-01,16:41:26.805000,10637,10638,10638,1
2019-08-01,16:41:33.649000,10637,10638,10637,2
2019-08-01,16:41:33.736000,10637,10638,10637,1
2019-08-01,16:41:42.656000,10637,10638,10638,1
2019-08-01,16:41:44.849000,10637,10638,10637,1
2019-08-01,16:41:58.911000,10637,10638,10637,1
2019-08-01,16:42:01.465000,10637,10638,10637,1
2019-08-01,16:42:02.708000,10637,10638,10637,1
2019-08-01,16:42:08.446000,10637,10638,10637,1
2019-08-01,16:42:08.785000,10637,10638,10637,2
2019-08-01,16:42:17.957000,10637,10638,10637,1
2019-08-01,16:42:26.666000,10637,10638,10637,5
2019-08-01,16:42:26.666000,10637,10638,10637,2
2019-08-01,16:42:26.666000,10637,10638,10637,4
2019-08-01,16:42:26.666000,10637,10638,10637,1
2019-08-01,16:42:27.266000,10636,10637,10636,2
2019-08-01,16:42:37.928000,10636,10637,10636,2
2019-08-01,16:42:40.966000,10636,10637,10636,1
2019-08-01,16:42:56.823000,10636,10637,10636,1
2019-08-01,16:43:17.598000,10636,10637,10636,1
2019-08-01,16:43:43.097000,10636,10637,10636,1
2019-08-01,16:43:58.358000,10636,10637,10636,1
2019-08-01,16:44:06.900000,10636,10637,10636,1
2019-08-01,16:44:12.079000,10636,10637,10636,1
2019-08-01,16:44:14.689000,10636,10637,10636,8
2019-08-01,16:44:21.674000,10635,10636,10636,1
2019-08-01,16:44:51.008000,10635,10636,10636,1
2019-08-01,16:44:53.536000,10635,10636,10636,3
2019-08-01,16:44:57.346000,10636,10637,10637,13
2019-08-01,16:45:00.289000,10637,10638,10638,1
2019-08-01,16:45:01.312000,10637,10638,10638,1
2019-08-01,16:45:03.454000,10637,10638,10637,7
2019-08-01,16:45:20.569000,10636,10637,10636,1
2019-08-01,16:45:32.624000,10636,10637,10637,1
2019-08-01,16:45:50.455000,10637,10638,10637,1
2019-08-01,16:46:11.885000,10637,10638,10638,1
2019-08-01,16:46:13.725000,10637,10638,10638,1
2019-08-01,16:46:14.431000,10637,10638,10637,5
2019-08-01,16:46:26.143000,10637,10638,10638,2
2019-08-01,16:46:31.165000,10637,10638,10638,5
2019-08-01,16:46:35.797000,10637,10638,10637,1
2019-08-01,16:46:35.800000,10637,10638,10637,3
2019-08-01,16:46:35.806000,10637,10638,10637,1
2019-08-01,16:46:44.708000,10636,10637,10636,2
2019-08-01,16:46:44.908000,10636,10637,10636,2
2019-08-01,16:46:45.135000,10636,10637,10636,9
2019-08-01,16:46:50.242000,10635,10636,10636,5
2019-08-01,16:46:54.170000,10635,10636,10636,3
2019-08-01,16:47:21.311000,10635,10636,10636,1
2019-08-01,16:47:30.886000,10635,10636,10636,2
2019-08-01,16:47:30.887000,10635,10636,10636,4
2019-08-01,16:47:53.329000,10635,10636,10636,2
2019-08-01,16:47:53.794000,10635,10636,10636,2
2019-08-01,16:48:08.383000,10636,10637,10637,1
2019-08-01,16:48:09.111000,10636,10637,10637,1
2019-08-01,16:48:28.813000,10637,10638,10638,5
2019-08-01,16:48:30.581000,10637,10638,10638,1
2019-08-01,16:48:46.263000,10637,10638,10638,7
2019-08-01,16:48:51.340000,10637,10638,10638,1
2019-08-01,16:48:53.975000,10637,10638,10638,1
2019-08-01,16:49:00.292000,10637,10638,10638,2
2019-08-01,16:49:13.433000,10637,10638,10638,1
2019-08-01,16:49:15.971000,10637,10638,10638,1
2019-08-01,16:49:25.783000,10637,10638,10637,4
2019-08-01,16:49:31.508000,10637,10638,10637,4
2019-08-01,16:49:42.235000,10637,10638,10637,1
2019-08-01,16:49:45.647000,10637,10638,10637,1
2019-08-01,16:49:50.850000,10637,10638,10637,1
2019-08-01,16:49:52.358000,10637,10638,10637,3
2019-08-01,16:50:18.611000,10636,10637,10637,1
2019-08-01,16:50:33.582000,10636,10637,10636,5
2019-08-01,16:50:33.874000,10636,10637,10636,1
2019-08-01,16:50:34.216000,10635,10636,10636,2
2019-08-01,16:50:44.555000,10635,10636,10636,1
2019-08-01,16:50:50.227000,10635,10636,10636,2
2019-08-01,16:51:16.731000,10635,10636,10636,1
2019-08-01,16:51:18.431000,10635,10636,10635,5
2019-08-01,16:51:21.986000,10635,10636,10635,2
2019-08-01,16:51:28.319000,10635,10636,10635,2
2019-08-01,16:51:34.381000,10635,10636,10635,2
2019-08-01,16:51:56.615000,10635,10636,10635,1
2019-08-01,16:52:02.621000,10635,10636,10635,1
2019-08-01,16:52:23.632000,10635,10636,10636,1
2019-08-01,16:52:24.475000,10635,10636,10636,2
2019-08-01,16:52:28.181000,10635,10636,10636,1
2019-08-01,16:52:32.037000,10635,10636,10635,1
2019-08-01,16:52:47.992000,10635,10636,10636,20
2019-08-01,16:52:48.111000,10635,10636,10636,3
2019-08-01,16:52:48.111000,10635,10636,10636,2
2019-08-01,16:52:48.111000,10635,10636,10636,1
2019-08-01,16:52:50.130000,10636,10637,10636,1
2019-08-01,16:53:08.274000,10636,10637,10637,8
2019-08-01,16:53:23.376000,10637,10638,10638,2
2019-08-01,16:53:33.871000,10638,10639,10638,1
2019-08-01,16:53:41.495000,10638,10639,10638,1
2019-08-01,16:53:54.535000,10638,10639,10638,1
2019-08-01,16:53:56.544000,10638,10639,10638,2
2019-08-01,16:54:13.896000,10638,10639,10638,1
2019-08-01,16:54:52.143000,10638,10639,10638,8
2019-08-01,16:54:52.143000,10638,10639,10637,4
2019-08-01,16:54:52.238000,10637,10639,10637,29
2019-08-01,16:54:52.238000,10637,10639,10636,7
2019-08-01,16:54:57.403000,10636,10637,10637,1
2019-08-01,16:55:20.295000,10636,10637,10637,1
2019-08-01,16:55:24.345000,10636,10637,10636,1
2019-08-01,16:55:57.277000,10636,10637,10637,2
2019-08-01,16:55:57.362000,10636,10637,10637,1
2019-08-01,16:56:11.487000,10637,10638,10638,3
2019-08-01,16:56:20.860000,10637,10638,10637,1
2019-08-01,16:56:28.087000,10637,10638,10637,2
2019-08-01,16:56:28.173000,10637,10638,10637,2
2019-08-01,16:56:53.349000,10637,10638,10637,1
2019-08-01,16:57:02.174000,10637,10638,10638,8
2019-08-01,16:57:51.299000,10637,10638,10637,13
2019-08-01,16:58:12.981000,10636,10637,10637,4
2019-08-01,16:58:19.740000,10636,10637,10637,1
2019-08-01,16:58:25.423000,10636,10637,10637,1
2019-08-01,16:58:52.854000,10637,10638,10637,3
2019-08-01,16:59:04.364000,10636,10637,10636,18
2019-08-01,16:59:12.288000,10635,10636,10635,1
2019-08-01,16:59:15.170000,10635,10636,10636,2
2019-08-01,17:00:03.859000,10636,10637,10637,1
2019-08-01,17:00:04.400000,10636,10637,10636,13
2019-08-01,17:00:04.585000,10636,10637,10636,1
2019-08-01,17:00:05.144000,10635,10637,10635,3
2019-08-01,17:00:34.293000,10635,10636,10636,1
2019-08-01,17:00:39.512000,10635,10636,10636,1
2019-08-01,17:00:43.585000,10635,10636,10636,2
2019-08-01,17:00:46.775000,10635,10636,10636,1
2019-08-01,17:01:11.053000,10636,10637,10636,1
2019-08-01,17:01:18.530000,10636,10637,10636,2
2019-08-01,17:01:26.929000,10635,10636,10636,3
2019-08-01,17:01:33.512000,10635,10636,10636,1
2019-08-01,17:01:51.178000,10635,10636,10636,4
2019-08-01,17:02:28.287000,10635,10636,10636,1
2019-08-01,17:02:29.967000,10635,10636,10636,4
2019-08-01,17:02:29.967000,10635,10636,10636,1
2019-08-01,17:02:52.754000,10637,10638,10637,1
2019-08-01,17:03:19.486000,10637,10638,10638,1
2019-08-01,17:03:19.486000,10637,10638,10638,16
2019-08-01,17:03:19.487000,10637,10638,10638,1
2019-08-01,17:03:52.176000,10638,10639,10639,1
2019-08-01,17:03:55.499000,10638,10639,10639,1
2019-08-01,17:04:07.342000,10638,10639,10639,1
2019-08-01,17:04:14.219000,10638,10639,10639,1
2019-08-01,17:04:41.256000,10638,10639,10639,1
2019-08-01,17:04:43.924000,10638,10639,10639,2
2019-08-01,17:04:54.251000,10638,10639,10639,20
2019-08-01,17:04:54.361000,10638,10639,10639,13
2019-08-01,17:05:03.430000,10639,10640,10639,1
2019-08-01,17:05:10.612000,10639,10640,10640,30
2019-08-01,17:05:10.923000,10640,10641,10641,1
2019-08-01,17:05:11.039000,10640,10641,10641,1
2019-08-01,17:05:11.304000,10640,10641,10641,1
2019-08-01,17:05:11.830000,10640,10641,10640,1
2019-08-01,17:05:13.383000,10640,10641,10641,1
2019-08-01,17:05:13.385000,10640,10641,10641,1
2019-08-01,17:05:13.385000,10640,10641,10641,1
2019-08-01,17:05:13.385000,10640,10641,10641,2
2019-08-01,17:05:13.385000,10640,10641,10641,4
2019-08-01,17:05:13.505000,10641,10642,10642,8
2019-08-01,17:05:13.505000,10641,10642,10642,7
2019-08-01,17:05:13.505000,10641,10642,10642,8
2019-08-01,17:05:13.505000,10641,10642,10642,2
2019-08-01,17:05:13.505000,10641,10642,10642,7
2019-08-01,17:05:13.505000,10641,10642,10642,2
2019-08-01,17:05:13.506000,10641,10642,10643,3
2019-08-01,17:05:13.611000,10642,10643,10643,9
2019-08-01,17:05:13.685000,10642,10643,10642,1
2019-08-01,17:05:13.711000,10642,10643,10643,4
2019-08-01,17:05:13.737000,10642,10643,10643,2
2019-08-01,17:05:13.744000,10642,10643,10643,3
2019-08-01,17:05:13.867000,10642,10643,10643,1
2019-08-01,17:05:13.870000,10642,10643,10643,13
2019-08-01,17:05:14.206000,10643,10644,10644,1
2019-08-01,17:05:14.783000,10643,10644,10644,1
2019-08-01,17:05:14.833000,10643,10644,10644,1
2019-08-01,17:05:18.370000,10643,10644,10644,1
2019-08-01,17:05:18.738000,10643,10644,10644,1
2019-08-01,17:05:20.503000,10643,10644,10644,27
2019-08-01,17:05:20.503000,10643,10644,10644,2
2019-08-01,17:05:20.503000,10643,10644,10644,3
2019-08-01,17:05:20.906000,10644,10645,10644,1
2019-08-01,17:05:21.038000,10644,10645,10645,2
2019-08-01,17:05:21.770000,10644,10645,10645,4
2019-08-01,17:05:21.784000,10644,10645,10645,2
2019-08-01,17:05:23.620000,10644,10645,10645,15
2019-08-01,17:05:26.441000,10645,10646,10646,1
2019-08-01,17:05:26.441000,10645,10646,10646,6
2019-08-01,17:05:26.441000,10645,10646,10646,3
2019-08-01,17:05:26.441000,10645,10646,10646,2
2019-08-01,17:05:26.441000,10645,10646,10646,2
2019-08-01,17:05:26.486000,10645,10646,10646,4
2019-08-01,17:05:26.602000,10645,10646,10646,1
2019-08-01,17:05:26.602000,10645,10646,10646,2
2019-08-01,17:05:26.603000,10645,10646,10646,1
2019-08-01,17:05:26.604000,10645,10646,10646,3
2019-08-01,17:05:26.611000,10645,10646,10646,1
2019-08-01,17:05:26.611000,10645,10646,10646,2
2019-08-01,17:05:26.612000,10645,10646,10646,2
2019-08-01,17:05:26.615000,10645,10646,10646,2
2019-08-01,17:05:26.634000,10645,10646,10646,2
2019-08-01,17:05:26.643000,10645,10646,10646,2
2019-08-01,17:05:26.670000,10645,10646,10646,2
2019-08-01,17:05:26.671000,10645,10646,10645,1
2019-08-01,17:05:26.737000,10645,10646,10646,2
2019-08-01,17:05:26.773000,10645,10646,10647,1
2019-08-01,17:05:27.083000,10646,10647,10646,1
2019-08-01,17:05:28.347000,10646,10647,10646,1
2019-08-01,17:05:28.990000,10646,10647,10647,4
2019-08-01,17:05:29.644000,10646,10647,10647,1
2019-08-01,17:05:29.826000,10646,10647,10647,1
2019-08-01,17:05:30.123000,10646,10647,10647,12
2019-08-01,17:05:30.919000,10646,10647,10647,1
2019-08-01,17:05:31.463000,10646,10647,10647,1
2019-08-01,17:05:32.708000,10646,10647,10647,2
2019-08-01,17:05:32.724000,10646,10647,10647,6
2019-08-01,17:05:33.324000,10646,10647,10647,1
2019-08-01,17:05:33.569000,10646,10647,10647,6
2019-08-01,17:05:34.162000,10647,10648,10648,1
2019-08-01,17:05:34.347000,10647,10648,10648,1
2019-08-01,17:05:34.358000,10647,10648,10648,1
2019-08-01,17:05:34.537000,10647,10648,10648,1
2019-08-01,17:05:34.554000,10647,10648,10648,1
2019-08-01,17:05:34.693000,10647,10648,10648,1
2019-08-01,17:05:34.743000,10647,10648,10647,1
2019-08-01,17:05:34.795000,10647,10648,10648,1
2019-08-01,17:05:35.238000,10647,10648,10648,2
2019-08-01,17:05:35.588000,10647,10648,10648,2
2019-08-01,17:05:35.770000,10647,10648,10648,2
2019-08-01,17:05:36.195000,10647,10648,10648,1
2019-08-01,17:05:37.036000,10647,10648,10648,4
2019-08-01,17:05:37.350000,10647,10648,10648,1
2019-08-01,17:05:37.559000,10647,10648,10648,4
2019-08-01,17:05:38.843000,10647,10648,10648,3
2019-08-01,17:05:38.974000,10647,10648,10648,1
2019-08-01,17:05:39.162000,10647,10648,10648,3
2019-08-01,17:05:39.793000,10647,10648,10648,2
2019-08-01,17:05:41.204000,10647,10648,10647,1
2019-08-01,17:05:42.030000,10647,10648,10648,1
2019-08-01,17:05:42.076000,10647,10648,10647,6
2019-08-01,17:05:42.111000,10647,10648,10647,14
2019-08-01,17:05:42.111000,10647,10648,10647,1
2019-08-01,17:05:42.701000,10646,10647,10647,1
2019-08-01,17:05:42.997000,10646,10647,10647,1
2019-08-01,17:05:44.732000,10646,10647,10647,1
2019-08-01,17:05:46.853000,10646,10647,10647,1
2019-08-01,17:05:49.400000,10646,10647,10647,4
2019-08-01,17:05:50.384000,10646,10647,10646,1
2019-08-01,17:05:52.421000,10646,10647,10646,5
2019-08-01,17:05:55.752000,10645,10646,10646,1
2019-08-01,17:05:59.378000,10645,10646,10646,2
2019-08-01,17:05:59.767000,10645,10646,10645,1
2019-08-01,17:06:00.864000,10645,10646,10645,1
2019-08-01,17:06:02.179000,10645,10646,10646,4
2019-08-01,17:06:02.239000,10645,10646,10646,1
2019-08-01,17:06:04.925000,10645,10646,10645,5
2019-08-01,17:06:04.986000,10645,10646,10645,1
2019-08-01,17:06:06.873000,10645,10646,10645,1
2019-08-01,17:06:10.123000,10645,10646,10645,1
2019-08-01,17:06:10.887000,10645,10646,10645,1
2019-08-01,17:06:12.362000,10645,10646,10645,1
2019-08-01,17:06:12.643000,10645,10646,10645,2
2019-08-01,17:06:18.278000,10645,10646,10645,2
2019-08-01,17:06:21.094000,10645,10646,10645,2
2019-08-01,17:06:22.010000,10645,10646,10646,1
2019-08-01,17:06:25.303000,10645,10646,10646,1
2019-08-01,17:06:28.437000,10645,10646,10646,15
2019-08-01,17:06:29.345000,10645,10646,10646,2
2019-08-01,17:06:29.798000,10645,10646,10646,1
2019-08-01,17:06:29.865000,10645,10646,10646,2
2019-08-01,17:06:30.652000,10645,10646,10646,1
2019-08-01,17:06:30.895000,10645,10646,10645,6
2019-08-01,17:06:32.045000,10645,10646,10646,1
2019-08-01,17:06:33.607000,10645,10646,10646,1
2019-08-01,17:06:35.331000,10645,10646,10646,1
2019-08-01,17:06:37.955000,10645,10646,10646,1
2019-08-01,17:06:39.688000,10645,10646,10646,2
2019-08-01,17:06:45.295000,10645,10646,10646,2
2019-08-01,17:06:45.471000,10645,10646,10646,1
2019-08-01,17:06:46.437000,10645,10646,10646,1
2019-08-01,17:06:59.174000,10645,10646,10646,1
2019-08-01,17:06:59.622000,10645,10646,10646,2
2019-08-01,17:07:02.287000,10645,10646,10646,10
2019-08-01,17:07:03.071000,10645,10646,10646,2
2019-08-01,17:07:03.072000,10645,10646,10646,4
2019-08-01,17:07:03.072000,10645,10646,10646,2
2019-08-01,17:07:04.952000,10646,10647,10646,1
2019-08-01,17:07:09.083000,10646,10647,10647,3
