2019-09-04,15:00:00.010000,10683,10684,10690,396
2019-09-04,15:00:00.012000,10690,10691,10690,1
2019-09-04,15:00:00.012000,10690,10691,10690,5
2019-09-04,15:00:00.033000,10690,10691,10690,1
2019-09-04,15:00:00.042000,10690,10691,10690,1
2019-09-04,15:00:00.045000,10690,10691,10690,1
2019-09-04,15:00:00.077000,10690,10691,10691,3
2019-09-04,15:00:00.077000,10690,10691,10692,2
2019-09-04,15:00:00.078000,10690,10691,10692,5
2019-09-04,15:00:00.092000,10690,10691,10692,1
2019-09-04,15:00:00.115000,10690,10691,10690,3
2019-09-04,15:00:00.116000,10690,10691,10690,1
2019-09-04,15:00:00.131000,10690,10691,10692,1
2019-09-04,15:00:00.167000,10690,10692,10691,2
2019-09-04,15:00:00.167000,10690,10692,10690,1
2019-09-04,15:00:00.269000,10690,10692,10692,1
2019-09-04,15:00:00.335000,10690,10692,10692,1
2019-09-04,15:00:00.350000,10690,10692,10692,1
2019-09-04,15:00:00.354000,10690,10692,10692,2
2019-09-04,15:00:00.371000,10690,10692,10692,3
2019-09-04,15:00:00.405000,10692,10693,10693,1
2019-09-04,15:00:00.415000,10692,10693,10692,3
2019-09-04,15:00:00.415000,10692,10693,10690,21
2019-09-04,15:00:00.464000,10692,10693,10692,1
2019-09-04,15:00:00.489000,10692,10693,10693,2
2019-09-04,15:00:00.489000,10692,10693,10693,1
2019-09-04,15:00:00.490000,10692,10693,10693,1
2019-09-04,15:00:00.497000,10692,10693,10693,1
2019-09-04,15:00:00.524000,10692,10693,10692,2
2019-09-04,15:00:00.526000,10692,10693,10692,1
2019-09-04,15:00:00.550000,10692,10693,10690,1
2019-09-04,15:00:00.551000,10692,10693,10690,1
2019-09-04,15:00:00.635000,10692,10693,10690,6
2019-09-04,15:00:00.719000,10690,10693,10690,1
2019-09-04,15:00:00.726000,10690,10693,10690,1
2019-09-04,15:00:00.735000,10690,10693,10690,1
2019-09-04,15:00:00.807000,10690,10692,10690,1
2019-09-04,15:00:00.849000,10690,10692,10690,1
2019-09-04,15:00:00.919000,10690,10691,10690,1
2019-09-04,15:00:01.005000,10690,10691,10691,2
2019-09-04,15:00:01.025000,10690,10691,10690,1
2019-09-04,15:00:01.026000,10690,10691,10691,3
2019-09-04,15:00:01.085000,10690,10691,10690,3
2019-09-04,15:00:01.100000,10690,10691,10691,1
2019-09-04,15:00:01.108000,10690,10691,10691,2
2019-09-04,15:00:01.114000,10690,10691,10691,2
2019-09-04,15:00:01.183000,10690,10691,10690,11
2019-09-04,15:00:01.275000,10689,10690,10690,2
2019-09-04,15:00:01.312000,10689,10690,10690,3
2019-09-04,15:00:01.351000,10689,10690,10690,1
2019-09-04,15:00:01.405000,10689,10690,10690,2
2019-09-04,15:00:01.509000,10689,10690,10689,1
2019-09-04,15:00:01.513000,10689,10690,10689,1
2019-09-04,15:00:01.516000,10689,10690,10690,2
2019-09-04,15:00:01.804000,10689,10691,10689,5
2019-09-04,15:00:01.873000,10689,10691,10689,1
2019-09-04,15:00:01.874000,10689,10691,10689,1
2019-09-04,15:00:01.877000,10689,10691,10691,2
2019-09-04,15:00:01.940000,10689,10691,10689,4
2019-09-04,15:00:02.123000,10689,10691,10691,3
2019-09-04,15:00:02.135000,10689,10691,10689,1
2019-09-04,15:00:02.159000,10689,10691,10690,1
2019-09-04,15:00:02.275000,10690,10691,10690,5
2019-09-04,15:00:02.279000,10690,10691,10691,1
2019-09-04,15:00:02.281000,10690,10691,10691,1
2019-09-04,15:00:02.287000,10690,10691,10691,1
2019-09-04,15:00:02.387000,10690,10691,10689,2
2019-09-04,15:00:02.404000,10689,10691,10689,5
2019-09-04,15:00:02.931000,10688,10689,10689,3
2019-09-04,15:00:03.047000,10688,10689,10689,1
2019-09-04,15:00:03.047000,10688,10689,10690,6
2019-09-04,15:00:03.055000,10688,10689,10690,1
2019-09-04,15:00:03.112000,10688,10689,10688,1
2019-09-04,15:00:03.307000,10688,10689,10688,1
2019-09-04,15:00:03.435000,10688,10689,10689,1
2019-09-04,15:00:03.530000,10688,10689,10689,2
2019-09-04,15:00:03.745000,10688,10690,10690,1
2019-09-04,15:00:03.769000,10688,10690,10688,1
2019-09-04,15:00:03.958000,10689,10690,10689,1
2019-09-04,15:00:03.958000,10689,10690,10688,9
2019-09-04,15:00:03.985000,10689,10690,10688,1
2019-09-04,15:00:04.079000,10689,10690,10689,1
2019-09-04,15:00:04.218000,10688,10691,10688,1
2019-09-04,15:00:04.242000,10688,10691,10688,1
2019-09-04,15:00:04.249000,10688,10691,10690,1
2019-09-04,15:00:04.404000,10688,10690,10690,1
2019-09-04,15:00:04.422000,10688,10690,10690,2
2019-09-04,15:00:04.593000,10688,10690,10688,1
2019-09-04,15:00:04.689000,10689,10690,10690,1
2019-09-04,15:00:04.854000,10689,10690,10689,1
2019-09-04,15:00:05.113000,10688,10690,10688,6
2019-09-04,15:00:05.161000,10687,10688,10688,24
2019-09-04,15:00:05.275000,10687,10688,10688,1
2019-09-04,15:00:05.577000,10687,10689,10687,3
2019-09-04,15:00:05.814000,10687,10689,10689,1
2019-09-04,15:00:05.991000,10687,10689,10687,1
2019-09-04,15:00:06.200000,10687,10689,10689,1
2019-09-04,15:00:06.433000,10687,10689,10689,2
2019-09-04,15:00:07.054000,10687,10688,10687,1
2019-09-04,15:00:07.887000,10687,10688,10688,1
2019-09-04,15:00:07.905000,10687,10688,10687,1
2019-09-04,15:00:07.922000,10687,10688,10688,3
2019-09-04,15:00:07.952000,10687,10688,10688,6
2019-09-04,15:00:08.247000,10687,10688,10687,1
2019-09-04,15:00:08.519000,10687,10688,10687,1
2019-09-04,15:00:09.131000,10687,10688,10687,1
2019-09-04,15:00:09.791000,10687,10688,10687,2
2019-09-04,15:00:10.067000,10686,10687,10687,1
2019-09-04,15:00:10.077000,10686,10687,10686,1
2019-09-04,15:00:10.660000,10686,10687,10687,1
2019-09-04,15:00:10.782000,10686,10687,10686,1
2019-09-04,15:00:11.659000,10687,10688,10687,1
2019-09-04,15:00:11.674000,10687,10688,10687,1
2019-09-04,15:00:12.342000,10687,10688,10688,1
2019-09-04,15:00:12.652000,10687,10688,10687,3
2019-09-04,15:00:12.798000,10687,10688,10687,1
2019-09-04,15:00:12.798000,10687,10688,10686,1
2019-09-04,15:00:14.182000,10687,10688,10687,2
2019-09-04,15:00:14.665000,10687,10688,10687,1
2019-09-04,15:00:14.697000,10687,10688,10687,2
2019-09-04,15:00:15.277000,10687,10688,10687,1
2019-09-04,15:00:15.297000,10687,10688,10687,2
2019-09-04,15:00:15.553000,10686,10687,10687,1
2019-09-04,15:00:15.662000,10686,10687,10687,1
2019-09-04,15:00:15.944000,10687,10688,10687,1
2019-09-04,15:00:16.084000,10686,10688,10688,4
2019-09-04,15:00:16.496000,10686,10687,10687,1
2019-09-04,15:00:16.526000,10686,10688,10686,2
2019-09-04,15:00:18.058000,10687,10688,10687,1
2019-09-04,15:00:18.108000,10687,10688,10688,4
2019-09-04,15:00:18.511000,10687,10688,10687,1
2019-09-04,15:00:18.611000,10687,10688,10687,10
2019-09-04,15:00:19.596000,10687,10688,10688,2
2019-09-04,15:00:19.637000,10687,10688,10687,2
2019-09-04,15:00:19.790000,10686,10688,10688,1
2019-09-04,15:00:20.113000,10687,10688,10687,1
2019-09-04,15:00:20.159000,10687,10688,10687,1
2019-09-04,15:00:20.733000,10687,10688,10688,1
2019-09-04,15:00:21.034000,10687,10688,10688,31
2019-09-04,15:00:21.511000,10688,10689,10689,4
2019-09-04,15:00:21.558000,10688,10689,10688,1
2019-09-04,15:00:21.665000,10688,10689,10688,1
2019-09-04,15:00:21.728000,10688,10689,10689,8
2019-09-04,15:00:21.728000,10688,10689,10690,7
2019-09-04,15:00:21.849000,10688,10690,10690,3
2019-09-04,15:00:22.274000,10689,10690,10689,1
2019-09-04,15:00:22.697000,10688,10689,10689,2
2019-09-04,15:00:23.978000,10688,10689,10688,14
2019-09-04,15:00:23.978000,10688,10689,10687,16
2019-09-04,15:00:24.628000,10687,10689,10689,1
2019-09-04,15:00:25.589000,10687,10689,10689,3
2019-09-04,15:00:27.793000,10688,10689,10689,14
2019-09-04,15:00:27.822000,10688,10689,10689,1
2019-09-04,15:00:28.038000,10689,10690,10690,5
2019-09-04,15:00:28.443000,10689,10690,10689,1
2019-09-04,15:00:28.775000,10689,10690,10690,2
2019-09-04,15:00:28.927000,10689,10690,10689,2
2019-09-04,15:00:29.224000,10689,10690,10690,13
2019-09-04,15:00:29.561000,10690,10691,10691,1
2019-09-04,15:00:29.859000,10690,10691,10690,1
2019-09-04,15:00:29.929000,10690,10691,10690,1
2019-09-04,15:00:30.446000,10690,10691,10691,1
2019-09-04,15:00:30.686000,10690,10691,10691,1
2019-09-04,15:00:30.784000,10690,10691,10690,1
2019-09-04,15:00:31.181000,10690,10691,10691,2
2019-09-04,15:00:31.448000,10690,10691,10691,2
2019-09-04,15:00:31.639000,10690,10691,10690,1
2019-09-04,15:00:31.942000,10690,10691,10690,1
2019-09-04,15:00:32.742000,10690,10691,10690,1
2019-09-04,15:00:32.912000,10690,10691,10691,21
2019-09-04,15:00:32.915000,10690,10691,10690,1
2019-09-04,15:00:33.030000,10690,10692,10690,1
2019-09-04,15:00:33.145000,10690,10692,10690,1
2019-09-04,15:00:33.496000,10690,10691,10691,1
2019-09-04,15:00:33.537000,10690,10691,10691,1
2019-09-04,15:00:33.936000,10690,10692,10692,1
2019-09-04,15:00:34.096000,10690,10691,10690,1
2019-09-04,15:00:34.154000,10690,10691,10691,1
2019-09-04,15:00:34.571000,10690,10691,10690,1
2019-09-04,15:00:34.589000,10690,10691,10690,1
2019-09-04,15:00:34.686000,10690,10691,10691,2
2019-09-04,15:00:34.820000,10690,10691,10691,3
2019-09-04,15:00:34.820000,10690,10691,10692,1
2019-09-04,15:00:35.149000,10690,10691,10690,3
2019-09-04,15:00:35.408000,10690,10691,10691,1
2019-09-04,15:00:35.416000,10690,10691,10690,5
2019-09-04,15:00:35.779000,10690,10691,10691,4
2019-09-04,15:00:35.887000,10690,10691,10691,1
2019-09-04,15:00:36.143000,10691,10692,10691,1
2019-09-04,15:00:36.236000,10691,10692,10692,13
2019-09-04,15:00:36.236000,10691,10692,10693,2
2019-09-04,15:00:36.274000,10691,10692,10691,1
2019-09-04,15:00:36.304000,10691,10693,10692,1
2019-09-04,15:00:36.304000,10691,10693,10693,9
2019-09-04,15:00:37.823000,10692,10693,10693,2
2019-09-04,15:00:38.045000,10692,10693,10693,5
2019-09-04,15:00:38.235000,10692,10694,10692,5
2019-09-04,15:00:38.331000,10692,10694,10692,1
2019-09-04,15:00:38.434000,10692,10694,10694,2
2019-09-04,15:00:38.440000,10692,10694,10692,1
2019-09-04,15:00:39.098000,10692,10694,10692,1
2019-09-04,15:00:39.276000,10693,10694,10693,2
2019-09-04,15:00:39.284000,10693,10694,10693,2
2019-09-04,15:00:39.450000,10693,10694,10694,10
2019-09-04,15:00:39.819000,10692,10693,10693,1
2019-09-04,15:00:39.863000,10692,10693,10692,1
2019-09-04,15:00:39.982000,10692,10693,10692,1
2019-09-04,15:00:40.033000,10692,10693,10692,1
2019-09-04,15:00:40.544000,10692,10693,10692,1
2019-09-04,15:00:40.544000,10692,10693,10691,3
2019-09-04,15:00:40.709000,10691,10693,10693,2
2019-09-04,15:00:41.360000,10691,10692,10692,1
2019-09-04,15:00:41.360000,10691,10692,10693,9
2019-09-04,15:00:41.770000,10692,10693,10693,1
2019-09-04,15:00:42.096000,10692,10693,10692,1
2019-09-04,15:00:42.260000,10691,10693,10693,1
2019-09-04,15:00:42.905000,10691,10692,10691,2
2019-09-04,15:00:44.120000,10691,10692,10692,1
2019-09-04,15:00:44.534000,10691,10693,10693,10
2019-09-04,15:00:44.711000,10691,10693,10691,1
2019-09-04,15:00:44.726000,10691,10693,10693,1
2019-09-04,15:00:45.620000,10692,10693,10692,2
2019-09-04,15:00:45.817000,10692,10693,10692,1
2019-09-04,15:00:45.817000,10692,10693,10691,1
2019-09-04,15:00:46.001000,10691,10693,10693,1
2019-09-04,15:00:46.521000,10691,10693,10693,1
2019-09-04,15:00:46.777000,10692,10693,10693,1
2019-09-04,15:00:47.625000,10692,10693,10693,1
2019-09-04,15:00:47.650000,10692,10693,10693,1
2019-09-04,15:00:48.057000,10692,10693,10692,1
2019-09-04,15:00:48.437000,10692,10693,10693,7
2019-09-04,15:00:48.437000,10692,10693,10694,3
2019-09-04,15:00:48.624000,10692,10693,10694,1
2019-09-04,15:00:49.260000,10692,10693,10692,1
2019-09-04,15:00:50.245000,10691,10693,10693,5
2019-09-04,15:00:50.305000,10691,10693,10691,1
2019-09-04,15:00:52.215000,10692,10693,10693,1
2019-09-04,15:00:52.613000,10692,10693,10693,1
2019-09-04,15:00:52.858000,10692,10693,10692,2
2019-09-04,15:00:53.473000,10692,10693,10693,1
2019-09-04,15:00:53.536000,10692,10693,10692,1
2019-09-04,15:00:53.874000,10692,10693,10693,2
2019-09-04,15:00:53.935000,10692,10693,10693,1
2019-09-04,15:00:54.370000,10692,10693,10692,1
2019-09-04,15:00:54.659000,10692,10693,10692,1
2019-09-04,15:00:54.751000,10692,10693,10693,2
2019-09-04,15:00:55.573000,10692,10693,10692,2
2019-09-04,15:00:56.057000,10692,10693,10692,2
2019-09-04,15:00:56.762000,10692,10693,10692,2
2019-09-04,15:00:57.385000,10692,10693,10692,1
2019-09-04,15:00:57.631000,10692,10693,10692,1
2019-09-04,15:00:57.869000,10692,10693,10692,1
2019-09-04,15:00:57.973000,10692,10693,10692,1
2019-09-04,15:00:58.041000,10692,10693,10693,5
2019-09-04,15:00:58.615000,10692,10693,10692,1
2019-09-04,15:00:58.727000,10692,10693,10693,1
2019-09-04,15:00:58.772000,10692,10693,10692,1
2019-09-04,15:00:58.845000,10692,10693,10693,2
2019-09-04,15:00:59.417000,10692,10693,10692,1
2019-09-04,15:00:59.743000,10692,10693,10693,9
2019-09-04,15:00:59.743000,10692,10693,10694,1
2019-09-04,15:00:59.803000,10692,10694,10694,1
2019-09-04,15:00:59.803000,10692,10694,10694,1
2019-09-04,15:00:59.803000,10692,10694,10694,1
2019-09-04,15:01:00.011000,10692,10694,10692,1
2019-09-04,15:01:00.054000,10692,10694,10694,1
2019-09-04,15:01:00.164000,10692,10694,10694,1
2019-09-04,15:01:00.239000,10692,10694,10694,1
2019-09-04,15:01:00.717000,10693,10694,10693,1
2019-09-04,15:01:00.812000,10693,10694,10693,1
2019-09-04,15:01:00.857000,10693,10694,10694,5
2019-09-04,15:01:00.895000,10693,10694,10694,5
2019-09-04,15:01:00.962000,10693,10694,10694,5
2019-09-04,15:01:01.219000,10693,10694,10694,5
2019-09-04,15:01:02.052000,10693,10694,10694,1
2019-09-04,15:01:02.112000,10693,10694,10693,1
2019-09-04,15:01:02.131000,10693,10694,10694,1
2019-09-04,15:01:02.341000,10693,10695,10693,1
2019-09-04,15:01:02.459000,10693,10694,10693,1
2019-09-04,15:01:02.565000,10693,10694,10694,2
2019-09-04,15:01:02.565000,10693,10694,10695,23
2019-09-04,15:01:03.365000,10694,10695,10694,1
2019-09-04,15:01:03.423000,10694,10695,10695,1
2019-09-04,15:01:03.439000,10694,10695,10694,9
2019-09-04,15:01:03.439000,10694,10695,10694,1
2019-09-04,15:01:04.566000,10694,10695,10694,6
2019-09-04,15:01:04.567000,10694,10695,10694,2
2019-09-04,15:01:04.748000,10693,10695,10694,1
2019-09-04,15:01:04.808000,10693,10694,10694,1
2019-09-04,15:01:04.827000,10693,10694,10694,1
2019-09-04,15:01:05.277000,10693,10695,10695,1
2019-09-04,15:01:05.509000,10693,10695,10695,5
2019-09-04,15:01:05.513000,10693,10695,10695,5
2019-09-04,15:01:05.585000,10693,10695,10695,4
2019-09-04,15:01:05.585000,10693,10695,10696,6
2019-09-04,15:01:06.086000,10695,10696,10695,1
2019-09-04,15:01:06.553000,10695,10696,10695,2
2019-09-04,15:01:06.555000,10695,10696,10695,2
2019-09-04,15:01:06.661000,10694,10695,10694,1
2019-09-04,15:01:06.665000,10694,10695,10695,1
2019-09-04,15:01:07.266000,10694,10695,10694,1
2019-09-04,15:01:07.302000,10694,10695,10695,1
2019-09-04,15:01:07.874000,10694,10695,10695,1
2019-09-04,15:01:08.448000,10694,10695,10695,2
2019-09-04,15:01:08.489000,10694,10695,10694,2
2019-09-04,15:01:08.550000,10694,10695,10695,1
2019-09-04,15:01:09.149000,10694,10695,10695,1
2019-09-04,15:01:09.519000,10694,10695,10695,1
2019-09-04,15:01:09.900000,10694,10695,10694,1
2019-09-04,15:01:10.531000,10694,10695,10695,5
2019-09-04,15:01:11.338000,10694,10695,10695,1
2019-09-04,15:01:11.451000,10694,10695,10695,1
2019-09-04,15:01:11.463000,10694,10695,10695,1
2019-09-04,15:01:11.592000,10694,10695,10695,1
2019-09-04,15:01:11.649000,10694,10695,10695,1
2019-09-04,15:01:11.670000,10694,10695,10695,1
2019-09-04,15:01:12.185000,10694,10695,10695,9
2019-09-04,15:01:12.722000,10694,10695,10695,1
2019-09-04,15:01:12.726000,10694,10695,10695,2
2019-09-04,15:01:13.127000,10694,10695,10695,4
2019-09-04,15:01:13.127000,10694,10695,10696,6
2019-09-04,15:01:13.414000,10694,10695,10694,1
2019-09-04,15:01:13.787000,10694,10695,10695,2
2019-09-04,15:01:13.980000,10694,10696,10696,1
2019-09-04,15:01:14.082000,10695,10696,10695,1
2019-09-04,15:01:14.091000,10695,10696,10695,1
2019-09-04,15:01:14.271000,10695,10696,10695,2
2019-09-04,15:01:15.125000,10695,10696,10696,2
2019-09-04,15:01:15.165000,10694,10696,10695,1
2019-09-04,15:01:16.055000,10694,10696,10694,1
2019-09-04,15:01:16.075000,10694,10696,10696,3
2019-09-04,15:01:16.311000,10694,10695,10695,1
2019-09-04,15:01:16.443000,10694,10695,10694,1
2019-09-04,15:01:16.665000,10694,10695,10694,1
2019-09-04,15:01:16.910000,10694,10695,10695,1
2019-09-04,15:01:17.284000,10695,10696,10696,3
2019-09-04,15:01:17.913000,10695,10696,10695,1
2019-09-04,15:01:18.528000,10695,10696,10696,3
2019-09-04,15:01:18.714000,10695,10696,10695,1
2019-09-04,15:01:18.870000,10695,10696,10695,1
2019-09-04,15:01:19.456000,10695,10696,10695,1
2019-09-04,15:01:19.623000,10695,10696,10695,1
2019-09-04,15:01:19.880000,10695,10696,10695,1
2019-09-04,15:01:20.547000,10695,10696,10696,2
2019-09-04,15:01:20.571000,10695,10696,10695,1
2019-09-04,15:01:20.796000,10695,10696,10695,1
2019-09-04,15:01:21.258000,10695,10696,10696,1
2019-09-04,15:01:21.276000,10695,10696,10696,2
2019-09-04,15:01:22.113000,10695,10696,10695,1
2019-09-04,15:01:22.865000,10695,10696,10695,1
2019-09-04,15:01:23.728000,10695,10696,10696,1
2019-09-04,15:01:23.729000,10695,10696,10696,2
2019-09-04,15:01:24.217000,10695,10696,10696,4
2019-09-04,15:01:24.641000,10695,10696,10696,1
2019-09-04,15:01:24.775000,10695,10696,10695,4
2019-09-04,15:01:25.057000,10695,10696,10695,1
2019-09-04,15:01:25.105000,10695,10696,10696,1
2019-09-04,15:01:25.351000,10695,10696,10696,1
2019-09-04,15:01:25.466000,10695,10696,10696,1
2019-09-04,15:01:25.611000,10695,10696,10696,10
2019-09-04,15:01:27.554000,10695,10696,10696,1
2019-09-04,15:01:27.973000,10695,10696,10695,2
2019-09-04,15:01:28.595000,10695,10696,10695,1
2019-09-04,15:01:29.089000,10695,10696,10696,2
2019-09-04,15:01:29.192000,10695,10696,10696,2
2019-09-04,15:01:29.802000,10695,10696,10696,1
2019-09-04,15:01:29.832000,10695,10696,10695,1
2019-09-04,15:01:29.886000,10695,10696,10696,1
2019-09-04,15:01:30.597000,10695,10696,10696,19
2019-09-04,15:01:30.597000,10695,10696,10697,26
2019-09-04,15:01:30.651000,10695,10697,10697,3
2019-09-04,15:01:30.661000,10695,10697,10697,1
2019-09-04,15:01:30.671000,10695,10697,10697,1
2019-09-04,15:01:30.900000,10696,10697,10697,1
2019-09-04,15:01:30.931000,10696,10697,10696,4
2019-09-04,15:01:31.034000,10696,10697,10696,8
2019-09-04,15:01:31.035000,10696,10697,10696,2
2019-09-04,15:01:31.195000,10696,10697,10696,1
2019-09-04,15:01:31.197000,10696,10697,10697,1
2019-09-04,15:01:31.258000,10696,10697,10695,2
2019-09-04,15:01:31.275000,10695,10697,10696,1
2019-09-04,15:01:31.290000,10695,10697,10696,1
2019-09-04,15:01:31.290000,10695,10697,10695,1
2019-09-04,15:01:31.458000,10696,10697,10696,1
2019-09-04,15:01:31.489000,10696,10697,10695,1
2019-09-04,15:01:32.356000,10695,10696,10696,1
2019-09-04,15:01:32.606000,10695,10696,10696,1
2019-09-04,15:01:32.612000,10695,10696,10697,1
2019-09-04,15:01:33.061000,10695,10696,10696,1
2019-09-04,15:01:33.244000,10695,10697,10697,2
2019-09-04,15:01:33.366000,10695,10697,10697,1
2019-09-04,15:01:33.748000,10695,10697,10695,1
2019-09-04,15:01:34.237000,10695,10696,10696,1
2019-09-04,15:01:36.413000,10695,10696,10696,1
2019-09-04,15:01:37.045000,10695,10696,10695,2
2019-09-04,15:01:37.109000,10695,10696,10695,67
2019-09-04,15:01:37.151000,10694,10695,10694,18
2019-09-04,15:01:37.241000,10694,10695,10695,1
2019-09-04,15:01:37.275000,10694,10695,10694,20
2019-09-04,15:01:37.616000,10693,10694,10694,1
2019-09-04,15:01:37.761000,10693,10695,10695,1
2019-09-04,15:01:37.945000,10693,10695,10695,1
2019-09-04,15:01:38.200000,10693,10695,10695,4
2019-09-04,15:01:38.265000,10693,10695,10693,10
2019-09-04,15:01:38.335000,10693,10695,10694,1
2019-09-04,15:01:38.606000,10693,10695,10693,2
2019-09-04,15:01:39.018000,10692,10694,10692,1
2019-09-04,15:01:39.181000,10692,10694,10694,1
2019-09-04,15:01:39.340000,10692,10694,10694,1
2019-09-04,15:01:39.525000,10692,10694,10692,1
2019-09-04,15:01:39.654000,10692,10693,10693,1
2019-09-04,15:01:40.632000,10693,10694,10693,1
2019-09-04,15:01:40.996000,10693,10694,10694,3
2019-09-04,15:01:42.690000,10693,10694,10694,1
2019-09-04,15:01:42.817000,10693,10694,10694,1
2019-09-04,15:01:42.827000,10693,10694,10694,9
2019-09-04,15:01:42.827000,10693,10694,10695,1
2019-09-04,15:01:43.004000,10693,10694,10693,1
2019-09-04,15:01:43.854000,10693,10694,10693,1
2019-09-04,15:01:45.713000,10693,10694,10693,2
2019-09-04,15:01:45.780000,10692,10693,10693,1
2019-09-04,15:01:46.594000,10692,10694,10694,1
2019-09-04,15:01:47.073000,10692,10694,10692,1
2019-09-04,15:01:48.073000,10692,10693,10692,1
2019-09-04,15:01:48.168000,10692,10693,10693,2
2019-09-04,15:01:48.634000,10692,10693,10692,1
2019-09-04,15:01:49.530000,10692,10693,10692,1
2019-09-04,15:01:49.659000,10692,10693,10692,16
2019-09-04,15:01:50.655000,10691,10692,10692,1
2019-09-04,15:01:51.061000,10691,10692,10691,2
2019-09-04,15:01:51.252000,10691,10692,10691,10
2019-09-04,15:01:51.285000,10691,10692,10691,1
2019-09-04,15:01:51.490000,10691,10692,10691,1
2019-09-04,15:01:51.669000,10691,10692,10692,1
2019-09-04,15:01:52.120000,10691,10692,10691,1
2019-09-04,15:01:52.330000,10691,10692,10691,1
2019-09-04,15:01:52.570000,10691,10692,10691,1
2019-09-04,15:01:52.592000,10691,10692,10692,4
2019-09-04,15:01:53.373000,10691,10692,10691,2
2019-09-04,15:01:54.227000,10691,10692,10692,1
2019-09-04,15:01:54.310000,10691,10692,10691,4
2019-09-04,15:01:54.457000,10691,10692,10691,2
2019-09-04,15:01:54.526000,10690,10691,10691,3
2019-09-04,15:01:54.575000,10690,10691,10690,1
2019-09-04,15:01:54.786000,10691,10692,10691,1
2019-09-04,15:01:54.990000,10690,10692,10690,1
2019-09-04,15:01:55.152000,10691,10692,10691,1
2019-09-04,15:01:55.177000,10691,10692,10691,1
2019-09-04,15:01:55.935000,10691,10692,10691,1
2019-09-04,15:01:57.237000,10691,10692,10692,1
2019-09-04,15:01:57.311000,10691,10692,10691,1
2019-09-04,15:01:57.323000,10691,10692,10692,1
2019-09-04,15:01:57.513000,10691,10692,10691,1
2019-09-04,15:01:57.637000,10691,10692,10691,1
2019-09-04,15:01:57.700000,10690,10691,10690,1
2019-09-04,15:01:57.845000,10690,10691,10690,10
2019-09-04,15:01:57.900000,10690,10691,10690,1
2019-09-04,15:01:58.059000,10690,10691,10690,1
2019-09-04,15:01:58.453000,10690,10691,10690,2
2019-09-04,15:01:58.525000,10690,10691,10690,5
2019-09-04,15:01:58.609000,10690,10691,10691,10
2019-09-04,15:01:58.877000,10690,10691,10690,1
2019-09-04,15:01:59.458000,10690,10691,10690,1
2019-09-04,15:01:59.609000,10690,10691,10691,1
2019-09-04,15:01:59.724000,10690,10691,10691,2
2019-09-04,15:01:59.924000,10690,10691,10690,1
2019-09-04,15:02:00.066000,10690,10691,10690,5
2019-09-04,15:02:00.425000,10690,10691,10690,3
2019-09-04,15:02:00.442000,10690,10691,10691,1
2019-09-04,15:02:00.474000,10690,10691,10690,2
2019-09-04,15:02:00.474000,10690,10691,10689,3
2019-09-04,15:02:00.488000,10690,10691,10691,1
2019-09-04,15:02:00.508000,10690,10691,10689,1
2019-09-04,15:02:00.533000,10689,10691,10690,1
2019-09-04,15:02:00.536000,10689,10691,10691,1
2019-09-04,15:02:00.576000,10689,10691,10689,1
2019-09-04,15:02:00.577000,10689,10691,10691,1
2019-09-04,15:02:00.583000,10689,10691,10691,1
2019-09-04,15:02:00.615000,10689,10691,10689,1
2019-09-04,15:02:00.617000,10689,10691,10691,1
2019-09-04,15:02:00.618000,10689,10691,10691,1
2019-09-04,15:02:00.621000,10689,10691,10691,1
2019-09-04,15:02:00.643000,10689,10691,10689,1
2019-09-04,15:02:00.647000,10689,10691,10691,1
2019-09-04,15:02:00.665000,10689,10691,10691,1
2019-09-04,15:02:00.682000,10689,10691,10689,1
2019-09-04,15:02:00.975000,10689,10691,10690,1
2019-09-04,15:02:01.053000,10689,10691,10691,1
2019-09-04,15:02:01.388000,10690,10691,10690,3
2019-09-04,15:02:01.449000,10690,10691,10690,1
2019-09-04,15:02:01.916000,10690,10691,10690,1
2019-09-04,15:02:02.025000,10689,10690,10690,10
2019-09-04,15:02:02.192000,10689,10691,10691,3
2019-09-04,15:02:02.518000,10690,10691,10691,5
2019-09-04,15:02:02.640000,10690,10692,10690,2
2019-09-04,15:02:02.796000,10691,10692,10692,1
2019-09-04,15:02:02.975000,10691,10692,10691,1
2019-09-04,15:02:03.325000,10691,10692,10691,9
2019-09-04,15:02:03.325000,10691,10692,10690,9
2019-09-04,15:02:03.515000,10690,10691,10691,1
2019-09-04,15:02:04.236000,10691,10692,10691,1
2019-09-04,15:02:05.001000,10691,10692,10692,2
2019-09-04,15:02:06.778000,10691,10692,10692,11
2019-09-04,15:02:07.314000,10691,10692,10692,1
2019-09-04,15:02:07.740000,10691,10693,10691,9
2019-09-04,15:02:08.462000,10691,10693,10691,2
2019-09-04,15:02:08.907000,10691,10693,10691,2
2019-09-04,15:02:08.938000,10691,10693,10691,17
2019-09-04,15:02:08.939000,10691,10693,10691,1
2019-09-04,15:02:08.939000,10691,10693,10691,1
2019-09-04,15:02:08.939000,10691,10693,10691,1
2019-09-04,15:02:09.026000,10691,10692,10691,1
2019-09-04,15:02:09.344000,10691,10692,10691,1
2019-09-04,15:02:11.842000,10691,10692,10691,1
2019-09-04,15:02:13.020000,10691,10692,10691,1
2019-09-04,15:02:13.438000,10691,10692,10691,1
2019-09-04,15:02:13.523000,10691,10692,10691,1
2019-09-04,15:02:14.455000,10691,10692,10692,1
2019-09-04,15:02:14.720000,10691,10692,10691,1
2019-09-04,15:02:16.255000,10691,10692,10691,1
2019-09-04,15:02:16.471000,10691,10692,10691,1
2019-09-04,15:02:16.560000,10691,10692,10691,1
2019-09-04,15:02:18.106000,10691,10692,10692,1
2019-09-04,15:02:18.549000,10691,10692,10691,1
2019-09-04,15:02:18.660000,10690,10691,10691,1
2019-09-04,15:02:19.917000,10690,10691,10690,1
2019-09-04,15:02:20.162000,10690,10691,10691,1
2019-09-04,15:02:20.564000,10690,10691,10690,4
2019-09-04,15:02:20.601000,10690,10691,10691,1
2019-09-04,15:02:20.655000,10690,10691,10691,1
2019-09-04,15:02:20.874000,10690,10691,10691,1
2019-09-04,15:02:22.386000,10690,10691,10691,1
2019-09-04,15:02:23.004000,10690,10691,10691,13
2019-09-04,15:02:23.244000,10691,10692,10691,1
2019-09-04,15:02:23.426000,10691,10692,10691,1
2019-09-04,15:02:25.260000,10691,10692,10692,2
2019-09-04,15:02:26.177000,10691,10692,10691,5
2019-09-04,15:02:27.146000,10691,10692,10691,1
2019-09-04,15:02:28.723000,10691,10692,10692,1
2019-09-04,15:02:29.821000,10691,10692,10691,1
2019-09-04,15:02:32.541000,10691,10692,10691,1
2019-09-04,15:02:34.223000,10691,10692,10691,1
2019-09-04,15:02:34.223000,10691,10692,10691,11
2019-09-04,15:02:34.782000,10690,10691,10691,2
2019-09-04,15:02:36.670000,10690,10691,10691,1
2019-09-04,15:02:38.417000,10690,10691,10691,1
2019-09-04,15:02:39.861000,10690,10691,10691,1
2019-09-04,15:02:41.029000,10690,10691,10691,2
2019-09-04,15:02:41.546000,10690,10691,10690,10
2019-09-04,15:02:43.001000,10690,10691,10691,1
2019-09-04,15:02:44.488000,10690,10691,10690,8
2019-09-04,15:02:44.488000,10690,10691,10690,7
2019-09-04,15:02:44.488000,10690,10691,10690,8
2019-09-04,15:02:44.488000,10690,10691,10690,7
2019-09-04,15:02:44.488000,10690,10691,10690,2
2019-09-04,15:02:44.489000,10690,10691,10690,2
2019-09-04,15:02:44.491000,10690,10691,10690,2
2019-09-04,15:02:44.525000,10690,10691,10690,5
2019-09-04,15:02:44.741000,10689,10690,10689,2
2019-09-04,15:02:44.775000,10689,10690,10689,10
2019-09-04,15:02:46.957000,10689,10690,10690,1
2019-09-04,15:02:48.284000,10689,10690,10689,3
2019-09-04,15:02:48.568000,10689,10690,10689,3
2019-09-04,15:02:49.400000,10688,10689,10689,2
2019-09-04,15:02:49.401000,10688,10689,10689,1
2019-09-04,15:02:49.709000,10689,10690,10689,1
2019-09-04,15:02:50.536000,10689,10690,10689,1
2019-09-04,15:02:50.770000,10689,10690,10689,2
2019-09-04,15:02:50.770000,10689,10690,10688,3
2019-09-04,15:02:50.852000,10688,10690,10688,15
2019-09-04,15:02:51.339000,10688,10690,10688,1
2019-09-04,15:02:51.558000,10688,10690,10688,1
2019-09-04,15:02:52.158000,10688,10690,10688,1
2019-09-04,15:02:53.229000,10688,10689,10688,1
2019-09-04,15:02:53.472000,10688,10689,10689,1
2019-09-04,15:02:54.347000,10689,10690,10689,3
2019-09-04,15:02:54.475000,10689,10690,10689,1
2019-09-04,15:02:54.509000,10689,10690,10689,1
2019-09-04,15:02:58.272000,10689,10690,10689,1
2019-09-04,15:02:58.758000,10689,10690,10689,2
2019-09-04,15:02:58.758000,10689,10690,10689,3
2019-09-04,15:02:58.758000,10689,10690,10689,1
2019-09-04,15:02:58.784000,10688,10689,10689,2
2019-09-04,15:02:59.039000,10688,10690,10690,1
2019-09-04,15:03:01.404000,10688,10689,10688,1
2019-09-04,15:03:01.785000,10688,10689,10689,2
2019-09-04,15:03:02.393000,10688,10689,10688,1
2019-09-04,15:03:02.935000,10688,10689,10688,1
2019-09-04,15:03:03.244000,10688,10689,10688,1
2019-09-04,15:03:03.391000,10688,10689,10689,1
2019-09-04,15:03:05.555000,10688,10689,10688,1
2019-09-04,15:03:05.747000,10688,10689,10689,1
2019-09-04,15:03:05.792000,10688,10689,10688,1
2019-09-04,15:03:07.820000,10688,10689,10688,1
2019-09-04,15:03:14.822000,10688,10689,10688,1
2019-09-04,15:03:15.256000,10688,10689,10688,1
2019-09-04,15:03:15.510000,10688,10689,10688,8
2019-09-04,15:03:15.511000,10688,10689,10688,1
2019-09-04,15:03:15.512000,10688,10689,10688,1
2019-09-04,15:03:15.512000,10688,10689,10688,7
2019-09-04,15:03:15.513000,10688,10689,10688,2
2019-09-04,15:03:15.513000,10688,10689,10688,4
2019-09-04,15:03:15.513000,10688,10689,10688,1
2019-09-04,15:03:15.515000,10688,10689,10688,8
2019-09-04,15:03:15.598000,10687,10688,10687,1
2019-09-04,15:03:15.651000,10687,10688,10688,1
2019-09-04,15:03:15.722000,10687,10688,10687,1
2019-09-04,15:03:15.912000,10687,10688,10687,1
2019-09-04,15:03:16.126000,10687,10688,10688,5
2019-09-04,15:03:16.168000,10687,10688,10687,1
2019-09-04,15:03:16.175000,10687,10688,10688,1
2019-09-04,15:03:17.159000,10687,10688,10687,1
2019-09-04,15:03:17.906000,10687,10688,10687,1
2019-09-04,15:03:18.027000,10687,10688,10688,2
2019-09-04,15:03:18.818000,10687,10688,10687,1
2019-09-04,15:03:20.591000,10687,10688,10687,1
2019-09-04,15:03:21.088000,10687,10688,10687,1
2019-09-04,15:03:22.380000,10687,10688,10687,1
2019-09-04,15:03:22.661000,10687,10688,10687,2
2019-09-04,15:03:23.098000,10687,10688,10687,1
2019-09-04,15:03:23.838000,10687,10688,10687,5
2019-09-04,15:03:24.078000,10687,10688,10687,1
2019-09-04,15:03:24.456000,10687,10688,10687,1
2019-09-04,15:03:24.925000,10687,10688,10687,5
2019-09-04,15:03:25.578000,10687,10688,10687,1
2019-09-04,15:03:25.876000,10687,10688,10687,65
2019-09-04,15:03:25.900000,10686,10688,10686,3
2019-09-04,15:03:26.111000,10686,10687,10686,1
2019-09-04,15:03:26.776000,10686,10687,10686,1
2019-09-04,15:03:27.051000,10686,10687,10687,1
2019-09-04,15:03:28.105000,10686,10687,10687,1
2019-09-04,15:03:28.622000,10686,10687,10687,1
2019-09-04,15:03:28.848000,10686,10687,10687,1
2019-09-04,15:03:30.095000,10686,10687,10686,3
2019-09-04,15:03:31.824000,10686,10687,10686,1
2019-09-04,15:03:32.813000,10686,10687,10686,2
2019-09-04,15:03:33.390000,10686,10687,10687,1
2019-09-04,15:03:33.438000,10686,10687,10686,5
2019-09-04,15:03:33.853000,10686,10687,10686,4
2019-09-04,15:03:34.414000,10686,10687,10686,1
2019-09-04,15:03:34.566000,10686,10687,10687,1
2019-09-04,15:03:34.629000,10686,10687,10686,4
2019-09-04,15:03:35.006000,10686,10687,10686,6
2019-09-04,15:03:35.561000,10686,10687,10686,1
2019-09-04,15:03:35.781000,10686,10687,10686,2
2019-09-04,15:03:35.864000,10686,10687,10686,1
2019-09-04,15:03:37.619000,10685,10687,10685,2
2019-09-04,15:03:37.717000,10685,10687,10685,1
2019-09-04,15:03:38.527000,10685,10686,10686,3
2019-09-04,15:03:38.627000,10685,10686,10686,1
2019-09-04,15:03:38.710000,10686,10687,10686,2
2019-09-04,15:03:38.839000,10686,10687,10686,1
2019-09-04,15:03:39.284000,10686,10687,10686,1
2019-09-04,15:03:39.350000,10686,10687,10686,1
2019-09-04,15:03:39.698000,10686,10687,10686,1
2019-09-04,15:03:41.535000,10686,10687,10687,1
2019-09-04,15:03:42.634000,10686,10687,10686,2
2019-09-04,15:03:43.207000,10686,10687,10686,1
2019-09-04,15:03:44.195000,10686,10687,10686,2
2019-09-04,15:03:44.383000,10686,10687,10686,1
2019-09-04,15:03:45.150000,10686,10687,10686,4
2019-09-04,15:03:46.768000,10686,10687,10687,1
2019-09-04,15:03:48.759000,10686,10687,10686,1
2019-09-04,15:03:50.211000,10686,10687,10687,2
2019-09-04,15:03:50.287000,10686,10687,10686,1
2019-09-04,15:03:55.011000,10686,10687,10686,2
2019-09-04,15:03:55.290000,10686,10687,10687,1
2019-09-04,15:03:56.916000,10686,10687,10687,31
2019-09-04,15:03:57.025000,10686,10687,10687,5
2019-09-04,15:03:57.675000,10687,10688,10688,1
2019-09-04,15:03:58.074000,10687,10688,10688,1
2019-09-04,15:03:58.074000,10687,10688,10688,2
2019-09-04,15:03:58.074000,10687,10688,10688,13
2019-09-04,15:03:58.075000,10687,10688,10688,2
2019-09-04,15:03:58.077000,10687,10688,10688,2
2019-09-04,15:03:58.474000,10688,10689,10688,4
2019-09-04,15:03:58.953000,10688,10689,10688,1
2019-09-04,15:03:59.383000,10688,10689,10688,1
2019-09-04,15:03:59.620000,10688,10689,10689,2
2019-09-04,15:04:01.714000,10688,10689,10688,1
2019-09-04,15:04:02.456000,10688,10689,10688,1
2019-09-04,15:04:04.757000,10688,10689,10688,2
2019-09-04,15:04:07.232000,10688,10689,10689,1
2019-09-04,15:04:08.397000,10688,10689,10688,1
2019-09-04,15:04:09.799000,10688,10689,10688,1
2019-09-04,15:04:11.213000,10688,10689,10689,1
2019-09-04,15:04:11.850000,10688,10689,10688,3
2019-09-04,15:04:16.523000,10688,10689,10689,2
2019-09-04,15:04:17.604000,10688,10689,10688,5
2019-09-04,15:04:18.520000,10688,10689,10688,1
2019-09-04,15:04:18.672000,10688,10689,10688,5
2019-09-04,15:04:19.652000,10687,10688,10688,1
2019-09-04,15:04:22.777000,10687,10688,10688,2
2019-09-04,15:04:26.365000,10687,10688,10688,1
2019-09-04,15:04:31.748000,10687,10688,10688,1
2019-09-04,15:04:32.943000,10687,10688,10687,1
2019-09-04,15:04:37.368000,10687,10688,10688,1
2019-09-04,15:04:37.549000,10687,10688,10688,2
2019-09-04,15:04:38.140000,10687,10688,10688,1
2019-09-04,15:04:39.114000,10687,10688,10688,2
2019-09-04,15:04:40.884000,10687,10688,10688,2
2019-09-04,15:04:40.956000,10687,10688,10688,1
2019-09-04,15:04:45.472000,10687,10688,10688,8
2019-09-04,15:04:48.959000,10688,10689,10688,1
2019-09-04,15:04:49.814000,10688,10689,10688,1
2019-09-04,15:04:54.973000,10688,10689,10688,4
2019-09-04,15:04:55.103000,10688,10689,10688,2
2019-09-04,15:04:58.952000,10688,10689,10688,1
2019-09-04,15:05:01.189000,10688,10689,10688,1
2019-09-04,15:05:01.562000,10688,10689,10688,1
2019-09-04,15:05:01.762000,10688,10689,10689,1
2019-09-04,15:05:01.829000,10688,10689,10689,1
2019-09-04,15:05:02.038000,10688,10689,10689,1
2019-09-04,15:05:02.178000,10688,10689,10689,2
2019-09-04,15:05:02.247000,10688,10689,10688,1
2019-09-04,15:05:10.276000,10688,10689,10689,12
2019-09-04,15:05:12.938000,10689,10690,10689,1
2019-09-04,15:05:14.442000,10689,10690,10689,3
2019-09-04,15:05:15.164000,10689,10690,10689,1
2019-09-04,15:05:16.672000,10689,10690,10689,1
2019-09-04,15:05:18.007000,10689,10690,10690,1
2019-09-04,15:05:20.665000,10689,10690,10690,25
2019-09-04,15:05:20.775000,10689,10690,10690,2
2019-09-04,15:05:21.905000,10690,10691,10691,2
2019-09-04,15:05:22.031000,10690,10691,10691,1
2019-09-04,15:05:22.178000,10690,10691,10691,1
2019-09-04,15:05:23.061000,10690,10691,10691,15
2019-09-04,15:05:23.061000,10690,10691,10692,5
2019-09-04,15:05:24.399000,10690,10691,10691,1
2019-09-04,15:05:24.781000,10690,10691,10691,2
2019-09-04,15:05:25.200000,10690,10691,10691,2
2019-09-04,15:05:25.952000,10690,10691,10691,1
2019-09-04,15:05:25.999000,10690,10691,10691,2
2019-09-04,15:05:26.398000,10690,10691,10691,1
2019-09-04,15:05:26.860000,10690,10691,10691,2
2019-09-04,15:05:27.786000,10690,10691,10691,1
2019-09-04,15:05:28.778000,10691,10692,10692,2
2019-09-04,15:05:29.802000,10691,10692,10691,3
2019-09-04,15:05:29.802000,10691,10692,10690,1
2019-09-04,15:05:35.407000,10690,10691,10690,1
2019-09-04,15:05:37.513000,10690,10691,10690,2
2019-09-04,15:05:37.723000,10690,10691,10690,2
2019-09-04,15:05:38.003000,10690,10691,10690,2
2019-09-04,15:05:40.838000,10690,10691,10690,1
2019-09-04,15:05:41.673000,10690,10691,10691,1
2019-09-04,15:05:43.415000,10690,10691,10691,1
2019-09-04,15:05:43.725000,10690,10691,10690,1
2019-09-04,15:05:44.476000,10690,10691,10691,2
2019-09-04,15:05:45.596000,10690,10691,10690,1
2019-09-04,15:05:47.397000,10690,10691,10691,1
2019-09-04,15:05:48.795000,10690,10692,10690,1
2019-09-04,15:05:48.842000,10690,10692,10692,1
2019-09-04,15:05:49.030000,10690,10692,10692,10
2019-09-04,15:05:49.435000,10691,10692,10691,1
2019-09-04,15:05:49.918000,10691,10692,10691,1
2019-09-04,15:05:49.994000,10691,10692,10691,1
2019-09-04,15:05:50.441000,10691,10692,10691,1
2019-09-04,15:05:50.692000,10690,10691,10690,20
2019-09-04,15:05:50.763000,10690,10691,10691,1
2019-09-04,15:05:51.943000,10690,10691,10691,1
2019-09-04,15:05:52.276000,10690,10691,10691,6
2019-09-04,15:05:55.451000,10691,10692,10691,5
2019-09-04,15:05:59.228000,10690,10691,10690,1
2019-09-04,15:06:00.064000,10690,10691,10690,1
2019-09-04,15:06:00.568000,10690,10691,10691,1
2019-09-04,15:06:01.998000,10690,10691,10691,1
2019-09-04,15:06:02.362000,10690,10691,10690,1
2019-09-04,15:06:02.671000,10690,10691,10691,1
2019-09-04,15:06:02.862000,10690,10691,10691,18
2019-09-04,15:06:04.859000,10690,10691,10691,2
2019-09-04,15:06:05.160000,10690,10691,10690,1
2019-09-04,15:06:07.167000,10690,10691,10690,1
2019-09-04,15:06:08.161000,10690,10691,10690,1
2019-09-04,15:06:08.611000,10690,10691,10690,3
2019-09-04,15:06:10.759000,10690,10691,10691,1
2019-09-04,15:06:10.866000,10690,10691,10691,1
2019-09-04,15:06:11.118000,10690,10692,10690,1
2019-09-04,15:06:11.186000,10690,10691,10691,1
2019-09-04,15:06:11.331000,10690,10691,10691,1
2019-09-04,15:06:11.331000,10690,10691,10692,9
2019-09-04,15:06:12.401000,10690,10691,10691,2
2019-09-04,15:06:12.534000,10690,10692,10692,4
2019-09-04,15:06:13.598000,10690,10691,10691,1
2019-09-04,15:06:14.356000,10690,10691,10690,1
2019-09-04,15:06:14.635000,10690,10691,10691,2
2019-09-04,15:06:15.174000,10690,10691,10691,1
2019-09-04,15:06:18.321000,10690,10691,10691,1
2019-09-04,15:06:19.230000,10691,10692,10692,2
2019-09-04,15:06:21.702000,10691,10692,10691,1
2019-09-04,15:06:23.359000,10691,10692,10691,1
2019-09-04,15:06:28.151000,10691,10692,10692,11
2019-09-04,15:06:28.164000,10691,10692,10691,1
2019-09-04,15:06:28.543000,10691,10693,10693,1
2019-09-04,15:06:28.749000,10691,10693,10693,1
2019-09-04,15:06:28.824000,10691,10693,10691,1
2019-09-04,15:06:28.830000,10691,10693,10691,1
2019-09-04,15:06:29.633000,10691,10693,10693,2
2019-09-04,15:06:30.108000,10692,10693,10692,1
2019-09-04,15:06:30.108000,10692,10693,10691,3
2019-09-04,15:06:30.950000,10691,10692,10692,1
2019-09-04,15:06:31.296000,10692,10693,10692,1
2019-09-04,15:06:31.884000,10692,10693,10692,1
2019-09-04,15:06:33.442000,10692,10693,10692,1
2019-09-04,15:06:35.492000,10692,10693,10692,1
2019-09-04,15:06:35.695000,10692,10693,10692,1
2019-09-04,15:06:37.514000,10692,10693,10693,1
2019-09-04,15:06:37.941000,10692,10693,10692,1
2019-09-04,15:06:39.176000,10692,10693,10693,17
2019-09-04,15:06:39.400000,10692,10693,10693,23
2019-09-04,15:06:39.525000,10692,10693,10693,2
2019-09-04,15:06:39.544000,10692,10693,10693,2
2019-09-04,15:06:40.189000,10692,10693,10693,3
2019-09-04,15:06:41.258000,10692,10693,10693,1
2019-09-04,15:06:41.474000,10692,10693,10693,1
2019-09-04,15:06:41.651000,10692,10693,10693,2
2019-09-04,15:06:42.648000,10693,10694,10694,2
2019-09-04,15:06:42.816000,10693,10694,10694,1
2019-09-04,15:06:44.048000,10693,10694,10693,2
2019-09-04,15:06:46.541000,10693,10694,10694,20
2019-09-04,15:06:46.631000,10693,10694,10694,1
2019-09-04,15:06:46.936000,10693,10694,10694,4
2019-09-04,15:06:47.780000,10693,10694,10693,1
2019-09-04,15:06:49.562000,10693,10694,10693,2
2019-09-04,15:06:49.650000,10693,10694,10693,1
2019-09-04,15:06:49.651000,10693,10694,10693,21
2019-09-04,15:06:49.863000,10692,10694,10693,1
2019-09-04,15:06:50.049000,10692,10693,10693,1
2019-09-04,15:06:51.920000,10692,10693,10692,7
2019-09-04,15:06:57.022000,10692,10693,10692,2
2019-09-04,15:06:57.788000,10692,10693,10692,1
2019-09-04,15:07:00.248000,10692,10693,10692,1
2019-09-04,15:07:00.248000,10692,10693,10691,3
2019-09-04,15:07:00.299000,10691,10693,10691,1
2019-09-04,15:07:01.618000,10692,10693,10693,4
2019-09-04,15:07:01.990000,10692,10693,10693,1
2019-09-04,15:07:02.832000,10692,10693,10692,4
2019-09-04,15:07:05.041000,10691,10692,10692,1
2019-09-04,15:07:07.661000,10691,10692,10692,1
2019-09-04,15:07:07.975000,10691,10692,10692,1
2019-09-04,15:07:09.800000,10691,10692,10692,1
2019-09-04,15:07:10.534000,10691,10692,10691,1
2019-09-04,15:07:11.360000,10691,10692,10692,1
2019-09-04,15:07:12.507000,10691,10692,10691,5
2019-09-04,15:07:13.221000,10691,10692,10692,5
2019-09-04,15:07:15.420000,10691,10692,10692,1
2019-09-04,15:07:16.911000,10691,10692,10692,1
2019-09-04,15:07:17.165000,10691,10692,10691,1
2019-09-04,15:07:17.998000,10691,10692,10692,1
2019-09-04,15:07:19.474000,10691,10692,10692,1
2019-09-04,15:07:19.829000,10691,10692,10691,2
2019-09-04,15:07:19.829000,10691,10692,10691,1
2019-09-04,15:07:19.829000,10691,10692,10691,1
2019-09-04,15:07:19.829000,10691,10692,10691,1
2019-09-04,15:07:19.829000,10691,10692,10691,5
2019-09-04,15:07:20.148000,10690,10691,10691,2
2019-09-04,15:07:22.675000,10690,10691,10691,1
2019-09-04,15:07:23.489000,10690,10691,10691,1
2019-09-04,15:07:23.489000,10690,10691,10692,4
2019-09-04,15:07:25.066000,10690,10691,10691,1
2019-09-04,15:07:26.313000,10690,10691,10691,2
2019-09-04,15:07:29.682000,10690,10691,10691,1
2019-09-04,15:07:32.854000,10690,10691,10691,2
2019-09-04,15:07:33.927000,10690,10691,10691,9
2019-09-04,15:07:33.977000,10690,10691,10691,7
2019-09-04,15:07:37.711000,10691,10692,10691,2
2019-09-04,15:07:46.529000,10691,10692,10692,12
2019-09-04,15:07:46.650000,10691,10692,10692,2
2019-09-04,15:07:53.931000,10692,10693,10692,1
2019-09-04,15:07:54.027000,10692,10693,10692,1
2019-09-04,15:07:54.613000,10692,10693,10692,2
2019-09-04,15:08:03.055000,10692,10693,10692,5
2019-09-04,15:08:03.775000,10691,10692,10692,1
2019-09-04,15:08:07.296000,10691,10692,10692,1
2019-09-04,15:08:08.200000,10691,10692,10692,5
2019-09-04,15:08:14.402000,10692,10693,10693,1
2019-09-04,15:08:14.868000,10692,10693,10692,1
2019-09-04,15:08:17.110000,10692,10693,10693,5
2019-09-04,15:08:17.200000,10692,10693,10692,1
2019-09-04,15:08:26.674000,10692,10693,10692,2
2019-09-04,15:08:27.331000,10692,10693,10692,7
2019-09-04,15:08:27.430000,10692,10693,10692,1
2019-09-04,15:08:28.834000,10692,10693,10692,2
2019-09-04,15:08:29.425000,10692,10693,10692,5
2019-09-04,15:08:29.730000,10691,10693,10691,2
2019-09-04,15:08:31.403000,10691,10692,10692,1
2019-09-04,15:08:31.903000,10691,10692,10692,1
2019-09-04,15:08:32.199000,10691,10692,10692,1
2019-09-04,15:08:35.125000,10691,10692,10692,1
2019-09-04,15:08:37.929000,10691,10692,10692,2
2019-09-04,15:08:45.993000,10691,10692,10692,1
2019-09-04,15:08:46.037000,10691,10692,10692,1
2019-09-04,15:08:46.384000,10692,10693,10693,1
2019-09-04,15:08:51.031000,10692,10693,10692,2
2019-09-04,15:08:51.320000,10692,10693,10692,1
2019-09-04,15:08:52.519000,10692,10693,10692,1
2019-09-04,15:08:53.602000,10692,10693,10692,10
2019-09-04,15:09:01.480000,10692,10693,10692,1
2019-09-04,15:09:01.904000,10692,10693,10692,1
2019-09-04,15:09:02.923000,10692,10693,10692,1
2019-09-04,15:09:09.055000,10692,10693,10692,1
2019-09-04,15:09:10.693000,10692,10693,10692,1
2019-09-04,15:09:10.954000,10692,10693,10692,2
2019-09-04,15:09:14.239000,10692,10693,10692,1
2019-09-04,15:09:18.133000,10692,10693,10692,2
2019-09-04,15:09:19.542000,10692,10693,10692,1
2019-09-04,15:09:20.132000,10692,10693,10692,11
2019-09-04,15:09:20.204000,10691,10693,10692,1
2019-09-04,15:09:20.212000,10691,10693,10692,2
2019-09-04,15:09:24.825000,10691,10692,10692,2
2019-09-04,15:09:26.411000,10691,10692,10692,1
2019-09-04,15:09:27.065000,10692,10693,10692,1
2019-09-04,15:09:34.317000,10691,10692,10692,9
2019-09-04,15:09:34.317000,10691,10692,10693,21
2019-09-04,15:09:36.272000,10691,10692,10691,4
2019-09-04,15:09:38.355000,10691,10692,10691,5
2019-09-04,15:09:41.862000,10691,10692,10692,1
2019-09-04,15:09:41.952000,10691,10692,10691,1
2019-09-04,15:09:42.224000,10691,10692,10691,1
2019-09-04,15:09:45.474000,10691,10692,10692,1
2019-09-04,15:09:50.538000,10691,10692,10692,1
2019-09-04,15:09:52.187000,10691,10692,10692,1
2019-09-04,15:09:56.306000,10691,10692,10692,1
2019-09-04,15:09:56.980000,10691,10692,10691,1
2019-09-04,15:09:59.807000,10691,10692,10691,1
2019-09-04,15:10:02.468000,10691,10692,10692,2
2019-09-04,15:10:02.473000,10691,10692,10692,2
2019-09-04,15:10:02.473000,10691,10692,10692,3
2019-09-04,15:10:02.605000,10692,10693,10693,1
2019-09-04,15:10:03.126000,10692,10693,10693,2
2019-09-04,15:10:03.427000,10692,10693,10693,1
2019-09-04,15:10:04.755000,10692,10693,10692,1
2019-09-04,15:10:07.075000,10692,10693,10693,1
2019-09-04,15:10:08.959000,10692,10693,10693,1
2019-09-04,15:10:08.960000,10692,10693,10693,2
2019-09-04,15:10:08.969000,10692,10693,10693,1
2019-09-04,15:10:11.547000,10693,10694,10693,1
2019-09-04,15:10:13.971000,10693,10694,10693,2
2019-09-04,15:10:16.582000,10693,10694,10693,3
2019-09-04,15:10:17.320000,10693,10694,10693,1
2019-09-04,15:10:19.387000,10693,10694,10693,1
2019-09-04,15:10:19.855000,10693,10694,10694,1
2019-09-04,15:10:21.666000,10693,10694,10693,1
2019-09-04,15:10:22.229000,10693,10694,10694,1
2019-09-04,15:10:25.573000,10693,10694,10693,1
2019-09-04,15:10:28.149000,10693,10694,10694,1
2019-09-04,15:10:28.571000,10693,10694,10694,1
2019-09-04,15:10:28.977000,10693,10694,10694,1
2019-09-04,15:10:29.153000,10693,10694,10694,9
2019-09-04,15:10:29.849000,10694,10695,10694,1
2019-09-04,15:10:29.961000,10694,10695,10695,1
2019-09-04,15:10:30.047000,10694,10695,10695,1
2019-09-04,15:10:30.897000,10694,10695,10695,1
2019-09-04,15:10:33.174000,10694,10695,10694,1
2019-09-04,15:10:34.281000,10694,10695,10695,1
2019-09-04,15:10:34.528000,10694,10695,10694,1
2019-09-04,15:10:35.536000,10694,10695,10695,1
2019-09-04,15:10:35.716000,10694,10695,10695,1
2019-09-04,15:10:37.479000,10694,10695,10695,1
2019-09-04,15:10:39.314000,10694,10695,10695,2
2019-09-04,15:10:40.116000,10694,10695,10695,4
2019-09-04,15:10:40.919000,10694,10695,10695,2
2019-09-04,15:10:41.264000,10694,10695,10695,20
2019-09-04,15:10:41.332000,10694,10695,10695,5
2019-09-04,15:10:41.364000,10694,10695,10695,1
2019-09-04,15:10:44.650000,10694,10695,10694,5
2019-09-04,15:10:45.629000,10694,10695,10695,1
2019-09-04,15:10:47.606000,10694,10695,10695,1
2019-09-04,15:10:47.853000,10694,10695,10694,8
2019-09-04,15:10:47.854000,10694,10695,10694,1
2019-09-04,15:10:47.854000,10694,10695,10694,1
2019-09-04,15:10:47.891000,10694,10695,10694,1
2019-09-04,15:10:48.461000,10694,10695,10695,1
2019-09-04,15:10:50.912000,10694,10695,10694,3
2019-09-04,15:10:51.635000,10694,10695,10694,2
2019-09-04,15:10:53.317000,10694,10695,10695,1
2019-09-04,15:10:53.541000,10694,10695,10694,1
2019-09-04,15:10:57.317000,10694,10695,10694,2
2019-09-04,15:10:57.705000,10694,10695,10694,1
2019-09-04,15:10:58.080000,10694,10695,10694,2
2019-09-04,15:11:00.171000,10694,10695,10695,13
2019-09-04,15:11:00.897000,10695,10696,10695,1
2019-09-04,15:11:02.311000,10695,10696,10696,1
2019-09-04,15:11:02.714000,10695,10696,10695,5
2019-09-04,15:11:02.776000,10694,10695,10695,5
2019-09-04,15:11:02.910000,10695,10696,10696,1
2019-09-04,15:11:04.039000,10695,10696,10695,1
2019-09-04,15:11:04.453000,10695,10696,10695,1
2019-09-04,15:11:07.651000,10695,10696,10696,46
2019-09-04,15:11:07.775000,10695,10697,10697,1
2019-09-04,15:11:07.980000,10696,10697,10697,1
2019-09-04,15:11:08.809000,10696,10697,10697,1
2019-09-04,15:11:10.323000,10696,10697,10697,1
2019-09-04,15:11:10.573000,10696,10697,10697,1
2019-09-04,15:11:11.009000,10696,10697,10696,1
2019-09-04,15:11:11.299000,10696,10697,10697,1
2019-09-04,15:11:11.938000,10696,10697,10697,7
2019-09-04,15:11:12.651000,10696,10697,10697,5
2019-09-04,15:11:13.253000,10697,10698,10697,4
2019-09-04,15:11:13.673000,10697,10698,10697,1
2019-09-04,15:11:14.026000,10697,10698,10697,1
2019-09-04,15:11:15.394000,10697,10698,10698,2
2019-09-04,15:11:15.521000,10697,10698,10698,1
2019-09-04,15:11:15.568000,10697,10698,10698,2
2019-09-04,15:11:15.577000,10697,10698,10698,2
2019-09-04,15:11:15.587000,10697,10698,10698,7
2019-09-04,15:11:15.682000,10697,10698,10698,4
2019-09-04,15:11:15.697000,10697,10698,10698,4
2019-09-04,15:11:15.710000,10697,10698,10697,5
2019-09-04,15:11:15.724000,10697,10698,10698,1
2019-09-04,15:11:16.151000,10697,10698,10698,4
2019-09-04,15:11:16.167000,10697,10698,10699,2
2019-09-04,15:11:16.284000,10697,10699,10699,1
2019-09-04,15:11:16.305000,10697,10699,10699,1
2019-09-04,15:11:16.305000,10697,10699,10699,1
2019-09-04,15:11:16.305000,10697,10699,10699,1
2019-09-04,15:11:16.401000,10698,10699,10698,2
2019-09-04,15:11:16.714000,10697,10698,10697,2
2019-09-04,15:11:16.969000,10697,10698,10698,4
2019-09-04,15:11:17.435000,10697,10698,10698,1
2019-09-04,15:11:17.839000,10697,10698,10697,1
2019-09-04,15:11:18.275000,10697,10698,10697,1
2019-09-04,15:11:18.370000,10697,10698,10697,1
2019-09-04,15:11:18.404000,10697,10698,10697,1
2019-09-04,15:11:18.604000,10697,10698,10698,1
2019-09-04,15:11:21.108000,10697,10698,10697,1
2019-09-04,15:11:21.253000,10697,10698,10698,1
2019-09-04,15:11:21.522000,10697,10698,10698,1
2019-09-04,15:11:21.533000,10697,10698,10698,1
2019-09-04,15:11:21.908000,10697,10698,10698,1
2019-09-04,15:11:23.194000,10697,10698,10698,1
2019-09-04,15:11:23.265000,10697,10698,10699,1
2019-09-04,15:11:23.879000,10698,10699,10698,1
2019-09-04,15:11:23.921000,10698,10699,10699,1
2019-09-04,15:11:24.598000,10698,10699,10698,1
2019-09-04,15:11:25.289000,10698,10699,10699,2
2019-09-04,15:11:25.671000,10698,10699,10699,1
2019-09-04,15:11:25.921000,10698,10699,10698,1
2019-09-04,15:11:26.800000,10698,10699,10698,5
2019-09-04,15:11:27.551000,10698,10699,10698,1
2019-09-04,15:11:29.442000,10698,10699,10699,1
2019-09-04,15:11:29.610000,10698,10699,10699,3
2019-09-04,15:11:30.617000,10698,10699,10698,1
2019-09-04,15:11:31.127000,10698,10699,10699,2
2019-09-04,15:11:31.148000,10698,10699,10699,1
2019-09-04,15:11:31.983000,10698,10699,10699,2
2019-09-04,15:11:32.037000,10698,10699,10699,10
2019-09-04,15:11:33.052000,10698,10699,10699,1
2019-09-04,15:11:33.670000,10698,10699,10699,1
2019-09-04,15:11:34.061000,10698,10699,10699,1
2019-09-04,15:11:34.152000,10698,10699,10699,19
2019-09-04,15:11:34.692000,10699,10700,10699,1
2019-09-04,15:11:35.457000,10699,10700,10699,1
2019-09-04,15:11:36.676000,10699,10700,10700,97
2019-09-04,15:11:36.676000,10699,10700,10700,1
2019-09-04,15:11:36.776000,10699,10700,10700,10
2019-09-04,15:11:36.781000,10699,10700,10701,16
2019-09-04,15:11:36.821000,10699,10700,10701,1
2019-09-04,15:11:36.867000,10699,10700,10701,1
2019-09-04,15:11:36.901000,10700,10701,10701,1
2019-09-04,15:11:36.997000,10700,10701,10701,1
2019-09-04,15:11:37.026000,10700,10702,10702,3
2019-09-04,15:11:37.064000,10700,10702,10702,1
2019-09-04,15:11:37.116000,10700,10702,10701,1
2019-09-04,15:11:37.126000,10700,10702,10702,1
2019-09-04,15:11:37.129000,10700,10702,10702,10
2019-09-04,15:11:37.195000,10701,10702,10702,1
2019-09-04,15:11:37.202000,10701,10702,10702,1
2019-09-04,15:11:37.219000,10701,10702,10702,1
2019-09-04,15:11:37.275000,10701,10702,10702,3
2019-09-04,15:11:37.326000,10701,10702,10702,2
2019-09-04,15:11:37.332000,10701,10702,10701,1
2019-09-04,15:11:37.332000,10701,10702,10701,1
2019-09-04,15:11:37.332000,10701,10702,10701,1
2019-09-04,15:11:37.342000,10701,10702,10701,1
2019-09-04,15:11:37.343000,10701,10702,10701,1
2019-09-04,15:11:37.369000,10701,10702,10702,1
2019-09-04,15:11:37.374000,10701,10702,10703,10
2019-09-04,15:11:37.487000,10701,10703,10703,1
2019-09-04,15:11:37.488000,10701,10703,10701,1
2019-09-04,15:11:37.499000,10701,10703,10701,1
2019-09-04,15:11:37.533000,10701,10703,10703,1
2019-09-04,15:11:37.567000,10701,10703,10701,3
2019-09-04,15:11:37.569000,10701,10703,10701,2
2019-09-04,15:11:37.607000,10701,10703,10701,1
2019-09-04,15:11:37.678000,10700,10702,10701,1
2019-09-04,15:11:37.680000,10700,10702,10701,1
2019-09-04,15:11:37.733000,10700,10702,10702,10
2019-09-04,15:11:37.751000,10700,10702,10701,1
2019-09-04,15:11:37.751000,10700,10702,10700,1
2019-09-04,15:11:37.898000,10700,10702,10702,18
2019-09-04,15:11:38.014000,10701,10702,10701,1
2019-09-04,15:11:38.057000,10701,10702,10702,1
2019-09-04,15:11:38.545000,10701,10702,10702,1
2019-09-04,15:11:39.345000,10701,10702,10701,7
2019-09-04,15:11:39.345000,10701,10702,10700,13
2019-09-04,15:11:40.618000,10700,10701,10700,1
2019-09-04,15:11:40.638000,10700,10701,10701,5
2019-09-04,15:11:41.078000,10700,10701,10700,1
2019-09-04,15:11:41.191000,10700,10701,10701,4
2019-09-04,15:11:41.283000,10700,10701,10701,5
2019-09-04,15:11:41.675000,10701,10702,10702,5
2019-09-04,15:11:41.679000,10701,10702,10702,2
2019-09-04,15:11:41.694000,10701,10702,10702,2
2019-09-04,15:11:41.721000,10701,10702,10702,2
2019-09-04,15:11:42.183000,10701,10702,10702,5
2019-09-04,15:11:42.457000,10701,10702,10702,2
2019-09-04,15:11:42.578000,10701,10703,10701,7
2019-09-04,15:11:42.578000,10701,10703,10701,2
2019-09-04,15:11:42.650000,10700,10701,10701,1
2019-09-04,15:11:44.152000,10701,10702,10701,1
2019-09-04,15:11:44.429000,10701,10702,10701,5
2019-09-04,15:11:44.608000,10700,10702,10701,3
2019-09-04,15:11:44.608000,10700,10702,10702,1
2019-09-04,15:11:44.807000,10701,10702,10701,2
2019-09-04,15:11:44.879000,10701,10702,10701,1
2019-09-04,15:11:45.933000,10701,10702,10701,1
2019-09-04,15:11:45.933000,10701,10702,10700,1
2019-09-04,15:11:46.336000,10700,10702,10702,2
2019-09-04,15:11:47.083000,10701,10702,10701,5
2019-09-04,15:11:47.212000,10701,10702,10702,1
2019-09-04,15:11:47.291000,10701,10702,10702,4
2019-09-04,15:11:47.304000,10701,10702,10701,1
2019-09-04,15:11:47.937000,10701,10702,10702,1
2019-09-04,15:11:48.963000,10701,10702,10701,1
2019-09-04,15:11:49.113000,10701,10702,10701,1
2019-09-04,15:11:49.210000,10700,10702,10702,2
2019-09-04,15:11:49.332000,10700,10702,10702,1
2019-09-04,15:11:49.474000,10700,10701,10701,1
2019-09-04,15:11:49.904000,10700,10701,10701,1
2019-09-04,15:11:49.950000,10700,10701,10701,1
2019-09-04,15:11:50.018000,10700,10701,10701,1
2019-09-04,15:11:50.136000,10700,10701,10701,2
2019-09-04,15:11:50.233000,10700,10701,10701,1
2019-09-04,15:11:50.487000,10701,10702,10702,1
2019-09-04,15:11:50.730000,10701,10702,10701,1
2019-09-04,15:11:50.756000,10701,10702,10702,5
2019-09-04,15:11:53.130000,10701,10702,10701,1
2019-09-04,15:11:53.225000,10701,10702,10702,1
2019-09-04,15:11:53.295000,10701,10702,10702,1
2019-09-04,15:11:53.561000,10701,10702,10702,10
2019-09-04,15:11:55.023000,10702,10703,10703,1
2019-09-04,15:11:55.404000,10702,10703,10703,1
2019-09-04,15:11:55.546000,10702,10703,10703,1
2019-09-04,15:11:55.749000,10702,10703,10703,2
2019-09-04,15:11:55.936000,10702,10703,10702,1
2019-09-04,15:11:56.061000,10702,10703,10702,1
2019-09-04,15:11:56.528000,10702,10703,10703,9
2019-09-04,15:11:58.448000,10703,10704,10703,1
2019-09-04,15:11:58.956000,10703,10704,10703,1
2019-09-04,15:12:00.293000,10703,10704,10704,5
2019-09-04,15:12:00.419000,10703,10704,10704,1
2019-09-04,15:12:00.420000,10703,10704,10704,3
2019-09-04,15:12:00.420000,10703,10704,10705,5
2019-09-04,15:12:00.594000,10703,10705,10705,10
2019-09-04,15:12:00.649000,10703,10705,10705,4
2019-09-04,15:12:00.661000,10703,10705,10705,2
2019-09-04,15:12:00.668000,10703,10705,10704,1
2019-09-04,15:12:00.670000,10703,10705,10704,1
2019-09-04,15:12:00.690000,10703,10705,10704,1
2019-09-04,15:12:00.690000,10703,10705,10703,1
2019-09-04,15:12:00.693000,10703,10705,10703,1
2019-09-04,15:12:00.744000,10703,10705,10705,1
2019-09-04,15:12:01.038000,10703,10705,10705,1
2019-09-04,15:12:01.522000,10703,10705,10703,1
2019-09-04,15:12:01.560000,10703,10705,10703,1
2019-09-04,15:12:01.645000,10703,10705,10705,1
2019-09-04,15:12:01.669000,10703,10705,10704,1
2019-09-04,15:12:01.763000,10703,10705,10705,1
2019-09-04,15:12:02.027000,10704,10705,10705,1
2019-09-04,15:12:03.425000,10704,10705,10704,1
2019-09-04,15:12:03.466000,10704,10705,10704,1
2019-09-04,15:12:03.763000,10704,10705,10705,1
2019-09-04,15:12:04.685000,10704,10705,10704,1
2019-09-04,15:12:04.840000,10704,10705,10704,5
2019-09-04,15:12:05.468000,10704,10705,10705,1
2019-09-04,15:12:05.650000,10704,10705,10704,2
2019-09-04,15:12:05.768000,10704,10705,10703,1
2019-09-04,15:12:06.484000,10703,10704,10704,1
2019-09-04,15:12:06.641000,10703,10704,10704,1
2019-09-04,15:12:07.099000,10703,10704,10704,1
2019-09-04,15:12:07.736000,10703,10704,10704,1
2019-09-04,15:12:08.469000,10704,10705,10704,1
2019-09-04,15:12:08.994000,10704,10705,10705,3
2019-09-04,15:12:09.090000,10704,10705,10704,1
2019-09-04,15:12:09.116000,10704,10705,10705,1
2019-09-04,15:12:09.332000,10704,10705,10704,1
2019-09-04,15:12:09.581000,10704,10705,10704,1
2019-09-04,15:12:09.713000,10704,10705,10704,1
2019-09-04,15:12:09.744000,10704,10705,10704,1
2019-09-04,15:12:10.066000,10704,10705,10704,1
2019-09-04,15:12:10.475000,10704,10705,10705,1
2019-09-04,15:12:12.150000,10704,10705,10705,3
2019-09-04,15:12:12.157000,10704,10705,10705,1
2019-09-04,15:12:12.328000,10704,10705,10705,1
2019-09-04,15:12:12.662000,10704,10705,10705,1
2019-09-04,15:12:14.049000,10704,10705,10704,1
2019-09-04,15:12:14.118000,10704,10705,10705,1
2019-09-04,15:12:14.260000,10704,10705,10704,1
2019-09-04,15:12:14.376000,10704,10705,10704,1
2019-09-04,15:12:14.723000,10704,10705,10704,1
2019-09-04,15:12:14.907000,10704,10705,10704,2
2019-09-04,15:12:15.044000,10704,10705,10704,1
2019-09-04,15:12:15.387000,10704,10705,10704,1
2019-09-04,15:12:15.719000,10704,10705,10704,1
2019-09-04,15:12:15.897000,10704,10705,10705,1
2019-09-04,15:12:16.044000,10704,10705,10704,1
2019-09-04,15:12:16.257000,10704,10705,10705,1
2019-09-04,15:12:16.263000,10704,10705,10705,1
2019-09-04,15:12:16.368000,10704,10705,10704,1
2019-09-04,15:12:16.693000,10704,10705,10704,1
2019-09-04,15:12:16.892000,10704,10705,10705,1
2019-09-04,15:12:17.018000,10704,10705,10704,1
2019-09-04,15:12:17.709000,10704,10705,10705,3
2019-09-04,15:12:17.842000,10704,10705,10705,1
2019-09-04,15:12:17.960000,10704,10705,10705,1
2019-09-04,15:12:18.949000,10704,10705,10705,1
2019-09-04,15:12:19.254000,10704,10705,10705,2
2019-09-04,15:12:19.844000,10704,10705,10705,1
2019-09-04,15:12:20.395000,10704,10705,10705,10
2019-09-04,15:12:20.400000,10704,10705,10705,1
2019-09-04,15:12:20.505000,10704,10705,10705,1
2019-09-04,15:12:20.521000,10704,10705,10705,2
2019-09-04,15:12:20.521000,10704,10705,10705,1
2019-09-04,15:12:21.078000,10704,10705,10705,1
2019-09-04,15:12:21.938000,10705,10706,10706,1
2019-09-04,15:12:22.202000,10705,10706,10705,1
2019-09-04,15:12:22.217000,10705,10706,10705,1
2019-09-04,15:12:22.470000,10705,10706,10705,1
2019-09-04,15:12:22.529000,10704,10705,10704,1
2019-09-04,15:12:23.683000,10704,10705,10705,1
2019-09-04,15:12:24.016000,10704,10705,10705,1
2019-09-04,15:12:24.087000,10704,10705,10705,1
2019-09-04,15:12:24.350000,10704,10705,10705,1
2019-09-04,15:12:24.845000,10704,10705,10705,1
2019-09-04,15:12:25.681000,10704,10705,10705,1
2019-09-04,15:12:27.042000,10704,10705,10705,2
2019-09-04,15:12:28.827000,10704,10705,10705,2
2019-09-04,15:12:29.541000,10705,10706,10705,1
2019-09-04,15:12:30.628000,10705,10706,10706,6
2019-09-04,15:12:30.652000,10705,10707,10705,1
2019-09-04,15:12:30.693000,10705,10707,10706,1
2019-09-04,15:12:31.102000,10705,10707,10706,1
2019-09-04,15:12:31.154000,10705,10706,10706,1
2019-09-04,15:12:31.194000,10705,10706,10705,4
2019-09-04,15:12:31.440000,10705,10706,10705,1
2019-09-04,15:12:31.797000,10705,10706,10705,1
2019-09-04,15:12:32.522000,10705,10706,10705,5
2019-09-04,15:12:33.267000,10705,10706,10705,2
2019-09-04,15:12:33.530000,10705,10706,10706,1
2019-09-04,15:12:35.512000,10705,10706,10705,10
2019-09-04,15:12:35.595000,10705,10706,10706,2
2019-09-04,15:12:35.753000,10705,10706,10705,1
2019-09-04,15:12:36.438000,10705,10706,10706,2
2019-09-04,15:12:36.495000,10705,10706,10705,1
2019-09-04,15:12:36.577000,10705,10706,10706,3
2019-09-04,15:12:37.875000,10705,10706,10706,1
2019-09-04,15:12:38.154000,10705,10706,10705,1
2019-09-04,15:12:39.246000,10705,10706,10706,2
2019-09-04,15:12:39.447000,10705,10707,10705,2
2019-09-04,15:12:39.764000,10705,10706,10705,5
2019-09-04,15:12:40.222000,10705,10706,10706,1
2019-09-04,15:12:40.674000,10705,10706,10706,1
2019-09-04,15:12:43.852000,10705,10706,10706,1
2019-09-04,15:12:44.981000,10705,10706,10706,2
2019-09-04,15:12:45.402000,10705,10706,10706,3
2019-09-04,15:12:45.525000,10705,10706,10706,1
2019-09-04,15:12:45.853000,10705,10706,10705,1
2019-09-04,15:12:46.982000,10705,10706,10706,2
2019-09-04,15:12:47.200000,10705,10706,10706,4
2019-09-04,15:12:47.292000,10705,10707,10707,1
2019-09-04,15:12:47.347000,10705,10707,10707,2
2019-09-04,15:12:47.496000,10705,10707,10707,1
2019-09-04,15:12:47.842000,10706,10707,10707,1
2019-09-04,15:12:48.096000,10706,10707,10706,5
2019-09-04,15:12:48.321000,10706,10707,10707,1
2019-09-04,15:12:49.203000,10706,10707,10706,1
2019-09-04,15:12:49.470000,10706,10707,10706,1
2019-09-04,15:12:49.852000,10706,10707,10707,1
2019-09-04,15:12:50.358000,10706,10707,10706,1
2019-09-04,15:12:50.837000,10706,10707,10707,9
2019-09-04,15:12:51.008000,10706,10707,10707,1
2019-09-04,15:12:51.455000,10706,10707,10707,2
2019-09-04,15:12:53.336000,10706,10707,10706,4
2019-09-04,15:12:53.462000,10706,10707,10706,1
2019-09-04,15:12:53.501000,10706,10707,10706,3
2019-09-04,15:12:54.531000,10706,10707,10707,3
2019-09-04,15:12:56.993000,10706,10707,10707,1
2019-09-04,15:12:57.032000,10706,10707,10707,1
2019-09-04,15:12:58.084000,10706,10707,10707,1
2019-09-04,15:12:58.549000,10706,10707,10706,8
2019-09-04,15:13:00.002000,10706,10707,10707,1
2019-09-04,15:13:00.275000,10706,10707,10707,1
2019-09-04,15:13:00.759000,10706,10707,10707,1
2019-09-04,15:13:01.531000,10706,10707,10706,1
2019-09-04,15:13:01.614000,10706,10707,10706,1
2019-09-04,15:13:01.741000,10706,10707,10706,10
2019-09-04,15:13:01.801000,10706,10707,10707,1
2019-09-04,15:13:02.041000,10706,10707,10707,2
2019-09-04,15:13:02.134000,10706,10707,10707,1
2019-09-04,15:13:02.193000,10706,10707,10707,1
2019-09-04,15:13:02.265000,10706,10707,10707,2
2019-09-04,15:13:02.335000,10706,10707,10707,1
2019-09-04,15:13:02.385000,10706,10707,10706,3
2019-09-04,15:13:02.656000,10706,10707,10707,1
2019-09-04,15:13:03.119000,10706,10707,10706,1
2019-09-04,15:13:04.311000,10706,10707,10707,1
2019-09-04,15:13:04.549000,10706,10707,10706,1
2019-09-04,15:13:05.674000,10706,10707,10707,2
2019-09-04,15:13:07.046000,10706,10707,10707,1
2019-09-04,15:13:08.676000,10706,10707,10707,1
2019-09-04,15:13:10.254000,10706,10707,10707,1
2019-09-04,15:13:10.409000,10706,10707,10707,5
2019-09-04,15:13:10.510000,10706,10707,10707,1
2019-09-04,15:13:10.531000,10706,10707,10707,1
2019-09-04,15:13:10.804000,10706,10707,10706,1
2019-09-04,15:13:10.834000,10706,10707,10707,1
2019-09-04,15:13:11.191000,10706,10707,10707,1
2019-09-04,15:13:11.737000,10706,10707,10707,6
2019-09-04,15:13:11.775000,10706,10707,10707,5
2019-09-04,15:13:12.436000,10706,10707,10707,1
2019-09-04,15:13:12.790000,10706,10707,10707,1
2019-09-04,15:13:13.027000,10707,10708,10707,2
2019-09-04,15:13:13.235000,10707,10708,10707,3
2019-09-04,15:13:13.236000,10707,10708,10707,3
2019-09-04,15:13:13.236000,10707,10708,10707,1
2019-09-04,15:13:14.094000,10706,10707,10707,1
2019-09-04,15:13:14.585000,10706,10707,10707,3
2019-09-04,15:13:14.822000,10707,10708,10707,2
2019-09-04,15:13:15.206000,10706,10707,10707,1
2019-09-04,15:13:16.294000,10706,10707,10707,1
2019-09-04,15:13:16.605000,10706,10707,10707,1
2019-09-04,15:13:16.867000,10706,10707,10707,1
2019-09-04,15:13:16.984000,10706,10707,10707,2
2019-09-04,15:13:17.219000,10707,10708,10707,2
2019-09-04,15:13:17.464000,10707,10708,10707,2
2019-09-04,15:13:17.920000,10706,10707,10707,2
2019-09-04,15:13:17.948000,10706,10707,10707,1
2019-09-04,15:13:18.760000,10706,10707,10707,1
2019-09-04,15:13:19.814000,10706,10707,10707,1
2019-09-04,15:13:20.319000,10706,10707,10707,1
2019-09-04,15:13:20.806000,10706,10707,10707,1
2019-09-04,15:13:21.422000,10706,10707,10707,1
2019-09-04,15:13:23.554000,10706,10707,10707,1
2019-09-04,15:13:23.692000,10706,10707,10707,1
2019-09-04,15:13:24.181000,10706,10707,10707,1
2019-09-04,15:13:24.317000,10706,10707,10707,1
2019-09-04,15:13:24.479000,10706,10707,10707,1
2019-09-04,15:13:25.234000,10706,10707,10707,16
2019-09-04,15:13:25.251000,10706,10707,10707,1
2019-09-04,15:13:25.392000,10707,10708,10708,1
2019-09-04,15:13:25.473000,10707,10708,10707,2
2019-09-04,15:13:25.611000,10707,10708,10707,2
2019-09-04,15:13:26.201000,10706,10707,10706,1
2019-09-04,15:13:26.602000,10706,10707,10706,1
2019-09-04,15:13:26.622000,10706,10707,10706,1
2019-09-04,15:13:26.749000,10706,10707,10707,3
2019-09-04,15:13:26.805000,10706,10708,10706,1
2019-09-04,15:13:27.468000,10706,10707,10707,1
2019-09-04,15:13:29.213000,10706,10707,10707,3
2019-09-04,15:13:31.247000,10706,10707,10707,1
2019-09-04,15:13:31.585000,10706,10707,10707,1
2019-09-04,15:13:31.857000,10706,10707,10707,8
2019-09-04,15:13:32.096000,10706,10708,10707,2
2019-09-04,15:13:32.397000,10706,10707,10707,1
2019-09-04,15:13:33.577000,10706,10707,10706,1
2019-09-04,15:13:34.806000,10706,10707,10707,1
2019-09-04,15:13:34.980000,10706,10707,10707,1
2019-09-04,15:13:35.155000,10706,10707,10707,2
2019-09-04,15:13:35.672000,10706,10707,10707,2
2019-09-04,15:13:35.977000,10707,10708,10708,1
2019-09-04,15:13:36.648000,10707,10708,10707,2
2019-09-04,15:13:38.291000,10707,10708,10707,1
2019-09-04,15:13:39.955000,10707,10708,10707,1
2019-09-04,15:13:40.439000,10707,10708,10707,1
2019-09-04,15:13:41.901000,10707,10708,10707,1
2019-09-04,15:13:42.273000,10706,10707,10707,2
2019-09-04,15:13:42.289000,10706,10708,10707,1
2019-09-04,15:13:43.080000,10706,10707,10707,1
2019-09-04,15:13:43.437000,10706,10707,10706,1
2019-09-04,15:13:44.206000,10706,10707,10707,1
2019-09-04,15:13:44.209000,10706,10707,10708,1
2019-09-04,15:13:45.969000,10706,10708,10708,4
2019-09-04,15:13:49.102000,10707,10708,10707,1
2019-09-04,15:13:50.013000,10707,10708,10707,3
2019-09-04,15:13:51.373000,10707,10708,10707,1
2019-09-04,15:13:51.483000,10707,10708,10708,1
2019-09-04,15:13:52.258000,10707,10708,10708,1
2019-09-04,15:13:54.492000,10707,10708,10707,1
2019-09-04,15:13:55.122000,10707,10708,10707,1
2019-09-04,15:13:55.289000,10707,10708,10708,1
2019-09-04,15:13:55.335000,10707,10708,10707,3
2019-09-04,15:13:55.609000,10707,10708,10708,1
2019-09-04,15:13:55.930000,10707,10708,10707,10
2019-09-04,15:13:57.160000,10706,10707,10707,1
2019-09-04,15:13:57.253000,10706,10707,10707,1
2019-09-04,15:13:57.383000,10706,10707,10706,1
2019-09-04,15:13:59.050000,10706,10707,10707,5
2019-09-04,15:14:02.669000,10706,10707,10706,1
2019-09-04,15:14:02.734000,10706,10707,10707,3
2019-09-04,15:14:03.043000,10706,10707,10707,2
2019-09-04,15:14:03.080000,10706,10707,10707,2
2019-09-04,15:14:03.272000,10706,10707,10707,1
2019-09-04,15:14:05.229000,10706,10707,10707,2
2019-09-04,15:14:05.788000,10706,10707,10707,1
2019-09-04,15:14:08.181000,10706,10707,10707,2
2019-09-04,15:14:08.637000,10706,10707,10707,2
2019-09-04,15:14:10.454000,10706,10707,10707,1
2019-09-04,15:14:12.098000,10706,10707,10707,1
2019-09-04,15:14:12.448000,10706,10707,10707,1
2019-09-04,15:14:12.994000,10706,10707,10707,11
2019-09-04,15:14:12.995000,10706,10707,10707,4
2019-09-04,15:14:12.995000,10706,10707,10707,2
2019-09-04,15:14:12.995000,10706,10707,10707,1
2019-09-04,15:14:13.025000,10706,10707,10707,2
2019-09-04,15:14:13.032000,10706,10707,10707,1
2019-09-04,15:14:13.901000,10706,10707,10707,1
2019-09-04,15:14:14.285000,10706,10707,10707,1
2019-09-04,15:14:16.236000,10706,10707,10707,3
2019-09-04,15:14:17.690000,10707,10708,10708,1
2019-09-04,15:14:18.839000,10707,10708,10707,1
2019-09-04,15:14:23.421000,10707,10708,10707,1
2019-09-04,15:14:26.290000,10707,10708,10707,1
2019-09-04,15:14:26.317000,10707,10708,10707,8
2019-09-04,15:14:26.318000,10707,10708,10707,4
2019-09-04,15:14:27.118000,10706,10707,10707,1
2019-09-04,15:14:27.948000,10706,10707,10707,10
2019-09-04,15:14:28.112000,10707,10708,10707,1
2019-09-04,15:14:28.361000,10707,10708,10707,10
2019-09-04,15:14:29.866000,10707,10708,10707,1
2019-09-04,15:14:31.964000,10707,10708,10708,1
2019-09-04,15:14:33.463000,10707,10708,10707,1
2019-09-04,15:14:34.258000,10707,10708,10708,1
2019-09-04,15:14:34.775000,10707,10708,10708,1
2019-09-04,15:14:35.572000,10707,10708,10708,1
2019-09-04,15:14:35.741000,10707,10708,10707,4
2019-09-04,15:14:35.757000,10707,10708,10707,4
2019-09-04,15:14:35.775000,10707,10708,10707,4
2019-09-04,15:14:35.775000,10707,10708,10707,10
2019-09-04,15:14:35.900000,10707,10708,10707,2
2019-09-04,15:14:35.900000,10707,10708,10707,2
2019-09-04,15:14:35.900000,10707,10708,10707,3
2019-09-04,15:14:35.916000,10707,10708,10706,4
2019-09-04,15:14:37.212000,10706,10707,10706,1
2019-09-04,15:14:37.391000,10706,10707,10707,1
2019-09-04,15:14:37.392000,10706,10707,10706,1
2019-09-04,15:14:39.089000,10706,10707,10707,5
2019-09-04,15:14:40.323000,10706,10707,10707,1
2019-09-04,15:14:40.820000,10706,10707,10707,8
2019-09-04,15:14:41.259000,10707,10708,10707,2
2019-09-04,15:14:42.775000,10706,10707,10707,1
2019-09-04,15:14:44.412000,10706,10707,10707,4
2019-09-04,15:14:44.412000,10706,10707,10708,4
2019-09-04,15:14:45.916000,10706,10707,10706,1
2019-09-04,15:14:46.395000,10706,10707,10707,2
2019-09-04,15:14:47.723000,10706,10708,10708,1
2019-09-04,15:14:49.006000,10707,10708,10707,3
2019-09-04,15:14:50.135000,10707,10708,10707,1
2019-09-04,15:14:50.264000,10706,10708,10707,1
2019-09-04,15:14:50.389000,10706,10707,10707,1
2019-09-04,15:14:52.702000,10706,10707,10706,10
2019-09-04,15:14:52.802000,10706,10707,10707,1
2019-09-04,15:14:52.952000,10706,10707,10706,10
2019-09-04,15:14:53.144000,10706,10707,10706,10
2019-09-04,15:14:54.213000,10706,10707,10706,1
2019-09-04,15:14:56.095000,10706,10707,10706,1
2019-09-04,15:14:56.096000,10706,10707,10706,2
2019-09-04,15:14:56.508000,10706,10707,10706,2
2019-09-04,15:14:56.976000,10706,10707,10706,1
2019-09-04,15:14:57.715000,10706,10707,10706,1
2019-09-04,15:14:58.977000,10706,10707,10706,1
2019-09-04,15:14:59.700000,10706,10707,10706,4
2019-09-04,15:15:00.656000,10706,10707,10706,1
2019-09-04,15:15:00.952000,10705,10706,10706,3
2019-09-04,15:15:00.977000,10705,10706,10706,1
2019-09-04,15:15:01.164000,10705,10707,10707,1
2019-09-04,15:15:01.564000,10706,10707,10706,4
2019-09-04,15:15:02.095000,10706,10707,10707,1
2019-09-04,15:15:03.967000,10706,10707,10707,5
2019-09-04,15:15:04.025000,10706,10707,10707,4
2019-09-04,15:15:04.150000,10706,10707,10707,1
2019-09-04,15:15:04.642000,10707,10708,10708,1
2019-09-04,15:15:04.978000,10707,10708,10707,1
2019-09-04,15:15:05.252000,10707,10708,10708,2
2019-09-04,15:15:05.508000,10707,10708,10707,1
2019-09-04,15:15:05.530000,10707,10708,10707,1
2019-09-04,15:15:07.448000,10707,10708,10708,1
2019-09-04,15:15:07.456000,10707,10708,10708,1
2019-09-04,15:15:07.457000,10707,10708,10708,4
2019-09-04,15:15:07.525000,10707,10708,10708,7
2019-09-04,15:15:07.525000,10707,10708,10708,4
2019-09-04,15:15:07.525000,10707,10708,10708,4
2019-09-04,15:15:09.533000,10708,10709,10708,1
2019-09-04,15:15:12.282000,10708,10709,10708,1
2019-09-04,15:15:15.986000,10708,10709,10708,1
2019-09-04,15:15:16.199000,10708,10709,10709,1
2019-09-04,15:15:17.521000,10708,10709,10708,1
2019-09-04,15:15:17.725000,10708,10709,10709,2
2019-09-04,15:15:22.083000,10708,10709,10709,1
2019-09-04,15:15:22.886000,10708,10709,10708,1
2019-09-04,15:15:22.920000,10708,10709,10709,3
2019-09-04,15:15:24.997000,10708,10709,10708,1
2019-09-04,15:15:25.393000,10708,10709,10708,4
2019-09-04,15:15:25.468000,10707,10708,10708,1
2019-09-04,15:15:25.624000,10707,10708,10708,1
2019-09-04,15:15:27.459000,10707,10708,10708,1
2019-09-04,15:15:28.305000,10707,10708,10708,2
2019-09-04,15:15:30.031000,10707,10708,10708,1
2019-09-04,15:15:30.301000,10707,10708,10708,1
2019-09-04,15:15:30.599000,10707,10708,10708,1
2019-09-04,15:15:33.150000,10707,10708,10708,1
2019-09-04,15:15:33.150000,10707,10708,10708,1
2019-09-04,15:15:33.150000,10707,10708,10708,4
2019-09-04,15:15:34.177000,10708,10709,10709,3
2019-09-04,15:15:34.275000,10708,10709,10709,4
2019-09-04,15:15:34.843000,10708,10709,10708,1
2019-09-04,15:15:36.756000,10708,10709,10709,5
2019-09-04,15:15:37.270000,10708,10709,10709,5
2019-09-04,15:15:37.828000,10708,10709,10709,5
2019-09-04,15:15:38.404000,10708,10709,10709,2
2019-09-04,15:15:38.780000,10709,10710,10709,3
2019-09-04,15:15:40.062000,10708,10710,10708,1
2019-09-04,15:15:40.528000,10708,10709,10709,1
2019-09-04,15:15:40.973000,10708,10710,10709,1
2019-09-04,15:15:41.547000,10708,10710,10710,1
2019-09-04,15:15:41.671000,10708,10710,10710,1
2019-09-04,15:15:41.812000,10709,10710,10710,1
2019-09-04,15:15:42.400000,10709,10710,10709,1
2019-09-04,15:15:42.400000,10709,10710,10709,2
2019-09-04,15:15:42.537000,10709,10710,10709,1
2019-09-04,15:15:42.568000,10709,10710,10708,1
2019-09-04,15:15:42.568000,10709,10710,10708,1
2019-09-04,15:15:42.920000,10708,10710,10710,1
2019-09-04,15:15:43.069000,10708,10710,10710,1
2019-09-04,15:15:43.282000,10708,10710,10710,1
2019-09-04,15:15:43.790000,10708,10710,10710,5
2019-09-04,15:15:44.021000,10708,10710,10709,1
2019-09-04,15:15:44.391000,10709,10710,10710,5
2019-09-04,15:15:45.047000,10709,10710,10710,5
2019-09-04,15:15:45.727000,10709,10710,10710,1
2019-09-04,15:15:45.763000,10709,10710,10710,1
2019-09-04,15:15:45.877000,10709,10710,10710,1
2019-09-04,15:15:45.910000,10709,10710,10710,1
2019-09-04,15:15:45.922000,10709,10710,10710,19
2019-09-04,15:15:46.361000,10710,10711,10710,10
2019-09-04,15:15:46.426000,10710,10711,10710,2
2019-09-04,15:15:46.624000,10709,10710,10709,4
2019-09-04,15:15:46.984000,10709,10710,10710,14
2019-09-04,15:15:47.697000,10709,10710,10710,1
2019-09-04,15:15:48.105000,10709,10710,10710,3
2019-09-04,15:15:48.199000,10709,10710,10709,1
2019-09-04,15:15:48.219000,10709,10710,10709,2
2019-09-04,15:15:48.849000,10709,10710,10710,1
2019-09-04,15:15:48.900000,10709,10710,10710,1
2019-09-04,15:15:48.901000,10709,10710,10710,1
2019-09-04,15:15:48.901000,10709,10710,10710,2
2019-09-04,15:15:50.502000,10710,10711,10711,5
2019-09-04,15:15:50.564000,10710,10711,10710,17
2019-09-04,15:15:50.564000,10710,10711,10709,48
2019-09-04,15:15:50.639000,10710,10711,10710,1
2019-09-04,15:15:51.013000,10709,10710,10709,1
2019-09-04,15:15:51.193000,10708,10710,10710,5
2019-09-04,15:15:51.196000,10708,10710,10710,2
2019-09-04,15:15:52.106000,10708,10710,10710,4
2019-09-04,15:15:52.511000,10709,10710,10710,10
2019-09-04,15:15:52.684000,10709,10710,10710,1
2019-09-04,15:15:53.225000,10709,10710,10710,1
2019-09-04,15:15:54.109000,10709,10710,10710,2
2019-09-04,15:15:54.161000,10709,10710,10710,1
2019-09-04,15:15:54.971000,10709,10710,10710,2
2019-09-04,15:15:56.473000,10709,10710,10710,1
2019-09-04,15:15:56.771000,10709,10710,10710,2
2019-09-04,15:15:57.071000,10709,10710,10710,1
2019-09-04,15:15:57.368000,10709,10710,10710,2
2019-09-04,15:15:57.442000,10709,10710,10710,1
2019-09-04,15:15:57.518000,10709,10710,10710,2
2019-09-04,15:15:57.792000,10709,10710,10710,1
2019-09-04,15:15:58.505000,10709,10710,10710,1
2019-09-04,15:15:58.726000,10709,10710,10710,1
2019-09-04,15:15:59.293000,10709,10710,10710,2
2019-09-04,15:15:59.882000,10709,10710,10710,2
2019-09-04,15:16:00.153000,10709,10710,10710,5
2019-09-04,15:16:02.187000,10710,10711,10710,1
2019-09-04,15:16:02.228000,10710,10711,10711,5
2019-09-04,15:16:02.592000,10710,10711,10710,1
2019-09-04,15:16:02.674000,10710,10711,10710,1
2019-09-04,15:16:02.905000,10710,10711,10711,1
2019-09-04,15:16:04.016000,10710,10711,10711,1
2019-09-04,15:16:05.766000,10710,10711,10710,1
2019-09-04,15:16:06.449000,10710,10711,10710,2
2019-09-04,15:16:06.450000,10710,10711,10710,2
2019-09-04,15:16:06.452000,10710,10711,10710,2
2019-09-04,15:16:06.489000,10710,10711,10710,1
2019-09-04,15:16:06.525000,10710,10711,10710,1
2019-09-04,15:16:06.716000,10709,10710,10710,1
2019-09-04,15:16:06.794000,10709,10710,10710,1
2019-09-04,15:16:07.059000,10709,10710,10710,1
2019-09-04,15:16:07.266000,10709,10710,10710,2
2019-09-04,15:16:07.632000,10709,10710,10710,1
2019-09-04,15:16:08.229000,10709,10710,10710,2
2019-09-04,15:16:09.775000,10710,10711,10710,3
2019-09-04,15:16:09.900000,10710,10711,10710,2
2019-09-04,15:16:11.911000,10710,10711,10710,1
2019-09-04,15:16:12.090000,10710,10711,10710,1
2019-09-04,15:16:12.659000,10709,10710,10710,1
2019-09-04,15:16:12.775000,10709,10710,10710,2
2019-09-04,15:16:13.060000,10709,10710,10710,2
2019-09-04,15:16:13.181000,10709,10710,10710,1
2019-09-04,15:16:13.201000,10709,10710,10710,1
2019-09-04,15:16:14.984000,10709,10710,10710,1
2019-09-04,15:16:15.387000,10709,10710,10709,12
2019-09-04,15:16:15.429000,10709,10710,10710,2
2019-09-04,15:16:15.646000,10709,10710,10710,1
2019-09-04,15:16:20.600000,10709,10710,10710,1
2019-09-04,15:16:20.632000,10709,10710,10710,1
2019-09-04,15:16:20.898000,10709,10710,10710,1
2019-09-04,15:16:21.693000,10709,10710,10710,3
2019-09-04,15:16:23.481000,10709,10710,10710,1
2019-09-04,15:16:23.775000,10709,10710,10710,2
2019-09-04,15:16:23.851000,10709,10710,10710,1
2019-09-04,15:16:25.537000,10709,10710,10710,1
2019-09-04,15:16:26.830000,10709,10710,10710,1
2019-09-04,15:16:26.848000,10709,10710,10709,1
2019-09-04,15:16:27.867000,10709,10710,10709,1
2019-09-04,15:16:30.910000,10709,10710,10709,3
2019-09-04,15:16:31.661000,10709,10710,10709,1
2019-09-04,15:16:32.727000,10709,10710,10710,1
2019-09-04,15:16:33.091000,10709,10710,10709,21
2019-09-04,15:16:33.092000,10709,10710,10709,3
2019-09-04,15:16:34.062000,10708,10709,10709,1
2019-09-04,15:16:37.412000,10708,10709,10709,1
2019-09-04,15:16:38.626000,10708,10709,10709,1
2019-09-04,15:16:39.151000,10708,10709,10709,3
2019-09-04,15:16:39.428000,10708,10709,10708,1
2019-09-04,15:16:43.374000,10708,10709,10709,1
2019-09-04,15:16:43.821000,10708,10709,10708,1
2019-09-04,15:16:44.783000,10708,10709,10709,2
2019-09-04,15:16:44.828000,10708,10709,10708,3
2019-09-04,15:16:46.859000,10708,10709,10709,13
2019-09-04,15:16:47.776000,10709,10710,10709,1
2019-09-04,15:16:48.194000,10708,10710,10708,1
2019-09-04,15:16:48.246000,10708,10710,10708,1
2019-09-04,15:16:50.803000,10708,10709,10709,1
2019-09-04,15:16:50.803000,10708,10709,10710,1
2019-09-04,15:16:51.513000,10708,10709,10709,1
2019-09-04,15:16:52.658000,10709,10710,10710,2
2019-09-04,15:16:52.744000,10709,10710,10710,1
2019-09-04,15:17:02.770000,10709,10710,10709,1
2019-09-04,15:17:03.247000,10709,10710,10710,1
2019-09-04,15:17:04.471000,10709,10710,10710,1
2019-09-04,15:17:06.697000,10709,10710,10709,1
2019-09-04,15:17:10.433000,10709,10710,10710,2
2019-09-04,15:17:10.778000,10709,10710,10709,1
2019-09-04,15:17:11.940000,10709,10710,10710,4
2019-09-04,15:17:14.682000,10709,10710,10709,1
2019-09-04,15:17:15.913000,10709,10710,10710,2
2019-09-04,15:17:16.442000,10709,10710,10710,1
2019-09-04,15:17:18.269000,10709,10710,10709,1
2019-09-04,15:17:23.576000,10709,10710,10710,1
2019-09-04,15:17:24.783000,10709,10710,10710,20
2019-09-04,15:17:26.762000,10709,10710,10710,2
2019-09-04,15:17:29.301000,10709,10710,10710,1
2019-09-04,15:17:30.129000,10709,10710,10710,1
2019-09-04,15:17:30.368000,10709,10710,10710,1
2019-09-04,15:17:31.201000,10709,10710,10710,1
2019-09-04,15:17:32.452000,10709,10710,10710,3
2019-09-04,15:17:33.298000,10709,10711,10711,4
2019-09-04,15:17:35.792000,10710,10711,10710,1
2019-09-04,15:17:36.751000,10710,10711,10710,2
2019-09-04,15:17:39.112000,10710,10711,10710,4
2019-09-04,15:17:39.995000,10709,10711,10709,1
2019-09-04,15:17:40.801000,10710,10711,10710,1
2019-09-04,15:17:42.719000,10710,10711,10710,2
2019-09-04,15:17:44.787000,10709,10710,10710,1
2019-09-04,15:17:46.093000,10709,10710,10710,1
2019-09-04,15:17:51.071000,10709,10710,10710,1
2019-09-04,15:17:52.526000,10709,10710,10710,1
2019-09-04,15:17:56.709000,10709,10710,10710,10
2019-09-04,15:17:57.036000,10709,10710,10710,1
2019-09-04,15:17:57.895000,10709,10711,10711,1
2019-09-04,15:18:04.535000,10709,10710,10710,1
2019-09-04,15:18:05.184000,10709,10710,10710,1
2019-09-04,15:18:05.678000,10710,10711,10710,1
2019-09-04,15:18:08.155000,10709,10710,10710,1
2019-09-04,15:18:09.657000,10710,10711,10710,1
2019-09-04,15:18:14.059000,10710,10711,10710,1
2019-09-04,15:18:14.781000,10710,10711,10710,1
2019-09-04,15:18:15.718000,10710,10711,10710,1
2019-09-04,15:18:17.881000,10710,10711,10710,1
2019-09-04,15:18:21.226000,10710,10711,10710,2
2019-09-04,15:18:23.693000,10710,10711,10710,10
2019-09-04,15:18:25.528000,10710,10711,10710,1
2019-09-04,15:18:28.551000,10710,10711,10710,1
2019-09-04,15:18:29.564000,10710,10711,10710,5
2019-09-04,15:18:30.627000,10710,10711,10710,1
2019-09-04,15:18:31.101000,10710,10711,10711,1
2019-09-04,15:18:31.177000,10710,10711,10711,2
2019-09-04,15:18:32.206000,10710,10711,10710,1
2019-09-04,15:18:32.919000,10710,10711,10710,1
2019-09-04,15:18:33.674000,10710,10711,10710,7
2019-09-04,15:18:33.674000,10710,10711,10709,3
2019-09-04,15:18:37.653000,10709,10710,10710,1
2019-09-04,15:18:38.888000,10709,10710,10710,1
2019-09-04,15:18:45.770000,10709,10710,10710,1
2019-09-04,15:18:48.331000,10709,10710,10710,4
2019-09-04,15:18:49.302000,10709,10710,10710,1
2019-09-04,15:18:54.891000,10709,10710,10710,1
2019-09-04,15:18:55.570000,10709,10710,10710,1
2019-09-04,15:18:56.831000,10709,10710,10709,1
2019-09-04,15:18:58.233000,10709,10710,10710,1
2019-09-04,15:19:06.191000,10709,10710,10709,3
2019-09-04,15:19:07.980000,10709,10710,10710,1
2019-09-04,15:19:12.648000,10709,10710,10710,1
2019-09-04,15:19:15.679000,10709,10710,10709,2
2019-09-04,15:19:15.972000,10709,10710,10710,1
2019-09-04,15:19:19.175000,10709,10710,10709,5
2019-09-04,15:19:19.465000,10709,10710,10709,1
2019-09-04,15:19:21.548000,10709,10710,10709,39
2019-09-04,15:19:23.329000,10708,10709,10709,1
2019-09-04,15:19:26.012000,10708,10709,10709,1
2019-09-04,15:19:26.903000,10709,10710,10709,1
2019-09-04,15:19:28.343000,10709,10710,10709,1
2019-09-04,15:19:28.400000,10709,10710,10709,2
2019-09-04,15:19:29.679000,10708,10709,10709,1
2019-09-04,15:19:32.779000,10708,10709,10709,1
2019-09-04,15:19:33.292000,10708,10709,10708,2
2019-09-04,15:19:33.490000,10708,10709,10708,1
2019-09-04,15:19:34.816000,10708,10709,10709,1
2019-09-04,15:19:35.106000,10708,10709,10708,1
2019-09-04,15:19:36.410000,10708,10709,10708,43
2019-09-04,15:19:36.736000,10707,10708,10707,2
2019-09-04,15:19:36.783000,10707,10708,10707,1
2019-09-04,15:19:37.296000,10707,10708,10707,1
2019-09-04,15:19:37.989000,10707,10708,10707,1
2019-09-04,15:19:41.057000,10707,10708,10707,1
2019-09-04,15:19:41.150000,10707,10708,10707,15
2019-09-04,15:19:41.318000,10707,10708,10707,3
2019-09-04,15:19:41.546000,10706,10708,10706,1
2019-09-04,15:19:41.884000,10706,10708,10706,1
2019-09-04,15:19:42.445000,10706,10707,10707,1
2019-09-04,15:19:47.131000,10706,10707,10706,2
2019-09-04,15:19:49.180000,10706,10707,10707,2
2019-09-04,15:19:51.329000,10706,10707,10706,2
2019-09-04,15:19:52.817000,10706,10707,10706,1
2019-09-04,15:19:58.882000,10706,10707,10707,1
2019-09-04,15:20:02.303000,10706,10707,10707,1
2019-09-04,15:20:02.303000,10706,10707,10707,11
2019-09-04,15:20:04.570000,10707,10708,10707,1
2019-09-04,15:20:04.872000,10707,10708,10708,1
2019-09-04,15:20:06.956000,10707,10708,10708,1
2019-09-04,15:20:08.469000,10707,10708,10708,1
2019-09-04,15:20:08.643000,10707,10708,10707,1
2019-09-04,15:20:08.936000,10707,10708,10708,1
2019-09-04,15:20:09.169000,10708,10709,10708,2
2019-09-04,15:20:11.662000,10708,10709,10708,2
2019-09-04,15:20:13.918000,10708,10709,10708,5
2019-09-04,15:20:14.812000,10708,10709,10709,1
2019-09-04,15:20:15.014000,10708,10709,10708,1
2019-09-04,15:20:16.303000,10708,10709,10708,1
2019-09-04,15:20:19.865000,10708,10709,10708,1
2019-09-04,15:20:25.054000,10708,10709,10708,3
2019-09-04,15:20:26.275000,10707,10708,10707,5
2019-09-04,15:20:26.564000,10707,10708,10708,1
2019-09-04,15:20:28.499000,10707,10708,10708,2
2019-09-04,15:20:28.501000,10707,10708,10709,1
2019-09-04,15:20:33.237000,10708,10709,10708,1
2019-09-04,15:20:35.799000,10707,10708,10708,2
2019-09-04,15:20:47.986000,10707,10708,10707,2
2019-09-04,15:20:48.782000,10707,10708,10708,1
2019-09-04,15:20:50.121000,10707,10708,10707,1
2019-09-04,15:20:50.563000,10707,10708,10708,1
2019-09-04,15:20:53.646000,10707,10708,10707,1
2019-09-04,15:20:53.682000,10707,10708,10708,1
2019-09-04,15:20:57.070000,10707,10708,10708,1
2019-09-04,15:20:58.364000,10707,10708,10707,2
2019-09-04,15:20:58.695000,10707,10708,10707,15
2019-09-04,15:20:58.775000,10707,10708,10707,6
2019-09-04,15:20:58.775000,10707,10708,10707,7
2019-09-04,15:20:58.775000,10707,10708,10707,3
2019-09-04,15:20:58.776000,10707,10708,10707,6
2019-09-04,15:20:58.900000,10707,10708,10707,4
2019-09-04,15:20:58.900000,10707,10708,10707,1
2019-09-04,15:20:58.942000,10707,10708,10707,1
2019-09-04,15:21:01.314000,10706,10707,10706,2
2019-09-04,15:21:01.585000,10706,10707,10707,2
2019-09-04,15:21:02.302000,10706,10707,10706,1
2019-09-04,15:21:03.624000,10706,10707,10707,2
2019-09-04,15:21:03.867000,10706,10707,10706,1
2019-09-04,15:21:04.633000,10706,10707,10706,2
2019-09-04,15:21:04.867000,10706,10707,10706,1
2019-09-04,15:21:07.357000,10706,10707,10706,3
2019-09-04,15:21:08.303000,10706,10707,10706,3
2019-09-04,15:21:09.300000,10706,10707,10706,3
2019-09-04,15:21:10.344000,10706,10707,10706,1
2019-09-04,15:21:10.806000,10705,10706,10705,41
2019-09-04,15:21:10.806000,10705,10706,10705,1
2019-09-04,15:21:10.806000,10705,10706,10705,2
2019-09-04,15:21:10.807000,10705,10706,10705,3
2019-09-04,15:21:10.807000,10705,10706,10705,1
2019-09-04,15:21:10.807000,10705,10706,10705,2
2019-09-04,15:21:10.808000,10705,10706,10705,2
2019-09-04,15:21:10.851000,10705,10706,10705,2
2019-09-04,15:21:10.882000,10705,10706,10705,1
2019-09-04,15:21:11.371000,10704,10706,10706,1
2019-09-04,15:21:17.196000,10705,10706,10705,1
2019-09-04,15:21:18.186000,10705,10706,10705,1
2019-09-04,15:21:18.873000,10705,10706,10705,5
2019-09-04,15:21:19.064000,10705,10706,10705,1
2019-09-04,15:21:20.022000,10705,10706,10705,1
2019-09-04,15:21:20.603000,10705,10706,10705,4
2019-09-04,15:21:20.822000,10704,10705,10705,1
2019-09-04,15:21:21.988000,10704,10705,10705,1
2019-09-04,15:21:27.899000,10704,10705,10705,1
2019-09-04,15:21:28.377000,10704,10705,10705,4
2019-09-04,15:21:29.120000,10704,10705,10705,8
2019-09-04,15:21:32.463000,10704,10705,10705,1
2019-09-04,15:21:33.157000,10704,10705,10704,1
2019-09-04,15:21:33.418000,10704,10705,10704,1
2019-09-04,15:21:33.439000,10704,10705,10704,1
2019-09-04,15:21:33.458000,10704,10705,10704,1
2019-09-04,15:21:33.508000,10704,10705,10704,1
2019-09-04,15:21:33.559000,10704,10705,10704,1
2019-09-04,15:21:33.609000,10704,10705,10704,1
2019-09-04,15:21:35.503000,10704,10705,10705,1
2019-09-04,15:21:40.926000,10704,10705,10704,1
2019-09-04,15:21:41.434000,10704,10705,10705,1
2019-09-04,15:21:41.456000,10704,10705,10704,2
2019-09-04,15:21:44.254000,10704,10705,10704,1
2019-09-04,15:21:46.758000,10704,10705,10704,1
2019-09-04,15:21:47.781000,10704,10705,10704,1
2019-09-04,15:21:47.788000,10704,10705,10704,1
2019-09-04,15:21:48.728000,10704,10705,10704,1
2019-09-04,15:21:49.520000,10704,10705,10704,1
2019-09-04,15:21:51.262000,10704,10705,10704,5
2019-09-04,15:21:53.275000,10704,10705,10704,2
2019-09-04,15:21:54.024000,10704,10705,10704,2
2019-09-04,15:21:54.358000,10704,10705,10704,1
2019-09-04,15:21:55.084000,10704,10705,10704,2
2019-09-04,15:21:56.124000,10703,10704,10703,1
2019-09-04,15:21:56.178000,10703,10704,10703,1
2019-09-04,15:21:56.464000,10703,10704,10704,1
2019-09-04,15:21:56.684000,10703,10704,10703,2
2019-09-04,15:21:56.744000,10703,10704,10703,5
2019-09-04,15:21:56.973000,10703,10704,10703,22
2019-09-04,15:21:57.374000,10703,10704,10703,1
2019-09-04,15:21:57.441000,10703,10704,10703,1
2019-09-04,15:22:02.202000,10703,10704,10704,8
2019-09-04,15:22:02.202000,10703,10704,10704,3
2019-09-04,15:22:02.202000,10703,10704,10704,2
2019-09-04,15:22:02.860000,10704,10705,10704,1
2019-09-04,15:22:05.131000,10704,10705,10704,1
2019-09-04,15:22:05.768000,10704,10705,10704,1
2019-09-04,15:22:09.078000,10704,10705,10705,16
2019-09-04,15:22:12.054000,10705,10706,10706,1
2019-09-04,15:22:12.608000,10705,10706,10706,2
2019-09-04,15:22:13.009000,10705,10706,10705,5
2019-09-04,15:22:13.424000,10705,10706,10706,1
2019-09-04,15:22:13.525000,10705,10706,10706,8
2019-09-04,15:22:14.178000,10706,10707,10706,1
2019-09-04,15:22:14.187000,10706,10707,10706,2
2019-09-04,15:22:17.006000,10705,10706,10705,5
2019-09-04,15:22:17.534000,10705,10706,10706,2
2019-09-04,15:22:18.027000,10705,10706,10705,1
2019-09-04,15:22:19.974000,10704,10705,10704,1
2019-09-04,15:22:21.822000,10704,10705,10704,3
2019-09-04,15:22:22.889000,10703,10704,10704,1
2019-09-04,15:22:24.678000,10704,10705,10705,2
2019-09-04,15:22:25.525000,10704,10705,10705,5
2019-09-04,15:22:26.051000,10704,10705,10704,1
2019-09-04,15:22:26.113000,10704,10705,10704,1
2019-09-04,15:22:27.394000,10704,10705,10704,1
2019-09-04,15:22:27.713000,10704,10705,10704,1
2019-09-04,15:22:27.951000,10704,10705,10704,1
2019-09-04,15:22:27.999000,10704,10705,10704,2
2019-09-04,15:22:28.210000,10703,10704,10703,1
2019-09-04,15:22:28.536000,10703,10704,10703,1
2019-09-04,15:22:28.616000,10703,10704,10704,1
2019-09-04,15:22:28.637000,10703,10704,10704,1
2019-09-04,15:22:28.822000,10703,10704,10703,1
2019-09-04,15:22:29.576000,10703,10704,10704,5
2019-09-04,15:22:29.879000,10703,10705,10705,1
2019-09-04,15:22:34.282000,10704,10705,10704,1
2019-09-04,15:22:35.754000,10704,10705,10704,1
2019-09-04,15:22:36.724000,10704,10705,10704,1
2019-09-04,15:22:38.710000,10704,10705,10705,1
2019-09-04,15:22:39.696000,10704,10705,10704,2
2019-09-04,15:22:42.040000,10704,10705,10704,1
2019-09-04,15:22:42.380000,10704,10705,10704,1
2019-09-04,15:22:44.902000,10704,10705,10704,1
2019-09-04,15:22:56.518000,10704,10705,10704,1
2019-09-04,15:22:56.907000,10704,10705,10704,1
2019-09-04,15:22:58.536000,10704,10705,10704,1
2019-09-04,15:22:58.579000,10704,10705,10705,2
2019-09-04,15:22:59.036000,10704,10705,10704,1
2019-09-04,15:22:59.037000,10704,10705,10704,2
2019-09-04,15:22:59.037000,10704,10705,10704,3
2019-09-04,15:23:02.806000,10703,10704,10703,2
2019-09-04,15:23:03.874000,10703,10704,10703,1
2019-09-04,15:23:05.551000,10703,10704,10704,1
2019-09-04,15:23:07.369000,10703,10704,10703,5
2019-09-04,15:23:07.914000,10703,10704,10704,3
2019-09-04,15:23:08.446000,10703,10704,10703,1
2019-09-04,15:23:10.856000,10703,10704,10704,30
2019-09-04,15:23:11.828000,10704,10705,10704,1
2019-09-04,15:23:12.220000,10704,10705,10704,1
2019-09-04,15:23:12.920000,10704,10705,10704,1
2019-09-04,15:23:14.276000,10704,10705,10705,56
2019-09-04,15:23:14.525000,10705,10706,10706,2
2019-09-04,15:23:14.529000,10705,10706,10706,2
2019-09-04,15:23:14.531000,10705,10706,10706,2
2019-09-04,15:23:14.531000,10705,10706,10706,7
2019-09-04,15:23:14.650000,10705,10706,10706,1
2019-09-04,15:23:14.766000,10705,10706,10706,2
2019-09-04,15:23:15.369000,10706,10707,10706,1
2019-09-04,15:23:15.912000,10706,10707,10707,2
2019-09-04,15:23:18.353000,10706,10707,10706,1
2019-09-04,15:23:23.141000,10705,10706,10706,1
2019-09-04,15:23:25.607000,10705,10706,10706,1
2019-09-04,15:23:26.506000,10705,10706,10705,1
2019-09-04,15:23:26.631000,10705,10706,10706,1
2019-09-04,15:23:30.464000,10706,10707,10707,1
2019-09-04,15:23:30.468000,10706,10707,10707,2
2019-09-04,15:23:33.085000,10706,10707,10706,1
2019-09-04,15:23:37.225000,10706,10707,10706,3
2019-09-04,15:23:37.225000,10706,10707,10706,2
2019-09-04,15:23:37.277000,10705,10706,10705,1
2019-09-04,15:23:40.975000,10705,10706,10706,5
2019-09-04,15:23:54.166000,10705,10706,10706,2
2019-09-04,15:24:01.444000,10705,10706,10706,1
2019-09-04,15:24:02.081000,10705,10706,10706,1
2019-09-04,15:24:04.412000,10705,10706,10705,1
2019-09-04,15:24:17.604000,10705,10706,10705,1
2019-09-04,15:24:18.628000,10705,10706,10706,1
2019-09-04,15:24:21.697000,10705,10706,10705,5
2019-09-04,15:24:21.698000,10705,10706,10705,3
2019-09-04,15:24:21.698000,10705,10706,10705,1
2019-09-04,15:24:21.698000,10705,10706,10705,1
2019-09-04,15:24:21.698000,10705,10706,10705,8
2019-09-04,15:24:21.698000,10705,10706,10705,2
2019-09-04,15:24:21.699000,10705,10706,10705,2
2019-09-04,15:24:21.740000,10705,10706,10705,3
2019-09-04,15:24:21.775000,10705,10706,10705,3
2019-09-04,15:24:28.395000,10704,10705,10704,2
2019-09-04,15:24:33.530000,10704,10705,10704,2
2019-09-04,15:24:39.069000,10704,10705,10705,1
2019-09-04,15:24:55.726000,10704,10705,10705,1
2019-09-04,15:24:59.228000,10704,10705,10704,1
2019-09-04,15:25:01.904000,10704,10705,10704,2
2019-09-04,15:25:04.897000,10704,10705,10704,1
2019-09-04,15:25:06.594000,10704,10705,10705,1
2019-09-04,15:25:11.853000,10704,10705,10704,1
2019-09-04,15:25:11.872000,10704,10705,10705,1
2019-09-04,15:25:11.872000,10704,10705,10705,12
2019-09-04,15:25:11.872000,10704,10705,10705,7
2019-09-04,15:25:15.504000,10705,10706,10705,1
2019-09-04,15:25:17.341000,10705,10706,10705,1
2019-09-04,15:25:23.790000,10705,10706,10705,1
2019-09-04,15:25:30.098000,10705,10706,10705,1
2019-09-04,15:25:31.877000,10705,10706,10705,1
2019-09-04,15:25:34.696000,10705,10706,10705,1
2019-09-04,15:25:38.456000,10705,10706,10705,1
2019-09-04,15:25:38.499000,10705,10706,10705,1
2019-09-04,15:25:38.499000,10705,10706,10705,1
2019-09-04,15:25:38.499000,10705,10706,10705,3
2019-09-04,15:25:38.499000,10705,10706,10705,1
2019-09-04,15:25:38.499000,10705,10706,10705,1
2019-09-04,15:25:38.500000,10705,10706,10705,1
2019-09-04,15:25:40.610000,10704,10705,10705,1
2019-09-04,15:25:40.856000,10704,10705,10705,1
2019-09-04,15:25:44.566000,10704,10706,10704,1
2019-09-04,15:25:46.489000,10704,10706,10705,1
2019-09-04,15:25:46.942000,10705,10706,10706,1
2019-09-04,15:25:49.256000,10705,10706,10706,1
2019-09-04,15:25:56.800000,10705,10706,10706,1
2019-09-04,15:25:59.005000,10705,10706,10706,1
2019-09-04,15:26:02.748000,10705,10706,10706,1
2019-09-04,15:26:24.931000,10705,10706,10706,5
2019-09-04,15:26:40.119000,10705,10706,10706,10
2019-09-04,15:26:40.150000,10705,10706,10706,21
2019-09-04,15:26:40.275000,10705,10706,10706,2
2019-09-04,15:26:40.281000,10705,10706,10706,2
2019-09-04,15:26:40.282000,10705,10706,10706,2
2019-09-04,15:26:40.284000,10705,10706,10706,2
2019-09-04,15:26:41.007000,10705,10706,10705,1
2019-09-04,15:26:42.469000,10705,10706,10706,1
2019-09-04,15:26:44.027000,10705,10706,10705,3
2019-09-04,15:26:45.905000,10705,10706,10706,1
2019-09-04,15:26:45.977000,10705,10706,10706,1
2019-09-04,15:27:02.217000,10705,10706,10705,1
2019-09-04,15:27:02.862000,10705,10706,10706,1
2019-09-04,15:27:03.676000,10705,10706,10706,1
2019-09-04,15:27:19.994000,10705,10706,10706,3
2019-09-04,15:27:19.994000,10705,10706,10706,11
2019-09-04,15:27:19.994000,10705,10706,10706,4
2019-09-04,15:27:19.995000,10705,10706,10706,4
2019-09-04,15:27:20.025000,10705,10706,10706,16
2019-09-04,15:27:20.025000,10705,10706,10706,4
2019-09-04,15:27:20.025000,10705,10706,10706,3
2019-09-04,15:27:20.025000,10705,10706,10706,6
2019-09-04,15:27:20.027000,10705,10706,10706,8
2019-09-04,15:27:20.151000,10705,10706,10706,21
2019-09-04,15:27:21.100000,10706,10707,10707,2
2019-09-04,15:27:21.160000,10706,10707,10707,1
2019-09-04,15:27:27.176000,10706,10707,10707,1
2019-09-04,15:27:27.402000,10706,10707,10707,2
2019-09-04,15:27:29.105000,10706,10707,10707,1
2019-09-04,15:27:29.770000,10706,10707,10707,4
2019-09-04,15:27:31.108000,10706,10707,10707,1
2019-09-04,15:27:32.253000,10706,10707,10707,1
2019-09-04,15:27:32.445000,10706,10707,10707,2
2019-09-04,15:27:34.433000,10706,10707,10707,5
2019-09-04,15:27:36.061000,10707,10708,10707,1
2019-09-04,15:27:37.949000,10707,10708,10707,5
2019-09-04,15:27:38.744000,10706,10708,10706,20
2019-09-04,15:27:39.781000,10705,10706,10706,1
2019-09-04,15:27:39.879000,10705,10706,10706,1
2019-09-04,15:27:50.530000,10705,10706,10706,1
2019-09-04,15:27:56.429000,10705,10706,10706,1
2019-09-04,15:27:58.898000,10705,10706,10706,1
2019-09-04,15:28:00.187000,10705,10706,10706,1
2019-09-04,15:28:06.515000,10705,10706,10706,2
2019-09-04,15:28:07.034000,10705,10706,10706,1
2019-09-04,15:28:07.180000,10705,10706,10706,1
2019-09-04,15:28:09.276000,10705,10706,10706,1
2019-09-04,15:28:09.754000,10705,10706,10706,10
2019-09-04,15:28:10.289000,10705,10706,10706,1
2019-09-04,15:28:11.418000,10705,10706,10706,3
2019-09-04,15:28:16.762000,10705,10706,10706,2
2019-09-04,15:28:17.157000,10705,10706,10706,2
2019-09-04,15:28:18.041000,10705,10706,10705,1
2019-09-04,15:28:18.238000,10705,10706,10706,1
2019-09-04,15:28:19.502000,10705,10706,10706,1
2019-09-04,15:28:19.946000,10705,10706,10706,2
2019-09-04,15:28:20.841000,10705,10706,10706,1
2019-09-04,15:28:25.414000,10705,10706,10706,1
2019-09-04,15:28:26.178000,10705,10706,10706,1
2019-09-04,15:28:29.099000,10705,10706,10706,5
2019-09-04,15:28:32.918000,10705,10706,10706,1
2019-09-04,15:28:41.670000,10705,10706,10706,1
2019-09-04,15:28:44.902000,10705,10706,10706,4
2019-09-04,15:28:47.933000,10705,10706,10705,1
2019-09-04,15:28:51.358000,10705,10706,10705,2
2019-09-04,15:28:54.441000,10705,10706,10705,1
2019-09-04,15:28:55.590000,10705,10706,10706,2
2019-09-04,15:28:55.762000,10705,10706,10706,1
2019-09-04,15:28:56.736000,10705,10706,10705,1
2019-09-04,15:29:02.438000,10705,10706,10705,2
2019-09-04,15:29:02.780000,10705,10706,10706,2
2019-09-04,15:29:04.123000,10705,10706,10705,1
2019-09-04,15:29:04.809000,10705,10706,10706,1
2019-09-04,15:29:05.875000,10705,10706,10705,1
2019-09-04,15:29:11.281000,10705,10706,10705,1
2019-09-04,15:29:12.318000,10705,10706,10705,17
2019-09-04,15:29:12.318000,10705,10706,10705,4
2019-09-04,15:29:12.390000,10705,10706,10705,2
2019-09-04,15:29:12.390000,10705,10706,10705,1
2019-09-04,15:29:12.390000,10705,10706,10705,2
2019-09-04,15:29:12.392000,10705,10706,10705,2
2019-09-04,15:29:12.392000,10705,10706,10705,11
2019-09-04,15:29:12.715000,10704,10705,10705,1
2019-09-04,15:29:14.396000,10704,10705,10705,1
2019-09-04,15:29:23.345000,10704,10705,10705,1
2019-09-04,15:29:23.593000,10704,10705,10705,1
2019-09-04,15:29:23.782000,10704,10705,10705,1
2019-09-04,15:29:26.800000,10704,10705,10705,1
2019-09-04,15:29:28.982000,10704,10705,10704,2
2019-09-04,15:29:29.372000,10704,10705,10705,1
2019-09-04,15:29:29.728000,10704,10705,10705,1
2019-09-04,15:29:31.895000,10704,10705,10704,1
2019-09-04,15:29:33.092000,10704,10705,10704,1
2019-09-04,15:29:33.353000,10704,10705,10704,2
2019-09-04,15:29:34.365000,10704,10705,10705,2
2019-09-04,15:29:53.787000,10704,10705,10705,1
2019-09-04,15:30:01.090000,10704,10705,10705,2
2019-09-04,15:30:01.091000,10704,10705,10705,2
2019-09-04,15:30:01.094000,10704,10705,10705,2
2019-09-04,15:30:01.096000,10704,10705,10705,2
2019-09-04,15:30:01.457000,10704,10705,10704,1
2019-09-04,15:30:01.647000,10704,10705,10704,1
2019-09-04,15:30:01.717000,10704,10705,10704,1
2019-09-04,15:30:01.858000,10704,10705,10705,1
2019-09-04,15:30:01.868000,10704,10705,10705,1
2019-09-04,15:30:02.568000,10704,10705,10704,4
2019-09-04,15:30:08.753000,10704,10705,10704,1
2019-09-04,15:30:10.200000,10704,10705,10704,2
2019-09-04,15:30:10.200000,10704,10705,10704,1
2019-09-04,15:30:10.201000,10704,10705,10704,1
2019-09-04,15:30:10.201000,10704,10705,10704,2
2019-09-04,15:30:10.202000,10704,10705,10704,2
2019-09-04,15:30:10.202000,10704,10705,10704,1
2019-09-04,15:30:10.202000,10704,10705,10704,1
2019-09-04,15:30:10.203000,10704,10705,10704,2
2019-09-04,15:30:10.205000,10704,10705,10704,2
2019-09-04,15:30:10.228000,10704,10705,10704,1
2019-09-04,15:30:10.275000,10704,10705,10704,10
2019-09-04,15:30:13.839000,10703,10704,10704,1
2019-09-04,15:30:15.985000,10703,10704,10704,1
2019-09-04,15:30:17.619000,10703,10704,10704,1
2019-09-04,15:30:22.528000,10703,10704,10704,1
2019-09-04,15:30:22.935000,10703,10704,10703,1
2019-09-04,15:30:23.059000,10703,10704,10703,10
2019-09-04,15:30:26.039000,10703,10704,10703,1
2019-09-04,15:30:26.432000,10703,10704,10704,1
2019-09-04,15:30:26.732000,10703,10704,10703,10
2019-09-04,15:30:27.799000,10703,10704,10703,1
2019-09-04,15:30:32.506000,10702,10703,10703,1
2019-09-04,15:30:37.017000,10702,10703,10702,1
2019-09-04,15:30:38.495000,10702,10703,10702,2
2019-09-04,15:30:38.607000,10702,10703,10702,1
2019-09-04,15:30:38.814000,10702,10703,10702,2
2019-09-04,15:30:42.736000,10702,10703,10702,1
2019-09-04,15:30:43.220000,10702,10703,10702,1
2019-09-04,15:30:45.981000,10702,10703,10702,3
2019-09-04,15:30:46.507000,10702,10703,10702,1
2019-09-04,15:30:47.056000,10702,10703,10702,1
2019-09-04,15:30:49.083000,10702,10703,10702,1
2019-09-04,15:30:49.163000,10702,10703,10702,4
2019-09-04,15:30:49.671000,10702,10703,10702,1
2019-09-04,15:30:51.591000,10702,10703,10702,1
2019-09-04,15:30:52.264000,10702,10703,10702,1
2019-09-04,15:30:52.931000,10702,10703,10702,2
2019-09-04,15:30:54.039000,10702,10703,10702,1
2019-09-04,15:30:57.374000,10702,10703,10702,2
2019-09-04,15:30:57.499000,10702,10703,10702,1
2019-09-04,15:30:59.031000,10702,10703,10702,1
2019-09-04,15:31:00.193000,10702,10703,10703,1
