2019-09-23,15:00:00.047000,10895,10896,10895,35
2019-09-23,15:00:00.049000,10895,10896,10895,2
2019-09-23,15:00:00.052000,10895,10896,10895,2
2019-09-23,15:00:00.189000,10894,10895,10895,1
2019-09-23,15:00:00.199000,10894,10895,10895,1
2019-09-23,15:00:00.227000,10894,10896,10896,3
2019-09-23,15:00:00.588000,10894,10896,10896,1
2019-09-23,15:00:00.638000,10894,10896,10896,1
2019-09-23,15:00:00.639000,10894,10896,10896,1
2019-09-23,15:00:00.660000,10894,10896,10896,1
2019-09-23,15:00:00.676000,10894,10896,10896,1
2019-09-23,15:00:00.790000,10895,10896,10896,1
2019-09-23,15:00:01.084000,10895,10896,10896,1
2019-09-23,15:00:01.182000,10895,10896,10896,1
2019-09-23,15:00:01.240000,10895,10896,10896,6
2019-09-23,15:00:01.352000,10896,10897,10897,1
2019-09-23,15:00:01.474000,10896,10897,10897,5
2019-09-23,15:00:01.474000,10896,10897,10897,3
2019-09-23,15:00:01.489000,10896,10897,10897,3
2019-09-23,15:00:02.636000,10897,10898,10897,1
2019-09-23,15:00:02.904000,10897,10898,10898,3
2019-09-23,15:00:03.116000,10897,10898,10898,1
2019-09-23,15:00:04.208000,10897,10898,10898,5
2019-09-23,15:00:04.918000,10897,10898,10897,1
2019-09-23,15:00:05.336000,10897,10898,10898,1
2019-09-23,15:00:05.732000,10897,10898,10898,2
2019-09-23,15:00:06.890000,10897,10898,10897,5
2019-09-23,15:00:08.202000,10897,10898,10897,3
2019-09-23,15:00:11.219000,10897,10898,10897,1
2019-09-23,15:00:12.883000,10896,10897,10897,1
2019-09-23,15:00:13.116000,10896,10897,10897,1
2019-09-23,15:00:13.130000,10896,10897,10898,4
2019-09-23,15:00:13.791000,10896,10897,10896,1
2019-09-23,15:00:15.079000,10896,10897,10896,5
2019-09-23,15:00:16.841000,10896,10897,10897,1
2019-09-23,15:00:16.865000,10896,10897,10897,2
2019-09-23,15:00:19.275000,10896,10897,10897,1
2019-09-23,15:00:23.935000,10896,10897,10896,2
2019-09-23,15:00:26.243000,10896,10897,10896,1
2019-09-23,15:00:26.900000,10895,10897,10897,1
2019-09-23,15:00:29.429000,10895,10897,10897,1
2019-09-23,15:00:30.207000,10895,10897,10897,1
2019-09-23,15:00:34.227000,10895,10897,10897,5
2019-09-23,15:00:55.201000,10896,10897,10896,1
2019-09-23,15:00:55.563000,10896,10897,10896,1
2019-09-23,15:00:56.916000,10896,10897,10896,1
2019-09-23,15:00:59.777000,10895,10896,10896,2
2019-09-23,15:01:03.649000,10896,10897,10896,1
2019-09-23,15:01:16.032000,10895,10896,10895,18
2019-09-23,15:01:20.104000,10895,10896,10896,1
2019-09-23,15:01:27.140000,10895,10896,10896,1
2019-09-23,15:01:27.599000,10895,10896,10896,1
2019-09-23,15:01:27.614000,10895,10896,10896,2
2019-09-23,15:01:32.313000,10896,10897,10897,7
2019-09-23,15:01:33.682000,10896,10897,10896,1
2019-09-23,15:01:34.216000,10896,10897,10897,1
2019-09-23,15:01:35.297000,10896,10897,10897,2
2019-09-23,15:01:36.769000,10896,10897,10896,1
2019-09-23,15:01:42.325000,10896,10897,10896,14
2019-09-23,15:01:42.418000,10895,10896,10896,3
2019-09-23,15:01:42.506000,10895,10896,10896,4
2019-09-23,15:01:44.319000,10896,10897,10896,1
2019-09-23,15:01:49.519000,10896,10897,10896,1
2019-09-23,15:01:56.260000,10896,10897,10896,1
2019-09-23,15:01:59.632000,10896,10897,10897,1
2019-09-23,15:01:59.815000,10896,10897,10897,1
2019-09-23,15:02:10.835000,10896,10897,10897,2
2019-09-23,15:02:10.835000,10896,10897,10897,1
2019-09-23,15:02:10.835000,10896,10897,10897,4
2019-09-23,15:02:10.835000,10896,10897,10897,8
2019-09-23,15:02:10.836000,10896,10897,10897,4
2019-09-23,15:02:10.836000,10896,10897,10897,5
2019-09-23,15:02:10.836000,10896,10897,10897,1
2019-09-23,15:02:10.836000,10896,10897,10897,1
2019-09-23,15:02:10.836000,10896,10897,10897,2
2019-09-23,15:02:10.837000,10896,10897,10897,3
2019-09-23,15:02:10.979000,10897,10898,10898,1
2019-09-23,15:02:11.140000,10897,10898,10898,1
2019-09-23,15:02:13.349000,10897,10898,10898,4
2019-09-23,15:02:13.405000,10897,10898,10898,1
2019-09-23,15:02:13.474000,10897,10898,10898,9
2019-09-23,15:02:13.474000,10897,10898,10898,2
2019-09-23,15:02:15.517000,10897,10898,10898,1
2019-09-23,15:02:18.419000,10897,10898,10898,1
2019-09-23,15:02:21.609000,10897,10898,10898,1
2019-09-23,15:02:22.750000,10897,10898,10897,2
2019-09-23,15:02:27.237000,10897,10898,10898,1
2019-09-23,15:02:41.296000,10897,10898,10897,1
2019-09-23,15:02:42.522000,10897,10898,10897,1
2019-09-23,15:02:52.932000,10897,10898,10898,2
2019-09-23,15:03:00.131000,10897,10898,10897,5
2019-09-23,15:03:00.131000,10897,10898,10897,5
2019-09-23,15:03:01.961000,10897,10898,10897,1
2019-09-23,15:03:04.820000,10896,10897,10897,1
2019-09-23,15:03:07.487000,10897,10898,10897,1
2019-09-23,15:03:09.489000,10896,10897,10896,1
2019-09-23,15:03:11.689000,10896,10897,10897,1
2019-09-23,15:03:18.563000,10897,10898,10897,2
2019-09-23,15:03:20.569000,10897,10898,10897,1
2019-09-23,15:03:23.039000,10897,10898,10897,7
2019-09-23,15:03:43.390000,10896,10897,10897,1
2019-09-23,15:03:45.849000,10896,10897,10896,1
2019-09-23,15:03:51.486000,10896,10897,10896,1
2019-09-23,15:03:59.310000,10896,10897,10896,1
2019-09-23,15:04:06.928000,10896,10897,10896,5
2019-09-23,15:04:09.286000,10896,10897,10896,1
2019-09-23,15:04:10.375000,10896,10897,10896,3
2019-09-23,15:04:10.375000,10896,10897,10896,9
2019-09-23,15:04:23.631000,10895,10896,10895,1
2019-09-23,15:04:25.937000,10895,10896,10895,1
2019-09-23,15:04:40.965000,10895,10896,10896,10
2019-09-23,15:04:43.230000,10896,10897,10896,2
2019-09-23,15:04:44.986000,10896,10897,10896,1
2019-09-23,15:04:51.388000,10896,10897,10896,1
2019-09-23,15:04:53.598000,10896,10897,10896,1
2019-09-23,15:05:00.131000,10895,10896,10896,1
2019-09-23,15:05:00.131000,10895,10896,10896,1
2019-09-23,15:05:00.571000,10896,10897,10897,10
2019-09-23,15:05:04.402000,10896,10897,10896,1
2019-09-23,15:05:05.205000,10896,10897,10897,1
2019-09-23,15:05:11.023000,10897,10898,10897,1
2019-09-23,15:05:11.599000,10897,10898,10897,1
2019-09-23,15:05:19.247000,10897,10898,10897,5
2019-09-23,15:05:21.536000,10897,10898,10897,1
2019-09-23,15:05:21.643000,10897,10898,10898,50
2019-09-23,15:05:22.224000,10898,10899,10899,1
2019-09-23,15:05:22.224000,10898,10899,10899,1
2019-09-23,15:05:22.224000,10898,10899,10899,16
2019-09-23,15:05:22.224000,10898,10899,10899,1
2019-09-23,15:05:22.224000,10898,10899,10899,1
2019-09-23,15:05:22.224000,10898,10899,10899,1
2019-09-23,15:05:22.224000,10898,10899,10899,2
2019-09-23,15:05:22.225000,10898,10899,10899,14
2019-09-23,15:05:22.225000,10898,10899,10899,1
2019-09-23,15:05:22.225000,10898,10899,10899,1
2019-09-23,15:05:22.349000,10898,10899,10899,1
2019-09-23,15:05:22.349000,10898,10899,10899,1
2019-09-23,15:05:22.349000,10898,10899,10899,4
2019-09-23,15:05:22.401000,10898,10899,10899,1
2019-09-23,15:05:23.180000,10899,10900,10900,3
2019-09-23,15:05:23.305000,10899,10900,10900,2
2019-09-23,15:05:27.322000,10899,10900,10900,32
2019-09-23,15:05:29.822000,10900,10901,10900,1
2019-09-23,15:05:31.374000,10900,10901,10900,1
2019-09-23,15:05:33.656000,10900,10901,10900,5
2019-09-23,15:05:36.216000,10899,10900,10900,1
2019-09-23,15:05:45.836000,10899,10900,10899,2
2019-09-23,15:05:51.825000,10898,10899,10899,1
2019-09-23,15:05:59.234000,10898,10899,10899,1
2019-09-23,15:06:00.837000,10898,10899,10899,4
2019-09-23,15:06:03.303000,10898,10899,10899,1
2019-09-23,15:06:04.481000,10899,10900,10900,1
2019-09-23,15:06:05.335000,10899,10900,10900,5
2019-09-23,15:06:08.004000,10899,10900,10899,1
2019-09-23,15:06:13.100000,10899,10900,10900,11
2019-09-23,15:06:14.944000,10900,10901,10900,4
2019-09-23,15:06:15.383000,10900,10901,10900,1
2019-09-23,15:06:15.487000,10900,10901,10900,1
2019-09-23,15:06:15.833000,10899,10901,10901,1
2019-09-23,15:06:15.851000,10899,10901,10901,40
2019-09-23,15:06:15.851000,10899,10901,10901,1
2019-09-23,15:06:15.855000,10899,10901,10901,5
2019-09-23,15:06:16.157000,10900,10901,10901,2
2019-09-23,15:06:16.925000,10900,10902,10900,1
2019-09-23,15:06:20.909000,10900,10901,10900,2
2019-09-23,15:06:21.478000,10900,10901,10900,1
2019-09-23,15:06:43.919000,10900,10901,10901,2
2019-09-23,15:06:45.101000,10900,10901,10901,23
2019-09-23,15:06:45.226000,10901,10902,10902,20
2019-09-23,15:06:45.349000,10902,10903,10902,2
2019-09-23,15:06:45.352000,10902,10903,10902,2
2019-09-23,15:06:45.353000,10902,10903,10902,1
2019-09-23,15:06:45.359000,10902,10903,10901,1
2019-09-23,15:06:45.435000,10902,10903,10902,2
2019-09-23,15:06:46.096000,10900,10902,10902,2
2019-09-23,15:06:48.126000,10900,10901,10901,1
2019-09-23,15:06:49.774000,10900,10901,10901,2
2019-09-23,15:06:50.037000,10900,10901,10901,1
2019-09-23,15:06:52.135000,10900,10901,10901,6
2019-09-23,15:06:54.618000,10900,10901,10901,1
2019-09-23,15:06:55.284000,10900,10901,10901,5
2019-09-23,15:06:57.048000,10900,10901,10901,2
2019-09-23,15:06:58.881000,10900,10901,10901,1
2019-09-23,15:07:02.624000,10900,10901,10901,1
2019-09-23,15:07:02.919000,10900,10901,10901,4
2019-09-23,15:07:03.276000,10900,10901,10901,6
2019-09-23,15:07:04.298000,10900,10901,10901,5
2019-09-23,15:07:05.820000,10900,10901,10901,2
2019-09-23,15:07:07.169000,10900,10901,10901,3
2019-09-23,15:07:08.111000,10900,10901,10901,1
2019-09-23,15:07:10.100000,10900,10901,10901,1
2019-09-23,15:07:10.258000,10900,10901,10901,1
2019-09-23,15:07:10.317000,10900,10901,10901,2
2019-09-23,15:07:10.353000,10900,10901,10900,1
2019-09-23,15:07:11.706000,10900,10901,10901,4
2019-09-23,15:07:13.604000,10900,10901,10900,1
2019-09-23,15:07:14.188000,10900,10901,10900,1
2019-09-23,15:07:14.393000,10900,10901,10900,3
2019-09-23,15:07:22.028000,10900,10901,10900,1
2019-09-23,15:07:28.542000,10900,10901,10900,1
2019-09-23,15:07:31.932000,10900,10901,10900,2
2019-09-23,15:07:33.601000,10900,10901,10900,1
2019-09-23,15:07:35.756000,10900,10901,10900,1
2019-09-23,15:07:35.812000,10900,10901,10901,2
2019-09-23,15:07:36.770000,10900,10901,10900,1
2019-09-23,15:07:41.533000,10900,10901,10900,1
2019-09-23,15:07:41.970000,10900,10901,10900,1
2019-09-23,15:07:47.394000,10900,10901,10900,1
2019-09-23,15:07:48.193000,10900,10901,10900,1
2019-09-23,15:08:02.063000,10900,10901,10900,1
2019-09-23,15:08:03.013000,10900,10901,10901,4
2019-09-23,15:08:04.272000,10900,10901,10901,1
2019-09-23,15:08:11.123000,10900,10901,10901,1
2019-09-23,15:08:11.960000,10900,10901,10901,4
2019-09-23,15:08:21.346000,10900,10901,10900,1
2019-09-23,15:08:23.746000,10900,10901,10900,7
2019-09-23,15:08:25.587000,10899,10900,10900,1
2019-09-23,15:08:43.001000,10899,10900,10900,1
2019-09-23,15:09:02.877000,10899,10900,10900,2
2019-09-23,15:09:13.282000,10899,10900,10900,1
2019-09-23,15:09:24.010000,10899,10900,10900,1
2019-09-23,15:09:24.645000,10899,10900,10900,1
2019-09-23,15:09:34.406000,10899,10900,10899,13
2019-09-23,15:09:34.474000,10899,10900,10899,4
2019-09-23,15:09:36.180000,10898,10899,10899,1
2019-09-23,15:09:47.656000,10898,10899,10898,2
2019-09-23,15:09:51.255000,10898,10899,10899,1
2019-09-23,15:09:54.287000,10898,10899,10899,1
2019-09-23,15:09:54.801000,10898,10899,10898,1
2019-09-23,15:10:10.008000,10898,10899,10899,2
2019-09-23,15:10:11.329000,10898,10899,10899,2
2019-09-23,15:10:11.487000,10898,10899,10899,1
2019-09-23,15:10:11.535000,10898,10899,10900,2
2019-09-23,15:10:11.624000,10898,10900,10900,1
2019-09-23,15:10:11.673000,10898,10900,10900,1
2019-09-23,15:10:11.712000,10898,10900,10900,2
2019-09-23,15:10:12.132000,10898,10900,10900,2
2019-09-23,15:10:12.178000,10898,10900,10900,1
2019-09-23,15:10:15.487000,10899,10900,10899,7
2019-09-23,15:10:25.767000,10898,10899,10899,5
2019-09-23,15:10:30.046000,10898,10899,10898,1
2019-09-23,15:10:31.550000,10898,10899,10898,2
2019-09-23,15:10:32.397000,10898,10899,10899,5
2019-09-23,15:10:32.397000,10898,10899,10899,1
2019-09-23,15:10:32.397000,10898,10899,10899,6
2019-09-23,15:10:35.339000,10899,10900,10899,9
2019-09-23,15:10:35.339000,10899,10900,10899,1
2019-09-23,15:10:39.473000,10899,10900,10899,1
2019-09-23,15:10:41.349000,10898,10899,10899,1
2019-09-23,15:10:51.822000,10898,10899,10898,32
2019-09-23,15:10:53.035000,10898,10899,10899,1
2019-09-23,15:10:57.299000,10898,10899,10898,1
2019-09-23,15:11:06.861000,10897,10898,10898,3
2019-09-23,15:11:08.747000,10897,10898,10897,1
2019-09-23,15:11:14.496000,10897,10898,10898,1
2019-09-23,15:11:16.115000,10897,10898,10897,1
2019-09-23,15:11:28.483000,10897,10898,10898,2
2019-09-23,15:11:28.483000,10897,10898,10899,1
2019-09-23,15:11:33.159000,10897,10898,10898,1
2019-09-23,15:11:33.729000,10897,10898,10898,1
2019-09-23,15:11:45.297000,10898,10899,10898,1
2019-09-23,15:12:38.519000,10898,10899,10898,1
2019-09-23,15:12:39.108000,10898,10899,10899,5
2019-09-23,15:12:39.109000,10898,10899,10899,5
2019-09-23,15:13:00.242000,10898,10899,10898,1
2019-09-23,15:13:53.801000,10898,10899,10898,1
2019-09-23,15:14:01.614000,10898,10899,10898,1
2019-09-23,15:14:06.344000,10898,10899,10898,1
2019-09-23,15:14:06.713000,10898,10899,10898,1
2019-09-23,15:14:06.724000,10898,10899,10898,9
2019-09-23,15:14:06.849000,10898,10899,10898,11
2019-09-23,15:14:24.134000,10897,10898,10897,1
2019-09-23,15:14:32.158000,10897,10898,10898,7
2019-09-23,15:14:35.501000,10897,10899,10897,1
2019-09-23,15:14:37.373000,10897,10899,10899,1
2019-09-23,15:14:49.240000,10898,10899,10899,2
2019-09-23,15:14:50.182000,10898,10899,10898,5
2019-09-23,15:15:00.772000,10897,10898,10897,1
2019-09-23,15:15:00.849000,10897,10898,10897,5
2019-09-23,15:15:01.270000,10897,10898,10897,2
2019-09-23,15:15:01.270000,10897,10898,10897,1
2019-09-23,15:15:01.312000,10897,10898,10897,2
2019-09-23,15:15:01.313000,10897,10898,10897,5
2019-09-23,15:15:01.823000,10896,10897,10897,1
2019-09-23,15:15:01.865000,10896,10897,10897,1
2019-09-23,15:15:01.910000,10896,10897,10896,1
2019-09-23,15:15:01.940000,10896,10897,10897,1
2019-09-23,15:15:01.964000,10896,10897,10896,1
2019-09-23,15:15:02.028000,10896,10897,10897,1
2019-09-23,15:15:02.890000,10896,10897,10897,1
2019-09-23,15:15:04.861000,10896,10897,10897,3
2019-09-23,15:15:05.791000,10896,10897,10896,4
2019-09-23,15:15:05.803000,10896,10897,10896,2
2019-09-23,15:15:05.812000,10896,10897,10896,25
2019-09-23,15:15:06.418000,10895,10896,10895,2
2019-09-23,15:15:06.432000,10895,10896,10895,2
2019-09-23,15:15:06.439000,10895,10896,10895,1
2019-09-23,15:15:06.474000,10895,10896,10895,4
2019-09-23,15:15:06.474000,10895,10896,10895,3
2019-09-23,15:15:06.474000,10895,10896,10895,3
2019-09-23,15:15:06.474000,10895,10896,10895,2
2019-09-23,15:15:06.474000,10895,10896,10895,2
2019-09-23,15:15:06.483000,10895,10896,10895,17
2019-09-23,15:15:07.255000,10894,10895,10895,2
2019-09-23,15:15:07.257000,10894,10895,10895,2
2019-09-23,15:15:07.258000,10894,10895,10895,2
2019-09-23,15:15:07.258000,10894,10895,10895,4
2019-09-23,15:15:07.658000,10895,10896,10896,1
2019-09-23,15:15:08.623000,10895,10896,10896,2
2019-09-23,15:15:09.464000,10895,10896,10895,6
2019-09-23,15:15:09.474000,10894,10895,10895,4
2019-09-23,15:15:09.704000,10894,10896,10895,1
2019-09-23,15:15:13.875000,10895,10896,10895,1
2019-09-23,15:15:14.178000,10895,10896,10895,2
2019-09-23,15:15:14.955000,10895,10896,10895,2
2019-09-23,15:15:20.050000,10895,10896,10895,1
2019-09-23,15:15:20.058000,10895,10896,10896,1
2019-09-23,15:15:20.351000,10895,10896,10895,1
2019-09-23,15:15:29.790000,10895,10896,10895,4
2019-09-23,15:15:30.035000,10895,10896,10895,1
2019-09-23,15:15:32.675000,10895,10896,10895,1
2019-09-23,15:15:34.708000,10895,10896,10895,2
2019-09-23,15:15:41.073000,10895,10896,10896,3
2019-09-23,15:15:41.081000,10895,10896,10896,4
2019-09-23,15:15:41.108000,10895,10896,10896,2
2019-09-23,15:15:43.240000,10896,10897,10897,3
2019-09-23,15:15:43.241000,10896,10897,10897,3
2019-09-23,15:15:43.266000,10896,10897,10896,2
2019-09-23,15:15:43.292000,10896,10897,10897,3
2019-09-23,15:15:43.901000,10896,10897,10896,2
2019-09-23,15:15:48.646000,10896,10897,10897,2
2019-09-23,15:15:48.724000,10896,10897,10897,1
2019-09-23,15:15:48.849000,10896,10897,10897,2
2019-09-23,15:15:50.483000,10897,10898,10897,10
2019-09-23,15:15:50.483000,10897,10898,10896,7
2019-09-23,15:15:50.599000,10896,10897,10896,5
2019-09-23,15:15:52.393000,10896,10897,10896,1
2019-09-23,15:15:57.574000,10896,10897,10897,1
2019-09-23,15:16:02.020000,10896,10897,10897,1
2019-09-23,15:16:10.015000,10896,10897,10897,2
2019-09-23,15:16:12.375000,10896,10897,10896,20
2019-09-23,15:16:20.623000,10896,10897,10896,1
2019-09-23,15:16:22.167000,10896,10897,10896,1
2019-09-23,15:16:22.167000,10896,10897,10896,1
2019-09-23,15:16:22.218000,10896,10897,10896,1
2019-09-23,15:16:22.218000,10896,10897,10896,2
2019-09-23,15:16:22.224000,10895,10896,10896,1
2019-09-23,15:16:26.498000,10895,10896,10896,1
2019-09-23,15:16:29.323000,10895,10896,10896,16
2019-09-23,15:16:29.349000,10895,10896,10896,3
2019-09-23,15:16:34.800000,10895,10896,10895,1
2019-09-23,15:16:42.287000,10895,10896,10896,1
2019-09-23,15:16:42.853000,10895,10896,10896,1
2019-09-23,15:16:43.064000,10895,10896,10895,10
2019-09-23,15:16:43.638000,10895,10896,10896,5
2019-09-23,15:16:50.007000,10895,10896,10896,5
2019-09-23,15:16:50.659000,10895,10896,10896,2
2019-09-23,15:16:51.074000,10896,10897,10896,1
2019-09-23,15:16:59.005000,10896,10897,10896,1
2019-09-23,15:17:02.001000,10896,10897,10896,1
2019-09-23,15:17:04.931000,10895,10896,10895,25
2019-09-23,15:17:21.256000,10895,10896,10895,4
2019-09-23,15:17:21.551000,10895,10896,10895,1
2019-09-23,15:17:28.223000,10895,10896,10895,1
2019-09-23,15:17:30.612000,10895,10896,10896,1
2019-09-23,15:17:31.044000,10895,10896,10896,5
2019-09-23,15:17:32.688000,10895,10896,10895,1
2019-09-23,15:17:33.319000,10895,10896,10896,3
2019-09-23,15:17:35.107000,10895,10896,10895,1
2019-09-23,15:17:51.116000,10895,10896,10895,4
2019-09-23,15:17:59.841000,10895,10896,10896,7
2019-09-23,15:18:01.855000,10896,10897,10896,2
2019-09-23,15:18:02.082000,10896,10897,10896,3
2019-09-23,15:18:04.839000,10896,10897,10896,1
2019-09-23,15:18:19.433000,10896,10897,10896,1
2019-09-23,15:18:26.469000,10896,10897,10897,1
2019-09-23,15:18:35.510000,10896,10897,10897,1
2019-09-23,15:18:41.110000,10896,10897,10896,1
2019-09-23,15:18:41.772000,10896,10897,10896,1
2019-09-23,15:18:41.897000,10896,10897,10897,1
2019-09-23,15:18:57.004000,10896,10897,10896,9
2019-09-23,15:18:57.121000,10895,10896,10896,1
2019-09-23,15:19:01.978000,10895,10896,10896,4
2019-09-23,15:19:04.786000,10895,10896,10895,1
2019-09-23,15:19:04.887000,10895,10896,10896,1
2019-09-23,15:19:11.220000,10895,10896,10896,1
2019-09-23,15:19:16.070000,10895,10896,10895,4
2019-09-23,15:19:32.455000,10895,10896,10895,2
2019-09-23,15:19:34.762000,10895,10896,10895,2
2019-09-23,15:19:35.853000,10895,10896,10895,1
2019-09-23,15:19:47.073000,10895,10896,10895,1
2019-09-23,15:19:48.556000,10895,10896,10895,1
2019-09-23,15:19:49.400000,10895,10896,10895,1
2019-09-23,15:19:52.471000,10895,10896,10895,5
2019-09-23,15:19:53.231000,10895,10896,10895,1
2019-09-23,15:19:53.414000,10895,10896,10895,1
2019-09-23,15:19:54.013000,10895,10896,10895,1
2019-09-23,15:19:56.097000,10895,10896,10895,8
2019-09-23,15:19:56.120000,10894,10896,10895,1
2019-09-23,15:19:56.375000,10894,10895,10895,1
2019-09-23,15:19:56.674000,10894,10895,10895,4
2019-09-23,15:20:04.535000,10895,10896,10895,1
2019-09-23,15:20:07.514000,10894,10895,10894,1
2019-09-23,15:20:07.669000,10894,10895,10894,4
2019-09-23,15:20:10.082000,10894,10895,10895,2
2019-09-23,15:20:10.212000,10894,10895,10895,2
2019-09-23,15:20:13.149000,10894,10895,10895,3
2019-09-23,15:20:13.175000,10894,10895,10895,1
2019-09-23,15:20:13.224000,10895,10896,10895,1
2019-09-23,15:20:34.771000,10894,10895,10895,1
2019-09-23,15:20:36.496000,10894,10895,10894,1
2019-09-23,15:20:56.020000,10894,10895,10894,1
2019-09-23,15:21:02.451000,10894,10895,10894,1
2019-09-23,15:21:02.697000,10894,10895,10895,11
2019-09-23,15:21:03.081000,10894,10896,10895,3
2019-09-23,15:21:05.437000,10895,10896,10895,1
2019-09-23,15:21:08.584000,10895,10896,10895,1
2019-09-23,15:21:11.893000,10895,10896,10895,1
2019-09-23,15:21:19.357000,10894,10895,10895,1
2019-09-23,15:21:21.766000,10895,10896,10895,6
2019-09-23,15:21:27.252000,10894,10895,10895,1
2019-09-23,15:21:31.065000,10894,10895,10895,2
2019-09-23,15:21:41.230000,10894,10895,10895,1
2019-09-23,15:21:53.822000,10894,10895,10895,1
2019-09-23,15:21:54.947000,10894,10895,10895,4
2019-09-23,15:21:56.690000,10894,10895,10895,1
2019-09-23,15:22:02.557000,10894,10895,10894,6
2019-09-23,15:22:02.639000,10894,10895,10895,5
2019-09-23,15:22:04.578000,10894,10895,10895,2
2019-09-23,15:22:07.947000,10895,10896,10895,1
2019-09-23,15:22:10.302000,10895,10896,10895,1
2019-09-23,15:22:23.375000,10895,10896,10895,1
2019-09-23,15:22:24.263000,10895,10896,10895,9
2019-09-23,15:22:24.442000,10894,10895,10895,1
2019-09-23,15:22:25.897000,10894,10895,10895,1
2019-09-23,15:22:26.305000,10894,10895,10895,1
2019-09-23,15:22:32.969000,10894,10895,10895,1
2019-09-23,15:22:33.373000,10894,10895,10895,1
2019-09-23,15:22:33.809000,10894,10895,10895,1
2019-09-23,15:22:34.226000,10894,10895,10895,1
2019-09-23,15:22:34.616000,10894,10895,10895,1
2019-09-23,15:22:35.024000,10894,10895,10895,1
2019-09-23,15:22:35.426000,10894,10895,10895,1
2019-09-23,15:22:35.833000,10894,10895,10895,1
2019-09-23,15:22:36.246000,10894,10895,10894,5
2019-09-23,15:22:36.259000,10894,10895,10895,1
2019-09-23,15:22:36.645000,10894,10895,10895,1
2019-09-23,15:22:36.895000,10894,10895,10894,5
2019-09-23,15:22:37.009000,10894,10895,10894,1
2019-09-23,15:22:37.049000,10894,10895,10895,1
2019-09-23,15:22:40.644000,10894,10895,10894,1
2019-09-23,15:22:40.683000,10894,10895,10894,1
2019-09-23,15:22:40.702000,10894,10895,10894,1
2019-09-23,15:22:40.758000,10894,10895,10894,1
2019-09-23,15:22:40.797000,10894,10895,10894,1
2019-09-23,15:22:40.816000,10894,10895,10894,1
2019-09-23,15:22:40.934000,10894,10895,10894,1
2019-09-23,15:22:42.317000,10894,10895,10895,1
2019-09-23,15:22:42.715000,10894,10895,10895,1
2019-09-23,15:22:43.119000,10894,10895,10895,1
2019-09-23,15:22:43.528000,10894,10895,10895,1
2019-09-23,15:22:44.154000,10894,10895,10894,5
2019-09-23,15:22:48.242000,10894,10895,10895,1
2019-09-23,15:22:49.107000,10894,10895,10895,5
2019-09-23,15:22:51.076000,10894,10896,10894,5
2019-09-23,15:23:05.035000,10894,10895,10894,1
2019-09-23,15:23:12.228000,10894,10895,10894,1
2019-09-23,15:23:14.985000,10894,10895,10894,3
2019-09-23,15:23:15.047000,10894,10895,10894,1
2019-09-23,15:23:18.010000,10894,10895,10894,3
2019-09-23,15:23:21.015000,10894,10895,10894,1
2019-09-23,15:23:33.216000,10894,10895,10894,5
2019-09-23,15:23:33.893000,10894,10895,10894,5
2019-09-23,15:23:41.517000,10894,10895,10895,14
2019-09-23,15:23:52.454000,10895,10896,10895,4
2019-09-23,15:23:55.120000,10895,10896,10895,10
2019-09-23,15:23:58.804000,10895,10896,10895,1
2019-09-23,15:24:02.788000,10895,10896,10895,10
2019-09-23,15:24:07.646000,10894,10895,10895,1
2019-09-23,15:24:23.617000,10895,10896,10895,1
2019-09-23,15:24:26.309000,10894,10896,10895,1
2019-09-23,15:24:33.910000,10894,10895,10894,1
2019-09-23,15:24:35.747000,10894,10895,10895,2
2019-09-23,15:24:36.869000,10895,10896,10895,1
2019-09-23,15:25:05.952000,10895,10896,10895,1
2019-09-23,15:25:22.452000,10895,10896,10896,2
2019-09-23,15:25:33.030000,10895,10896,10896,1
2019-09-23,15:25:56.212000,10895,10896,10896,1
2019-09-23,15:25:57.546000,10895,10896,10896,1
2019-09-23,15:26:02.104000,10895,10896,10896,1
2019-09-23,15:26:57.623000,10895,10896,10895,5
2019-09-23,15:27:01.367000,10895,10896,10895,1
2019-09-23,15:27:05.018000,10895,10896,10895,1
2019-09-23,15:27:08.438000,10895,10896,10895,1
2019-09-23,15:27:13.542000,10895,10896,10895,1
2019-09-23,15:27:16.183000,10895,10896,10896,5
2019-09-23,15:27:20,10895,10896,10895,5
2019-09-23,15:27:33.804000,10895,10896,10895,1
2019-09-23,15:27:39.381000,10895,10896,10895,1
2019-09-23,15:27:52.911000,10895,10896,10895,1
2019-09-23,15:28:52.283000,10895,10896,10896,1
2019-09-23,15:28:58.799000,10895,10896,10896,1
2019-09-23,15:29:19.637000,10895,10896,10896,2
2019-09-23,15:29:35.501000,10895,10896,10896,3
2019-09-23,15:29:36.501000,10895,10896,10896,1
2019-09-23,15:29:50.171000,10895,10896,10895,8
2019-09-23,15:29:50.172000,10895,10896,10895,3
2019-09-23,15:29:51.292000,10894,10895,10894,7
2019-09-23,15:29:51.292000,10894,10895,10894,2
2019-09-23,15:29:51.292000,10894,10895,10894,13
2019-09-23,15:29:51.343000,10894,10895,10894,3
2019-09-23,15:29:51.597000,10893,10894,10893,3
2019-09-23,15:29:51.597000,10893,10894,10893,2
2019-09-23,15:29:51.599000,10893,10894,10893,9
2019-09-23,15:29:51.642000,10893,10894,10893,1
2019-09-23,15:29:51.647000,10893,10894,10893,2
2019-09-23,15:29:51.650000,10893,10894,10892,1
2019-09-23,15:29:51.699000,10893,10894,10893,3
2019-09-23,15:29:51.772000,10892,10893,10892,3
2019-09-23,15:29:51.787000,10892,10893,10892,3
2019-09-23,15:29:51.823000,10892,10893,10892,1
2019-09-23,15:29:52.017000,10892,10893,10892,6
2019-09-23,15:29:52.031000,10892,10893,10892,6
2019-09-23,15:29:52.130000,10892,10894,10894,2
2019-09-23,15:29:59.053000,10893,10894,10893,5
2019-09-23,15:29:59.963000,10892,10894,10893,1
2019-09-23,15:29:59.963000,10892,10894,10892,4
2019-09-23,15:30:02.054000,10892,10893,10892,1
2019-09-23,15:30:02.099000,10892,10893,10892,4
2019-09-23,15:30:02.099000,10892,10893,10892,1
2019-09-23,15:30:02.099000,10892,10893,10892,3
2019-09-23,15:30:02.101000,10892,10893,10892,9
2019-09-23,15:30:02.108000,10892,10893,10892,1
2019-09-23,15:30:02.150000,10892,10893,10892,4
2019-09-23,15:30:02.166000,10892,10893,10892,1
2019-09-23,15:30:02.167000,10892,10893,10892,2
2019-09-23,15:30:02.173000,10892,10893,10892,4
2019-09-23,15:30:02.186000,10892,10893,10892,1
2019-09-23,15:30:02.187000,10892,10893,10892,3
2019-09-23,15:30:02.219000,10892,10893,10891,2
2019-09-23,15:30:02.224000,10891,10892,10891,4
2019-09-23,15:30:02.228000,10891,10892,10891,4
2019-09-23,15:30:02.254000,10891,10892,10891,1
2019-09-23,15:30:02.346000,10891,10892,10891,2
2019-09-23,15:30:02.349000,10891,10892,10891,4
2019-09-23,15:30:02.704000,10891,10892,10891,15
2019-09-23,15:30:02.898000,10890,10891,10891,1
2019-09-23,15:30:03.320000,10890,10891,10890,2
2019-09-23,15:30:03.395000,10890,10891,10890,1
2019-09-23,15:30:03.545000,10890,10891,10890,1
2019-09-23,15:30:03.645000,10890,10891,10890,17
2019-09-23,15:30:03.744000,10890,10891,10890,1
2019-09-23,15:30:03.781000,10890,10891,10890,17
2019-09-23,15:30:03.871000,10890,10891,10890,1
2019-09-23,15:30:03.886000,10890,10891,10890,1
2019-09-23,15:30:04.583000,10890,10891,10890,1
2019-09-23,15:30:04.583000,10890,10891,10890,2
2019-09-23,15:30:04.584000,10890,10891,10890,3
2019-09-23,15:30:04.667000,10890,10891,10890,46
2019-09-23,15:30:05.835000,10889,10890,10889,2
2019-09-23,15:30:05.878000,10889,10890,10889,3
2019-09-23,15:30:05.889000,10889,10890,10890,1
2019-09-23,15:30:08.426000,10889,10890,10890,2
2019-09-23,15:30:08.974000,10889,10890,10890,3
2019-09-23,15:30:08.974000,10889,10890,10890,1
2019-09-23,15:30:08.980000,10889,10890,10890,1
2019-09-23,15:30:08.980000,10889,10890,10890,1
2019-09-23,15:30:08.980000,10889,10890,10890,1
2019-09-23,15:30:09.087000,10889,10890,10890,1
2019-09-23,15:30:09.096000,10889,10890,10890,1
2019-09-23,15:30:09.209000,10890,10891,10890,1
2019-09-23,15:30:09.451000,10890,10891,10891,1
2019-09-23,15:30:09.452000,10890,10891,10891,1
2019-09-23,15:30:09.452000,10890,10891,10891,2
2019-09-23,15:30:09.453000,10890,10891,10891,1
2019-09-23,15:30:09.474000,10890,10891,10891,2
2019-09-23,15:30:09.474000,10890,10891,10891,2
2019-09-23,15:30:09.476000,10890,10891,10891,2
2019-09-23,15:30:09.477000,10890,10891,10891,2
2019-09-23,15:30:09.489000,10890,10891,10891,1
2019-09-23,15:30:09.599000,10890,10891,10891,1
2019-09-23,15:30:09.724000,10890,10891,10891,3
2019-09-23,15:30:10.745000,10890,10892,10891,1
2019-09-23,15:30:13.945000,10891,10892,10891,1
2019-09-23,15:30:18.471000,10891,10892,10892,3
2019-09-23,15:30:19.916000,10891,10893,10891,2
2019-09-23,15:30:21.133000,10892,10893,10892,1
2019-09-23,15:30:25.101000,10891,10892,10891,1
2019-09-23,15:30:27.862000,10891,10892,10892,1
2019-09-23,15:30:33.595000,10891,10892,10891,1
2019-09-23,15:30:35.620000,10891,10892,10892,3
2019-09-23,15:30:38.474000,10891,10892,10892,2
2019-09-23,15:30:39.552000,10892,10893,10892,4
2019-09-23,15:30:39.552000,10892,10893,10891,1
2019-09-23,15:30:43.791000,10891,10892,10892,2
2019-09-23,15:30:45.437000,10892,10893,10892,1
2019-09-23,15:30:45.547000,10892,10893,10892,5
2019-09-23,15:30:51.677000,10891,10892,10892,1
2019-09-23,15:30:52.120000,10892,10893,10892,1
2019-09-23,15:30:58.034000,10892,10893,10892,1
2019-09-23,15:31:00.710000,10891,10893,10892,1
2019-09-23,15:31:00.710000,10891,10893,10893,4
2019-09-23,15:31:04.738000,10891,10892,10892,1
2019-09-23,15:31:05.683000,10891,10892,10892,2
2019-09-23,15:31:05.700000,10891,10892,10892,1
2019-09-23,15:31:05.854000,10891,10892,10892,1
2019-09-23,15:31:06.484000,10892,10893,10892,5
2019-09-23,15:31:10.016000,10892,10893,10893,2
2019-09-23,15:31:10.016000,10892,10893,10893,4
2019-09-23,15:31:10.757000,10893,10894,10893,1
2019-09-23,15:31:14.599000,10892,10893,10893,1
2019-09-23,15:31:16.042000,10893,10894,10893,18
2019-09-23,15:31:16.042000,10893,10894,10892,53
2019-09-23,15:31:16.099000,10892,10893,10892,1
2019-09-23,15:31:16.117000,10892,10893,10892,1
2019-09-23,15:31:16.142000,10892,10893,10891,4
2019-09-23,15:31:16.145000,10892,10893,10891,1
2019-09-23,15:31:16.150000,10892,10893,10891,5
2019-09-23,15:31:16.224000,10891,10892,10891,5
2019-09-23,15:31:16.230000,10891,10892,10891,3
2019-09-23,15:31:17.979000,10891,10892,10891,1
2019-09-23,15:31:19.601000,10891,10892,10891,3
2019-09-23,15:31:20.693000,10891,10892,10891,1
2019-09-23,15:31:22.645000,10891,10892,10891,2
2019-09-23,15:31:22.646000,10891,10892,10891,2
2019-09-23,15:31:22.648000,10891,10892,10891,2
2019-09-23,15:31:27.479000,10890,10891,10890,1
2019-09-23,15:31:28.691000,10890,10891,10890,1
2019-09-23,15:31:30.874000,10890,10891,10890,2
2019-09-23,15:31:30.874000,10890,10891,10890,4
2019-09-23,15:31:30.874000,10890,10891,10890,1
2019-09-23,15:31:30.875000,10890,10891,10890,1
2019-09-23,15:31:30.875000,10890,10891,10890,1
2019-09-23,15:31:30.876000,10890,10891,10890,12
2019-09-23,15:31:30.930000,10890,10891,10890,3
2019-09-23,15:31:31.956000,10889,10890,10890,1
2019-09-23,15:31:35.986000,10889,10890,10890,1
2019-09-23,15:31:36.373000,10889,10890,10890,1
2019-09-23,15:31:36.615000,10889,10890,10889,1
2019-09-23,15:31:38.538000,10889,10890,10890,1
2019-09-23,15:31:41.140000,10889,10890,10889,4
2019-09-23,15:31:41.224000,10889,10890,10889,1
2019-09-23,15:31:41.225000,10889,10890,10889,5
2019-09-23,15:31:41.275000,10889,10890,10889,1
2019-09-23,15:31:41.349000,10889,10890,10889,2
2019-09-23,15:31:41.642000,10888,10889,10889,1
2019-09-23,15:31:43.818000,10888,10889,10888,1
2019-09-23,15:31:43.882000,10888,10889,10889,1
2019-09-23,15:31:47.513000,10888,10889,10889,7
2019-09-23,15:31:47.513000,10888,10889,10890,23
2019-09-23,15:31:48.110000,10889,10890,10890,2
2019-09-23,15:31:52.849000,10890,10891,10890,6
2019-09-23,15:31:52.936000,10890,10891,10890,4
2019-09-23,15:31:52.974000,10890,10891,10890,1
2019-09-23,15:31:53.949000,10889,10890,10890,1
2019-09-23,15:31:54.143000,10889,10890,10889,2
2019-09-23,15:31:56.659000,10890,10891,10890,1
2019-09-23,15:31:56.659000,10890,10891,10889,2
2019-09-23,15:31:56.973000,10889,10891,10889,1
2019-09-23,15:31:57.709000,10889,10891,10889,2
2019-09-23,15:31:58.115000,10889,10890,10890,1
2019-09-23,15:31:59.945000,10889,10890,10890,3
2019-09-23,15:32:02.627000,10890,10891,10890,3
2019-09-23,15:32:04.980000,10890,10891,10890,1
2019-09-23,15:32:06.492000,10890,10891,10891,1
2019-09-23,15:32:06.704000,10890,10891,10891,1
2019-09-23,15:32:06.953000,10890,10891,10891,1
2019-09-23,15:32:07.217000,10890,10891,10891,1
2019-09-23,15:32:08.103000,10890,10891,10891,2
2019-09-23,15:32:08.149000,10890,10891,10891,1
2019-09-23,15:32:09.099000,10891,10892,10891,1
2019-09-23,15:32:09.772000,10890,10892,10890,1
2019-09-23,15:32:14.085000,10890,10891,10891,1
2019-09-23,15:32:15.362000,10890,10891,10890,1
2019-09-23,15:32:16.030000,10890,10891,10890,1
2019-09-23,15:32:17.349000,10890,10891,10890,1
2019-09-23,15:32:22.898000,10889,10890,10889,2
2019-09-23,15:32:23.396000,10889,10890,10889,2
2019-09-23,15:32:23.397000,10889,10890,10889,1
2019-09-23,15:32:23.397000,10889,10890,10889,2
2019-09-23,15:32:24.272000,10888,10890,10888,2
2019-09-23,15:32:28.235000,10888,10889,10889,2
2019-09-23,15:32:28.966000,10888,10889,10888,4
2019-09-23,15:32:32.639000,10888,10890,10888,4
2019-09-23,15:32:33.526000,10888,10890,10889,1
2019-09-23,15:32:38.312000,10889,10890,10889,1
2019-09-23,15:32:39.348000,10888,10889,10888,6
2019-09-23,15:32:39.349000,10888,10889,10888,1
2019-09-23,15:32:39.399000,10888,10889,10888,3
2019-09-23,15:32:39.460000,10888,10889,10887,4
2019-09-23,15:32:39.473000,10888,10889,10887,4
2019-09-23,15:32:39.500000,10887,10888,10887,5
2019-09-23,15:32:39.508000,10887,10888,10887,3
2019-09-23,15:32:39.508000,10887,10888,10886,1
2019-09-23,15:32:39.599000,10887,10888,10887,1
2019-09-23,15:32:39.699000,10887,10888,10887,1
2019-09-23,15:32:40.022000,10887,10888,10887,5
2019-09-23,15:32:43.092000,10887,10888,10887,1
2019-09-23,15:32:43.965000,10887,10888,10887,1
2019-09-23,15:32:44.404000,10887,10888,10887,1
2019-09-23,15:32:46.391000,10887,10888,10887,1
2019-09-23,15:32:47.210000,10887,10888,10887,1
2019-09-23,15:32:47.842000,10887,10888,10887,1
2019-09-23,15:32:47.870000,10887,10888,10887,4
2019-09-23,15:32:48.113000,10887,10888,10888,1
2019-09-23,15:32:48.157000,10887,10888,10887,4
2019-09-23,15:32:49.120000,10886,10887,10887,1
2019-09-23,15:32:54.363000,10887,10888,10888,3
2019-09-23,15:32:57.608000,10887,10889,10887,1
2019-09-23,15:32:58.748000,10887,10889,10888,1
2019-09-23,15:33:02.779000,10887,10888,10887,5
2019-09-23,15:33:10.366000,10887,10888,10888,1
2019-09-23,15:33:12.600000,10887,10888,10887,2
2019-09-23,15:33:12.602000,10887,10888,10887,6
2019-09-23,15:33:12.629000,10887,10888,10887,4
2019-09-23,15:33:12.644000,10887,10888,10887,1
2019-09-23,15:33:12.715000,10887,10888,10887,2
2019-09-23,15:33:12.724000,10887,10888,10887,6
2019-09-23,15:33:12.783000,10887,10888,10886,5
2019-09-23,15:33:13.085000,10886,10887,10886,4
2019-09-23,15:33:13.846000,10886,10887,10886,2
2019-09-23,15:33:15.244000,10886,10887,10887,1
2019-09-23,15:33:15.921000,10886,10887,10886,2
2019-09-23,15:33:20.189000,10886,10887,10886,2
2019-09-23,15:33:21.947000,10886,10887,10886,1
2019-09-23,15:33:24.714000,10886,10887,10886,1
2019-09-23,15:33:26.636000,10886,10887,10886,2
2019-09-23,15:33:27.688000,10886,10887,10886,2
2019-09-23,15:33:27.818000,10886,10887,10886,2
2019-09-23,15:33:28.311000,10886,10887,10887,1
2019-09-23,15:33:33.650000,10886,10887,10887,1
2019-09-23,15:33:35.170000,10886,10887,10886,1
2019-09-23,15:33:36.848000,10886,10887,10886,2
2019-09-23,15:33:39.356000,10886,10887,10886,2
2019-09-23,15:33:40.327000,10886,10887,10887,1
2019-09-23,15:33:40.488000,10886,10887,10886,2
2019-09-23,15:33:43.508000,10886,10887,10887,1
2019-09-23,15:33:45.825000,10886,10887,10887,1
2019-09-23,15:33:49.941000,10886,10887,10886,2
2019-09-23,15:33:52.974000,10886,10887,10887,18
2019-09-23,15:33:53.645000,10887,10888,10887,5
2019-09-23,15:34:02.890000,10886,10887,10886,2
2019-09-23,15:34:05.326000,10886,10887,10887,1
2019-09-23,15:34:08.860000,10886,10887,10887,1
2019-09-23,15:34:09.141000,10886,10887,10887,2
2019-09-23,15:34:09.143000,10886,10887,10887,2
2019-09-23,15:34:12.826000,10887,10888,10887,2
2019-09-23,15:34:22.492000,10887,10888,10887,2
2019-09-23,15:34:23.447000,10887,10888,10887,1
2019-09-23,15:34:33.088000,10886,10887,10887,1
2019-09-23,15:34:40.877000,10886,10887,10887,1
2019-09-23,15:34:44.540000,10886,10887,10887,1
2019-09-23,15:34:50.160000,10886,10887,10886,1
2019-09-23,15:34:52.811000,10886,10887,10887,11
2019-09-23,15:35:00.574000,10887,10888,10888,2
2019-09-23,15:35:00.574000,10887,10888,10888,5
2019-09-23,15:35:00.574000,10887,10888,10888,3
2019-09-23,15:35:00.575000,10887,10888,10888,1
2019-09-23,15:35:01.048000,10888,10889,10888,5
2019-09-23,15:35:01.048000,10888,10889,10887,5
2019-09-23,15:35:08.797000,10887,10888,10887,1
2019-09-23,15:35:10.938000,10887,10888,10887,1
2019-09-23,15:35:15.004000,10887,10888,10887,1
2019-09-23,15:35:17.408000,10887,10888,10888,1
2019-09-23,15:35:17.726000,10887,10888,10888,1
2019-09-23,15:35:18.106000,10887,10888,10888,1
2019-09-23,15:35:20.487000,10887,10888,10888,1
2019-09-23,15:35:21.881000,10887,10888,10888,1
2019-09-23,15:35:28.177000,10887,10888,10888,1
2019-09-23,15:35:28.177000,10887,10888,10888,1
2019-09-23,15:35:28.177000,10887,10888,10888,1
2019-09-23,15:35:29.342000,10888,10889,10888,1
2019-09-23,15:35:48.140000,10888,10889,10888,1
2019-09-23,15:35:51.808000,10888,10889,10888,3
2019-09-23,15:36:00.599000,10888,10889,10888,1
2019-09-23,15:36:00.724000,10888,10889,10888,3
2019-09-23,15:36:01.650000,10887,10889,10887,4
2019-09-23,15:36:05.070000,10887,10888,10888,1
2019-09-23,15:36:33.592000,10887,10888,10888,1
2019-09-23,15:36:40.214000,10887,10888,10888,1
2019-09-23,15:36:40.215000,10887,10888,10888,6
2019-09-23,15:36:40.215000,10887,10888,10888,2
2019-09-23,15:36:40.215000,10887,10888,10888,9
2019-09-23,15:36:41.850000,10887,10888,10888,1
2019-09-23,15:36:42.709000,10887,10888,10888,1
2019-09-23,15:36:52.008000,10887,10888,10887,2
2019-09-23,15:36:52.019000,10887,10888,10887,2
2019-09-23,15:36:52.020000,10887,10888,10887,5
2019-09-23,15:36:52.099000,10887,10888,10887,7
2019-09-23,15:36:52.099000,10887,10888,10887,5
2019-09-23,15:36:52.472000,10886,10887,10886,1
2019-09-23,15:36:54.295000,10886,10887,10886,1
2019-09-23,15:37:02.207000,10886,10887,10886,3
2019-09-23,15:37:03.616000,10886,10887,10886,1
2019-09-23,15:37:08.300000,10886,10887,10887,1
2019-09-23,15:37:09.210000,10886,10887,10886,3
2019-09-23,15:37:11.461000,10886,10887,10887,6
2019-09-23,15:37:22.005000,10886,10887,10887,1
2019-09-23,15:37:24.701000,10886,10887,10887,4
2019-09-23,15:37:29.383000,10887,10888,10887,1
2019-09-23,15:37:30.351000,10887,10888,10887,1
2019-09-23,15:37:36.842000,10887,10888,10887,2
2019-09-23,15:37:37.175000,10887,10888,10887,5
2019-09-23,15:37:44.217000,10886,10887,10886,1
2019-09-23,15:37:44.913000,10886,10887,10886,1
2019-09-23,15:37:48.810000,10886,10887,10886,1
2019-09-23,15:37:56.004000,10886,10887,10887,7
2019-09-23,15:38:00.659000,10887,10888,10887,2
2019-09-23,15:38:02.311000,10887,10888,10887,1
2019-09-23,15:38:08.734000,10887,10888,10887,2
2019-09-23,15:38:10.744000,10887,10888,10887,8
2019-09-23,15:38:11.765000,10886,10887,10887,5
2019-09-23,15:38:12.428000,10886,10887,10887,1
2019-09-23,15:38:12.529000,10886,10887,10886,1
2019-09-23,15:38:20.868000,10886,10887,10886,2
2019-09-23,15:38:21.036000,10886,10887,10886,2
2019-09-23,15:38:22.388000,10886,10887,10886,2
2019-09-23,15:38:23.221000,10886,10887,10886,2
2019-09-23,15:38:23.455000,10886,10887,10886,4
2019-09-23,15:38:23.639000,10886,10887,10886,4
2019-09-23,15:38:24.288000,10886,10887,10887,2
2019-09-23,15:38:24.905000,10886,10888,10886,2
2019-09-23,15:38:25.321000,10886,10888,10886,1
2019-09-23,15:38:31.375000,10886,10887,10886,1
2019-09-23,15:38:33.481000,10886,10887,10886,1
2019-09-23,15:38:34.376000,10886,10887,10886,4
2019-09-23,15:38:37.259000,10886,10887,10886,3
2019-09-23,15:38:45.388000,10886,10887,10886,1
2019-09-23,15:39:02.466000,10886,10887,10886,7
2019-09-23,15:39:02.962000,10886,10887,10886,1
2019-09-23,15:39:03.660000,10886,10887,10886,5
2019-09-23,15:39:03.797000,10886,10887,10887,13
2019-09-23,15:39:03.804000,10886,10887,10887,1
2019-09-23,15:39:03.849000,10886,10887,10887,1
2019-09-23,15:39:04.172000,10887,10888,10887,1
2019-09-23,15:39:25.915000,10887,10888,10887,1
2019-09-23,15:39:28.130000,10887,10888,10887,1
2019-09-23,15:39:28.224000,10887,10888,10887,5
2019-09-23,15:39:28.700000,10886,10887,10887,1
2019-09-23,15:39:32.965000,10886,10887,10887,1
2019-09-23,15:39:33.520000,10886,10887,10887,1
2019-09-23,15:39:36.400000,10886,10887,10887,1
2019-09-23,15:39:49.573000,10886,10887,10887,1
2019-09-23,15:40:00.124000,10886,10887,10886,2
2019-09-23,15:40:00.299000,10886,10887,10886,2
2019-09-23,15:40:00.456000,10886,10887,10886,1
2019-09-23,15:40:00.457000,10886,10887,10886,8
2019-09-23,15:40:00.457000,10886,10887,10886,2
2019-09-23,15:40:00.534000,10885,10887,10885,3
2019-09-23,15:40:00.739000,10885,10886,10885,6
2019-09-23,15:40:00.853000,10885,10886,10886,2
2019-09-23,15:40:01.079000,10885,10886,10886,2
2019-09-23,15:40:01.839000,10885,10886,10885,1
2019-09-23,15:40:02.154000,10885,10886,10886,1
2019-09-23,15:40:02.577000,10885,10886,10885,5
2019-09-23,15:40:10.085000,10885,10886,10885,1
2019-09-23,15:40:10.164000,10885,10886,10885,5
2019-09-23,15:40:11.072000,10885,10886,10885,5
2019-09-23,15:40:15.217000,10885,10886,10885,1
2019-09-23,15:40:33.489000,10885,10886,10886,1
2019-09-23,15:40:34.757000,10885,10886,10885,2
2019-09-23,15:40:35.500000,10885,10886,10885,2
2019-09-23,15:40:36.809000,10885,10886,10885,1
2019-09-23,15:40:43.656000,10885,10886,10885,1
2019-09-23,15:40:45.721000,10885,10886,10885,2
2019-09-23,15:40:51.531000,10885,10886,10885,1
2019-09-23,15:40:53.118000,10885,10886,10886,1
2019-09-23,15:41:00.218000,10885,10886,10885,2
2019-09-23,15:41:03.916000,10885,10886,10886,4
2019-09-23,15:41:04.496000,10886,10887,10886,1
2019-09-23,15:41:04.731000,10886,10887,10886,1
2019-09-23,15:41:11.582000,10885,10886,10886,1
2019-09-23,15:41:13.686000,10885,10886,10886,7
2019-09-23,15:41:13.724000,10885,10886,10886,5
2019-09-23,15:41:15.218000,10885,10887,10885,1
2019-09-23,15:41:22.371000,10885,10886,10886,2
2019-09-23,15:41:25.786000,10886,10887,10886,3
2019-09-23,15:41:25.827000,10886,10887,10886,1
2019-09-23,15:41:28.875000,10885,10886,10885,1
2019-09-23,15:41:37.626000,10885,10886,10885,1
2019-09-23,15:41:42.764000,10885,10886,10886,3
2019-09-23,15:41:47.059000,10885,10886,10885,4
2019-09-23,15:41:47.623000,10885,10886,10886,1
2019-09-23,15:41:53.239000,10885,10886,10886,1
2019-09-23,15:41:54.969000,10885,10886,10886,2
2019-09-23,15:41:54.970000,10885,10886,10886,9
2019-09-23,15:41:54.970000,10885,10886,10886,1
2019-09-23,15:41:54.970000,10885,10886,10886,7
2019-09-23,15:41:54.970000,10885,10886,10886,1
2019-09-23,15:41:54.970000,10885,10886,10886,2
2019-09-23,15:41:54.971000,10885,10886,10886,2
2019-09-23,15:41:54.971000,10885,10886,10886,2
2019-09-23,15:41:55.899000,10885,10887,10885,1
2019-09-23,15:42:00.266000,10886,10887,10886,5
2019-09-23,15:42:10.246000,10886,10887,10886,1
2019-09-23,15:42:10.590000,10886,10887,10886,1
2019-09-23,15:42:25.664000,10886,10887,10886,1
2019-09-23,15:42:30.007000,10886,10887,10886,1
2019-09-23,15:42:46.775000,10886,10887,10886,1
2019-09-23,15:42:46.838000,10886,10887,10886,1
2019-09-23,15:43:01.927000,10885,10886,10886,1
2019-09-23,15:43:04.303000,10885,10886,10886,3
2019-09-23,15:43:10.112000,10885,10886,10886,1
2019-09-23,15:43:22.296000,10885,10886,10885,26
2019-09-23,15:43:22.379000,10884,10885,10885,1
2019-09-23,15:43:22.813000,10884,10885,10885,1
2019-09-23,15:43:28.475000,10884,10885,10885,1
2019-09-23,15:43:31.233000,10884,10885,10884,1
2019-09-23,15:43:31.379000,10884,10885,10884,2
2019-09-23,15:43:31.420000,10884,10885,10884,12
2019-09-23,15:43:32.435000,10884,10885,10884,2
2019-09-23,15:43:32.586000,10884,10885,10884,2
2019-09-23,15:43:39.109000,10884,10885,10884,1
2019-09-23,15:43:41.397000,10884,10885,10884,4
2019-09-23,15:43:46.239000,10884,10885,10884,2
2019-09-23,15:43:50.942000,10884,10885,10884,1
2019-09-23,15:43:52.273000,10884,10885,10884,1
2019-09-23,15:43:53.366000,10884,10885,10884,1
2019-09-23,15:44:02.052000,10884,10885,10884,3
2019-09-23,15:44:02.052000,10884,10885,10883,7
2019-09-23,15:44:02.240000,10883,10885,10883,1
2019-09-23,15:44:02.325000,10883,10885,10883,1
2019-09-23,15:44:02.327000,10883,10885,10883,1
2019-09-23,15:44:02.327000,10883,10885,10883,5
2019-09-23,15:44:02.356000,10883,10885,10883,6
2019-09-23,15:44:02.356000,10883,10885,10882,21
2019-09-23,15:44:02.373000,10883,10885,10882,2
2019-09-23,15:44:02.723000,10883,10884,10883,1
2019-09-23,15:44:03.224000,10883,10884,10883,1
2019-09-23,15:44:03.228000,10883,10884,10883,1
2019-09-23,15:44:03.731000,10883,10884,10884,1
2019-09-23,15:44:04.862000,10883,10884,10883,1
2019-09-23,15:44:08.392000,10883,10884,10883,1
2019-09-23,15:44:11.295000,10883,10884,10883,1
2019-09-23,15:44:12.087000,10883,10884,10883,1
2019-09-23,15:44:13.637000,10883,10884,10883,1
2019-09-23,15:44:18.151000,10883,10884,10884,2
2019-09-23,15:44:18.380000,10883,10884,10884,1
2019-09-23,15:44:18.380000,10883,10884,10884,3
2019-09-23,15:44:18.380000,10883,10884,10884,2
2019-09-23,15:44:18.381000,10883,10884,10884,4
2019-09-23,15:44:20.028000,10884,10885,10884,1
2019-09-23,15:44:20.556000,10884,10885,10884,1
2019-09-23,15:44:23.951000,10883,10885,10883,1
2019-09-23,15:44:29.724000,10883,10884,10884,1
2019-09-23,15:44:36.864000,10884,10885,10884,5
2019-09-23,15:44:40.009000,10884,10885,10885,8
2019-09-23,15:44:40.009000,10884,10885,10885,1
2019-09-23,15:44:40.009000,10884,10885,10885,3
2019-09-23,15:44:40.009000,10884,10885,10885,10
2019-09-23,15:44:40.009000,10884,10885,10885,3
2019-09-23,15:44:44.404000,10885,10886,10886,1
2019-09-23,15:44:45.296000,10885,10886,10885,1
2019-09-23,15:44:50.082000,10885,10886,10886,2
2019-09-23,15:44:50.083000,10885,10886,10886,2
2019-09-23,15:45:02.036000,10886,10887,10886,3
2019-09-23,15:45:02.953000,10886,10887,10886,1
2019-09-23,15:45:07.003000,10886,10887,10886,2
2019-09-23,15:45:10.172000,10886,10887,10886,1
2019-09-23,15:45:11.151000,10885,10886,10886,1
2019-09-23,15:45:11.398000,10885,10886,10886,1
2019-09-23,15:45:17.589000,10885,10886,10886,4
2019-09-23,15:45:27.839000,10886,10887,10887,1
2019-09-23,15:45:34.481000,10886,10887,10886,1
2019-09-23,15:45:36.655000,10886,10887,10886,2
2019-09-23,15:45:38.780000,10885,10886,10886,1
2019-09-23,15:45:40.255000,10885,10886,10886,2
2019-09-23,15:45:42.140000,10885,10886,10886,1
2019-09-23,15:45:51.327000,10885,10886,10885,8
2019-09-23,15:45:51.484000,10884,10886,10886,1
2019-09-23,15:45:52.144000,10884,10885,10885,1
2019-09-23,15:46:04.276000,10884,10885,10885,1
2019-09-23,15:46:05.471000,10884,10885,10885,1
2019-09-23,15:46:08.117000,10884,10885,10885,1
2019-09-23,15:46:34.347000,10884,10885,10885,1
2019-09-23,15:46:41.448000,10884,10885,10885,1
2019-09-23,15:46:42.035000,10884,10885,10885,1
2019-09-23,15:46:47.943000,10884,10885,10885,1
2019-09-23,15:46:49.504000,10884,10885,10885,1
2019-09-23,15:47:00.459000,10884,10885,10885,1
2019-09-23,15:47:00.605000,10884,10885,10885,2
2019-09-23,15:47:00.864000,10884,10885,10885,2
2019-09-23,15:47:24.136000,10885,10886,10885,5
2019-09-23,15:47:45.187000,10885,10886,10885,9
2019-09-23,15:47:45.320000,10884,10885,10884,4
2019-09-23,15:47:45.467000,10884,10885,10884,5
2019-09-23,15:47:45.483000,10884,10885,10884,5
2019-09-23,15:47:45.483000,10884,10885,10883,7
2019-09-23,15:47:45.836000,10883,10884,10883,1
2019-09-23,15:47:46.895000,10883,10885,10883,6
2019-09-23,15:48:05.969000,10883,10884,10884,1
2019-09-23,15:48:06.412000,10883,10884,10883,1
2019-09-23,15:48:06.618000,10883,10884,10883,1
2019-09-23,15:48:07.487000,10883,10884,10884,1
2019-09-23,15:48:07.599000,10883,10884,10884,1
2019-09-23,15:48:12.863000,10884,10885,10884,1
2019-09-23,15:48:16.027000,10883,10884,10883,1
2019-09-23,15:48:28.436000,10883,10884,10883,2
2019-09-23,15:48:28.909000,10883,10884,10884,2
2019-09-23,15:48:34.370000,10883,10884,10883,5
2019-09-23,15:48:34.879000,10883,10884,10884,1
2019-09-23,15:48:51.306000,10883,10884,10883,1
2019-09-23,15:49:02.898000,10883,10884,10884,1
2019-09-23,15:49:11.183000,10883,10884,10884,1
2019-09-23,15:49:15.452000,10883,10884,10884,1
2019-09-23,15:49:27.915000,10883,10884,10884,13
2019-09-23,15:49:37.415000,10884,10885,10884,10
2019-09-23,15:49:41.781000,10884,10885,10884,1
2019-09-23,15:50:05.952000,10884,10885,10884,1
2019-09-23,15:50:06.838000,10884,10885,10884,2
2019-09-23,15:50:06.880000,10884,10885,10884,1
2019-09-23,15:50:06.932000,10884,10885,10884,1
2019-09-23,15:50:06.980000,10883,10885,10883,2
2019-09-23,15:50:07.901000,10883,10885,10883,1
2019-09-23,15:50:07.965000,10883,10885,10883,2
2019-09-23,15:50:08.061000,10883,10885,10883,2
2019-09-23,15:50:08.180000,10883,10885,10883,1
2019-09-23,15:50:11.321000,10883,10884,10884,2
2019-09-23,15:50:18.524000,10883,10884,10883,1
2019-09-23,15:50:18.618000,10883,10884,10884,5
2019-09-23,15:50:19.712000,10883,10884,10884,1
2019-09-23,15:50:20.474000,10883,10884,10884,2
2019-09-23,15:50:21.681000,10884,10885,10884,1
2019-09-23,15:50:25.226000,10883,10884,10883,1
2019-09-23,15:50:25.556000,10883,10884,10884,3
2019-09-23,15:50:27.508000,10884,10885,10884,1
2019-09-23,15:50:30.599000,10884,10885,10884,1
2019-09-23,15:50:32.560000,10884,10885,10884,2
2019-09-23,15:50:32.878000,10883,10884,10884,1
2019-09-23,15:50:41.465000,10883,10884,10883,8
2019-09-23,15:50:41.466000,10883,10884,10883,2
2019-09-23,15:50:41.466000,10883,10884,10883,10
2019-09-23,15:50:41.599000,10882,10883,10882,1
2019-09-23,15:50:41.606000,10882,10883,10882,1
2019-09-23,15:50:41.614000,10882,10883,10882,1
2019-09-23,15:50:41.620000,10882,10883,10882,1
2019-09-23,15:50:41.702000,10882,10883,10882,6
2019-09-23,15:50:41.728000,10882,10883,10882,2
2019-09-23,15:50:44.399000,10882,10883,10882,5
2019-09-23,15:50:55.452000,10882,10883,10882,1
2019-09-23,15:50:56.674000,10882,10883,10882,1
2019-09-23,15:51:01.023000,10882,10883,10883,1
2019-09-23,15:51:02.216000,10882,10884,10882,1
2019-09-23,15:51:04.571000,10883,10884,10883,1
2019-09-23,15:51:08.567000,10882,10883,10883,1
2019-09-23,15:51:11.029000,10882,10883,10882,4
2019-09-23,15:51:11.089000,10882,10883,10883,1
2019-09-23,15:51:11.410000,10882,10884,10882,1
2019-09-23,15:51:13.945000,10883,10884,10883,1
2019-09-23,15:51:17.497000,10883,10884,10883,1
2019-09-23,15:51:25.211000,10883,10884,10883,1
2019-09-23,15:51:28.350000,10882,10883,10883,1
2019-09-23,15:51:31.330000,10883,10884,10884,17
2019-09-23,15:51:31.851000,10883,10884,10883,2
2019-09-23,15:51:41.396000,10883,10884,10884,5
2019-09-23,15:51:58.998000,10884,10885,10884,1
2019-09-23,15:52:01.112000,10883,10884,10884,1
2019-09-23,15:52:11.583000,10883,10884,10884,1
2019-09-23,15:52:15.934000,10883,10884,10883,1
2019-09-23,15:52:27.437000,10883,10884,10884,1
2019-09-23,15:52:27.592000,10883,10884,10883,1
2019-09-23,15:52:31.543000,10883,10884,10883,2
2019-09-23,15:52:40.042000,10883,10884,10883,1
2019-09-23,15:52:44.969000,10883,10884,10883,1
2019-09-23,15:52:58.262000,10883,10884,10884,8
2019-09-23,15:53:03.727000,10883,10884,10884,6
2019-09-23,15:53:21.445000,10884,10885,10884,1
2019-09-23,15:53:24.687000,10884,10885,10884,1
2019-09-23,15:53:30.490000,10884,10885,10884,2
2019-09-23,15:53:38.159000,10884,10885,10884,2
2019-09-23,15:53:38.317000,10884,10885,10884,1
2019-09-23,15:53:49.682000,10884,10885,10884,2
2019-09-23,15:54:09.147000,10883,10884,10883,16
2019-09-23,15:54:15.288000,10882,10883,10883,1
2019-09-23,15:54:25.203000,10882,10883,10883,1
2019-09-23,15:54:30.260000,10882,10883,10882,1
2019-09-23,15:54:32.234000,10882,10883,10882,4
2019-09-23,15:54:32.493000,10882,10883,10882,4
2019-09-23,15:54:35.865000,10882,10883,10882,1
2019-09-23,15:54:36.756000,10882,10883,10882,1
2019-09-23,15:54:39.690000,10882,10883,10882,2
2019-09-23,15:54:39.703000,10882,10883,10882,1
2019-09-23,15:54:42.802000,10881,10882,10882,1
2019-09-23,15:54:44.329000,10881,10882,10882,1
2019-09-23,15:54:48.938000,10882,10883,10883,1
2019-09-23,15:54:49.124000,10882,10883,10882,1
2019-09-23,15:54:52.491000,10882,10883,10882,4
2019-09-23,15:55:00.425000,10882,10883,10883,1
2019-09-23,15:55:00.811000,10882,10883,10882,1
2019-09-23,15:55:05.043000,10882,10883,10883,2
2019-09-23,15:55:05.052000,10882,10883,10883,2
2019-09-23,15:55:05.062000,10882,10883,10883,1
2019-09-23,15:55:07.363000,10883,10884,10884,16
2019-09-23,15:55:07.474000,10884,10885,10884,1
2019-09-23,15:55:14.808000,10883,10884,10883,1
2019-09-23,15:55:26.482000,10882,10883,10883,2
2019-09-23,15:55:26.483000,10882,10883,10883,2
2019-09-23,15:55:26.483000,10882,10883,10883,3
2019-09-23,15:55:41.143000,10883,10884,10883,2
2019-09-23,15:55:45.170000,10883,10884,10883,5
2019-09-23,15:56:13.942000,10883,10884,10883,5
2019-09-23,15:56:31.717000,10883,10884,10883,3
2019-09-23,15:56:40.268000,10882,10883,10883,1
2019-09-23,15:56:43.481000,10883,10884,10883,1
2019-09-23,15:56:43.880000,10882,10883,10882,1
2019-09-23,15:56:45.136000,10882,10883,10883,1
2019-09-23,15:56:48.651000,10882,10884,10882,1
2019-09-23,15:56:53.182000,10882,10884,10882,1
2019-09-23,15:57:15.533000,10882,10883,10882,1
2019-09-23,15:57:16.179000,10882,10883,10882,1
2019-09-23,15:57:29.265000,10882,10883,10882,1
2019-09-23,15:57:31.608000,10882,10883,10882,1
2019-09-23,15:57:36.270000,10882,10883,10882,16
2019-09-23,15:57:36.270000,10882,10883,10882,2
2019-09-23,15:57:36.349000,10882,10883,10882,2
2019-09-23,15:57:36.982000,10881,10882,10881,16
2019-09-23,15:57:37.137000,10881,10882,10881,1
2019-09-23,15:57:39.763000,10882,10883,10882,1
2019-09-23,15:57:57.012000,10881,10882,10882,1
2019-09-23,15:57:57.378000,10881,10882,10881,1
2019-09-23,15:58:04.746000,10881,10882,10881,2
2019-09-23,15:58:18.605000,10881,10882,10881,5
2019-09-23,15:58:24.271000,10881,10882,10881,1
2019-09-23,15:58:29.803000,10881,10882,10881,1
2019-09-23,15:58:43.203000,10881,10882,10881,1
2019-09-23,15:58:44.470000,10881,10882,10881,4
2019-09-23,15:58:48.524000,10881,10882,10882,2
2019-09-23,15:58:50.382000,10881,10882,10882,1
2019-09-23,15:58:50.438000,10881,10882,10882,1
2019-09-23,15:58:58.527000,10881,10882,10881,1
2019-09-23,15:58:59.078000,10881,10882,10881,5
2019-09-23,15:59:01.290000,10881,10882,10881,4
2019-09-23,15:59:01.349000,10881,10882,10881,8
2019-09-23,15:59:01.350000,10881,10882,10881,1
2019-09-23,15:59:05.375000,10880,10881,10880,1
2019-09-23,15:59:05.505000,10880,10881,10880,5
2019-09-23,15:59:05.507000,10880,10881,10880,2
2019-09-23,15:59:05.520000,10880,10881,10880,2
2019-09-23,15:59:06.652000,10880,10881,10881,1
2019-09-23,15:59:08.561000,10880,10881,10880,1
2019-09-23,15:59:12.917000,10880,10881,10880,1
2019-09-23,15:59:13.748000,10880,10881,10880,4
2019-09-23,15:59:16.551000,10880,10881,10880,1
2019-09-23,15:59:16.997000,10880,10881,10880,4
2019-09-23,15:59:21.117000,10880,10881,10880,17
2019-09-23,15:59:21.250000,10880,10881,10880,17
2019-09-23,15:59:21.430000,10880,10881,10880,1
2019-09-23,15:59:32.416000,10880,10881,10880,7
2019-09-23,15:59:45.819000,10880,10881,10880,5
2019-09-23,15:59:49.148000,10880,10881,10880,1
2019-09-23,15:59:49.634000,10880,10881,10880,1
2019-09-23,15:59:51.610000,10880,10881,10880,1
2019-09-23,16:00:01.117000,10880,10881,10880,1
2019-09-23,16:00:01.558000,10880,10881,10880,1
2019-09-23,16:00:01.578000,10880,10881,10880,1
2019-09-23,16:00:01.585000,10880,10881,10880,1
2019-09-23,16:00:01.594000,10880,10881,10880,1
2019-09-23,16:00:01.594000,10880,10881,10880,1
2019-09-23,16:00:01.613000,10880,10881,10880,1
2019-09-23,16:00:01.625000,10880,10881,10880,1
2019-09-23,16:00:01.687000,10880,10881,10880,1
2019-09-23,16:00:01.687000,10880,10881,10880,3
2019-09-23,16:00:01.700000,10880,10881,10880,3
2019-09-23,16:00:01.705000,10880,10881,10880,1
2019-09-23,16:00:01.717000,10880,10881,10880,1
2019-09-23,16:00:01.758000,10880,10881,10880,2
2019-09-23,16:00:01.761000,10880,10881,10880,1
2019-09-23,16:00:01.794000,10880,10881,10880,1
2019-09-23,16:00:01.811000,10880,10881,10880,1
2019-09-23,16:00:01.818000,10880,10881,10880,4
2019-09-23,16:00:01.835000,10880,10881,10880,3
2019-09-23,16:00:02.359000,10879,10881,10879,2
2019-09-23,16:00:02.773000,10879,10881,10879,1
2019-09-23,16:00:02.849000,10879,10880,10880,10
2019-09-23,16:00:03.099000,10879,10880,10880,4
2019-09-23,16:00:04.079000,10880,10881,10881,3
2019-09-23,16:00:04.731000,10880,10881,10880,1
2019-09-23,16:00:04.732000,10880,10881,10880,1
2019-09-23,16:00:05.294000,10880,10881,10880,1
2019-09-23,16:00:05.412000,10880,10881,10880,4
2019-09-23,16:00:07.114000,10880,10881,10880,2
2019-09-23,16:00:16.422000,10880,10881,10880,1
2019-09-23,16:00:23.388000,10880,10881,10881,1
2019-09-23,16:00:24.012000,10880,10881,10881,5
2019-09-23,16:00:34.533000,10880,10881,10880,2
2019-09-23,16:00:34.669000,10880,10881,10881,2
2019-09-23,16:00:34.724000,10880,10881,10881,2
2019-09-23,16:00:38.312000,10881,10882,10881,2
2019-09-23,16:00:39.853000,10881,10882,10882,1
2019-09-23,16:00:41.131000,10881,10882,10882,1
2019-09-23,16:00:41.991000,10881,10882,10882,1
2019-09-23,16:00:53.323000,10881,10882,10882,4
2019-09-23,16:00:56.742000,10882,10883,10882,1
2019-09-23,16:00:59.300000,10882,10883,10882,1
2019-09-23,16:01:01.378000,10882,10883,10882,1
2019-09-23,16:01:01.936000,10882,10883,10883,1
2019-09-23,16:01:02.058000,10882,10883,10883,7
2019-09-23,16:01:03.689000,10882,10883,10883,2
2019-09-23,16:01:03.689000,10882,10883,10884,3
2019-09-23,16:01:16.855000,10883,10884,10883,1
2019-09-23,16:01:19.669000,10883,10884,10884,7
2019-09-23,16:01:19.826000,10883,10884,10884,1
2019-09-23,16:01:24.218000,10883,10884,10884,6
2019-09-23,16:01:26.446000,10883,10884,10884,2
2019-09-23,16:01:27.345000,10883,10884,10884,1
2019-09-23,16:01:30.203000,10883,10884,10883,10
2019-09-23,16:01:32.336000,10883,10884,10884,1
2019-09-23,16:01:32.568000,10883,10884,10883,1
2019-09-23,16:01:32.745000,10882,10884,10884,1
2019-09-23,16:01:35.148000,10883,10884,10884,1
2019-09-23,16:01:51.123000,10883,10884,10884,1
2019-09-23,16:01:57.849000,10883,10884,10883,1
2019-09-23,16:02:07.464000,10883,10884,10883,1
2019-09-23,16:02:07.896000,10883,10884,10884,1
2019-09-23,16:02:13.410000,10883,10884,10884,1
2019-09-23,16:02:17.728000,10883,10884,10884,1
2019-09-23,16:02:24.826000,10883,10884,10884,1
2019-09-23,16:02:53.626000,10883,10884,10883,2
2019-09-23,16:03:10.373000,10883,10884,10884,1
2019-09-23,16:03:11.121000,10883,10884,10884,1
2019-09-23,16:03:12.964000,10883,10884,10884,1
2019-09-23,16:03:13.947000,10883,10884,10883,4
2019-09-23,16:03:14.351000,10883,10884,10883,1
2019-09-23,16:03:14.802000,10883,10884,10883,4
2019-09-23,16:03:17.524000,10883,10884,10883,1
2019-09-23,16:03:17.524000,10883,10884,10883,1
2019-09-23,16:03:17.524000,10883,10884,10883,5
2019-09-23,16:03:18.143000,10882,10883,10883,1
2019-09-23,16:03:27.712000,10882,10883,10883,1
2019-09-23,16:03:37.531000,10882,10883,10883,1
2019-09-23,16:03:41.569000,10882,10883,10883,1
2019-09-23,16:03:42.376000,10882,10884,10882,1
2019-09-23,16:03:42.602000,10882,10883,10882,1
2019-09-23,16:03:42.919000,10882,10883,10883,2
2019-09-23,16:04:01.307000,10883,10884,10883,1
2019-09-23,16:04:12.364000,10883,10884,10884,17
2019-09-23,16:04:12.474000,10883,10884,10884,4
2019-09-23,16:04:15.958000,10884,10885,10885,1
2019-09-23,16:04:16.086000,10884,10885,10885,1
2019-09-23,16:04:16.761000,10884,10885,10885,1
2019-09-23,16:04:19.092000,10884,10885,10885,1
2019-09-23,16:04:25.420000,10884,10885,10885,1
2019-09-23,16:04:26.053000,10884,10885,10884,1
2019-09-23,16:04:26.053000,10884,10885,10884,16
2019-09-23,16:04:34.010000,10883,10884,10883,4
2019-09-23,16:04:37.099000,10883,10884,10883,1
2019-09-23,16:04:50.349000,10883,10884,10883,1
2019-09-23,16:04:55.470000,10882,10883,10883,1
2019-09-23,16:05:10.887000,10882,10883,10882,2
2019-09-23,16:05:10.907000,10882,10883,10882,1
2019-09-23,16:05:10.974000,10882,10883,10882,4
2019-09-23,16:05:13.719000,10881,10882,10881,3
2019-09-23,16:05:15.303000,10881,10882,10882,1
2019-09-23,16:05:18.190000,10881,10882,10881,7
2019-09-23,16:05:19.011000,10881,10882,10881,2
2019-09-23,16:05:19.099000,10881,10882,10881,2
2019-09-23,16:05:19.918000,10881,10882,10881,5
2019-09-23,16:05:21.539000,10880,10881,10880,5
2019-09-23,16:05:22.681000,10880,10881,10880,1
2019-09-23,16:05:27.252000,10880,10881,10880,1
2019-09-23,16:05:35.146000,10880,10881,10880,8
2019-09-23,16:05:36.429000,10880,10881,10880,5
2019-09-23,16:05:36.474000,10880,10881,10880,4
2019-09-23,16:05:36.474000,10880,10881,10880,1
2019-09-23,16:05:37.320000,10879,10880,10879,17
2019-09-23,16:05:37.484000,10879,10880,10879,17
2019-09-23,16:05:40.405000,10879,10880,10879,1
2019-09-23,16:05:40.684000,10879,10880,10879,1
2019-09-23,16:05:40.819000,10879,10880,10879,1
2019-09-23,16:05:41.295000,10879,10880,10879,1
2019-09-23,16:05:42.754000,10879,10880,10879,2
2019-09-23,16:05:44.458000,10879,10880,10879,1
2019-09-23,16:05:45.051000,10879,10880,10879,2
2019-09-23,16:05:45.135000,10878,10879,10879,2
2019-09-23,16:05:51.644000,10878,10879,10879,1
2019-09-23,16:05:52.530000,10878,10879,10879,2
2019-09-23,16:05:52.610000,10878,10879,10878,1
2019-09-23,16:05:52.825000,10878,10879,10878,1
2019-09-23,16:05:53.174000,10878,10879,10878,3
2019-09-23,16:05:55.982000,10878,10879,10878,10
2019-09-23,16:05:56.495000,10878,10879,10878,10
2019-09-23,16:05:57.626000,10878,10879,10878,7
2019-09-23,16:06:01.684000,10877,10878,10878,1
2019-09-23,16:06:01.963000,10877,10878,10878,1
2019-09-23,16:06:01.963000,10877,10878,10878,1
2019-09-23,16:06:01.963000,10877,10878,10878,1
2019-09-23,16:06:01.964000,10877,10878,10878,1
2019-09-23,16:06:01.974000,10877,10878,10878,1
2019-09-23,16:06:01.974000,10877,10878,10878,2
2019-09-23,16:06:01.974000,10877,10878,10878,4
2019-09-23,16:06:01.974000,10877,10878,10878,4
2019-09-23,16:06:01.974000,10877,10878,10878,10
2019-09-23,16:06:02.036000,10877,10878,10878,2
2019-09-23,16:06:02.094000,10877,10878,10878,1
2019-09-23,16:06:03.422000,10878,10879,10878,2
2019-09-23,16:06:06.617000,10878,10879,10878,1
2019-09-23,16:06:09.615000,10878,10879,10879,1
2019-09-23,16:06:09.767000,10878,10879,10879,3
2019-09-23,16:06:10.818000,10878,10879,10879,1
2019-09-23,16:06:11.809000,10879,10880,10879,1
2019-09-23,16:06:13.341000,10879,10880,10879,1
2019-09-23,16:06:14.458000,10879,10880,10879,2
2019-09-23,16:06:15.136000,10879,10880,10879,1
2019-09-23,16:06:17.603000,10879,10880,10879,1
2019-09-23,16:06:18.565000,10879,10880,10880,1
2019-09-23,16:06:19.024000,10879,10880,10879,3
2019-09-23,16:06:19.696000,10879,10880,10879,3
2019-09-23,16:06:20.417000,10879,10880,10879,2
2019-09-23,16:06:20.647000,10879,10880,10879,1
2019-09-23,16:06:21.155000,10879,10880,10879,1
2019-09-23,16:06:24.360000,10879,10880,10879,1
2019-09-23,16:06:25.375000,10879,10880,10880,1
2019-09-23,16:06:27.353000,10879,10880,10879,1
2019-09-23,16:06:27.661000,10879,10880,10880,1
2019-09-23,16:06:28.085000,10879,10880,10879,10
2019-09-23,16:06:28.486000,10879,10880,10880,8
2019-09-23,16:06:28.486000,10879,10880,10881,2
2019-09-23,16:06:29.067000,10879,10880,10879,1
2019-09-23,16:06:31.288000,10879,10880,10880,1
2019-09-23,16:06:34.764000,10879,10880,10880,1
2019-09-23,16:06:39.488000,10879,10880,10880,5
2019-09-23,16:06:39.817000,10879,10880,10880,1
2019-09-23,16:06:40.041000,10879,10880,10880,5
2019-09-23,16:06:43.030000,10879,10880,10880,1
2019-09-23,16:06:43.167000,10879,10880,10880,1
2019-09-23,16:06:45.224000,10880,10881,10880,1
2019-09-23,16:06:48.776000,10879,10880,10880,1
2019-09-23,16:06:49.295000,10879,10880,10879,3
2019-09-23,16:06:49.473000,10879,10880,10880,1
2019-09-23,16:06:49.540000,10879,10880,10879,10
2019-09-23,16:06:54.643000,10879,10880,10880,4
2019-09-23,16:06:55.311000,10879,10880,10880,2
2019-09-23,16:06:55.311000,10879,10880,10881,2
2019-09-23,16:06:55.600000,10879,10881,10879,5
2019-09-23,16:06:55.636000,10879,10881,10879,3
2019-09-23,16:06:57.706000,10879,10881,10881,2
2019-09-23,16:06:58.892000,10879,10881,10881,1
2019-09-23,16:07:00.890000,10879,10881,10879,3
2019-09-23,16:07:03.933000,10880,10881,10880,5
2019-09-23,16:07:03.933000,10880,10881,10879,5
2019-09-23,16:07:08.596000,10879,10881,10879,3
2019-09-23,16:07:14.155000,10879,10880,10880,1
2019-09-23,16:07:14.454000,10879,10880,10879,3
2019-09-23,16:07:15.079000,10879,10880,10880,1
2019-09-23,16:07:16.948000,10879,10880,10880,1
2019-09-23,16:07:18.731000,10879,10880,10880,1
2019-09-23,16:07:22.994000,10879,10880,10880,2
2019-09-23,16:07:23.429000,10879,10880,10880,2
2019-09-23,16:07:25.863000,10879,10880,10879,1
2019-09-23,16:07:31.285000,10879,10880,10879,1
2019-09-23,16:07:36.837000,10879,10880,10880,3
2019-09-23,16:07:36.849000,10879,10880,10880,15
2019-09-23,16:07:37.150000,10880,10881,10881,1
2019-09-23,16:07:37.344000,10880,10881,10880,2
2019-09-23,16:07:37.784000,10880,10881,10881,1
2019-09-23,16:07:40.114000,10880,10881,10880,1
2019-09-23,16:07:40.204000,10880,10881,10881,1
2019-09-23,16:07:45.807000,10880,10881,10881,1
2019-09-23,16:07:48.030000,10880,10881,10880,2
2019-09-23,16:07:59.505000,10880,10881,10881,1
2019-09-23,16:08:03.284000,10880,10881,10880,1
2019-09-23,16:08:04.364000,10880,10881,10881,8
2019-09-23,16:08:07.154000,10880,10881,10880,10
2019-09-23,16:08:11.021000,10880,10881,10880,2
2019-09-23,16:08:13.080000,10879,10880,10880,1
2019-09-23,16:08:16.666000,10879,10881,10879,1
2019-09-23,16:08:18.689000,10880,10881,10880,5
2019-09-23,16:08:18.701000,10880,10881,10880,1
2019-09-23,16:08:40.745000,10880,10881,10880,1
2019-09-23,16:09:37.366000,10880,10881,10881,1
2019-09-23,16:09:37.699000,10880,10881,10880,10
2019-09-23,16:09:43.972000,10880,10881,10880,1
2019-09-23,16:09:46.020000,10880,10881,10880,1
2019-09-23,16:09:55.442000,10880,10881,10880,1
2019-09-23,16:09:57.655000,10880,10881,10880,1
2019-09-23,16:10:05.964000,10880,10881,10881,1
2019-09-23,16:10:06.201000,10880,10881,10880,1
2019-09-23,16:10:06.266000,10880,10881,10880,3
2019-09-23,16:10:17.213000,10880,10881,10881,5
2019-09-23,16:10:18.307000,10880,10881,10881,12
2019-09-23,16:10:30.694000,10881,10882,10882,3
2019-09-23,16:10:36.236000,10882,10883,10882,1
2019-09-23,16:10:40.070000,10882,10883,10883,2
2019-09-23,16:10:40.225000,10882,10883,10883,4
2019-09-23,16:10:44.710000,10882,10883,10883,19
2019-09-23,16:10:44.724000,10883,10884,10883,1
2019-09-23,16:10:48.349000,10883,10884,10883,1
2019-09-23,16:11:06.675000,10882,10884,10884,1
2019-09-23,16:11:08.281000,10883,10884,10883,7
2019-09-23,16:11:11.387000,10883,10884,10883,2
2019-09-23,16:11:11.387000,10883,10884,10883,2
2019-09-23,16:11:14.016000,10883,10884,10883,1
2019-09-23,16:11:17.860000,10882,10883,10883,1
2019-09-23,16:11:18.123000,10882,10883,10883,1
2019-09-23,16:11:18.778000,10882,10883,10883,1
2019-09-23,16:11:19.254000,10882,10883,10883,1
2019-09-23,16:11:24.033000,10882,10883,10883,1
2019-09-23,16:11:25.183000,10882,10883,10883,2
2019-09-23,16:11:29.319000,10882,10883,10883,2
2019-09-23,16:11:30.702000,10882,10883,10883,1
2019-09-23,16:11:32.885000,10882,10883,10883,1
2019-09-23,16:11:32.955000,10882,10883,10882,1
2019-09-23,16:11:33.175000,10882,10883,10882,4
2019-09-23,16:11:33.937000,10882,10883,10883,1
2019-09-23,16:11:43.922000,10882,10883,10883,1
2019-09-23,16:11:43.927000,10882,10883,10883,3
2019-09-23,16:11:50.347000,10882,10883,10883,1
2019-09-23,16:11:50.781000,10882,10883,10883,1
2019-09-23,16:11:51.164000,10882,10883,10883,1
2019-09-23,16:11:52.763000,10882,10883,10883,1
2019-09-23,16:11:53.401000,10882,10883,10883,1
2019-09-23,16:12:00.147000,10882,10883,10883,1
2019-09-23,16:12:00.744000,10882,10883,10883,1
2019-09-23,16:12:01.887000,10882,10883,10883,1
2019-09-23,16:12:02.610000,10883,10884,10883,1
2019-09-23,16:12:03.028000,10882,10883,10883,1
2019-09-23,16:12:04.811000,10882,10883,10883,1
2019-09-23,16:12:04.943000,10882,10884,10884,1
2019-09-23,16:12:15.040000,10882,10883,10883,1
2019-09-23,16:12:18.732000,10882,10883,10882,1
2019-09-23,16:12:20.209000,10882,10883,10882,1
2019-09-23,16:12:20.224000,10882,10883,10882,7
2019-09-23,16:12:20.465000,10882,10883,10882,1
2019-09-23,16:12:20.465000,10882,10883,10882,3
2019-09-23,16:12:22.450000,10881,10882,10882,1
2019-09-23,16:12:38.941000,10881,10882,10881,2
2019-09-23,16:12:43.392000,10881,10882,10881,1
2019-09-23,16:12:50.573000,10881,10882,10881,1
2019-09-23,16:12:58.755000,10881,10882,10881,1
2019-09-23,16:12:58.968000,10881,10882,10881,1
2019-09-23,16:13:36.832000,10881,10882,10881,2
2019-09-23,16:13:36.849000,10881,10882,10881,2
2019-09-23,16:14:00.221000,10880,10881,10880,1
2019-09-23,16:14:03.790000,10880,10881,10881,1
2019-09-23,16:14:08.600000,10880,10881,10881,1
2019-09-23,16:14:15.849000,10880,10881,10881,2
2019-09-23,16:14:18.760000,10880,10881,10881,1
2019-09-23,16:14:22.168000,10881,10882,10881,2
2019-09-23,16:14:30.306000,10880,10881,10880,1
2019-09-23,16:14:30.915000,10880,10881,10881,9
2019-09-23,16:14:30.974000,10880,10882,10881,1
2019-09-23,16:14:34.762000,10880,10881,10880,2
2019-09-23,16:14:41.555000,10880,10881,10881,1
2019-09-23,16:14:49.075000,10880,10881,10880,9
2019-09-23,16:14:51.013000,10880,10881,10880,10
2019-09-23,16:14:52.505000,10880,10881,10880,2
2019-09-23,16:14:55.367000,10880,10881,10880,2
2019-09-23,16:14:56.967000,10880,10881,10880,2
2019-09-23,16:14:59.490000,10880,10881,10880,2
2019-09-23,16:14:59.737000,10880,10881,10880,1
2019-09-23,16:15:03.659000,10880,10881,10880,1
2019-09-23,16:15:03.724000,10880,10881,10880,1
2019-09-23,16:15:14.285000,10879,10880,10880,1
2019-09-23,16:15:25.754000,10879,10880,10879,1
2019-09-23,16:15:26.667000,10879,10880,10879,1
2019-09-23,16:15:31.986000,10879,10880,10879,1
2019-09-23,16:15:31.989000,10879,10880,10879,3
2019-09-23,16:15:32.099000,10879,10880,10879,2
2019-09-23,16:15:32.099000,10879,10880,10879,2
2019-09-23,16:15:32.099000,10879,10880,10879,4
2019-09-23,16:15:32.099000,10879,10880,10879,2
2019-09-23,16:15:32.157000,10879,10880,10879,1
2019-09-23,16:15:32.174000,10879,10880,10879,2
2019-09-23,16:15:32.177000,10879,10880,10879,1
2019-09-23,16:15:33.964000,10878,10879,10878,20
2019-09-23,16:15:33.998000,10878,10879,10878,1
2019-09-23,16:15:34.002000,10878,10879,10878,2
2019-09-23,16:15:36.179000,10878,10879,10878,1
2019-09-23,16:15:36.704000,10878,10879,10878,1
2019-09-23,16:15:38.331000,10878,10879,10878,1
2019-09-23,16:15:38.574000,10878,10879,10878,1
2019-09-23,16:15:38.712000,10878,10879,10878,1
2019-09-23,16:15:38.853000,10878,10879,10878,1
2019-09-23,16:15:38.986000,10878,10879,10878,1
2019-09-23,16:15:39.113000,10878,10879,10878,1
2019-09-23,16:15:39.257000,10878,10879,10878,1
2019-09-23,16:15:39.435000,10878,10879,10878,1
2019-09-23,16:15:39.543000,10878,10879,10878,1
2019-09-23,16:15:39.689000,10878,10879,10878,1
2019-09-23,16:15:39.830000,10878,10879,10878,1
2019-09-23,16:15:39.976000,10878,10879,10878,1
2019-09-23,16:15:40.119000,10878,10879,10878,1
2019-09-23,16:15:40.263000,10878,10879,10878,1
2019-09-23,16:15:40.415000,10877,10879,10877,1
2019-09-23,16:15:40.555000,10877,10879,10877,1
2019-09-23,16:15:40.600000,10877,10878,10877,1
2019-09-23,16:15:40.716000,10877,10878,10877,1
2019-09-23,16:15:40.879000,10877,10878,10877,1
2019-09-23,16:15:41.023000,10877,10878,10877,1
2019-09-23,16:15:41.094000,10877,10878,10878,1
2019-09-23,16:15:43.436000,10877,10878,10878,2
2019-09-23,16:15:43.436000,10877,10878,10878,1
2019-09-23,16:15:43.436000,10877,10878,10878,1
2019-09-23,16:15:43.436000,10877,10878,10878,1
2019-09-23,16:15:46.660000,10878,10879,10878,1
2019-09-23,16:15:48.146000,10877,10879,10879,1
2019-09-23,16:15:48.936000,10877,10879,10878,1
2019-09-23,16:15:49.200000,10877,10878,10878,1
2019-09-23,16:15:53.853000,10877,10878,10877,1
2019-09-23,16:15:57.593000,10877,10878,10878,1
2019-09-23,16:15:58.331000,10877,10878,10878,1
2019-09-23,16:15:59.517000,10877,10878,10877,2
2019-09-23,16:16:14.098000,10877,10878,10878,11
2019-09-23,16:16:21.918000,10878,10879,10879,2
2019-09-23,16:16:28.305000,10878,10880,10879,1
2019-09-23,16:16:31.951000,10878,10880,10880,2
2019-09-23,16:16:37.849000,10879,10880,10879,1
2019-09-23,16:16:47.882000,10879,10880,10879,3
2019-09-23,16:16:54.176000,10878,10879,10879,1
2019-09-23,16:17:03.308000,10878,10879,10879,1
2019-09-23,16:17:20.618000,10878,10879,10878,1
2019-09-23,16:17:28.107000,10878,10879,10878,10
2019-09-23,16:17:29.475000,10878,10879,10878,1
2019-09-23,16:17:30.114000,10877,10878,10878,1
2019-09-23,16:17:43.692000,10877,10878,10877,5
2019-09-23,16:17:43.749000,10877,10878,10877,4
2019-09-23,16:17:48.223000,10877,10878,10877,17
2019-09-23,16:17:49.043000,10876,10877,10876,1
2019-09-23,16:17:49.280000,10876,10877,10876,4
2019-09-23,16:17:49.287000,10876,10877,10876,2
2019-09-23,16:17:49.356000,10876,10877,10876,4
2019-09-23,16:17:52.249000,10876,10877,10876,1
2019-09-23,16:17:52.438000,10876,10877,10876,1
2019-09-23,16:17:52.550000,10876,10877,10876,1
2019-09-23,16:17:57.951000,10876,10877,10876,1
2019-09-23,16:17:58.496000,10876,10877,10876,2
2019-09-23,16:17:58.507000,10876,10877,10876,6
2019-09-23,16:17:58.507000,10876,10877,10876,2
2019-09-23,16:17:58.507000,10876,10877,10876,2
2019-09-23,16:17:58.507000,10876,10877,10876,6
2019-09-23,16:17:58.586000,10876,10877,10876,1
2019-09-23,16:17:58.587000,10876,10877,10876,1
2019-09-23,16:17:58.587000,10876,10877,10876,11
2019-09-23,16:17:58.588000,10876,10877,10876,2
2019-09-23,16:17:58.599000,10876,10877,10876,1
2019-09-23,16:17:58.599000,10876,10877,10876,2
2019-09-23,16:17:58.916000,10875,10876,10876,1
2019-09-23,16:17:59.205000,10875,10876,10876,3
2019-09-23,16:18:00.894000,10875,10876,10876,1
2019-09-23,16:18:00.894000,10875,10876,10876,2
2019-09-23,16:18:00.894000,10875,10876,10876,5
2019-09-23,16:18:01.097000,10876,10877,10876,1
2019-09-23,16:18:01.398000,10876,10877,10876,2
2019-09-23,16:18:01.730000,10876,10877,10876,1
2019-09-23,16:18:01.907000,10876,10877,10876,5
2019-09-23,16:18:03.033000,10875,10877,10875,7
2019-09-23,16:18:03.142000,10875,10877,10875,1
2019-09-23,16:18:03.167000,10875,10877,10875,1
2019-09-23,16:18:04.017000,10875,10877,10875,1
2019-09-23,16:18:04.022000,10875,10877,10875,3
2019-09-23,16:18:04.031000,10875,10877,10875,1
2019-09-23,16:18:04.031000,10875,10877,10875,2
2019-09-23,16:18:04.040000,10875,10877,10875,3
2019-09-23,16:18:04.051000,10875,10877,10875,3
2019-09-23,16:18:04.051000,10875,10877,10875,1
2019-09-23,16:18:04.052000,10875,10877,10875,1
2019-09-23,16:18:04.054000,10875,10877,10875,1
2019-09-23,16:18:04.061000,10875,10877,10875,1
2019-09-23,16:18:04.203000,10875,10877,10875,1
2019-09-23,16:18:04.262000,10875,10876,10875,2
2019-09-23,16:18:04.400000,10875,10876,10875,1
2019-09-23,16:18:04.415000,10875,10876,10875,1
2019-09-23,16:18:05.200000,10875,10876,10875,1
2019-09-23,16:18:07.427000,10875,10876,10875,1
2019-09-23,16:18:08.757000,10875,10876,10875,2
2019-09-23,16:18:10.067000,10875,10876,10875,1
2019-09-23,16:18:10.085000,10875,10876,10875,1
2019-09-23,16:18:11.383000,10875,10876,10875,1
2019-09-23,16:18:11.448000,10875,10876,10875,1
2019-09-23,16:18:12.302000,10875,10876,10876,5
2019-09-23,16:18:12.480000,10876,10877,10876,2
2019-09-23,16:18:14.024000,10875,10876,10875,6
2019-09-23,16:18:22.084000,10875,10876,10876,1
2019-09-23,16:18:22.133000,10875,10876,10875,5
2019-09-23,16:18:27.314000,10875,10876,10875,10
2019-09-23,16:18:27.469000,10875,10876,10876,1
2019-09-23,16:18:28.163000,10875,10876,10875,5
2019-09-23,16:18:28.530000,10875,10876,10875,2
2019-09-23,16:18:28.532000,10875,10876,10875,2
2019-09-23,16:18:29.629000,10875,10876,10875,1
2019-09-23,16:18:29.629000,10875,10876,10875,2
2019-09-23,16:18:29.724000,10875,10876,10875,4
2019-09-23,16:18:32.931000,10875,10876,10875,2
2019-09-23,16:18:33.278000,10875,10876,10875,2
2019-09-23,16:18:34.271000,10875,10876,10875,1
2019-09-23,16:18:34.699000,10875,10876,10875,1
2019-09-23,16:18:35.007000,10875,10876,10875,2
2019-09-23,16:18:36.111000,10875,10876,10875,6
2019-09-23,16:18:46.424000,10874,10875,10874,2
2019-09-23,16:18:46.430000,10874,10875,10874,3
2019-09-23,16:18:46.430000,10874,10875,10874,9
2019-09-23,16:18:46.431000,10874,10875,10874,11
2019-09-23,16:18:46.502000,10873,10874,10873,1
2019-09-23,16:18:46.612000,10873,10874,10873,1
2019-09-23,16:18:46.697000,10873,10874,10873,1
2019-09-23,16:18:46.895000,10873,10874,10873,1
2019-09-23,16:18:46.903000,10873,10874,10874,1
2019-09-23,16:18:47.083000,10873,10874,10873,4
2019-09-23,16:18:47.455000,10873,10874,10873,2
2019-09-23,16:18:47.455000,10873,10874,10873,4
2019-09-23,16:18:47.455000,10873,10874,10873,2
2019-09-23,16:18:47.455000,10873,10874,10873,1
2019-09-23,16:18:47.574000,10872,10873,10872,1
2019-09-23,16:18:47.596000,10872,10873,10872,3
2019-09-23,16:18:47.603000,10872,10873,10872,1
2019-09-23,16:18:47.679000,10872,10873,10872,2
2019-09-23,16:18:47.680000,10872,10873,10872,1
2019-09-23,16:18:47.686000,10872,10873,10872,1
2019-09-23,16:18:47.687000,10872,10873,10872,2
2019-09-23,16:18:47.701000,10872,10873,10872,1
2019-09-23,16:18:47.732000,10872,10873,10872,4
2019-09-23,16:18:47.739000,10872,10873,10872,1
2019-09-23,16:18:47.751000,10872,10873,10872,1
2019-09-23,16:18:47.775000,10872,10873,10872,2
2019-09-23,16:18:47.778000,10872,10873,10872,4
2019-09-23,16:18:47.782000,10872,10873,10872,4
2019-09-23,16:18:47.787000,10872,10873,10872,4
2019-09-23,16:18:47.795000,10872,10873,10872,4
2019-09-23,16:18:47.827000,10872,10873,10872,12
2019-09-23,16:18:47.836000,10872,10873,10872,2
2019-09-23,16:18:47.881000,10872,10873,10872,4
2019-09-23,16:18:47.892000,10872,10873,10872,4
2019-09-23,16:18:47.893000,10872,10873,10872,2
2019-09-23,16:18:47.894000,10872,10873,10872,1
2019-09-23,16:18:47.894000,10872,10873,10871,1
2019-09-23,16:18:47.898000,10872,10873,10871,2
2019-09-23,16:18:47.899000,10872,10873,10871,3
2019-09-23,16:18:47.905000,10872,10873,10871,1
2019-09-23,16:18:47.906000,10872,10873,10871,2
2019-09-23,16:18:47.938000,10872,10873,10871,4
2019-09-23,16:18:47.950000,10872,10873,10871,1
2019-09-23,16:18:47.985000,10871,10873,10871,2
2019-09-23,16:18:47.986000,10871,10873,10871,1
2019-09-23,16:18:47.999000,10871,10873,10871,1
2019-09-23,16:18:48.002000,10871,10873,10871,4
2019-09-23,16:18:48.004000,10871,10873,10871,3
2019-09-23,16:18:48.021000,10871,10873,10871,4
2019-09-23,16:18:48.038000,10871,10873,10871,1
2019-09-23,16:18:48.046000,10871,10873,10871,10
2019-09-23,16:18:48.047000,10871,10873,10871,1
2019-09-23,16:18:48.071000,10871,10873,10871,5
2019-09-23,16:18:48.079000,10871,10873,10871,4
2019-09-23,16:18:48.085000,10871,10873,10871,2
2019-09-23,16:18:48.099000,10870,10871,10871,3
2019-09-23,16:18:48.099000,10870,10871,10871,3
2019-09-23,16:18:48.099000,10870,10871,10871,12
2019-09-23,16:18:48.099000,10870,10871,10871,1
2019-09-23,16:18:48.100000,10870,10871,10871,1
2019-09-23,16:18:48.101000,10870,10871,10871,1
2019-09-23,16:18:48.111000,10870,10871,10871,1
2019-09-23,16:18:48.114000,10870,10871,10871,2
2019-09-23,16:18:48.114000,10870,10871,10870,2
2019-09-23,16:18:48.122000,10870,10871,10870,1
2019-09-23,16:18:48.124000,10870,10871,10870,4
2019-09-23,16:18:48.133000,10870,10871,10870,1
2019-09-23,16:18:48.201000,10870,10871,10871,2
2019-09-23,16:18:48.212000,10870,10871,10871,1
2019-09-23,16:18:48.213000,10870,10871,10871,2
2019-09-23,16:18:48.213000,10870,10871,10870,2
2019-09-23,16:18:48.219000,10870,10871,10870,1
2019-09-23,16:18:48.221000,10870,10871,10870,1
2019-09-23,16:18:48.259000,10870,10872,10871,4
2019-09-23,16:18:48.290000,10870,10872,10870,4
2019-09-23,16:18:48.298000,10870,10872,10870,1
2019-09-23,16:18:48.316000,10870,10872,10870,2
2019-09-23,16:18:48.321000,10870,10872,10870,1
2019-09-23,16:18:48.366000,10870,10871,10870,1
2019-09-23,16:18:48.446000,10870,10871,10870,1
2019-09-23,16:18:48.486000,10870,10871,10870,1
2019-09-23,16:18:48.557000,10870,10871,10870,1
2019-09-23,16:18:48.560000,10870,10871,10871,3
2019-09-23,16:18:48.664000,10871,10872,10871,1
2019-09-23,16:18:48.774000,10871,10872,10871,1
2019-09-23,16:18:48.799000,10871,10872,10871,2
2019-09-23,16:18:49.023000,10871,10872,10870,1
2019-09-23,16:18:49.026000,10871,10872,10870,1
2019-09-23,16:18:49.176000,10870,10872,10870,1
2019-09-23,16:18:49.299000,10870,10872,10870,1
2019-09-23,16:18:49.331000,10870,10872,10870,1
2019-09-23,16:18:49.506000,10871,10872,10871,2
2019-09-23,16:18:50.337000,10871,10872,10871,1
2019-09-23,16:18:50.585000,10871,10872,10872,1
2019-09-23,16:18:51.418000,10871,10872,10872,1
2019-09-23,16:18:51.513000,10871,10872,10871,1
2019-09-23,16:18:51.611000,10871,10872,10871,2
2019-09-23,16:18:52.003000,10871,10872,10871,2
2019-09-23,16:18:52.169000,10871,10872,10871,1
2019-09-23,16:18:52.243000,10871,10872,10871,1
2019-09-23,16:18:52.459000,10871,10872,10871,2
2019-09-23,16:18:52.518000,10871,10872,10871,1
2019-09-23,16:18:53.038000,10871,10872,10871,1
2019-09-23,16:18:53.814000,10871,10872,10871,1
2019-09-23,16:18:54.557000,10871,10872,10871,1
2019-09-23,16:18:54.632000,10871,10872,10871,9
2019-09-23,16:18:54.724000,10870,10871,10871,1
2019-09-23,16:18:54.849000,10870,10871,10871,2
2019-09-23,16:18:54.880000,10870,10871,10870,1
2019-09-23,16:18:56.143000,10870,10872,10872,1
2019-09-23,16:18:57.066000,10870,10872,10870,1
2019-09-23,16:18:57.495000,10870,10872,10870,10
2019-09-23,16:18:58.316000,10870,10871,10871,1
2019-09-23,16:18:58.751000,10870,10871,10870,3
2019-09-23,16:18:59.087000,10870,10871,10870,1
2019-09-23,16:19:01.346000,10870,10871,10871,1
2019-09-23,16:19:01.550000,10870,10871,10870,1
2019-09-23,16:19:01.586000,10870,10871,10870,2
2019-09-23,16:19:02.293000,10870,10871,10870,1
2019-09-23,16:19:02.349000,10870,10871,10871,8
2019-09-23,16:19:02.665000,10871,10872,10872,1
2019-09-23,16:19:02.807000,10871,10872,10871,3
2019-09-23,16:19:03.014000,10871,10872,10871,1
2019-09-23,16:19:04.542000,10871,10872,10871,2
2019-09-23,16:19:07.742000,10871,10872,10872,9
2019-09-23,16:19:09.394000,10872,10873,10873,1
2019-09-23,16:19:09.990000,10872,10873,10872,2
2019-09-23,16:19:10.348000,10871,10873,10872,1
2019-09-23,16:19:15.113000,10871,10872,10871,8
2019-09-23,16:19:15.992000,10871,10872,10871,7
2019-09-23,16:19:16.467000,10871,10872,10872,6
2019-09-23,16:19:16.986000,10871,10872,10871,4
2019-09-23,16:19:17.832000,10871,10872,10871,2
2019-09-23,16:19:18.374000,10871,10872,10871,1
2019-09-23,16:19:20.254000,10871,10872,10871,1
2019-09-23,16:19:20.433000,10871,10872,10871,1
2019-09-23,16:19:20.764000,10871,10872,10871,1
2019-09-23,16:19:20.886000,10871,10872,10871,1
2019-09-23,16:19:21.210000,10871,10872,10871,1
2019-09-23,16:19:21.433000,10871,10872,10872,2
2019-09-23,16:19:21.577000,10871,10872,10871,1
2019-09-23,16:19:21.834000,10871,10872,10871,1
2019-09-23,16:19:22.227000,10871,10872,10871,1
2019-09-23,16:19:22.853000,10871,10872,10872,1
2019-09-23,16:19:23.581000,10871,10872,10871,1
2019-09-23,16:19:26.211000,10871,10872,10871,2
2019-09-23,16:19:29.959000,10871,10872,10872,9
2019-09-23,16:19:30.609000,10872,10873,10872,1
2019-09-23,16:19:32.337000,10872,10873,10873,1
2019-09-23,16:19:34.381000,10872,10873,10873,11
2019-09-23,16:19:35.026000,10873,10874,10874,4
2019-09-23,16:19:35.026000,10873,10874,10875,1
2019-09-23,16:19:36.354000,10873,10875,10875,5
2019-09-23,16:19:37.199000,10873,10874,10873,20
2019-09-23,16:19:38.875000,10873,10874,10874,1
2019-09-23,16:19:39.890000,10873,10874,10874,3
2019-09-23,16:19:41.921000,10873,10874,10874,2
2019-09-23,16:19:42.714000,10873,10874,10873,1
2019-09-23,16:19:46.704000,10873,10874,10873,1
2019-09-23,16:19:48.064000,10873,10874,10874,2
2019-09-23,16:19:48.395000,10873,10874,10873,1
2019-09-23,16:19:51.282000,10873,10874,10874,1
2019-09-23,16:19:51.282000,10873,10874,10875,2
2019-09-23,16:19:52.104000,10874,10875,10875,3
2019-09-23,16:19:53.135000,10874,10875,10875,1
2019-09-23,16:19:55.650000,10874,10875,10874,1
2019-09-23,16:19:55.987000,10874,10875,10875,1
2019-09-23,16:19:56.465000,10873,10875,10875,2
2019-09-23,16:19:58.275000,10874,10875,10875,1
2019-09-23,16:20:01.402000,10874,10875,10875,1
2019-09-23,16:20:01.650000,10874,10875,10875,1
2019-09-23,16:20:01.716000,10874,10875,10874,1
2019-09-23,16:20:01.725000,10874,10875,10874,3
2019-09-23,16:20:01.725000,10874,10875,10873,1
2019-09-23,16:20:01.904000,10873,10875,10873,2
2019-09-23,16:20:02.075000,10873,10875,10873,2
2019-09-23,16:20:02.363000,10873,10874,10873,1
2019-09-23,16:20:06.555000,10873,10874,10874,8
2019-09-23,16:20:07.944000,10873,10874,10873,5
2019-09-23,16:20:16.194000,10873,10874,10874,5
2019-09-23,16:20:16.926000,10873,10874,10873,1
2019-09-23,16:20:18.947000,10873,10874,10873,10
2019-09-23,16:20:20.132000,10873,10874,10873,1
2019-09-23,16:20:21.968000,10873,10874,10873,1
2019-09-23,16:20:23.172000,10873,10874,10873,1
2019-09-23,16:20:24.374000,10872,10873,10873,1
2019-09-23,16:20:28.507000,10872,10873,10873,1
2019-09-23,16:20:32.314000,10872,10873,10873,1
2019-09-23,16:20:32.956000,10872,10873,10873,1
2019-09-23,16:20:36.132000,10872,10873,10872,1
2019-09-23,16:20:36.205000,10872,10873,10872,3
2019-09-23,16:20:36.224000,10872,10873,10872,7
2019-09-23,16:20:37.845000,10871,10872,10871,2
2019-09-23,16:20:44.258000,10871,10872,10872,1
2019-09-23,16:20:45.208000,10871,10872,10872,1
2019-09-23,16:20:48.211000,10871,10872,10872,1
2019-09-23,16:20:48.438000,10871,10872,10872,1
2019-09-23,16:20:49.186000,10871,10872,10872,1
2019-09-23,16:20:52.088000,10871,10872,10872,1
2019-09-23,16:20:53.922000,10871,10873,10873,2
2019-09-23,16:20:55.199000,10872,10873,10872,1
2019-09-23,16:21:01.026000,10872,10873,10873,1
2019-09-23,16:21:01.027000,10872,10873,10873,2
2019-09-23,16:21:19.037000,10873,10874,10874,1
2019-09-23,16:21:19.142000,10873,10874,10874,1
2019-09-23,16:21:19.786000,10873,10874,10873,2
2019-09-23,16:21:24.242000,10873,10874,10873,1
2019-09-23,16:21:36.336000,10873,10874,10873,1
2019-09-23,16:21:46.393000,10873,10874,10874,5
2019-09-23,16:21:47.736000,10873,10874,10873,1
2019-09-23,16:21:54.157000,10873,10874,10874,7
2019-09-23,16:21:58.306000,10874,10875,10875,1
2019-09-23,16:22:00.450000,10874,10875,10874,1
2019-09-23,16:22:01.049000,10874,10875,10874,1
2019-09-23,16:22:02.560000,10874,10875,10874,1
2019-09-23,16:22:10.860000,10874,10875,10874,1
2019-09-23,16:22:18.620000,10874,10875,10875,1
2019-09-23,16:22:25.048000,10874,10875,10874,1
2019-09-23,16:22:25.334000,10874,10875,10874,2
2019-09-23,16:22:25.334000,10874,10875,10874,10
2019-09-23,16:22:25.334000,10874,10875,10874,1
2019-09-23,16:22:25.335000,10874,10875,10874,2
2019-09-23,16:22:35.669000,10873,10874,10874,1
2019-09-23,16:22:59.588000,10873,10874,10874,1
2019-09-23,16:23:05.659000,10873,10874,10874,1
2019-09-23,16:23:09.601000,10873,10874,10874,1
2019-09-23,16:23:17.389000,10873,10874,10874,1
2019-09-23,16:23:21.838000,10873,10874,10874,1
2019-09-23,16:23:24.200000,10873,10874,10873,6
2019-09-23,16:23:25.259000,10873,10874,10873,1
2019-09-23,16:23:33.693000,10873,10874,10873,1
2019-09-23,16:23:35.523000,10873,10874,10874,2
2019-09-23,16:23:47.890000,10873,10874,10874,1
2019-09-23,16:23:54.825000,10873,10874,10874,1
2019-09-23,16:23:56.375000,10873,10874,10873,1
2019-09-23,16:24:00.855000,10873,10874,10874,1
2019-09-23,16:24:01.260000,10873,10874,10873,1
2019-09-23,16:24:01.261000,10873,10874,10873,1
2019-09-23,16:24:01.332000,10873,10874,10873,3
2019-09-23,16:24:01.376000,10873,10874,10873,1
2019-09-23,16:24:01.453000,10873,10874,10873,2
2019-09-23,16:24:01.455000,10873,10874,10873,1
2019-09-23,16:24:01.508000,10873,10874,10873,2
2019-09-23,16:24:01.536000,10873,10874,10873,1
2019-09-23,16:24:01.536000,10873,10874,10872,1
2019-09-23,16:24:01.583000,10873,10874,10872,1
2019-09-23,16:24:07.605000,10873,10874,10873,1
2019-09-23,16:24:09.753000,10872,10874,10872,1
2019-09-23,16:24:13.406000,10872,10873,10872,4
2019-09-23,16:24:13.855000,10872,10873,10872,1
2019-09-23,16:24:14.457000,10872,10873,10873,1
2019-09-23,16:24:15.701000,10873,10874,10873,1
2019-09-23,16:24:19.085000,10873,10874,10873,2
2019-09-23,16:24:28.530000,10872,10873,10872,1
2019-09-23,16:24:28.530000,10872,10873,10872,2
2019-09-23,16:24:28.530000,10872,10873,10872,3
2019-09-23,16:24:28.530000,10872,10873,10872,2
2019-09-23,16:24:28.530000,10872,10873,10872,1
2019-09-23,16:24:28.599000,10871,10873,10872,1
2019-09-23,16:24:30.101000,10871,10872,10872,1
2019-09-23,16:24:30.984000,10871,10872,10872,1
2019-09-23,16:24:31.725000,10871,10872,10872,2
2019-09-23,16:24:34.278000,10872,10873,10872,1
2019-09-23,16:24:36.659000,10872,10873,10872,1
2019-09-23,16:24:41.571000,10872,10873,10872,1
2019-09-23,16:24:45.301000,10872,10873,10872,1
2019-09-23,16:24:46.369000,10872,10873,10873,1
2019-09-23,16:24:51.241000,10872,10873,10872,1
2019-09-23,16:25:01.069000,10872,10873,10873,1
2019-09-23,16:25:01.472000,10872,10873,10872,2
2019-09-23,16:25:01.505000,10872,10873,10872,2
2019-09-23,16:25:01.557000,10872,10873,10872,2
2019-09-23,16:25:07.603000,10872,10873,10872,1
2019-09-23,16:25:10.549000,10872,10873,10872,1
2019-09-23,16:25:15.194000,10872,10873,10872,1
2019-09-23,16:25:20.774000,10872,10873,10872,1
2019-09-23,16:25:23.187000,10872,10873,10872,1
2019-09-23,16:25:28.990000,10872,10873,10872,1
2019-09-23,16:25:34.433000,10872,10873,10872,1
2019-09-23,16:25:48.564000,10872,10873,10872,1
2019-09-23,16:25:48.629000,10872,10873,10872,1
2019-09-23,16:25:51.244000,10872,10873,10872,3
2019-09-23,16:25:52.057000,10872,10873,10872,6
2019-09-23,16:25:57.841000,10872,10873,10872,1
2019-09-23,16:25:59.501000,10872,10873,10873,1
2019-09-23,16:25:59.682000,10872,10873,10872,1
2019-09-23,16:26:05.464000,10872,10873,10872,1
2019-09-23,16:26:10.217000,10872,10873,10872,5
2019-09-23,16:26:12.507000,10872,10873,10872,2
2019-09-23,16:26:18.722000,10872,10873,10873,8
2019-09-23,16:26:18.724000,10872,10873,10873,22
2019-09-23,16:26:18.724000,10872,10873,10873,1
2019-09-23,16:26:18.724000,10872,10873,10873,4
2019-09-23,16:26:18.724000,10872,10873,10873,5
2019-09-23,16:26:18.724000,10872,10873,10873,11
2019-09-23,16:26:18.849000,10873,10874,10874,8
2019-09-23,16:26:18.850000,10873,10874,10874,4
2019-09-23,16:26:18.851000,10873,10874,10874,7
2019-09-23,16:26:18.851000,10873,10874,10874,1
2019-09-23,16:26:19.261000,10874,10875,10874,2
2019-09-23,16:26:28.716000,10873,10874,10874,1
2019-09-23,16:26:32.078000,10873,10874,10873,1
2019-09-23,16:26:35.834000,10873,10874,10873,1
2019-09-23,16:26:37.467000,10873,10874,10873,1
2019-09-23,16:26:39.316000,10873,10874,10873,1
2019-09-23,16:26:39.339000,10873,10874,10873,1
2019-09-23,16:26:49.768000,10873,10874,10874,1
2019-09-23,16:27:16.407000,10873,10874,10874,1
2019-09-23,16:27:21.180000,10873,10874,10874,1
2019-09-23,16:27:24.580000,10873,10874,10874,1
2019-09-23,16:27:25.490000,10873,10874,10873,1
2019-09-23,16:27:55.563000,10873,10874,10873,1
2019-09-23,16:28:04.808000,10873,10874,10874,1
2019-09-23,16:28:15.617000,10873,10874,10874,1
2019-09-23,16:28:16.873000,10873,10874,10874,1
2019-09-23,16:28:22.905000,10873,10874,10873,1
2019-09-23,16:28:33.526000,10873,10874,10874,1
2019-09-23,16:28:36.842000,10873,10874,10874,1
2019-09-23,16:28:38.324000,10873,10874,10874,1
2019-09-23,16:28:40.730000,10873,10874,10874,1
2019-09-23,16:28:41.271000,10873,10874,10874,2
2019-09-23,16:28:46.283000,10873,10874,10874,1
2019-09-23,16:28:47.042000,10873,10874,10874,1
2019-09-23,16:28:47.427000,10873,10874,10874,5
2019-09-23,16:28:47.474000,10873,10874,10874,3
2019-09-23,16:28:48.965000,10873,10874,10874,1
2019-09-23,16:28:50.663000,10873,10874,10874,1
2019-09-23,16:28:53.211000,10873,10874,10874,1
2019-09-23,16:28:53.211000,10873,10874,10875,2
2019-09-23,16:28:53.225000,10873,10875,10875,1
2019-09-23,16:28:53.302000,10873,10875,10875,9
2019-09-23,16:28:53.486000,10874,10875,10875,1
2019-09-23,16:28:55.585000,10874,10875,10874,4
2019-09-23,16:29:03.519000,10874,10875,10874,6
2019-09-23,16:29:09.732000,10874,10875,10874,1
2019-09-23,16:29:11.224000,10874,10875,10874,1
2019-09-23,16:29:14.157000,10874,10875,10874,1
2019-09-23,16:29:14.266000,10874,10875,10874,1
2019-09-23,16:29:18.676000,10874,10875,10874,1
2019-09-23,16:29:18.971000,10873,10874,10874,1
2019-09-23,16:29:19.208000,10873,10874,10874,1
2019-09-23,16:29:19.709000,10873,10874,10873,6
2019-09-23,16:29:27.189000,10873,10874,10874,1
2019-09-23,16:29:33.567000,10873,10874,10874,1
2019-09-23,16:29:36.224000,10874,10875,10874,2
2019-09-23,16:29:38.711000,10873,10874,10874,1
2019-09-23,16:29:40.078000,10873,10874,10874,1
2019-09-23,16:29:49.892000,10873,10874,10874,1
2019-09-23,16:29:59.852000,10873,10874,10874,1
2019-09-23,16:29:59.852000,10873,10874,10875,27
2019-09-23,16:30:02.260000,10873,10874,10874,1
2019-09-23,16:30:03.342000,10873,10874,10873,1
2019-09-23,16:30:03.550000,10873,10874,10873,27
2019-09-23,16:30:04.005000,10872,10873,10873,1
2019-09-23,16:30:09.153000,10872,10873,10873,1
2019-09-23,16:30:10.365000,10872,10873,10873,1
2019-09-23,16:30:15.135000,10872,10873,10873,1
2019-09-23,16:30:23.302000,10872,10873,10873,1
2019-09-23,16:30:32.421000,10872,10873,10873,1
2019-09-23,16:30:38.459000,10872,10873,10873,1
2019-09-23,16:30:40.031000,10872,10873,10873,1
2019-09-23,16:30:40.507000,10872,10873,10872,1
2019-09-23,16:30:40.722000,10872,10873,10872,1
2019-09-23,16:30:48.652000,10872,10873,10873,1
2019-09-23,16:30:55.552000,10872,10873,10873,3
2019-09-23,16:30:56.159000,10872,10873,10873,2
2019-09-23,16:30:56.758000,10872,10873,10873,1
2019-09-23,16:31:07.717000,10872,10873,10873,5
2019-09-23,16:31:07.969000,10873,10874,10873,2
2019-09-23,16:31:09.041000,10873,10874,10873,1
2019-09-23,16:31:19.899000,10873,10874,10874,2
2019-09-23,16:31:23.725000,10873,10874,10873,5
2019-09-23,16:31:35.515000,10872,10873,10873,1
2019-09-23,16:31:49.174000,10872,10873,10872,37
2019-09-23,16:31:49.465000,10871,10872,10871,1
2019-09-23,16:31:49.700000,10871,10872,10871,1
2019-09-23,16:31:50.161000,10871,10872,10872,1
2019-09-23,16:31:52.958000,10871,10872,10872,1
2019-09-23,16:31:54.060000,10871,10872,10872,1
2019-09-23,16:31:58.383000,10871,10872,10872,1
2019-09-23,16:31:59.898000,10871,10872,10871,1
2019-09-23,16:32:04.078000,10871,10872,10871,1
2019-09-23,16:32:04.643000,10871,10872,10871,1
2019-09-23,16:32:05.810000,10871,10872,10872,1
2019-09-23,16:32:06.215000,10871,10872,10871,6
2019-09-23,16:32:06.215000,10871,10872,10871,1
2019-09-23,16:32:06.215000,10871,10872,10871,2
2019-09-23,16:32:06.215000,10871,10872,10871,7
2019-09-23,16:32:06.215000,10871,10872,10871,2
2019-09-23,16:32:06.224000,10871,10872,10871,1
2019-09-23,16:32:06.226000,10871,10872,10871,2
2019-09-23,16:32:06.256000,10871,10872,10872,1
2019-09-23,16:32:06.349000,10871,10872,10871,6
2019-09-23,16:32:06.474000,10871,10872,10871,1
2019-09-23,16:32:06.599000,10870,10871,10871,1
2019-09-23,16:32:10.619000,10871,10872,10871,2
2019-09-23,16:32:16.145000,10870,10871,10871,1
2019-09-23,16:32:17.787000,10870,10871,10871,1
2019-09-23,16:32:20.620000,10870,10871,10870,3
2019-09-23,16:32:20.662000,10870,10871,10870,10
2019-09-23,16:32:20.724000,10870,10871,10870,17
2019-09-23,16:32:20.724000,10870,10871,10870,2
2019-09-23,16:32:20.724000,10870,10871,10870,2
2019-09-23,16:32:21.174000,10869,10870,10869,1
2019-09-23,16:32:21.238000,10869,10870,10869,1
2019-09-23,16:32:21.258000,10869,10870,10869,2
2019-09-23,16:32:21.301000,10869,10870,10869,3
2019-09-23,16:32:21.321000,10869,10870,10870,1
2019-09-23,16:32:21.508000,10869,10870,10869,1
2019-09-23,16:32:21.551000,10869,10870,10869,1
2019-09-23,16:32:21.622000,10869,10870,10869,1
2019-09-23,16:32:22.092000,10869,10870,10869,1
2019-09-23,16:32:22.176000,10869,10870,10869,1
2019-09-23,16:32:22.752000,10869,10870,10869,1
2019-09-23,16:32:22.868000,10869,10870,10869,1
2019-09-23,16:32:23.146000,10869,10870,10869,6
2019-09-23,16:32:23.224000,10869,10870,10869,1
2019-09-23,16:32:23.316000,10869,10870,10870,1
2019-09-23,16:32:23.427000,10868,10870,10868,1
2019-09-23,16:32:23.460000,10868,10870,10868,1
2019-09-23,16:32:23.497000,10868,10870,10868,1
2019-09-23,16:32:23.592000,10868,10870,10868,1
2019-09-23,16:32:23.773000,10868,10869,10868,1
2019-09-23,16:32:23.794000,10868,10869,10868,3
2019-09-23,16:32:24.743000,10868,10869,10868,1
2019-09-23,16:32:30.293000,10868,10869,10868,1
2019-09-23,16:32:32.413000,10868,10869,10868,1
2019-09-23,16:32:32.603000,10868,10869,10868,6
2019-09-23,16:32:33.724000,10868,10869,10869,2
2019-09-23,16:32:33.724000,10868,10869,10869,4
2019-09-23,16:32:33.724000,10868,10869,10869,7
2019-09-23,16:32:33.725000,10868,10869,10869,2
2019-09-23,16:32:35.241000,10868,10869,10868,5
2019-09-23,16:32:38.553000,10868,10869,10869,1
2019-09-23,16:32:43.451000,10868,10869,10869,1
2019-09-23,16:32:55.378000,10868,10869,10868,1
2019-09-23,16:32:55.954000,10868,10869,10868,1
2019-09-23,16:32:56.664000,10868,10869,10869,1
2019-09-23,16:32:57.482000,10868,10869,10869,1
2019-09-23,16:32:58.698000,10868,10869,10868,10
2019-09-23,16:33:05.626000,10868,10869,10868,1
2019-09-23,16:33:08.861000,10868,10869,10869,1
2019-09-23,16:33:13.472000,10868,10869,10869,23
2019-09-23,16:33:13.472000,10868,10869,10869,7
2019-09-23,16:33:13.472000,10868,10869,10869,2
2019-09-23,16:33:13.472000,10868,10869,10869,9
2019-09-23,16:33:13.473000,10868,10869,10869,3
2019-09-23,16:33:16.269000,10869,10870,10870,1
2019-09-23,16:33:21.958000,10869,10870,10870,1
2019-09-23,16:33:22.681000,10869,10870,10870,1
2019-09-23,16:33:23.473000,10869,10870,10870,1
2019-09-23,16:33:27.371000,10869,10870,10870,1
2019-09-23,16:33:27.393000,10869,10870,10870,1
2019-09-23,16:33:32.042000,10869,10870,10870,14
2019-09-23,16:33:42.800000,10870,10871,10871,1
2019-09-23,16:33:49.343000,10870,10871,10871,1
2019-09-23,16:34:02.899000,10870,10871,10871,1
2019-09-23,16:34:03.361000,10870,10871,10870,2
2019-09-23,16:34:08.853000,10870,10871,10870,1
2019-09-23,16:34:12.599000,10870,10871,10871,1
2019-09-23,16:34:13.807000,10870,10871,10870,9
2019-09-23,16:34:13.807000,10870,10871,10870,8
2019-09-23,16:34:13.979000,10869,10870,10869,1
2019-09-23,16:34:14.093000,10869,10870,10869,1
2019-09-23,16:34:15.939000,10869,10870,10870,1
2019-09-23,16:34:17.047000,10869,10870,10869,1
2019-09-23,16:34:17.047000,10869,10870,10869,10
2019-09-23,16:34:26.070000,10868,10869,10869,11
2019-09-23,16:34:27.496000,10869,10870,10869,1
2019-09-23,16:34:27.921000,10869,10870,10869,1
2019-09-23,16:34:32.002000,10869,10870,10869,1
2019-09-23,16:34:36.406000,10869,10870,10869,4
2019-09-23,16:34:44.366000,10869,10870,10869,1
2019-09-23,16:35:00.777000,10869,10870,10869,10
2019-09-23,16:35:00.784000,10869,10870,10869,2
2019-09-23,16:35:00.849000,10869,10870,10869,1
2019-09-23,16:35:02.157000,10868,10869,10868,1
2019-09-23,16:35:02.157000,10868,10869,10868,8
2019-09-23,16:35:02.157000,10868,10869,10868,1
2019-09-23,16:35:02.157000,10868,10869,10868,24
2019-09-23,16:35:02.224000,10868,10869,10868,2
2019-09-23,16:35:02.900000,10867,10869,10867,1
2019-09-23,16:35:02.925000,10867,10869,10867,1
2019-09-23,16:35:02.991000,10867,10869,10867,30
2019-09-23,16:35:03.188000,10867,10868,10867,1
2019-09-23,16:35:03.351000,10867,10868,10867,3
2019-09-23,16:35:03.993000,10867,10869,10867,1
2019-09-23,16:35:04.088000,10867,10869,10867,1
2019-09-23,16:35:04.391000,10867,10869,10867,1
2019-09-23,16:35:10.270000,10867,10868,10868,1
2019-09-23,16:35:15.222000,10867,10868,10867,2
2019-09-23,16:35:19.587000,10867,10868,10867,1
2019-09-23,16:35:22.446000,10867,10868,10867,1
2019-09-23,16:35:24.097000,10867,10868,10868,1
2019-09-23,16:35:26.187000,10867,10868,10867,25
2019-09-23,16:35:27.751000,10867,10868,10867,1
2019-09-23,16:35:30.699000,10867,10868,10867,1
2019-09-23,16:35:36.371000,10867,10868,10868,21
2019-09-23,16:35:38.125000,10868,10869,10868,1
2019-09-23,16:35:40.435000,10868,10869,10868,10
2019-09-23,16:35:42.149000,10868,10869,10868,6
2019-09-23,16:35:42.224000,10867,10868,10868,4
2019-09-23,16:35:43.128000,10867,10869,10867,2
2019-09-23,16:35:51.168000,10868,10869,10869,8
2019-09-23,16:35:51.944000,10869,10870,10870,1
2019-09-23,16:35:52.827000,10869,10870,10869,1
2019-09-23,16:35:55.306000,10869,10870,10869,1
2019-09-23,16:36:01.708000,10869,10870,10870,1
2019-09-23,16:36:01.979000,10869,10870,10869,4
2019-09-23,16:36:02.088000,10869,10870,10869,5
2019-09-23,16:36:02.088000,10869,10870,10868,5
2019-09-23,16:36:04.897000,10868,10869,10869,1
2019-09-23,16:36:10.604000,10868,10869,10869,1
2019-09-23,16:36:17.331000,10868,10869,10869,1
2019-09-23,16:36:19.588000,10868,10869,10869,1
2019-09-23,16:36:24.816000,10868,10869,10869,1
2019-09-23,16:36:26.003000,10868,10869,10868,10
2019-09-23,16:36:29.081000,10868,10869,10868,4
2019-09-23,16:36:30.542000,10867,10868,10868,1
2019-09-23,16:36:49.407000,10868,10869,10869,5
2019-09-23,16:36:52.369000,10869,10870,10869,1
2019-09-23,16:36:56.217000,10869,10870,10869,1
2019-09-23,16:37:04.679000,10868,10869,10868,10
2019-09-23,16:37:05.247000,10868,10869,10868,2
2019-09-23,16:37:05.248000,10868,10869,10868,2
2019-09-23,16:37:05.250000,10868,10869,10868,1
2019-09-23,16:37:06.673000,10867,10868,10868,1
2019-09-23,16:37:15.987000,10867,10868,10868,1
2019-09-23,16:37:23.857000,10867,10868,10868,1
2019-09-23,16:37:31.048000,10867,10868,10868,1
2019-09-23,16:37:31.287000,10867,10868,10868,1
2019-09-23,16:37:31.987000,10867,10868,10868,1
2019-09-23,16:37:32.232000,10867,10868,10868,2
2019-09-23,16:37:33.697000,10868,10869,10868,10
2019-09-23,16:37:33.724000,10867,10868,10868,14
2019-09-23,16:37:33.724000,10867,10868,10868,2
2019-09-23,16:37:33.725000,10867,10868,10868,1
