2019-06-28,15:00:00,10578,10581,10587,50
2019-06-28,15:00:00,10586,10587,10586,1
2019-06-28,15:00:00,10586,10587,10587,1
2019-06-28,15:00:00,10586,10587,10586,1
2019-06-28,15:00:00,10586,10587,10586,8
2019-06-28,15:00:00,10586,10587,10586,1
2019-06-28,15:00:00,10586,10587,10587,1
2019-06-28,15:00:00,10585,10587,10587,1
2019-06-28,15:00:00,10585,10587,10587,1
2019-06-28,15:00:00,10585,10587,10587,2
2019-06-28,15:00:00,10585,10587,10587,4
2019-06-28,15:00:00,10585,10587,10587,1
2019-06-28,15:00:00,10585,10587,10585,1
2019-06-28,15:00:00,10585,10587,10587,2
2019-06-28,15:00:00,10585,10587,10587,1
2019-06-28,15:00:00,10585,10587,10587,1
2019-06-28,15:00:00,10585,10587,10585,1
2019-06-28,15:00:01,10586,10587,10587,3
2019-06-28,15:00:01,10586,10587,10587,3
2019-06-28,15:00:01,10586,10587,10587,3
2019-06-28,15:00:01,10586,10587,10588,2
2019-06-28,15:00:01,10586,10588,10587,1
2019-06-28,15:00:01,10586,10587,10586,6
2019-06-28,15:00:01,10586,10587,10587,4
2019-06-28,15:00:01,10586,10587,10587,4
2019-06-28,15:00:01,10586,10587,10587,3
2019-06-28,15:00:01,10586,10587,10588,18
2019-06-28,15:00:01,10588,10589,10588,4
2019-06-28,15:00:01,10588,10589,10588,2
2019-06-28,15:00:01,10588,10589,10588,22
2019-06-28,15:00:01,10588,10589,10588,1
2019-06-28,15:00:01,10588,10589,10589,4
2019-06-28,15:00:01,10586,10588,10586,1
2019-06-28,15:00:01,10586,10588,10586,1
2019-06-28,15:00:01,10586,10587,10587,9
2019-06-28,15:00:01,10586,10587,10588,5
2019-06-28,15:00:02,10585,10588,10588,5
2019-06-28,15:00:02,10585,10588,10588,5
2019-06-28,15:00:02,10585,10589,10589,5
2019-06-28,15:00:02,10585,10589,10589,1
2019-06-28,15:00:02,10585,10589,10589,5
2019-06-28,15:00:02,10585,10589,10588,1
2019-06-28,15:00:02,10585,10589,10589,4
2019-06-28,15:00:02,10586,10589,10589,5
2019-06-28,15:00:02,10586,10589,10589,1
2019-06-28,15:00:03,10587,10589,10589,1
2019-06-28,15:00:03,10587,10589,10589,1
2019-06-28,15:00:03,10587,10589,10589,1
2019-06-28,15:00:03,10587,10589,10589,3
2019-06-28,15:00:03,10587,10589,10590,1
2019-06-28,15:00:03,10587,10590,10590,3
2019-06-28,15:00:04,10589,10590,10589,1
2019-06-28,15:00:04,10589,10590,10589,1
2019-06-28,15:00:04,10589,10590,10589,1
2019-06-28,15:00:05,10587,10589,10587,3
2019-06-28,15:00:07,10587,10589,10589,1
2019-06-28,15:00:09,10588,10589,10588,1
2019-06-28,15:00:10,10588,10589,10589,1
2019-06-28,15:00:11,10588,10589,10588,2
2019-06-28,15:00:12,10588,10589,10588,1
2019-06-28,15:00:15,10588,10589,10587,6
2019-06-28,15:00:15,10588,10589,10588,4
2019-06-28,15:00:18,10587,10588,10588,1
2019-06-28,15:00:22,10587,10588,10588,3
2019-06-28,15:00:22,10587,10588,10588,1
2019-06-28,15:00:24,10587,10588,10588,1
2019-06-28,15:00:28,10587,10588,10587,4
2019-06-28,15:00:28,10587,10588,10587,1
2019-06-28,15:00:30,10587,10588,10587,2
2019-06-28,15:00:32,10587,10588,10588,2
2019-06-28,15:00:37,10587,10588,10587,1
2019-06-28,15:00:37,10587,10588,10587,1
2019-06-28,15:00:37,10587,10588,10587,5
2019-06-28,15:00:40,10587,10588,10587,2
2019-06-28,15:00:42,10587,10588,10587,2
2019-06-28,15:00:44,10587,10588,10587,1
2019-06-28,15:00:44,10587,10588,10587,1
2019-06-28,15:00:45,10587,10588,10587,1
2019-06-28,15:00:45,10587,10588,10587,1
2019-06-28,15:00:46,10587,10588,10587,1
2019-06-28,15:00:46,10587,10588,10587,1
2019-06-28,15:00:46,10587,10588,10587,1
2019-06-28,15:00:48,10586,10587,10587,1
2019-06-28,15:00:48,10586,10587,10587,1
2019-06-28,15:00:49,10587,10588,10587,1
2019-06-28,15:00:50,10587,10588,10587,1
2019-06-28,15:00:51,10587,10588,10587,1
2019-06-28,15:00:57,10587,10588,10587,8
2019-06-28,15:00:58,10586,10587,10587,2
2019-06-28,15:00:59,10586,10587,10587,1
2019-06-28,15:01:00,10586,10587,10587,1
2019-06-28,15:01:00,10586,10587,10587,1
2019-06-28,15:01:01,10586,10587,10587,1
2019-06-28,15:01:02,10586,10587,10587,3
2019-06-28,15:01:02,10586,10587,10588,7
2019-06-28,15:01:02,10586,10587,10587,1
2019-06-28,15:01:02,10586,10587,10588,1
2019-06-28,15:01:02,10586,10587,10588,2
2019-06-28,15:01:04,10586,10588,10588,10
2019-06-28,15:01:05,10587,10588,10587,1
2019-06-28,15:01:05,10587,10588,10587,1
2019-06-28,15:01:05,10587,10588,10588,2
2019-06-28,15:01:05,10587,10588,10587,1
2019-06-28,15:01:05,10587,10588,10588,1
2019-06-28,15:01:06,10587,10588,10588,6
2019-06-28,15:01:06,10587,10588,10587,1
2019-06-28,15:01:07,10587,10588,10588,8
2019-06-28,15:01:07,10587,10588,10589,2
2019-06-28,15:01:08,10588,10589,10588,4
2019-06-28,15:01:13,10587,10588,10588,1
2019-06-28,15:01:16,10588,10589,10588,1
2019-06-28,15:01:16,10588,10589,10589,1
2019-06-28,15:01:17,10588,10589,10588,3
2019-06-28,15:01:18,10587,10588,10588,2
2019-06-28,15:01:18,10587,10588,10588,3
2019-06-28,15:01:21,10588,10589,10588,1
2019-06-28,15:01:22,10588,10589,10588,1
2019-06-28,15:01:22,10588,10589,10589,1
2019-06-28,15:01:23,10588,10589,10589,2
2019-06-28,15:01:23,10588,10589,10589,1
2019-06-28,15:01:24,10588,10589,10589,6
2019-06-28,15:01:28,10588,10589,10589,10
2019-06-28,15:01:28,10588,10589,10589,1
2019-06-28,15:01:28,10588,10589,10589,1
2019-06-28,15:01:28,10588,10589,10589,1
2019-06-28,15:01:28,10588,10589,10589,2
2019-06-28,15:01:28,10588,10589,10588,2
2019-06-28,15:01:28,10588,10589,10589,10
2019-06-28,15:01:28,10588,10589,10589,3
2019-06-28,15:01:28,10588,10589,10589,2
2019-06-28,15:01:28,10588,10589,10589,1
2019-06-28,15:01:28,10588,10589,10589,2
2019-06-28,15:01:28,10588,10589,10589,1
2019-06-28,15:01:29,10589,10590,10589,1
2019-06-28,15:01:30,10589,10590,10590,10
2019-06-28,15:01:31,10589,10590,10589,2
2019-06-28,15:01:32,10589,10590,10589,1
2019-06-28,15:01:33,10589,10590,10590,2
2019-06-28,15:01:33,10589,10590,10589,1
2019-06-28,15:01:40,10589,10590,10589,3
2019-06-28,15:01:41,10589,10590,10589,1
2019-06-28,15:01:45,10589,10590,10589,1
2019-06-28,15:01:46,10589,10590,10589,1
2019-06-28,15:01:46,10589,10590,10589,3
2019-06-28,15:01:47,10589,10590,10589,1
2019-06-28,15:01:47,10589,10590,10589,1
2019-06-28,15:01:52,10589,10590,10590,2
2019-06-28,15:01:52,10589,10590,10590,1
2019-06-28,15:01:52,10589,10590,10589,1
2019-06-28,15:01:58,10589,10590,10589,3
2019-06-28,15:02:00,10589,10590,10590,1
2019-06-28,15:02:00,10589,10590,10590,1
2019-06-28,15:02:00,10589,10590,10590,1
2019-06-28,15:02:00,10589,10590,10589,1
2019-06-28,15:02:00,10589,10590,10590,2
2019-06-28,15:02:01,10589,10590,10589,1
2019-06-28,15:02:02,10589,10590,10590,1
2019-06-28,15:02:03,10589,10590,10590,1
2019-06-28,15:02:03,10589,10590,10590,1
2019-06-28,15:02:06,10589,10590,10590,1
2019-06-28,15:02:07,10589,10590,10590,2
2019-06-28,15:02:07,10589,10590,10589,1
2019-06-28,15:02:07,10589,10590,10589,1
2019-06-28,15:02:09,10589,10590,10590,5
2019-06-28,15:02:15,10589,10590,10590,1
2019-06-28,15:02:15,10589,10590,10589,1
2019-06-28,15:02:19,10589,10590,10590,1
2019-06-28,15:02:22,10589,10590,10589,1
2019-06-28,15:02:31,10589,10590,10589,2
2019-06-28,15:02:32,10589,10590,10589,4
2019-06-28,15:02:32,10589,10590,10589,1
2019-06-28,15:02:34,10589,10590,10589,17
2019-06-28,15:02:34,10588,10589,10589,1
2019-06-28,15:02:34,10588,10589,10589,6
2019-06-28,15:02:35,10588,10589,10589,4
2019-06-28,15:02:37,10588,10589,10589,3
2019-06-28,15:02:38,10588,10589,10588,4
2019-06-28,15:02:43,10588,10589,10588,1
2019-06-28,15:02:44,10588,10589,10588,1
2019-06-28,15:02:47,10588,10589,10589,2
2019-06-28,15:02:52,10588,10589,10588,2
2019-06-28,15:02:54,10588,10589,10588,18
2019-06-28,15:02:54,10587,10588,10588,2
2019-06-28,15:02:54,10587,10588,10588,1
2019-06-28,15:02:58,10587,10588,10588,1
2019-06-28,15:02:58,10587,10588,10587,1
2019-06-28,15:02:59,10587,10588,10587,2
2019-06-28,15:03:00,10587,10588,10587,1
2019-06-28,15:03:03,10587,10588,10588,5
2019-06-28,15:03:03,10587,10588,10588,3
2019-06-28,15:03:04,10587,10589,10589,1
2019-06-28,15:03:09,10587,10588,10588,1
2019-06-28,15:03:11,10587,10589,10588,1
2019-06-28,15:03:19,10588,10589,10589,5
2019-06-28,15:03:20,10588,10589,10588,2
2019-06-28,15:03:24,10588,10589,10589,1
2019-06-28,15:03:25,10588,10589,10588,7
2019-06-28,15:03:29,10587,10588,10588,5
2019-06-28,15:03:33,10587,10588,10588,3
2019-06-28,15:03:44,10588,10589,10589,30
2019-06-28,15:03:44,10589,10590,10589,1
2019-06-28,15:03:45,10589,10590,10589,1
2019-06-28,15:03:46,10589,10590,10589,1
2019-06-28,15:03:47,10589,10590,10589,2
2019-06-28,15:03:47,10589,10590,10589,1
2019-06-28,15:03:47,10589,10590,10589,1
2019-06-28,15:03:47,10589,10590,10589,1
2019-06-28,15:03:48,10589,10590,10589,1
2019-06-28,15:03:48,10589,10590,10589,1
2019-06-28,15:03:53,10589,10590,10589,10
2019-06-28,15:03:53,10589,10590,10589,2
2019-06-28,15:03:53,10589,10590,10589,2
2019-06-28,15:03:53,10589,10590,10590,1
2019-06-28,15:03:54,10589,10590,10590,8
2019-06-28,15:03:55,10589,10590,10590,1
2019-06-28,15:03:59,10589,10590,10590,4
2019-06-28,15:03:59,10589,10590,10589,1
2019-06-28,15:04:00,10589,10590,10589,1
2019-06-28,15:04:01,10589,10590,10590,5
2019-06-28,15:04:02,10589,10590,10590,50
2019-06-28,15:04:02,10589,10590,10589,4
2019-06-28,15:04:02,10589,10590,10590,2
2019-06-28,15:04:02,10589,10590,10590,7
2019-06-28,15:04:02,10589,10590,10590,6
2019-06-28,15:04:02,10589,10590,10590,1
2019-06-28,15:04:05,10590,10591,10590,1
2019-06-28,15:04:05,10590,10591,10591,1
2019-06-28,15:04:07,10590,10591,10591,1
2019-06-28,15:04:11,10590,10591,10591,1
2019-06-28,15:04:13,10590,10591,10590,1
2019-06-28,15:04:14,10590,10591,10591,5
2019-06-28,15:04:15,10590,10591,10590,1
2019-06-28,15:04:16,10590,10591,10590,1
2019-06-28,15:04:20,10590,10591,10591,1
2019-06-28,15:04:22,10590,10591,10590,1
2019-06-28,15:04:22,10590,10591,10590,1
2019-06-28,15:04:26,10590,10591,10591,1
2019-06-28,15:04:28,10590,10591,10590,1
2019-06-28,15:04:29,10590,10591,10591,2
2019-06-28,15:04:29,10590,10591,10590,2
2019-06-28,15:04:31,10590,10591,10590,1
2019-06-28,15:04:32,10590,10591,10591,1
2019-06-28,15:04:35,10590,10591,10590,1
2019-06-28,15:04:36,10590,10591,10591,2
2019-06-28,15:04:38,10590,10591,10591,2
2019-06-28,15:04:38,10590,10591,10591,2
2019-06-28,15:04:39,10590,10591,10590,17
2019-06-28,15:04:44,10590,10591,10590,1
2019-06-28,15:04:46,10590,10591,10590,1
2019-06-28,15:04:47,10590,10591,10590,1
2019-06-28,15:04:48,10590,10591,10590,1
2019-06-28,15:04:50,10590,10591,10590,1
2019-06-28,15:04:54,10590,10591,10590,2
2019-06-28,15:04:56,10590,10591,10590,1
2019-06-28,15:04:57,10590,10591,10591,3
2019-06-28,15:04:57,10590,10591,10591,1
2019-06-28,15:05:03,10590,10591,10591,1
2019-06-28,15:05:03,10590,10591,10590,1
2019-06-28,15:05:04,10590,10591,10591,1
2019-06-28,15:05:04,10590,10591,10591,1
2019-06-28,15:05:04,10590,10591,10591,1
2019-06-28,15:05:05,10590,10591,10591,3
2019-06-28,15:05:05,10590,10591,10591,1
2019-06-28,15:05:05,10590,10591,10591,1
2019-06-28,15:05:08,10590,10591,10591,1
2019-06-28,15:05:10,10590,10591,10591,1
2019-06-28,15:05:10,10590,10591,10591,10
2019-06-28,15:05:10,10590,10591,10591,4
2019-06-28,15:05:10,10590,10591,10591,6
2019-06-28,15:05:10,10590,10591,10591,3
2019-06-28,15:05:10,10590,10591,10591,3
2019-06-28,15:05:10,10590,10591,10591,1
2019-06-28,15:05:10,10590,10591,10591,1
2019-06-28,15:05:10,10590,10591,10591,1
2019-06-28,15:05:11,10591,10592,10591,13
2019-06-28,15:05:11,10590,10591,10591,2
2019-06-28,15:05:13,10590,10591,10591,1
2019-06-28,15:05:20,10590,10591,10591,1
2019-06-28,15:05:20,10590,10591,10591,8
2019-06-28,15:05:35,10590,10591,10591,1
2019-06-28,15:05:36,10590,10591,10591,1
2019-06-28,15:05:42,10590,10591,10590,1
2019-06-28,15:05:53,10590,10591,10590,1
2019-06-28,15:05:53,10590,10591,10590,1
2019-06-28,15:05:54,10590,10591,10590,1
2019-06-28,15:05:59,10590,10591,10591,1
2019-06-28,15:06:03,10590,10591,10590,5
2019-06-28,15:06:03,10590,10591,10591,3
2019-06-28,15:06:04,10590,10591,10590,1
2019-06-28,15:06:04,10590,10591,10591,7
2019-06-28,15:06:10,10590,10591,10590,5
2019-06-28,15:06:14,10590,10591,10590,2
2019-06-28,15:06:14,10590,10591,10590,1
2019-06-28,15:06:21,10590,10591,10591,2
2019-06-28,15:06:21,10590,10591,10590,2
2019-06-28,15:06:23,10590,10591,10590,5
2019-06-28,15:06:25,10590,10591,10590,1
2019-06-28,15:06:29,10590,10591,10590,2
2019-06-28,15:06:30,10590,10591,10590,1
2019-06-28,15:06:33,10590,10591,10590,1
2019-06-28,15:06:39,10590,10591,10590,1
2019-06-28,15:06:39,10590,10591,10590,1
2019-06-28,15:06:43,10590,10591,10590,1
2019-06-28,15:06:46,10590,10591,10590,1
2019-06-28,15:06:48,10590,10591,10590,1
2019-06-28,15:06:51,10590,10591,10590,1
2019-06-28,15:06:52,10590,10591,10590,3
2019-06-28,15:06:52,10590,10591,10590,13
2019-06-28,15:06:52,10590,10591,10590,2
2019-06-28,15:06:52,10590,10591,10590,2
2019-06-28,15:06:52,10590,10591,10590,1
2019-06-28,15:06:52,10589,10590,10590,2
2019-06-28,15:06:55,10589,10590,10590,10
2019-06-28,15:06:57,10589,10590,10590,1
2019-06-28,15:07:03,10589,10590,10589,2
2019-06-28,15:07:03,10589,10590,10589,2
2019-06-28,15:07:04,10589,10590,10589,5
2019-06-28,15:07:04,10589,10590,10589,1
2019-06-28,15:07:05,10589,10590,10589,1
2019-06-28,15:07:08,10589,10590,10589,1
2019-06-28,15:07:11,10589,10590,10589,1
2019-06-28,15:07:13,10589,10590,10589,1
2019-06-28,15:07:17,10589,10590,10589,1
2019-06-28,15:07:19,10589,10590,10589,2
2019-06-28,15:07:20,10589,10590,10590,3
2019-06-28,15:07:20,10589,10590,10589,5
2019-06-28,15:07:22,10589,10590,10589,6
2019-06-28,15:07:24,10589,10590,10589,1
2019-06-28,15:07:24,10589,10590,10589,1
2019-06-28,15:07:34,10589,10590,10590,1
2019-06-28,15:07:42,10589,10590,10590,5
2019-06-28,15:07:53,10589,10590,10590,1
2019-06-28,15:08:00,10589,10590,10590,1
2019-06-28,15:08:16,10589,10590,10590,1
2019-06-28,15:08:22,10589,10590,10590,2
2019-06-28,15:08:26,10589,10590,10590,1
2019-06-28,15:08:26,10589,10590,10590,1
2019-06-28,15:08:27,10589,10590,10590,1
2019-06-28,15:08:30,10589,10590,10590,1
2019-06-28,15:08:30,10589,10590,10590,1
2019-06-28,15:08:31,10589,10590,10590,3
2019-06-28,15:08:31,10589,10590,10590,2
2019-06-28,15:08:31,10589,10590,10590,1
2019-06-28,15:08:31,10589,10590,10590,1
2019-06-28,15:08:31,10589,10590,10591,3
2019-06-28,15:08:31,10589,10590,10591,2
2019-06-28,15:08:31,10589,10590,10591,1
2019-06-28,15:08:31,10589,10590,10591,1
2019-06-28,15:08:31,10589,10590,10591,1
2019-06-28,15:08:31,10590,10591,10591,1
2019-06-28,15:08:31,10590,10591,10591,1
2019-06-28,15:08:33,10590,10591,10590,4
2019-06-28,15:08:35,10589,10590,10590,1
2019-06-28,15:08:35,10589,10590,10590,1
2019-06-28,15:08:39,10589,10590,10590,1
2019-06-28,15:08:39,10589,10590,10590,1
2019-06-28,15:08:43,10589,10590,10590,1
2019-06-28,15:08:48,10589,10590,10590,1
2019-06-28,15:08:50,10589,10590,10590,1
2019-06-28,15:08:53,10589,10590,10590,1
2019-06-28,15:08:57,10589,10590,10590,10
2019-06-28,15:08:57,10589,10590,10590,4
2019-06-28,15:09:26,10590,10591,10590,1
2019-06-28,15:09:28,10590,10591,10590,1
2019-06-28,15:09:35,10590,10591,10590,1
2019-06-28,15:09:38,10590,10591,10590,2
2019-06-28,15:09:47,10590,10591,10590,1
2019-06-28,15:09:48,10590,10591,10590,1
2019-06-28,15:09:50,10590,10591,10590,1
2019-06-28,15:09:51,10590,10591,10590,4
2019-06-28,15:09:54,10590,10591,10590,1
2019-06-28,15:09:56,10590,10591,10590,1
2019-06-28,15:09:59,10590,10591,10590,2
2019-06-28,15:10:02,10590,10591,10591,16
2019-06-28,15:10:02,10590,10591,10591,1
2019-06-28,15:10:02,10590,10591,10591,18
2019-06-28,15:10:02,10591,10592,10592,2
2019-06-28,15:10:03,10591,10592,10592,1
2019-06-28,15:10:03,10591,10592,10592,6
2019-06-28,15:10:03,10591,10592,10592,2
2019-06-28,15:10:03,10591,10592,10592,4
2019-06-28,15:10:03,10591,10592,10592,8
2019-06-28,15:10:03,10591,10592,10592,1
2019-06-28,15:10:03,10591,10592,10592,2
2019-06-28,15:10:04,10591,10592,10591,1
2019-06-28,15:10:09,10591,10592,10591,1
2019-06-28,15:10:11,10591,10592,10591,1
2019-06-28,15:10:16,10591,10592,10591,1
2019-06-28,15:10:16,10591,10592,10592,10
2019-06-28,15:10:16,10591,10592,10592,7
2019-06-28,15:10:16,10591,10592,10592,1
2019-06-28,15:10:16,10591,10592,10592,2
2019-06-28,15:10:17,10592,10593,10592,1
2019-06-28,15:10:17,10592,10593,10592,1
2019-06-28,15:10:18,10592,10593,10592,1
2019-06-28,15:10:19,10592,10593,10593,1
2019-06-28,15:10:20,10592,10593,10593,1
2019-06-28,15:10:20,10592,10593,10593,4
2019-06-28,15:10:20,10592,10593,10593,1
2019-06-28,15:10:21,10592,10593,10593,33
2019-06-28,15:10:21,10593,10594,10594,5
2019-06-28,15:10:21,10593,10594,10594,1
2019-06-28,15:10:21,10593,10594,10594,1
2019-06-28,15:10:21,10593,10594,10594,2
2019-06-28,15:10:21,10593,10594,10593,9
2019-06-28,15:10:22,10593,10594,10593,2
2019-06-28,15:10:23,10593,10594,10593,1
2019-06-28,15:10:23,10593,10594,10594,2
2019-06-28,15:10:26,10593,10594,10594,4
2019-06-28,15:10:28,10593,10594,10594,2
2019-06-28,15:10:28,10593,10594,10594,2
2019-06-28,15:10:28,10593,10594,10594,2
2019-06-28,15:10:28,10593,10594,10594,2
2019-06-28,15:10:29,10593,10594,10594,4
2019-06-28,15:10:29,10593,10594,10594,2
2019-06-28,15:10:29,10593,10594,10594,1
2019-06-28,15:10:29,10593,10594,10594,1
2019-06-28,15:10:32,10593,10594,10593,1
2019-06-28,15:10:35,10593,10594,10594,1
2019-06-28,15:10:36,10593,10594,10594,2
2019-06-28,15:10:37,10593,10594,10594,22
2019-06-28,15:10:37,10593,10594,10594,6
2019-06-28,15:10:37,10593,10594,10594,1
2019-06-28,15:10:37,10593,10594,10594,1
2019-06-28,15:10:37,10593,10594,10594,1
2019-06-28,15:10:37,10593,10594,10594,1
2019-06-28,15:10:37,10593,10594,10594,1
2019-06-28,15:10:37,10593,10594,10594,1
2019-06-28,15:10:37,10593,10594,10594,1
2019-06-28,15:10:40,10593,10594,10594,4
2019-06-28,15:10:40,10593,10594,10594,1
2019-06-28,15:10:43,10593,10594,10593,8
2019-06-28,15:10:43,10592,10593,10593,1
2019-06-28,15:10:44,10592,10593,10592,1
2019-06-28,15:10:45,10592,10593,10593,1
2019-06-28,15:10:45,10592,10593,10593,1
2019-06-28,15:10:45,10592,10593,10593,1
2019-06-28,15:10:45,10592,10593,10593,2
2019-06-28,15:10:47,10592,10593,10593,1
2019-06-28,15:10:49,10592,10593,10592,2
2019-06-28,15:10:52,10591,10592,10592,1
2019-06-28,15:10:58,10591,10592,10592,1
2019-06-28,15:11:02,10591,10592,10592,1
2019-06-28,15:11:03,10591,10592,10592,1
2019-06-28,15:11:07,10591,10592,10592,1
2019-06-28,15:11:07,10591,10592,10592,2
2019-06-28,15:11:07,10591,10592,10592,1
2019-06-28,15:11:07,10591,10592,10592,1
2019-06-28,15:11:07,10591,10592,10592,1
2019-06-28,15:11:08,10591,10592,10592,1
2019-06-28,15:11:08,10591,10592,10592,1
2019-06-28,15:11:09,10591,10592,10592,2
2019-06-28,15:11:13,10591,10592,10592,1
2019-06-28,15:11:14,10591,10593,10593,1
2019-06-28,15:11:17,10591,10592,10592,1
2019-06-28,15:11:17,10591,10592,10592,1
2019-06-28,15:11:21,10591,10592,10592,1
2019-06-28,15:11:22,10591,10592,10592,1
2019-06-28,15:11:22,10591,10592,10592,1
2019-06-28,15:11:36,10591,10592,10591,4
2019-06-28,15:11:39,10591,10592,10591,8
2019-06-28,15:11:40,10590,10591,10591,1
2019-06-28,15:11:41,10590,10591,10591,1
2019-06-28,15:11:45,10590,10591,10590,16
2019-06-28,15:11:46,10590,10591,10590,3
2019-06-28,15:11:55,10590,10591,10591,1
2019-06-28,15:11:59,10590,10591,10590,1
2019-06-28,15:12:00,10590,10591,10590,2
2019-06-28,15:12:06,10590,10591,10590,2
2019-06-28,15:12:06,10590,10591,10591,1
2019-06-28,15:12:06,10590,10591,10590,1
2019-06-28,15:12:06,10589,10590,10590,1
2019-06-28,15:12:07,10589,10590,10589,1
2019-06-28,15:12:08,10589,10590,10590,1
2019-06-28,15:12:10,10589,10590,10590,1
2019-06-28,15:12:12,10589,10590,10589,1
2019-06-28,15:12:29,10589,10590,10590,14
2019-06-28,15:12:29,10589,10590,10591,2
2019-06-28,15:12:32,10590,10591,10590,1
2019-06-28,15:12:40,10589,10590,10589,1
2019-06-28,15:12:43,10589,10590,10589,2
2019-06-28,15:12:47,10589,10590,10590,1
2019-06-28,15:12:54,10589,10590,10589,10
2019-06-28,15:12:58,10589,10590,10589,10
2019-06-28,15:12:59,10589,10590,10589,1
2019-06-28,15:12:59,10589,10590,10589,4
2019-06-28,15:13:02,10588,10589,10588,10
2019-06-28,15:13:02,10588,10589,10589,1
2019-06-28,15:13:05,10588,10589,10588,1
2019-06-28,15:13:07,10588,10589,10589,1
2019-06-28,15:13:08,10588,10589,10589,1
2019-06-28,15:13:10,10588,10589,10588,3
2019-06-28,15:13:20,10588,10589,10588,2
2019-06-28,15:13:22,10588,10589,10588,2
2019-06-28,15:13:35,10588,10589,10588,2
2019-06-28,15:13:42,10588,10589,10588,1
2019-06-28,15:13:47,10588,10589,10589,1
2019-06-28,15:13:57,10588,10589,10589,2
2019-06-28,15:14:05,10588,10589,10589,7
2019-06-28,15:14:05,10588,10589,10589,8
2019-06-28,15:14:05,10588,10589,10589,1
2019-06-28,15:14:06,10589,10590,10589,1
2019-06-28,15:14:06,10589,10590,10590,3
2019-06-28,15:14:09,10589,10590,10589,2
2019-06-28,15:14:09,10589,10590,10589,1
2019-06-28,15:14:14,10588,10589,10589,1
2019-06-28,15:14:20,10588,10589,10589,1
2019-06-28,15:14:22,10589,10590,10589,1
2019-06-28,15:14:29,10588,10589,10589,5
2019-06-28,15:14:29,10588,10589,10589,1
2019-06-28,15:14:34,10588,10589,10589,4
2019-06-28,15:14:57,10589,10590,10589,2
2019-06-28,15:15:40,10589,10590,10589,1
2019-06-28,15:15:40,10589,10590,10590,1
2019-06-28,15:15:41,10589,10590,10590,3
2019-06-28,15:15:41,10589,10590,10590,4
2019-06-28,15:15:43,10589,10590,10590,1
2019-06-28,15:15:50,10589,10590,10590,5
2019-06-28,15:15:51,10589,10590,10590,1
2019-06-28,15:15:51,10589,10590,10590,3
2019-06-28,15:15:52,10589,10590,10590,2
2019-06-28,15:15:56,10589,10590,10590,1
2019-06-28,15:15:59,10589,10590,10590,5
2019-06-28,15:16:00,10589,10590,10590,5
2019-06-28,15:16:02,10589,10590,10590,1
2019-06-28,15:16:09,10589,10590,10589,1
2019-06-28,15:16:21,10589,10590,10589,1
2019-06-28,15:16:33,10589,10590,10589,5
2019-06-28,15:16:46,10589,10590,10589,4
2019-06-28,15:16:46,10589,10590,10589,5
2019-06-28,15:17:20,10588,10589,10589,4
2019-06-28,15:17:35,10589,10590,10589,3
2019-06-28,15:17:37,10589,10590,10589,1
2019-06-28,15:17:41,10589,10590,10590,1
2019-06-28,15:17:43,10589,10590,10589,3
2019-06-28,15:17:43,10589,10590,10589,6
2019-06-28,15:17:43,10589,10590,10589,4
2019-06-28,15:17:46,10588,10589,10588,1
2019-06-28,15:18:00,10588,10589,10589,1
2019-06-28,15:18:02,10588,10589,10588,1
2019-06-28,15:18:36,10588,10589,10589,3
2019-06-28,15:18:43,10589,10590,10589,2
2019-06-28,15:18:56,10589,10590,10590,4
2019-06-28,15:18:56,10589,10590,10590,10
2019-06-28,15:18:56,10589,10590,10590,4
2019-06-28,15:18:56,10589,10590,10590,3
2019-06-28,15:18:56,10589,10590,10590,1
2019-06-28,15:18:56,10589,10590,10590,2
2019-06-28,15:18:56,10589,10590,10590,1
2019-06-28,15:18:56,10589,10590,10590,1
2019-06-28,15:18:56,10589,10590,10590,11
2019-06-28,15:18:56,10589,10590,10590,2
2019-06-28,15:18:56,10589,10590,10590,4
2019-06-28,15:18:56,10589,10590,10590,1
2019-06-28,15:18:56,10589,10590,10590,1
2019-06-28,15:18:56,10589,10590,10590,1
2019-06-28,15:18:56,10589,10590,10590,1
2019-06-28,15:18:56,10589,10590,10590,3
2019-06-28,15:18:56,10589,10590,10590,1
2019-06-28,15:18:56,10589,10590,10590,4
2019-06-28,15:18:56,10589,10590,10590,1
2019-06-28,15:18:56,10589,10590,10590,2
2019-06-28,15:18:56,10589,10590,10590,1
2019-06-28,15:18:56,10589,10590,10590,1
2019-06-28,15:18:56,10589,10590,10590,2
2019-06-28,15:18:56,10589,10590,10590,2
2019-06-28,15:18:56,10589,10590,10590,1
2019-06-28,15:18:56,10589,10590,10590,1
2019-06-28,15:18:56,10589,10590,10590,2
2019-06-28,15:18:56,10590,10591,10591,4
2019-06-28,15:18:58,10590,10591,10591,7
2019-06-28,15:19:00,10590,10591,10590,1
2019-06-28,15:19:02,10590,10591,10591,4
2019-06-28,15:19:03,10590,10591,10591,2
2019-06-28,15:19:08,10590,10591,10590,1
2019-06-28,15:19:15,10590,10591,10590,1
2019-06-28,15:19:16,10590,10591,10591,2
2019-06-28,15:19:17,10590,10591,10591,1
2019-06-28,15:19:18,10590,10591,10591,1
2019-06-28,15:19:26,10590,10591,10590,1
2019-06-28,15:19:29,10590,10591,10591,1
2019-06-28,15:19:29,10590,10591,10590,1
2019-06-28,15:19:31,10590,10591,10590,12
2019-06-28,15:19:34,10589,10590,10590,1
2019-06-28,15:19:40,10589,10590,10589,1
2019-06-28,15:19:57,10589,10590,10590,1
2019-06-28,15:19:57,10589,10590,10589,5
2019-06-28,15:19:58,10589,10590,10589,1
2019-06-28,15:19:58,10589,10590,10589,5
2019-06-28,15:19:58,10589,10590,10589,1
2019-06-28,15:20:02,10588,10589,10588,2
2019-06-28,15:20:09,10588,10589,10589,4
2019-06-28,15:20:13,10588,10589,10588,3
2019-06-28,15:20:14,10588,10589,10589,2
2019-06-28,15:20:15,10588,10589,10589,4
2019-06-28,15:20:16,10588,10589,10589,3
2019-06-28,15:20:16,10588,10589,10589,1
2019-06-28,15:20:32,10588,10589,10589,1
2019-06-28,15:20:35,10588,10589,10588,1
2019-06-28,15:20:39,10588,10589,10589,1
2019-06-28,15:21:16,10588,10589,10589,3
2019-06-28,15:21:16,10588,10590,10589,1
2019-06-28,15:21:16,10588,10590,10589,1
2019-06-28,15:21:16,10588,10590,10589,2
2019-06-28,15:21:17,10588,10590,10589,1
2019-06-28,15:21:28,10588,10589,10589,1
2019-06-28,15:21:45,10588,10589,10589,6
2019-06-28,15:21:45,10588,10589,10589,1
2019-06-28,15:21:46,10588,10589,10589,1
2019-06-28,15:21:59,10589,10590,10589,1
2019-06-28,15:22:02,10589,10590,10589,1
2019-06-28,15:22:28,10589,10590,10589,1
2019-06-28,15:22:28,10589,10590,10589,1
2019-06-28,15:22:28,10589,10590,10589,1
2019-06-28,15:22:29,10589,10590,10589,2
2019-06-28,15:22:32,10589,10590,10589,5
2019-06-28,15:22:33,10588,10589,10589,3
2019-06-28,15:22:33,10588,10589,10589,1
2019-06-28,15:22:33,10588,10590,10589,1
2019-06-28,15:23:01,10589,10590,10589,2
2019-06-28,15:23:01,10588,10589,10589,1
2019-06-28,15:23:01,10588,10589,10590,4
2019-06-28,15:23:06,10588,10590,10590,3
2019-06-28,15:23:26,10589,10590,10589,1
2019-06-28,15:23:26,10588,10590,10589,2
2019-06-28,15:23:26,10588,10590,10590,1
2019-06-28,15:23:26,10588,10590,10589,1
2019-06-28,15:23:31,10589,10590,10589,1
2019-06-28,15:23:40,10589,10590,10589,1
2019-06-28,15:23:44,10589,10590,10589,2
2019-06-28,15:24:09,10589,10590,10589,2
2019-06-28,15:24:28,10588,10589,10589,1
2019-06-28,15:24:37,10589,10590,10589,1
2019-06-28,15:24:48,10589,10590,10589,1
2019-06-28,15:24:58,10589,10590,10589,5
2019-06-28,15:25:38,10589,10590,10589,6
2019-06-28,15:25:42,10588,10589,10589,6
2019-06-28,15:25:43,10588,10589,10589,1
2019-06-28,15:25:43,10588,10589,10589,1
2019-06-28,15:26:54,10588,10589,10588,1
2019-06-28,15:27:07,10588,10589,10588,6
2019-06-28,15:27:10,10588,10589,10588,1
2019-06-28,15:27:10,10588,10589,10588,1
2019-06-28,15:27:11,10588,10589,10588,1
2019-06-28,15:27:32,10588,10589,10588,5
2019-06-28,15:27:36,10588,10589,10588,3
2019-06-28,15:27:36,10588,10589,10588,12
2019-06-28,15:28:13,10587,10588,10588,1
2019-06-28,15:28:19,10587,10588,10588,4
2019-06-28,15:28:19,10587,10588,10588,2
2019-06-28,15:28:19,10587,10588,10588,1
2019-06-28,15:28:35,10587,10588,10588,1
2019-06-28,15:28:45,10587,10588,10587,1
2019-06-28,15:28:45,10587,10588,10587,5
2019-06-28,15:28:45,10587,10588,10587,1
2019-06-28,15:28:45,10587,10588,10587,1
2019-06-28,15:28:45,10587,10588,10587,2
2019-06-28,15:28:45,10587,10588,10587,1
2019-06-28,15:28:49,10587,10588,10587,5
2019-06-28,15:28:50,10587,10588,10587,1
2019-06-28,15:28:55,10587,10588,10587,1
2019-06-28,15:28:57,10587,10588,10587,1
2019-06-28,15:29:10,10587,10588,10588,1
2019-06-28,15:29:10,10587,10588,10587,1
2019-06-28,15:29:11,10587,10588,10587,1
2019-06-28,15:29:14,10587,10588,10588,1
2019-06-28,15:29:14,10587,10588,10587,1
2019-06-28,15:29:18,10587,10588,10588,2
2019-06-28,15:29:25,10587,10588,10587,1
2019-06-28,15:29:40,10587,10588,10587,2
2019-06-28,15:29:40,10587,10588,10587,2
2019-06-28,15:29:40,10587,10588,10587,2
2019-06-28,15:29:41,10587,10588,10587,2
2019-06-28,15:29:44,10587,10588,10588,2
2019-06-28,15:29:49,10587,10588,10588,2
2019-06-28,15:29:55,10587,10588,10587,3
2019-06-28,15:29:55,10587,10588,10587,4
2019-06-28,15:29:56,10586,10587,10587,4
2019-06-28,15:29:56,10586,10587,10587,4
2019-06-28,15:29:56,10586,10587,10587,4
2019-06-28,15:29:56,10586,10587,10587,4
2019-06-28,15:29:57,10586,10587,10587,4
2019-06-28,15:30:08,10586,10587,10587,1
2019-06-28,15:30:09,10587,10588,10588,1
2019-06-28,15:30:09,10587,10588,10588,1
2019-06-28,15:30:09,10587,10588,10588,1
2019-06-28,15:30:09,10587,10588,10588,1
2019-06-28,15:30:10,10587,10588,10588,2
2019-06-28,15:30:10,10587,10588,10587,1
2019-06-28,15:30:10,10587,10588,10587,3
2019-06-28,15:30:20,10587,10588,10587,1
2019-06-28,15:30:21,10587,10588,10587,1
2019-06-28,15:30:25,10587,10588,10587,2
2019-06-28,15:30:41,10587,10588,10587,1
2019-06-28,15:30:50,10587,10588,10587,1
2019-06-28,15:30:50,10587,10588,10587,3
2019-06-28,15:31:51,10586,10587,10586,1
2019-06-28,15:31:58,10586,10587,10586,1
2019-06-28,15:31:58,10586,10587,10586,1
2019-06-28,15:32:01,10586,10587,10586,4
2019-06-28,15:32:01,10586,10587,10587,1
2019-06-28,15:32:34,10586,10587,10587,1
2019-06-28,15:33:00,10586,10587,10587,1
2019-06-28,15:33:13,10586,10587,10586,1
2019-06-28,15:33:20,10586,10587,10586,1
2019-06-28,15:33:21,10586,10587,10586,1
2019-06-28,15:33:46,10586,10587,10586,1
2019-06-28,15:33:48,10586,10587,10586,1
2019-06-28,15:33:48,10586,10587,10586,5
2019-06-28,15:33:49,10586,10587,10586,4
2019-06-28,15:33:54,10586,10587,10586,1
2019-06-28,15:33:57,10586,10587,10586,2
2019-06-28,15:33:57,10586,10587,10586,2
2019-06-28,15:34:02,10586,10587,10586,1
2019-06-28,15:34:03,10586,10587,10586,2
2019-06-28,15:34:03,10586,10587,10586,2
2019-06-28,15:34:03,10585,10586,10585,1
2019-06-28,15:34:03,10585,10586,10585,5
2019-06-28,15:34:03,10585,10586,10585,1
2019-06-28,15:34:03,10585,10586,10585,1
2019-06-28,15:34:04,10585,10586,10585,1
2019-06-28,15:34:19,10585,10586,10586,4
2019-06-28,15:34:22,10585,10586,10586,1
2019-06-28,15:34:22,10585,10586,10586,1
2019-06-28,15:34:24,10586,10587,10585,1
2019-06-28,15:34:24,10586,10587,10586,1
2019-06-28,15:34:28,10586,10587,10586,1
2019-06-28,15:34:39,10585,10586,10586,1
2019-06-28,15:34:43,10585,10586,10586,1
2019-06-28,15:35:21,10585,10586,10586,17
2019-06-28,15:35:21,10585,10586,10586,1
2019-06-28,15:35:21,10585,10586,10586,2
2019-06-28,15:35:32,10586,10587,10586,1
2019-06-28,15:35:48,10586,10587,10586,7
2019-06-28,15:35:48,10585,10586,10586,2
2019-06-28,15:35:48,10585,10586,10586,1
2019-06-28,15:35:55,10586,10587,10586,1
2019-06-28,15:36:07,10586,10587,10586,2
2019-06-28,15:36:14,10586,10587,10586,1
2019-06-28,15:36:18,10586,10587,10586,2
2019-06-28,15:36:34,10586,10587,10586,2
2019-06-28,15:36:36,10586,10587,10586,1
2019-06-28,15:36:40,10586,10587,10586,1
2019-06-28,15:36:44,10586,10587,10586,1
2019-06-28,15:36:55,10586,10587,10586,1
2019-06-28,15:37:06,10585,10586,10586,1
2019-06-28,15:37:25,10585,10586,10586,1
2019-06-28,15:37:29,10585,10586,10585,1
2019-06-28,15:38:03,10585,10586,10585,1
2019-06-28,15:38:08,10585,10586,10586,2
2019-06-28,15:38:18,10585,10586,10586,1
2019-06-28,15:38:18,10585,10586,10586,6
2019-06-28,15:38:26,10585,10586,10586,1
2019-06-28,15:38:31,10585,10586,10586,4
2019-06-28,15:39:25,10586,10587,10586,11
2019-06-28,15:39:37,10585,10586,10586,2
2019-06-28,15:39:51,10585,10586,10586,1
2019-06-28,15:40:12,10585,10586,10586,1
2019-06-28,15:40:39,10585,10586,10586,3
2019-06-28,15:40:41,10585,10586,10586,1
2019-06-28,15:40:51,10585,10586,10586,1
2019-06-28,15:41:09,10585,10586,10586,5
2019-06-28,15:41:15,10585,10586,10586,1
2019-06-28,15:41:20,10585,10586,10586,1
2019-06-28,15:41:20,10585,10586,10586,1
2019-06-28,15:41:20,10585,10586,10587,1
2019-06-28,15:41:20,10585,10586,10587,3
2019-06-28,15:41:20,10585,10586,10587,1
2019-06-28,15:41:20,10585,10586,10587,1
2019-06-28,15:41:21,10585,10587,10587,6
2019-06-28,15:41:46,10586,10587,10587,1
2019-06-28,15:42:29,10586,10587,10587,1
2019-06-28,15:42:38,10586,10587,10586,1
2019-06-28,15:42:38,10586,10587,10586,2
2019-06-28,15:42:38,10586,10587,10586,1
2019-06-28,15:42:38,10586,10587,10586,5
2019-06-28,15:42:38,10586,10587,10586,2
2019-06-28,15:42:38,10586,10587,10586,1
2019-06-28,15:42:38,10586,10587,10586,1
2019-06-28,15:43:30,10585,10586,10586,1
2019-06-28,15:43:41,10585,10586,10585,2
2019-06-28,15:43:53,10585,10586,10586,1
2019-06-28,15:43:54,10585,10586,10585,1
2019-06-28,15:44:02,10585,10586,10585,1
2019-06-28,15:44:06,10585,10586,10585,1
2019-06-28,15:44:06,10585,10586,10585,1
2019-06-28,15:44:06,10585,10586,10585,2
2019-06-28,15:44:06,10585,10586,10585,1
2019-06-28,15:44:06,10585,10586,10585,3
2019-06-28,15:44:06,10585,10586,10585,9
2019-06-28,15:44:06,10585,10586,10585,7
2019-06-28,15:44:07,10584,10585,10584,2
2019-06-28,15:44:07,10584,10585,10583,1
2019-06-28,15:44:07,10584,10585,10584,2
2019-06-28,15:44:07,10584,10585,10583,1
2019-06-28,15:44:07,10583,10584,10583,2
2019-06-28,15:44:09,10583,10584,10584,2
2019-06-28,15:44:10,10583,10584,10583,1
2019-06-28,15:44:14,10583,10584,10583,2
2019-06-28,15:44:19,10583,10584,10583,1
2019-06-28,15:44:22,10583,10584,10583,1
2019-06-28,15:44:22,10583,10584,10583,1
2019-06-28,15:44:24,10583,10584,10583,1
2019-06-28,15:44:27,10583,10584,10583,1
2019-06-28,15:44:27,10583,10584,10583,1
2019-06-28,15:44:28,10583,10584,10583,1
2019-06-28,15:44:31,10583,10584,10583,1
2019-06-28,15:44:33,10583,10584,10583,1
2019-06-28,15:44:35,10583,10584,10583,1
2019-06-28,15:44:37,10583,10584,10583,1
2019-06-28,15:44:41,10583,10584,10584,1
2019-06-28,15:44:41,10583,10584,10584,4
2019-06-28,15:44:47,10584,10585,10584,1
2019-06-28,15:45:08,10584,10585,10584,1
2019-06-28,15:45:09,10584,10585,10584,1
2019-06-28,15:45:13,10584,10585,10584,1
2019-06-28,15:45:13,10584,10585,10584,1
2019-06-28,15:45:30,10584,10585,10584,2
2019-06-28,15:45:33,10584,10585,10585,1
2019-06-28,15:45:56,10584,10585,10585,7
2019-06-28,15:46:08,10585,10586,10586,2
2019-06-28,15:46:12,10585,10586,10586,1
2019-06-28,15:46:12,10585,10586,10586,3
2019-06-28,15:46:15,10585,10586,10585,1
2019-06-28,15:46:21,10585,10586,10586,4
2019-06-28,15:46:37,10585,10586,10586,2
2019-06-28,15:46:44,10586,10587,10586,4
2019-06-28,15:47:07,10585,10586,10586,1
2019-06-28,15:47:19,10585,10586,10586,1
2019-06-28,15:47:19,10585,10586,10586,2
2019-06-28,15:47:22,10586,10587,10586,1
2019-06-28,15:47:31,10586,10587,10586,2
2019-06-28,15:47:34,10586,10587,10586,1
2019-06-28,15:47:41,10585,10586,10586,1
2019-06-28,15:47:41,10585,10586,10586,1
2019-06-28,15:47:41,10585,10586,10587,4
2019-06-28,15:47:41,10585,10587,10587,4
2019-06-28,15:47:49,10586,10587,10586,1
2019-06-28,15:47:53,10586,10587,10587,1
2019-06-28,15:48:01,10586,10587,10586,2
2019-06-28,15:48:03,10586,10587,10587,1
2019-06-28,15:48:29,10586,10587,10586,1
2019-06-28,15:49:04,10586,10587,10586,1
2019-06-28,15:49:32,10586,10587,10586,5
2019-06-28,15:49:44,10586,10587,10586,2
2019-06-28,15:50:23,10586,10587,10586,1
2019-06-28,15:50:44,10586,10587,10586,1
2019-06-28,15:51:03,10586,10587,10587,3
2019-06-28,15:51:07,10586,10587,10586,1
2019-06-28,15:51:13,10586,10587,10587,1
2019-06-28,15:51:36,10586,10587,10587,19
2019-06-28,15:52:08,10587,10588,10588,2
2019-06-28,15:52:25,10587,10588,10588,12
2019-06-28,15:52:25,10587,10588,10588,4
2019-06-28,15:52:25,10587,10588,10588,2
2019-06-28,15:52:25,10587,10588,10588,1
2019-06-28,15:52:25,10587,10588,10588,2
2019-06-28,15:52:34,10587,10588,10588,1
2019-06-28,15:52:35,10587,10588,10588,1
2019-06-28,15:52:44,10588,10589,10589,1
2019-06-28,15:52:47,10588,10589,10589,1
2019-06-28,15:53:12,10588,10589,10589,2
2019-06-28,15:53:28,10588,10589,10589,1
2019-06-28,15:53:28,10588,10589,10588,1
2019-06-28,15:53:40,10588,10589,10588,5
2019-06-28,15:54:10,10587,10588,10588,1
2019-06-28,15:54:10,10587,10588,10588,1
2019-06-28,15:54:42,10587,10588,10587,2
2019-06-28,15:54:50,10587,10588,10588,1
2019-06-28,15:54:56,10587,10588,10588,1
2019-06-28,15:55:36,10587,10588,10587,16
2019-06-28,15:55:40,10587,10588,10587,2
2019-06-28,15:55:55,10586,10587,10587,1
2019-06-28,15:56:19,10587,10588,10587,1
2019-06-28,15:56:20,10587,10588,10587,1
2019-06-28,15:57:24,10586,10587,10587,1
2019-06-28,15:59:01,10586,10587,10587,3
2019-06-28,15:59:27,10586,10587,10587,1
2019-06-28,15:59:35,10586,10587,10587,2
2019-06-28,15:59:36,10586,10587,10587,6
2019-06-28,16:00:03,10587,10588,10588,1
2019-06-28,16:00:04,10587,10588,10588,2
2019-06-28,16:00:07,10587,10588,10588,1
2019-06-28,16:00:42,10587,10588,10588,6
2019-06-28,16:00:49,10587,10588,10587,6
2019-06-28,16:00:49,10587,10588,10587,1
2019-06-28,16:00:49,10587,10588,10588,2
2019-06-28,16:01:03,10587,10588,10588,1
2019-06-28,16:01:17,10587,10588,10587,1
2019-06-28,16:01:17,10586,10587,10586,14
2019-06-28,16:01:17,10586,10587,10586,1
2019-06-28,16:01:17,10586,10587,10586,3
2019-06-28,16:01:17,10586,10587,10586,2
2019-06-28,16:01:17,10586,10587,10586,2
2019-06-28,16:01:17,10586,10587,10586,1
2019-06-28,16:01:17,10586,10587,10586,2
2019-06-28,16:01:17,10586,10587,10586,13
2019-06-28,16:01:17,10586,10587,10586,4
2019-06-28,16:01:17,10586,10587,10586,2
2019-06-28,16:01:17,10586,10587,10586,1
2019-06-28,16:01:53,10585,10586,10586,1
2019-06-28,16:01:57,10585,10586,10585,1
2019-06-28,16:02:03,10585,10586,10585,6
2019-06-28,16:02:05,10585,10586,10585,1
2019-06-28,16:02:05,10585,10586,10585,3
2019-06-28,16:02:06,10585,10586,10585,2
2019-06-28,16:02:06,10585,10586,10585,1
2019-06-28,16:02:07,10585,10586,10585,8
2019-06-28,16:02:37,10584,10585,10584,7
2019-06-28,16:02:39,10584,10585,10584,1
2019-06-28,16:02:44,10584,10585,10584,1
2019-06-28,16:02:45,10584,10585,10584,3
2019-06-28,16:02:48,10583,10584,10584,2
2019-06-28,16:02:51,10583,10584,10583,2
2019-06-28,16:03:02,10583,10584,10584,4
2019-06-28,16:03:02,10583,10584,10583,1
2019-06-28,16:03:07,10583,10584,10583,25
2019-06-28,16:03:07,10583,10584,10583,1
2019-06-28,16:03:08,10582,10583,10583,1
2019-06-28,16:03:30,10583,10584,10583,2
2019-06-28,16:03:34,10583,10584,10583,2
2019-06-28,16:03:40,10583,10584,10583,2
2019-06-28,16:03:41,10583,10584,10583,7
2019-06-28,16:03:45,10582,10583,10582,1
2019-06-28,16:03:46,10582,10583,10582,2
2019-06-28,16:03:47,10582,10583,10582,1
2019-06-28,16:03:58,10582,10583,10582,1
2019-06-28,16:04:02,10582,10583,10582,10
2019-06-28,16:04:05,10582,10583,10582,4
2019-06-28,16:04:06,10582,10583,10582,2
2019-06-28,16:04:06,10581,10582,10582,1
2019-06-28,16:04:07,10581,10582,10582,1
2019-06-28,16:04:10,10581,10582,10581,2
2019-06-28,16:04:10,10581,10582,10581,1
2019-06-28,16:04:12,10581,10582,10581,2
2019-06-28,16:04:14,10581,10582,10581,1
2019-06-28,16:04:15,10581,10582,10581,1
2019-06-28,16:04:17,10581,10582,10582,1
2019-06-28,16:04:19,10582,10583,10582,2
2019-06-28,16:04:21,10582,10583,10582,2
2019-06-28,16:04:46,10582,10583,10583,6
2019-06-28,16:04:46,10583,10584,10584,1
2019-06-28,16:04:47,10583,10584,10583,2
2019-06-28,16:05:00,10583,10584,10583,1
2019-06-28,16:05:34,10583,10584,10583,2
2019-06-28,16:05:37,10583,10584,10583,1
2019-06-28,16:05:43,10583,10584,10583,3
2019-06-28,16:05:49,10583,10584,10583,2
2019-06-28,16:05:58,10583,10584,10583,1
2019-06-28,16:06:18,10583,10584,10583,1
2019-06-28,16:06:24,10583,10584,10583,1
2019-06-28,16:06:28,10583,10584,10583,1
2019-06-28,16:06:53,10583,10584,10584,1
2019-06-28,16:07:00,10583,10584,10584,1
2019-06-28,16:07:32,10583,10584,10584,4
2019-06-28,16:07:58,10583,10584,10584,1
2019-06-28,16:08:09,10583,10584,10584,17
2019-06-28,16:08:34,10584,10585,10585,1
2019-06-28,16:08:34,10584,10585,10585,1
2019-06-28,16:08:34,10584,10585,10585,2
2019-06-28,16:08:34,10584,10585,10585,2
2019-06-28,16:09:02,10585,10586,10585,5
2019-06-28,16:09:14,10584,10585,10585,1
2019-06-28,16:09:40,10584,10585,10585,3
2019-06-28,16:09:40,10584,10585,10585,1
2019-06-28,16:10:52,10585,10586,10585,4
2019-06-28,16:11:29,10584,10585,10585,2
2019-06-28,16:13:44,10585,10586,10585,22
2019-06-28,16:13:44,10585,10586,10585,1
2019-06-28,16:13:44,10585,10586,10585,1
2019-06-28,16:13:44,10585,10586,10585,2
2019-06-28,16:13:44,10585,10586,10585,3
2019-06-28,16:13:44,10585,10586,10585,1
2019-06-28,16:14:15,10585,10586,10586,1
2019-06-28,16:14:19,10585,10586,10586,1
2019-06-28,16:14:38,10585,10586,10586,1
2019-06-28,16:15:02,10585,10586,10585,1
2019-06-28,16:15:03,10585,10586,10586,3
2019-06-28,16:15:21,10585,10586,10586,8
2019-06-28,16:15:35,10586,10587,10587,1
2019-06-28,16:15:49,10586,10587,10587,3
2019-06-28,16:15:49,10586,10587,10587,1
2019-06-28,16:15:49,10586,10587,10587,12
2019-06-28,16:15:49,10586,10587,10588,1
2019-06-28,16:15:49,10586,10587,10588,1
2019-06-28,16:15:49,10586,10587,10588,1
2019-06-28,16:15:49,10586,10587,10588,1
2019-06-28,16:15:51,10587,10588,10587,1
2019-06-28,16:15:54,10587,10588,10587,1
2019-06-28,16:16:12,10587,10588,10587,2
2019-06-28,16:16:20,10587,10588,10587,1
2019-06-28,16:16:35,10587,10588,10588,6
2019-06-28,16:16:35,10587,10588,10588,1
2019-06-28,16:16:37,10587,10588,10588,1
2019-06-28,16:16:38,10587,10588,10588,2
2019-06-28,16:16:38,10587,10588,10588,5
2019-06-28,16:16:38,10587,10588,10588,5
2019-06-28,16:16:40,10587,10588,10588,1
2019-06-28,16:16:50,10588,10589,10589,1
2019-06-28,16:16:50,10588,10589,10589,3
2019-06-28,16:16:55,10588,10589,10589,5
2019-06-28,16:16:55,10588,10589,10589,5
2019-06-28,16:17:03,10588,10589,10589,4
2019-06-28,16:17:04,10588,10589,10589,1
2019-06-28,16:17:06,10588,10589,10589,1
2019-06-28,16:17:08,10588,10589,10588,1
2019-06-28,16:17:10,10588,10589,10588,1
2019-06-28,16:17:16,10588,10589,10589,1
2019-06-28,16:17:21,10588,10589,10589,1
2019-06-28,16:17:21,10588,10589,10589,1
2019-06-28,16:17:21,10588,10589,10589,1
2019-06-28,16:17:31,10588,10589,10589,5
2019-06-28,16:17:34,10588,10589,10589,1
2019-06-28,16:17:37,10588,10589,10589,6
2019-06-28,16:17:38,10589,10590,10590,1
2019-06-28,16:17:39,10589,10590,10590,1
2019-06-28,16:17:39,10589,10590,10590,1
2019-06-28,16:17:40,10589,10590,10589,1
2019-06-28,16:17:41,10589,10590,10590,3
2019-06-28,16:17:41,10589,10590,10590,3
2019-06-28,16:17:53,10589,10590,10590,1
2019-06-28,16:18:02,10589,10590,10590,53
2019-06-28,16:18:03,10590,10591,10591,3
2019-06-28,16:18:03,10590,10591,10591,1
2019-06-28,16:18:03,10590,10591,10591,1
2019-06-28,16:18:03,10590,10591,10591,3
2019-06-28,16:18:03,10590,10591,10591,4
2019-06-28,16:18:03,10590,10591,10591,1
2019-06-28,16:18:03,10590,10591,10591,1
2019-06-28,16:18:03,10590,10591,10591,12
2019-06-28,16:18:03,10590,10591,10591,4
2019-06-28,16:18:03,10590,10591,10591,5
2019-06-28,16:18:03,10590,10591,10591,6
2019-06-28,16:18:04,10590,10591,10591,2
2019-06-28,16:18:04,10590,10591,10591,2
2019-06-28,16:18:08,10590,10591,10591,2
2019-06-28,16:18:23,10591,10592,10592,3
2019-06-28,16:18:23,10591,10592,10592,1
2019-06-28,16:18:24,10591,10592,10592,3
2019-06-28,16:18:24,10591,10592,10592,1
2019-06-28,16:18:24,10591,10592,10592,2
2019-06-28,16:18:30,10591,10592,10592,2
2019-06-28,16:18:33,10591,10592,10591,1
2019-06-28,16:18:35,10591,10592,10591,10
2019-06-28,16:18:35,10591,10592,10591,6
2019-06-28,16:18:36,10590,10591,10591,2
2019-06-28,16:18:41,10590,10591,10591,1
2019-06-28,16:18:42,10590,10591,10590,1
2019-06-28,16:18:45,10590,10591,10590,1
2019-06-28,16:18:47,10590,10591,10591,1
2019-06-28,16:19:06,10590,10591,10591,1
2019-06-28,16:19:11,10590,10591,10591,1
2019-06-28,16:19:19,10590,10591,10591,1
2019-06-28,16:19:23,10590,10591,10590,1
2019-06-28,16:19:27,10590,10591,10590,1
2019-06-28,16:19:41,10590,10591,10590,1
2019-06-28,16:19:45,10590,10591,10590,1
2019-06-28,16:19:53,10590,10591,10590,1
2019-06-28,16:19:54,10590,10591,10590,1
2019-06-28,16:19:59,10590,10591,10590,1
2019-06-28,16:20:02,10590,10591,10591,10
2019-06-28,16:20:02,10590,10591,10591,2
2019-06-28,16:20:02,10590,10591,10591,12
2019-06-28,16:20:02,10590,10591,10591,8
2019-06-28,16:20:02,10590,10591,10591,4
2019-06-28,16:20:03,10590,10591,10591,2
2019-06-28,16:20:05,10590,10591,10590,1
2019-06-28,16:20:08,10590,10591,10591,2
2019-06-28,16:20:09,10590,10591,10591,2
2019-06-28,16:20:14,10590,10591,10591,1
2019-06-28,16:20:15,10590,10591,10591,2
2019-06-28,16:20:19,10590,10591,10591,1
2019-06-28,16:20:21,10590,10591,10591,2
2019-06-28,16:20:22,10590,10591,10591,1
2019-06-28,16:20:28,10590,10591,10591,1
2019-06-28,16:20:44,10590,10591,10591,2
2019-06-28,16:20:46,10590,10591,10591,3
2019-06-28,16:20:47,10590,10591,10591,1
2019-06-28,16:20:51,10590,10591,10591,1
2019-06-28,16:20:53,10590,10591,10590,9
2019-06-28,16:20:53,10590,10591,10590,3
2019-06-28,16:20:53,10590,10591,10590,2
2019-06-28,16:20:53,10590,10591,10590,4
2019-06-28,16:20:53,10590,10591,10590,1
2019-06-28,16:20:53,10590,10591,10590,4
2019-06-28,16:20:53,10590,10591,10590,4
2019-06-28,16:20:53,10590,10591,10590,16
2019-06-28,16:21:38,10589,10590,10590,1
2019-06-28,16:21:39,10589,10590,10590,1
2019-06-28,16:21:44,10589,10590,10590,1
2019-06-28,16:22:02,10589,10590,10589,1
2019-06-28,16:22:06,10589,10590,10589,1
2019-06-28,16:22:06,10589,10590,10589,1
2019-06-28,16:22:06,10589,10590,10589,1
2019-06-28,16:22:10,10589,10590,10589,4
2019-06-28,16:22:22,10589,10590,10589,1
2019-06-28,16:22:28,10589,10590,10589,1
2019-06-28,16:22:28,10589,10590,10589,3
2019-06-28,16:22:28,10589,10590,10589,3
2019-06-28,16:22:28,10589,10590,10589,2
2019-06-28,16:22:54,10588,10589,10589,1
2019-06-28,16:23:01,10588,10589,10589,2
2019-06-28,16:23:01,10588,10589,10589,2
2019-06-28,16:23:03,10588,10589,10589,2
2019-06-28,16:23:04,10588,10589,10589,2
2019-06-28,16:23:07,10588,10589,10589,1
2019-06-28,16:23:13,10588,10589,10589,2
2019-06-28,16:23:15,10588,10589,10589,1
2019-06-28,16:23:15,10588,10589,10589,1
2019-06-28,16:23:17,10588,10589,10589,2
2019-06-28,16:23:17,10588,10589,10589,2
2019-06-28,16:23:26,10589,10590,10589,11
2019-06-28,16:23:42,10589,10590,10589,2
2019-06-28,16:23:53,10589,10590,10589,1
2019-06-28,16:24:15,10589,10590,10589,1
2019-06-28,16:24:19,10589,10590,10589,1
2019-06-28,16:24:26,10589,10590,10590,1
2019-06-28,16:24:28,10589,10590,10589,1
2019-06-28,16:24:46,10589,10590,10589,4
2019-06-28,16:24:47,10588,10589,10589,1
2019-06-28,16:24:53,10589,10590,10589,1
2019-06-28,16:25:03,10589,10590,10589,1
2019-06-28,16:25:09,10589,10590,10589,1
2019-06-28,16:25:41,10589,10590,10590,3
2019-06-28,16:26:05,10589,10590,10590,2
2019-06-28,16:26:27,10589,10590,10589,1
2019-06-28,16:26:30,10589,10590,10589,1
2019-06-28,16:26:35,10589,10590,10590,8
2019-06-28,16:26:35,10589,10590,10590,2
2019-06-28,16:26:36,10589,10590,10590,7
2019-06-28,16:26:49,10589,10590,10590,1
2019-06-28,16:26:50,10589,10590,10590,1
2019-06-28,16:26:53,10589,10590,10590,1
2019-06-28,16:27:02,10589,10590,10590,1
2019-06-28,16:27:43,10589,10590,10590,1
2019-06-28,16:28:07,10589,10590,10590,2
2019-06-28,16:28:27,10589,10590,10590,1
2019-06-28,16:28:31,10589,10590,10590,1
2019-06-28,16:28:54,10589,10590,10589,1
2019-06-28,16:29:19,10589,10590,10589,1
2019-06-28,16:29:19,10589,10590,10589,1
2019-06-28,16:29:19,10589,10590,10589,8
2019-06-28,16:29:19,10589,10590,10589,1
2019-06-28,16:29:19,10589,10590,10589,5
2019-06-28,16:29:27,10588,10589,10589,1
2019-06-28,16:29:30,10588,10589,10588,1
2019-06-28,16:29:30,10588,10589,10589,3
2019-06-28,16:30:00,10589,10590,10590,10
2019-06-28,16:30:00,10589,10590,10590,1
2019-06-28,16:30:00,10589,10590,10591,1
2019-06-28,16:30:00,10589,10591,10591,1
2019-06-28,16:30:00,10589,10591,10591,1
2019-06-28,16:30:11,10589,10590,10590,1
2019-06-28,16:30:12,10589,10590,10590,1
2019-06-28,16:30:16,10589,10590,10589,1
2019-06-28,16:30:24,10589,10590,10589,2
2019-06-28,16:30:39,10589,10590,10590,5
2019-06-28,16:30:48,10590,10591,10590,1
2019-06-28,16:31:00,10590,10591,10590,2
2019-06-28,16:31:02,10590,10591,10590,1
2019-06-28,16:31:21,10590,10591,10591,13
2019-06-28,16:31:21,10590,10591,10591,4
2019-06-28,16:31:22,10591,10592,10591,1
2019-06-28,16:31:27,10591,10592,10591,1
2019-06-28,16:31:49,10591,10592,10591,1
2019-06-28,16:31:58,10591,10592,10591,1
2019-06-28,16:32:01,10591,10592,10591,2
2019-06-28,16:32:01,10591,10592,10591,2
2019-06-28,16:32:01,10591,10592,10591,2
2019-06-28,16:32:01,10591,10592,10591,2
2019-06-28,16:32:10,10590,10591,10591,2
2019-06-28,16:32:18,10590,10591,10591,1
2019-06-28,16:32:20,10590,10591,10591,1
2019-06-28,16:32:30,10590,10591,10591,1
2019-06-28,16:32:34,10590,10591,10591,1
2019-06-28,16:32:39,10590,10591,10591,1
2019-06-28,16:32:55,10590,10591,10591,7
2019-06-28,16:33:08,10591,10592,10591,1
2019-06-28,16:33:10,10591,10592,10591,1
2019-06-28,16:33:29,10590,10591,10591,1
2019-06-28,16:34:11,10590,10591,10590,1
2019-06-28,16:34:53,10590,10591,10590,1
2019-06-28,16:35:03,10590,10591,10590,1
2019-06-28,16:35:04,10590,10591,10591,1
2019-06-28,16:35:04,10590,10591,10591,9
2019-06-28,16:35:04,10590,10591,10592,6
2019-06-28,16:35:04,10591,10592,10591,1
2019-06-28,16:35:07,10590,10591,10591,1
2019-06-28,16:35:08,10591,10592,10591,1
2019-06-28,16:35:14,10590,10591,10591,2
2019-06-28,16:35:18,10590,10591,10591,1
2019-06-28,16:35:20,10590,10591,10591,1
2019-06-28,16:35:29,10590,10591,10591,2
2019-06-28,16:35:44,10590,10591,10590,1
2019-06-28,16:36:28,10590,10591,10591,1
2019-06-28,16:36:28,10590,10591,10591,2
2019-06-28,16:36:29,10590,10591,10591,2
2019-06-28,16:36:29,10590,10591,10591,4
2019-06-28,16:36:44,10590,10591,10591,1
2019-06-28,16:36:47,10590,10591,10591,2
2019-06-28,16:37:04,10590,10591,10590,1
2019-06-28,16:37:30,10590,10591,10590,2
2019-06-28,16:38:22,10590,10591,10590,2
2019-06-28,16:39:49,10590,10591,10591,1
2019-06-28,16:40:16,10590,10591,10591,5
2019-06-28,16:40:17,10590,10591,10591,1
2019-06-28,16:40:17,10590,10591,10591,1
2019-06-28,16:40:20,10590,10591,10591,1
2019-06-28,16:40:22,10590,10591,10591,2
2019-06-28,16:40:38,10590,10591,10590,2
2019-06-28,16:40:47,10590,10591,10590,3
2019-06-28,16:40:49,10590,10591,10590,1
2019-06-28,16:41:16,10590,10591,10590,1
2019-06-28,16:41:29,10590,10591,10590,3
2019-06-28,16:41:39,10590,10591,10590,1
2019-06-28,16:42:03,10590,10591,10590,1
2019-06-28,16:42:03,10590,10591,10591,1
2019-06-28,16:42:17,10590,10591,10591,2
2019-06-28,16:42:17,10590,10591,10591,3
2019-06-28,16:42:17,10590,10591,10591,2
2019-06-28,16:42:17,10590,10591,10591,3
2019-06-28,16:42:44,10591,10592,10591,1
2019-06-28,16:43:02,10591,10592,10591,1
2019-06-28,16:43:04,10591,10592,10592,50
2019-06-28,16:43:04,10591,10592,10592,4
2019-06-28,16:43:04,10591,10592,10592,2
2019-06-28,16:43:04,10591,10592,10592,2
2019-06-28,16:43:08,10591,10593,10591,1
2019-06-28,16:43:13,10591,10592,10592,1
2019-06-28,16:43:15,10591,10592,10592,1
2019-06-28,16:43:29,10591,10592,10591,1
2019-06-28,16:43:32,10591,10592,10592,3
2019-06-28,16:43:32,10591,10592,10593,2
2019-06-28,16:43:32,10591,10593,10593,1
2019-06-28,16:43:33,10591,10593,10593,1
2019-06-28,16:43:33,10591,10593,10593,1
2019-06-28,16:43:33,10591,10593,10593,1
2019-06-28,16:43:36,10591,10592,10592,2
2019-06-28,16:43:43,10591,10592,10592,2
2019-06-28,16:43:44,10591,10592,10591,50
2019-06-28,16:43:44,10591,10592,10591,13
2019-06-28,16:43:44,10591,10592,10591,1
2019-06-28,16:43:56,10591,10592,10591,1
2019-06-28,16:43:58,10591,10592,10591,1
2019-06-28,16:44:33,10591,10592,10591,1
2019-06-28,16:44:41,10591,10592,10592,1
2019-06-28,16:44:46,10591,10592,10591,1
2019-06-28,16:44:50,10591,10592,10592,5
2019-06-28,16:44:51,10591,10592,10592,5
2019-06-28,16:44:52,10591,10592,10592,5
2019-06-28,16:44:53,10591,10592,10592,1
2019-06-28,16:44:53,10591,10593,10592,2
2019-06-28,16:44:53,10591,10593,10593,2
2019-06-28,16:44:54,10591,10592,10592,1
2019-06-28,16:44:54,10591,10593,10593,4
2019-06-28,16:44:56,10592,10593,10592,2
2019-06-28,16:44:56,10592,10593,10592,3
2019-06-28,16:45:26,10591,10592,10592,7
2019-06-28,16:45:34,10591,10592,10592,1
2019-06-28,16:45:34,10591,10592,10592,1
2019-06-28,16:45:41,10591,10592,10592,2
2019-06-28,16:45:41,10591,10592,10592,1
2019-06-28,16:45:43,10591,10592,10592,1
2019-06-28,16:45:45,10591,10592,10592,1
2019-06-28,16:45:50,10591,10592,10592,1
2019-06-28,16:46:44,10591,10592,10591,1
2019-06-28,16:47:05,10591,10592,10591,9
2019-06-28,16:47:06,10591,10592,10591,21
2019-06-28,16:47:20,10590,10591,10590,2
2019-06-28,16:47:22,10590,10591,10591,2
2019-06-28,16:47:22,10590,10591,10591,7
2019-06-28,16:47:25,10590,10591,10591,1
2019-06-28,16:47:36,10590,10591,10591,1
2019-06-28,16:48:15,10590,10591,10590,1
2019-06-28,16:48:16,10590,10591,10590,5
2019-06-28,16:48:16,10590,10591,10590,8
2019-06-28,16:48:16,10590,10591,10590,4
2019-06-28,16:48:16,10590,10591,10590,4
2019-06-28,16:48:16,10590,10591,10590,1
2019-06-28,16:48:16,10590,10591,10590,2
2019-06-28,16:48:16,10590,10591,10590,1
2019-06-28,16:48:16,10590,10591,10590,1
2019-06-28,16:48:25,10589,10590,10590,1
2019-06-28,16:48:35,10589,10590,10589,1
2019-06-28,16:48:40,10589,10590,10589,1
2019-06-28,16:48:43,10589,10590,10589,1
2019-06-28,16:49:01,10589,10590,10589,1
2019-06-28,16:49:27,10589,10590,10589,7
2019-06-28,16:49:30,10588,10589,10589,1
2019-06-28,16:49:31,10588,10589,10589,1
2019-06-28,16:49:50,10588,10589,10589,9
2019-06-28,16:49:50,10589,10590,10589,8
2019-06-28,16:50:00,10589,10590,10589,1
2019-06-28,16:50:02,10589,10590,10589,1
2019-06-28,16:50:02,10588,10589,10589,1
2019-06-28,16:50:05,10589,10590,10590,15
2019-06-28,16:50:05,10589,10590,10590,1
2019-06-28,16:50:38,10589,10590,10589,1
2019-06-28,16:50:44,10588,10589,10589,1
2019-06-28,16:50:47,10588,10589,10589,1
2019-06-28,16:50:48,10588,10589,10589,1
2019-06-28,16:50:56,10589,10590,10589,1
2019-06-28,16:51:08,10589,10590,10589,2
2019-06-28,16:51:30,10589,10590,10590,13
2019-06-28,16:51:45,10590,10591,10590,1
2019-06-28,16:52:01,10590,10591,10590,5
2019-06-28,16:52:01,10590,10591,10590,2
2019-06-28,16:52:06,10590,10591,10591,4
2019-06-28,16:52:06,10590,10591,10591,5
2019-06-28,16:52:17,10590,10591,10591,5
2019-06-28,16:52:17,10590,10591,10591,1
2019-06-28,16:52:20,10590,10591,10590,1
2019-06-28,16:52:27,10590,10591,10590,2
2019-06-28,16:52:28,10589,10590,10589,1
2019-06-28,16:52:47,10589,10590,10590,1
2019-06-28,16:53:18,10589,10590,10590,1
2019-06-28,16:53:38,10589,10590,10590,1
2019-06-28,16:53:52,10589,10590,10590,6
2019-06-28,16:53:53,10590,10591,10590,2
2019-06-28,16:53:57,10590,10591,10590,1
2019-06-28,16:54:15,10590,10591,10590,1
2019-06-28,16:54:25,10590,10591,10590,1
2019-06-28,16:54:25,10590,10591,10590,1
2019-06-28,16:54:25,10590,10591,10590,1
2019-06-28,16:54:25,10590,10591,10590,6
2019-06-28,16:54:28,10589,10590,10590,2
2019-06-28,16:54:57,10589,10590,10589,2
2019-06-28,16:54:57,10589,10590,10589,1
2019-06-28,16:54:57,10589,10590,10589,2
2019-06-28,16:54:57,10589,10590,10589,2
2019-06-28,16:54:58,10589,10590,10589,2
2019-06-28,16:54:58,10589,10590,10589,2
2019-06-28,16:55:04,10589,10590,10590,4
2019-06-28,16:55:04,10589,10590,10591,2
2019-06-28,16:56:19,10589,10590,10590,1
2019-06-28,16:56:40,10589,10590,10590,1
2019-06-28,16:56:44,10589,10590,10589,1
2019-06-28,16:56:57,10589,10590,10589,3
2019-06-28,16:56:57,10589,10590,10589,5
2019-06-28,16:57:49,10588,10589,10588,1
2019-06-28,16:58:08,10588,10589,10588,1
2019-06-28,16:58:08,10588,10589,10588,1
2019-06-28,16:58:12,10588,10589,10588,2
2019-06-28,16:58:41,10588,10589,10588,3
2019-06-28,16:58:44,10588,10589,10588,1
2019-06-28,16:59:12,10587,10588,10588,1
2019-06-28,16:59:16,10587,10588,10588,1
2019-06-28,16:59:22,10587,10588,10588,5
2019-06-28,16:59:35,10588,10589,10589,2
2019-06-28,16:59:35,10588,10589,10589,1
2019-06-28,16:59:35,10588,10589,10590,6
2019-06-28,16:59:36,10589,10590,10590,1
2019-06-28,16:59:58,10589,10590,10590,2
2019-06-28,16:59:58,10589,10590,10590,2
2019-06-28,17:00:00,10589,10590,10590,1
2019-06-28,17:00:00,10589,10590,10590,2
2019-06-28,17:00:00,10589,10590,10590,2
2019-06-28,17:00:00,10589,10590,10591,1
2019-06-28,17:00:01,10589,10591,10591,3
2019-06-28,17:00:01,10589,10591,10591,2
2019-06-28,17:00:01,10589,10591,10591,1
2019-06-28,17:00:02,10589,10591,10591,1
2019-06-28,17:00:02,10589,10591,10591,2
2019-06-28,17:00:02,10589,10591,10591,2
2019-06-28,17:00:03,10589,10591,10591,3
2019-06-28,17:00:03,10589,10591,10591,1
2019-06-28,17:00:38,10590,10591,10590,1
2019-06-28,17:00:39,10590,10591,10590,1
2019-06-28,17:01:04,10589,10590,10590,1
2019-06-28,17:01:48,10589,10590,10589,1
2019-06-28,17:02:53,10588,10589,10589,1
2019-06-28,17:02:53,10588,10589,10588,1
2019-06-28,17:03:44,10588,10589,10588,1
2019-06-28,17:03:51,10588,10589,10588,1
2019-06-28,17:03:58,10588,10589,10588,1
2019-06-28,17:04:20,10588,10589,10588,2
2019-06-28,17:04:24,10588,10589,10588,5
2019-06-28,17:04:27,10588,10589,10588,2
2019-06-28,17:05:16,10588,10589,10588,1
2019-06-28,17:05:37,10588,10589,10587,46
2019-06-28,17:05:37,10588,10589,10588,4
2019-06-28,17:05:37,10587,10588,10587,5
2019-06-28,17:05:39,10586,10587,10586,1
2019-06-28,17:05:47,10586,10587,10586,3
2019-06-28,17:05:47,10586,10587,10586,5
2019-06-28,17:05:47,10586,10587,10586,4
2019-06-28,17:05:47,10586,10587,10586,1
2019-06-28,17:05:47,10586,10587,10586,1
2019-06-28,17:05:47,10586,10587,10586,1
2019-06-28,17:05:47,10586,10587,10586,4
2019-06-28,17:05:47,10586,10587,10586,1
2019-06-28,17:05:47,10586,10587,10586,1
2019-06-28,17:05:47,10586,10587,10586,1
2019-06-28,17:05:47,10586,10587,10586,2
2019-06-28,17:05:47,10585,10586,10585,5
2019-06-28,17:05:47,10585,10586,10585,2
2019-06-28,17:05:47,10585,10586,10585,1
2019-06-28,17:05:47,10585,10586,10586,5
2019-06-28,17:05:48,10585,10586,10585,1
2019-06-28,17:05:54,10585,10586,10585,1
2019-06-28,17:05:57,10585,10586,10585,1
2019-06-28,17:06:01,10585,10586,10585,3
2019-06-28,17:06:01,10585,10586,10585,4
2019-06-28,17:06:02,10585,10586,10585,3
2019-06-28,17:06:03,10585,10586,10585,2
2019-06-28,17:06:03,10585,10586,10585,1
2019-06-28,17:06:05,10584,10585,10585,1
2019-06-28,17:06:10,10584,10585,10585,1
2019-06-28,17:06:10,10584,10585,10585,5
2019-06-28,17:06:21,10585,10586,10585,1
2019-06-28,17:06:21,10585,10586,10585,1
2019-06-28,17:06:30,10585,10586,10585,1
2019-06-28,17:06:52,10585,10586,10585,1
2019-06-28,17:06:55,10585,10586,10585,2
2019-06-28,17:06:59,10585,10586,10586,5
2019-06-28,17:06:59,10586,10587,10587,3
2019-06-28,17:07:01,10586,10587,10586,1
2019-06-28,17:07:09,10586,10587,10586,1
2019-06-28,17:07:11,10586,10587,10586,1
2019-06-28,17:07:12,10586,10587,10586,1
2019-06-28,17:07:28,10586,10587,10587,1
2019-06-28,17:07:40,10586,10587,10586,1
2019-06-28,17:07:41,10586,10587,10586,1
2019-06-28,17:08:04,10586,10587,10587,5
2019-06-28,17:08:46,10587,10588,10588,1
2019-06-28,17:08:46,10587,10588,10588,1
2019-06-28,17:08:46,10587,10588,10588,5
2019-06-28,17:08:59,10588,10589,10588,1
2019-06-28,17:09:01,10588,10589,10588,1
2019-06-28,17:09:17,10587,10588,10588,1
2019-06-28,17:09:52,10587,10588,10588,1
2019-06-28,17:09:54,10588,10589,10588,1
2019-06-28,17:10:22,10588,10589,10588,1
2019-06-28,17:10:45,10588,10589,10588,1
2019-06-28,17:11:35,10588,10589,10588,1
2019-06-28,17:11:51,10588,10589,10588,1
2019-06-28,17:12:15,10587,10588,10588,1
2019-06-28,17:12:16,10587,10588,10588,7
2019-06-28,17:12:16,10587,10588,10589,7
2019-06-28,17:12:16,10587,10588,10589,3
2019-06-28,17:12:16,10587,10588,10589,3
2019-06-28,17:12:16,10587,10588,10589,2
2019-06-28,17:12:16,10587,10588,10589,5
2019-06-28,17:12:16,10587,10588,10589,9
2019-06-28,17:12:16,10587,10588,10589,5
2019-06-28,17:12:16,10588,10589,10589,3
2019-06-28,17:12:16,10588,10589,10589,3
2019-06-28,17:12:16,10588,10589,10590,9
2019-06-28,17:12:16,10588,10589,10590,7
2019-06-28,17:12:16,10588,10589,10590,3
2019-06-28,17:12:16,10588,10589,10590,4
2019-06-28,17:12:16,10588,10589,10590,9
2019-06-28,17:12:16,10588,10589,10590,3
2019-06-28,17:12:16,10588,10589,10591,3
2019-06-28,17:12:16,10588,10589,10591,3
2019-06-28,17:12:16,10588,10589,10591,3
2019-06-28,17:12:16,10590,10591,10590,3
2019-06-28,17:12:16,10590,10591,10590,1
2019-06-28,17:12:16,10590,10591,10590,1
2019-06-28,17:12:16,10590,10591,10590,1
2019-06-28,17:12:16,10590,10591,10590,2
2019-06-28,17:12:16,10590,10591,10590,4
2019-06-28,17:12:16,10590,10591,10591,1
2019-06-28,17:12:17,10589,10590,10590,2
2019-06-28,17:12:17,10589,10590,10590,3
2019-06-28,17:12:17,10589,10590,10590,2
2019-06-28,17:12:17,10589,10590,10591,4
2019-06-28,17:12:17,10589,10590,10591,3
2019-06-28,17:12:17,10589,10590,10590,1
2019-06-28,17:12:53,10589,10590,10590,1
2019-06-28,17:13:10,10589,10590,10590,2
2019-06-28,17:13:10,10589,10590,10590,4
2019-06-28,17:13:13,10589,10590,10590,1
2019-06-28,17:13:42,10590,10591,10590,1
2019-06-28,17:13:59,10590,10591,10591,2
2019-06-28,17:14:00,10590,10592,10590,1
2019-06-28,17:14:01,10590,10591,10590,1
2019-06-28,17:14:15,10590,10591,10591,2
2019-06-28,17:14:17,10591,10592,10592,1
2019-06-28,17:14:23,10591,10592,10591,1
2019-06-28,17:14:29,10591,10592,10591,1
2019-06-28,17:14:36,10591,10592,10591,1
2019-06-28,17:14:51,10591,10592,10591,1
2019-06-28,17:14:55,10591,10592,10591,1
2019-06-28,17:14:57,10591,10592,10591,2
2019-06-28,17:14:57,10591,10592,10591,1
2019-06-28,17:15:02,10591,10592,10591,1
2019-06-28,17:15:02,10591,10592,10592,1
2019-06-28,17:15:05,10591,10592,10592,1
2019-06-28,17:15:15,10591,10592,10592,10
2019-06-28,17:15:15,10591,10592,10592,2
2019-06-28,17:15:15,10591,10592,10592,14
2019-06-28,17:15:15,10591,10592,10592,2
2019-06-28,17:15:15,10591,10592,10592,1
2019-06-28,17:15:15,10591,10592,10592,3
2019-06-28,17:15:15,10591,10592,10592,1
2019-06-28,17:15:15,10591,10592,10592,3
2019-06-28,17:15:16,10592,10593,10592,1
2019-06-28,17:15:16,10592,10593,10592,1
2019-06-28,17:15:20,10592,10593,10592,1
2019-06-28,17:15:24,10592,10593,10592,1
2019-06-28,17:15:25,10592,10593,10592,1
2019-06-28,17:15:27,10592,10593,10593,1
2019-06-28,17:15:28,10592,10593,10593,3
2019-06-28,17:15:28,10592,10593,10593,1
2019-06-28,17:15:29,10592,10593,10592,1
2019-06-28,17:15:34,10592,10593,10592,1
2019-06-28,17:15:35,10592,10593,10593,2
2019-06-28,17:15:35,10592,10593,10592,1
2019-06-28,17:15:38,10592,10593,10593,1
2019-06-28,17:15:46,10592,10593,10593,1
2019-06-28,17:15:48,10592,10593,10592,1
2019-06-28,17:15:52,10592,10593,10592,1
2019-06-28,17:15:57,10592,10593,10592,1
2019-06-28,17:15:57,10592,10593,10592,1
2019-06-28,17:16:00,10591,10592,10592,1
2019-06-28,17:16:28,10591,10592,10592,1
2019-06-28,17:16:28,10591,10592,10592,2
2019-06-28,17:16:28,10591,10592,10592,2
2019-06-28,17:16:28,10591,10592,10592,1
2019-06-28,17:16:28,10591,10592,10592,1
2019-06-28,17:16:35,10591,10592,10591,1
2019-06-28,17:16:45,10591,10592,10592,1
2019-06-28,17:16:52,10591,10592,10591,1
2019-06-28,17:17:13,10591,10592,10592,1
2019-06-28,17:17:37,10591,10592,10592,2
2019-06-28,17:17:48,10591,10592,10592,2
2019-06-28,17:17:48,10591,10592,10592,5
2019-06-28,17:17:48,10591,10592,10592,3
2019-06-28,17:17:50,10592,10593,10592,2
2019-06-28,17:17:52,10591,10592,10592,3
2019-06-28,17:17:55,10592,10593,10592,2
2019-06-28,17:18:02,10591,10592,10592,4
2019-06-28,17:18:04,10591,10592,10592,1
2019-06-28,17:18:08,10592,10593,10592,1
2019-06-28,17:18:17,10591,10592,10592,2
2019-06-28,17:18:19,10591,10592,10592,2
2019-06-28,17:18:25,10591,10592,10591,1
2019-06-28,17:18:36,10591,10592,10592,5
2019-06-28,17:18:44,10591,10592,10592,1
2019-06-28,17:19:15,10591,10592,10592,2
2019-06-28,17:19:42,10591,10592,10592,2
2019-06-28,17:19:45,10591,10592,10592,2
2019-06-28,17:19:46,10591,10592,10592,2
2019-06-28,17:19:46,10591,10592,10592,9
2019-06-28,17:19:47,10591,10592,10592,2
2019-06-28,17:19:49,10591,10592,10592,2
2019-06-28,17:19:50,10591,10592,10592,4
2019-06-28,17:19:51,10591,10592,10592,2
2019-06-28,17:19:54,10592,10593,10592,3
2019-06-28,17:20:01,10592,10593,10592,3
2019-06-28,17:20:02,10591,10592,10592,1
2019-06-28,17:20:02,10591,10592,10592,1
2019-06-28,17:20:04,10591,10592,10592,2
2019-06-28,17:20:06,10591,10592,10592,2
2019-06-28,17:20:12,10591,10592,10592,2
2019-06-28,17:20:33,10591,10592,10591,1
2019-06-28,17:20:50,10591,10592,10592,4
2019-06-28,17:20:50,10591,10592,10591,2
2019-06-28,17:20:50,10591,10592,10592,3
2019-06-28,17:20:52,10591,10592,10592,2
2019-06-28,17:20:55,10591,10592,10592,2
2019-06-28,17:21:27,10591,10592,10591,17
2019-06-28,17:21:32,10590,10591,10590,1
2019-06-28,17:21:45,10590,10591,10590,2
2019-06-28,17:21:58,10590,10591,10591,1
2019-06-28,17:22:05,10590,10592,10590,1
2019-06-28,17:22:29,10590,10591,10590,1
2019-06-28,17:22:36,10590,10591,10591,4
2019-06-28,17:23:23,10591,10592,10592,2
2019-06-28,17:23:30,10591,10592,10592,1
2019-06-28,17:23:50,10592,10593,10592,1
2019-06-28,17:23:53,10592,10593,10592,2
2019-06-28,17:23:55,10592,10593,10592,1
2019-06-28,17:24:07,10592,10593,10592,1
2019-06-28,17:24:14,10592,10593,10592,1
2019-06-28,17:24:15,10592,10593,10592,1
2019-06-28,17:24:16,10592,10593,10592,1
2019-06-28,17:24:17,10592,10593,10592,1
2019-06-28,17:24:22,10592,10593,10592,1
2019-06-28,17:24:22,10592,10593,10592,3
2019-06-28,17:24:22,10592,10593,10592,3
2019-06-28,17:24:25,10591,10592,10592,2
2019-06-28,17:24:27,10591,10592,10592,1
2019-06-28,17:24:33,10592,10593,10592,1
2019-06-28,17:25:01,10591,10592,10592,2
2019-06-28,17:25:27,10591,10592,10592,1
2019-06-28,17:25:27,10591,10592,10592,2
2019-06-28,17:25:27,10591,10592,10592,1
2019-06-28,17:25:27,10592,10593,10593,4
2019-06-28,17:25:27,10592,10593,10593,1
2019-06-28,17:25:41,10592,10593,10593,1
2019-06-28,17:25:42,10592,10593,10593,1
2019-06-28,17:25:44,10592,10593,10592,4
2019-06-28,17:25:48,10592,10593,10592,1
2019-06-28,17:25:50,10591,10592,10592,1
2019-06-28,17:25:50,10591,10592,10592,3
2019-06-28,17:25:50,10592,10593,10592,6
2019-06-28,17:25:51,10591,10592,10592,1
2019-06-28,17:26:35,10591,10592,10592,1
2019-06-28,17:26:53,10591,10592,10592,5
2019-06-28,17:26:55,10591,10592,10592,3
2019-06-28,17:27:07,10591,10592,10592,5
2019-06-28,17:27:17,10592,10593,10593,1
2019-06-28,17:27:21,10592,10593,10592,1
2019-06-28,17:27:22,10592,10593,10592,1
2019-06-28,17:27:22,10591,10592,10591,1
2019-06-28,17:27:22,10591,10592,10591,2
2019-06-28,17:27:22,10591,10592,10591,1
2019-06-28,17:27:36,10591,10592,10592,5
2019-06-28,17:27:37,10591,10592,10592,1
2019-06-28,17:27:38,10592,10593,10592,3
2019-06-28,17:27:43,10591,10592,10592,5
2019-06-28,17:28:04,10591,10592,10592,5
2019-06-28,17:28:08,10591,10592,10592,1
2019-06-28,17:28:08,10592,10593,10592,1
2019-06-28,17:28:12,10592,10593,10592,1
2019-06-28,17:28:39,10592,10593,10592,1
2019-06-28,17:29:17,10592,10593,10592,1
2019-06-28,17:29:18,10592,10593,10592,1
2019-06-28,17:29:32,10592,10593,10592,1
2019-06-28,17:29:41,10592,10593,10592,1
2019-06-28,17:29:42,10592,10593,10592,1
2019-06-28,17:30:01,10591,10592,10592,5
2019-06-28,17:30:01,10591,10592,10592,1
2019-06-28,17:30:01,10591,10592,10592,1
2019-06-28,17:30:06,10591,10592,10592,1
2019-06-28,17:30:38,10591,10592,10592,1
2019-06-28,17:30:46,10591,10592,10591,1
2019-06-28,17:30:50,10591,10592,10591,2
2019-06-28,17:31:21,10591,10592,10591,3
2019-06-28,17:31:21,10591,10592,10591,3
2019-06-28,17:31:22,10590,10591,10591,1
2019-06-28,17:31:33,10591,10592,10592,1
2019-06-28,17:31:34,10591,10592,10591,1
2019-06-28,17:31:38,10591,10592,10591,2
2019-06-28,17:31:52,10591,10592,10591,1
2019-06-28,17:31:54,10591,10592,10591,2
2019-06-28,17:32:13,10590,10591,10591,1
2019-06-28,17:32:38,10590,10591,10590,1
2019-06-28,17:32:41,10590,10591,10590,2
2019-06-28,17:32:49,10590,10591,10590,2
2019-06-28,17:32:52,10590,10591,10590,1
2019-06-28,17:33:00,10590,10591,10590,1
2019-06-28,17:33:08,10590,10591,10590,4
2019-06-28,17:33:08,10590,10591,10590,3
2019-06-28,17:33:09,10590,10591,10590,1
2019-06-28,17:33:10,10590,10591,10590,1
2019-06-28,17:33:13,10590,10591,10590,5
2019-06-28,17:33:16,10590,10591,10590,2
2019-06-28,17:33:18,10590,10591,10590,1
2019-06-28,17:33:34,10590,10591,10590,1
2019-06-28,17:33:42,10590,10591,10590,1
2019-06-28,17:34:01,10590,10591,10590,4
2019-06-28,17:34:01,10590,10591,10590,3
2019-06-28,17:34:05,10590,10591,10590,3
2019-06-28,17:34:05,10589,10591,10589,2
2019-06-28,17:34:05,10589,10591,10589,1
2019-06-28,17:34:14,10589,10590,10590,1
2019-06-28,17:34:14,10589,10590,10590,1
2019-06-28,17:34:14,10589,10590,10590,1
2019-06-28,17:34:14,10589,10590,10590,1
2019-06-28,17:34:14,10589,10590,10590,1
2019-06-28,17:34:16,10589,10590,10590,1
2019-06-28,17:34:16,10589,10590,10590,1
2019-06-28,17:34:57,10589,10590,10590,1
2019-06-28,17:35:30,10589,10590,10590,1
2019-06-28,17:35:44,10589,10590,10590,1
2019-06-28,17:36:12,10589,10590,10590,2
2019-06-28,17:36:12,10589,10590,10591,2
2019-06-28,17:36:12,10590,10591,10591,1
2019-06-28,17:36:12,10590,10591,10591,1
2019-06-28,17:36:12,10590,10591,10591,1
2019-06-28,17:36:23,10590,10591,10590,1
2019-06-28,17:36:23,10590,10591,10590,1
2019-06-28,17:36:23,10590,10591,10590,1
2019-06-28,17:36:29,10589,10590,10590,1
2019-06-28,17:36:54,10590,10591,10590,2
2019-06-28,17:37:01,10590,10591,10590,1
2019-06-28,17:37:02,10590,10591,10590,6
2019-06-28,17:37:03,10589,10590,10590,1
2019-06-28,17:37:07,10590,10591,10590,2
2019-06-28,17:37:14,10590,10591,10591,1
2019-06-28,17:37:43,10589,10590,10590,2
2019-06-28,17:37:43,10589,10590,10591,2
2019-06-28,17:38:48,10590,10591,10591,3
2019-06-28,17:38:52,10590,10591,10590,4
2019-06-28,17:38:52,10590,10591,10590,2
2019-06-28,17:38:52,10590,10591,10590,1
2019-06-28,17:38:52,10590,10591,10590,2
2019-06-28,17:38:52,10590,10591,10590,2
2019-06-28,17:38:52,10590,10591,10590,1
2019-06-28,17:39:09,10590,10591,10591,1
2019-06-28,17:41:08,10590,10591,10590,1
2019-06-28,17:41:08,10590,10591,10590,1
2019-06-28,17:41:08,10590,10591,10590,1
2019-06-28,17:41:09,10589,10590,10590,1
2019-06-28,17:41:09,10589,10590,10590,2
2019-06-28,17:41:09,10589,10590,10590,2
2019-06-28,17:41:10,10589,10590,10590,2
2019-06-28,17:41:10,10589,10590,10590,2
2019-06-28,17:41:49,10590,10591,10590,10
2019-06-28,17:41:52,10590,10591,10590,1
2019-06-28,17:42:15,10590,10591,10590,3
2019-06-28,17:42:16,10590,10591,10591,1
2019-06-28,17:42:16,10590,10591,10591,1
2019-06-28,17:43:03,10590,10591,10591,1
2019-06-28,17:43:29,10590,10591,10591,2
2019-06-28,17:43:30,10590,10591,10591,1
2019-06-28,17:44:00,10591,10592,10592,1
2019-06-28,17:44:00,10591,10592,10592,1
2019-06-28,17:44:31,10591,10592,10592,1
2019-06-28,17:44:42,10591,10592,10592,1
2019-06-28,17:45:11,10591,10592,10592,1
2019-06-28,17:45:12,10591,10592,10592,1
2019-06-28,17:45:12,10591,10592,10592,1
2019-06-28,17:45:43,10591,10592,10591,1
2019-06-28,17:45:43,10591,10592,10591,2
2019-06-28,17:45:43,10591,10592,10591,2
2019-06-28,17:45:43,10591,10592,10591,1
2019-06-28,17:45:43,10591,10592,10591,2
2019-06-28,17:45:43,10591,10592,10591,1
2019-06-28,17:45:44,10590,10591,10590,4
2019-06-28,17:46:01,10590,10592,10591,1
2019-06-28,17:46:23,10591,10592,10591,1
2019-06-28,17:46:31,10591,10592,10591,1
2019-06-28,17:46:36,10590,10591,10591,1
2019-06-28,17:47:02,10590,10591,10590,1
2019-06-28,17:47:53,10590,10591,10590,7
2019-06-28,17:48:22,10590,10591,10590,1
2019-06-28,17:48:55,10590,10591,10590,1
2019-06-28,17:49:04,10590,10591,10590,2
2019-06-28,17:49:17,10590,10591,10590,1
2019-06-28,17:49:23,10590,10591,10590,2
2019-06-28,17:50:11,10590,10591,10590,1
2019-06-28,17:50:17,10590,10591,10591,2
2019-06-28,17:50:17,10590,10591,10591,4
2019-06-28,17:50:18,10591,10592,10591,1
2019-06-28,17:50:24,10591,10592,10591,1
2019-06-28,17:50:29,10591,10592,10592,11
2019-06-28,17:50:29,10591,10592,10592,19
2019-06-28,17:50:29,10591,10592,10592,11
2019-06-28,17:50:29,10591,10592,10592,1
2019-06-28,17:50:29,10591,10592,10592,2
2019-06-28,17:50:29,10591,10592,10592,1
2019-06-28,17:50:30,10591,10592,10592,4
2019-06-28,17:50:34,10592,10593,10592,1
2019-06-28,17:50:35,10592,10593,10592,1
2019-06-28,17:50:35,10592,10593,10592,1
2019-06-28,17:50:42,10591,10592,10592,1
2019-06-28,17:50:42,10591,10592,10592,1
2019-06-28,17:50:43,10592,10593,10592,1
2019-06-28,17:50:44,10592,10593,10593,1
2019-06-28,17:50:45,10592,10593,10593,6
2019-06-28,17:50:52,10592,10593,10592,1
2019-06-28,17:50:53,10592,10593,10593,1
2019-06-28,17:50:55,10592,10593,10592,1
2019-06-28,17:51:01,10592,10593,10592,1
2019-06-28,17:51:05,10592,10593,10593,1
2019-06-28,17:51:05,10592,10593,10593,2
2019-06-28,17:51:28,10592,10593,10592,2
2019-06-28,17:51:28,10592,10593,10592,1
2019-06-28,17:51:28,10591,10592,10592,1
2019-06-28,17:52:23,10591,10592,10592,1
2019-06-28,17:52:36,10591,10592,10592,1
2019-06-28,17:52:40,10592,10593,10592,1
2019-06-28,17:52:50,10592,10593,10592,3
2019-06-28,17:53:05,10591,10592,10591,5
2019-06-28,17:53:18,10592,10593,10592,1
2019-06-28,17:53:31,10591,10592,10592,1
2019-06-28,17:53:53,10592,10593,10593,1
2019-06-28,17:54:01,10592,10593,10593,2
2019-06-28,17:54:02,10592,10593,10593,1
2019-06-28,17:54:02,10592,10593,10593,1
2019-06-28,17:54:02,10592,10593,10593,1
2019-06-28,17:54:28,10592,10593,10593,1
2019-06-28,17:55:50,10592,10593,10592,1
2019-06-28,17:56:16,10592,10593,10592,1
2019-06-28,17:56:24,10592,10593,10592,1
2019-06-28,17:56:25,10592,10593,10592,3
2019-06-28,17:56:25,10592,10593,10592,2
2019-06-28,17:56:26,10591,10592,10592,25
2019-06-28,17:56:31,10591,10592,10592,1
2019-06-28,17:56:34,10591,10592,10592,1
2019-06-28,17:57:11,10591,10592,10592,2
2019-06-28,17:57:19,10591,10592,10591,1
2019-06-28,17:57:37,10591,10592,10592,3
2019-06-28,17:57:55,10591,10592,10592,2
2019-06-28,17:58:21,10591,10592,10592,1
2019-06-28,17:58:21,10591,10592,10592,1
2019-06-28,17:58:41,10592,10593,10592,1
2019-06-28,17:59:03,10592,10593,10592,1
2019-06-28,17:59:14,10592,10593,10592,3
2019-06-28,17:59:21,10592,10593,10592,1
2019-06-28,17:59:21,10591,10592,10592,1
2019-06-28,18:00:00,10592,10593,10592,1
2019-06-28,18:00:01,10592,10593,10592,1
2019-06-28,18:00:38,10591,10592,10592,1
2019-06-28,18:00:39,10591,10592,10592,1
2019-06-28,18:01:31,10591,10592,10591,6
2019-06-28,18:01:31,10591,10592,10591,11
2019-06-28,18:02:06,10590,10591,10590,20
2019-06-28,18:02:07,10589,10590,10590,1
2019-06-28,18:02:15,10589,10590,10590,1
2019-06-28,18:02:31,10590,10591,10590,3
2019-06-28,18:03:04,10589,10590,10590,5
2019-06-28,18:03:19,10589,10590,10590,1
2019-06-28,18:04:11,10589,10590,10590,2
2019-06-28,18:05:11,10589,10590,10590,1
2019-06-28,18:05:12,10589,10590,10590,1
2019-06-28,18:05:12,10589,10590,10590,1
2019-06-28,18:05:12,10589,10590,10590,1
2019-06-28,18:05:12,10589,10590,10590,1
2019-06-28,18:05:44,10590,10591,10590,1
2019-06-28,18:06:21,10590,10591,10590,1
2019-06-28,18:06:22,10590,10591,10590,1
2019-06-28,18:07:23,10589,10590,10590,1
2019-06-28,18:07:45,10590,10591,10590,1
2019-06-28,18:09:17,10589,10590,10590,1
2019-06-28,18:09:45,10589,10590,10590,1
2019-06-28,18:10:09,10589,10590,10590,1
2019-06-28,18:10:11,10589,10590,10590,1
2019-06-28,18:10:15,10589,10590,10590,1
2019-06-28,18:10:16,10589,10590,10590,2
2019-06-28,18:10:16,10589,10590,10590,1
2019-06-28,18:10:16,10589,10590,10590,1
2019-06-28,18:10:22,10589,10590,10590,4
2019-06-28,18:10:42,10590,10591,10590,1
2019-06-28,18:10:43,10589,10590,10590,2
2019-06-28,18:10:47,10589,10590,10590,1
2019-06-28,18:10:49,10590,10591,10589,5
2019-06-28,18:10:49,10590,10591,10590,1
2019-06-28,18:10:49,10589,10591,10589,1
2019-06-28,18:11:02,10589,10590,10589,2
2019-06-28,18:11:05,10589,10590,10590,1
2019-06-28,18:11:50,10589,10590,10589,1
2019-06-28,18:13:18,10589,10590,10589,1
2019-06-28,18:13:43,10589,10590,10589,1
2019-06-28,18:13:46,10589,10590,10589,6
2019-06-28,18:14:22,10589,10590,10590,1
2019-06-28,18:14:50,10589,10590,10590,1
2019-06-28,18:15:40,10589,10590,10589,1
2019-06-28,18:16:48,10589,10590,10589,1
2019-06-28,18:16:56,10589,10590,10589,2
2019-06-28,18:16:56,10589,10590,10589,4
2019-06-28,18:16:56,10589,10590,10589,2
2019-06-28,18:16:56,10589,10590,10589,2
2019-06-28,18:16:59,10589,10590,10589,2
2019-06-28,18:17:06,10588,10589,10589,2
2019-06-28,18:17:06,10588,10589,10589,2
2019-06-28,18:17:10,10588,10589,10589,2
2019-06-28,18:18:04,10588,10589,10588,2
2019-06-28,18:18:05,10588,10589,10589,1
2019-06-28,18:19:02,10588,10589,10588,1
2019-06-28,18:19:22,10588,10589,10588,1
2019-06-28,18:19:26,10588,10589,10589,2
2019-06-28,18:20:02,10588,10589,10589,4
2019-06-28,18:20:06,10588,10589,10589,1
2019-06-28,18:20:08,10588,10589,10589,1
2019-06-28,18:20:15,10588,10589,10589,2
2019-06-28,18:20:15,10588,10589,10589,2
2019-06-28,18:20:15,10588,10589,10589,2
2019-06-28,18:20:15,10588,10589,10589,1
2019-06-28,18:20:33,10588,10589,10588,1
2019-06-28,18:20:34,10588,10589,10589,2
2019-06-28,18:21:03,10588,10589,10589,2
2019-06-28,18:21:21,10588,10589,10589,2
2019-06-28,18:21:21,10588,10589,10589,2
2019-06-28,18:21:58,10588,10589,10589,1
2019-06-28,18:21:59,10588,10589,10589,1
2019-06-28,18:21:59,10588,10589,10589,1
2019-06-28,18:22:09,10588,10589,10589,1
2019-06-28,18:22:10,10588,10589,10589,1
2019-06-28,18:22:17,10589,10590,10590,23
2019-06-28,18:22:17,10589,10590,10591,64
2019-06-28,18:22:17,10589,10590,10592,11
2019-06-28,18:22:17,10591,10592,10592,1
2019-06-28,18:22:17,10591,10592,10591,2
2019-06-28,18:22:17,10591,10592,10591,2
2019-06-28,18:22:18,10591,10592,10592,3
2019-06-28,18:22:18,10591,10592,10592,5
2019-06-28,18:22:18,10591,10592,10592,3
2019-06-28,18:22:25,10591,10592,10591,4
2019-06-28,18:22:46,10591,10592,10592,2
2019-06-28,18:22:50,10591,10592,10592,2
2019-06-28,18:23:04,10591,10592,10592,1
2019-06-28,18:23:04,10591,10592,10592,1
2019-06-28,18:23:13,10591,10592,10591,3
2019-06-28,18:23:15,10591,10592,10591,1
2019-06-28,18:23:16,10591,10592,10591,2
2019-06-28,18:23:18,10591,10592,10591,8
2019-06-28,18:23:18,10591,10592,10591,1
2019-06-28,18:23:57,10590,10591,10591,1
2019-06-28,18:24:33,10590,10591,10591,1
2019-06-28,18:24:33,10590,10591,10591,1
2019-06-28,18:24:33,10590,10591,10591,2
2019-06-28,18:24:34,10590,10592,10592,3
2019-06-28,18:24:39,10591,10592,10591,3
2019-06-28,18:25:23,10590,10591,10591,1
2019-06-28,18:25:27,10590,10591,10591,1
2019-06-28,18:25:43,10591,10592,10591,1
2019-06-28,18:25:59,10590,10591,10591,3
2019-06-28,18:25:59,10590,10591,10591,1
2019-06-28,18:26:59,10591,10592,10591,1
2019-06-28,18:27:05,10591,10592,10591,1
2019-06-28,18:27:10,10591,10592,10591,1
2019-06-28,18:27:31,10591,10592,10592,1
2019-06-28,18:27:34,10591,10592,10591,1
2019-06-28,18:27:55,10591,10592,10591,3
2019-06-28,18:27:56,10590,10591,10591,2
2019-06-28,18:28:26,10590,10591,10591,4
2019-06-28,18:28:32,10591,10592,10591,1
2019-06-28,18:28:49,10590,10591,10591,2
2019-06-28,18:28:58,10591,10592,10591,1
2019-06-28,18:30:02,10590,10591,10590,10
2019-06-28,18:30:02,10590,10591,10590,1
2019-06-28,18:30:02,10590,10591,10590,6
2019-06-28,18:30:35,10590,10591,10590,3
2019-06-28,18:32:04,10590,10591,10590,1
2019-06-28,18:32:07,10590,10591,10590,2
2019-06-28,18:33:45,10590,10591,10590,1
2019-06-28,18:33:49,10590,10591,10590,1
2019-06-28,18:33:49,10590,10591,10590,1
2019-06-28,18:34:44,10590,10591,10590,1
2019-06-28,18:35:08,10590,10591,10590,2
2019-06-28,18:36:05,10589,10590,10590,1
2019-06-28,18:37:09,10589,10590,10589,1
2019-06-28,18:37:24,10589,10590,10589,2
2019-06-28,18:37:58,10589,10590,10589,1
2019-06-28,18:38:05,10589,10590,10589,6
2019-06-28,18:38:36,10589,10590,10590,1
2019-06-28,18:38:36,10589,10590,10590,1
2019-06-28,18:38:36,10589,10590,10590,1
2019-06-28,18:38:39,10590,10591,10589,6
2019-06-28,18:38:39,10590,10591,10590,1
2019-06-28,18:39:45,10589,10590,10590,1
2019-06-28,18:39:48,10589,10590,10590,1
2019-06-28,18:40:05,10590,10591,10591,2
2019-06-28,18:40:27,10590,10591,10591,1
2019-06-28,18:40:59,10590,10591,10591,2
2019-06-28,18:41:34,10590,10591,10590,1
2019-06-28,18:41:35,10590,10591,10590,1
2019-06-28,18:41:35,10590,10591,10590,1
2019-06-28,18:41:47,10590,10591,10590,1
2019-06-28,18:43:14,10590,10591,10591,4
2019-06-28,18:43:24,10590,10591,10590,1
2019-06-28,18:43:47,10590,10591,10591,3
2019-06-28,18:45:11,10590,10591,10591,3
2019-06-28,18:45:30,10590,10591,10591,1
2019-06-28,18:45:45,10591,10592,10591,1
2019-06-28,18:45:45,10591,10592,10591,2
2019-06-28,18:45:45,10590,10592,10591,1
2019-06-28,18:45:45,10590,10592,10591,1
2019-06-28,18:46:39,10591,10592,10591,1
2019-06-28,18:47:30,10591,10592,10592,7
2019-06-28,18:47:30,10591,10592,10592,1
2019-06-28,18:47:31,10591,10592,10592,1
2019-06-28,18:47:31,10591,10592,10592,1
2019-06-28,18:47:31,10591,10592,10592,1
2019-06-28,18:47:31,10591,10592,10592,1
2019-06-28,18:47:31,10591,10592,10592,1
2019-06-28,18:47:38,10591,10592,10592,1
2019-06-28,18:47:38,10591,10592,10592,1
2019-06-28,18:47:40,10591,10592,10592,1
2019-06-28,18:47:53,10591,10592,10592,2
2019-06-28,18:48:00,10591,10592,10592,1
2019-06-28,18:48:12,10591,10592,10592,1
2019-06-28,18:48:12,10591,10592,10592,1
2019-06-28,18:48:12,10591,10592,10592,1
2019-06-28,18:48:24,10591,10592,10592,1
2019-06-28,18:48:24,10591,10592,10592,1
2019-06-28,18:48:26,10591,10592,10592,4
2019-06-28,18:48:42,10592,10593,10592,1
2019-06-28,18:48:45,10592,10593,10592,2
2019-06-28,18:48:59,10591,10592,10592,1
2019-06-28,18:49:28,10591,10592,10591,2
2019-06-28,18:50:18,10590,10591,10591,1
2019-06-28,18:51:30,10590,10591,10590,1
2019-06-28,18:51:47,10590,10591,10590,1
2019-06-28,18:51:55,10589,10591,10589,1
2019-06-28,18:52:03,10589,10590,10590,1
2019-06-28,18:52:44,10589,10590,10589,2
2019-06-28,18:52:44,10589,10590,10590,1
2019-06-28,18:52:49,10589,10590,10590,1
2019-06-28,18:52:49,10589,10590,10590,1
2019-06-28,18:53:56,10589,10590,10590,1
2019-06-28,18:54:48,10589,10590,10589,2
2019-06-28,18:54:55,10589,10590,10589,1
2019-06-28,18:55:08,10589,10590,10589,1
2019-06-28,18:55:10,10589,10590,10589,9
2019-06-28,18:55:10,10588,10589,10589,2
2019-06-28,18:55:14,10588,10589,10588,4
2019-06-28,18:55:22,10588,10589,10589,2
2019-06-28,18:55:25,10588,10589,10589,2
2019-06-28,18:55:30,10588,10589,10589,1
2019-06-28,18:55:37,10588,10589,10589,2
2019-06-28,18:56:53,10588,10589,10588,1
2019-06-28,18:56:53,10588,10589,10588,1
2019-06-28,18:57:11,10588,10589,10589,2
2019-06-28,18:57:24,10588,10589,10588,1
2019-06-28,18:58:21,10588,10589,10589,8
2019-06-28,18:59:08,10588,10589,10588,1
2019-06-28,18:59:24,10588,10589,10588,1
2019-06-28,18:59:59,10588,10589,10589,2
2019-06-28,18:59:59,10588,10589,10588,2
2019-06-28,19:00:49,10588,10589,10588,1
2019-06-28,19:00:49,10588,10589,10588,1
2019-06-28,19:01:25,10588,10589,10588,1
2019-06-28,19:01:45,10588,10589,10588,1
2019-06-28,19:01:53,10588,10589,10589,1
2019-06-28,19:01:54,10588,10589,10588,1
2019-06-28,19:01:58,10588,10589,10588,2
2019-06-28,19:02:02,10588,10589,10589,2
2019-06-28,19:02:06,10588,10589,10589,8
2019-06-28,19:02:06,10588,10589,10589,1
2019-06-28,19:02:10,10588,10589,10589,1
2019-06-28,19:02:10,10588,10589,10589,1
2019-06-28,19:02:15,10589,10590,10588,1
2019-06-28,19:02:22,10589,10590,10589,1
2019-06-28,19:02:22,10589,10590,10589,1
2019-06-28,19:02:32,10589,10590,10589,1
2019-06-28,19:03:25,10589,10590,10589,1
2019-06-28,19:04:09,10589,10590,10590,1
2019-06-28,19:04:16,10589,10590,10590,1
2019-06-28,19:04:16,10589,10590,10590,1
2019-06-28,19:04:16,10589,10590,10590,1
2019-06-28,19:04:40,10589,10590,10590,1
2019-06-28,19:04:40,10589,10590,10590,2
2019-06-28,19:04:40,10589,10590,10590,3
2019-06-28,19:04:40,10590,10591,10591,1
2019-06-28,19:04:40,10590,10591,10590,1
2019-06-28,19:05:00,10590,10591,10591,2
2019-06-28,19:05:07,10590,10591,10591,2
2019-06-28,19:05:32,10590,10591,10591,1
2019-06-28,19:06:31,10590,10591,10590,3
2019-06-28,19:06:39,10590,10591,10591,1
2019-06-28,19:07:03,10590,10591,10591,1
2019-06-28,19:07:06,10590,10591,10590,1
2019-06-28,19:07:07,10590,10591,10590,1
2019-06-28,19:07:07,10590,10591,10590,1
2019-06-28,19:07:47,10590,10591,10590,1
2019-06-28,19:08:04,10590,10591,10590,2
2019-06-28,19:08:28,10590,10591,10590,1
2019-06-28,19:08:28,10590,10591,10590,1
2019-06-28,19:08:29,10590,10591,10590,1
2019-06-28,19:08:29,10590,10591,10590,1
2019-06-28,19:08:29,10590,10591,10590,1
2019-06-28,19:08:29,10590,10591,10590,1
2019-06-28,19:08:29,10590,10591,10590,1
2019-06-28,19:08:29,10590,10591,10590,2
2019-06-28,19:09:01,10589,10590,10590,2
2019-06-28,19:09:28,10590,10591,10590,1
2019-06-28,19:09:29,10590,10591,10590,1
2019-06-28,19:09:29,10590,10591,10590,1
2019-06-28,19:12:26,10590,10591,10590,1
2019-06-28,19:12:26,10589,10590,10590,2
2019-06-28,19:13:02,10589,10590,10589,6
2019-06-28,19:13:02,10589,10590,10590,1
2019-06-28,19:13:59,10589,10591,10589,1
2019-06-28,19:15:02,10589,10590,10590,1
2019-06-28,19:15:05,10589,10590,10590,1
2019-06-28,19:15:05,10589,10590,10590,1
2019-06-28,19:15:05,10589,10590,10590,1
2019-06-28,19:15:41,10590,10591,10590,1
2019-06-28,19:15:48,10590,10591,10590,1
2019-06-28,19:16:01,10589,10590,10590,1
2019-06-28,19:16:06,10589,10590,10590,1
2019-06-28,19:16:10,10589,10590,10590,1
2019-06-28,19:16:12,10589,10590,10590,1
2019-06-28,19:16:14,10589,10590,10590,1
2019-06-28,19:16:15,10589,10590,10590,1
2019-06-28,19:16:34,10589,10590,10589,1
2019-06-28,19:17:22,10589,10590,10589,1
2019-06-28,19:17:50,10589,10590,10590,1
2019-06-28,19:18:03,10589,10590,10590,1
2019-06-28,19:19:55,10589,10590,10589,1
2019-06-28,19:20:19,10589,10590,10589,1
2019-06-28,19:20:19,10589,10590,10589,1
2019-06-28,19:20:20,10588,10589,10589,1
2019-06-28,19:20:26,10589,10590,10589,2
2019-06-28,19:22:22,10589,10590,10589,4
2019-06-28,19:22:23,10589,10590,10590,1
2019-06-28,19:22:51,10589,10590,10589,1
2019-06-28,19:22:51,10589,10590,10589,1
2019-06-28,19:22:52,10589,10590,10589,1
2019-06-28,19:22:52,10589,10590,10589,1
2019-06-28,19:22:55,10589,10590,10589,1
2019-06-28,19:23:25,10589,10590,10589,1
2019-06-28,19:24:02,10589,10590,10589,1
2019-06-28,19:25:02,10589,10590,10589,6
2019-06-28,19:25:12,10589,10590,10589,1
2019-06-28,19:25:19,10589,10590,10589,4
2019-06-28,19:25:36,10588,10589,10588,1
2019-06-28,19:25:40,10588,10589,10588,1
2019-06-28,19:25:56,10588,10589,10588,4
2019-06-28,19:26:02,10588,10589,10588,10
2019-06-28,19:26:03,10588,10589,10588,6
2019-06-28,19:26:25,10588,10589,10588,2
2019-06-28,19:26:46,10587,10588,10587,1
2019-06-28,19:26:46,10587,10588,10587,1
2019-06-28,19:26:46,10587,10588,10587,1
2019-06-28,19:26:46,10587,10588,10587,1
2019-06-28,19:27:03,10587,10588,10587,9
2019-06-28,19:27:03,10587,10588,10587,2
2019-06-28,19:27:05,10587,10588,10587,3
2019-06-28,19:27:21,10586,10587,10587,1
2019-06-28,19:27:51,10586,10587,10586,1
2019-06-28,19:27:55,10586,10587,10586,2
2019-06-28,19:27:56,10586,10587,10587,1
2019-06-28,19:28:03,10586,10587,10586,6
2019-06-28,19:28:03,10586,10587,10587,3
2019-06-28,19:28:03,10586,10587,10587,3
2019-06-28,19:28:03,10586,10587,10588,1
2019-06-28,19:28:03,10586,10587,10588,3
2019-06-28,19:28:03,10586,10587,10588,1
2019-06-28,19:28:03,10586,10588,10588,3
2019-06-28,19:28:03,10586,10588,10588,1
2019-06-28,19:28:03,10586,10588,10588,1
2019-06-28,19:28:03,10586,10588,10588,3
2019-06-28,19:28:03,10586,10588,10588,3
2019-06-28,19:28:03,10586,10588,10588,2
2019-06-28,19:28:03,10586,10588,10588,1
2019-06-28,19:28:03,10586,10588,10588,1
2019-06-28,19:28:03,10586,10588,10588,2
2019-06-28,19:28:04,10587,10588,10588,1
2019-06-28,19:28:04,10587,10588,10588,3
2019-06-28,19:28:04,10587,10588,10588,2
2019-06-28,19:28:04,10587,10589,10588,1
2019-06-28,19:28:04,10587,10589,10588,1
2019-06-28,19:28:04,10587,10589,10589,1
2019-06-28,19:28:04,10587,10589,10588,1
2019-06-28,19:28:04,10587,10589,10589,2
2019-06-28,19:28:04,10587,10589,10589,3
2019-06-28,19:28:04,10587,10589,10589,1
2019-06-28,19:28:50,10588,10589,10588,1
2019-06-28,19:29:03,10587,10588,10587,1
2019-06-28,19:29:18,10587,10588,10587,5
2019-06-28,19:29:45,10587,10588,10588,2
2019-06-28,19:30:10,10587,10588,10587,2
2019-06-28,19:30:10,10587,10588,10587,1
2019-06-28,19:30:10,10587,10588,10587,10
2019-06-28,19:30:11,10586,10587,10587,4
2019-06-28,19:30:11,10586,10587,10588,2
2019-06-28,19:30:11,10587,10588,10588,2
2019-06-28,19:30:11,10587,10588,10588,2
2019-06-28,19:30:17,10587,10588,10588,3
2019-06-28,19:30:21,10587,10588,10587,1
2019-06-28,19:30:40,10587,10588,10588,1
2019-06-28,19:30:49,10587,10588,10588,1
2019-06-28,19:30:58,10587,10588,10587,4
2019-06-28,19:31:03,10587,10588,10587,1
2019-06-28,19:31:18,10587,10588,10588,1
2019-06-28,19:31:40,10587,10588,10588,1
2019-06-28,19:31:45,10587,10588,10587,2
2019-06-28,19:32:26,10587,10588,10588,1
2019-06-28,19:32:28,10587,10588,10588,1
2019-06-28,19:32:28,10587,10588,10588,1
2019-06-28,19:32:36,10587,10588,10588,1
2019-06-28,19:33:01,10587,10588,10588,1
2019-06-28,19:33:02,10587,10588,10587,2
2019-06-28,19:33:51,10587,10588,10587,2
2019-06-28,19:34:00,10587,10588,10587,1
2019-06-28,19:34:01,10587,10588,10587,1
2019-06-28,19:34:10,10587,10588,10587,2
2019-06-28,19:34:31,10587,10588,10587,1
2019-06-28,19:34:33,10587,10588,10587,3
2019-06-28,19:34:42,10587,10588,10587,1
2019-06-28,19:34:57,10586,10587,10587,1
2019-06-28,19:34:57,10586,10588,10588,1
2019-06-28,19:34:59,10586,10588,10586,2
2019-06-28,19:34:59,10586,10587,10587,1
2019-06-28,19:34:59,10586,10588,10588,1
2019-06-28,19:35:04,10586,10588,10588,1
2019-06-28,19:35:04,10586,10587,10587,1
2019-06-28,19:35:04,10586,10587,10588,1
2019-06-28,19:35:04,10586,10587,10588,2
2019-06-28,19:35:04,10586,10587,10588,1
2019-06-28,19:35:08,10587,10588,10587,1
2019-06-28,19:35:20,10587,10588,10588,1
2019-06-28,19:35:21,10587,10588,10587,1
2019-06-28,19:35:21,10586,10588,10588,1
2019-06-28,19:35:25,10586,10588,10588,1
2019-06-28,19:35:51,10587,10588,10587,2
2019-06-28,19:36:12,10587,10588,10587,1
2019-06-28,19:37:01,10587,10588,10587,2
2019-06-28,19:37:01,10586,10588,10587,1
2019-06-28,19:37:03,10586,10587,10586,1
2019-06-28,19:37:11,10586,10587,10587,2
2019-06-28,19:37:17,10587,10588,10586,1
2019-06-28,19:37:17,10587,10588,10587,1
2019-06-28,19:37:17,10586,10588,10586,1
2019-06-28,19:38:22,10587,10588,10587,4
2019-06-28,19:39:02,10587,10588,10587,1
2019-06-28,19:39:09,10587,10588,10587,1
2019-06-28,19:39:23,10587,10588,10587,5
2019-06-28,19:39:42,10587,10588,10588,1
2019-06-28,19:40:14,10587,10588,10588,1
2019-06-28,19:40:14,10587,10588,10588,6
2019-06-28,19:40:16,10587,10588,10588,1
2019-06-28,19:40:20,10587,10588,10588,1
2019-06-28,19:40:35,10587,10588,10588,1
2019-06-28,19:40:37,10587,10588,10588,1
2019-06-28,19:40:39,10587,10588,10588,1
2019-06-28,19:40:48,10587,10588,10588,1
2019-06-28,19:41:24,10587,10588,10588,2
2019-06-28,19:41:42,10587,10588,10588,9
2019-06-28,19:41:42,10587,10588,10589,68
2019-06-28,19:41:42,10587,10588,10590,23
2019-06-28,19:41:43,10589,10590,10590,1
2019-06-28,19:41:43,10589,10590,10590,5
2019-06-28,19:41:43,10589,10590,10589,3
2019-06-28,19:41:43,10589,10590,10589,3
2019-06-28,19:41:43,10589,10590,10589,3
2019-06-28,19:41:43,10589,10590,10589,1
2019-06-28,19:41:43,10589,10590,10590,1
2019-06-28,19:41:43,10589,10590,10590,1
2019-06-28,19:42:06,10589,10590,10590,10
2019-06-28,19:42:06,10589,10590,10590,2
2019-06-28,19:42:07,10590,10591,10591,5
2019-06-28,19:42:07,10590,10591,10591,3
2019-06-28,19:42:17,10589,10590,10590,1
2019-06-28,19:42:18,10589,10590,10590,1
2019-06-28,19:42:22,10589,10590,10590,1
2019-06-28,19:42:28,10589,10590,10590,1
2019-06-28,19:42:32,10589,10590,10590,1
2019-06-28,19:42:34,10589,10590,10590,10
2019-06-28,19:42:34,10589,10590,10591,27
2019-06-28,19:42:35,10590,10591,10591,1
2019-06-28,19:42:35,10590,10591,10590,1
2019-06-28,19:42:41,10590,10591,10590,1
2019-06-28,19:42:45,10590,10591,10591,9
2019-06-28,19:42:49,10590,10591,10591,1
2019-06-28,19:42:50,10590,10591,10591,1
2019-06-28,19:42:53,10590,10591,10591,1
2019-06-28,19:43:02,10590,10591,10590,2
2019-06-28,19:43:09,10590,10591,10591,4
2019-06-28,19:43:09,10591,10592,10591,1
2019-06-28,19:43:09,10591,10592,10591,1
2019-06-28,19:43:10,10590,10591,10590,3
2019-06-28,19:43:33,10590,10591,10591,1
2019-06-28,19:43:33,10590,10591,10591,1
2019-06-28,19:43:42,10590,10591,10591,2
2019-06-28,19:43:46,10590,10591,10591,1
2019-06-28,19:44:02,10590,10591,10590,6
2019-06-28,19:44:04,10590,10591,10591,6
2019-06-28,19:44:46,10590,10591,10590,1
2019-06-28,19:45:02,10589,10590,10589,3
2019-06-28,19:45:03,10589,10590,10590,2
2019-06-28,19:45:29,10589,10590,10589,2
2019-06-28,19:46:32,10588,10589,10589,1
2019-06-28,19:47:58,10588,10589,10588,6
2019-06-28,19:48:03,10588,10589,10589,1
2019-06-28,19:48:11,10588,10589,10589,1
2019-06-28,19:48:11,10588,10589,10589,1
2019-06-28,19:48:43,10588,10589,10589,1
2019-06-28,19:48:49,10588,10590,10588,1
2019-06-28,19:48:50,10588,10589,10589,1
2019-06-28,19:49:55,10588,10589,10589,3
2019-06-28,19:50:56,10589,10590,10590,1
2019-06-28,19:51:12,10589,10590,10590,2
2019-06-28,19:51:43,10590,10591,10591,1
2019-06-28,19:51:47,10590,10591,10590,4
2019-06-28,19:52:08,10590,10591,10591,21
2019-06-28,19:52:09,10590,10591,10591,2
2019-06-28,19:52:09,10590,10591,10591,1
2019-06-28,19:52:09,10590,10591,10591,2
2019-06-28,19:53:05,10590,10591,10590,2
2019-06-28,19:53:15,10590,10591,10590,2
2019-06-28,19:53:31,10589,10590,10590,2
2019-06-28,19:55:04,10590,10591,10591,1
2019-06-28,19:55:12,10590,10591,10591,1
2019-06-28,19:55:13,10590,10591,10591,1
2019-06-28,19:55:16,10590,10591,10591,1
2019-06-28,19:55:52,10590,10591,10590,2
2019-06-28,19:56:02,10590,10591,10591,1
2019-06-28,19:56:09,10590,10591,10591,5
2019-06-28,19:56:18,10590,10591,10591,1
2019-06-28,19:56:37,10590,10591,10591,1
2019-06-28,19:56:44,10590,10591,10591,1
2019-06-28,19:57:12,10591,10592,10591,1
2019-06-28,19:57:52,10590,10591,10591,5
2019-06-28,19:58:00,10590,10591,10591,1
2019-06-28,19:58:01,10590,10591,10591,1
2019-06-28,19:58:03,10590,10591,10591,1
2019-06-28,19:58:08,10590,10591,10591,1
2019-06-28,19:58:09,10590,10591,10591,1
2019-06-28,19:58:29,10590,10591,10591,1
2019-06-28,19:58:34,10590,10591,10591,1
2019-06-28,19:58:42,10590,10591,10591,1
2019-06-28,19:58:55,10590,10591,10591,1
2019-06-28,19:59:09,10590,10591,10591,1
2019-06-28,19:59:25,10590,10591,10591,4
2019-06-28,19:59:26,10590,10591,10591,1
2019-06-28,19:59:33,10590,10591,10591,1
2019-06-28,19:59:39,10590,10591,10591,1
2019-06-28,19:59:59,10591,10592,10591,2
2019-06-28,20:00:05,10591,10592,10591,2
2019-06-28,20:00:05,10590,10591,10590,1
2019-06-28,20:00:05,10590,10591,10591,1
2019-06-28,20:00:07,10590,10591,10591,1
2019-06-28,20:00:07,10590,10591,10592,1
2019-06-28,20:00:08,10590,10592,10592,1
2019-06-28,20:00:08,10590,10592,10592,1
2019-06-28,20:00:08,10590,10592,10592,1
2019-06-28,20:00:08,10591,10592,10592,1
2019-06-28,20:00:08,10591,10592,10592,4
2019-06-28,20:00:08,10591,10592,10592,2
2019-06-28,20:00:14,10591,10592,10592,1
2019-06-28,20:00:19,10591,10592,10592,1
2019-06-28,20:00:21,10591,10592,10592,1
2019-06-28,20:00:31,10591,10592,10592,1
2019-06-28,20:00:31,10591,10592,10591,5
2019-06-28,20:00:31,10591,10592,10592,1
2019-06-28,20:00:58,10591,10592,10592,1
2019-06-28,20:00:59,10591,10592,10592,1
2019-06-28,20:01:03,10591,10592,10592,1
2019-06-28,20:01:25,10591,10592,10592,1
2019-06-28,20:01:29,10591,10592,10592,2
2019-06-28,20:01:51,10591,10592,10592,6
2019-06-28,20:01:53,10591,10592,10592,1
2019-06-28,20:02:02,10591,10592,10592,3
2019-06-28,20:02:03,10591,10592,10592,1
2019-06-28,20:02:12,10591,10592,10592,18
2019-06-28,20:02:21,10591,10592,10592,2
2019-06-28,20:02:25,10591,10592,10592,1
2019-06-28,20:02:34,10591,10592,10592,6
2019-06-28,20:02:39,10591,10592,10592,1
2019-06-28,20:02:41,10591,10592,10592,2
2019-06-28,20:02:41,10591,10592,10592,1
2019-06-28,20:02:41,10591,10592,10592,1
2019-06-28,20:02:43,10592,10593,10592,1
2019-06-28,20:03:03,10592,10593,10592,1
2019-06-28,20:03:11,10592,10593,10592,1
2019-06-28,20:03:19,10592,10593,10593,1
2019-06-28,20:03:19,10592,10593,10593,1
2019-06-28,20:03:19,10592,10593,10593,2
2019-06-28,20:03:19,10592,10593,10593,11
2019-06-28,20:03:19,10592,10593,10593,4
2019-06-28,20:03:19,10592,10593,10593,1
2019-06-28,20:03:19,10592,10593,10593,3
2019-06-28,20:03:19,10592,10593,10593,1
2019-06-28,20:03:19,10592,10593,10593,4
2019-06-28,20:03:19,10592,10593,10593,1
2019-06-28,20:03:19,10592,10593,10593,3
2019-06-28,20:03:19,10592,10593,10593,1
2019-06-28,20:03:19,10592,10593,10593,1
2019-06-28,20:03:19,10592,10593,10593,3
2019-06-28,20:03:19,10592,10593,10593,17
2019-06-28,20:03:19,10592,10593,10593,2
2019-06-28,20:03:19,10592,10593,10593,1
2019-06-28,20:03:19,10592,10593,10593,6
2019-06-28,20:03:19,10592,10593,10593,1
2019-06-28,20:03:19,10592,10593,10593,4
2019-06-28,20:03:19,10592,10593,10593,1
2019-06-28,20:03:19,10592,10593,10593,1
2019-06-28,20:03:19,10592,10593,10593,2
2019-06-28,20:03:19,10592,10593,10593,1
2019-06-28,20:03:19,10592,10593,10593,1
2019-06-28,20:03:19,10592,10593,10593,1
2019-06-28,20:03:19,10592,10593,10593,1
2019-06-28,20:03:19,10592,10593,10593,2
2019-06-28,20:03:19,10592,10593,10593,1
2019-06-28,20:03:19,10592,10593,10593,1
2019-06-28,20:03:19,10592,10593,10593,1
2019-06-28,20:03:19,10592,10593,10593,1
2019-06-28,20:03:19,10592,10593,10593,1
2019-06-28,20:03:19,10592,10593,10593,5
2019-06-28,20:03:19,10592,10593,10593,2
2019-06-28,20:03:19,10592,10593,10593,1
2019-06-28,20:03:19,10592,10593,10593,3
2019-06-28,20:03:20,10592,10593,10593,2
2019-06-28,20:03:20,10592,10593,10593,1
2019-06-28,20:03:20,10592,10593,10593,2
2019-06-28,20:03:20,10592,10593,10594,1
2019-06-28,20:03:20,10593,10594,10594,1
2019-06-28,20:03:20,10593,10594,10594,1
2019-06-28,20:03:20,10593,10594,10594,2
2019-06-28,20:03:20,10593,10594,10594,2
2019-06-28,20:03:20,10593,10594,10594,1
2019-06-28,20:03:20,10593,10594,10594,1
2019-06-28,20:03:20,10593,10594,10594,2
2019-06-28,20:03:20,10593,10594,10594,2
2019-06-28,20:03:20,10593,10594,10594,2
2019-06-28,20:03:20,10593,10594,10594,2
2019-06-28,20:03:20,10593,10594,10594,2
2019-06-28,20:03:20,10593,10594,10594,6
2019-06-28,20:03:20,10593,10594,10594,2
2019-06-28,20:03:20,10593,10594,10594,1
2019-06-28,20:03:20,10593,10594,10594,2
2019-06-28,20:03:20,10593,10594,10594,1
2019-06-28,20:03:20,10593,10594,10594,1
2019-06-28,20:03:20,10593,10594,10594,2
2019-06-28,20:03:20,10593,10594,10594,1
2019-06-28,20:03:20,10593,10594,10594,2
2019-06-28,20:03:20,10593,10594,10594,5
2019-06-28,20:03:20,10593,10594,10594,1
2019-06-28,20:03:20,10593,10594,10594,1
2019-06-28,20:03:20,10593,10594,10594,2
2019-06-28,20:03:20,10593,10594,10594,2
2019-06-28,20:03:20,10593,10594,10594,3
2019-06-28,20:03:20,10593,10594,10594,4
2019-06-28,20:03:20,10593,10594,10594,2
2019-06-28,20:03:20,10593,10594,10594,1
2019-06-28,20:03:20,10593,10594,10594,2
2019-06-28,20:03:20,10593,10594,10594,2
2019-06-28,20:03:20,10593,10594,10594,1
2019-06-28,20:03:20,10593,10594,10594,1
2019-06-28,20:03:20,10593,10594,10594,20
2019-06-28,20:03:21,10594,10595,10595,1
2019-06-28,20:03:21,10594,10595,10595,2
2019-06-28,20:03:21,10594,10595,10595,1
2019-06-28,20:03:21,10594,10595,10595,1
2019-06-28,20:03:21,10594,10595,10595,2
2019-06-28,20:03:21,10594,10595,10595,1
2019-06-28,20:03:21,10594,10595,10595,1
2019-06-28,20:03:21,10594,10595,10595,1
2019-06-28,20:03:21,10594,10595,10595,1
2019-06-28,20:03:21,10594,10595,10595,2
2019-06-28,20:03:21,10594,10595,10595,1
2019-06-28,20:03:21,10594,10595,10594,1
2019-06-28,20:03:21,10594,10595,10595,1
2019-06-28,20:03:21,10594,10595,10595,1
2019-06-28,20:03:21,10594,10595,10595,2
2019-06-28,20:03:21,10594,10595,10595,1
2019-06-28,20:03:21,10594,10595,10595,2
2019-06-28,20:03:21,10594,10595,10594,11
2019-06-28,20:03:21,10594,10595,10595,3
2019-06-28,20:03:21,10594,10595,10595,1
2019-06-28,20:03:21,10594,10595,10595,1
2019-06-28,20:03:22,10594,10595,10595,2
2019-06-28,20:03:22,10594,10595,10595,1
2019-06-28,20:03:22,10594,10595,10595,5
2019-06-28,20:03:22,10594,10595,10595,2
2019-06-28,20:03:22,10594,10595,10595,2
2019-06-28,20:03:23,10594,10595,10595,4
2019-06-28,20:03:23,10595,10596,10595,2
2019-06-28,20:03:23,10595,10596,10595,2
2019-06-28,20:03:23,10595,10596,10595,1
2019-06-28,20:03:24,10595,10596,10595,1
2019-06-28,20:03:24,10594,10596,10595,2
2019-06-28,20:03:26,10595,10596,10595,1
2019-06-28,20:03:30,10594,10595,10595,1
2019-06-28,20:03:32,10594,10595,10595,1
2019-06-28,20:03:35,10594,10595,10595,1
2019-06-28,20:03:36,10594,10595,10595,1
2019-06-28,20:03:36,10594,10595,10594,1
2019-06-28,20:03:43,10594,10595,10594,5
2019-06-28,20:03:44,10594,10595,10594,1
2019-06-28,20:03:46,10594,10595,10594,1
2019-06-28,20:03:55,10594,10595,10594,1
2019-06-28,20:03:59,10594,10595,10594,27
2019-06-28,20:03:59,10594,10595,10594,2
2019-06-28,20:03:59,10594,10595,10594,3
2019-06-28,20:03:59,10594,10595,10594,11
2019-06-28,20:04:02,10593,10594,10593,1
2019-06-28,20:04:02,10593,10594,10594,1
2019-06-28,20:04:11,10593,10594,10592,2
2019-06-28,20:04:11,10593,10594,10593,22
2019-06-28,20:04:11,10592,10594,10593,2
2019-06-28,20:04:22,10593,10594,10592,3
2019-06-28,20:04:22,10593,10594,10593,5
2019-06-28,20:04:32,10593,10594,10594,4
2019-06-28,20:04:32,10593,10594,10594,2
2019-06-28,20:04:36,10593,10594,10593,3
2019-06-28,20:04:36,10593,10594,10594,1
2019-06-28,20:04:45,10593,10594,10594,2
2019-06-28,20:04:55,10593,10594,10593,1
2019-06-28,20:04:56,10593,10594,10593,1
2019-06-28,20:05:03,10593,10594,10593,1
2019-06-28,20:05:55,10592,10593,10592,1
2019-06-28,20:06:11,10592,10593,10593,5
2019-06-28,20:06:12,10592,10593,10593,5
2019-06-28,20:06:32,10593,10594,10594,1
2019-06-28,20:06:33,10593,10594,10594,1
2019-06-28,20:06:43,10593,10594,10593,1
2019-06-28,20:06:43,10593,10594,10594,1
2019-06-28,20:06:47,10593,10594,10593,1
2019-06-28,20:06:54,10593,10594,10593,7
2019-06-28,20:07:17,10592,10593,10593,1
2019-06-28,20:07:37,10592,10593,10593,2
2019-06-28,20:08:11,10592,10593,10592,1
2019-06-28,20:08:11,10592,10593,10592,5
2019-06-28,20:08:11,10592,10593,10592,1
2019-06-28,20:08:13,10591,10592,10592,1
2019-06-28,20:08:28,10591,10592,10591,1
2019-06-28,20:08:51,10591,10592,10592,4
2019-06-28,20:08:52,10591,10592,10592,3
2019-06-28,20:09:53,10592,10593,10593,2
2019-06-28,20:10:36,10592,10593,10593,2
2019-06-28,20:10:41,10592,10593,10593,1
2019-06-28,20:11:24,10592,10593,10593,1
2019-06-28,20:12:04,10592,10593,10592,2
2019-06-28,20:12:04,10592,10593,10593,1
2019-06-28,20:12:10,10592,10593,10592,1
2019-06-28,20:12:12,10592,10593,10592,1
2019-06-28,20:12:19,10592,10593,10592,1
2019-06-28,20:13:08,10592,10593,10592,13
