2019-03-26,15:00:00.072000,10518,10518,10518,57
2019-03-26,15:00:00.076000,10518,10518,10518,1
2019-03-26,15:00:00.076000,10518,10518,10518,1
2019-03-26,15:00:00.185000,10518,10518,10518,1
2019-03-26,15:00:00.395000,10518,10518,10518,2
2019-03-26,15:00:00.726000,10519,10519,10519,1
2019-03-26,15:00:01.103000,10519,10519,10519,1
2019-03-26,15:00:01.374000,10519,10519,10519,1
2019-03-26,15:00:01.629000,10519,10519,10519,4
2019-03-26,15:00:01.991000,10519,10519,10519,3
2019-03-26,15:00:04.085000,10519,10519,10519,1
2019-03-26,15:00:04.688000,10520,10520,10520,3
2019-03-26,15:00:05.535000,10520,10520,10520,1
2019-03-26,15:00:06.302000,10519,10519,10519,1
2019-03-26,15:00:06.754000,10520,10520,10520,1
2019-03-26,15:00:07.663000,10520,10520,10520,5
2019-03-26,15:00:07.845000,10519,10519,10519,1
2019-03-26,15:00:10.143000,10519,10519,10519,1
2019-03-26,15:00:10.348000,10519,10519,10519,1
2019-03-26,15:00:17.608000,10519,10519,10519,2
2019-03-26,15:00:19.295000,10519,10519,10519,2
2019-03-26,15:00:19.333000,10520,10520,10520,4
2019-03-26,15:00:19.891000,10519,10519,10519,2
2019-03-26,15:00:19.996000,10519,10519,10519,3
2019-03-26,15:00:20.579000,10519,10519,10519,4
2019-03-26,15:00:21.810000,10518,10518,10518,1
2019-03-26,15:00:23.002000,10518,10518,10518,1
2019-03-26,15:00:23.133000,10519,10519,10519,1
2019-03-26,15:00:25.554000,10519,10519,10519,10
2019-03-26,15:00:26.381000,10519,10519,10519,10
2019-03-26,15:00:26.443000,10518,10518,10518,1
2019-03-26,15:00:32.850000,10519,10519,10519,1
2019-03-26,15:00:37.911000,10518,10518,10518,4
2019-03-26,15:00:43.313000,10518,10518,10518,4
2019-03-26,15:00:43.518000,10518,10518,10518,1
2019-03-26,15:00:44.094000,10518,10518,10518,1
2019-03-26,15:00:44.485000,10518,10518,10518,2
2019-03-26,15:00:45.289000,10518,10518,10518,1
2019-03-26,15:00:47.207000,10518,10518,10518,2
2019-03-26,15:00:47.998000,10518,10518,10518,1
2019-03-26,15:00:48.454000,10518,10518,10518,1
2019-03-26,15:00:51.331000,10518,10518,10518,2
2019-03-26,15:00:51.453000,10519,10519,10519,1
2019-03-26,15:00:53.686000,10518,10518,10518,2
2019-03-26,15:00:58.614000,10519,10519,10519,3
2019-03-26,15:01:00.017000,10518,10518,10518,14
2019-03-26,15:01:00.151000,10518,10518,10518,1
2019-03-26,15:01:00.460000,10517,10517,10517,1
2019-03-26,15:01:04.173000,10518,10518,10518,4
2019-03-26,15:01:06.540000,10518,10518,10518,1
2019-03-26,15:01:07.821000,10518,10518,10518,4
2019-03-26,15:01:09.083000,10517,10517,10517,3
2019-03-26,15:01:10.296000,10518,10518,10518,1
2019-03-26,15:01:16.053000,10517,10517,10517,1
2019-03-26,15:01:19.332000,10517,10517,10517,3
2019-03-26,15:01:20.042000,10518,10518,10518,5
2019-03-26,15:01:23.038000,10518,10518,10518,1
2019-03-26,15:01:27.169000,10518,10518,10518,1
2019-03-26,15:01:27.382000,10518,10518,10518,1
2019-03-26,15:01:29.367000,10518,10518,10518,1
2019-03-26,15:01:31.584000,10518,10518,10518,2
2019-03-26,15:01:33.313000,10518,10518,10518,1
2019-03-26,15:01:35.169000,10518,10518,10518,1
2019-03-26,15:01:36.582000,10518,10518,10518,1
2019-03-26,15:01:37.064000,10518,10518,10518,1
2019-03-26,15:01:37.955000,10518,10518,10518,1
2019-03-26,15:01:39.068000,10518,10518,10518,1
2019-03-26,15:01:39.581000,10518,10518,10518,1
2019-03-26,15:01:40.237000,10518,10518,10518,1
2019-03-26,15:01:41.539000,10518,10518,10518,1
2019-03-26,15:01:42.411000,10518,10518,10518,5
2019-03-26,15:01:45.226000,10517,10517,10517,1
2019-03-26,15:01:47.746000,10518,10518,10518,1
2019-03-26,15:01:49.070000,10518,10518,10518,1
2019-03-26,15:01:52.815000,10518,10518,10518,1
2019-03-26,15:01:53.997000,10518,10518,10518,1
2019-03-26,15:02:13.892000,10517,10517,10517,1
2019-03-26,15:02:16.037000,10518,10518,10518,1
2019-03-26,15:02:18.634000,10518,10518,10518,1
2019-03-26,15:02:20.002000,10518,10518,10518,1
2019-03-26,15:02:20.621000,10517,10517,10517,6
2019-03-26,15:02:20.643000,10517,10517,10517,4
2019-03-26,15:02:20.643000,10517,10517,10517,4
2019-03-26,15:02:20.643000,10517,10517,10517,2
2019-03-26,15:02:20.643000,10517,10517,10517,3
2019-03-26,15:02:20.644000,10517,10517,10517,5
2019-03-26,15:02:20.644000,10517,10517,10517,2
2019-03-26,15:02:20.767000,10517,10517,10517,2
2019-03-26,15:02:22.467000,10517,10517,10517,1
2019-03-26,15:02:23.500000,10517,10517,10517,1
2019-03-26,15:02:25.406000,10517,10517,10517,5
2019-03-26,15:02:27.974000,10517,10517,10517,1
2019-03-26,15:02:29.810000,10517,10517,10517,5
2019-03-26,15:02:31.842000,10516,10516,10516,2
2019-03-26,15:02:32.234000,10517,10517,10517,1
2019-03-26,15:02:33.705000,10517,10517,10517,1
2019-03-26,15:02:36.439000,10517,10517,10517,5
2019-03-26,15:02:38.648000,10517,10517,10517,5
2019-03-26,15:02:39.433000,10517,10517,10517,1
2019-03-26,15:02:40.867000,10517,10517,10517,1
2019-03-26,15:02:41.570000,10516,10516,10516,1
2019-03-26,15:02:47.023000,10516,10516,10516,1
2019-03-26,15:02:51.009000,10517,10517,10517,2
2019-03-26,15:02:51.169000,10516,10516,10516,1
2019-03-26,15:02:52.060000,10516,10516,10516,1
2019-03-26,15:02:52.181000,10516,10516,10516,1
2019-03-26,15:03:07.359000,10517,10517,10517,2
2019-03-26,15:03:08.700000,10517,10517,10517,1
2019-03-26,15:03:08.700000,10517,10517,10517,1
2019-03-26,15:03:08.700000,10517,10517,10517,10
2019-03-26,15:03:08.892000,10517,10517,10517,1
2019-03-26,15:03:09.495000,10517,10517,10517,4
2019-03-26,15:03:09.656000,10517,10517,10517,1
2019-03-26,15:03:20.683000,10518,10518,10518,1
2019-03-26,15:03:23.180000,10518,10518,10518,40
2019-03-26,15:03:23.517000,10518,10518,10518,10
2019-03-26,15:03:32.767000,10518,10518,10518,3
2019-03-26,15:03:35.103000,10518,10518,10518,1
2019-03-26,15:03:42.834000,10518,10518,10518,6
2019-03-26,15:03:45.854000,10518,10518,10518,1
2019-03-26,15:03:51.469000,10518,10518,10518,3
2019-03-26,15:03:51.520000,10518,10518,10518,2
2019-03-26,15:03:51.856000,10518,10518,10518,1
2019-03-26,15:03:53.652000,10518,10518,10518,1
2019-03-26,15:03:53.652000,10518,10518,10518,1
2019-03-26,15:03:53.868000,10518,10518,10518,1
2019-03-26,15:03:55.440000,10518,10518,10518,2
2019-03-26,15:03:56.290000,10518,10518,10518,2
2019-03-26,15:04:00.309000,10518,10518,10518,6
2019-03-26,15:04:01.730000,10518,10518,10518,1
2019-03-26,15:04:02.425000,10518,10518,10518,1
2019-03-26,15:04:03.439000,10518,10518,10518,1
2019-03-26,15:04:05.288000,10518,10518,10518,1
2019-03-26,15:04:09.141000,10518,10518,10518,1
2019-03-26,15:04:20.091000,10518,10518,10518,13
2019-03-26,15:04:20.215000,10518,10518,10518,2
2019-03-26,15:04:21.133000,10519,10519,10519,2
2019-03-26,15:04:21.207000,10518,10518,10518,1
2019-03-26,15:04:26.787000,10518,10518,10518,3
2019-03-26,15:04:26.892000,10518,10518,10518,1
2019-03-26,15:04:32.671000,10518,10518,10518,1
2019-03-26,15:04:33.209000,10518,10518,10518,3
2019-03-26,15:04:50.757000,10518,10518,10518,2
2019-03-26,15:04:53.846000,10518,10518,10518,1
2019-03-26,15:04:54.375000,10518,10518,10518,8
2019-03-26,15:04:54.375000,10518,10518,10518,2
2019-03-26,15:04:55.465000,10519,10519,10519,2
2019-03-26,15:05:01.118000,10518,10518,10518,1
2019-03-26,15:05:01.725000,10517,10517,10517,1
2019-03-26,15:05:02.232000,10519,10519,10519,1
2019-03-26,15:05:08.827000,10518,10518,10518,1
2019-03-26,15:05:15.775000,10518,10518,10518,1
2019-03-26,15:05:16.121000,10518,10518,10518,1
2019-03-26,15:05:16.332000,10518,10518,10518,1
2019-03-26,15:05:20.012000,10518,10518,10518,1
2019-03-26,15:05:21.095000,10518,10518,10518,1
2019-03-26,15:05:22.545000,10518,10518,10518,1
2019-03-26,15:05:24.752000,10519,10519,10519,2
2019-03-26,15:05:26.718000,10518,10518,10518,1
2019-03-26,15:05:32.863000,10518,10518,10518,4
2019-03-26,15:05:33.061000,10518,10518,10518,1
2019-03-26,15:05:42.424000,10518,10518,10518,8
2019-03-26,15:05:42.424000,10518,10518,10518,2
2019-03-26,15:05:42.635000,10517,10517,10517,1
2019-03-26,15:05:42.696000,10517,10517,10517,1
2019-03-26,15:05:47.166000,10517,10517,10517,5
2019-03-26,15:05:47.501000,10517,10517,10517,5
2019-03-26,15:05:51.785000,10518,10518,10518,1
2019-03-26,15:06:04.923000,10517,10517,10517,2
2019-03-26,15:06:07.514000,10517,10517,10517,5
2019-03-26,15:06:08.914000,10517,10517,10517,1
2019-03-26,15:06:09.568000,10517,10517,10517,1
2019-03-26,15:06:09.854000,10517,10517,10517,4
2019-03-26,15:06:17.624000,10517,10517,10517,2
2019-03-26,15:06:27.654000,10517,10517,10517,1
2019-03-26,15:06:29.383000,10517,10517,10517,2
2019-03-26,15:06:29.810000,10517,10517,10517,2
2019-03-26,15:06:29.892000,10517,10517,10517,1
2019-03-26,15:06:30.480000,10517,10517,10517,2
2019-03-26,15:06:33.955000,10517,10517,10517,1
2019-03-26,15:06:34.273000,10518,10518,10518,1
2019-03-26,15:06:34.371000,10517,10517,10517,1
2019-03-26,15:06:34.702000,10517,10517,10517,2
2019-03-26,15:06:42.546000,10517,10517,10517,5
2019-03-26,15:06:44.860000,10517,10517,10517,1
2019-03-26,15:06:45.885000,10517,10517,10517,1
2019-03-26,15:06:48.596000,10517,10517,10517,1
2019-03-26,15:06:49.800000,10517,10517,10517,2
2019-03-26,15:06:54.017000,10517,10517,10517,1
2019-03-26,15:06:56.355000,10517,10517,10517,2
2019-03-26,15:07:11.287000,10517,10517,10517,1
2019-03-26,15:07:15.735000,10517,10517,10517,2
2019-03-26,15:07:28.115000,10517,10517,10517,1
2019-03-26,15:07:33.959000,10516,10516,10516,1
2019-03-26,15:07:36.148000,10516,10516,10516,1
2019-03-26,15:07:38.430000,10516,10516,10516,7
2019-03-26,15:07:47.330000,10516,10516,10516,1
2019-03-26,15:07:50.503000,10517,10517,10517,1
2019-03-26,15:07:57.782000,10517,10517,10517,1
2019-03-26,15:08:04.389000,10517,10517,10517,1
2019-03-26,15:08:12.315000,10517,10517,10517,1
2019-03-26,15:08:13.856000,10517,10517,10517,1
2019-03-26,15:08:18.177000,10516,10516,10516,1
2019-03-26,15:08:18.254000,10517,10517,10517,8
2019-03-26,15:08:18.254000,10517,10517,10517,2
2019-03-26,15:08:18.255000,10517,10517,10517,8
2019-03-26,15:08:18.268000,10517,10517,10517,9
2019-03-26,15:08:18.268000,10517,10517,10517,1
2019-03-26,15:08:18.494000,10517,10517,10517,2
2019-03-26,15:08:18.501000,10517,10517,10517,2
2019-03-26,15:08:19.612000,10517,10517,10517,2
2019-03-26,15:08:21.759000,10517,10517,10517,1
2019-03-26,15:08:23.517000,10517,10517,10517,1
2019-03-26,15:08:24.917000,10517,10517,10517,1
2019-03-26,15:08:25.613000,10517,10517,10517,2
2019-03-26,15:08:29.472000,10517,10517,10517,2
2019-03-26,15:08:31.678000,10517,10517,10517,2
2019-03-26,15:08:37.521000,10517,10517,10517,1
2019-03-26,15:08:38.010000,10517,10517,10517,2
2019-03-26,15:08:44.008000,10517,10517,10517,6
2019-03-26,15:08:44.017000,10517,10517,10517,1
2019-03-26,15:08:44.086000,10517,10517,10517,1
2019-03-26,15:08:51.821000,10517,10517,10517,2
2019-03-26,15:08:53.502000,10517,10517,10517,1
2019-03-26,15:08:54.509000,10517,10517,10517,2
2019-03-26,15:08:57.456000,10517,10517,10517,5
2019-03-26,15:09:01.491000,10517,10517,10517,4
2019-03-26,15:09:04.986000,10518,10518,10518,1
2019-03-26,15:09:06.966000,10517,10517,10517,1
2019-03-26,15:09:06.968000,10517,10517,10517,2
2019-03-26,15:09:06.968000,10517,10517,10517,1
2019-03-26,15:09:06.969000,10517,10517,10517,5
2019-03-26,15:09:13.733000,10516,10516,10516,5
2019-03-26,15:09:19.398000,10517,10517,10517,1
2019-03-26,15:09:45.293000,10517,10517,10517,2
2019-03-26,15:09:46.766000,10517,10517,10517,1
2019-03-26,15:10:03.734000,10517,10517,10517,5
2019-03-26,15:10:11.909000,10517,10517,10517,1
2019-03-26,15:10:27.982000,10517,10517,10517,1
2019-03-26,15:10:38.677000,10516,10516,10516,1
2019-03-26,15:10:39.645000,10516,10516,10516,14
2019-03-26,15:10:41.623000,10516,10516,10516,1
2019-03-26,15:10:44.017000,10516,10516,10516,1
2019-03-26,15:10:49.045000,10516,10516,10516,9
2019-03-26,15:11:01.544000,10517,10517,10517,4
2019-03-26,15:11:01.546000,10517,10517,10517,1
2019-03-26,15:11:01.549000,10517,10517,10517,8
2019-03-26,15:11:01.585000,10517,10517,10517,4
2019-03-26,15:11:01.642000,10517,10517,10517,1
2019-03-26,15:11:02.664000,10517,10517,10517,1
2019-03-26,15:11:06.142000,10517,10517,10517,1
2019-03-26,15:11:24.267000,10517,10517,10517,1
2019-03-26,15:11:29.274000,10516,10516,10516,1
2019-03-26,15:11:44.656000,10517,10517,10517,2
2019-03-26,15:11:44.678000,10517,10517,10517,1
2019-03-26,15:11:46.091000,10516,10516,10516,1
2019-03-26,15:11:56.069000,10517,10517,10517,1
2019-03-26,15:11:56.233000,10517,10517,10517,1
2019-03-26,15:11:56.829000,10517,10517,10517,1
2019-03-26,15:12:06.959000,10517,10517,10517,1
2019-03-26,15:12:08.881000,10517,10517,10517,1
2019-03-26,15:12:13.694000,10517,10517,10517,1
2019-03-26,15:12:14.009000,10517,10517,10517,1
2019-03-26,15:12:14.522000,10517,10517,10517,1
2019-03-26,15:12:17.795000,10517,10517,10517,1
2019-03-26,15:12:41.912000,10517,10517,10517,2
2019-03-26,15:12:43.977000,10517,10517,10517,1
2019-03-26,15:12:44.201000,10517,10517,10517,1
2019-03-26,15:12:47.200000,10517,10517,10517,1
2019-03-26,15:12:49.493000,10517,10517,10517,1
2019-03-26,15:13:07.498000,10517,10517,10517,1
2019-03-26,15:13:19.543000,10517,10517,10517,2
2019-03-26,15:13:30.232000,10517,10517,10517,2
2019-03-26,15:13:37.539000,10517,10517,10517,1
2019-03-26,15:13:47.585000,10517,10517,10517,1
2019-03-26,15:14:16.514000,10516,10516,10516,1
2019-03-26,15:14:21.554000,10517,10517,10517,15
2019-03-26,15:14:21.557000,10517,10517,10517,1
2019-03-26,15:14:21.576000,10517,10517,10517,3
2019-03-26,15:14:30.884000,10516,10516,10516,1
2019-03-26,15:14:37.967000,10517,10517,10517,1
2019-03-26,15:14:40.886000,10517,10517,10517,1
2019-03-26,15:14:52.885000,10517,10517,10517,3
2019-03-26,15:14:58.069000,10517,10517,10517,1
2019-03-26,15:15:00.987000,10517,10517,10517,1
2019-03-26,15:15:01.573000,10516,10516,10516,4
2019-03-26,15:15:01.642000,10516,10516,10516,17
2019-03-26,15:15:01.701000,10516,10516,10516,1
2019-03-26,15:15:01.768000,10516,10516,10516,8
2019-03-26,15:15:01.768000,10516,10516,10516,12
2019-03-26,15:15:16.211000,10516,10516,10516,1
2019-03-26,15:15:21.078000,10516,10516,10516,1
2019-03-26,15:15:26.826000,10516,10516,10516,1
2019-03-26,15:15:40.356000,10516,10516,10516,2
2019-03-26,15:15:45.536000,10516,10516,10516,1
2019-03-26,15:15:46.346000,10516,10516,10516,1
2019-03-26,15:15:47.751000,10516,10516,10516,1
2019-03-26,15:15:56.205000,10516,10516,10516,2
2019-03-26,15:15:59.995000,10516,10516,10516,1
2019-03-26,15:16:14.729000,10516,10516,10516,1
2019-03-26,15:16:15.470000,10516,10516,10516,1
2019-03-26,15:16:18.270000,10516,10516,10516,1
2019-03-26,15:16:19.546000,10516,10516,10516,3
2019-03-26,15:16:48.905000,10516,10516,10516,1
2019-03-26,15:17:30.559000,10515,10515,10515,1
2019-03-26,15:17:33.141000,10515,10515,10515,1
2019-03-26,15:17:42.975000,10515,10515,10515,3
2019-03-26,15:17:48.053000,10515,10515,10515,1
2019-03-26,15:17:54.153000,10515,10515,10515,2
2019-03-26,15:18:25.710000,10516,10516,10516,1
2019-03-26,15:18:26.458000,10515,10515,10515,1
2019-03-26,15:18:33.219000,10515,10515,10515,1
2019-03-26,15:18:35.191000,10515,10515,10515,9
2019-03-26,15:18:44.615000,10515,10515,10515,1
2019-03-26,15:18:47.413000,10515,10515,10515,1
2019-03-26,15:18:51.234000,10515,10515,10515,1
2019-03-26,15:18:57.362000,10515,10515,10515,1
2019-03-26,15:18:57.772000,10515,10515,10515,1
2019-03-26,15:19:01.516000,10515,10515,10515,1
2019-03-26,15:19:03.493000,10515,10515,10515,1
2019-03-26,15:19:10.531000,10515,10515,10515,1
2019-03-26,15:19:17.292000,10515,10515,10515,1
2019-03-26,15:19:19.950000,10515,10515,10515,1
2019-03-26,15:19:23.188000,10515,10515,10515,1
2019-03-26,15:19:30.666000,10515,10515,10515,1
2019-03-26,15:19:30.928000,10515,10515,10515,3
2019-03-26,15:19:41.930000,10515,10515,10515,1
2019-03-26,15:19:42.373000,10515,10515,10515,1
2019-03-26,15:20:01.374000,10516,10516,10516,1
2019-03-26,15:20:09.667000,10515,10515,10515,4
2019-03-26,15:20:15.344000,10516,10516,10516,1
2019-03-26,15:20:26.361000,10516,10516,10516,1
2019-03-26,15:20:26.361000,10516,10516,10516,2
2019-03-26,15:20:26.361000,10516,10516,10516,4
2019-03-26,15:20:26.361000,10516,10516,10516,8
2019-03-26,15:20:26.518000,10516,10516,10516,13
2019-03-26,15:20:26.600000,10516,10516,10516,1
2019-03-26,15:20:26.959000,10516,10516,10516,1
2019-03-26,15:20:46.904000,10517,10517,10517,1
2019-03-26,15:20:47.107000,10516,10516,10516,1
2019-03-26,15:21:16.345000,10516,10516,10516,1
2019-03-26,15:21:24.999000,10516,10516,10516,3
2019-03-26,15:21:25.743000,10516,10516,10516,2
2019-03-26,15:21:30.064000,10516,10516,10516,3
2019-03-26,15:21:37.399000,10516,10516,10516,1
2019-03-26,15:21:40.997000,10516,10516,10516,1
2019-03-26,15:21:49.356000,10516,10516,10516,1
2019-03-26,15:22:26.198000,10516,10516,10516,1
2019-03-26,15:22:26.199000,10516,10516,10516,3
2019-03-26,15:22:28.353000,10516,10516,10516,1
2019-03-26,15:22:34.107000,10516,10516,10516,1
2019-03-26,15:22:34.107000,10517,10517,10517,1
2019-03-26,15:22:39.973000,10516,10516,10516,1
2019-03-26,15:22:46.463000,10517,10517,10517,1
2019-03-26,15:22:52.031000,10516,10516,10516,1
2019-03-26,15:23:20.361000,10517,10517,10517,1
2019-03-26,15:23:23.934000,10517,10517,10517,1
2019-03-26,15:23:24.459000,10517,10517,10517,3
2019-03-26,15:23:24.903000,10517,10517,10517,3
2019-03-26,15:24:06.611000,10517,10517,10517,1
2019-03-26,15:25:00.123000,10517,10517,10517,1
2019-03-26,15:25:00.123000,10517,10517,10517,2
2019-03-26,15:25:00.123000,10517,10517,10517,5
2019-03-26,15:25:00.363000,10517,10517,10517,1
2019-03-26,15:25:04.633000,10517,10517,10517,1
2019-03-26,15:25:05.765000,10516,10516,10516,3
2019-03-26,15:25:05.765000,10516,10516,10516,16
2019-03-26,15:25:09.412000,10516,10516,10516,1
2019-03-26,15:25:28.186000,10516,10516,10516,1
2019-03-26,15:25:28.186000,10516,10516,10516,2
2019-03-26,15:25:42.540000,10516,10516,10516,1
2019-03-26,15:25:48.865000,10516,10516,10516,1
2019-03-26,15:26:02.272000,10516,10516,10516,2
2019-03-26,15:26:10.725000,10516,10516,10516,4
2019-03-26,15:26:33.118000,10516,10516,10516,1
2019-03-26,15:26:58.822000,10516,10516,10516,1
2019-03-26,15:26:58.822000,10516,10516,10516,5
2019-03-26,15:26:58.822000,10516,10516,10516,4
2019-03-26,15:27:16.789000,10516,10516,10516,1
2019-03-26,15:27:47.373000,10516,10516,10516,2
2019-03-26,15:27:47.373000,10516,10516,10516,4
2019-03-26,15:28:01.550000,10516,10516,10516,1
2019-03-26,15:28:06.186000,10516,10516,10516,1
2019-03-26,15:28:23.032000,10515,10515,10515,1
2019-03-26,15:28:23.069000,10515,10515,10515,4
2019-03-26,15:28:26.519000,10515,10515,10515,1
2019-03-26,15:28:29.484000,10515,10515,10515,5
2019-03-26,15:28:31.693000,10515,10515,10515,3
2019-03-26,15:28:42.169000,10515,10515,10515,1
2019-03-26,15:28:45.586000,10515,10515,10515,1
2019-03-26,15:28:49.594000,10515,10515,10515,5
2019-03-26,15:28:50.330000,10515,10515,10515,1
2019-03-26,15:28:54.077000,10515,10515,10515,1
2019-03-26,15:28:56.095000,10515,10515,10515,1
2019-03-26,15:29:00.468000,10515,10515,10515,4
2019-03-26,15:29:02.213000,10515,10515,10515,1
2019-03-26,15:29:02.267000,10515,10515,10515,1
2019-03-26,15:29:02.310000,10515,10515,10515,1
2019-03-26,15:29:04.526000,10514,10514,10514,2
2019-03-26,15:29:04.730000,10514,10514,10514,1
2019-03-26,15:29:05.361000,10514,10514,10514,2
2019-03-26,15:29:05.911000,10514,10514,10514,2
2019-03-26,15:29:07.169000,10515,10515,10515,1
2019-03-26,15:29:33.133000,10514,10514,10514,2
2019-03-26,15:29:34.850000,10514,10514,10514,1
2019-03-26,15:29:37.952000,10514,10514,10514,1
2019-03-26,15:29:41.239000,10514,10514,10514,1
2019-03-26,15:29:46.065000,10514,10514,10514,1
2019-03-26,15:29:46.742000,10515,10515,10515,10
2019-03-26,15:29:46.742000,10515,10515,10515,8
2019-03-26,15:29:46.779000,10515,10515,10515,1
2019-03-26,15:29:47.031000,10515,10515,10515,1
2019-03-26,15:29:58.738000,10515,10515,10515,1
2019-03-26,15:30:11.935000,10515,10515,10515,3
2019-03-26,15:30:12.313000,10514,10514,10514,1
2019-03-26,15:30:12.737000,10515,10515,10515,1
2019-03-26,15:30:12.991000,10514,10514,10514,5
2019-03-26,15:30:13.163000,10514,10514,10514,2
2019-03-26,15:30:13.223000,10514,10514,10514,1
2019-03-26,15:30:13.496000,10514,10514,10514,1
2019-03-26,15:30:14.094000,10514,10514,10514,2
2019-03-26,15:30:23.416000,10514,10514,10514,2
2019-03-26,15:30:25.831000,10514,10514,10514,1
2019-03-26,15:30:26.903000,10514,10514,10514,2
2019-03-26,15:30:29.895000,10514,10514,10514,3
2019-03-26,15:30:35.429000,10514,10514,10514,1
2019-03-26,15:31:02.017000,10515,10515,10515,1
2019-03-26,15:31:02.070000,10515,10515,10515,2
2019-03-26,15:31:02.070000,10515,10515,10515,4
2019-03-26,15:31:02.070000,10515,10515,10515,5
2019-03-26,15:31:02.070000,10515,10515,10515,4
2019-03-26,15:31:02.070000,10515,10515,10515,1
2019-03-26,15:31:07.047000,10516,10516,10516,1
2019-03-26,15:31:34.854000,10515,10515,10515,10
2019-03-26,15:31:42.368000,10515,10515,10515,2
2019-03-26,15:31:42.368000,10514,10514,10514,2
2019-03-26,15:31:48.390000,10515,10515,10515,1
2019-03-26,15:31:49.850000,10515,10515,10515,1
2019-03-26,15:31:59.412000,10515,10515,10515,1
2019-03-26,15:32:03.169000,10515,10515,10515,2
2019-03-26,15:32:03.169000,10514,10514,10514,8
2019-03-26,15:32:04.229000,10515,10515,10515,1
2019-03-26,15:32:30.219000,10515,10515,10515,1
2019-03-26,15:32:52.380000,10515,10515,10515,2
2019-03-26,15:33:25.606000,10515,10515,10515,1
2019-03-26,15:33:25.665000,10515,10515,10515,1
2019-03-26,15:33:37.644000,10515,10515,10515,1
2019-03-26,15:33:48.517000,10515,10515,10515,1
2019-03-26,15:34:26.772000,10515,10515,10515,13
2019-03-26,15:34:28.444000,10515,10515,10515,1
2019-03-26,15:35:01.105000,10515,10515,10515,3
2019-03-26,15:35:01.144000,10515,10515,10515,1
2019-03-26,15:35:47.551000,10515,10515,10515,3
2019-03-26,15:35:48.355000,10515,10515,10515,1
2019-03-26,15:35:48.361000,10515,10515,10515,1
2019-03-26,15:36:02.716000,10516,10516,10516,6
2019-03-26,15:36:02.767000,10516,10516,10516,15
2019-03-26,15:36:04.869000,10517,10517,10517,1
2019-03-26,15:36:06.181000,10517,10517,10517,1
2019-03-26,15:36:21.478000,10516,10516,10516,1
2019-03-26,15:36:24.710000,10516,10516,10516,8
2019-03-26,15:36:24.710000,10516,10516,10516,2
2019-03-26,15:36:24.908000,10516,10516,10516,2
2019-03-26,15:36:27.005000,10516,10516,10516,1
2019-03-26,15:36:29.904000,10516,10516,10516,1
2019-03-26,15:36:40.400000,10516,10516,10516,1
2019-03-26,15:36:48.767000,10516,10516,10516,2
2019-03-26,15:37:02.825000,10517,10517,10517,3
2019-03-26,15:37:03.989000,10516,10516,10516,8
2019-03-26,15:37:04.633000,10516,10516,10516,1
2019-03-26,15:37:05.505000,10516,10516,10516,1
2019-03-26,15:37:05.505000,10516,10516,10516,1
2019-03-26,15:37:05.506000,10516,10516,10516,1
2019-03-26,15:37:08.302000,10516,10516,10516,1
2019-03-26,15:37:12.366000,10516,10516,10516,1
2019-03-26,15:37:13.280000,10516,10516,10516,5
2019-03-26,15:37:13.850000,10516,10516,10516,1
2019-03-26,15:37:18.791000,10516,10516,10516,1
2019-03-26,15:38:15.483000,10516,10516,10516,1
2019-03-26,15:38:19.933000,10517,10517,10517,9
2019-03-26,15:38:19.933000,10517,10517,10517,2
2019-03-26,15:38:19.933000,10517,10517,10517,3
2019-03-26,15:38:57.892000,10517,10517,10517,1
2019-03-26,15:39:54.399000,10517,10517,10517,1
2019-03-26,15:40:02.153000,10518,10518,10518,2
2019-03-26,15:40:04.499000,10517,10517,10517,1
2019-03-26,15:40:15.747000,10517,10517,10517,1
2019-03-26,15:40:29.454000,10517,10517,10517,10
2019-03-26,15:40:33.489000,10517,10517,10517,1
2019-03-26,15:41:05.710000,10518,10518,10518,1
2019-03-26,15:41:09.767000,10518,10518,10518,2
2019-03-26,15:41:09.768000,10518,10518,10518,2
2019-03-26,15:41:09.892000,10518,10518,10518,1
2019-03-26,15:41:09.892000,10518,10518,10518,5
2019-03-26,15:41:24.316000,10519,10519,10519,1
2019-03-26,15:41:29.304000,10518,10518,10518,1
2019-03-26,15:41:29.304000,10518,10518,10518,2
2019-03-26,15:41:29.304000,10518,10518,10518,4
2019-03-26,15:41:29.304000,10518,10518,10518,6
2019-03-26,15:41:29.304000,10518,10518,10518,2
2019-03-26,15:41:29.304000,10518,10518,10518,2
2019-03-26,15:41:29.304000,10518,10518,10518,1
2019-03-26,15:41:29.304000,10518,10518,10518,10
2019-03-26,15:41:29.304000,10518,10518,10518,5
2019-03-26,15:41:35.402000,10518,10518,10518,1
2019-03-26,15:41:46.898000,10519,10519,10519,15
2019-03-26,15:41:51.154000,10518,10518,10518,2
2019-03-26,15:41:51.154000,10518,10518,10518,1
2019-03-26,15:42:32.250000,10519,10519,10519,1
2019-03-26,15:42:40.819000,10519,10519,10519,1
2019-03-26,15:42:41.286000,10519,10519,10519,5
2019-03-26,15:42:43.445000,10519,10519,10519,3
2019-03-26,15:43:02.059000,10519,10519,10519,1
2019-03-26,15:43:02.524000,10520,10520,10520,3
2019-03-26,15:43:02.664000,10520,10520,10520,1
2019-03-26,15:43:02.667000,10520,10520,10520,5
2019-03-26,15:43:02.667000,10520,10520,10520,5
2019-03-26,15:43:02.673000,10520,10520,10520,1
2019-03-26,15:43:09.122000,10520,10520,10520,2
2019-03-26,15:43:23.551000,10520,10520,10520,3
2019-03-26,15:43:30.217000,10520,10520,10520,1
2019-03-26,15:43:30.429000,10520,10520,10520,1
2019-03-26,15:43:31.115000,10520,10520,10520,1
2019-03-26,15:43:31.127000,10520,10520,10520,1
2019-03-26,15:43:32.081000,10520,10520,10520,3
2019-03-26,15:43:32.295000,10520,10520,10520,1
2019-03-26,15:43:38.711000,10520,10520,10520,2
2019-03-26,15:43:40.726000,10520,10520,10520,10
2019-03-26,15:43:41.531000,10520,10520,10520,1
2019-03-26,15:43:41.850000,10520,10520,10520,1
2019-03-26,15:43:42.343000,10520,10520,10520,1
2019-03-26,15:43:48.625000,10520,10520,10520,1
2019-03-26,15:43:58.101000,10520,10520,10520,1
2019-03-26,15:43:58.144000,10520,10520,10520,7
2019-03-26,15:44:00.524000,10519,10519,10519,1
2019-03-26,15:44:15.052000,10520,10520,10520,1
2019-03-26,15:44:18.115000,10520,10520,10520,1
2019-03-26,15:44:21.238000,10520,10520,10520,5
2019-03-26,15:44:21.892000,10520,10520,10520,3
2019-03-26,15:44:21.892000,10520,10520,10520,2
2019-03-26,15:44:32.844000,10520,10520,10520,2
2019-03-26,15:44:35.501000,10520,10520,10520,2
2019-03-26,15:44:35.501000,10520,10520,10520,4
2019-03-26,15:44:35.501000,10521,10521,10521,1
2019-03-26,15:44:35.712000,10521,10521,10521,2
2019-03-26,15:44:36.501000,10521,10521,10521,1
2019-03-26,15:44:37.499000,10520,10520,10520,2
2019-03-26,15:44:37.500000,10520,10520,10520,2
2019-03-26,15:44:49.559000,10520,10520,10520,1
2019-03-26,15:44:55.974000,10520,10520,10520,1
2019-03-26,15:44:58.662000,10521,10521,10521,3
2019-03-26,15:45:03.925000,10521,10521,10521,3
2019-03-26,15:45:04.349000,10520,10520,10520,1
2019-03-26,15:45:10.161000,10521,10521,10521,2
2019-03-26,15:45:18.617000,10520,10520,10520,1
2019-03-26,15:45:18.870000,10521,10521,10521,1
2019-03-26,15:45:19.120000,10521,10521,10521,1
2019-03-26,15:45:23.673000,10521,10521,10521,2
2019-03-26,15:45:31.558000,10521,10521,10521,1
2019-03-26,15:45:54.107000,10521,10521,10521,1
2019-03-26,15:45:58.146000,10521,10521,10521,6
2019-03-26,15:45:58.267000,10521,10521,10521,8
2019-03-26,15:45:58.268000,10521,10521,10521,4
2019-03-26,15:45:58.687000,10522,10522,10522,1
2019-03-26,15:46:02.841000,10522,10522,10522,3
2019-03-26,15:46:03.466000,10521,10521,10521,1
2019-03-26,15:46:12.431000,10522,10522,10522,5
2019-03-26,15:46:13.085000,10521,10521,10521,1
2019-03-26,15:46:27.653000,10521,10521,10521,2
2019-03-26,15:46:30.788000,10521,10521,10521,5
2019-03-26,15:46:40.310000,10521,10521,10521,1
2019-03-26,15:46:42.642000,10521,10521,10521,3
2019-03-26,15:47:04.069000,10521,10521,10521,2
2019-03-26,15:47:04.309000,10521,10521,10521,1
2019-03-26,15:47:14.353000,10522,10522,10522,2
2019-03-26,15:47:14.855000,10521,10521,10521,1
2019-03-26,15:47:16.347000,10521,10521,10521,1
2019-03-26,15:47:17.005000,10522,10522,10522,2
2019-03-26,15:47:22.957000,10522,10522,10522,1
2019-03-26,15:47:24.847000,10522,10522,10522,1
2019-03-26,15:47:28.918000,10522,10522,10522,1
2019-03-26,15:47:34.229000,10522,10522,10522,15
2019-03-26,15:47:38.560000,10522,10522,10522,1
2019-03-26,15:47:50.124000,10522,10522,10522,1
2019-03-26,15:48:19.430000,10522,10522,10522,3
2019-03-26,15:48:19.529000,10522,10522,10522,2
2019-03-26,15:48:24.190000,10522,10522,10522,5
2019-03-26,15:48:24.247000,10522,10522,10522,12
2019-03-26,15:48:38.129000,10523,10523,10523,1
2019-03-26,15:48:38.324000,10522,10522,10522,2
2019-03-26,15:48:38.908000,10523,10523,10523,3
2019-03-26,15:48:40.747000,10523,10523,10523,4
2019-03-26,15:48:41.780000,10523,10523,10523,1
2019-03-26,15:48:44.632000,10523,10523,10523,3
2019-03-26,15:48:44.881000,10523,10523,10523,2
2019-03-26,15:48:46.048000,10523,10523,10523,1
2019-03-26,15:48:52.754000,10523,10523,10523,2
2019-03-26,15:48:56.128000,10523,10523,10523,1
2019-03-26,15:48:56.987000,10523,10523,10523,1
2019-03-26,15:49:01.460000,10523,10523,10523,1
2019-03-26,15:49:06.166000,10523,10523,10523,1
2019-03-26,15:49:06.352000,10523,10523,10523,1
2019-03-26,15:49:06.472000,10523,10523,10523,1
2019-03-26,15:49:07.644000,10523,10523,10523,1
2019-03-26,15:49:07.979000,10523,10523,10523,1
2019-03-26,15:49:08.683000,10523,10523,10523,15
2019-03-26,15:49:10.450000,10523,10523,10523,3
2019-03-26,15:49:19.809000,10523,10523,10523,19
2019-03-26,15:49:25.387000,10523,10523,10523,4
2019-03-26,15:49:27.629000,10523,10523,10523,1
2019-03-26,15:49:33.114000,10523,10523,10523,1
2019-03-26,15:49:36.616000,10523,10523,10523,3
2019-03-26,15:49:36.961000,10523,10523,10523,1
2019-03-26,15:49:42.366000,10524,10524,10524,1
2019-03-26,15:49:42.417000,10524,10524,10524,1
2019-03-26,15:49:53.601000,10523,10523,10523,2
2019-03-26,15:50:02.285000,10524,10524,10524,10
2019-03-26,15:50:02.472000,10524,10524,10524,1
2019-03-26,15:50:04.275000,10524,10524,10524,1
2019-03-26,15:50:08.103000,10524,10524,10524,1
2019-03-26,15:50:22.523000,10524,10524,10524,1
2019-03-26,15:50:31.603000,10523,10523,10523,1
2019-03-26,15:50:37.959000,10523,10523,10523,1
2019-03-26,15:50:47.755000,10523,10523,10523,1
2019-03-26,15:51:02.398000,10524,10524,10524,6
2019-03-26,15:51:15.728000,10524,10524,10524,3
2019-03-26,15:51:19.052000,10524,10524,10524,1
2019-03-26,15:51:23.001000,10524,10524,10524,1
2019-03-26,15:51:23.001000,10524,10524,10524,3
2019-03-26,15:51:23.017000,10524,10524,10524,7
2019-03-26,15:51:23.017000,10524,10524,10524,5
2019-03-26,15:51:35.721000,10525,10525,10525,3
2019-03-26,15:51:35.799000,10525,10525,10525,2
2019-03-26,15:51:41.385000,10525,10525,10525,1
2019-03-26,15:52:02.500000,10525,10525,10525,7
2019-03-26,15:52:07.058000,10525,10525,10525,1
2019-03-26,15:52:07.848000,10525,10525,10525,1
2019-03-26,15:52:09.514000,10525,10525,10525,2
2019-03-26,15:52:11.601000,10525,10525,10525,1
2019-03-26,15:52:13.339000,10525,10525,10525,1
2019-03-26,15:52:13.841000,10525,10525,10525,1
2019-03-26,15:52:14.381000,10525,10525,10525,1
2019-03-26,15:52:14.999000,10525,10525,10525,1
2019-03-26,15:52:15.679000,10525,10525,10525,1
2019-03-26,15:52:17.543000,10525,10525,10525,1
2019-03-26,15:52:18.495000,10525,10525,10525,1
2019-03-26,15:52:19.285000,10525,10525,10525,1
2019-03-26,15:52:19.953000,10525,10525,10525,1
2019-03-26,15:52:21.331000,10525,10525,10525,1
2019-03-26,15:52:21.564000,10525,10525,10525,1
2019-03-26,15:52:22.488000,10525,10525,10525,1
2019-03-26,15:52:23.536000,10525,10525,10525,1
2019-03-26,15:52:24.281000,10525,10525,10525,1
2019-03-26,15:52:24.281000,10525,10525,10525,3
2019-03-26,15:52:37.799000,10525,10525,10525,1
2019-03-26,15:52:38.961000,10525,10525,10525,8
2019-03-26,15:52:41.005000,10526,10526,10526,2
2019-03-26,15:52:41.064000,10526,10526,10526,1
2019-03-26,15:52:41.212000,10526,10526,10526,1
2019-03-26,15:52:41.229000,10526,10526,10526,1
2019-03-26,15:52:41.521000,10525,10525,10525,1
2019-03-26,15:52:47.528000,10526,10526,10526,2
2019-03-26,15:52:48.771000,10525,10525,10525,1
2019-03-26,15:52:49.291000,10525,10525,10525,1
2019-03-26,15:52:54.192000,10525,10525,10525,1
2019-03-26,15:52:56.090000,10526,10526,10526,1
2019-03-26,15:53:13.642000,10525,10525,10525,3
2019-03-26,15:53:16.264000,10525,10525,10525,2
2019-03-26,15:53:16.270000,10525,10525,10525,8
2019-03-26,15:53:16.597000,10526,10526,10526,1
2019-03-26,15:53:24.356000,10525,10525,10525,1
2019-03-26,15:53:48.260000,10525,10525,10525,1
2019-03-26,15:53:51.935000,10525,10525,10525,1
2019-03-26,15:54:04.437000,10525,10525,10525,1
2019-03-26,15:54:15.235000,10524,10524,10524,1
2019-03-26,15:54:19.944000,10524,10524,10524,1
2019-03-26,15:54:19.944000,10524,10524,10524,2
2019-03-26,15:54:21.986000,10524,10524,10524,1
2019-03-26,15:54:33.757000,10524,10524,10524,1
2019-03-26,15:54:36.910000,10524,10524,10524,1
2019-03-26,15:54:41.184000,10524,10524,10524,1
2019-03-26,15:54:46.473000,10524,10524,10524,5
2019-03-26,15:54:52.381000,10523,10523,10523,1
2019-03-26,15:55:33.493000,10523,10523,10523,1
2019-03-26,15:55:40.218000,10523,10523,10523,1
2019-03-26,15:55:42.016000,10523,10523,10523,2
2019-03-26,15:55:44.381000,10524,10524,10524,1
2019-03-26,15:56:05.458000,10524,10524,10524,2
2019-03-26,15:56:05.458000,10524,10524,10524,2
2019-03-26,15:56:05.458000,10524,10524,10524,2
2019-03-26,15:56:05.458000,10524,10524,10524,2
2019-03-26,15:56:05.458000,10524,10524,10524,4
2019-03-26,15:56:10.656000,10524,10524,10524,1
2019-03-26,15:56:22.008000,10524,10524,10524,1
2019-03-26,15:56:28.427000,10524,10524,10524,1
2019-03-26,15:56:32.044000,10524,10524,10524,3
2019-03-26,15:56:38.869000,10525,10525,10525,3
2019-03-26,15:56:40.770000,10524,10524,10524,1
2019-03-26,15:56:43.966000,10524,10524,10524,1
2019-03-26,15:57:03.150000,10525,10525,10525,1
2019-03-26,15:57:15.374000,10524,10524,10524,1
2019-03-26,15:57:27.064000,10524,10524,10524,1
2019-03-26,15:57:27.550000,10524,10524,10524,1
2019-03-26,15:57:37.145000,10524,10524,10524,2
2019-03-26,15:57:41.126000,10524,10524,10524,1
2019-03-26,15:57:53.468000,10524,10524,10524,1
2019-03-26,15:57:59.239000,10524,10524,10524,2
2019-03-26,15:58:00.512000,10524,10524,10524,1
2019-03-26,15:58:12.868000,10524,10524,10524,1
2019-03-26,15:58:16.632000,10524,10524,10524,3
2019-03-26,15:58:55.329000,10524,10524,10524,5
2019-03-26,15:59:00.432000,10524,10524,10524,1
2019-03-26,15:59:07.073000,10524,10524,10524,1
2019-03-26,15:59:18.044000,10524,10524,10524,1
2019-03-26,15:59:18.741000,10524,10524,10524,1
2019-03-26,15:59:45.154000,10524,10524,10524,1
2019-03-26,15:59:45.155000,10524,10524,10524,1
2019-03-26,15:59:45.155000,10524,10524,10524,1
2019-03-26,15:59:45.155000,10524,10524,10524,4
2019-03-26,15:59:45.745000,10524,10524,10524,2
2019-03-26,16:00:08.782000,10524,10524,10524,1
2019-03-26,16:00:09.293000,10523,10523,10523,1
2019-03-26,16:00:09.723000,10524,10524,10524,1
2019-03-26,16:00:10.833000,10523,10523,10523,1
2019-03-26,16:00:17.471000,10524,10524,10524,1
2019-03-26,16:00:17.641000,10524,10524,10524,1
2019-03-26,16:00:18.908000,10524,10524,10524,1
2019-03-26,16:00:33.227000,10524,10524,10524,1
2019-03-26,16:00:40.253000,10524,10524,10524,1
2019-03-26,16:00:41.074000,10524,10524,10524,1
2019-03-26,16:00:47.428000,10523,10523,10523,16
2019-03-26,16:00:47.429000,10523,10523,10523,2
2019-03-26,16:00:47.429000,10523,10523,10523,5
2019-03-26,16:00:47.430000,10523,10523,10523,4
2019-03-26,16:00:47.503000,10523,10523,10523,1
2019-03-26,16:00:49.620000,10522,10522,10522,1
2019-03-26,16:00:52.660000,10522,10522,10522,1
2019-03-26,16:00:56.619000,10522,10522,10522,10
2019-03-26,16:01:02.197000,10521,10521,10521,2
2019-03-26,16:01:02.652000,10522,10522,10522,2
2019-03-26,16:01:17.294000,10522,10522,10522,1
2019-03-26,16:01:19.142000,10522,10522,10522,4
2019-03-26,16:01:20.634000,10522,10522,10522,1
2019-03-26,16:01:25.739000,10522,10522,10522,1
2019-03-26,16:01:30.852000,10522,10522,10522,1
2019-03-26,16:01:45.839000,10521,10521,10521,1
2019-03-26,16:01:50.957000,10521,10521,10521,1
2019-03-26,16:01:57.145000,10521,10521,10521,1
2019-03-26,16:02:08.907000,10521,10521,10521,1
2019-03-26,16:02:14.902000,10521,10521,10521,1
2019-03-26,16:02:24.966000,10521,10521,10521,1
2019-03-26,16:02:26.900000,10521,10521,10521,1
2019-03-26,16:02:27.794000,10521,10521,10521,1
2019-03-26,16:02:30.271000,10521,10521,10521,1
2019-03-26,16:02:59.498000,10522,10522,10522,4
2019-03-26,16:02:59.498000,10522,10522,10522,1
2019-03-26,16:02:59.498000,10522,10522,10522,2
2019-03-26,16:03:05.388000,10523,10523,10523,1
2019-03-26,16:03:08.804000,10523,10523,10523,6
2019-03-26,16:03:22.523000,10522,10522,10522,1
2019-03-26,16:03:38.020000,10522,10522,10522,1
2019-03-26,16:03:53.672000,10522,10522,10522,1
2019-03-26,16:04:07.531000,10522,10522,10522,5
2019-03-26,16:04:28.444000,10522,10522,10522,2
2019-03-26,16:04:31.387000,10522,10522,10522,1
2019-03-26,16:04:44.023000,10523,10523,10523,19
2019-03-26,16:04:46.305000,10522,10522,10522,5
2019-03-26,16:05:04.304000,10522,10522,10522,1
2019-03-26,16:05:07.210000,10522,10522,10522,5
2019-03-26,16:05:09.263000,10521,10521,10521,14
2019-03-26,16:05:14.676000,10521,10521,10521,4
2019-03-26,16:05:14.767000,10521,10521,10521,11
2019-03-26,16:05:49.017000,10520,10520,10520,1
2019-03-26,16:05:49.020000,10520,10520,10520,1
2019-03-26,16:05:49.142000,10520,10520,10520,2
2019-03-26,16:05:49.142000,10520,10520,10520,1
2019-03-26,16:05:49.143000,10520,10520,10520,2
2019-03-26,16:05:49.143000,10520,10520,10520,6
2019-03-26,16:05:49.143000,10520,10520,10520,4
2019-03-26,16:05:49.143000,10520,10520,10520,2
2019-03-26,16:05:49.143000,10520,10520,10520,4
2019-03-26,16:05:49.143000,10520,10520,10520,5
2019-03-26,16:05:49.143000,10520,10520,10520,1
2019-03-26,16:06:08.205000,10520,10520,10520,5
2019-03-26,16:06:20.149000,10520,10520,10520,1
2019-03-26,16:06:20.149000,10520,10520,10520,2
2019-03-26,16:06:20.150000,10520,10520,10520,1
2019-03-26,16:06:20.348000,10520,10520,10520,1
2019-03-26,16:07:01.410000,10521,10521,10521,5
2019-03-26,16:07:03.360000,10521,10521,10521,1
2019-03-26,16:07:06.091000,10521,10521,10521,1
2019-03-26,16:07:07.932000,10520,10520,10520,1
2019-03-26,16:07:22.371000,10520,10520,10520,1
2019-03-26,16:07:31.563000,10520,10520,10520,3
2019-03-26,16:07:31.571000,10520,10520,10520,4
2019-03-26,16:07:31.579000,10520,10520,10520,1
2019-03-26,16:07:36.310000,10520,10520,10520,1
2019-03-26,16:07:38.243000,10520,10520,10520,1
2019-03-26,16:07:48.935000,10520,10520,10520,1
2019-03-26,16:08:03.398000,10520,10520,10520,10
2019-03-26,16:08:15.754000,10520,10520,10520,10
2019-03-26,16:08:21.454000,10520,10520,10520,1
2019-03-26,16:08:22.509000,10520,10520,10520,1
2019-03-26,16:08:24.225000,10520,10520,10520,1
2019-03-26,16:08:27.027000,10520,10520,10520,4
2019-03-26,16:08:33.324000,10521,10521,10521,5
2019-03-26,16:08:41.844000,10522,10522,10522,1
2019-03-26,16:08:47.528000,10522,10522,10522,1
2019-03-26,16:09:04.054000,10523,10523,10523,1
2019-03-26,16:09:04.182000,10523,10523,10523,1
2019-03-26,16:09:24.312000,10522,10522,10522,2
2019-03-26,16:09:38.813000,10523,10523,10523,1
2019-03-26,16:09:38.892000,10523,10523,10523,7
2019-03-26,16:09:47.657000,10523,10523,10523,2
2019-03-26,16:09:47.897000,10523,10523,10523,1
2019-03-26,16:10:04.655000,10523,10523,10523,2
2019-03-26,16:10:11.205000,10524,10524,10524,3
2019-03-26,16:10:22.702000,10524,10524,10524,2
2019-03-26,16:10:25.003000,10524,10524,10524,1
2019-03-26,16:10:31.763000,10523,10523,10523,1
2019-03-26,16:10:45.696000,10523,10523,10523,1
2019-03-26,16:10:45.933000,10523,10523,10523,1
2019-03-26,16:10:58.406000,10523,10523,10523,1
2019-03-26,16:10:58.406000,10523,10523,10523,2
2019-03-26,16:10:58.406000,10523,10523,10523,3
2019-03-26,16:10:58.407000,10523,10523,10523,4
2019-03-26,16:10:58.407000,10523,10523,10523,3
2019-03-26,16:11:21.443000,10522,10522,10522,6
2019-03-26,16:11:28.691000,10521,10521,10521,2
2019-03-26,16:11:29.249000,10520,10520,10520,1
2019-03-26,16:11:32.521000,10521,10521,10521,2
2019-03-26,16:12:04.318000,10521,10521,10521,20
2019-03-26,16:12:04.347000,10522,10522,10522,1
2019-03-26,16:12:18.092000,10522,10522,10522,2
2019-03-26,16:12:18.296000,10523,10523,10523,10
2019-03-26,16:12:20.394000,10523,10523,10523,10
2019-03-26,16:12:20.572000,10523,10523,10523,7
2019-03-26,16:12:20.618000,10523,10523,10523,1
2019-03-26,16:12:20.649000,10523,10523,10523,2
2019-03-26,16:12:26.224000,10522,10522,10522,5
2019-03-26,16:12:26.224000,10522,10522,10522,2
2019-03-26,16:12:26.224000,10522,10522,10522,3
2019-03-26,16:12:26.267000,10522,10522,10522,2
2019-03-26,16:12:26.267000,10522,10522,10522,1
2019-03-26,16:12:26.267000,10522,10522,10522,5
2019-03-26,16:12:32.626000,10522,10522,10522,1
2019-03-26,16:12:44.644000,10521,10521,10521,7
2019-03-26,16:12:44.769000,10521,10521,10521,1
2019-03-26,16:13:01.392000,10521,10521,10521,1
2019-03-26,16:13:26.316000,10520,10520,10520,2
2019-03-26,16:13:47.522000,10521,10521,10521,1
2019-03-26,16:13:47.568000,10521,10521,10521,1
2019-03-26,16:13:47.642000,10521,10521,10521,1
2019-03-26,16:13:50.537000,10521,10521,10521,2
2019-03-26,16:13:50.537000,10521,10521,10521,3
2019-03-26,16:14:06.045000,10521,10521,10521,1
2019-03-26,16:14:10.287000,10521,10521,10521,1
2019-03-26,16:14:13.909000,10520,10520,10520,1
2019-03-26,16:14:29.881000,10520,10520,10520,2
2019-03-26,16:14:30.974000,10520,10520,10520,3
2019-03-26,16:14:30.975000,10520,10520,10520,4
2019-03-26,16:14:30.975000,10520,10520,10520,1
2019-03-26,16:14:53.570000,10520,10520,10520,4
2019-03-26,16:15:10.260000,10520,10520,10520,2
2019-03-26,16:15:12.758000,10519,10519,10519,13
2019-03-26,16:15:13.471000,10518,10518,10518,2
2019-03-26,16:15:13.535000,10518,10518,10518,1
2019-03-26,16:15:13.625000,10518,10518,10518,1
2019-03-26,16:15:13.670000,10518,10518,10518,4
2019-03-26,16:15:13.688000,10518,10518,10518,7
2019-03-26,16:15:14.677000,10518,10518,10518,1
2019-03-26,16:15:15.409000,10518,10518,10518,1
2019-03-26,16:15:15.765000,10518,10518,10518,2
2019-03-26,16:15:25.058000,10518,10518,10518,2
2019-03-26,16:15:25.834000,10518,10518,10518,2
2019-03-26,16:15:30.990000,10518,10518,10518,1
2019-03-26,16:15:32.560000,10518,10518,10518,1
2019-03-26,16:15:32.936000,10518,10518,10518,1
2019-03-26,16:15:33.533000,10518,10518,10518,1
2019-03-26,16:15:34.829000,10518,10518,10518,1
2019-03-26,16:15:36.375000,10518,10518,10518,2
2019-03-26,16:15:36.595000,10518,10518,10518,6
2019-03-26,16:15:48.508000,10518,10518,10518,5
2019-03-26,16:15:55.538000,10517,10517,10517,1
2019-03-26,16:15:55.660000,10517,10517,10517,1
2019-03-26,16:15:56.232000,10517,10517,10517,1
2019-03-26,16:16:01.009000,10517,10517,10517,2
2019-03-26,16:16:06.093000,10517,10517,10517,2
2019-03-26,16:16:08.207000,10518,10518,10518,1
2019-03-26,16:16:10.779000,10517,10517,10517,10
2019-03-26,16:16:10.997000,10517,10517,10517,10
2019-03-26,16:16:11.376000,10516,10516,10516,10
2019-03-26,16:16:13.011000,10516,10516,10516,1
2019-03-26,16:16:19.263000,10516,10516,10516,1
2019-03-26,16:16:19.768000,10517,10517,10517,1
2019-03-26,16:16:48.614000,10517,10517,10517,1
2019-03-26,16:16:55.731000,10517,10517,10517,1
2019-03-26,16:16:57.874000,10516,10516,10516,1
2019-03-26,16:16:58.653000,10517,10517,10517,1
2019-03-26,16:17:01.378000,10516,10516,10516,1
2019-03-26,16:17:04.283000,10516,10516,10516,1
2019-03-26,16:17:10.394000,10517,10517,10517,19
2019-03-26,16:17:23.324000,10518,10518,10518,1
2019-03-26,16:17:30.401000,10518,10518,10518,1
2019-03-26,16:17:32.556000,10518,10518,10518,2
2019-03-26,16:17:33.399000,10518,10518,10518,1
2019-03-26,16:17:36.009000,10517,10517,10517,1
2019-03-26,16:17:39.316000,10517,10517,10517,1
2019-03-26,16:17:43.380000,10517,10517,10517,2
2019-03-26,16:17:46.983000,10517,10517,10517,3
2019-03-26,16:17:47.017000,10517,10517,10517,2
2019-03-26,16:17:55.526000,10517,10517,10517,1
2019-03-26,16:17:58.954000,10517,10517,10517,7
2019-03-26,16:18:04.057000,10517,10517,10517,1
2019-03-26,16:18:26.496000,10517,10517,10517,1
2019-03-26,16:18:53.138000,10517,10517,10517,1
2019-03-26,16:19:02.383000,10516,10516,10516,1
2019-03-26,16:19:03.774000,10516,10516,10516,10
2019-03-26,16:19:03.926000,10516,10516,10516,1
2019-03-26,16:19:05.463000,10516,10516,10516,10
2019-03-26,16:19:10.490000,10517,10517,10517,4
2019-03-26,16:19:10.490000,10517,10517,10517,2
2019-03-26,16:19:10.490000,10517,10517,10517,1
2019-03-26,16:19:13.443000,10517,10517,10517,1
2019-03-26,16:19:15.833000,10517,10517,10517,1
2019-03-26,16:19:30.451000,10518,10518,10518,1
2019-03-26,16:19:30.451000,10517,10517,10517,11
2019-03-26,16:19:30.624000,10518,10518,10518,1
2019-03-26,16:19:42.017000,10518,10518,10518,1
2019-03-26,16:19:46.985000,10518,10518,10518,1
2019-03-26,16:19:54.699000,10518,10518,10518,1
2019-03-26,16:19:55.572000,10518,10518,10518,1
2019-03-26,16:20:00.499000,10517,10517,10517,2
2019-03-26,16:20:14.023000,10517,10517,10517,1
2019-03-26,16:20:25.588000,10518,10518,10518,1
2019-03-26,16:20:33.111000,10517,10517,10517,1
2019-03-26,16:20:39.598000,10518,10518,10518,3
2019-03-26,16:20:42.742000,10518,10518,10518,1
2019-03-26,16:20:47.192000,10518,10518,10518,3
2019-03-26,16:20:49.025000,10518,10518,10518,1
2019-03-26,16:20:52.016000,10517,10517,10517,1
2019-03-26,16:20:54.153000,10517,10517,10517,2
2019-03-26,16:20:54.153000,10517,10517,10517,1
2019-03-26,16:20:54.153000,10517,10517,10517,3
2019-03-26,16:20:56.961000,10516,10516,10516,1
2019-03-26,16:21:00.990000,10516,10516,10516,1
2019-03-26,16:21:06.487000,10516,10516,10516,1
2019-03-26,16:21:10.884000,10516,10516,10516,1
2019-03-26,16:21:18.173000,10516,10516,10516,1
2019-03-26,16:21:19.947000,10516,10516,10516,1
2019-03-26,16:21:21.782000,10516,10516,10516,1
2019-03-26,16:21:22.242000,10516,10516,10516,1
2019-03-26,16:21:25.916000,10516,10516,10516,1
2019-03-26,16:21:25.955000,10516,10516,10516,2
2019-03-26,16:21:29.076000,10517,10517,10517,1
2019-03-26,16:21:29.730000,10516,10516,10516,1
2019-03-26,16:21:32.565000,10517,10517,10517,1
2019-03-26,16:21:34.796000,10517,10517,10517,1
2019-03-26,16:21:36.846000,10516,10516,10516,2
2019-03-26,16:21:37.103000,10516,10516,10516,12
2019-03-26,16:21:37.103000,10516,10516,10516,8
2019-03-26,16:21:37.142000,10516,10516,10516,2
2019-03-26,16:21:37.146000,10516,10516,10516,3
2019-03-26,16:21:37.308000,10516,10516,10516,1
2019-03-26,16:21:39.962000,10515,10515,10515,1
2019-03-26,16:21:40.122000,10515,10515,10515,1
2019-03-26,16:21:42.413000,10516,10516,10516,2
2019-03-26,16:21:49.780000,10516,10516,10516,1
2019-03-26,16:21:51.463000,10515,10515,10515,10
2019-03-26,16:21:51.646000,10515,10515,10515,8
2019-03-26,16:21:54.865000,10515,10515,10515,1
2019-03-26,16:21:59.246000,10515,10515,10515,1
2019-03-26,16:22:14.138000,10515,10515,10515,4
2019-03-26,16:22:14.142000,10515,10515,10515,2
2019-03-26,16:22:14.170000,10515,10515,10515,2
2019-03-26,16:22:16.549000,10515,10515,10515,1
2019-03-26,16:22:18.229000,10515,10515,10515,2
2019-03-26,16:22:18.229000,10515,10515,10515,7
2019-03-26,16:22:18.603000,10515,10515,10515,1
2019-03-26,16:22:26.031000,10516,10516,10516,1
2019-03-26,16:23:03.728000,10516,10516,10516,3
2019-03-26,16:23:03.873000,10516,10516,10516,2
2019-03-26,16:23:07.651000,10517,10517,10517,1
2019-03-26,16:23:09.295000,10516,10516,10516,21
2019-03-26,16:23:33.643000,10516,10516,10516,1
2019-03-26,16:23:46.385000,10517,10517,10517,13
2019-03-26,16:24:00.895000,10518,10518,10518,3
2019-03-26,16:24:12.890000,10518,10518,10518,1
2019-03-26,16:24:26.439000,10518,10518,10518,1
2019-03-26,16:24:33.153000,10518,10518,10518,1
2019-03-26,16:24:36.607000,10518,10518,10518,1
2019-03-26,16:24:44.220000,10518,10518,10518,1
2019-03-26,16:25:26.158000,10518,10518,10518,1
2019-03-26,16:25:26.696000,10518,10518,10518,1
2019-03-26,16:25:41.393000,10518,10518,10518,2
2019-03-26,16:26:09.415000,10519,10519,10519,1
2019-03-26,16:26:32.007000,10519,10519,10519,1
2019-03-26,16:26:38.473000,10519,10519,10519,5
2019-03-26,16:27:59.927000,10518,10518,10518,1
2019-03-26,16:27:59.927000,10518,10518,10518,1
2019-03-26,16:28:13.407000,10519,10519,10519,3
2019-03-26,16:28:49.736000,10520,10520,10520,1
2019-03-26,16:28:55.950000,10520,10520,10520,1
2019-03-26,16:29:02.307000,10520,10520,10520,2
2019-03-26,16:29:07.538000,10520,10520,10520,1
2019-03-26,16:29:14.062000,10520,10520,10520,5
2019-03-26,16:29:58.074000,10519,10519,10519,2
2019-03-26,16:30:05.642000,10520,10520,10520,12
2019-03-26,16:30:13.403000,10520,10520,10520,1
2019-03-26,16:30:32.886000,10519,10519,10519,1
2019-03-26,16:30:33.364000,10520,10520,10520,1
2019-03-26,16:30:46.367000,10520,10520,10520,1
2019-03-26,16:30:48.851000,10520,10520,10520,1
2019-03-26,16:31:13.177000,10520,10520,10520,1
2019-03-26,16:31:18.057000,10520,10520,10520,1
2019-03-26,16:31:19.115000,10520,10520,10520,5
2019-03-26,16:31:25.098000,10521,10521,10521,1
2019-03-26,16:31:36.157000,10521,10521,10521,1
2019-03-26,16:31:36.158000,10521,10521,10521,2
2019-03-26,16:31:38.121000,10521,10521,10521,1
2019-03-26,16:31:38.121000,10521,10521,10521,4
2019-03-26,16:31:38.121000,10521,10521,10521,2
2019-03-26,16:31:38.333000,10521,10521,10521,2
2019-03-26,16:31:43.959000,10521,10521,10521,1
2019-03-26,16:31:46.180000,10521,10521,10521,2
2019-03-26,16:32:17.701000,10521,10521,10521,7
2019-03-26,16:32:20.517000,10520,10520,10520,4
2019-03-26,16:32:20.642000,10520,10520,10520,2
2019-03-26,16:32:25.047000,10521,10521,10521,1
2019-03-26,16:33:16.576000,10520,10520,10520,1
2019-03-26,16:34:09.828000,10521,10521,10521,5
2019-03-26,16:34:31.335000,10521,10521,10521,1
2019-03-26,16:35:03.380000,10520,10520,10520,7
2019-03-26,16:35:03.392000,10520,10520,10520,4
2019-03-26,16:35:11.100000,10519,10519,10519,1
2019-03-26,16:35:11.100000,10519,10519,10519,1
2019-03-26,16:35:11.101000,10519,10519,10519,1
2019-03-26,16:35:11.101000,10519,10519,10519,1
2019-03-26,16:35:11.101000,10519,10519,10519,2
2019-03-26,16:35:11.101000,10519,10519,10519,3
2019-03-26,16:35:11.504000,10519,10519,10519,1
2019-03-26,16:35:11.528000,10520,10520,10520,1
2019-03-26,16:35:18.081000,10518,10518,10518,1
2019-03-26,16:35:18.989000,10518,10518,10518,1
2019-03-26,16:35:20.727000,10518,10518,10518,1
2019-03-26,16:35:22.217000,10518,10518,10518,1
2019-03-26,16:35:27.704000,10519,10519,10519,1
2019-03-26,16:35:37.270000,10519,10519,10519,1
2019-03-26,16:35:43.901000,10518,10518,10518,2
2019-03-26,16:36:14.283000,10519,10519,10519,1
2019-03-26,16:36:47.946000,10519,10519,10519,1
2019-03-26,16:37:05.801000,10518,10518,10518,19
2019-03-26,16:37:05.801000,10518,10518,10518,1
2019-03-26,16:37:23.796000,10517,10517,10517,1
2019-03-26,16:37:33.730000,10517,10517,10517,1
2019-03-26,16:37:49.388000,10517,10517,10517,1
2019-03-26,16:37:51.779000,10517,10517,10517,2
2019-03-26,16:37:52.366000,10517,10517,10517,1
2019-03-26,16:38:06.276000,10516,10516,10516,1
2019-03-26,16:38:44.421000,10516,10516,10516,1
2019-03-26,16:38:48.584000,10516,10516,10516,5
2019-03-26,16:38:50.723000,10516,10516,10516,1
2019-03-26,16:38:57.055000,10516,10516,10516,1
2019-03-26,16:38:59.426000,10516,10516,10516,5
2019-03-26,16:39:07.414000,10517,10517,10517,3
2019-03-26,16:39:37.204000,10517,10517,10517,1
2019-03-26,16:40:01.539000,10516,10516,10516,1
2019-03-26,16:40:01.883000,10516,10516,10516,1
2019-03-26,16:40:02.054000,10516,10516,10516,1
2019-03-26,16:40:03.087000,10516,10516,10516,1
2019-03-26,16:40:04.054000,10516,10516,10516,2
2019-03-26,16:40:05.650000,10516,10516,10516,1
2019-03-26,16:40:07.122000,10516,10516,10516,3
2019-03-26,16:40:07.122000,10516,10516,10516,1
2019-03-26,16:40:10.571000,10516,10516,10516,1
2019-03-26,16:40:12.221000,10516,10516,10516,2
2019-03-26,16:40:16.005000,10516,10516,10516,1
2019-03-26,16:40:22.886000,10516,10516,10516,2
2019-03-26,16:40:30.083000,10516,10516,10516,1
2019-03-26,16:40:33.212000,10516,10516,10516,1
2019-03-26,16:40:36.012000,10516,10516,10516,1
2019-03-26,16:40:36.375000,10516,10516,10516,1
2019-03-26,16:40:37.088000,10517,10517,10517,1
2019-03-26,16:40:37.429000,10517,10517,10517,1
2019-03-26,16:40:38.651000,10517,10517,10517,1
2019-03-26,16:40:39.423000,10517,10517,10517,1
2019-03-26,16:40:44.177000,10517,10517,10517,1
2019-03-26,16:40:47.446000,10517,10517,10517,1
2019-03-26,16:41:04.794000,10517,10517,10517,1
2019-03-26,16:41:38.060000,10517,10517,10517,1
2019-03-26,16:41:47.493000,10517,10517,10517,1
2019-03-26,16:41:59.839000,10517,10517,10517,1
2019-03-26,16:42:22.124000,10517,10517,10517,4
2019-03-26,16:42:40.272000,10517,10517,10517,2
2019-03-26,16:42:44.440000,10517,10517,10517,5
2019-03-26,16:42:45.303000,10517,10517,10517,1
2019-03-26,16:43:06.062000,10518,10518,10518,2
2019-03-26,16:43:06.164000,10518,10518,10518,5
2019-03-26,16:43:25.971000,10519,10519,10519,4
2019-03-26,16:44:09.621000,10519,10519,10519,4
2019-03-26,16:44:44.685000,10519,10519,10519,1
2019-03-26,16:45:01.541000,10518,10518,10518,3
2019-03-26,16:45:01.541000,10518,10518,10518,1
2019-03-26,16:45:16.679000,10518,10518,10518,1
2019-03-26,16:45:29.653000,10518,10518,10518,1
2019-03-26,16:45:47.810000,10518,10518,10518,1
2019-03-26,16:47:14.643000,10518,10518,10518,1
2019-03-26,16:47:18.543000,10518,10518,10518,1
2019-03-26,16:47:26.156000,10519,10519,10519,2
2019-03-26,16:47:51.990000,10518,10518,10518,2
2019-03-26,16:47:52.227000,10518,10518,10518,1
2019-03-26,16:48:04.229000,10519,10519,10519,2
2019-03-26,16:48:04.267000,10519,10519,10519,1
2019-03-26,16:48:19.393000,10518,10518,10518,1
2019-03-26,16:49:23.580000,10517,10517,10517,2
2019-03-26,16:49:30.485000,10517,10517,10517,1
2019-03-26,16:49:49.254000,10518,10518,10518,1
2019-03-26,16:49:56.532000,10518,10518,10518,1
2019-03-26,16:50:12.632000,10517,10517,10517,2
2019-03-26,16:50:16.849000,10518,10518,10518,1
2019-03-26,16:50:19.143000,10517,10517,10517,1
2019-03-26,16:50:25.324000,10518,10518,10518,1
2019-03-26,16:50:26.548000,10518,10518,10518,1
2019-03-26,16:50:26.874000,10518,10518,10518,1
2019-03-26,16:50:27.123000,10518,10518,10518,1
2019-03-26,16:50:36.313000,10518,10518,10518,5
2019-03-26,16:50:50.432000,10517,10517,10517,2
2019-03-26,16:50:50.517000,10517,10517,10517,2
2019-03-26,16:50:50.518000,10517,10517,10517,3
2019-03-26,16:50:50.518000,10517,10517,10517,4
2019-03-26,16:50:56.173000,10517,10517,10517,4
2019-03-26,16:50:57.714000,10518,10518,10518,2
2019-03-26,16:51:06.886000,10518,10518,10518,5
2019-03-26,16:51:22.890000,10517,10517,10517,2
2019-03-26,16:51:24.157000,10517,10517,10517,1
2019-03-26,16:51:24.862000,10517,10517,10517,2
2019-03-26,16:51:25.511000,10517,10517,10517,1
2019-03-26,16:51:26.055000,10517,10517,10517,1
2019-03-26,16:51:37.184000,10517,10517,10517,2
2019-03-26,16:51:37.899000,10517,10517,10517,2
2019-03-26,16:51:40.196000,10517,10517,10517,1
2019-03-26,16:51:43.093000,10517,10517,10517,2
2019-03-26,16:51:43.837000,10517,10517,10517,2
2019-03-26,16:51:44.225000,10517,10517,10517,1
2019-03-26,16:51:46.432000,10517,10517,10517,3
2019-03-26,16:51:59.629000,10517,10517,10517,2
2019-03-26,16:52:07.261000,10517,10517,10517,1
2019-03-26,16:52:09.357000,10517,10517,10517,2
2019-03-26,16:53:17.182000,10517,10517,10517,1
2019-03-26,16:53:17.737000,10517,10517,10517,1
2019-03-26,16:53:18.495000,10517,10517,10517,1
2019-03-26,16:53:26.351000,10517,10517,10517,1
2019-03-26,16:53:27.336000,10517,10517,10517,2
2019-03-26,16:53:52.369000,10517,10517,10517,2
2019-03-26,16:54:01.961000,10517,10517,10517,1
2019-03-26,16:54:10.251000,10517,10517,10517,2
2019-03-26,16:54:20.364000,10517,10517,10517,1
2019-03-26,16:54:26.122000,10517,10517,10517,1
2019-03-26,16:54:26.186000,10517,10517,10517,3
2019-03-26,16:54:26.186000,10517,10517,10517,2
2019-03-26,16:54:27.741000,10517,10517,10517,1
2019-03-26,16:55:07.523000,10517,10517,10517,1
2019-03-26,16:55:07.803000,10516,10516,10516,1
2019-03-26,16:55:12.105000,10516,10516,10516,1
2019-03-26,16:55:17.088000,10516,10516,10516,1
2019-03-26,16:55:28.758000,10516,10516,10516,2
2019-03-26,16:55:39.855000,10516,10516,10516,3
2019-03-26,16:55:45.577000,10517,10517,10517,1
2019-03-26,16:55:54.757000,10516,10516,10516,2
2019-03-26,16:57:04.381000,10516,10516,10516,25
2019-03-26,16:57:04.771000,10517,10517,10517,2
2019-03-26,16:57:05.119000,10516,10516,10516,1
2019-03-26,16:57:28.176000,10516,10516,10516,2
2019-03-26,16:57:50.534000,10517,10517,10517,1
2019-03-26,16:57:50.642000,10517,10517,10517,1
2019-03-26,16:57:50.767000,10517,10517,10517,1
2019-03-26,16:57:51.390000,10517,10517,10517,1
2019-03-26,16:57:52.339000,10517,10517,10517,1
2019-03-26,16:57:52.340000,10517,10517,10517,1
2019-03-26,16:57:52.340000,10517,10517,10517,2
2019-03-26,16:57:52.340000,10517,10517,10517,5
2019-03-26,16:57:52.340000,10517,10517,10517,7
2019-03-26,16:58:07.462000,10517,10517,10517,1
2019-03-26,16:58:09.998000,10517,10517,10517,2
2019-03-26,16:58:10.236000,10517,10517,10517,1
2019-03-26,16:58:13.552000,10517,10517,10517,2
2019-03-26,16:58:13.552000,10516,10516,10516,4
2019-03-26,16:58:25.286000,10517,10517,10517,1
2019-03-26,16:58:28.465000,10517,10517,10517,1
2019-03-26,16:58:29.720000,10518,10518,10518,1
2019-03-26,16:58:47.508000,10517,10517,10517,2
2019-03-26,16:58:57.645000,10516,10516,10516,1
2019-03-26,16:59:17.907000,10516,10516,10516,2
2019-03-26,16:59:18.341000,10516,10516,10516,1
2019-03-26,16:59:18.344000,10516,10516,10516,1
2019-03-26,16:59:18.347000,10516,10516,10516,1
2019-03-26,16:59:18.368000,10516,10516,10516,1
2019-03-26,16:59:22.650000,10516,10516,10516,2
2019-03-26,16:59:23.059000,10516,10516,10516,2
2019-03-26,16:59:24.161000,10516,10516,10516,2
2019-03-26,16:59:24.579000,10516,10516,10516,2
2019-03-26,16:59:25.966000,10516,10516,10516,2
2019-03-26,16:59:25.973000,10516,10516,10516,1
2019-03-26,16:59:27.319000,10516,10516,10516,1
2019-03-26,16:59:28.731000,10517,10517,10517,1
2019-03-26,16:59:33.426000,10516,10516,10516,1
2019-03-26,16:59:42.275000,10516,10516,10516,2
2019-03-26,16:59:45.178000,10516,10516,10516,1
2019-03-26,16:59:49.700000,10516,10516,10516,3
2019-03-26,16:59:51.802000,10516,10516,10516,2
2019-03-26,16:59:55.625000,10516,10516,10516,1
2019-03-26,17:00:02.233000,10516,10516,10516,2
2019-03-26,17:00:02.570000,10516,10516,10516,1
2019-03-26,17:00:02.869000,10516,10516,10516,1
2019-03-26,17:00:02.896000,10516,10516,10516,1
2019-03-26,17:00:03.611000,10516,10516,10516,1
2019-03-26,17:00:19.094000,10516,10516,10516,1
2019-03-26,17:00:21.534000,10515,10515,10515,5
2019-03-26,17:00:32.517000,10516,10516,10516,1
2019-03-26,17:00:44.938000,10516,10516,10516,1
2019-03-26,17:00:49.212000,10516,10516,10516,1
2019-03-26,17:00:49.212000,10516,10516,10516,1
2019-03-26,17:00:49.213000,10516,10516,10516,1
2019-03-26,17:00:49.213000,10516,10516,10516,2
2019-03-26,17:00:49.215000,10516,10516,10516,1
2019-03-26,17:00:49.215000,10516,10516,10516,2
2019-03-26,17:01:10.249000,10517,10517,10517,3
2019-03-26,17:01:10.250000,10517,10517,10517,4
2019-03-26,17:01:10.847000,10518,10518,10518,2
2019-03-26,17:01:39.130000,10518,10518,10518,2
2019-03-26,17:01:57.772000,10517,10517,10517,5
2019-03-26,17:01:58.620000,10518,10518,10518,1
2019-03-26,17:01:59.268000,10518,10518,10518,1
2019-03-26,17:02:01.560000,10518,10518,10518,1
2019-03-26,17:02:01.561000,10518,10518,10518,3
2019-03-26,17:02:01.561000,10518,10518,10518,3
2019-03-26,17:02:01.561000,10518,10518,10518,1
2019-03-26,17:02:15.491000,10518,10518,10518,1
2019-03-26,17:02:44.143000,10518,10518,10518,2
2019-03-26,17:03:04.350000,10518,10518,10518,3
2019-03-26,17:03:31.824000,10518,10518,10518,1
2019-03-26,17:03:42.687000,10518,10518,10518,1
2019-03-26,17:03:54.901000,10518,10518,10518,1
2019-03-26,17:04:10.082000,10518,10518,10518,1
2019-03-26,17:04:46.917000,10518,10518,10518,3
2019-03-26,17:04:46.917000,10518,10518,10518,2
2019-03-26,17:04:59.694000,10518,10518,10518,1
2019-03-26,17:04:59.695000,10518,10518,10518,1
2019-03-26,17:05:00.991000,10518,10518,10518,1
2019-03-26,17:05:04.741000,10518,10518,10518,1
2019-03-26,17:05:07.862000,10518,10518,10518,1
2019-03-26,17:06:22.379000,10518,10518,10518,1
2019-03-26,17:07:08.425000,10518,10518,10518,2
2019-03-26,17:07:09.015000,10518,10518,10518,1
2019-03-26,17:07:18.780000,10518,10518,10518,1
2019-03-26,17:07:24.974000,10519,10519,10519,6
2019-03-26,17:07:26.620000,10518,10518,10518,3
2019-03-26,17:07:51.053000,10518,10518,10518,1
2019-03-26,17:08:01.839000,10518,10518,10518,3
2019-03-26,17:08:24.285000,10518,10518,10518,4
2019-03-26,17:08:45.855000,10518,10518,10518,1
2019-03-26,17:08:45.855000,10518,10518,10518,1
2019-03-26,17:08:49.921000,10518,10518,10518,1
2019-03-26,17:09:54.383000,10517,10517,10517,1
2019-03-26,17:10:24.271000,10518,10518,10518,1
2019-03-26,17:10:25.885000,10518,10518,10518,1
2019-03-26,17:10:32.343000,10518,10518,10518,1
2019-03-26,17:10:33.878000,10518,10518,10518,1
2019-03-26,17:10:39.726000,10518,10518,10518,1
2019-03-26,17:10:50.530000,10519,10519,10519,1
2019-03-26,17:11:38.241000,10519,10519,10519,1
2019-03-26,17:12:00.644000,10519,10519,10519,16
2019-03-26,17:12:03.227000,10520,10520,10520,13
2019-03-26,17:12:03.228000,10520,10520,10520,5
2019-03-26,17:12:03.228000,10520,10520,10520,1
2019-03-26,17:12:03.311000,10521,10521,10521,1
2019-03-26,17:12:09.600000,10520,10520,10520,1
2019-03-26,17:12:10.082000,10521,10521,10521,3
2019-03-26,17:12:18.530000,10521,10521,10521,3
2019-03-26,17:12:18.642000,10521,10521,10521,4
2019-03-26,17:12:21.006000,10522,10522,10522,1
2019-03-26,17:12:21.081000,10522,10522,10522,3
2019-03-26,17:12:22.644000,10522,10522,10522,1
2019-03-26,17:12:23.477000,10522,10522,10522,1
2019-03-26,17:12:24.206000,10522,10522,10522,1
2019-03-26,17:12:36.225000,10522,10522,10522,3
2019-03-26,17:12:39.457000,10522,10522,10522,1
2019-03-26,17:12:49.690000,10522,10522,10522,1
2019-03-26,17:12:49.721000,10522,10522,10522,2
2019-03-26,17:12:49.721000,10522,10522,10522,3
2019-03-26,17:12:51.459000,10523,10523,10523,2
2019-03-26,17:12:54.867000,10523,10523,10523,2
2019-03-26,17:13:02.260000,10523,10523,10523,2
2019-03-26,17:13:08.812000,10522,10522,10522,1
2019-03-26,17:13:10.267000,10522,10522,10522,1
2019-03-26,17:13:10.281000,10522,10522,10522,1
2019-03-26,17:13:10.392000,10522,10522,10522,11
2019-03-26,17:13:10.392000,10522,10522,10522,1
2019-03-26,17:13:10.517000,10522,10522,10522,1
2019-03-26,17:13:18.815000,10522,10522,10522,2
2019-03-26,17:13:45.756000,10522,10522,10522,2
2019-03-26,17:14:02.720000,10522,10522,10522,1
2019-03-26,17:14:04.333000,10522,10522,10522,1
2019-03-26,17:14:07.047000,10522,10522,10522,1
2019-03-26,17:14:12.911000,10522,10522,10522,2
2019-03-26,17:14:13.687000,10522,10522,10522,1
2019-03-26,17:14:13.688000,10522,10522,10522,1
2019-03-26,17:14:37.745000,10522,10522,10522,1
2019-03-26,17:14:37.746000,10522,10522,10522,5
2019-03-26,17:14:37.746000,10522,10522,10522,1
2019-03-26,17:14:37.768000,10522,10522,10522,1
2019-03-26,17:14:41.931000,10522,10522,10522,1
2019-03-26,17:15:00.956000,10522,10522,10522,3
2019-03-26,17:15:02.476000,10522,10522,10522,1
2019-03-26,17:15:03.571000,10522,10522,10522,1
2019-03-26,17:15:25.949000,10521,10521,10521,1
2019-03-26,17:15:26.017000,10521,10521,10521,1
2019-03-26,17:15:34.677000,10522,10522,10522,1
2019-03-26,17:16:02.581000,10522,10522,10522,4
2019-03-26,17:16:17.343000,10522,10522,10522,1
2019-03-26,17:17:12.140000,10522,10522,10522,1
2019-03-26,17:17:46.276000,10521,10521,10521,1
2019-03-26,17:17:50.916000,10521,10521,10521,1
2019-03-26,17:17:51.899000,10521,10521,10521,2
2019-03-26,17:17:53.965000,10521,10521,10521,2
2019-03-26,17:17:54.017000,10521,10521,10521,1
2019-03-26,17:17:54.143000,10521,10521,10521,1
2019-03-26,17:17:58.077000,10521,10521,10521,1
2019-03-26,17:18:10.222000,10521,10521,10521,3
2019-03-26,17:18:13.026000,10522,10522,10522,3
2019-03-26,17:18:13.728000,10521,10521,10521,2
2019-03-26,17:18:20.868000,10522,10522,10522,1
2019-03-26,17:18:22.564000,10522,10522,10522,1
2019-03-26,17:18:23.964000,10522,10522,10522,1
2019-03-26,17:18:30.226000,10522,10522,10522,14
2019-03-26,17:18:30.267000,10522,10522,10522,1
2019-03-26,17:18:30.268000,10522,10522,10522,3
2019-03-26,17:18:30.268000,10522,10522,10522,3
2019-03-26,17:18:31.284000,10522,10522,10522,2
2019-03-26,17:18:31.515000,10522,10522,10522,1
2019-03-26,17:18:33.467000,10522,10522,10522,2
2019-03-26,17:18:36.193000,10522,10522,10522,2
2019-03-26,17:18:56.688000,10522,10522,10522,2
2019-03-26,17:19:02.255000,10522,10522,10522,2
2019-03-26,17:19:23.480000,10522,10522,10522,1
2019-03-26,17:19:23.480000,10522,10522,10522,1
2019-03-26,17:19:23.480000,10522,10522,10522,2
2019-03-26,17:19:36.682000,10522,10522,10522,2
2019-03-26,17:20:03.009000,10522,10522,10522,3
2019-03-26,17:20:06.260000,10522,10522,10522,2
2019-03-26,17:20:11.757000,10522,10522,10522,1
2019-03-26,17:20:14.821000,10522,10522,10522,1
2019-03-26,17:20:16.107000,10522,10522,10522,2
2019-03-26,17:20:37.319000,10522,10522,10522,2
2019-03-26,17:21:03.120000,10523,10523,10523,6
2019-03-26,17:21:16.822000,10523,10523,10523,3
2019-03-26,17:21:53.260000,10523,10523,10523,3
2019-03-26,17:21:59.728000,10523,10523,10523,1
2019-03-26,17:22:10.536000,10523,10523,10523,1
2019-03-26,17:22:29.614000,10523,10523,10523,1
2019-03-26,17:22:36.947000,10522,10522,10522,2
2019-03-26,17:22:38.929000,10523,10523,10523,1
2019-03-26,17:22:42.165000,10523,10523,10523,4
2019-03-26,17:22:42.185000,10523,10523,10523,8
2019-03-26,17:22:42.255000,10523,10523,10523,9
2019-03-26,17:22:42.255000,10523,10523,10523,2
2019-03-26,17:23:02.332000,10524,10524,10524,3
2019-03-26,17:23:02.558000,10524,10524,10524,1
2019-03-26,17:23:02.563000,10524,10524,10524,1
2019-03-26,17:23:02.639000,10524,10524,10524,1
2019-03-26,17:23:02.649000,10524,10524,10524,1
2019-03-26,17:23:02.740000,10524,10524,10524,1
2019-03-26,17:23:02.740000,10524,10524,10524,1
2019-03-26,17:23:02.906000,10524,10524,10524,1
2019-03-26,17:23:02.927000,10524,10524,10524,1
2019-03-26,17:23:09.871000,10524,10524,10524,1
2019-03-26,17:23:10.405000,10524,10524,10524,1
2019-03-26,17:23:11.437000,10524,10524,10524,1
2019-03-26,17:23:15.459000,10524,10524,10524,1
2019-03-26,17:23:18.727000,10524,10524,10524,2
2019-03-26,17:23:18.976000,10524,10524,10524,3
2019-03-26,17:23:18.976000,10524,10524,10524,3
2019-03-26,17:23:18.976000,10524,10524,10524,1
2019-03-26,17:23:18.977000,10524,10524,10524,1
2019-03-26,17:23:20.055000,10524,10524,10524,1
2019-03-26,17:23:22.071000,10524,10524,10524,2
2019-03-26,17:23:22.071000,10524,10524,10524,2
2019-03-26,17:23:25.173000,10524,10524,10524,1
2019-03-26,17:23:38.655000,10524,10524,10524,2
2019-03-26,17:23:39.259000,10525,10525,10525,3
2019-03-26,17:23:46.162000,10525,10525,10525,1
2019-03-26,17:23:56.084000,10524,10524,10524,2
2019-03-26,17:23:59.402000,10525,10525,10525,1
2019-03-26,17:24:07.728000,10524,10524,10524,1
2019-03-26,17:24:07.729000,10524,10524,10524,6
2019-03-26,17:24:07.729000,10524,10524,10524,1
2019-03-26,17:24:19.907000,10524,10524,10524,3
2019-03-26,17:24:22.828000,10524,10524,10524,2
2019-03-26,17:24:22.895000,10523,10523,10523,1
2019-03-26,17:24:31.007000,10524,10524,10524,1
2019-03-26,17:24:40.196000,10524,10524,10524,1
2019-03-26,17:24:42.089000,10524,10524,10524,1
2019-03-26,17:24:46.898000,10523,10523,10523,4
2019-03-26,17:25:05.401000,10523,10523,10523,1
2019-03-26,17:25:11.585000,10524,10524,10524,1
2019-03-26,17:25:20.595000,10524,10524,10524,1
2019-03-26,17:25:25.726000,10524,10524,10524,2
2019-03-26,17:25:30.050000,10523,10523,10523,1
2019-03-26,17:25:39.948000,10523,10523,10523,1
2019-03-26,17:25:55.780000,10524,10524,10524,5
2019-03-26,17:26:01.333000,10523,10523,10523,2
2019-03-26,17:26:18.778000,10523,10523,10523,2
2019-03-26,17:26:25.517000,10524,10524,10524,1
2019-03-26,17:26:26.507000,10524,10524,10524,5
2019-03-26,17:26:37.897000,10524,10524,10524,1
2019-03-26,17:26:39.700000,10523,10523,10523,2
2019-03-26,17:26:44.266000,10523,10523,10523,2
2019-03-26,17:26:54.037000,10523,10523,10523,2
2019-03-26,17:26:56.169000,10523,10523,10523,1
2019-03-26,17:27:01.034000,10523,10523,10523,1
2019-03-26,17:27:02.393000,10523,10523,10523,1
2019-03-26,17:27:13.288000,10523,10523,10523,1
2019-03-26,17:27:20.310000,10523,10523,10523,1
2019-03-26,17:27:23.024000,10523,10523,10523,1
2019-03-26,17:27:26.671000,10523,10523,10523,1
2019-03-26,17:27:28.420000,10523,10523,10523,2
2019-03-26,17:27:32.603000,10523,10523,10523,1
2019-03-26,17:27:40.133000,10523,10523,10523,5
2019-03-26,17:27:42.693000,10523,10523,10523,1
2019-03-26,17:27:59.032000,10523,10523,10523,1
2019-03-26,17:28:12.867000,10523,10523,10523,1
2019-03-26,17:28:13.017000,10523,10523,10523,1
2019-03-26,17:28:13.248000,10523,10523,10523,2
2019-03-26,17:28:13.392000,10523,10523,10523,1
2019-03-26,17:28:13.642000,10523,10523,10523,1
2019-03-26,17:28:23.267000,10524,10524,10524,15
2019-03-26,17:28:27.385000,10524,10524,10524,2
2019-03-26,17:28:27.392000,10524,10524,10524,4
2019-03-26,17:28:30.270000,10524,10524,10524,2
2019-03-26,17:28:31.142000,10524,10524,10524,3
2019-03-26,17:28:37.678000,10524,10524,10524,1
2019-03-26,17:28:41.063000,10524,10524,10524,1
2019-03-26,17:28:47.908000,10524,10524,10524,1
2019-03-26,17:28:49.441000,10524,10524,10524,1
2019-03-26,17:28:54.608000,10524,10524,10524,1
2019-03-26,17:29:07.898000,10524,10524,10524,1
2019-03-26,17:29:12.035000,10524,10524,10524,1
2019-03-26,17:29:21.594000,10524,10524,10524,9
2019-03-26,17:29:21.606000,10524,10524,10524,2
2019-03-26,17:29:21.612000,10524,10524,10524,2
2019-03-26,17:29:21.612000,10525,10525,10525,2
2019-03-26,17:29:21.614000,10525,10525,10525,4
2019-03-26,17:29:21.642000,10524,10524,10524,3
2019-03-26,17:29:21.643000,10524,10524,10524,5
2019-03-26,17:29:21.644000,10524,10524,10524,4
2019-03-26,17:29:21.662000,10524,10524,10524,5
2019-03-26,17:29:21.738000,10525,10525,10525,5
2019-03-26,17:29:21.738000,10525,10525,10525,16
2019-03-26,17:29:21.827000,10524,10524,10524,1
2019-03-26,17:29:22.841000,10525,10525,10525,5
2019-03-26,17:29:23.017000,10525,10525,10525,21
2019-03-26,17:29:23.114000,10525,10525,10525,1
2019-03-26,17:29:23.114000,10525,10525,10525,1
2019-03-26,17:29:23.114000,10525,10525,10525,2
2019-03-26,17:29:23.774000,10525,10525,10525,1
2019-03-26,17:29:23.824000,10525,10525,10525,1
2019-03-26,17:29:30.679000,10525,10525,10525,1
2019-03-26,17:29:36.470000,10525,10525,10525,2
2019-03-26,17:29:37.767000,10525,10525,10525,1
2019-03-26,17:29:43.859000,10525,10525,10525,1
2019-03-26,17:29:50.517000,10525,10525,10525,2
2019-03-26,17:29:53.469000,10525,10525,10525,1
2019-03-26,17:29:54.597000,10524,10524,10524,1
2019-03-26,17:30:15.704000,10524,10524,10524,2
2019-03-26,17:30:15.704000,10524,10524,10524,2
2019-03-26,17:30:16.346000,10523,10523,10523,1
2019-03-26,17:30:16.519000,10524,10524,10524,5
2019-03-26,17:30:59.851000,10524,10524,10524,1
2019-03-26,17:30:59.851000,10523,10523,10523,4
2019-03-26,17:31:03.632000,10524,10524,10524,1
2019-03-26,17:31:08.619000,10523,10523,10523,1
2019-03-26,17:31:09.144000,10524,10524,10524,2
2019-03-26,17:31:29.171000,10524,10524,10524,6
2019-03-26,17:31:30.265000,10524,10524,10524,1
2019-03-26,17:31:46.737000,10524,10524,10524,2
2019-03-26,17:31:46.958000,10525,10525,10525,10
2019-03-26,17:31:47.130000,10525,10525,10525,10
2019-03-26,17:31:58.788000,10524,10524,10524,1
2019-03-26,17:31:58.892000,10524,10524,10524,7
2019-03-26,17:32:12.432000,10523,10523,10523,1
2019-03-26,17:32:12.527000,10523,10523,10523,1
2019-03-26,17:32:13.881000,10523,10523,10523,1
2019-03-26,17:33:10.351000,10523,10523,10523,5
2019-03-26,17:33:10.569000,10523,10523,10523,1
2019-03-26,17:33:12.107000,10523,10523,10523,1
2019-03-26,17:33:14.961000,10523,10523,10523,1
2019-03-26,17:33:19.406000,10523,10523,10523,1
2019-03-26,17:33:22.343000,10523,10523,10523,1
2019-03-26,17:33:23.036000,10524,10524,10524,4
2019-03-26,17:33:32.513000,10523,10523,10523,1
2019-03-26,17:33:51.472000,10523,10523,10523,2
2019-03-26,17:34:02.833000,10522,10522,10522,3
2019-03-26,17:34:13.969000,10522,10522,10522,1
2019-03-26,17:34:37.392000,10522,10522,10522,1
2019-03-26,17:34:37.394000,10522,10522,10522,5
2019-03-26,17:34:37.394000,10522,10522,10522,2
2019-03-26,17:34:37.395000,10522,10522,10522,1
2019-03-26,17:34:48.079000,10522,10522,10522,5
2019-03-26,17:35:03.532000,10522,10522,10522,5
2019-03-26,17:35:11.322000,10522,10522,10522,1
2019-03-26,17:35:15.903000,10522,10522,10522,1
2019-03-26,17:35:29.024000,10522,10522,10522,2
2019-03-26,17:35:29.078000,10522,10522,10522,1
2019-03-26,17:35:37.425000,10521,10521,10521,5
2019-03-26,17:35:37.705000,10521,10521,10521,1
2019-03-26,17:35:40.750000,10521,10521,10521,1
2019-03-26,17:35:44.386000,10521,10521,10521,1
2019-03-26,17:35:51.396000,10521,10521,10521,2
2019-03-26,17:35:51.396000,10521,10521,10521,1
2019-03-26,17:35:57.712000,10521,10521,10521,3
2019-03-26,17:35:57.931000,10521,10521,10521,3
2019-03-26,17:36:05.759000,10521,10521,10521,1
2019-03-26,17:36:31.203000,10521,10521,10521,1
2019-03-26,17:36:31.460000,10521,10521,10521,2
2019-03-26,17:36:31.460000,10521,10521,10521,2
2019-03-26,17:36:31.460000,10521,10521,10521,3
2019-03-26,17:37:00.411000,10521,10521,10521,1
2019-03-26,17:37:13.608000,10520,10520,10520,2
2019-03-26,17:37:19.399000,10520,10520,10520,7
2019-03-26,17:37:19.399000,10520,10520,10520,8
2019-03-26,17:37:19.517000,10520,10520,10520,2
2019-03-26,17:37:19.517000,10520,10520,10520,2
2019-03-26,17:37:22.966000,10520,10520,10520,2
2019-03-26,17:37:25.749000,10520,10520,10520,2
2019-03-26,17:37:46.190000,10520,10520,10520,1
2019-03-26,17:37:56.717000,10521,10521,10521,5
2019-03-26,17:37:57.129000,10520,10520,10520,2
2019-03-26,17:38:10.204000,10521,10521,10521,1
2019-03-26,17:38:10.204000,10521,10521,10521,1
2019-03-26,17:38:10.204000,10521,10521,10521,1
2019-03-26,17:38:10.205000,10521,10521,10521,1
2019-03-26,17:38:10.205000,10521,10521,10521,1
2019-03-26,17:38:15.084000,10522,10522,10522,1
2019-03-26,17:38:19.911000,10522,10522,10522,2
2019-03-26,17:38:23.474000,10522,10522,10522,2
2019-03-26,17:38:33.827000,10522,10522,10522,1
2019-03-26,17:38:34.081000,10522,10522,10522,1
2019-03-26,17:38:34.082000,10522,10522,10522,3
2019-03-26,17:38:44.561000,10522,10522,10522,2
2019-03-26,17:38:50.064000,10522,10522,10522,1
2019-03-26,17:38:50.065000,10522,10522,10522,1
2019-03-26,17:38:50.065000,10522,10522,10522,2
2019-03-26,17:38:54.315000,10522,10522,10522,1
2019-03-26,17:38:57.500000,10522,10522,10522,1
2019-03-26,17:39:03.037000,10522,10522,10522,1
2019-03-26,17:39:08.728000,10522,10522,10522,1
2019-03-26,17:39:18.972000,10522,10522,10522,1
2019-03-26,17:39:19.410000,10522,10522,10522,1
2019-03-26,17:39:26.191000,10522,10522,10522,1
2019-03-26,17:39:26.267000,10522,10522,10522,1
2019-03-26,17:39:29.495000,10522,10522,10522,1
2019-03-26,17:40:05.942000,10521,10521,10521,29
2019-03-26,17:40:10.490000,10521,10521,10521,1
2019-03-26,17:40:15.065000,10522,10522,10522,4
2019-03-26,17:40:22.554000,10522,10522,10522,1
2019-03-26,17:40:40.303000,10522,10522,10522,1
2019-03-26,17:41:12.875000,10523,10523,10523,1
2019-03-26,17:41:13.107000,10523,10523,10523,1
2019-03-26,17:41:13.396000,10523,10523,10523,4
2019-03-26,17:41:13.436000,10523,10523,10523,3
2019-03-26,17:41:13.459000,10523,10523,10523,1
2019-03-26,17:41:13.462000,10523,10523,10523,1
2019-03-26,17:41:13.467000,10523,10523,10523,1
2019-03-26,17:41:13.517000,10523,10523,10523,2
2019-03-26,17:41:18.264000,10524,10524,10524,1
2019-03-26,17:41:27.795000,10523,10523,10523,5
2019-03-26,17:41:53.572000,10524,10524,10524,14
2019-03-26,17:42:06.260000,10524,10524,10524,1
2019-03-26,17:42:17.322000,10523,10523,10523,11
2019-03-26,17:42:25.392000,10523,10523,10523,1
2019-03-26,17:42:25.588000,10523,10523,10523,1
2019-03-26,17:42:35.441000,10522,10522,10522,2
2019-03-26,17:43:17.881000,10522,10522,10522,1
2019-03-26,17:43:18.138000,10522,10522,10522,1
2019-03-26,17:43:18.361000,10522,10522,10522,1
2019-03-26,17:43:24.972000,10522,10522,10522,1
2019-03-26,17:43:42.490000,10522,10522,10522,2
2019-03-26,17:43:42.517000,10522,10522,10522,2
2019-03-26,17:43:42.518000,10522,10522,10522,2
2019-03-26,17:43:44.277000,10522,10522,10522,1
2019-03-26,17:44:03.509000,10522,10522,10522,5
2019-03-26,17:44:19.197000,10522,10522,10522,2
2019-03-26,17:44:51.661000,10523,10523,10523,1
2019-03-26,17:45:07.361000,10523,10523,10523,1
2019-03-26,17:45:23.452000,10523,10523,10523,1
2019-03-26,17:45:49.364000,10522,10522,10522,1
2019-03-26,17:46:07.663000,10522,10522,10522,1
2019-03-26,17:46:34.296000,10522,10522,10522,1
2019-03-26,17:46:42.992000,10522,10522,10522,2
2019-03-26,17:47:00.988000,10522,10522,10522,1
2019-03-26,17:47:03.670000,10523,10523,10523,1
2019-03-26,17:47:03.675000,10523,10523,10523,1
2019-03-26,17:47:14.113000,10523,10523,10523,1
2019-03-26,17:47:33.641000,10523,10523,10523,5
2019-03-26,17:47:52.513000,10523,10523,10523,1
2019-03-26,17:47:59.481000,10523,10523,10523,1
2019-03-26,17:47:59.481000,10523,10523,10523,3
2019-03-26,17:47:59.481000,10523,10523,10523,1
2019-03-26,17:48:11.621000,10524,10524,10524,1
2019-03-26,17:48:35.477000,10524,10524,10524,8
2019-03-26,17:48:35.477000,10524,10524,10524,7
2019-03-26,17:48:35.478000,10524,10524,10524,7
2019-03-26,17:48:35.478000,10524,10524,10524,5
2019-03-26,17:48:35.535000,10525,10525,10525,1
2019-03-26,17:48:35.536000,10525,10525,10525,2
2019-03-26,17:48:35.536000,10525,10525,10525,1
2019-03-26,17:48:35.642000,10525,10525,10525,12
2019-03-26,17:48:35.642000,10525,10525,10525,6
2019-03-26,17:48:35.770000,10525,10525,10525,1
2019-03-26,17:48:52.998000,10525,10525,10525,1
2019-03-26,17:48:53.260000,10525,10525,10525,1
2019-03-26,17:49:02.048000,10525,10525,10525,1
2019-03-26,17:49:02.142000,10525,10525,10525,5
2019-03-26,17:49:08.767000,10524,10524,10524,19
2019-03-26,17:49:16.087000,10524,10524,10524,1
2019-03-26,17:49:16.344000,10524,10524,10524,1
2019-03-26,17:49:16.573000,10524,10524,10524,1
2019-03-26,17:49:16.841000,10524,10524,10524,1
2019-03-26,17:49:22.162000,10524,10524,10524,1
2019-03-26,17:49:24.029000,10524,10524,10524,2
2019-03-26,17:49:27.624000,10525,10525,10525,4
2019-03-26,17:49:39.052000,10524,10524,10524,2
2019-03-26,17:50:13.199000,10525,10525,10525,1
2019-03-26,17:50:13.628000,10525,10525,10525,1
2019-03-26,17:50:13.638000,10525,10525,10525,1
2019-03-26,17:51:07.257000,10525,10525,10525,1
2019-03-26,17:51:07.652000,10525,10525,10525,1
2019-03-26,17:51:14.798000,10525,10525,10525,4
2019-03-26,17:51:15.973000,10525,10525,10525,1
2019-03-26,17:51:19.771000,10525,10525,10525,1
2019-03-26,17:51:21.485000,10525,10525,10525,1
2019-03-26,17:51:30.839000,10525,10525,10525,2
2019-03-26,17:51:59.364000,10525,10525,10525,1
2019-03-26,17:51:59.566000,10525,10525,10525,5
2019-03-26,17:51:59.642000,10525,10525,10525,1
2019-03-26,17:51:59.642000,10525,10525,10525,1
2019-03-26,17:51:59.724000,10525,10525,10525,1
2019-03-26,17:51:59.727000,10525,10525,10525,4
2019-03-26,17:52:09.772000,10525,10525,10525,1
2019-03-26,17:52:18.917000,10525,10525,10525,1
2019-03-26,17:52:23.335000,10525,10525,10525,1
2019-03-26,17:52:27.687000,10525,10525,10525,5
2019-03-26,17:52:41.142000,10525,10525,10525,1
2019-03-26,17:53:12.418000,10525,10525,10525,1
2019-03-26,17:53:12.421000,10525,10525,10525,1
2019-03-26,17:53:12.422000,10525,10525,10525,2
2019-03-26,17:53:12.517000,10525,10525,10525,2
2019-03-26,17:53:27.471000,10526,10526,10526,1
2019-03-26,17:53:27.543000,10526,10526,10526,1
2019-03-26,17:53:27.978000,10526,10526,10526,3
2019-03-26,17:53:31.964000,10526,10526,10526,2
2019-03-26,17:53:32.658000,10525,10525,10525,1
2019-03-26,17:53:41.480000,10525,10525,10525,2
2019-03-26,17:53:41.481000,10525,10525,10525,6
2019-03-26,17:53:44.175000,10525,10525,10525,1
2019-03-26,17:53:47.978000,10525,10525,10525,10
2019-03-26,17:54:12.439000,10525,10525,10525,2
2019-03-26,17:54:25.692000,10525,10525,10525,1
2019-03-26,17:54:38.772000,10525,10525,10525,1
2019-03-26,17:54:42.058000,10525,10525,10525,1
2019-03-26,17:54:46.828000,10525,10525,10525,1
2019-03-26,17:55:01.005000,10526,10526,10526,2
2019-03-26,17:55:01.263000,10525,10525,10525,1
2019-03-26,17:55:02.116000,10526,10526,10526,1
2019-03-26,17:55:02.162000,10526,10526,10526,1
2019-03-26,17:55:02.800000,10526,10526,10526,7
2019-03-26,17:55:12.151000,10526,10526,10526,2
2019-03-26,17:55:15.714000,10526,10526,10526,1
2019-03-26,17:55:16.139000,10526,10526,10526,1
2019-03-26,17:55:16.943000,10526,10526,10526,1
2019-03-26,17:55:17.388000,10526,10526,10526,1
2019-03-26,17:55:34.122000,10526,10526,10526,2
2019-03-26,17:55:52.507000,10525,10525,10525,6
2019-03-26,17:55:57.205000,10525,10525,10525,1
2019-03-26,17:56:06.766000,10525,10525,10525,1
2019-03-26,17:56:10.469000,10525,10525,10525,1
2019-03-26,17:56:56.413000,10525,10525,10525,1
2019-03-26,17:57:00.027000,10525,10525,10525,2
2019-03-26,17:57:01.864000,10525,10525,10525,2
2019-03-26,17:57:07.310000,10525,10525,10525,1
2019-03-26,17:57:09.738000,10525,10525,10525,1
2019-03-26,17:57:09.739000,10525,10525,10525,1
2019-03-26,17:57:09.739000,10525,10525,10525,3
2019-03-26,17:57:11.931000,10525,10525,10525,1
2019-03-26,17:57:12.613000,10525,10525,10525,1
2019-03-26,17:57:18.925000,10526,10526,10526,1
2019-03-26,17:57:19.575000,10526,10526,10526,2
2019-03-26,17:57:21.462000,10525,10525,10525,1
2019-03-26,17:57:34.640000,10525,10525,10525,5
2019-03-26,17:57:35.510000,10525,10525,10525,1
2019-03-26,17:57:35.767000,10525,10525,10525,1
2019-03-26,17:57:36.583000,10525,10525,10525,1
2019-03-26,17:57:54.523000,10525,10525,10525,1
2019-03-26,17:58:00.339000,10525,10525,10525,1
2019-03-26,17:58:06.081000,10525,10525,10525,1
2019-03-26,17:58:06.811000,10525,10525,10525,1
2019-03-26,17:58:11.478000,10525,10525,10525,2
2019-03-26,17:58:18.859000,10525,10525,10525,1
2019-03-26,17:58:34.834000,10525,10525,10525,1
2019-03-26,17:58:52.319000,10525,10525,10525,3
2019-03-26,17:59:08.705000,10525,10525,10525,1
2019-03-26,17:59:25.235000,10525,10525,10525,2
2019-03-26,17:59:51.318000,10524,10524,10524,1
2019-03-26,17:59:58.856000,10524,10524,10524,1
2019-03-26,17:59:59.987000,10525,10525,10525,1
2019-03-26,18:00:03.350000,10525,10525,10525,2
2019-03-26,18:00:03.516000,10524,10524,10524,7
2019-03-26,18:00:03.658000,10524,10524,10524,1
2019-03-26,18:00:03.820000,10525,10525,10525,1
2019-03-26,18:00:05.896000,10525,10525,10525,1
2019-03-26,18:00:41.978000,10524,10524,10524,1
2019-03-26,18:00:52.442000,10524,10524,10524,1
2019-03-26,18:01:05.886000,10524,10524,10524,1
2019-03-26,18:02:01.599000,10524,10524,10524,2
2019-03-26,18:03:11.335000,10524,10524,10524,2
2019-03-26,18:04:21.401000,10524,10524,10524,2
2019-03-26,18:04:35.894000,10524,10524,10524,5
2019-03-26,18:04:48.885000,10524,10524,10524,5
2019-03-26,18:04:50.220000,10524,10524,10524,1
2019-03-26,18:04:51.008000,10524,10524,10524,1
2019-03-26,18:04:54.909000,10524,10524,10524,6
2019-03-26,18:05:04.673000,10524,10524,10524,2
2019-03-26,18:05:54.326000,10524,10524,10524,1
2019-03-26,18:06:53.505000,10524,10524,10524,6
2019-03-26,18:06:53.505000,10524,10524,10524,1
2019-03-26,18:07:03.864000,10524,10524,10524,1
2019-03-26,18:07:17.269000,10524,10524,10524,1
2019-03-26,18:07:38.577000,10523,10523,10523,4
2019-03-26,18:09:06.325000,10523,10523,10523,1
2019-03-26,18:09:11.541000,10524,10524,10524,2
2019-03-26,18:09:24.030000,10523,10523,10523,1
2019-03-26,18:10:14.830000,10523,10523,10523,1
2019-03-26,18:10:20.163000,10523,10523,10523,1
2019-03-26,18:11:03.051000,10523,10523,10523,1
2019-03-26,18:11:30.394000,10523,10523,10523,4
2019-03-26,18:11:39.414000,10524,10524,10524,1
2019-03-26,18:11:55.882000,10524,10524,10524,1
2019-03-26,18:11:55.883000,10524,10524,10524,1
2019-03-26,18:11:55.884000,10524,10524,10524,1
2019-03-26,18:11:55.894000,10524,10524,10524,4
2019-03-26,18:11:55.895000,10524,10524,10524,6
2019-03-26,18:11:56.194000,10525,10525,10525,1
2019-03-26,18:12:01.867000,10525,10525,10525,2
2019-03-26,18:12:02.683000,10525,10525,10525,2
2019-03-26,18:12:03.798000,10525,10525,10525,1
2019-03-26,18:12:14.517000,10525,10525,10525,6
2019-03-26,18:12:14.642000,10525,10525,10525,8
2019-03-26,18:12:24.082000,10525,10525,10525,10
2019-03-26,18:12:27.080000,10526,10526,10526,2
2019-03-26,18:12:37.582000,10525,10525,10525,17
2019-03-26,18:12:37.582000,10525,10525,10525,1
2019-03-26,18:12:37.582000,10525,10525,10525,1
2019-03-26,18:12:37.588000,10525,10525,10525,1
2019-03-26,18:12:38.730000,10525,10525,10525,1
2019-03-26,18:12:41.495000,10525,10525,10525,1
2019-03-26,18:12:42.565000,10525,10525,10525,1
2019-03-26,18:12:42.681000,10526,10526,10526,28
2019-03-26,18:13:02.808000,10526,10526,10526,4
2019-03-26,18:13:02.896000,10526,10526,10526,1
2019-03-26,18:13:06.901000,10526,10526,10526,2
2019-03-26,18:13:09.808000,10526,10526,10526,1
2019-03-26,18:13:15.612000,10526,10526,10526,1
2019-03-26,18:13:17.317000,10526,10526,10526,3
2019-03-26,18:13:20.409000,10526,10526,10526,1
2019-03-26,18:13:23.555000,10526,10526,10526,1
2019-03-26,18:13:24.128000,10526,10526,10526,1
2019-03-26,18:13:32.989000,10526,10526,10526,1
2019-03-26,18:13:38.237000,10525,10525,10525,1
2019-03-26,18:13:47.558000,10526,10526,10526,1
2019-03-26,18:13:52.773000,10525,10525,10525,1
2019-03-26,18:13:59.823000,10526,10526,10526,1
2019-03-26,18:14:00.695000,10526,10526,10526,4
2019-03-26,18:14:07.784000,10526,10526,10526,1
2019-03-26,18:14:08.574000,10526,10526,10526,1
2019-03-26,18:14:11.437000,10526,10526,10526,2
2019-03-26,18:14:15.959000,10526,10526,10526,1
2019-03-26,18:14:16.199000,10526,10526,10526,5
2019-03-26,18:14:17.180000,10526,10526,10526,5
2019-03-26,18:14:20.247000,10526,10526,10526,1
2019-03-26,18:14:20.247000,10525,10525,10525,1
2019-03-26,18:14:23.335000,10526,10526,10526,1
2019-03-26,18:14:27.317000,10526,10526,10526,1
2019-03-26,18:14:40.384000,10526,10526,10526,1
2019-03-26,18:14:48.683000,10526,10526,10526,1
2019-03-26,18:14:49.758000,10526,10526,10526,1
2019-03-26,18:14:57.167000,10526,10526,10526,1
2019-03-26,18:14:57.647000,10526,10526,10526,1
2019-03-26,18:15:02.259000,10526,10526,10526,1
2019-03-26,18:15:02.458000,10526,10526,10526,1
2019-03-26,18:15:02.474000,10526,10526,10526,1
2019-03-26,18:15:09.586000,10526,10526,10526,2
2019-03-26,18:15:13.277000,10526,10526,10526,3
2019-03-26,18:15:16.965000,10526,10526,10526,1
2019-03-26,18:15:19.590000,10526,10526,10526,1
2019-03-26,18:15:23.138000,10526,10526,10526,1
2019-03-26,18:15:30.133000,10526,10526,10526,20
2019-03-26,18:15:33.125000,10526,10526,10526,1
2019-03-26,18:15:34.622000,10526,10526,10526,1
2019-03-26,18:15:41.200000,10526,10526,10526,4
2019-03-26,18:15:51.758000,10526,10526,10526,1
2019-03-26,18:15:56.663000,10526,10526,10526,2
2019-03-26,18:16:04.479000,10526,10526,10526,1
2019-03-26,18:16:18.041000,10526,10526,10526,1
2019-03-26,18:16:27.249000,10525,10525,10525,5
2019-03-26,18:16:39.660000,10526,10526,10526,2
2019-03-26,18:16:45.680000,10525,10525,10525,1
2019-03-26,18:16:48.181000,10526,10526,10526,5
2019-03-26,18:17:22.025000,10525,10525,10525,1
2019-03-26,18:18:14.767000,10526,10526,10526,1
2019-03-26,18:18:15.889000,10525,10525,10525,1
2019-03-26,18:18:18.283000,10525,10525,10525,19
2019-03-26,18:18:18.284000,10525,10525,10525,7
2019-03-26,18:18:24.938000,10525,10525,10525,1
2019-03-26,18:18:44.673000,10524,10524,10524,3
2019-03-26,18:18:44.767000,10524,10524,10524,1
2019-03-26,18:18:47.749000,10524,10524,10524,1
2019-03-26,18:18:47.749000,10524,10524,10524,6
2019-03-26,18:18:47.749000,10524,10524,10524,1
2019-03-26,18:18:47.749000,10524,10524,10524,1
2019-03-26,18:18:47.749000,10524,10524,10524,2
2019-03-26,18:18:55.992000,10524,10524,10524,5
2019-03-26,18:18:56.133000,10524,10524,10524,3
2019-03-26,18:19:02.510000,10524,10524,10524,1
2019-03-26,18:19:04.172000,10524,10524,10524,2
2019-03-26,18:19:22.987000,10524,10524,10524,1
2019-03-26,18:19:50.344000,10525,10525,10525,3
2019-03-26,18:19:50.617000,10525,10525,10525,6
2019-03-26,18:19:50.617000,10525,10525,10525,2
2019-03-26,18:19:52.203000,10526,10526,10526,1
2019-03-26,18:19:53.324000,10525,10525,10525,1
2019-03-26,18:20:28.269000,10525,10525,10525,13
2019-03-26,18:20:38.547000,10525,10525,10525,1
2019-03-26,18:21:11.465000,10525,10525,10525,8
2019-03-26,18:21:11.465000,10525,10525,10525,7
2019-03-26,18:21:11.465000,10525,10525,10525,6
2019-03-26,18:21:15.886000,10525,10525,10525,1
2019-03-26,18:21:39.042000,10525,10525,10525,1
2019-03-26,18:22:03.502000,10524,10524,10524,2
2019-03-26,18:22:58.824000,10524,10524,10524,1
2019-03-26,18:23:23.833000,10524,10524,10524,10
2019-03-26,18:23:26.865000,10525,10525,10525,1
2019-03-26,18:23:36.628000,10524,10524,10524,1
2019-03-26,18:23:37.033000,10524,10524,10524,1
2019-03-26,18:23:40.660000,10524,10524,10524,1
2019-03-26,18:23:43.707000,10524,10524,10524,1
2019-03-26,18:23:48.152000,10524,10524,10524,1
2019-03-26,18:24:10.867000,10524,10524,10524,8
2019-03-26,18:24:10.873000,10525,10525,10525,1
2019-03-26,18:24:10.883000,10525,10525,10525,1
2019-03-26,18:24:13.528000,10525,10525,10525,1
2019-03-26,18:24:29.127000,10525,10525,10525,8
2019-03-26,18:24:29.127000,10525,10525,10525,7
2019-03-26,18:24:29.127000,10525,10525,10525,6
2019-03-26,18:24:29.132000,10526,10526,10526,1
2019-03-26,18:24:29.140000,10526,10526,10526,1
2019-03-26,18:24:35.895000,10526,10526,10526,2
2019-03-26,18:24:39.534000,10526,10526,10526,1
2019-03-26,18:24:43.828000,10525,10525,10525,15
2019-03-26,18:24:44.165000,10526,10526,10526,1
2019-03-26,18:24:49.196000,10525,10525,10525,1
2019-03-26,18:24:52.145000,10526,10526,10526,1
2019-03-26,18:24:58.211000,10526,10526,10526,2
2019-03-26,18:24:58.211000,10526,10526,10526,2
2019-03-26,18:24:58.211000,10526,10526,10526,1
2019-03-26,18:24:58.211000,10526,10526,10526,1
2019-03-26,18:24:58.211000,10526,10526,10526,2
2019-03-26,18:24:58.211000,10526,10526,10526,1
2019-03-26,18:24:58.211000,10526,10526,10526,1
2019-03-26,18:24:58.211000,10526,10526,10526,1
2019-03-26,18:24:58.212000,10526,10526,10526,2
2019-03-26,18:24:58.214000,10526,10526,10526,1
2019-03-26,18:24:58.214000,10526,10526,10526,1
2019-03-26,18:25:03.274000,10526,10526,10526,2
2019-03-26,18:25:08.038000,10526,10526,10526,1
2019-03-26,18:25:12.708000,10526,10526,10526,1
2019-03-26,18:25:25.127000,10526,10526,10526,1
2019-03-26,18:25:33.659000,10526,10526,10526,1
2019-03-26,18:25:39.579000,10526,10526,10526,1
2019-03-26,18:25:41.123000,10526,10526,10526,1
2019-03-26,18:25:48.797000,10526,10526,10526,1
2019-03-26,18:26:02.201000,10526,10526,10526,8
2019-03-26,18:26:13.644000,10525,10525,10525,2
2019-03-26,18:26:13.645000,10525,10525,10525,1
2019-03-26,18:26:13.645000,10525,10525,10525,12
2019-03-26,18:26:13.670000,10525,10525,10525,1
2019-03-26,18:26:13.796000,10525,10525,10525,5
2019-03-26,18:26:16.318000,10524,10524,10524,2
2019-03-26,18:26:16.435000,10524,10524,10524,1
2019-03-26,18:26:20.006000,10524,10524,10524,1
2019-03-26,18:26:21.484000,10524,10524,10524,1
2019-03-26,18:26:24.080000,10524,10524,10524,1
2019-03-26,18:26:29.196000,10524,10524,10524,3
2019-03-26,18:27:02.304000,10524,10524,10524,3
2019-03-26,18:27:07.989000,10524,10524,10524,1
2019-03-26,18:27:08.017000,10524,10524,10524,1
2019-03-26,18:27:08.142000,10524,10524,10524,1
2019-03-26,18:27:13.914000,10523,10523,10523,1
2019-03-26,18:27:28.766000,10524,10524,10524,1
2019-03-26,18:27:28.900000,10523,10523,10523,1
2019-03-26,18:27:44.517000,10524,10524,10524,5
2019-03-26,18:27:52.371000,10525,10525,10525,3
2019-03-26,18:27:52.392000,10525,10525,10525,3
2019-03-26,18:28:07.818000,10525,10525,10525,1
2019-03-26,18:28:15.022000,10526,10526,10526,2
2019-03-26,18:28:25.074000,10525,10525,10525,1
2019-03-26,18:28:30.267000,10526,10526,10526,2
2019-03-26,18:28:30.268000,10526,10526,10526,2
2019-03-26,18:28:30.268000,10526,10526,10526,4
2019-03-26,18:28:30.280000,10526,10526,10526,7
2019-03-26,18:28:32.717000,10526,10526,10526,1
2019-03-26,18:28:41.761000,10526,10526,10526,5
2019-03-26,18:28:47.369000,10526,10526,10526,1
2019-03-26,18:28:47.392000,10526,10526,10526,1
2019-03-26,18:28:47.517000,10526,10526,10526,2
2019-03-26,18:28:52.059000,10527,10527,10527,8
2019-03-26,18:28:52.059000,10527,10527,10527,7
2019-03-26,18:28:52.059000,10527,10527,10527,8
2019-03-26,18:28:52.060000,10527,10527,10527,7
2019-03-26,18:28:52.142000,10527,10527,10527,3
2019-03-26,18:28:52.142000,10527,10527,10527,2
2019-03-26,18:28:52.143000,10527,10527,10527,1
2019-03-26,18:28:52.346000,10528,10528,10528,1
2019-03-26,18:28:52.358000,10528,10528,10528,1
2019-03-26,18:28:52.374000,10528,10528,10528,6
2019-03-26,18:28:52.394000,10527,10527,10527,2
2019-03-26,18:28:52.432000,10528,10528,10528,1
2019-03-26,18:28:52.462000,10528,10528,10528,1
2019-03-26,18:28:52.662000,10528,10528,10528,1
2019-03-26,18:28:52.682000,10528,10528,10528,1
2019-03-26,18:28:52.686000,10528,10528,10528,1
2019-03-26,18:28:52.696000,10528,10528,10528,1
2019-03-26,18:28:52.705000,10528,10528,10528,1
2019-03-26,18:28:52.714000,10528,10528,10528,1
2019-03-26,18:28:52.753000,10528,10528,10528,1
2019-03-26,18:28:52.921000,10528,10528,10528,5
2019-03-26,18:28:53.026000,10528,10528,10528,1
2019-03-26,18:28:53.031000,10528,10528,10528,1
2019-03-26,18:28:53.176000,10528,10528,10528,1
2019-03-26,18:28:53.279000,10527,10527,10527,1
2019-03-26,18:29:01.387000,10527,10527,10527,1
2019-03-26,18:29:02.650000,10527,10527,10527,1
2019-03-26,18:29:02.650000,10527,10527,10527,2
2019-03-26,18:29:12.184000,10527,10527,10527,1
2019-03-26,18:29:14.963000,10526,10526,10526,1
2019-03-26,18:29:26.247000,10526,10526,10526,2
2019-03-26,18:29:32.132000,10526,10526,10526,3
2019-03-26,18:29:34.219000,10526,10526,10526,1
2019-03-26,18:29:57.060000,10527,10527,10527,1
2019-03-26,18:30:02.628000,10527,10527,10527,5
2019-03-26,18:30:04.624000,10527,10527,10527,1
2019-03-26,18:30:13.339000,10526,10526,10526,3
2019-03-26,18:30:13.534000,10527,10527,10527,1
2019-03-26,18:30:13.642000,10526,10526,10526,1
2019-03-26,18:30:13.642000,10526,10526,10526,1
2019-03-26,18:30:48.949000,10526,10526,10526,2
2019-03-26,18:31:11.173000,10525,10525,10525,2
2019-03-26,18:31:11.267000,10525,10525,10525,1
2019-03-26,18:31:13.260000,10525,10525,10525,22
2019-03-26,18:31:13.267000,10525,10525,10525,1
2019-03-26,18:31:28.457000,10525,10525,10525,1
2019-03-26,18:32:15.451000,10524,10524,10524,1
2019-03-26,18:32:15.683000,10524,10524,10524,1
2019-03-26,18:32:18.744000,10524,10524,10524,1
2019-03-26,18:32:20.795000,10525,10525,10525,1
2019-03-26,18:33:07.009000,10524,10524,10524,1
2019-03-26,18:33:14.402000,10524,10524,10524,1
2019-03-26,18:33:15.520000,10524,10524,10524,1
2019-03-26,18:34:59.702000,10524,10524,10524,1
2019-03-26,18:34:59.767000,10524,10524,10524,2
2019-03-26,18:34:59.813000,10524,10524,10524,2
2019-03-26,18:34:59.813000,10524,10524,10524,3
2019-03-26,18:35:06.750000,10523,10523,10523,1
2019-03-26,18:35:06.774000,10523,10523,10523,4
2019-03-26,18:35:06.799000,10523,10523,10523,4
2019-03-26,18:35:07.638000,10523,10523,10523,1
2019-03-26,18:35:07.782000,10523,10523,10523,1
2019-03-26,18:35:07.798000,10523,10523,10523,7
2019-03-26,18:35:31.292000,10523,10523,10523,1
2019-03-26,18:35:44.206000,10523,10523,10523,1
2019-03-26,18:36:18.830000,10523,10523,10523,5
2019-03-26,18:36:19.171000,10523,10523,10523,5
2019-03-26,18:36:31.012000,10523,10523,10523,2
2019-03-26,18:36:31.017000,10523,10523,10523,12
2019-03-26,18:36:36.912000,10523,10523,10523,1
2019-03-26,18:36:40.308000,10523,10523,10523,1
2019-03-26,18:37:06.556000,10524,10524,10524,4
2019-03-26,18:37:10.318000,10524,10524,10524,1
2019-03-26,18:37:10.318000,10524,10524,10524,5
2019-03-26,18:37:10.318000,10524,10524,10524,1
2019-03-26,18:37:10.319000,10524,10524,10524,1
2019-03-26,18:37:28.401000,10524,10524,10524,1
2019-03-26,18:37:43.436000,10524,10524,10524,1
2019-03-26,18:38:28.975000,10524,10524,10524,1
2019-03-26,18:39:00.114000,10524,10524,10524,2
2019-03-26,18:39:14.851000,10524,10524,10524,1
2019-03-26,18:39:15.605000,10524,10524,10524,1
2019-03-26,18:39:33.511000,10523,10523,10523,2
2019-03-26,18:40:03.416000,10523,10523,10523,2
2019-03-26,18:40:06.163000,10523,10523,10523,6
2019-03-26,18:40:06.163000,10523,10523,10523,2
2019-03-26,18:40:06.164000,10523,10523,10523,2
2019-03-26,18:40:06.164000,10523,10523,10523,1
2019-03-26,18:40:10.401000,10522,10522,10522,2
2019-03-26,18:40:10.401000,10522,10522,10522,3
2019-03-26,18:40:10.401000,10522,10522,10522,3
2019-03-26,18:40:10.401000,10522,10522,10522,2
2019-03-26,18:40:10.401000,10522,10522,10522,2
2019-03-26,18:40:10.401000,10522,10522,10522,4
2019-03-26,18:40:10.401000,10522,10522,10522,1
2019-03-26,18:40:13.772000,10523,10523,10523,1
2019-03-26,18:40:21.312000,10523,10523,10523,1
2019-03-26,18:40:38.419000,10523,10523,10523,1
2019-03-26,18:40:47.830000,10523,10523,10523,1
2019-03-26,18:40:49.392000,10523,10523,10523,2
2019-03-26,18:41:01.808000,10523,10523,10523,4
2019-03-26,18:41:01.808000,10523,10523,10523,1
2019-03-26,18:41:01.884000,10523,10523,10523,1
2019-03-26,18:41:12.171000,10523,10523,10523,1
2019-03-26,18:41:30.093000,10523,10523,10523,2
2019-03-26,18:41:38.823000,10523,10523,10523,2
2019-03-26,18:43:07.342000,10523,10523,10523,3
2019-03-26,18:43:13.572000,10523,10523,10523,1
2019-03-26,18:43:15.063000,10523,10523,10523,2
2019-03-26,18:43:50.484000,10523,10523,10523,1
2019-03-26,18:44:29.267000,10522,10522,10522,1
2019-03-26,18:44:31.099000,10522,10522,10522,1
2019-03-26,18:44:40.586000,10522,10522,10522,1
2019-03-26,18:44:54.375000,10522,10522,10522,1
2019-03-26,18:44:55.377000,10522,10522,10522,1
2019-03-26,18:44:55.377000,10522,10522,10522,4
2019-03-26,18:44:55.377000,10522,10522,10522,6
2019-03-26,18:45:09.157000,10522,10522,10522,3
2019-03-26,18:45:10.900000,10522,10522,10522,2
2019-03-26,18:45:25.429000,10522,10522,10522,1
2019-03-26,18:45:50.644000,10522,10522,10522,1
2019-03-26,18:45:51.305000,10522,10522,10522,1
2019-03-26,18:46:04.551000,10522,10522,10522,2
2019-03-26,18:46:15.180000,10523,10523,10523,2
2019-03-26,18:46:28.269000,10523,10523,10523,2
2019-03-26,18:46:36.634000,10523,10523,10523,1
2019-03-26,18:47:22.403000,10522,10522,10522,2
2019-03-26,18:47:27.253000,10522,10522,10522,1
2019-03-26,18:47:46.286000,10522,10522,10522,1
2019-03-26,18:48:02.524000,10523,10523,10523,2
2019-03-26,18:48:08.775000,10523,10523,10523,2
2019-03-26,18:48:19.768000,10523,10523,10523,4
2019-03-26,18:48:19.892000,10523,10523,10523,1
2019-03-26,18:48:56.065000,10524,10524,10524,1
2019-03-26,18:48:56.065000,10524,10524,10524,1
2019-03-26,18:49:27.559000,10524,10524,10524,1
2019-03-26,18:49:38.135000,10524,10524,10524,1
2019-03-26,18:50:15.422000,10524,10524,10524,1
2019-03-26,18:50:16.163000,10523,10523,10523,4
2019-03-26,18:50:16.163000,10523,10523,10523,4
2019-03-26,18:50:16.208000,10523,10523,10523,4
2019-03-26,18:50:16.208000,10523,10523,10523,4
2019-03-26,18:50:16.457000,10523,10523,10523,3
2019-03-26,18:50:16.459000,10523,10523,10523,3
2019-03-26,18:50:16.526000,10523,10523,10523,2
2019-03-26,18:50:30.166000,10523,10523,10523,1
2019-03-26,18:50:33.094000,10523,10523,10523,1
2019-03-26,18:50:53.348000,10523,10523,10523,2
2019-03-26,18:50:56.902000,10523,10523,10523,6
2019-03-26,18:51:17.912000,10523,10523,10523,1
2019-03-26,18:52:00.440000,10523,10523,10523,6
2019-03-26,18:52:09.375000,10523,10523,10523,1
2019-03-26,18:52:23.933000,10523,10523,10523,5
2019-03-26,18:52:29.675000,10523,10523,10523,1
2019-03-26,18:52:56.918000,10523,10523,10523,1
2019-03-26,18:52:56.967000,10524,10524,10524,1
2019-03-26,18:52:56.967000,10524,10524,10524,1
2019-03-26,18:52:57.246000,10523,10523,10523,1
2019-03-26,18:53:21.193000,10524,10524,10524,5
2019-03-26,18:53:26.263000,10524,10524,10524,1
2019-03-26,18:53:27.977000,10524,10524,10524,1
2019-03-26,18:53:46.142000,10524,10524,10524,1
2019-03-26,18:53:46.267000,10524,10524,10524,1
2019-03-26,18:54:03.938000,10524,10524,10524,1
2019-03-26,18:54:24.020000,10523,10523,10523,1
2019-03-26,18:54:35.453000,10524,10524,10524,1
2019-03-26,18:54:35.559000,10524,10524,10524,1
2019-03-26,18:54:43.890000,10524,10524,10524,3
2019-03-26,18:54:49.201000,10525,10525,10525,1
2019-03-26,18:54:50.487000,10525,10525,10525,2
2019-03-26,18:55:16.972000,10525,10525,10525,1
2019-03-26,18:55:21.628000,10524,10524,10524,1
2019-03-26,18:55:45.126000,10524,10524,10524,1
2019-03-26,18:56:30.185000,10525,10525,10525,1
2019-03-26,18:56:30.269000,10525,10525,10525,3
2019-03-26,18:56:30.392000,10525,10525,10525,12
2019-03-26,18:56:40.882000,10525,10525,10525,1
2019-03-26,18:57:05.041000,10525,10525,10525,1
2019-03-26,18:57:08.354000,10525,10525,10525,1
2019-03-26,18:57:17.474000,10524,10524,10524,6
2019-03-26,18:57:45.660000,10525,10525,10525,1
2019-03-26,18:57:53.049000,10525,10525,10525,3
2019-03-26,18:57:57.653000,10525,10525,10525,2
2019-03-26,18:59:34.959000,10525,10525,10525,1
2019-03-26,18:59:36.761000,10525,10525,10525,1
2019-03-26,18:59:39.518000,10525,10525,10525,1
2019-03-26,18:59:47.347000,10524,10524,10524,1
2019-03-26,18:59:48.392000,10525,10525,10525,7
2019-03-26,19:00:15.144000,10525,10525,10525,1
2019-03-26,19:00:15.269000,10525,10525,10525,2
2019-03-26,19:00:15.769000,10525,10525,10525,1
2019-03-26,19:00:15.769000,10524,10524,10524,3
2019-03-26,19:00:16.062000,10524,10524,10524,2
2019-03-26,19:00:45.031000,10526,10526,10526,1
2019-03-26,19:00:57.933000,10526,10526,10526,2
2019-03-26,19:00:58.113000,10526,10526,10526,1
2019-03-26,19:00:58.148000,10526,10526,10526,3
2019-03-26,19:00:58.151000,10526,10526,10526,1
2019-03-26,19:00:58.196000,10526,10526,10526,2
2019-03-26,19:00:58.196000,10526,10526,10526,1
2019-03-26,19:00:58.196000,10526,10526,10526,2
