2019-05-23,15:00:00,10293,10293,10293,292
2019-05-23,15:00:00,10294,10294,10294,2
2019-05-23,15:00:00,10293,10293,10293,2
2019-05-23,15:00:00,10293,10293,10293,2
2019-05-23,15:00:00,10293,10293,10293,2
2019-05-23,15:00:00,10293,10293,10293,2
2019-05-23,15:00:00,10293,10293,10293,2
2019-05-23,15:00:00,10293,10293,10293,2
2019-05-23,15:00:00,10292,10292,10292,2
2019-05-23,15:00:00,10292,10292,10292,2
2019-05-23,15:00:00,10292,10292,10292,2
2019-05-23,15:00:00,10292,10292,10292,2
2019-05-23,15:00:00,10292,10292,10292,2
2019-05-23,15:00:00,10293,10293,10293,4
2019-05-23,15:00:00,10294,10294,10294,4
2019-05-23,15:00:00,10293,10293,10293,2
2019-05-23,15:00:00,10294,10294,10294,2
2019-05-23,15:00:00,10293,10293,10293,2
2019-05-23,15:00:00,10293,10293,10293,4
2019-05-23,15:00:00,10294,10294,10294,4
2019-05-23,15:00:01,10294,10294,10294,10
2019-05-23,15:00:01,10294,10294,10294,2
2019-05-23,15:00:01,10294,10294,10294,2
2019-05-23,15:00:01,10294,10294,10294,6
2019-05-23,15:00:01,10294,10294,10294,8
2019-05-23,15:00:01,10294,10294,10294,2
2019-05-23,15:00:01,10293,10293,10293,10
2019-05-23,15:00:01,10294,10294,10294,2
2019-05-23,15:00:01,10293,10293,10293,2
2019-05-23,15:00:01,10293,10293,10293,4
2019-05-23,15:00:01,10293,10293,10293,2
2019-05-23,15:00:01,10293,10293,10293,2
2019-05-23,15:00:02,10293,10293,10293,2
2019-05-23,15:00:02,10292,10292,10292,8
2019-05-23,15:00:02,10292,10292,10292,6
2019-05-23,15:00:02,10292,10292,10292,2
2019-05-23,15:00:02,10292,10292,10292,2
2019-05-23,15:00:02,10292,10292,10292,10
2019-05-23,15:00:02,10293,10293,10293,2
2019-05-23,15:00:02,10292,10292,10292,2
2019-05-23,15:00:02,10292,10292,10292,2
2019-05-23,15:00:02,10292,10292,10292,6
2019-05-23,15:00:03,10292,10292,10292,2
2019-05-23,15:00:03,10292,10292,10292,2
2019-05-23,15:00:03,10294,10294,10294,2
2019-05-23,15:00:03,10292,10292,10292,6
2019-05-23,15:00:03,10292,10292,10292,6
2019-05-23,15:00:03,10292,10292,10292,2
2019-05-23,15:00:03,10292,10292,10292,2
2019-05-23,15:00:03,10292,10292,10292,4
2019-05-23,15:00:04,10292,10292,10292,2
2019-05-23,15:00:04,10293,10293,10293,2
2019-05-23,15:00:04,10294,10294,10294,2
2019-05-23,15:00:05,10292,10292,10292,2
2019-05-23,15:00:05,10293,10293,10293,4
2019-05-23,15:00:05,10294,10294,10294,4
2019-05-23,15:00:06,10292,10292,10292,2
2019-05-23,15:00:06,10292,10292,10292,6
2019-05-23,15:00:06,10293,10293,10293,4
2019-05-23,15:00:07,10293,10293,10293,6
2019-05-23,15:00:07,10293,10293,10293,4
2019-05-23,15:00:07,10292,10292,10292,4
2019-05-23,15:00:07,10292,10292,10292,2
2019-05-23,15:00:07,10292,10292,10292,2
2019-05-23,15:00:08,10292,10292,10292,2
2019-05-23,15:00:08,10292,10292,10292,2
2019-05-23,15:00:08,10293,10293,10293,2
2019-05-23,15:00:09,10293,10293,10293,2
2019-05-23,15:00:09,10293,10293,10293,6
2019-05-23,15:00:09,10294,10294,10294,6
2019-05-23,15:00:09,10292,10292,10292,2
2019-05-23,15:00:09,10292,10292,10292,2
2019-05-23,15:00:11,10294,10294,10294,2
2019-05-23,15:00:11,10293,10293,10293,2
2019-05-23,15:00:11,10292,10292,10292,2
2019-05-23,15:00:11,10293,10293,10293,2
2019-05-23,15:00:12,10293,10293,10293,2
2019-05-23,15:00:12,10293,10293,10293,2
2019-05-23,15:00:12,10292,10292,10292,2
2019-05-23,15:00:12,10292,10292,10292,2
2019-05-23,15:00:12,10294,10294,10294,2
2019-05-23,15:00:13,10292,10292,10292,4
2019-05-23,15:00:13,10293,10293,10293,2
2019-05-23,15:00:14,10294,10294,10294,2
2019-05-23,15:00:14,10294,10294,10294,2
2019-05-23,15:00:15,10293,10293,10293,2
2019-05-23,15:00:16,10293,10293,10293,2
2019-05-23,15:00:16,10293,10293,10293,2
2019-05-23,15:00:16,10293,10293,10293,2
2019-05-23,15:00:16,10293,10293,10293,2
2019-05-23,15:00:16,10293,10293,10293,2
2019-05-23,15:00:16,10293,10293,10293,2
2019-05-23,15:00:17,10293,10293,10293,2
2019-05-23,15:00:17,10293,10293,10293,2
2019-05-23,15:00:17,10293,10293,10293,2
2019-05-23,15:00:18,10293,10293,10293,2
2019-05-23,15:00:18,10293,10293,10293,6
2019-05-23,15:00:18,10293,10293,10293,4
2019-05-23,15:00:18,10294,10294,10294,58
2019-05-23,15:00:18,10293,10293,10293,2
2019-05-23,15:00:18,10293,10293,10293,2
2019-05-23,15:00:18,10293,10293,10293,4
2019-05-23,15:00:18,10293,10293,10293,2
2019-05-23,15:00:18,10293,10293,10293,4
2019-05-23,15:00:20,10293,10293,10293,4
2019-05-23,15:00:21,10294,10294,10294,2
2019-05-23,15:00:21,10294,10294,10294,4
2019-05-23,15:00:21,10294,10294,10294,2
2019-05-23,15:00:22,10294,10294,10294,4
2019-05-23,15:00:22,10295,10295,10295,2
2019-05-23,15:00:22,10294,10294,10294,2
2019-05-23,15:00:23,10295,10295,10295,2
2019-05-23,15:00:23,10295,10295,10295,2
2019-05-23,15:00:24,10294,10294,10294,20
2019-05-23,15:00:24,10294,10294,10294,2
2019-05-23,15:00:24,10293,10293,10293,2
2019-05-23,15:00:24,10293,10293,10293,4
2019-05-23,15:00:24,10293,10293,10293,2
2019-05-23,15:00:24,10293,10293,10293,2
2019-05-23,15:00:24,10295,10295,10295,2
2019-05-23,15:00:26,10294,10294,10294,2
2019-05-23,15:00:26,10294,10294,10294,2
2019-05-23,15:00:26,10293,10293,10293,2
2019-05-23,15:00:26,10293,10293,10293,2
2019-05-23,15:00:26,10294,10294,10294,2
2019-05-23,15:00:26,10293,10293,10293,2
2019-05-23,15:00:26,10293,10293,10293,2
2019-05-23,15:00:26,10293,10293,10293,4
2019-05-23,15:00:26,10295,10295,10295,2
2019-05-23,15:00:26,10294,10294,10294,2
2019-05-23,15:00:26,10294,10294,10294,10
2019-05-23,15:00:27,10294,10294,10294,2
2019-05-23,15:00:28,10294,10294,10294,2
2019-05-23,15:00:28,10294,10294,10294,2
2019-05-23,15:00:30,10294,10294,10294,6
2019-05-23,15:00:30,10293,10293,10293,2
2019-05-23,15:00:32,10294,10294,10294,2
2019-05-23,15:00:33,10293,10293,10293,2
2019-05-23,15:00:33,10293,10293,10293,6
2019-05-23,15:00:33,10293,10293,10293,2
2019-05-23,15:00:33,10293,10293,10293,2
2019-05-23,15:00:33,10293,10293,10293,2
2019-05-23,15:00:33,10293,10293,10293,2
2019-05-23,15:00:34,10292,10292,10292,2
2019-05-23,15:00:34,10292,10292,10292,2
2019-05-23,15:00:35,10293,10293,10293,2
2019-05-23,15:00:36,10293,10293,10293,2
2019-05-23,15:00:37,10293,10293,10293,2
2019-05-23,15:00:38,10292,10292,10292,2
2019-05-23,15:00:38,10293,10293,10293,2
2019-05-23,15:00:38,10292,10292,10292,2
2019-05-23,15:00:38,10292,10292,10292,2
2019-05-23,15:00:38,10292,10292,10292,4
2019-05-23,15:00:38,10292,10292,10292,2
2019-05-23,15:00:38,10292,10292,10292,2
2019-05-23,15:00:39,10293,10293,10293,2
2019-05-23,15:00:39,10292,10292,10292,2
2019-05-23,15:00:39,10292,10292,10292,2
2019-05-23,15:00:39,10292,10292,10292,8
2019-05-23,15:00:39,10292,10292,10292,4
2019-05-23,15:00:39,10292,10292,10292,2
2019-05-23,15:00:39,10292,10292,10292,2
2019-05-23,15:00:39,10292,10292,10292,2
2019-05-23,15:00:39,10292,10292,10292,2
2019-05-23,15:00:39,10292,10292,10292,2
2019-05-23,15:00:39,10292,10292,10292,10
2019-05-23,15:00:39,10292,10292,10292,2
2019-05-23,15:00:39,10292,10292,10292,2
2019-05-23,15:00:40,10291,10291,10291,2
2019-05-23,15:00:40,10291,10291,10291,2
2019-05-23,15:00:40,10292,10292,10292,4
2019-05-23,15:00:40,10291,10291,10291,2
2019-05-23,15:00:40,10291,10291,10291,2
2019-05-23,15:00:40,10291,10291,10291,2
2019-05-23,15:00:41,10291,10291,10291,2
2019-05-23,15:00:41,10291,10291,10291,2
2019-05-23,15:00:41,10291,10291,10291,2
2019-05-23,15:00:42,10291,10291,10291,2
2019-05-23,15:00:43,10291,10291,10291,2
2019-05-23,15:00:44,10291,10291,10291,2
2019-05-23,15:00:44,10291,10291,10291,2
2019-05-23,15:00:44,10291,10291,10291,2
2019-05-23,15:00:44,10291,10291,10291,10
2019-05-23,15:00:44,10291,10291,10291,2
2019-05-23,15:00:44,10291,10291,10291,2
2019-05-23,15:00:44,10291,10291,10291,6
2019-05-23,15:00:44,10291,10291,10291,2
2019-05-23,15:00:44,10291,10291,10291,2
2019-05-23,15:00:44,10291,10291,10291,2
2019-05-23,15:00:44,10291,10291,10291,6
2019-05-23,15:00:44,10291,10291,10291,4
2019-05-23,15:00:44,10290,10290,10290,2
2019-05-23,15:00:44,10290,10290,10290,6
2019-05-23,15:00:45,10290,10290,10290,2
2019-05-23,15:00:45,10290,10290,10290,4
2019-05-23,15:00:45,10290,10290,10290,2
2019-05-23,15:00:46,10290,10290,10290,6
2019-05-23,15:00:46,10291,10291,10291,2
2019-05-23,15:00:46,10290,10290,10290,2
2019-05-23,15:00:47,10291,10291,10291,2
2019-05-23,15:00:48,10290,10290,10290,2
2019-05-23,15:00:48,10290,10290,10290,2
2019-05-23,15:00:48,10290,10290,10290,4
2019-05-23,15:00:48,10290,10290,10290,2
2019-05-23,15:00:48,10290,10290,10290,2
2019-05-23,15:00:48,10290,10290,10290,4
2019-05-23,15:00:48,10290,10290,10290,6
2019-05-23,15:00:48,10290,10290,10290,6
2019-05-23,15:00:48,10290,10290,10290,2
2019-05-23,15:00:48,10290,10290,10290,2
2019-05-23,15:00:48,10290,10290,10290,2
2019-05-23,15:00:49,10291,10291,10291,2
2019-05-23,15:00:49,10290,10290,10290,2
2019-05-23,15:00:50,10290,10290,10290,2
2019-05-23,15:00:50,10290,10290,10290,10
2019-05-23,15:00:50,10290,10290,10290,2
2019-05-23,15:00:50,10289,10289,10289,2
2019-05-23,15:00:50,10289,10289,10289,2
2019-05-23,15:00:51,10289,10289,10289,2
2019-05-23,15:00:51,10289,10289,10289,2
2019-05-23,15:00:51,10290,10290,10290,2
2019-05-23,15:00:52,10290,10290,10290,2
2019-05-23,15:00:52,10289,10289,10289,2
2019-05-23,15:00:52,10289,10289,10289,2
2019-05-23,15:00:52,10289,10289,10289,2
2019-05-23,15:00:53,10288,10288,10288,2
2019-05-23,15:00:53,10288,10288,10288,2
2019-05-23,15:00:54,10289,10289,10289,2
2019-05-23,15:00:54,10288,10288,10288,2
2019-05-23,15:00:54,10288,10288,10288,4
2019-05-23,15:00:54,10288,10288,10288,2
2019-05-23,15:00:54,10288,10288,10288,2
2019-05-23,15:00:56,10288,10288,10288,2
2019-05-23,15:00:56,10288,10288,10288,2
2019-05-23,15:00:56,10288,10288,10288,2
2019-05-23,15:00:58,10289,10289,10289,6
2019-05-23,15:00:58,10288,10288,10288,2
2019-05-23,15:00:58,10288,10288,10288,2
2019-05-23,15:00:58,10288,10288,10288,2
2019-05-23,15:00:59,10288,10288,10288,2
2019-05-23,15:01:00,10288,10288,10288,2
2019-05-23,15:01:00,10288,10288,10288,2
2019-05-23,15:01:00,10288,10288,10288,2
2019-05-23,15:01:01,10288,10288,10288,2
2019-05-23,15:01:01,10288,10288,10288,2
2019-05-23,15:01:01,10288,10288,10288,2
2019-05-23,15:01:01,10288,10288,10288,2
2019-05-23,15:01:01,10288,10288,10288,2
2019-05-23,15:01:01,10288,10288,10288,2
2019-05-23,15:01:01,10288,10288,10288,2
2019-05-23,15:01:02,10288,10288,10288,2
2019-05-23,15:01:02,10288,10288,10288,6
2019-05-23,15:01:02,10288,10288,10288,2
2019-05-23,15:01:04,10287,10287,10287,2
2019-05-23,15:01:04,10287,10287,10287,2
2019-05-23,15:01:04,10287,10287,10287,2
2019-05-23,15:01:04,10287,10287,10287,2
2019-05-23,15:01:04,10287,10287,10287,2
2019-05-23,15:01:04,10287,10287,10287,4
2019-05-23,15:01:04,10287,10287,10287,2
2019-05-23,15:01:04,10286,10286,10286,2
2019-05-23,15:01:04,10286,10286,10286,2
2019-05-23,15:01:04,10286,10286,10286,4
2019-05-23,15:01:04,10286,10286,10286,2
2019-05-23,15:01:05,10286,10286,10286,2
2019-05-23,15:01:05,10286,10286,10286,2
2019-05-23,15:01:05,10286,10286,10286,2
2019-05-23,15:01:05,10286,10286,10286,2
2019-05-23,15:01:05,10286,10286,10286,2
2019-05-23,15:01:05,10285,10285,10285,2
2019-05-23,15:01:05,10285,10285,10285,2
2019-05-23,15:01:05,10285,10285,10285,12
2019-05-23,15:01:05,10285,10285,10285,4
2019-05-23,15:01:05,10285,10285,10285,4
2019-05-23,15:01:05,10286,10286,10286,4
2019-05-23,15:01:05,10285,10285,10285,6
2019-05-23,15:01:05,10285,10285,10285,2
2019-05-23,15:01:05,10285,10285,10285,4
2019-05-23,15:01:05,10285,10285,10285,2
2019-05-23,15:01:05,10285,10285,10285,14
2019-05-23,15:01:05,10285,10285,10285,10
2019-05-23,15:01:05,10285,10285,10285,2
2019-05-23,15:01:05,10285,10285,10285,2
2019-05-23,15:01:05,10285,10285,10285,2
2019-05-23,15:01:05,10285,10285,10285,2
2019-05-23,15:01:05,10285,10285,10285,2
2019-05-23,15:01:05,10285,10285,10285,4
2019-05-23,15:01:05,10285,10285,10285,8
2019-05-23,15:01:05,10285,10285,10285,2
2019-05-23,15:01:05,10285,10285,10285,4
2019-05-23,15:01:05,10285,10285,10285,2
2019-05-23,15:01:05,10285,10285,10285,2
2019-05-23,15:01:05,10285,10285,10285,4
2019-05-23,15:01:05,10285,10285,10285,2
2019-05-23,15:01:05,10285,10285,10285,2
2019-05-23,15:01:05,10285,10285,10285,2
2019-05-23,15:01:05,10285,10285,10285,2
2019-05-23,15:01:05,10285,10285,10285,4
2019-05-23,15:01:05,10285,10285,10285,2
2019-05-23,15:01:05,10285,10285,10285,2
2019-05-23,15:01:05,10285,10285,10285,6
2019-05-23,15:01:05,10284,10284,10284,8
2019-05-23,15:01:05,10284,10284,10284,10
2019-05-23,15:01:05,10283,10283,10283,2
2019-05-23,15:01:05,10283,10283,10283,2
2019-05-23,15:01:05,10283,10283,10283,2
2019-05-23,15:01:05,10283,10283,10283,2
2019-05-23,15:01:05,10283,10283,10283,2
2019-05-23,15:01:05,10283,10283,10283,2
2019-05-23,15:01:05,10282,10282,10282,2
2019-05-23,15:01:05,10282,10282,10282,4
2019-05-23,15:01:05,10281,10281,10281,2
2019-05-23,15:01:05,10281,10281,10281,2
2019-05-23,15:01:05,10281,10281,10281,2
2019-05-23,15:01:05,10281,10281,10281,2
2019-05-23,15:01:05,10281,10281,10281,12
2019-05-23,15:01:05,10281,10281,10281,4
2019-05-23,15:01:05,10281,10281,10281,2
2019-05-23,15:01:05,10281,10281,10281,2
2019-05-23,15:01:05,10281,10281,10281,2
2019-05-23,15:01:05,10280,10280,10280,2
2019-05-23,15:01:05,10280,10280,10280,2
2019-05-23,15:01:05,10280,10280,10280,2
2019-05-23,15:01:05,10280,10280,10280,2
2019-05-23,15:01:05,10280,10280,10280,2
2019-05-23,15:01:05,10280,10280,10280,4
2019-05-23,15:01:05,10281,10281,10281,2
2019-05-23,15:01:05,10281,10281,10281,2
2019-05-23,15:01:05,10281,10281,10281,2
2019-05-23,15:01:05,10281,10281,10281,2
2019-05-23,15:01:05,10281,10281,10281,8
2019-05-23,15:01:05,10280,10280,10280,2
2019-05-23,15:01:05,10280,10280,10280,2
2019-05-23,15:01:05,10280,10280,10280,2
2019-05-23,15:01:05,10280,10280,10280,2
2019-05-23,15:01:05,10280,10280,10280,2
2019-05-23,15:01:05,10280,10280,10280,2
2019-05-23,15:01:05,10280,10280,10280,4
2019-05-23,15:01:05,10280,10280,10280,4
2019-05-23,15:01:05,10280,10280,10280,2
2019-05-23,15:01:05,10280,10280,10280,6
2019-05-23,15:01:06,10280,10280,10280,6
2019-05-23,15:01:06,10280,10280,10280,6
2019-05-23,15:01:06,10280,10280,10280,10
2019-05-23,15:01:06,10280,10280,10280,6
2019-05-23,15:01:06,10280,10280,10280,14
2019-05-23,15:01:06,10280,10280,10280,2
2019-05-23,15:01:06,10280,10280,10280,20
2019-05-23,15:01:06,10280,10280,10280,10
2019-05-23,15:01:06,10279,10279,10279,2
2019-05-23,15:01:06,10281,10281,10281,2
2019-05-23,15:01:06,10280,10280,10280,2
2019-05-23,15:01:06,10279,10279,10279,2
2019-05-23,15:01:06,10281,10281,10281,2
2019-05-23,15:01:06,10280,10280,10280,2
2019-05-23,15:01:06,10278,10278,10278,2
2019-05-23,15:01:06,10278,10278,10278,2
2019-05-23,15:01:06,10278,10278,10278,2
2019-05-23,15:01:06,10278,10278,10278,2
2019-05-23,15:01:06,10279,10279,10279,2
2019-05-23,15:01:06,10279,10279,10279,4
2019-05-23,15:01:06,10278,10278,10278,2
2019-05-23,15:01:06,10280,10280,10280,20
2019-05-23,15:01:06,10278,10278,10278,2
2019-05-23,15:01:06,10279,10279,10279,2
2019-05-23,15:01:06,10279,10279,10279,2
2019-05-23,15:01:06,10279,10279,10279,2
2019-05-23,15:01:06,10278,10278,10278,2
2019-05-23,15:01:06,10280,10280,10280,2
2019-05-23,15:01:06,10280,10280,10280,20
2019-05-23,15:01:06,10280,10280,10280,2
2019-05-23,15:01:06,10280,10280,10280,2
2019-05-23,15:01:06,10280,10280,10280,4
2019-05-23,15:01:06,10279,10279,10279,2
2019-05-23,15:01:06,10280,10280,10280,2
2019-05-23,15:01:07,10281,10281,10281,2
2019-05-23,15:01:07,10282,10282,10282,2
2019-05-23,15:01:07,10282,10282,10282,8
2019-05-23,15:01:07,10281,10281,10281,2
2019-05-23,15:01:07,10282,10282,10282,16
2019-05-23,15:01:07,10282,10282,10282,2
2019-05-23,15:01:07,10282,10282,10282,2
2019-05-23,15:01:07,10281,10281,10281,2
2019-05-23,15:01:07,10281,10281,10281,2
2019-05-23,15:01:07,10281,10281,10281,2
2019-05-23,15:01:07,10282,10282,10282,2
2019-05-23,15:01:07,10282,10282,10282,2
2019-05-23,15:01:07,10281,10281,10281,2
2019-05-23,15:01:07,10283,10283,10283,6
2019-05-23,15:01:08,10283,10283,10283,2
2019-05-23,15:01:08,10283,10283,10283,2
2019-05-23,15:01:08,10283,10283,10283,2
2019-05-23,15:01:08,10284,10284,10284,6
2019-05-23,15:01:09,10282,10282,10282,2
2019-05-23,15:01:09,10282,10282,10282,2
2019-05-23,15:01:09,10282,10282,10282,4
2019-05-23,15:01:10,10283,10283,10283,2
2019-05-23,15:01:10,10283,10283,10283,2
2019-05-23,15:01:10,10282,10282,10282,4
2019-05-23,15:01:11,10283,10283,10283,2
2019-05-23,15:01:11,10283,10283,10283,2
2019-05-23,15:01:11,10282,10282,10282,2
2019-05-23,15:01:11,10282,10282,10282,2
2019-05-23,15:01:11,10283,10283,10283,2
2019-05-23,15:01:12,10283,10283,10283,6
2019-05-23,15:01:15,10282,10282,10282,2
2019-05-23,15:01:15,10283,10283,10283,2
2019-05-23,15:01:15,10283,10283,10283,2
2019-05-23,15:01:15,10283,10283,10283,2
2019-05-23,15:01:15,10283,10283,10283,2
2019-05-23,15:01:16,10283,10283,10283,4
2019-05-23,15:01:16,10283,10283,10283,14
2019-05-23,15:01:16,10283,10283,10283,2
2019-05-23,15:01:16,10283,10283,10283,4
2019-05-23,15:01:16,10283,10283,10283,4
2019-05-23,15:01:16,10283,10283,10283,2
2019-05-23,15:01:16,10283,10283,10283,2
2019-05-23,15:01:16,10283,10283,10283,2
2019-05-23,15:01:16,10283,10283,10283,2
2019-05-23,15:01:16,10283,10283,10283,2
2019-05-23,15:01:17,10284,10284,10284,2
2019-05-23,15:01:18,10283,10283,10283,2
2019-05-23,15:01:18,10283,10283,10283,2
2019-05-23,15:01:19,10283,10283,10283,2
2019-05-23,15:01:19,10283,10283,10283,2
2019-05-23,15:01:19,10284,10284,10284,14
2019-05-23,15:01:20,10283,10283,10283,2
2019-05-23,15:01:20,10283,10283,10283,2
2019-05-23,15:01:20,10283,10283,10283,2
2019-05-23,15:01:20,10283,10283,10283,2
2019-05-23,15:01:20,10283,10283,10283,2
2019-05-23,15:01:20,10283,10283,10283,2
2019-05-23,15:01:21,10284,10284,10284,8
2019-05-23,15:01:21,10284,10284,10284,40
2019-05-23,15:01:21,10283,10283,10283,2
2019-05-23,15:01:21,10284,10284,10284,2
2019-05-23,15:01:21,10284,10284,10284,2
2019-05-23,15:01:22,10285,10285,10285,4
2019-05-23,15:01:22,10285,10285,10285,2
2019-05-23,15:01:22,10285,10285,10285,18
2019-05-23,15:01:22,10285,10285,10285,2
2019-05-23,15:01:22,10285,10285,10285,2
2019-05-23,15:01:22,10285,10285,10285,16
2019-05-23,15:01:22,10285,10285,10285,16
2019-05-23,15:01:22,10285,10285,10285,4
2019-05-23,15:01:24,10285,10285,10285,2
2019-05-23,15:01:25,10284,10284,10284,2
2019-05-23,15:01:25,10284,10284,10284,2
2019-05-23,15:01:25,10284,10284,10284,10
2019-05-23,15:01:25,10284,10284,10284,6
2019-05-23,15:01:26,10285,10285,10285,2
2019-05-23,15:01:26,10285,10285,10285,2
2019-05-23,15:01:27,10284,10284,10284,2
2019-05-23,15:01:28,10284,10284,10284,2
2019-05-23,15:01:29,10284,10284,10284,2
2019-05-23,15:01:29,10285,10285,10285,2
2019-05-23,15:01:30,10285,10285,10285,2
2019-05-23,15:01:30,10285,10285,10285,2
2019-05-23,15:01:30,10285,10285,10285,2
2019-05-23,15:01:30,10285,10285,10285,4
2019-05-23,15:01:31,10285,10285,10285,2
2019-05-23,15:01:34,10285,10285,10285,8
2019-05-23,15:01:35,10286,10286,10286,2
2019-05-23,15:01:35,10285,10285,10285,4
2019-05-23,15:01:35,10285,10285,10285,2
2019-05-23,15:01:35,10286,10286,10286,2
2019-05-23,15:01:37,10285,10285,10285,2
2019-05-23,15:01:37,10285,10285,10285,2
2019-05-23,15:01:38,10285,10285,10285,6
2019-05-23,15:01:38,10285,10285,10285,2
2019-05-23,15:01:38,10285,10285,10285,2
2019-05-23,15:01:39,10285,10285,10285,2
2019-05-23,15:01:39,10285,10285,10285,2
2019-05-23,15:01:42,10285,10285,10285,2
2019-05-23,15:01:42,10286,10286,10286,2
2019-05-23,15:01:42,10285,10285,10285,2
2019-05-23,15:01:42,10285,10285,10285,2
2019-05-23,15:01:44,10286,10286,10286,2
2019-05-23,15:01:44,10285,10285,10285,2
2019-05-23,15:01:45,10286,10286,10286,14
2019-05-23,15:01:45,10285,10285,10285,2
2019-05-23,15:01:45,10286,10286,10286,2
2019-05-23,15:01:46,10287,10287,10287,2
2019-05-23,15:01:46,10287,10287,10287,2
2019-05-23,15:01:46,10287,10287,10287,2
2019-05-23,15:01:47,10287,10287,10287,2
2019-05-23,15:01:47,10287,10287,10287,6
2019-05-23,15:01:47,10287,10287,10287,2
2019-05-23,15:01:48,10288,10288,10288,2
2019-05-23,15:01:48,10286,10286,10286,2
2019-05-23,15:01:50,10288,10288,10288,2
2019-05-23,15:01:50,10288,10288,10288,2
2019-05-23,15:01:50,10286,10286,10286,2
2019-05-23,15:01:51,10287,10287,10287,6
2019-05-23,15:01:51,10287,10287,10287,2
2019-05-23,15:01:52,10288,10288,10288,18
2019-05-23,15:01:53,10287,10287,10287,6
2019-05-23,15:01:54,10287,10287,10287,2
2019-05-23,15:01:54,10286,10286,10286,2
2019-05-23,15:01:54,10286,10286,10286,6
2019-05-23,15:01:54,10286,10286,10286,2
2019-05-23,15:01:54,10286,10286,10286,8
2019-05-23,15:01:54,10287,10287,10287,2
2019-05-23,15:01:55,10287,10287,10287,2
2019-05-23,15:01:56,10286,10286,10286,2
2019-05-23,15:01:56,10287,10287,10287,4
2019-05-23,15:01:56,10287,10287,10287,2
2019-05-23,15:01:56,10287,10287,10287,2
2019-05-23,15:01:57,10286,10286,10286,2
2019-05-23,15:01:58,10286,10286,10286,4
2019-05-23,15:01:58,10286,10286,10286,2
2019-05-23,15:01:58,10286,10286,10286,2
2019-05-23,15:01:58,10286,10286,10286,2
2019-05-23,15:01:58,10286,10286,10286,2
2019-05-23,15:01:58,10286,10286,10286,8
2019-05-23,15:01:59,10287,10287,10287,14
2019-05-23,15:01:59,10288,10288,10288,6
2019-05-23,15:01:59,10287,10287,10287,22
2019-05-23,15:01:59,10287,10287,10287,2
2019-05-23,15:02:00,10287,10287,10287,2
2019-05-23,15:02:00,10286,10286,10286,2
2019-05-23,15:02:00,10286,10286,10286,6
2019-05-23,15:02:00,10286,10286,10286,2
2019-05-23,15:02:00,10286,10286,10286,2
2019-05-23,15:02:00,10286,10286,10286,2
2019-05-23,15:02:00,10286,10286,10286,6
2019-05-23,15:02:00,10286,10286,10286,2
2019-05-23,15:02:00,10286,10286,10286,6
2019-05-23,15:02:00,10286,10286,10286,2
2019-05-23,15:02:00,10286,10286,10286,2
2019-05-23,15:02:00,10286,10286,10286,2
2019-05-23,15:02:00,10286,10286,10286,2
2019-05-23,15:02:00,10286,10286,10286,2
2019-05-23,15:02:00,10285,10285,10285,2
2019-05-23,15:02:00,10285,10285,10285,2
2019-05-23,15:02:00,10285,10285,10285,2
2019-05-23,15:02:00,10285,10285,10285,2
2019-05-23,15:02:00,10285,10285,10285,2
2019-05-23,15:02:00,10285,10285,10285,6
2019-05-23,15:02:00,10285,10285,10285,2
2019-05-23,15:02:00,10285,10285,10285,8
2019-05-23,15:02:00,10285,10285,10285,2
2019-05-23,15:02:00,10285,10285,10285,2
2019-05-23,15:02:00,10285,10285,10285,2
2019-05-23,15:02:00,10285,10285,10285,4
2019-05-23,15:02:00,10285,10285,10285,4
2019-05-23,15:02:02,10286,10286,10286,2
2019-05-23,15:02:02,10286,10286,10286,6
2019-05-23,15:02:02,10286,10286,10286,2
2019-05-23,15:02:02,10286,10286,10286,2
2019-05-23,15:02:02,10285,10285,10285,2
2019-05-23,15:02:02,10285,10285,10285,2
2019-05-23,15:02:02,10285,10285,10285,4
2019-05-23,15:02:02,10285,10285,10285,6
2019-05-23,15:02:03,10286,10286,10286,2
2019-05-23,15:02:03,10286,10286,10286,4
2019-05-23,15:02:03,10286,10286,10286,2
2019-05-23,15:02:03,10286,10286,10286,6
2019-05-23,15:02:04,10287,10287,10287,4
2019-05-23,15:02:04,10287,10287,10287,4
2019-05-23,15:02:04,10287,10287,10287,2
2019-05-23,15:02:05,10287,10287,10287,6
2019-05-23,15:02:05,10286,10286,10286,4
2019-05-23,15:02:07,10287,10287,10287,2
2019-05-23,15:02:07,10287,10287,10287,2
2019-05-23,15:02:07,10287,10287,10287,2
2019-05-23,15:02:07,10286,10286,10286,2
2019-05-23,15:02:07,10286,10286,10286,2
2019-05-23,15:02:08,10287,10287,10287,6
2019-05-23,15:02:09,10287,10287,10287,2
2019-05-23,15:02:09,10287,10287,10287,2
2019-05-23,15:02:09,10287,10287,10287,4
2019-05-23,15:02:09,10287,10287,10287,2
2019-05-23,15:02:09,10287,10287,10287,2
2019-05-23,15:02:09,10287,10287,10287,2
2019-05-23,15:02:10,10287,10287,10287,2
2019-05-23,15:02:10,10287,10287,10287,2
2019-05-23,15:02:10,10287,10287,10287,2
2019-05-23,15:02:10,10286,10286,10286,14
2019-05-23,15:02:11,10287,10287,10287,2
2019-05-23,15:02:11,10286,10286,10286,2
2019-05-23,15:02:11,10286,10286,10286,2
2019-05-23,15:02:12,10287,10287,10287,6
2019-05-23,15:02:12,10287,10287,10287,6
2019-05-23,15:02:13,10287,10287,10287,2
2019-05-23,15:02:13,10287,10287,10287,2
2019-05-23,15:02:13,10287,10287,10287,2
2019-05-23,15:02:15,10288,10288,10288,2
2019-05-23,15:02:15,10287,10287,10287,2
2019-05-23,15:02:17,10288,10288,10288,2
2019-05-23,15:02:17,10288,10288,10288,6
2019-05-23,15:02:17,10288,10288,10288,8
2019-05-23,15:02:17,10288,10288,10288,2
2019-05-23,15:02:18,10287,10287,10287,2
2019-05-23,15:02:19,10288,10288,10288,4
2019-05-23,15:02:20,10288,10288,10288,2
2019-05-23,15:02:21,10287,10287,10287,2
2019-05-23,15:02:21,10287,10287,10287,2
2019-05-23,15:02:21,10288,10288,10288,2
2019-05-23,15:02:22,10287,10287,10287,2
2019-05-23,15:02:25,10287,10287,10287,2
2019-05-23,15:02:26,10288,10288,10288,2
2019-05-23,15:02:26,10287,10287,10287,2
2019-05-23,15:02:27,10288,10288,10288,2
2019-05-23,15:02:28,10288,10288,10288,6
2019-05-23,15:02:29,10288,10288,10288,4
2019-05-23,15:02:32,10288,10288,10288,12
2019-05-23,15:02:33,10288,10288,10288,44
2019-05-23,15:02:34,10288,10288,10288,2
2019-05-23,15:02:37,10289,10289,10289,2
2019-05-23,15:02:38,10289,10289,10289,2
2019-05-23,15:02:38,10289,10289,10289,2
2019-05-23,15:02:38,10289,10289,10289,2
2019-05-23,15:02:38,10288,10288,10288,2
2019-05-23,15:02:38,10288,10288,10288,2
2019-05-23,15:02:39,10289,10289,10289,2
2019-05-23,15:02:39,10289,10289,10289,2
2019-05-23,15:02:40,10289,10289,10289,20
2019-05-23,15:02:40,10289,10289,10289,2
2019-05-23,15:02:41,10289,10289,10289,2
2019-05-23,15:02:41,10288,10288,10288,2
2019-05-23,15:02:41,10288,10288,10288,8
2019-05-23,15:02:42,10288,10288,10288,4
2019-05-23,15:02:43,10289,10289,10289,2
2019-05-23,15:02:44,10289,10289,10289,2
2019-05-23,15:02:44,10288,10288,10288,2
2019-05-23,15:02:44,10288,10288,10288,2
2019-05-23,15:02:46,10289,10289,10289,2
2019-05-23,15:02:46,10288,10288,10288,10
2019-05-23,15:02:46,10288,10288,10288,2
2019-05-23,15:02:46,10288,10288,10288,2
2019-05-23,15:02:46,10288,10288,10288,2
2019-05-23,15:02:46,10288,10288,10288,2
2019-05-23,15:02:46,10288,10288,10288,2
2019-05-23,15:02:47,10289,10289,10289,4
2019-05-23,15:02:50,10288,10288,10288,2
2019-05-23,15:02:51,10288,10288,10288,2
2019-05-23,15:02:55,10288,10288,10288,2
2019-05-23,15:02:56,10288,10288,10288,2
2019-05-23,15:02:56,10288,10288,10288,2
2019-05-23,15:02:56,10288,10288,10288,2
2019-05-23,15:02:56,10288,10288,10288,2
2019-05-23,15:02:56,10287,10287,10287,2
2019-05-23,15:02:57,10288,10288,10288,2
2019-05-23,15:02:57,10288,10288,10288,2
2019-05-23,15:02:58,10288,10288,10288,2
2019-05-23,15:02:58,10288,10288,10288,2
2019-05-23,15:02:59,10288,10288,10288,2
2019-05-23,15:03:01,10288,10288,10288,2
2019-05-23,15:03:01,10288,10288,10288,2
2019-05-23,15:03:01,10288,10288,10288,2
2019-05-23,15:03:01,10287,10287,10287,2
2019-05-23,15:03:01,10287,10287,10287,2
2019-05-23,15:03:01,10287,10287,10287,2
2019-05-23,15:03:01,10287,10287,10287,10
2019-05-23,15:03:01,10287,10287,10287,2
2019-05-23,15:03:01,10287,10287,10287,2
2019-05-23,15:03:01,10287,10287,10287,2
2019-05-23,15:03:01,10287,10287,10287,2
2019-05-23,15:03:01,10287,10287,10287,2
2019-05-23,15:03:01,10287,10287,10287,2
2019-05-23,15:03:02,10286,10286,10286,2
2019-05-23,15:03:02,10287,10287,10287,2
2019-05-23,15:03:02,10287,10287,10287,2
2019-05-23,15:03:03,10286,10286,10286,2
2019-05-23,15:03:03,10286,10286,10286,2
2019-05-23,15:03:03,10286,10286,10286,2
2019-05-23,15:03:03,10286,10286,10286,2
2019-05-23,15:03:03,10286,10286,10286,2
2019-05-23,15:03:03,10286,10286,10286,2
2019-05-23,15:03:03,10286,10286,10286,2
2019-05-23,15:03:03,10286,10286,10286,2
2019-05-23,15:03:03,10286,10286,10286,2
2019-05-23,15:03:03,10286,10286,10286,2
2019-05-23,15:03:03,10286,10286,10286,2
2019-05-23,15:03:03,10286,10286,10286,2
2019-05-23,15:03:03,10286,10286,10286,2
2019-05-23,15:03:03,10286,10286,10286,4
2019-05-23,15:03:03,10286,10286,10286,2
2019-05-23,15:03:03,10286,10286,10286,2
2019-05-23,15:03:04,10286,10286,10286,4
2019-05-23,15:03:04,10286,10286,10286,12
2019-05-23,15:03:04,10286,10286,10286,4
2019-05-23,15:03:05,10285,10285,10285,2
2019-05-23,15:03:05,10285,10285,10285,2
2019-05-23,15:03:05,10285,10285,10285,4
2019-05-23,15:03:05,10285,10285,10285,2
2019-05-23,15:03:05,10285,10285,10285,2
2019-05-23,15:03:05,10285,10285,10285,20
2019-05-23,15:03:05,10285,10285,10285,2
2019-05-23,15:03:06,10285,10285,10285,2
2019-05-23,15:03:08,10285,10285,10285,2
2019-05-23,15:03:08,10284,10284,10284,2
2019-05-23,15:03:09,10285,10285,10285,2
2019-05-23,15:03:10,10284,10284,10284,2
2019-05-23,15:03:10,10284,10284,10284,2
2019-05-23,15:03:11,10285,10285,10285,12
2019-05-23,15:03:12,10284,10284,10284,2
2019-05-23,15:03:13,10284,10284,10284,2
2019-05-23,15:03:14,10284,10284,10284,2
2019-05-23,15:03:15,10285,10285,10285,2
2019-05-23,15:03:15,10284,10284,10284,2
2019-05-23,15:03:17,10284,10284,10284,2
2019-05-23,15:03:17,10284,10284,10284,2
2019-05-23,15:03:17,10284,10284,10284,2
2019-05-23,15:03:17,10284,10284,10284,2
2019-05-23,15:03:17,10284,10284,10284,2
2019-05-23,15:03:17,10284,10284,10284,2
2019-05-23,15:03:17,10284,10284,10284,2
2019-05-23,15:03:17,10284,10284,10284,6
2019-05-23,15:03:19,10284,10284,10284,2
2019-05-23,15:03:20,10284,10284,10284,2
2019-05-23,15:03:22,10284,10284,10284,2
2019-05-23,15:03:23,10284,10284,10284,2
2019-05-23,15:03:23,10284,10284,10284,2
2019-05-23,15:03:23,10284,10284,10284,2
2019-05-23,15:03:23,10284,10284,10284,2
2019-05-23,15:03:25,10285,10285,10285,4
2019-05-23,15:03:25,10285,10285,10285,14
2019-05-23,15:03:26,10286,10286,10286,8
2019-05-23,15:03:26,10286,10286,10286,2
2019-05-23,15:03:31,10287,10287,10287,4
2019-05-23,15:03:31,10286,10286,10286,2
2019-05-23,15:03:33,10287,10287,10287,2
2019-05-23,15:03:33,10286,10286,10286,2
2019-05-23,15:03:34,10287,10287,10287,2
2019-05-23,15:03:35,10287,10287,10287,10
2019-05-23,15:03:36,10288,10288,10288,2
2019-05-23,15:03:37,10287,10287,10287,4
2019-05-23,15:03:37,10287,10287,10287,2
2019-05-23,15:03:40,10287,10287,10287,2
2019-05-23,15:03:41,10287,10287,10287,2
2019-05-23,15:03:42,10286,10286,10286,4
2019-05-23,15:03:44,10287,10287,10287,2
2019-05-23,15:03:47,10286,10286,10286,2
2019-05-23,15:03:49,10286,10286,10286,4
2019-05-23,15:03:49,10286,10286,10286,2
2019-05-23,15:03:49,10286,10286,10286,2
2019-05-23,15:03:49,10286,10286,10286,8
2019-05-23,15:03:50,10287,10287,10287,2
2019-05-23,15:03:50,10287,10287,10287,4
2019-05-23,15:03:53,10287,10287,10287,2
2019-05-23,15:03:53,10286,10286,10286,2
2019-05-23,15:03:54,10287,10287,10287,2
2019-05-23,15:03:56,10287,10287,10287,6
2019-05-23,15:03:56,10286,10286,10286,2
2019-05-23,15:03:56,10286,10286,10286,2
2019-05-23,15:03:58,10286,10286,10286,2
2019-05-23,15:04:00,10287,10287,10287,2
2019-05-23,15:04:00,10287,10287,10287,2
2019-05-23,15:04:01,10286,10286,10286,4
2019-05-23,15:04:01,10287,10287,10287,16
2019-05-23,15:04:01,10286,10286,10286,2
2019-05-23,15:04:02,10287,10287,10287,2
2019-05-23,15:04:03,10287,10287,10287,4
2019-05-23,15:04:03,10287,10287,10287,4
2019-05-23,15:04:03,10287,10287,10287,2
2019-05-23,15:04:03,10287,10287,10287,2
2019-05-23,15:04:03,10287,10287,10287,2
2019-05-23,15:04:03,10287,10287,10287,2
2019-05-23,15:04:04,10287,10287,10287,2
2019-05-23,15:04:05,10287,10287,10287,8
2019-05-23,15:04:05,10287,10287,10287,2
2019-05-23,15:04:05,10287,10287,10287,2
2019-05-23,15:04:05,10287,10287,10287,4
2019-05-23,15:04:05,10287,10287,10287,4
2019-05-23,15:04:05,10287,10287,10287,8
2019-05-23,15:04:05,10287,10287,10287,2
2019-05-23,15:04:06,10288,10288,10288,2
2019-05-23,15:04:08,10287,10287,10287,2
2019-05-23,15:04:12,10288,10288,10288,2
2019-05-23,15:04:13,10288,10288,10288,2
2019-05-23,15:04:14,10288,10288,10288,2
2019-05-23,15:04:16,10287,10287,10287,6
2019-05-23,15:04:16,10287,10287,10287,2
2019-05-23,15:04:16,10287,10287,10287,4
2019-05-23,15:04:17,10288,10288,10288,4
2019-05-23,15:04:17,10287,10287,10287,2
2019-05-23,15:04:19,10287,10287,10287,4
2019-05-23,15:04:19,10288,10288,10288,18
2019-05-23,15:04:20,10288,10288,10288,8
2019-05-23,15:04:20,10287,10287,10287,2
2019-05-23,15:04:23,10288,10288,10288,2
2019-05-23,15:04:24,10288,10288,10288,2
2019-05-23,15:04:24,10287,10287,10287,2
2019-05-23,15:04:24,10287,10287,10287,2
2019-05-23,15:04:29,10288,10288,10288,2
2019-05-23,15:04:32,10287,10287,10287,2
2019-05-23,15:04:39,10288,10288,10288,2
2019-05-23,15:04:40,10287,10287,10287,2
2019-05-23,15:04:40,10287,10287,10287,2
2019-05-23,15:04:40,10287,10287,10287,4
2019-05-23,15:04:40,10287,10287,10287,2
2019-05-23,15:04:40,10287,10287,10287,2
2019-05-23,15:04:40,10287,10287,10287,2
2019-05-23,15:04:40,10287,10287,10287,2
2019-05-23,15:04:40,10287,10287,10287,2
2019-05-23,15:04:40,10287,10287,10287,2
2019-05-23,15:04:40,10287,10287,10287,2
2019-05-23,15:04:43,10287,10287,10287,10
2019-05-23,15:04:43,10287,10287,10287,2
2019-05-23,15:04:43,10287,10287,10287,2
2019-05-23,15:04:46,10286,10286,10286,2
2019-05-23,15:04:52,10286,10286,10286,10
2019-05-23,15:04:52,10286,10286,10286,2
2019-05-23,15:04:52,10286,10286,10286,18
2019-05-23,15:04:52,10286,10286,10286,2
2019-05-23,15:04:52,10286,10286,10286,4
2019-05-23,15:04:52,10286,10286,10286,2
2019-05-23,15:04:55,10286,10286,10286,2
2019-05-23,15:04:57,10286,10286,10286,2
2019-05-23,15:04:57,10285,10285,10285,10
2019-05-23,15:04:57,10285,10285,10285,2
2019-05-23,15:04:57,10285,10285,10285,2
2019-05-23,15:04:57,10285,10285,10285,10
2019-05-23,15:04:57,10285,10285,10285,2
2019-05-23,15:04:57,10285,10285,10285,2
2019-05-23,15:04:57,10285,10285,10285,2
2019-05-23,15:05:01,10284,10284,10284,8
2019-05-23,15:05:01,10284,10284,10284,2
2019-05-23,15:05:01,10284,10284,10284,2
2019-05-23,15:05:01,10284,10284,10284,2
2019-05-23,15:05:01,10284,10284,10284,2
2019-05-23,15:05:01,10284,10284,10284,2
2019-05-23,15:05:01,10284,10284,10284,2
2019-05-23,15:05:01,10284,10284,10284,2
2019-05-23,15:05:01,10284,10284,10284,2
2019-05-23,15:05:01,10284,10284,10284,2
2019-05-23,15:05:01,10284,10284,10284,2
2019-05-23,15:05:02,10284,10284,10284,2
2019-05-23,15:05:02,10284,10284,10284,2
2019-05-23,15:05:02,10284,10284,10284,2
2019-05-23,15:05:02,10283,10283,10283,2
2019-05-23,15:05:02,10283,10283,10283,2
2019-05-23,15:05:02,10283,10283,10283,2
2019-05-23,15:05:02,10283,10283,10283,2
2019-05-23,15:05:02,10283,10283,10283,2
2019-05-23,15:05:02,10283,10283,10283,2
2019-05-23,15:05:02,10283,10283,10283,2
2019-05-23,15:05:02,10283,10283,10283,2
2019-05-23,15:05:02,10283,10283,10283,2
2019-05-23,15:05:02,10283,10283,10283,2
2019-05-23,15:05:02,10283,10283,10283,4
2019-05-23,15:05:02,10284,10284,10284,8
2019-05-23,15:05:02,10283,10283,10283,2
2019-05-23,15:05:03,10284,10284,10284,20
2019-05-23,15:05:04,10284,10284,10284,4
2019-05-23,15:05:08,10284,10284,10284,2
2019-05-23,15:05:08,10284,10284,10284,2
2019-05-23,15:05:10,10284,10284,10284,2
2019-05-23,15:05:10,10284,10284,10284,6
2019-05-23,15:05:10,10284,10284,10284,2
2019-05-23,15:05:10,10284,10284,10284,4
2019-05-23,15:05:11,10284,10284,10284,2
2019-05-23,15:05:12,10284,10284,10284,2
2019-05-23,15:05:12,10284,10284,10284,2
2019-05-23,15:05:13,10284,10284,10284,2
2019-05-23,15:05:13,10284,10284,10284,2
2019-05-23,15:05:19,10284,10284,10284,2
2019-05-23,15:05:19,10284,10284,10284,2
2019-05-23,15:05:19,10284,10284,10284,2
2019-05-23,15:05:19,10284,10284,10284,2
2019-05-23,15:05:19,10284,10284,10284,2
2019-05-23,15:05:19,10284,10284,10284,2
2019-05-23,15:05:19,10284,10284,10284,4
2019-05-23,15:05:19,10284,10284,10284,2
2019-05-23,15:05:19,10284,10284,10284,2
2019-05-23,15:05:20,10283,10283,10283,2
2019-05-23,15:05:21,10284,10284,10284,2
2019-05-23,15:05:21,10284,10284,10284,2
2019-05-23,15:05:21,10284,10284,10284,2
2019-05-23,15:05:23,10283,10283,10283,2
2019-05-23,15:05:24,10284,10284,10284,2
2019-05-23,15:05:25,10284,10284,10284,2
2019-05-23,15:05:25,10283,10283,10283,2
2019-05-23,15:05:25,10283,10283,10283,2
2019-05-23,15:05:27,10283,10283,10283,2
2019-05-23,15:05:27,10283,10283,10283,2
2019-05-23,15:05:27,10283,10283,10283,6
2019-05-23,15:05:27,10283,10283,10283,2
2019-05-23,15:05:27,10283,10283,10283,2
2019-05-23,15:05:27,10283,10283,10283,2
2019-05-23,15:05:27,10283,10283,10283,2
2019-05-23,15:05:31,10282,10282,10282,2
2019-05-23,15:05:31,10282,10282,10282,2
2019-05-23,15:05:31,10282,10282,10282,2
2019-05-23,15:05:31,10282,10282,10282,4
2019-05-23,15:05:31,10282,10282,10282,2
2019-05-23,15:05:31,10282,10282,10282,2
2019-05-23,15:05:31,10282,10282,10282,2
2019-05-23,15:05:31,10282,10282,10282,2
2019-05-23,15:05:31,10282,10282,10282,12
2019-05-23,15:05:31,10282,10282,10282,2
2019-05-23,15:05:31,10282,10282,10282,2
2019-05-23,15:05:31,10282,10282,10282,6
2019-05-23,15:05:31,10282,10282,10282,6
2019-05-23,15:05:31,10282,10282,10282,4
2019-05-23,15:05:31,10281,10281,10281,2
2019-05-23,15:05:32,10282,10282,10282,2
2019-05-23,15:05:32,10282,10282,10282,2
2019-05-23,15:05:34,10282,10282,10282,2
2019-05-23,15:05:35,10281,10281,10281,2
2019-05-23,15:05:37,10281,10281,10281,2
2019-05-23,15:05:37,10281,10281,10281,2
2019-05-23,15:05:37,10281,10281,10281,2
2019-05-23,15:05:37,10281,10281,10281,2
2019-05-23,15:05:37,10281,10281,10281,4
2019-05-23,15:05:37,10281,10281,10281,2
2019-05-23,15:05:37,10281,10281,10281,8
2019-05-23,15:05:37,10281,10281,10281,2
2019-05-23,15:05:37,10281,10281,10281,2
2019-05-23,15:05:37,10281,10281,10281,2
2019-05-23,15:05:37,10281,10281,10281,2
2019-05-23,15:05:37,10281,10281,10281,10
2019-05-23,15:05:38,10280,10280,10280,2
2019-05-23,15:05:38,10280,10280,10280,2
2019-05-23,15:05:38,10280,10280,10280,2
2019-05-23,15:05:38,10280,10280,10280,2
2019-05-23,15:05:38,10280,10280,10280,2
2019-05-23,15:05:38,10280,10280,10280,2
2019-05-23,15:05:38,10280,10280,10280,4
2019-05-23,15:05:38,10280,10280,10280,28
2019-05-23,15:05:38,10280,10280,10280,2
2019-05-23,15:05:38,10280,10280,10280,2
2019-05-23,15:05:40,10280,10280,10280,2
2019-05-23,15:05:40,10280,10280,10280,2
2019-05-23,15:05:40,10280,10280,10280,2
2019-05-23,15:05:40,10280,10280,10280,2
2019-05-23,15:05:40,10280,10280,10280,2
2019-05-23,15:05:40,10280,10280,10280,2
2019-05-23,15:05:40,10280,10280,10280,4
2019-05-23,15:05:40,10280,10280,10280,2
2019-05-23,15:05:40,10280,10280,10280,2
2019-05-23,15:05:40,10280,10280,10280,2
2019-05-23,15:05:40,10280,10280,10280,2
2019-05-23,15:05:40,10280,10280,10280,2
2019-05-23,15:05:40,10280,10280,10280,2
2019-05-23,15:05:40,10280,10280,10280,4
2019-05-23,15:05:40,10280,10280,10280,8
2019-05-23,15:05:40,10280,10280,10280,6
2019-05-23,15:05:40,10280,10280,10280,2
2019-05-23,15:05:40,10280,10280,10280,4
2019-05-23,15:05:40,10280,10280,10280,2
2019-05-23,15:05:40,10280,10280,10280,2
2019-05-23,15:05:40,10280,10280,10280,2
2019-05-23,15:05:40,10280,10280,10280,2
2019-05-23,15:05:40,10280,10280,10280,2
2019-05-23,15:05:40,10280,10280,10280,2
2019-05-23,15:05:40,10280,10280,10280,2
2019-05-23,15:05:40,10280,10280,10280,6
2019-05-23,15:05:41,10280,10280,10280,4
2019-05-23,15:05:43,10280,10280,10280,2
2019-05-23,15:05:43,10279,10279,10279,2
2019-05-23,15:05:44,10280,10280,10280,2
2019-05-23,15:05:45,10279,10279,10279,2
2019-05-23,15:05:46,10279,10279,10279,2
2019-05-23,15:05:46,10280,10280,10280,2
2019-05-23,15:05:46,10280,10280,10280,2
2019-05-23,15:05:46,10280,10280,10280,2
2019-05-23,15:05:46,10280,10280,10280,2
2019-05-23,15:05:46,10280,10280,10280,2
2019-05-23,15:05:46,10280,10280,10280,2
2019-05-23,15:05:46,10279,10279,10279,2
2019-05-23,15:05:47,10279,10279,10279,2
2019-05-23,15:05:47,10279,10279,10279,6
2019-05-23,15:05:47,10279,10279,10279,2
2019-05-23,15:05:47,10279,10279,10279,2
2019-05-23,15:05:47,10279,10279,10279,2
2019-05-23,15:05:47,10279,10279,10279,2
2019-05-23,15:05:47,10279,10279,10279,2
2019-05-23,15:05:47,10279,10279,10279,4
2019-05-23,15:05:47,10279,10279,10279,2
2019-05-23,15:05:48,10279,10279,10279,2
2019-05-23,15:05:48,10280,10280,10280,4
2019-05-23,15:05:48,10279,10279,10279,2
2019-05-23,15:05:48,10279,10279,10279,2
2019-05-23,15:05:49,10279,10279,10279,2
2019-05-23,15:05:49,10279,10279,10279,2
2019-05-23,15:05:49,10278,10278,10278,2
2019-05-23,15:05:49,10278,10278,10278,2
2019-05-23,15:05:49,10278,10278,10278,2
2019-05-23,15:05:49,10278,10278,10278,2
2019-05-23,15:05:49,10278,10278,10278,2
2019-05-23,15:05:50,10278,10278,10278,2
2019-05-23,15:05:50,10278,10278,10278,2
2019-05-23,15:05:50,10278,10278,10278,2
2019-05-23,15:05:50,10278,10278,10278,2
2019-05-23,15:05:50,10278,10278,10278,2
2019-05-23,15:05:50,10278,10278,10278,2
2019-05-23,15:05:50,10278,10278,10278,4
2019-05-23,15:05:50,10278,10278,10278,4
2019-05-23,15:05:50,10278,10278,10278,4
2019-05-23,15:05:50,10278,10278,10278,2
2019-05-23,15:05:50,10278,10278,10278,2
2019-05-23,15:05:50,10278,10278,10278,2
2019-05-23,15:05:50,10278,10278,10278,2
2019-05-23,15:05:50,10279,10279,10279,2
2019-05-23,15:05:50,10279,10279,10279,2
2019-05-23,15:05:50,10279,10279,10279,2
2019-05-23,15:05:50,10279,10279,10279,2
2019-05-23,15:05:50,10279,10279,10279,8
2019-05-23,15:05:50,10279,10279,10279,2
2019-05-23,15:05:50,10279,10279,10279,2
2019-05-23,15:05:50,10279,10279,10279,2
2019-05-23,15:05:50,10280,10280,10280,2
2019-05-23,15:05:51,10279,10279,10279,4
2019-05-23,15:05:51,10280,10280,10280,36
2019-05-23,15:05:51,10279,10279,10279,2
2019-05-23,15:05:52,10279,10279,10279,2
2019-05-23,15:05:52,10279,10279,10279,2
2019-05-23,15:05:52,10279,10279,10279,2
2019-05-23,15:05:52,10279,10279,10279,6
2019-05-23,15:05:52,10279,10279,10279,2
2019-05-23,15:05:53,10279,10279,10279,2
2019-05-23,15:05:54,10280,10280,10280,2
2019-05-23,15:05:54,10280,10280,10280,24
2019-05-23,15:05:54,10280,10280,10280,2
2019-05-23,15:05:56,10279,10279,10279,2
2019-05-23,15:05:56,10279,10279,10279,2
2019-05-23,15:05:56,10279,10279,10279,2
2019-05-23,15:05:57,10280,10280,10280,4
2019-05-23,15:05:57,10280,10280,10280,4
2019-05-23,15:05:59,10280,10280,10280,2
2019-05-23,15:06:00,10280,10280,10280,2
2019-05-23,15:06:00,10280,10280,10280,2
2019-05-23,15:06:00,10281,10281,10281,4
2019-05-23,15:06:00,10281,10281,10281,2
2019-05-23,15:06:00,10280,10280,10280,2
2019-05-23,15:06:00,10281,10281,10281,12
2019-05-23,15:06:01,10281,10281,10281,2
2019-05-23,15:06:01,10280,10280,10280,6
2019-05-23,15:06:01,10280,10280,10280,2
2019-05-23,15:06:01,10281,10281,10281,2
2019-05-23,15:06:02,10280,10280,10280,2
2019-05-23,15:06:03,10282,10282,10282,2
2019-05-23,15:06:03,10281,10281,10281,6
2019-05-23,15:06:03,10281,10281,10281,2
2019-05-23,15:06:04,10280,10280,10280,2
2019-05-23,15:06:04,10282,10282,10282,2
2019-05-23,15:06:06,10281,10281,10281,2
2019-05-23,15:06:06,10280,10280,10280,2
2019-05-23,15:06:07,10281,10281,10281,2
2019-05-23,15:06:10,10280,10280,10280,2
2019-05-23,15:06:10,10280,10280,10280,4
2019-05-23,15:06:11,10281,10281,10281,4
2019-05-23,15:06:14,10280,10280,10280,2
2019-05-23,15:06:14,10280,10280,10280,2
2019-05-23,15:06:14,10280,10280,10280,2
2019-05-23,15:06:15,10280,10280,10280,2
2019-05-23,15:06:15,10280,10280,10280,2
2019-05-23,15:06:15,10280,10280,10280,2
2019-05-23,15:06:16,10281,10281,10281,2
2019-05-23,15:06:19,10280,10280,10280,2
2019-05-23,15:06:19,10280,10280,10280,6
2019-05-23,15:06:22,10279,10279,10279,6
2019-05-23,15:06:22,10279,10279,10279,4
2019-05-23,15:06:22,10279,10279,10279,10
2019-05-23,15:06:22,10279,10279,10279,2
2019-05-23,15:06:22,10279,10279,10279,2
2019-05-23,15:06:22,10279,10279,10279,2
2019-05-23,15:06:22,10279,10279,10279,2
2019-05-23,15:06:22,10279,10279,10279,2
2019-05-23,15:06:22,10279,10279,10279,2
2019-05-23,15:06:22,10279,10279,10279,2
2019-05-23,15:06:22,10279,10279,10279,2
2019-05-23,15:06:22,10279,10279,10279,2
2019-05-23,15:06:26,10279,10279,10279,2
2019-05-23,15:06:26,10278,10278,10278,2
2019-05-23,15:06:26,10278,10278,10278,2
2019-05-23,15:06:26,10278,10278,10278,4
2019-05-23,15:06:26,10278,10278,10278,4
2019-05-23,15:06:26,10278,10278,10278,4
2019-05-23,15:06:26,10278,10278,10278,2
2019-05-23,15:06:26,10278,10278,10278,2
2019-05-23,15:06:26,10278,10278,10278,2
2019-05-23,15:06:27,10277,10277,10277,2
2019-05-23,15:06:27,10277,10277,10277,2
2019-05-23,15:06:27,10277,10277,10277,2
2019-05-23,15:06:27,10277,10277,10277,8
2019-05-23,15:06:27,10277,10277,10277,2
2019-05-23,15:06:27,10277,10277,10277,2
2019-05-23,15:06:27,10277,10277,10277,4
2019-05-23,15:06:27,10277,10277,10277,6
2019-05-23,15:06:27,10277,10277,10277,2
2019-05-23,15:06:27,10277,10277,10277,2
2019-05-23,15:06:27,10277,10277,10277,2
2019-05-23,15:06:28,10276,10276,10276,2
2019-05-23,15:06:28,10276,10276,10276,2
2019-05-23,15:06:28,10276,10276,10276,2
2019-05-23,15:06:28,10276,10276,10276,8
2019-05-23,15:06:28,10276,10276,10276,2
2019-05-23,15:06:28,10277,10277,10277,4
2019-05-23,15:06:29,10277,10277,10277,2
2019-05-23,15:06:29,10277,10277,10277,2
2019-05-23,15:06:32,10276,10276,10276,2
2019-05-23,15:06:32,10276,10276,10276,2
2019-05-23,15:06:32,10276,10276,10276,2
2019-05-23,15:06:32,10276,10276,10276,2
2019-05-23,15:06:33,10277,10277,10277,2
2019-05-23,15:06:34,10276,10276,10276,2
2019-05-23,15:06:34,10276,10276,10276,2
2019-05-23,15:06:34,10276,10276,10276,6
2019-05-23,15:06:34,10276,10276,10276,2
2019-05-23,15:06:34,10276,10276,10276,2
2019-05-23,15:06:34,10276,10276,10276,2
2019-05-23,15:06:34,10276,10276,10276,2
2019-05-23,15:06:35,10276,10276,10276,2
2019-05-23,15:06:35,10276,10276,10276,2
2019-05-23,15:06:36,10276,10276,10276,2
2019-05-23,15:06:37,10275,10275,10275,2
2019-05-23,15:06:37,10276,10276,10276,2
2019-05-23,15:06:37,10276,10276,10276,2
2019-05-23,15:06:37,10276,10276,10276,2
2019-05-23,15:06:37,10276,10276,10276,2
2019-05-23,15:06:39,10276,10276,10276,14
2019-05-23,15:06:39,10277,10277,10277,2
2019-05-23,15:06:39,10276,10276,10276,4
2019-05-23,15:06:40,10275,10275,10275,2
2019-05-23,15:06:40,10275,10275,10275,2
2019-05-23,15:06:40,10275,10275,10275,2
2019-05-23,15:06:40,10275,10275,10275,2
2019-05-23,15:06:40,10275,10275,10275,4
2019-05-23,15:06:40,10275,10275,10275,2
2019-05-23,15:06:40,10275,10275,10275,2
2019-05-23,15:06:40,10275,10275,10275,6
2019-05-23,15:06:40,10275,10275,10275,2
2019-05-23,15:06:40,10275,10275,10275,4
2019-05-23,15:06:40,10275,10275,10275,2
2019-05-23,15:06:40,10275,10275,10275,2
2019-05-23,15:06:40,10275,10275,10275,2
2019-05-23,15:06:40,10275,10275,10275,2
2019-05-23,15:06:40,10275,10275,10275,4
2019-05-23,15:06:40,10276,10276,10276,2
2019-05-23,15:06:40,10276,10276,10276,2
2019-05-23,15:06:40,10275,10275,10275,2
2019-05-23,15:06:40,10275,10275,10275,2
2019-05-23,15:06:40,10275,10275,10275,6
2019-05-23,15:06:41,10276,10276,10276,2
2019-05-23,15:06:42,10276,10276,10276,2
2019-05-23,15:06:43,10275,10275,10275,10
2019-05-23,15:06:44,10275,10275,10275,4
2019-05-23,15:06:44,10275,10275,10275,2
2019-05-23,15:06:44,10275,10275,10275,2
2019-05-23,15:06:45,10276,10276,10276,2
2019-05-23,15:06:45,10276,10276,10276,2
2019-05-23,15:06:45,10276,10276,10276,2
2019-05-23,15:06:45,10276,10276,10276,2
2019-05-23,15:06:45,10276,10276,10276,2
2019-05-23,15:06:45,10276,10276,10276,2
2019-05-23,15:06:45,10276,10276,10276,2
2019-05-23,15:06:45,10276,10276,10276,2
2019-05-23,15:06:45,10276,10276,10276,2
2019-05-23,15:06:45,10276,10276,10276,2
2019-05-23,15:06:45,10275,10275,10275,10
2019-05-23,15:06:46,10276,10276,10276,2
2019-05-23,15:06:46,10276,10276,10276,2
2019-05-23,15:06:46,10275,10275,10275,2
2019-05-23,15:06:47,10276,10276,10276,2
2019-05-23,15:06:49,10275,10275,10275,4
2019-05-23,15:06:51,10275,10275,10275,6
2019-05-23,15:06:51,10276,10276,10276,2
2019-05-23,15:06:51,10275,10275,10275,10
2019-05-23,15:06:52,10275,10275,10275,2
2019-05-23,15:06:52,10275,10275,10275,2
2019-05-23,15:06:54,10275,10275,10275,2
2019-05-23,15:06:54,10275,10275,10275,2
2019-05-23,15:06:54,10275,10275,10275,2
2019-05-23,15:06:56,10276,10276,10276,2
2019-05-23,15:06:57,10275,10275,10275,2
2019-05-23,15:06:58,10275,10275,10275,2
2019-05-23,15:06:58,10275,10275,10275,2
2019-05-23,15:06:58,10276,10276,10276,8
2019-05-23,15:06:58,10275,10275,10275,2
2019-05-23,15:06:59,10275,10275,10275,2
2019-05-23,15:06:59,10275,10275,10275,2
2019-05-23,15:06:59,10275,10275,10275,2
2019-05-23,15:06:59,10275,10275,10275,4
2019-05-23,15:06:59,10275,10275,10275,2
2019-05-23,15:06:59,10275,10275,10275,2
2019-05-23,15:07:01,10275,10275,10275,2
2019-05-23,15:07:01,10275,10275,10275,14
2019-05-23,15:07:01,10275,10275,10275,4
2019-05-23,15:07:01,10274,10274,10274,2
2019-05-23,15:07:02,10275,10275,10275,2
2019-05-23,15:07:02,10275,10275,10275,2
2019-05-23,15:07:02,10275,10275,10275,2
2019-05-23,15:07:02,10275,10275,10275,2
2019-05-23,15:07:03,10275,10275,10275,2
2019-05-23,15:07:03,10276,10276,10276,18
2019-05-23,15:07:06,10275,10275,10275,2
2019-05-23,15:07:07,10274,10274,10274,2
2019-05-23,15:07:07,10274,10274,10274,2
2019-05-23,15:07:07,10275,10275,10275,2
2019-05-23,15:07:08,10275,10275,10275,2
2019-05-23,15:07:08,10275,10275,10275,2
2019-05-23,15:07:09,10275,10275,10275,10
2019-05-23,15:07:11,10275,10275,10275,2
2019-05-23,15:07:11,10276,10276,10276,8
2019-05-23,15:07:12,10275,10275,10275,2
2019-05-23,15:07:12,10275,10275,10275,2
2019-05-23,15:07:12,10275,10275,10275,2
2019-05-23,15:07:12,10275,10275,10275,2
2019-05-23,15:07:14,10276,10276,10276,30
2019-05-23,15:07:14,10277,10277,10277,2
2019-05-23,15:07:15,10277,10277,10277,2
2019-05-23,15:07:16,10277,10277,10277,2
2019-05-23,15:07:16,10277,10277,10277,2
2019-05-23,15:07:16,10277,10277,10277,2
2019-05-23,15:07:17,10278,10278,10278,2
2019-05-23,15:07:17,10277,10277,10277,2
2019-05-23,15:07:17,10277,10277,10277,4
2019-05-23,15:07:17,10278,10278,10278,2
2019-05-23,15:07:17,10278,10278,10278,2
2019-05-23,15:07:19,10277,10277,10277,2
2019-05-23,15:07:19,10276,10276,10276,2
2019-05-23,15:07:19,10276,10276,10276,2
2019-05-23,15:07:19,10276,10276,10276,2
2019-05-23,15:07:20,10276,10276,10276,2
2019-05-23,15:07:21,10277,10277,10277,2
2019-05-23,15:07:21,10277,10277,10277,2
2019-05-23,15:07:22,10276,10276,10276,2
2019-05-23,15:07:22,10276,10276,10276,2
2019-05-23,15:07:23,10276,10276,10276,2
2019-05-23,15:07:25,10276,10276,10276,4
2019-05-23,15:07:25,10276,10276,10276,2
2019-05-23,15:07:25,10277,10277,10277,2
2019-05-23,15:07:26,10276,10276,10276,2
2019-05-23,15:07:26,10276,10276,10276,2
2019-05-23,15:07:26,10276,10276,10276,2
2019-05-23,15:07:26,10276,10276,10276,2
2019-05-23,15:07:26,10276,10276,10276,2
2019-05-23,15:07:27,10277,10277,10277,2
2019-05-23,15:07:28,10277,10277,10277,4
2019-05-23,15:07:29,10276,10276,10276,2
2019-05-23,15:07:30,10276,10276,10276,2
2019-05-23,15:07:31,10277,10277,10277,2
2019-05-23,15:07:31,10276,10276,10276,2
2019-05-23,15:07:32,10277,10277,10277,2
2019-05-23,15:07:32,10277,10277,10277,2
2019-05-23,15:07:32,10277,10277,10277,2
2019-05-23,15:07:32,10277,10277,10277,6
2019-05-23,15:07:35,10277,10277,10277,4
2019-05-23,15:07:35,10277,10277,10277,2
2019-05-23,15:07:37,10277,10277,10277,2
2019-05-23,15:07:37,10277,10277,10277,4
2019-05-23,15:07:40,10277,10277,10277,2
2019-05-23,15:07:40,10277,10277,10277,4
2019-05-23,15:07:41,10277,10277,10277,2
2019-05-23,15:07:41,10277,10277,10277,2
2019-05-23,15:07:41,10278,10278,10278,2
2019-05-23,15:07:42,10278,10278,10278,8
2019-05-23,15:07:44,10277,10277,10277,2
2019-05-23,15:07:44,10277,10277,10277,2
2019-05-23,15:07:44,10277,10277,10277,2
2019-05-23,15:07:44,10277,10277,10277,2
2019-05-23,15:07:44,10277,10277,10277,2
2019-05-23,15:07:49,10277,10277,10277,2
2019-05-23,15:07:49,10277,10277,10277,2
2019-05-23,15:07:53,10276,10276,10276,2
2019-05-23,15:07:57,10276,10276,10276,2
2019-05-23,15:07:58,10276,10276,10276,4
2019-05-23,15:08:01,10276,10276,10276,2
2019-05-23,15:08:05,10276,10276,10276,2
2019-05-23,15:08:06,10276,10276,10276,2
2019-05-23,15:08:07,10276,10276,10276,2
2019-05-23,15:08:08,10276,10276,10276,2
2019-05-23,15:08:08,10276,10276,10276,4
2019-05-23,15:08:09,10276,10276,10276,2
2019-05-23,15:08:09,10277,10277,10277,2
2019-05-23,15:08:12,10276,10276,10276,2
2019-05-23,15:08:14,10277,10277,10277,8
2019-05-23,15:08:14,10277,10277,10277,2
2019-05-23,15:08:21,10276,10276,10276,2
2019-05-23,15:08:24,10277,10277,10277,6
2019-05-23,15:08:32,10276,10276,10276,2
2019-05-23,15:08:33,10276,10276,10276,4
2019-05-23,15:08:33,10276,10276,10276,2
2019-05-23,15:08:37,10277,10277,10277,2
2019-05-23,15:08:40,10277,10277,10277,2
2019-05-23,15:08:40,10276,10276,10276,2
2019-05-23,15:08:40,10276,10276,10276,2
2019-05-23,15:08:41,10277,10277,10277,12
2019-05-23,15:08:46,10277,10277,10277,2
2019-05-23,15:08:47,10277,10277,10277,2
2019-05-23,15:08:51,10277,10277,10277,22
2019-05-23,15:08:56,10277,10277,10277,4
2019-05-23,15:08:58,10278,10278,10278,6
2019-05-23,15:08:58,10277,10277,10277,2
2019-05-23,15:09:01,10277,10277,10277,2
2019-05-23,15:09:03,10278,10278,10278,2
2019-05-23,15:09:07,10277,10277,10277,2
2019-05-23,15:09:07,10277,10277,10277,2
2019-05-23,15:09:07,10277,10277,10277,4
2019-05-23,15:09:08,10277,10277,10277,2
2019-05-23,15:09:11,10278,10278,10278,2
2019-05-23,15:09:12,10278,10278,10278,28
2019-05-23,15:09:12,10278,10278,10278,2
2019-05-23,15:09:12,10278,10278,10278,2
2019-05-23,15:09:12,10278,10278,10278,2
2019-05-23,15:09:12,10278,10278,10278,4
2019-05-23,15:09:12,10278,10278,10278,6
2019-05-23,15:09:13,10278,10278,10278,2
2019-05-23,15:09:13,10278,10278,10278,2
2019-05-23,15:09:13,10278,10278,10278,4
2019-05-23,15:09:15,10279,10279,10279,2
2019-05-23,15:09:16,10279,10279,10279,2
2019-05-23,15:09:18,10279,10279,10279,2
2019-05-23,15:09:19,10279,10279,10279,2
2019-05-23,15:09:19,10279,10279,10279,2
2019-05-23,15:09:21,10280,10280,10280,2
2019-05-23,15:09:21,10280,10280,10280,12
2019-05-23,15:09:21,10280,10280,10280,2
2019-05-23,15:09:25,10280,10280,10280,2
2019-05-23,15:09:31,10280,10280,10280,2
2019-05-23,15:09:33,10279,10279,10279,2
2019-05-23,15:09:33,10279,10279,10279,2
2019-05-23,15:09:34,10280,10280,10280,10
2019-05-23,15:09:36,10280,10280,10280,2
2019-05-23,15:09:39,10280,10280,10280,2
2019-05-23,15:09:40,10279,10279,10279,2
2019-05-23,15:09:40,10279,10279,10279,2
2019-05-23,15:09:40,10279,10279,10279,2
2019-05-23,15:09:40,10279,10279,10279,2
2019-05-23,15:09:40,10279,10279,10279,4
2019-05-23,15:09:40,10279,10279,10279,2
2019-05-23,15:09:40,10279,10279,10279,2
2019-05-23,15:09:40,10279,10279,10279,2
2019-05-23,15:09:43,10279,10279,10279,2
2019-05-23,15:09:43,10279,10279,10279,2
2019-05-23,15:09:44,10279,10279,10279,2
2019-05-23,15:09:45,10279,10279,10279,8
2019-05-23,15:09:45,10279,10279,10279,2
2019-05-23,15:09:48,10279,10279,10279,2
2019-05-23,15:09:49,10280,10280,10280,2
2019-05-23,15:09:49,10279,10279,10279,2
2019-05-23,15:09:49,10279,10279,10279,2
2019-05-23,15:09:50,10279,10279,10279,2
2019-05-23,15:09:51,10279,10279,10279,2
2019-05-23,15:09:51,10279,10279,10279,2
2019-05-23,15:09:53,10280,10280,10280,2
2019-05-23,15:09:54,10280,10280,10280,2
2019-05-23,15:09:59,10280,10280,10280,2
2019-05-23,15:10:00,10279,10279,10279,2
2019-05-23,15:10:01,10279,10279,10279,2
2019-05-23,15:10:01,10279,10279,10279,2
2019-05-23,15:10:01,10279,10279,10279,2
2019-05-23,15:10:01,10279,10279,10279,16
2019-05-23,15:10:01,10279,10279,10279,2
2019-05-23,15:10:02,10279,10279,10279,4
2019-05-23,15:10:02,10279,10279,10279,2
2019-05-23,15:10:02,10279,10279,10279,2
2019-05-23,15:10:02,10279,10279,10279,6
2019-05-23,15:10:02,10279,10279,10279,2
2019-05-23,15:10:02,10278,10278,10278,8
2019-05-23,15:10:02,10278,10278,10278,2
2019-05-23,15:10:04,10279,10279,10279,2
2019-05-23,15:10:09,10279,10279,10279,2
2019-05-23,15:10:15,10279,10279,10279,2
2019-05-23,15:10:19,10278,10278,10278,2
2019-05-23,15:10:19,10278,10278,10278,2
2019-05-23,15:10:19,10278,10278,10278,2
2019-05-23,15:10:19,10278,10278,10278,2
2019-05-23,15:10:19,10278,10278,10278,2
2019-05-23,15:10:19,10278,10278,10278,10
2019-05-23,15:10:22,10278,10278,10278,2
2019-05-23,15:10:22,10277,10277,10277,4
2019-05-23,15:10:22,10277,10277,10277,2
2019-05-23,15:10:22,10277,10277,10277,2
2019-05-23,15:10:22,10277,10277,10277,20
2019-05-23,15:10:22,10277,10277,10277,20
2019-05-23,15:10:22,10277,10277,10277,2
2019-05-23,15:10:22,10276,10276,10276,2
2019-05-23,15:10:22,10276,10276,10276,2
2019-05-23,15:10:26,10276,10276,10276,2
2019-05-23,15:10:29,10276,10276,10276,2
2019-05-23,15:10:29,10276,10276,10276,2
2019-05-23,15:10:29,10276,10276,10276,2
2019-05-23,15:10:29,10276,10276,10276,2
2019-05-23,15:10:29,10276,10276,10276,2
2019-05-23,15:10:29,10276,10276,10276,2
2019-05-23,15:10:29,10276,10276,10276,2
2019-05-23,15:10:29,10276,10276,10276,2
2019-05-23,15:10:30,10276,10276,10276,2
2019-05-23,15:10:31,10276,10276,10276,10
2019-05-23,15:10:34,10275,10275,10275,2
2019-05-23,15:10:34,10275,10275,10275,4
2019-05-23,15:10:35,10276,10276,10276,10
2019-05-23,15:10:38,10276,10276,10276,8
2019-05-23,15:10:39,10276,10276,10276,2
2019-05-23,15:10:41,10276,10276,10276,2
2019-05-23,15:10:41,10276,10276,10276,2
2019-05-23,15:10:42,10276,10276,10276,8
2019-05-23,15:10:42,10277,10277,10277,10
2019-05-23,15:10:43,10276,10276,10276,2
2019-05-23,15:10:44,10276,10276,10276,2
2019-05-23,15:10:46,10276,10276,10276,2
2019-05-23,15:10:46,10276,10276,10276,2
2019-05-23,15:10:47,10275,10275,10275,26
2019-05-23,15:10:47,10275,10275,10275,2
2019-05-23,15:10:47,10275,10275,10275,4
2019-05-23,15:10:47,10275,10275,10275,2
2019-05-23,15:10:47,10275,10275,10275,2
2019-05-23,15:10:47,10275,10275,10275,2
2019-05-23,15:10:47,10275,10275,10275,2
2019-05-23,15:10:47,10275,10275,10275,2
2019-05-23,15:10:47,10275,10275,10275,2
2019-05-23,15:10:47,10275,10275,10275,2
2019-05-23,15:10:47,10275,10275,10275,2
2019-05-23,15:10:47,10275,10275,10275,2
2019-05-23,15:10:47,10275,10275,10275,2
2019-05-23,15:10:47,10275,10275,10275,2
2019-05-23,15:10:47,10275,10275,10275,2
2019-05-23,15:10:47,10275,10275,10275,2
2019-05-23,15:10:49,10275,10275,10275,2
2019-05-23,15:10:49,10275,10275,10275,12
2019-05-23,15:10:49,10276,10276,10276,8
2019-05-23,15:10:52,10275,10275,10275,2
2019-05-23,15:10:52,10275,10275,10275,2
2019-05-23,15:10:54,10274,10274,10274,2
2019-05-23,15:10:54,10274,10274,10274,4
2019-05-23,15:10:54,10274,10274,10274,2
2019-05-23,15:10:54,10274,10274,10274,16
2019-05-23,15:10:54,10274,10274,10274,2
2019-05-23,15:10:54,10274,10274,10274,2
2019-05-23,15:10:54,10274,10274,10274,2
2019-05-23,15:10:54,10274,10274,10274,20
2019-05-23,15:10:54,10274,10274,10274,2
2019-05-23,15:10:55,10274,10274,10274,2
2019-05-23,15:10:55,10274,10274,10274,2
2019-05-23,15:10:55,10274,10274,10274,2
2019-05-23,15:10:56,10274,10274,10274,2
2019-05-23,15:10:56,10274,10274,10274,2
2019-05-23,15:10:56,10274,10274,10274,2
2019-05-23,15:10:56,10274,10274,10274,2
2019-05-23,15:10:56,10274,10274,10274,2
2019-05-23,15:10:56,10274,10274,10274,2
2019-05-23,15:10:56,10274,10274,10274,2
2019-05-23,15:10:56,10274,10274,10274,2
2019-05-23,15:10:56,10274,10274,10274,18
2019-05-23,15:10:56,10275,10275,10275,2
2019-05-23,15:10:58,10274,10274,10274,2
2019-05-23,15:10:58,10273,10273,10273,2
2019-05-23,15:10:58,10274,10274,10274,2
2019-05-23,15:10:58,10274,10274,10274,2
2019-05-23,15:10:58,10273,10273,10273,2
2019-05-23,15:10:58,10273,10273,10273,2
2019-05-23,15:10:58,10273,10273,10273,2
2019-05-23,15:10:58,10273,10273,10273,2
2019-05-23,15:10:58,10273,10273,10273,2
2019-05-23,15:10:58,10273,10273,10273,2
2019-05-23,15:10:58,10273,10273,10273,2
2019-05-23,15:10:58,10273,10273,10273,2
2019-05-23,15:10:58,10273,10273,10273,2
2019-05-23,15:10:58,10273,10273,10273,2
2019-05-23,15:10:58,10274,10274,10274,2
2019-05-23,15:10:58,10275,10275,10275,8
2019-05-23,15:10:59,10273,10273,10273,2
2019-05-23,15:11:01,10274,10274,10274,4
2019-05-23,15:11:01,10274,10274,10274,2
2019-05-23,15:11:02,10276,10276,10276,10
2019-05-23,15:11:04,10275,10275,10275,2
2019-05-23,15:11:04,10276,10276,10276,2
2019-05-23,15:11:04,10274,10274,10274,2
2019-05-23,15:11:06,10274,10274,10274,14
2019-05-23,15:11:06,10274,10274,10274,8
2019-05-23,15:11:06,10274,10274,10274,6
2019-05-23,15:11:06,10274,10274,10274,2
2019-05-23,15:11:06,10274,10274,10274,2
2019-05-23,15:11:06,10274,10274,10274,8
2019-05-23,15:11:06,10274,10274,10274,4
2019-05-23,15:11:06,10274,10274,10274,2
2019-05-23,15:11:06,10274,10274,10274,2
2019-05-23,15:11:06,10274,10274,10274,2
2019-05-23,15:11:07,10276,10276,10276,2
2019-05-23,15:11:10,10275,10275,10275,2
2019-05-23,15:11:12,10275,10275,10275,2
2019-05-23,15:11:13,10274,10274,10274,2
2019-05-23,15:11:14,10274,10274,10274,2
2019-05-23,15:11:14,10274,10274,10274,2
2019-05-23,15:11:14,10274,10274,10274,2
2019-05-23,15:11:14,10274,10274,10274,2
2019-05-23,15:11:14,10274,10274,10274,2
2019-05-23,15:11:16,10274,10274,10274,4
2019-05-23,15:11:18,10273,10273,10273,2
2019-05-23,15:11:19,10273,10273,10273,2
2019-05-23,15:11:19,10273,10273,10273,2
2019-05-23,15:11:19,10273,10273,10273,2
2019-05-23,15:11:19,10273,10273,10273,2
2019-05-23,15:11:19,10273,10273,10273,2
2019-05-23,15:11:19,10273,10273,10273,2
2019-05-23,15:11:19,10274,10274,10274,2
2019-05-23,15:11:19,10274,10274,10274,2
2019-05-23,15:11:21,10272,10272,10272,2
2019-05-23,15:11:22,10272,10272,10272,2
2019-05-23,15:11:22,10272,10272,10272,4
2019-05-23,15:11:22,10272,10272,10272,2
2019-05-23,15:11:23,10272,10272,10272,2
2019-05-23,15:11:24,10272,10272,10272,4
2019-05-23,15:11:25,10272,10272,10272,2
2019-05-23,15:11:25,10273,10273,10273,2
2019-05-23,15:11:27,10272,10272,10272,2
2019-05-23,15:11:27,10272,10272,10272,2
2019-05-23,15:11:27,10272,10272,10272,2
2019-05-23,15:11:28,10272,10272,10272,4
2019-05-23,15:11:28,10273,10273,10273,2
2019-05-23,15:11:28,10272,10272,10272,8
2019-05-23,15:11:28,10272,10272,10272,2
2019-05-23,15:11:28,10272,10272,10272,2
2019-05-23,15:11:30,10272,10272,10272,6
2019-05-23,15:11:30,10272,10272,10272,2
2019-05-23,15:11:31,10272,10272,10272,2
2019-05-23,15:11:31,10272,10272,10272,2
2019-05-23,15:11:31,10272,10272,10272,2
2019-05-23,15:11:31,10272,10272,10272,2
2019-05-23,15:11:31,10272,10272,10272,2
2019-05-23,15:11:32,10272,10272,10272,2
2019-05-23,15:11:33,10272,10272,10272,2
2019-05-23,15:11:33,10272,10272,10272,2
2019-05-23,15:11:33,10272,10272,10272,2
2019-05-23,15:11:33,10272,10272,10272,2
2019-05-23,15:11:34,10272,10272,10272,2
2019-05-23,15:11:34,10272,10272,10272,2
2019-05-23,15:11:37,10272,10272,10272,2
2019-05-23,15:11:38,10272,10272,10272,2
2019-05-23,15:11:38,10272,10272,10272,2
2019-05-23,15:11:38,10272,10272,10272,4
2019-05-23,15:11:39,10272,10272,10272,2
2019-05-23,15:11:39,10271,10271,10271,2
2019-05-23,15:11:40,10271,10271,10271,2
2019-05-23,15:11:40,10271,10271,10271,2
2019-05-23,15:11:40,10273,10273,10273,2
2019-05-23,15:11:40,10273,10273,10273,2
2019-05-23,15:11:40,10272,10272,10272,2
2019-05-23,15:11:40,10271,10271,10271,2
2019-05-23,15:11:40,10271,10271,10271,2
2019-05-23,15:11:40,10271,10271,10271,2
2019-05-23,15:11:40,10271,10271,10271,2
2019-05-23,15:11:40,10271,10271,10271,2
2019-05-23,15:11:41,10272,10272,10272,2
2019-05-23,15:11:44,10271,10271,10271,2
2019-05-23,15:11:44,10271,10271,10271,8
2019-05-23,15:11:44,10271,10271,10271,2
2019-05-23,15:11:44,10271,10271,10271,2
2019-05-23,15:11:44,10271,10271,10271,2
2019-05-23,15:11:44,10271,10271,10271,4
2019-05-23,15:11:44,10271,10271,10271,2
2019-05-23,15:11:44,10271,10271,10271,6
2019-05-23,15:11:44,10271,10271,10271,2
2019-05-23,15:11:44,10271,10271,10271,2
2019-05-23,15:11:45,10271,10271,10271,2
2019-05-23,15:11:45,10272,10272,10272,2
2019-05-23,15:11:45,10271,10271,10271,8
2019-05-23,15:11:45,10271,10271,10271,2
2019-05-23,15:11:45,10271,10271,10271,4
2019-05-23,15:11:46,10271,10271,10271,10
2019-05-23,15:11:47,10272,10272,10272,2
2019-05-23,15:11:47,10271,10271,10271,4
2019-05-23,15:11:48,10271,10271,10271,2
2019-05-23,15:11:49,10271,10271,10271,2
2019-05-23,15:11:53,10271,10271,10271,4
2019-05-23,15:11:55,10272,10272,10272,2
2019-05-23,15:11:55,10271,10271,10271,2
2019-05-23,15:11:55,10271,10271,10271,2
2019-05-23,15:11:56,10271,10271,10271,2
2019-05-23,15:11:56,10271,10271,10271,2
2019-05-23,15:11:56,10271,10271,10271,4
2019-05-23,15:11:56,10271,10271,10271,2
2019-05-23,15:11:56,10271,10271,10271,16
2019-05-23,15:11:56,10271,10271,10271,2
2019-05-23,15:11:56,10271,10271,10271,2
2019-05-23,15:11:56,10271,10271,10271,2
2019-05-23,15:11:56,10271,10271,10271,10
2019-05-23,15:11:56,10271,10271,10271,2
2019-05-23,15:11:56,10271,10271,10271,2
2019-05-23,15:11:56,10271,10271,10271,2
2019-05-23,15:11:56,10271,10271,10271,2
2019-05-23,15:11:56,10271,10271,10271,2
2019-05-23,15:11:56,10271,10271,10271,2
2019-05-23,15:11:56,10271,10271,10271,4
2019-05-23,15:11:56,10271,10271,10271,2
2019-05-23,15:11:57,10271,10271,10271,2
2019-05-23,15:11:58,10271,10271,10271,2
2019-05-23,15:11:58,10271,10271,10271,2
2019-05-23,15:11:58,10271,10271,10271,2
2019-05-23,15:11:58,10271,10271,10271,4
2019-05-23,15:12:01,10271,10271,10271,2
2019-05-23,15:12:01,10271,10271,10271,6
2019-05-23,15:12:01,10271,10271,10271,2
2019-05-23,15:12:01,10271,10271,10271,2
2019-05-23,15:12:01,10271,10271,10271,2
2019-05-23,15:12:01,10271,10271,10271,2
2019-05-23,15:12:01,10270,10270,10270,2
2019-05-23,15:12:01,10270,10270,10270,2
2019-05-23,15:12:01,10270,10270,10270,2
2019-05-23,15:12:01,10270,10270,10270,4
2019-05-23,15:12:01,10270,10270,10270,4
2019-05-23,15:12:01,10270,10270,10270,2
2019-05-23,15:12:01,10270,10270,10270,2
2019-05-23,15:12:01,10270,10270,10270,2
2019-05-23,15:12:01,10270,10270,10270,2
2019-05-23,15:12:01,10270,10270,10270,2
2019-05-23,15:12:01,10270,10270,10270,10
2019-05-23,15:12:01,10270,10270,10270,2
2019-05-23,15:12:01,10270,10270,10270,20
2019-05-23,15:12:01,10270,10270,10270,6
2019-05-23,15:12:01,10270,10270,10270,2
2019-05-23,15:12:01,10270,10270,10270,10
2019-05-23,15:12:01,10270,10270,10270,2
2019-05-23,15:12:01,10270,10270,10270,4
2019-05-23,15:12:01,10270,10270,10270,10
2019-05-23,15:12:01,10270,10270,10270,2
2019-05-23,15:12:01,10270,10270,10270,10
2019-05-23,15:12:01,10269,10269,10269,2
2019-05-23,15:12:01,10269,10269,10269,4
2019-05-23,15:12:01,10269,10269,10269,2
2019-05-23,15:12:01,10269,10269,10269,2
2019-05-23,15:12:01,10269,10269,10269,2
2019-05-23,15:12:01,10269,10269,10269,2
2019-05-23,15:12:01,10269,10269,10269,2
2019-05-23,15:12:01,10268,10268,10268,2
2019-05-23,15:12:01,10268,10268,10268,2
2019-05-23,15:12:01,10268,10268,10268,2
2019-05-23,15:12:01,10268,10268,10268,2
2019-05-23,15:12:01,10268,10268,10268,2
2019-05-23,15:12:01,10268,10268,10268,4
2019-05-23,15:12:01,10268,10268,10268,2
2019-05-23,15:12:01,10269,10269,10269,2
2019-05-23,15:12:01,10269,10269,10269,2
2019-05-23,15:12:01,10269,10269,10269,2
2019-05-23,15:12:01,10269,10269,10269,2
2019-05-23,15:12:01,10269,10269,10269,2
2019-05-23,15:12:01,10269,10269,10269,2
2019-05-23,15:12:01,10269,10269,10269,4
2019-05-23,15:12:01,10269,10269,10269,6
2019-05-23,15:12:01,10268,10268,10268,2
2019-05-23,15:12:01,10268,10268,10268,2
2019-05-23,15:12:01,10268,10268,10268,2
2019-05-23,15:12:01,10268,10268,10268,2
2019-05-23,15:12:01,10268,10268,10268,8
2019-05-23,15:12:01,10268,10268,10268,2
2019-05-23,15:12:01,10268,10268,10268,2
2019-05-23,15:12:01,10269,10269,10269,2
2019-05-23,15:12:01,10269,10269,10269,2
2019-05-23,15:12:01,10269,10269,10269,2
2019-05-23,15:12:01,10268,10268,10268,2
2019-05-23,15:12:01,10269,10269,10269,20
2019-05-23,15:12:01,10269,10269,10269,20
2019-05-23,15:12:01,10268,10268,10268,2
2019-05-23,15:12:01,10268,10268,10268,4
2019-05-23,15:12:01,10268,10268,10268,2
2019-05-23,15:12:01,10268,10268,10268,2
2019-05-23,15:12:02,10269,10269,10269,2
2019-05-23,15:12:02,10269,10269,10269,2
2019-05-23,15:12:02,10269,10269,10269,2
2019-05-23,15:12:02,10268,10268,10268,2
2019-05-23,15:12:02,10268,10268,10268,8
2019-05-23,15:12:02,10268,10268,10268,2
2019-05-23,15:12:02,10268,10268,10268,2
2019-05-23,15:12:02,10268,10268,10268,2
2019-05-23,15:12:02,10268,10268,10268,2
2019-05-23,15:12:02,10268,10268,10268,2
2019-05-23,15:12:02,10267,10267,10267,2
2019-05-23,15:12:02,10267,10267,10267,4
2019-05-23,15:12:02,10267,10267,10267,2
2019-05-23,15:12:02,10267,10267,10267,2
2019-05-23,15:12:02,10267,10267,10267,2
2019-05-23,15:12:02,10267,10267,10267,2
2019-05-23,15:12:02,10267,10267,10267,2
2019-05-23,15:12:02,10267,10267,10267,2
2019-05-23,15:12:02,10269,10269,10269,4
2019-05-23,15:12:02,10269,10269,10269,2
2019-05-23,15:12:02,10269,10269,10269,4
2019-05-23,15:12:02,10268,10268,10268,2
2019-05-23,15:12:02,10269,10269,10269,2
2019-05-23,15:12:02,10269,10269,10269,4
2019-05-23,15:12:03,10269,10269,10269,2
2019-05-23,15:12:03,10269,10269,10269,2
2019-05-23,15:12:03,10269,10269,10269,2
2019-05-23,15:12:03,10269,10269,10269,2
2019-05-23,15:12:03,10269,10269,10269,2
2019-05-23,15:12:03,10269,10269,10269,2
2019-05-23,15:12:03,10268,10268,10268,2
2019-05-23,15:12:07,10268,10268,10268,2
2019-05-23,15:12:07,10268,10268,10268,2
2019-05-23,15:12:07,10268,10268,10268,2
2019-05-23,15:12:07,10268,10268,10268,2
2019-05-23,15:12:07,10268,10268,10268,2
2019-05-23,15:12:07,10268,10268,10268,2
2019-05-23,15:12:07,10268,10268,10268,2
2019-05-23,15:12:07,10268,10268,10268,2
2019-05-23,15:12:07,10268,10268,10268,2
2019-05-23,15:12:08,10268,10268,10268,2
2019-05-23,15:12:08,10267,10267,10267,2
2019-05-23,15:12:08,10267,10267,10267,2
2019-05-23,15:12:08,10267,10267,10267,2
2019-05-23,15:12:09,10268,10268,10268,2
2019-05-23,15:12:11,10267,10267,10267,2
2019-05-23,15:12:11,10268,10268,10268,2
2019-05-23,15:12:11,10267,10267,10267,2
2019-05-23,15:12:12,10268,10268,10268,2
2019-05-23,15:12:14,10267,10267,10267,2
2019-05-23,15:12:14,10267,10267,10267,4
2019-05-23,15:12:14,10267,10267,10267,2
2019-05-23,15:12:14,10267,10267,10267,2
2019-05-23,15:12:14,10267,10267,10267,2
2019-05-23,15:12:14,10266,10266,10266,2
2019-05-23,15:12:14,10268,10268,10268,2
2019-05-23,15:12:14,10268,10268,10268,2
2019-05-23,15:12:15,10267,10267,10267,2
2019-05-23,15:12:15,10267,10267,10267,2
2019-05-23,15:12:15,10267,10267,10267,2
2019-05-23,15:12:16,10267,10267,10267,2
2019-05-23,15:12:16,10268,10268,10268,58
2019-05-23,15:12:16,10268,10268,10268,2
2019-05-23,15:12:16,10267,10267,10267,2
2019-05-23,15:12:16,10267,10267,10267,4
2019-05-23,15:12:16,10268,10268,10268,2
2019-05-23,15:12:18,10268,10268,10268,2
2019-05-23,15:12:18,10267,10267,10267,8
2019-05-23,15:12:20,10268,10268,10268,6
2019-05-23,15:12:20,10268,10268,10268,2
2019-05-23,15:12:21,10267,10267,10267,4
2019-05-23,15:12:22,10267,10267,10267,2
2019-05-23,15:12:22,10268,10268,10268,2
2019-05-23,15:12:22,10268,10268,10268,4
2019-05-23,15:12:23,10268,10268,10268,2
2019-05-23,15:12:23,10267,10267,10267,6
2019-05-23,15:12:23,10267,10267,10267,2
2019-05-23,15:12:23,10267,10267,10267,2
2019-05-23,15:12:23,10267,10267,10267,8
2019-05-23,15:12:23,10267,10267,10267,4
2019-05-23,15:12:23,10267,10267,10267,4
2019-05-23,15:12:23,10267,10267,10267,10
2019-05-23,15:12:23,10267,10267,10267,2
2019-05-23,15:12:25,10267,10267,10267,2
2019-05-23,15:12:26,10268,10268,10268,4
2019-05-23,15:12:27,10268,10268,10268,2
2019-05-23,15:12:27,10268,10268,10268,2
2019-05-23,15:12:27,10267,10267,10267,2
2019-05-23,15:12:27,10267,10267,10267,2
2019-05-23,15:12:27,10267,10267,10267,6
2019-05-23,15:12:27,10267,10267,10267,2
2019-05-23,15:12:27,10267,10267,10267,2
2019-05-23,15:12:27,10267,10267,10267,2
2019-05-23,15:12:27,10267,10267,10267,10
2019-05-23,15:12:27,10267,10267,10267,2
2019-05-23,15:12:28,10267,10267,10267,2
2019-05-23,15:12:29,10266,10266,10266,2
2019-05-23,15:12:29,10266,10266,10266,2
2019-05-23,15:12:29,10266,10266,10266,2
2019-05-23,15:12:29,10266,10266,10266,2
2019-05-23,15:12:29,10266,10266,10266,2
2019-05-23,15:12:29,10266,10266,10266,2
2019-05-23,15:12:29,10266,10266,10266,8
2019-05-23,15:12:29,10266,10266,10266,2
2019-05-23,15:12:31,10267,10267,10267,2
2019-05-23,15:12:31,10266,10266,10266,2
2019-05-23,15:12:32,10267,10267,10267,2
2019-05-23,15:12:32,10266,10266,10266,4
2019-05-23,15:12:32,10266,10266,10266,2
2019-05-23,15:12:33,10266,10266,10266,6
2019-05-23,15:12:33,10266,10266,10266,4
2019-05-23,15:12:33,10266,10266,10266,2
2019-05-23,15:12:34,10266,10266,10266,2
2019-05-23,15:12:35,10267,10267,10267,2
2019-05-23,15:12:35,10266,10266,10266,2
2019-05-23,15:12:36,10266,10266,10266,2
2019-05-23,15:12:36,10266,10266,10266,2
2019-05-23,15:12:36,10266,10266,10266,2
2019-05-23,15:12:36,10266,10266,10266,4
2019-05-23,15:12:36,10266,10266,10266,2
2019-05-23,15:12:36,10266,10266,10266,2
2019-05-23,15:12:36,10266,10266,10266,2
2019-05-23,15:12:36,10266,10266,10266,2
2019-05-23,15:12:36,10266,10266,10266,2
2019-05-23,15:12:36,10266,10266,10266,2
2019-05-23,15:12:36,10266,10266,10266,2
2019-05-23,15:12:36,10266,10266,10266,2
2019-05-23,15:12:37,10265,10265,10265,2
2019-05-23,15:12:37,10265,10265,10265,2
2019-05-23,15:12:37,10266,10266,10266,18
2019-05-23,15:12:38,10265,10265,10265,2
2019-05-23,15:12:38,10266,10266,10266,2
2019-05-23,15:12:38,10265,10265,10265,2
2019-05-23,15:12:38,10266,10266,10266,2
2019-05-23,15:12:39,10265,10265,10265,2
2019-05-23,15:12:40,10266,10266,10266,2
2019-05-23,15:12:40,10265,10265,10265,2
2019-05-23,15:12:40,10265,10265,10265,2
2019-05-23,15:12:40,10265,10265,10265,2
2019-05-23,15:12:41,10265,10265,10265,2
2019-05-23,15:12:41,10265,10265,10265,2
2019-05-23,15:12:41,10266,10266,10266,2
2019-05-23,15:12:42,10265,10265,10265,2
2019-05-23,15:12:44,10265,10265,10265,2
2019-05-23,15:12:45,10265,10265,10265,2
2019-05-23,15:12:46,10265,10265,10265,2
2019-05-23,15:12:47,10265,10265,10265,4
2019-05-23,15:12:47,10266,10266,10266,2
2019-05-23,15:12:47,10266,10266,10266,44
2019-05-23,15:12:48,10265,10265,10265,2
2019-05-23,15:12:48,10265,10265,10265,2
2019-05-23,15:12:48,10265,10265,10265,2
2019-05-23,15:12:48,10265,10265,10265,2
2019-05-23,15:12:48,10265,10265,10265,2
2019-05-23,15:12:48,10265,10265,10265,4
2019-05-23,15:12:48,10265,10265,10265,2
2019-05-23,15:12:48,10266,10266,10266,4
2019-05-23,15:12:49,10265,10265,10265,2
2019-05-23,15:12:49,10265,10265,10265,2
2019-05-23,15:12:49,10265,10265,10265,2
2019-05-23,15:12:49,10265,10265,10265,2
2019-05-23,15:12:51,10266,10266,10266,2
2019-05-23,15:12:52,10266,10266,10266,2
2019-05-23,15:12:52,10265,10265,10265,2
2019-05-23,15:12:52,10265,10265,10265,4
2019-05-23,15:12:52,10265,10265,10265,2
2019-05-23,15:12:52,10265,10265,10265,2
2019-05-23,15:12:52,10265,10265,10265,4
2019-05-23,15:12:52,10265,10265,10265,2
2019-05-23,15:12:52,10265,10265,10265,2
2019-05-23,15:12:52,10265,10265,10265,2
2019-05-23,15:12:52,10265,10265,10265,2
2019-05-23,15:12:52,10264,10264,10264,2
2019-05-23,15:12:53,10265,10265,10265,2
2019-05-23,15:12:53,10265,10265,10265,2
2019-05-23,15:12:54,10264,10264,10264,2
2019-05-23,15:12:54,10264,10264,10264,2
2019-05-23,15:12:54,10265,10265,10265,2
2019-05-23,15:12:55,10264,10264,10264,2
2019-05-23,15:12:56,10264,10264,10264,2
2019-05-23,15:12:57,10265,10265,10265,2
2019-05-23,15:12:57,10264,10264,10264,2
2019-05-23,15:12:57,10264,10264,10264,4
2019-05-23,15:12:58,10264,10264,10264,2
2019-05-23,15:12:58,10264,10264,10264,2
2019-05-23,15:12:58,10264,10264,10264,2
2019-05-23,15:12:58,10263,10263,10263,2
2019-05-23,15:12:59,10265,10265,10265,2
2019-05-23,15:13:00,10265,10265,10265,2
2019-05-23,15:13:00,10264,10264,10264,2
2019-05-23,15:13:01,10264,10264,10264,2
2019-05-23,15:13:01,10264,10264,10264,6
2019-05-23,15:13:02,10264,10264,10264,2
2019-05-23,15:13:04,10264,10264,10264,2
2019-05-23,15:13:04,10264,10264,10264,2
2019-05-23,15:13:04,10264,10264,10264,2
2019-05-23,15:13:04,10264,10264,10264,2
2019-05-23,15:13:04,10264,10264,10264,2
2019-05-23,15:13:04,10264,10264,10264,2
2019-05-23,15:13:04,10264,10264,10264,2
2019-05-23,15:13:04,10264,10264,10264,2
2019-05-23,15:13:04,10264,10264,10264,4
2019-05-23,15:13:04,10264,10264,10264,2
2019-05-23,15:13:06,10264,10264,10264,2
2019-05-23,15:13:06,10264,10264,10264,2
2019-05-23,15:13:07,10264,10264,10264,2
2019-05-23,15:13:08,10264,10264,10264,8
2019-05-23,15:13:09,10264,10264,10264,4
2019-05-23,15:13:10,10264,10264,10264,2
2019-05-23,15:13:11,10264,10264,10264,2
2019-05-23,15:13:11,10264,10264,10264,2
2019-05-23,15:13:12,10264,10264,10264,2
2019-05-23,15:13:12,10264,10264,10264,2
2019-05-23,15:13:13,10264,10264,10264,2
2019-05-23,15:13:15,10264,10264,10264,2
2019-05-23,15:13:16,10263,10263,10263,2
2019-05-23,15:13:16,10263,10263,10263,2
2019-05-23,15:13:16,10264,10264,10264,2
2019-05-23,15:13:17,10265,10265,10265,8
2019-05-23,15:13:18,10264,10264,10264,2
2019-05-23,15:13:18,10264,10264,10264,8
2019-05-23,15:13:18,10264,10264,10264,2
2019-05-23,15:13:18,10264,10264,10264,4
2019-05-23,15:13:19,10264,10264,10264,2
2019-05-23,15:13:19,10264,10264,10264,2
2019-05-23,15:13:22,10265,10265,10265,2
2019-05-23,15:13:24,10264,10264,10264,2
2019-05-23,15:13:24,10265,10265,10265,2
2019-05-23,15:13:27,10264,10264,10264,2
2019-05-23,15:13:27,10264,10264,10264,8
2019-05-23,15:13:28,10264,10264,10264,2
2019-05-23,15:13:28,10264,10264,10264,2
2019-05-23,15:13:28,10264,10264,10264,2
2019-05-23,15:13:28,10264,10264,10264,2
2019-05-23,15:13:28,10264,10264,10264,2
2019-05-23,15:13:28,10264,10264,10264,2
2019-05-23,15:13:28,10263,10263,10263,2
2019-05-23,15:13:28,10263,10263,10263,2
2019-05-23,15:13:28,10263,10263,10263,2
2019-05-23,15:13:28,10263,10263,10263,4
2019-05-23,15:13:28,10263,10263,10263,2
2019-05-23,15:13:28,10263,10263,10263,2
2019-05-23,15:13:28,10263,10263,10263,6
2019-05-23,15:13:28,10263,10263,10263,2
2019-05-23,15:13:28,10263,10263,10263,2
2019-05-23,15:13:28,10263,10263,10263,2
2019-05-23,15:13:28,10263,10263,10263,6
2019-05-23,15:13:28,10263,10263,10263,4
2019-05-23,15:13:28,10263,10263,10263,2
2019-05-23,15:13:28,10263,10263,10263,20
2019-05-23,15:13:28,10263,10263,10263,2
2019-05-23,15:13:28,10263,10263,10263,2
2019-05-23,15:13:28,10262,10262,10262,4
2019-05-23,15:13:28,10262,10262,10262,2
2019-05-23,15:13:28,10262,10262,10262,2
2019-05-23,15:13:28,10262,10262,10262,2
2019-05-23,15:13:28,10262,10262,10262,2
2019-05-23,15:13:28,10262,10262,10262,2
2019-05-23,15:13:28,10262,10262,10262,6
2019-05-23,15:13:28,10262,10262,10262,2
2019-05-23,15:13:29,10263,10263,10263,2
2019-05-23,15:13:29,10262,10262,10262,2
2019-05-23,15:13:29,10262,10262,10262,2
2019-05-23,15:13:30,10263,10263,10263,2
2019-05-23,15:13:31,10263,10263,10263,4
2019-05-23,15:13:32,10263,10263,10263,4
2019-05-23,15:13:32,10262,10262,10262,2
2019-05-23,15:13:33,10263,10263,10263,2
2019-05-23,15:13:33,10263,10263,10263,2
2019-05-23,15:13:33,10264,10264,10264,6
2019-05-23,15:13:33,10264,10264,10264,2
2019-05-23,15:13:33,10264,10264,10264,2
2019-05-23,15:13:33,10265,10265,10265,2
2019-05-23,15:13:34,10263,10263,10263,4
2019-05-23,15:13:34,10263,10263,10263,2
2019-05-23,15:13:34,10263,10263,10263,2
2019-05-23,15:13:34,10263,10263,10263,4
2019-05-23,15:13:34,10263,10263,10263,2
2019-05-23,15:13:34,10263,10263,10263,2
2019-05-23,15:13:34,10264,10264,10264,2
2019-05-23,15:13:35,10264,10264,10264,2
2019-05-23,15:13:35,10263,10263,10263,2
2019-05-23,15:13:36,10264,10264,10264,4
2019-05-23,15:13:36,10264,10264,10264,2
2019-05-23,15:13:36,10264,10264,10264,2
2019-05-23,15:13:37,10263,10263,10263,2
2019-05-23,15:13:37,10265,10265,10265,2
2019-05-23,15:13:37,10265,10265,10265,2
2019-05-23,15:13:38,10263,10263,10263,4
2019-05-23,15:13:39,10265,10265,10265,2
2019-05-23,15:13:40,10265,10265,10265,2
2019-05-23,15:13:42,10265,10265,10265,4
2019-05-23,15:13:45,10265,10265,10265,80
2019-05-23,15:13:45,10266,10266,10266,2
2019-05-23,15:13:46,10266,10266,10266,2
2019-05-23,15:13:46,10266,10266,10266,2
2019-05-23,15:13:46,10265,10265,10265,2
2019-05-23,15:13:48,10265,10265,10265,2
2019-05-23,15:13:48,10266,10266,10266,2
2019-05-23,15:13:48,10265,10265,10265,4
2019-05-23,15:13:48,10266,10266,10266,2
2019-05-23,15:13:49,10266,10266,10266,12
2019-05-23,15:13:50,10267,10267,10267,2
2019-05-23,15:13:52,10266,10266,10266,2
2019-05-23,15:13:52,10267,10267,10267,2
2019-05-23,15:13:55,10266,10266,10266,2
2019-05-23,15:13:55,10267,10267,10267,20
2019-05-23,15:13:56,10267,10267,10267,2
2019-05-23,15:13:56,10267,10267,10267,4
2019-05-23,15:13:56,10267,10267,10267,8
2019-05-23,15:13:56,10267,10267,10267,12
2019-05-23,15:13:56,10268,10268,10268,2
2019-05-23,15:13:59,10268,10268,10268,4
2019-05-23,15:13:59,10267,10267,10267,2
2019-05-23,15:14:00,10267,10267,10267,2
2019-05-23,15:14:00,10268,10268,10268,4
2019-05-23,15:14:00,10267,10267,10267,2
2019-05-23,15:14:00,10267,10267,10267,4
2019-05-23,15:14:00,10267,10267,10267,4
2019-05-23,15:14:00,10267,10267,10267,4
2019-05-23,15:14:02,10268,10268,10268,2
2019-05-23,15:14:03,10268,10268,10268,2
2019-05-23,15:14:04,10268,10268,10268,2
2019-05-23,15:14:04,10268,10268,10268,2
2019-05-23,15:14:05,10268,10268,10268,2
2019-05-23,15:14:06,10269,10269,10269,2
2019-05-23,15:14:08,10269,10269,10269,16
2019-05-23,15:14:08,10268,10268,10268,4
2019-05-23,15:14:08,10268,10268,10268,22
2019-05-23,15:14:08,10268,10268,10268,2
2019-05-23,15:14:08,10268,10268,10268,4
2019-05-23,15:14:08,10268,10268,10268,2
2019-05-23,15:14:08,10268,10268,10268,2
2019-05-23,15:14:09,10268,10268,10268,2
2019-05-23,15:14:09,10268,10268,10268,2
2019-05-23,15:14:13,10267,10267,10267,2
2019-05-23,15:14:13,10267,10267,10267,2
2019-05-23,15:14:13,10268,10268,10268,4
2019-05-23,15:14:17,10268,10268,10268,6
2019-05-23,15:14:19,10267,10267,10267,4
2019-05-23,15:14:19,10268,10268,10268,2
2019-05-23,15:14:19,10267,10267,10267,10
2019-05-23,15:14:19,10267,10267,10267,2
2019-05-23,15:14:20,10268,10268,10268,12
2019-05-23,15:14:20,10268,10268,10268,10
2019-05-23,15:14:22,10267,10267,10267,4
2019-05-23,15:14:22,10267,10267,10267,4
2019-05-23,15:14:23,10267,10267,10267,2
2019-05-23,15:14:23,10267,10267,10267,2
2019-05-23,15:14:23,10267,10267,10267,2
2019-05-23,15:14:25,10268,10268,10268,2
2019-05-23,15:14:26,10267,10267,10267,2
2019-05-23,15:14:28,10267,10267,10267,2
2019-05-23,15:14:29,10267,10267,10267,2
2019-05-23,15:14:29,10268,10268,10268,2
2019-05-23,15:14:29,10267,10267,10267,2
2019-05-23,15:14:30,10267,10267,10267,40
2019-05-23,15:14:30,10267,10267,10267,2
2019-05-23,15:14:31,10267,10267,10267,2
2019-05-23,15:14:32,10267,10267,10267,2
2019-05-23,15:14:37,10267,10267,10267,2
2019-05-23,15:14:39,10268,10268,10268,2
2019-05-23,15:14:40,10267,10267,10267,2
2019-05-23,15:14:40,10268,10268,10268,4
2019-05-23,15:14:41,10267,10267,10267,2
2019-05-23,15:14:43,10267,10267,10267,6
2019-05-23,15:14:44,10268,10268,10268,6
2019-05-23,15:14:48,10268,10268,10268,2
2019-05-23,15:14:48,10267,10267,10267,2
2019-05-23,15:14:48,10267,10267,10267,2
2019-05-23,15:14:48,10267,10267,10267,2
2019-05-23,15:14:48,10268,10268,10268,2
2019-05-23,15:14:49,10268,10268,10268,2
2019-05-23,15:14:49,10267,10267,10267,2
2019-05-23,15:14:53,10268,10268,10268,2
2019-05-23,15:14:54,10267,10267,10267,2
2019-05-23,15:15:00,10268,10268,10268,14
2019-05-23,15:15:00,10268,10268,10268,4
2019-05-23,15:15:00,10268,10268,10268,6
2019-05-23,15:15:00,10268,10268,10268,4
2019-05-23,15:15:00,10268,10268,10268,2
2019-05-23,15:15:00,10269,10269,10269,2
2019-05-23,15:15:00,10269,10269,10269,2
2019-05-23,15:15:00,10269,10269,10269,6
2019-05-23,15:15:00,10269,10269,10269,20
2019-05-23,15:15:00,10269,10269,10269,4
2019-05-23,15:15:01,10270,10270,10270,40
2019-05-23,15:15:01,10271,10271,10271,2
2019-05-23,15:15:01,10270,10270,10270,2
2019-05-23,15:15:01,10271,10271,10271,4
2019-05-23,15:15:01,10271,10271,10271,4
2019-05-23,15:15:02,10271,10271,10271,8
2019-05-23,15:15:02,10271,10271,10271,2
2019-05-23,15:15:02,10271,10271,10271,2
2019-05-23,15:15:02,10271,10271,10271,4
2019-05-23,15:15:02,10270,10270,10270,4
2019-05-23,15:15:02,10270,10270,10270,4
2019-05-23,15:15:02,10270,10270,10270,4
2019-05-23,15:15:02,10270,10270,10270,2
2019-05-23,15:15:02,10270,10270,10270,6
2019-05-23,15:15:02,10270,10270,10270,4
2019-05-23,15:15:02,10270,10270,10270,2
2019-05-23,15:15:06,10270,10270,10270,2
2019-05-23,15:15:06,10270,10270,10270,2
2019-05-23,15:15:08,10271,10271,10271,4
2019-05-23,15:15:09,10270,10270,10270,2
2019-05-23,15:15:10,10271,10271,10271,2
2019-05-23,15:15:11,10270,10270,10270,2
2019-05-23,15:15:11,10270,10270,10270,2
2019-05-23,15:15:11,10270,10270,10270,2
2019-05-23,15:15:11,10271,10271,10271,2
2019-05-23,15:15:14,10272,10272,10272,2
2019-05-23,15:15:14,10272,10272,10272,2
2019-05-23,15:15:14,10272,10272,10272,2
2019-05-23,15:15:14,10271,10271,10271,2
2019-05-23,15:15:15,10271,10271,10271,2
2019-05-23,15:15:15,10272,10272,10272,4
2019-05-23,15:15:15,10272,10272,10272,2
2019-05-23,15:15:16,10272,10272,10272,2
2019-05-23,15:15:16,10271,10271,10271,2
2019-05-23,15:15:17,10272,10272,10272,2
2019-05-23,15:15:19,10272,10272,10272,2
2019-05-23,15:15:19,10273,10273,10273,20
2019-05-23,15:15:20,10274,10274,10274,2
2019-05-23,15:15:20,10274,10274,10274,4
2019-05-23,15:15:20,10273,10273,10273,2
2019-05-23,15:15:20,10273,10273,10273,2
2019-05-23,15:15:21,10273,10273,10273,2
2019-05-23,15:15:21,10273,10273,10273,2
2019-05-23,15:15:22,10273,10273,10273,2
2019-05-23,15:15:22,10272,10272,10272,2
2019-05-23,15:15:22,10272,10272,10272,2
2019-05-23,15:15:23,10274,10274,10274,10
2019-05-23,15:15:24,10273,10273,10273,2
2019-05-23,15:15:24,10272,10272,10272,2
2019-05-23,15:15:24,10272,10272,10272,2
2019-05-23,15:15:24,10273,10273,10273,2
2019-05-23,15:15:24,10274,10274,10274,40
2019-05-23,15:15:25,10273,10273,10273,2
2019-05-23,15:15:25,10273,10273,10273,2
2019-05-23,15:15:25,10273,10273,10273,2
2019-05-23,15:15:27,10274,10274,10274,4
2019-05-23,15:15:28,10273,10273,10273,2
2019-05-23,15:15:29,10273,10273,10273,2
2019-05-23,15:15:29,10273,10273,10273,2
2019-05-23,15:15:30,10273,10273,10273,2
2019-05-23,15:15:30,10273,10273,10273,4
2019-05-23,15:15:30,10273,10273,10273,2
2019-05-23,15:15:31,10272,10272,10272,2
2019-05-23,15:15:31,10272,10272,10272,4
2019-05-23,15:15:31,10272,10272,10272,2
2019-05-23,15:15:31,10272,10272,10272,2
2019-05-23,15:15:31,10272,10272,10272,2
2019-05-23,15:15:31,10272,10272,10272,4
2019-05-23,15:15:31,10272,10272,10272,2
2019-05-23,15:15:31,10272,10272,10272,2
2019-05-23,15:15:31,10272,10272,10272,2
2019-05-23,15:15:31,10272,10272,10272,6
2019-05-23,15:15:31,10272,10272,10272,4
2019-05-23,15:15:31,10272,10272,10272,2
2019-05-23,15:15:31,10271,10271,10271,2
2019-05-23,15:15:31,10271,10271,10271,2
2019-05-23,15:15:33,10272,10272,10272,2
2019-05-23,15:15:35,10272,10272,10272,38
2019-05-23,15:15:35,10273,10273,10273,6
2019-05-23,15:15:37,10271,10271,10271,2
2019-05-23,15:15:37,10271,10271,10271,2
2019-05-23,15:15:38,10272,10272,10272,2
2019-05-23,15:15:40,10273,10273,10273,2
2019-05-23,15:15:41,10272,10272,10272,2
2019-05-23,15:15:41,10272,10272,10272,2
2019-05-23,15:15:42,10272,10272,10272,2
2019-05-23,15:15:42,10272,10272,10272,2
2019-05-23,15:15:42,10272,10272,10272,8
2019-05-23,15:15:45,10272,10272,10272,4
2019-05-23,15:15:46,10272,10272,10272,2
2019-05-23,15:15:48,10272,10272,10272,2
2019-05-23,15:15:48,10272,10272,10272,12
2019-05-23,15:15:51,10272,10272,10272,2
2019-05-23,15:15:51,10271,10271,10271,2
2019-05-23,15:15:52,10272,10272,10272,2
2019-05-23,15:15:56,10272,10272,10272,2
2019-05-23,15:15:57,10272,10272,10272,2
2019-05-23,15:15:58,10272,10272,10272,4
2019-05-23,15:15:58,10272,10272,10272,2
2019-05-23,15:15:59,10273,10273,10273,4
2019-05-23,15:16:00,10271,10271,10271,2
2019-05-23,15:16:04,10272,10272,10272,2
2019-05-23,15:16:04,10272,10272,10272,4
2019-05-23,15:16:05,10271,10271,10271,2
2019-05-23,15:16:05,10272,10272,10272,2
2019-05-23,15:16:05,10271,10271,10271,2
2019-05-23,15:16:05,10271,10271,10271,10
2019-05-23,15:16:05,10271,10271,10271,2
2019-05-23,15:16:05,10271,10271,10271,2
2019-05-23,15:16:05,10271,10271,10271,2
2019-05-23,15:16:05,10271,10271,10271,2
2019-05-23,15:16:05,10271,10271,10271,2
2019-05-23,15:16:05,10271,10271,10271,4
2019-05-23,15:16:05,10271,10271,10271,2
2019-05-23,15:16:05,10271,10271,10271,2
2019-05-23,15:16:06,10271,10271,10271,2
2019-05-23,15:16:08,10271,10271,10271,2
2019-05-23,15:16:09,10271,10271,10271,2
2019-05-23,15:16:14,10271,10271,10271,2
2019-05-23,15:16:15,10271,10271,10271,4
2019-05-23,15:16:16,10271,10271,10271,6
2019-05-23,15:16:19,10272,10272,10272,2
2019-05-23,15:16:19,10271,10271,10271,2
2019-05-23,15:16:19,10272,10272,10272,4
2019-05-23,15:16:20,10272,10272,10272,2
2019-05-23,15:16:21,10271,10271,10271,2
2019-05-23,15:16:21,10271,10271,10271,2
2019-05-23,15:16:26,10271,10271,10271,2
2019-05-23,15:16:28,10271,10271,10271,2
2019-05-23,15:16:28,10271,10271,10271,4
2019-05-23,15:16:28,10271,10271,10271,2
2019-05-23,15:16:28,10271,10271,10271,2
2019-05-23,15:16:28,10271,10271,10271,2
2019-05-23,15:16:28,10271,10271,10271,4
2019-05-23,15:16:28,10270,10270,10270,2
2019-05-23,15:16:28,10271,10271,10271,2
2019-05-23,15:16:29,10271,10271,10271,2
2019-05-23,15:16:29,10271,10271,10271,2
2019-05-23,15:16:41,10271,10271,10271,8
2019-05-23,15:16:43,10271,10271,10271,2
2019-05-23,15:16:43,10271,10271,10271,2
2019-05-23,15:16:44,10271,10271,10271,2
2019-05-23,15:16:44,10271,10271,10271,4
2019-05-23,15:16:44,10271,10271,10271,2
2019-05-23,15:16:44,10271,10271,10271,2
2019-05-23,15:16:44,10271,10271,10271,2
2019-05-23,15:16:45,10270,10270,10270,2
2019-05-23,15:16:47,10271,10271,10271,4
2019-05-23,15:16:48,10270,10270,10270,2
2019-05-23,15:16:48,10270,10270,10270,4
2019-05-23,15:16:48,10270,10270,10270,26
2019-05-23,15:16:48,10270,10270,10270,2
2019-05-23,15:16:48,10270,10270,10270,2
2019-05-23,15:16:48,10270,10270,10270,4
2019-05-23,15:16:48,10270,10270,10270,4
2019-05-23,15:16:48,10270,10270,10270,2
2019-05-23,15:16:48,10270,10270,10270,2
2019-05-23,15:16:50,10269,10269,10269,2
2019-05-23,15:16:50,10269,10269,10269,2
2019-05-23,15:16:50,10269,10269,10269,2
2019-05-23,15:16:51,10268,10268,10268,2
2019-05-23,15:16:51,10268,10268,10268,4
2019-05-23,15:16:52,10268,10268,10268,2
2019-05-23,15:16:52,10268,10268,10268,4
2019-05-23,15:16:53,10268,10268,10268,2
2019-05-23,15:16:53,10268,10268,10268,2
2019-05-23,15:16:54,10269,10269,10269,2
2019-05-23,15:16:55,10269,10269,10269,2
2019-05-23,15:16:56,10268,10268,10268,2
2019-05-23,15:16:57,10269,10269,10269,4
2019-05-23,15:16:57,10269,10269,10269,2
2019-05-23,15:16:59,10270,10270,10270,2
2019-05-23,15:17:00,10269,10269,10269,2
2019-05-23,15:17:00,10269,10269,10269,2
2019-05-23,15:17:02,10269,10269,10269,2
2019-05-23,15:17:03,10269,10269,10269,10
2019-05-23,15:17:03,10269,10269,10269,8
2019-05-23,15:17:03,10269,10269,10269,2
2019-05-23,15:17:04,10269,10269,10269,2
2019-05-23,15:17:07,10270,10270,10270,2
2019-05-23,15:17:07,10269,10269,10269,2
2019-05-23,15:17:07,10269,10269,10269,2
2019-05-23,15:17:08,10268,10268,10268,2
2019-05-23,15:17:13,10270,10270,10270,2
2019-05-23,15:17:15,10270,10270,10270,2
2019-05-23,15:17:20,10270,10270,10270,18
2019-05-23,15:17:21,10270,10270,10270,2
2019-05-23,15:17:23,10271,10271,10271,10
2019-05-23,15:17:24,10271,10271,10271,10
2019-05-23,15:17:25,10271,10271,10271,10
2019-05-23,15:17:28,10271,10271,10271,2
2019-05-23,15:17:29,10271,10271,10271,2
2019-05-23,15:17:29,10270,10270,10270,2
2019-05-23,15:17:32,10271,10271,10271,2
2019-05-23,15:17:33,10270,10270,10270,2
2019-05-23,15:17:33,10271,10271,10271,2
2019-05-23,15:17:35,10271,10271,10271,2
2019-05-23,15:17:38,10271,10271,10271,2
2019-05-23,15:17:40,10271,10271,10271,2
2019-05-23,15:17:45,10271,10271,10271,4
2019-05-23,15:17:47,10271,10271,10271,2
2019-05-23,15:17:47,10271,10271,10271,4
2019-05-23,15:17:47,10271,10271,10271,2
2019-05-23,15:17:47,10271,10271,10271,2
2019-05-23,15:17:48,10272,10272,10272,2
2019-05-23,15:17:49,10271,10271,10271,2
2019-05-23,15:17:52,10271,10271,10271,2
2019-05-23,15:17:53,10271,10271,10271,2
2019-05-23,15:17:53,10271,10271,10271,2
2019-05-23,15:18:05,10271,10271,10271,4
2019-05-23,15:18:05,10271,10271,10271,2
2019-05-23,15:18:05,10271,10271,10271,2
2019-05-23,15:18:06,10271,10271,10271,2
2019-05-23,15:18:06,10271,10271,10271,2
2019-05-23,15:18:06,10271,10271,10271,2
2019-05-23,15:18:08,10272,10272,10272,4
2019-05-23,15:18:09,10271,10271,10271,4
2019-05-23,15:18:17,10271,10271,10271,4
2019-05-23,15:18:21,10272,10272,10272,4
2019-05-23,15:18:22,10271,10271,10271,2
2019-05-23,15:18:22,10271,10271,10271,2
2019-05-23,15:18:23,10271,10271,10271,2
2019-05-23,15:18:23,10271,10271,10271,2
2019-05-23,15:18:23,10271,10271,10271,2
2019-05-23,15:18:23,10271,10271,10271,2
2019-05-23,15:18:24,10271,10271,10271,2
2019-05-23,15:18:24,10271,10271,10271,2
2019-05-23,15:18:24,10270,10270,10270,4
2019-05-23,15:18:24,10272,10272,10272,12
2019-05-23,15:18:24,10271,10271,10271,2
2019-05-23,15:18:26,10271,10271,10271,2
2019-05-23,15:18:33,10271,10271,10271,8
2019-05-23,15:18:35,10271,10271,10271,2
2019-05-23,15:18:43,10270,10270,10270,2
2019-05-23,15:18:46,10271,10271,10271,2
2019-05-23,15:18:46,10271,10271,10271,2
2019-05-23,15:18:48,10271,10271,10271,2
2019-05-23,15:18:51,10272,10272,10272,8
2019-05-23,15:18:51,10272,10272,10272,62
2019-05-23,15:18:51,10272,10272,10272,6
2019-05-23,15:18:51,10272,10272,10272,2
2019-05-23,15:18:52,10272,10272,10272,2
2019-05-23,15:18:55,10272,10272,10272,2
2019-05-23,15:18:56,10273,10273,10273,2
2019-05-23,15:19:00,10273,10273,10273,2
2019-05-23,15:19:06,10272,10272,10272,2
2019-05-23,15:19:06,10273,10273,10273,2
2019-05-23,15:19:12,10273,10273,10273,2
2019-05-23,15:19:14,10272,10272,10272,2
2019-05-23,15:19:18,10273,10273,10273,10
2019-05-23,15:19:19,10273,10273,10273,2
2019-05-23,15:19:20,10273,10273,10273,10
2019-05-23,15:19:20,10273,10273,10273,2
2019-05-23,15:19:20,10273,10273,10273,10
2019-05-23,15:19:22,10272,10272,10272,2
2019-05-23,15:19:24,10272,10272,10272,2
2019-05-23,15:19:24,10273,10273,10273,2
2019-05-23,15:19:25,10273,10273,10273,24
2019-05-23,15:19:27,10273,10273,10273,4
2019-05-23,15:19:27,10273,10273,10273,12
2019-05-23,15:19:38,10273,10273,10273,2
2019-05-23,15:19:38,10273,10273,10273,2
2019-05-23,15:19:38,10273,10273,10273,2
2019-05-23,15:19:38,10273,10273,10273,2
2019-05-23,15:19:38,10273,10273,10273,6
2019-05-23,15:19:38,10273,10273,10273,2
2019-05-23,15:19:38,10273,10273,10273,2
2019-05-23,15:19:38,10273,10273,10273,14
2019-05-23,15:19:38,10274,10274,10274,2
2019-05-23,15:19:38,10274,10274,10274,4
2019-05-23,15:19:39,10273,10273,10273,2
2019-05-23,15:19:39,10274,10274,10274,8
2019-05-23,15:19:42,10274,10274,10274,2
2019-05-23,15:19:44,10274,10274,10274,4
2019-05-23,15:19:45,10274,10274,10274,8
2019-05-23,15:19:45,10275,10275,10275,2
2019-05-23,15:19:45,10275,10275,10275,10
2019-05-23,15:19:46,10275,10275,10275,2
2019-05-23,15:19:48,10275,10275,10275,10
2019-05-23,15:19:48,10275,10275,10275,10
2019-05-23,15:19:48,10274,10274,10274,2
2019-05-23,15:19:48,10274,10274,10274,2
2019-05-23,15:19:49,10274,10274,10274,2
2019-05-23,15:19:51,10274,10274,10274,2
2019-05-23,15:19:53,10275,10275,10275,2
2019-05-23,15:19:53,10274,10274,10274,2
2019-05-23,15:19:53,10274,10274,10274,2
2019-05-23,15:19:55,10275,10275,10275,6
2019-05-23,15:19:55,10275,10275,10275,6
2019-05-23,15:19:56,10275,10275,10275,2
2019-05-23,15:19:56,10274,10274,10274,2
2019-05-23,15:19:58,10275,10275,10275,24
2019-05-23,15:19:58,10275,10275,10275,4
2019-05-23,15:19:58,10275,10275,10275,4
2019-05-23,15:19:58,10275,10275,10275,6
2019-05-23,15:19:59,10275,10275,10275,2
2019-05-23,15:20:02,10275,10275,10275,2
2019-05-23,15:20:02,10274,10274,10274,2
2019-05-23,15:20:03,10275,10275,10275,2
2019-05-23,15:20:04,10275,10275,10275,10
2019-05-23,15:20:13,10275,10275,10275,2
2019-05-23,15:20:15,10274,10274,10274,2
2019-05-23,15:20:15,10275,10275,10275,10
2019-05-23,15:20:15,10275,10275,10275,2
2019-05-23,15:20:15,10274,10274,10274,2
2019-05-23,15:20:17,10275,10275,10275,2
2019-05-23,15:20:20,10275,10275,10275,4
2019-05-23,15:20:22,10275,10275,10275,4
2019-05-23,15:20:25,10274,10274,10274,2
2019-05-23,15:20:33,10274,10274,10274,2
2019-05-23,15:20:45,10274,10274,10274,2
2019-05-23,15:20:47,10274,10274,10274,2
2019-05-23,15:20:52,10274,10274,10274,2
2019-05-23,15:20:57,10274,10274,10274,2
2019-05-23,15:21:01,10274,10274,10274,2
2019-05-23,15:21:03,10275,10275,10275,14
2019-05-23,15:21:03,10275,10275,10275,8
2019-05-23,15:21:05,10275,10275,10275,2
2019-05-23,15:21:05,10275,10275,10275,2
2019-05-23,15:21:05,10275,10275,10275,2
2019-05-23,15:21:05,10275,10275,10275,2
2019-05-23,15:21:05,10275,10275,10275,2
2019-05-23,15:21:05,10275,10275,10275,2
2019-05-23,15:21:06,10275,10275,10275,2
2019-05-23,15:21:08,10275,10275,10275,2
2019-05-23,15:21:10,10275,10275,10275,2
2019-05-23,15:21:11,10275,10275,10275,8
2019-05-23,15:21:11,10275,10275,10275,2
2019-05-23,15:21:11,10276,10276,10276,2
2019-05-23,15:21:15,10276,10276,10276,2
2019-05-23,15:21:15,10276,10276,10276,2
2019-05-23,15:21:15,10276,10276,10276,16
2019-05-23,15:21:15,10276,10276,10276,2
2019-05-23,15:21:15,10276,10276,10276,2
2019-05-23,15:21:19,10277,10277,10277,2
2019-05-23,15:21:19,10277,10277,10277,2
2019-05-23,15:21:19,10277,10277,10277,2
2019-05-23,15:21:19,10277,10277,10277,6
2019-05-23,15:21:19,10278,10278,10278,14
2019-05-23,15:21:19,10278,10278,10278,2
2019-05-23,15:21:19,10278,10278,10278,2
2019-05-23,15:21:20,10278,10278,10278,2
2019-05-23,15:21:20,10278,10278,10278,2
2019-05-23,15:21:21,10278,10278,10278,2
2019-05-23,15:21:21,10278,10278,10278,2
2019-05-23,15:21:22,10277,10277,10277,2
2019-05-23,15:21:22,10277,10277,10277,2
2019-05-23,15:21:27,10278,10278,10278,2
2019-05-23,15:21:28,10277,10277,10277,2
2019-05-23,15:21:28,10278,10278,10278,6
2019-05-23,15:21:28,10277,10277,10277,2
2019-05-23,15:21:28,10277,10277,10277,2
2019-05-23,15:21:28,10278,10278,10278,10
2019-05-23,15:21:29,10278,10278,10278,10
2019-05-23,15:21:31,10278,10278,10278,4
2019-05-23,15:21:34,10278,10278,10278,2
2019-05-23,15:21:36,10278,10278,10278,2
2019-05-23,15:21:37,10278,10278,10278,2
2019-05-23,15:21:37,10278,10278,10278,10
2019-05-23,15:21:38,10278,10278,10278,4
2019-05-23,15:21:38,10278,10278,10278,2
2019-05-23,15:21:38,10278,10278,10278,10
2019-05-23,15:21:40,10277,10277,10277,2
2019-05-23,15:21:40,10278,10278,10278,4
2019-05-23,15:21:41,10278,10278,10278,2
2019-05-23,15:21:45,10278,10278,10278,4
2019-05-23,15:21:46,10278,10278,10278,2
2019-05-23,15:21:50,10278,10278,10278,2
2019-05-23,15:21:50,10278,10278,10278,2
2019-05-23,15:21:50,10278,10278,10278,10
2019-05-23,15:21:50,10278,10278,10278,2
2019-05-23,15:21:50,10278,10278,10278,2
2019-05-23,15:21:52,10278,10278,10278,30
2019-05-23,15:21:52,10277,10277,10277,2
2019-05-23,15:21:52,10278,10278,10278,4
2019-05-23,15:21:53,10277,10277,10277,2
2019-05-23,15:21:54,10278,10278,10278,2
2019-05-23,15:21:57,10278,10278,10278,2
2019-05-23,15:22:01,10277,10277,10277,2
2019-05-23,15:22:02,10277,10277,10277,2
2019-05-23,15:22:02,10277,10277,10277,2
2019-05-23,15:22:02,10277,10277,10277,2
2019-05-23,15:22:02,10277,10277,10277,6
2019-05-23,15:22:02,10277,10277,10277,2
2019-05-23,15:22:02,10277,10277,10277,2
2019-05-23,15:22:02,10277,10277,10277,2
2019-05-23,15:22:05,10277,10277,10277,2
2019-05-23,15:22:06,10276,10276,10276,2
2019-05-23,15:22:06,10276,10276,10276,4
2019-05-23,15:22:07,10276,10276,10276,2
2019-05-23,15:22:09,10275,10275,10275,2
2019-05-23,15:22:10,10276,10276,10276,2
2019-05-23,15:22:13,10275,10275,10275,2
2019-05-23,15:22:13,10276,10276,10276,2
2019-05-23,15:22:15,10276,10276,10276,2
2019-05-23,15:22:19,10276,10276,10276,2
2019-05-23,15:22:20,10275,10275,10275,2
2019-05-23,15:22:22,10276,10276,10276,2
2019-05-23,15:22:28,10275,10275,10275,2
2019-05-23,15:22:28,10275,10275,10275,2
2019-05-23,15:22:28,10275,10275,10275,2
2019-05-23,15:22:29,10276,10276,10276,2
2019-05-23,15:22:31,10275,10275,10275,2
2019-05-23,15:22:33,10276,10276,10276,2
2019-05-23,15:22:33,10275,10275,10275,2
2019-05-23,15:22:33,10275,10275,10275,2
2019-05-23,15:22:34,10275,10275,10275,2
2019-05-23,15:22:36,10275,10275,10275,2
2019-05-23,15:22:37,10276,10276,10276,2
2019-05-23,15:22:37,10276,10276,10276,2
2019-05-23,15:22:37,10276,10276,10276,4
2019-05-23,15:22:37,10276,10276,10276,2
2019-05-23,15:22:37,10276,10276,10276,2
2019-05-23,15:22:37,10276,10276,10276,2
2019-05-23,15:22:37,10276,10276,10276,4
2019-05-23,15:22:39,10275,10275,10275,2
2019-05-23,15:22:41,10276,10276,10276,2
2019-05-23,15:22:49,10276,10276,10276,2
2019-05-23,15:22:49,10276,10276,10276,4
2019-05-23,15:22:58,10275,10275,10275,2
2019-05-23,15:22:59,10275,10275,10275,2
2019-05-23,15:23:00,10275,10275,10275,2
2019-05-23,15:23:01,10275,10275,10275,2
2019-05-23,15:23:08,10276,10276,10276,2
2019-05-23,15:23:16,10276,10276,10276,10
2019-05-23,15:23:24,10275,10275,10275,2
2019-05-23,15:23:24,10275,10275,10275,2
2019-05-23,15:23:28,10275,10275,10275,2
2019-05-23,15:23:28,10276,10276,10276,10
2019-05-23,15:23:28,10276,10276,10276,10
2019-05-23,15:23:28,10276,10276,10276,6
2019-05-23,15:23:28,10276,10276,10276,2
2019-05-23,15:23:29,10276,10276,10276,2
2019-05-23,15:23:29,10276,10276,10276,2
2019-05-23,15:23:33,10276,10276,10276,2
2019-05-23,15:23:35,10276,10276,10276,2
2019-05-23,15:23:50,10276,10276,10276,2
2019-05-23,15:23:54,10276,10276,10276,2
2019-05-23,15:24:02,10277,10277,10277,4
2019-05-23,15:24:04,10277,10277,10277,2
2019-05-23,15:24:04,10277,10277,10277,2
2019-05-23,15:24:04,10277,10277,10277,2
2019-05-23,15:24:04,10277,10277,10277,2
2019-05-23,15:24:04,10277,10277,10277,2
2019-05-23,15:24:04,10277,10277,10277,2
2019-05-23,15:24:04,10277,10277,10277,4
2019-05-23,15:24:04,10278,10278,10278,2
2019-05-23,15:24:06,10277,10277,10277,2
2019-05-23,15:24:07,10278,10278,10278,2
2019-05-23,15:24:12,10278,10278,10278,2
2019-05-23,15:24:17,10278,10278,10278,2
2019-05-23,15:24:21,10277,10277,10277,2
2019-05-23,15:24:21,10277,10277,10277,2
2019-05-23,15:24:22,10277,10277,10277,2
2019-05-23,15:24:23,10277,10277,10277,2
2019-05-23,15:24:25,10277,10277,10277,2
2019-05-23,15:24:26,10277,10277,10277,2
2019-05-23,15:24:29,10277,10277,10277,2
2019-05-23,15:24:30,10277,10277,10277,4
