2020-01-09,15:00:00,11970,11970,11970,84
2020-01-09,15:00:00,11970,11970,11970,12
2020-01-09,15:00:00,11969,11969,11969,2
2020-01-09,15:00:00,11971,11971,11971,2
2020-01-09,15:00:00,11971,11971,11971,2
2020-01-09,15:00:00,11971,11971,11971,2
2020-01-09,15:00:00,11971,11971,11971,2
2020-01-09,15:00:00,11971,11971,11971,2
2020-01-09,15:00:00,11971,11971,11971,2
2020-01-09,15:00:00,11969,11969,11969,4
2020-01-09,15:00:00,11969,11969,11969,2
2020-01-09,15:00:00,11969,11969,11969,2
2020-01-09,15:00:00,11969,11969,11969,2
2020-01-09,15:00:00,11971,11971,11971,4
2020-01-09,15:00:00,11971,11971,11971,4
2020-01-09,15:00:01,11970,11970,11970,2
2020-01-09,15:00:01,11970,11970,11970,2
2020-01-09,15:00:01,11970,11970,11970,2
2020-01-09,15:00:01,11970,11970,11970,2
2020-01-09,15:00:03,11970,11970,11970,2
2020-01-09,15:00:03,11970,11970,11970,2
2020-01-09,15:00:04,11970,11970,11970,2
2020-01-09,15:00:11,11970,11970,11970,2
2020-01-09,15:00:11,11970,11970,11970,2
2020-01-09,15:00:11,11970,11970,11970,2
2020-01-09,15:00:11,11970,11970,11970,2
2020-01-09,15:00:11,11970,11970,11970,2
2020-01-09,15:00:12,11971,11971,11971,12
2020-01-09,15:00:12,11970,11970,11970,4
2020-01-09,15:00:12,11970,11970,11970,6
2020-01-09,15:00:13,11970,11970,11970,4
2020-01-09,15:00:13,11970,11970,11970,4
2020-01-09,15:00:13,11970,11970,11970,2
2020-01-09,15:00:13,11970,11970,11970,2
2020-01-09,15:00:13,11970,11970,11970,2
2020-01-09,15:00:13,11970,11970,11970,4
2020-01-09,15:00:13,11970,11970,11970,10
2020-01-09,15:00:13,11970,11970,11970,4
2020-01-09,15:00:14,11970,11970,11970,2
2020-01-09,15:00:14,11970,11970,11970,4
2020-01-09,15:00:15,11969,11969,11969,2
2020-01-09,15:00:15,11970,11970,11970,4
2020-01-09,15:00:15,11970,11970,11970,10
2020-01-09,15:00:19,11970,11970,11970,2
2020-01-09,15:00:20,11970,11970,11970,2
2020-01-09,15:00:20,11970,11970,11970,2
2020-01-09,15:00:21,11970,11970,11970,2
2020-01-09,15:00:23,11969,11969,11969,2
2020-01-09,15:00:23,11969,11969,11969,2
2020-01-09,15:00:23,11969,11969,11969,2
2020-01-09,15:00:23,11969,11969,11969,2
2020-01-09,15:00:23,11969,11969,11969,4
2020-01-09,15:00:23,11969,11969,11969,4
2020-01-09,15:00:23,11969,11969,11969,2
2020-01-09,15:00:23,11969,11969,11969,2
2020-01-09,15:00:23,11969,11969,11969,2
2020-01-09,15:00:23,11969,11969,11969,2
2020-01-09,15:00:23,11969,11969,11969,2
2020-01-09,15:00:23,11969,11969,11969,2
2020-01-09,15:00:25,11969,11969,11969,2
2020-01-09,15:00:25,11969,11969,11969,2
2020-01-09,15:00:29,11969,11969,11969,4
2020-01-09,15:00:29,11970,11970,11970,6
2020-01-09,15:00:31,11970,11970,11970,2
2020-01-09,15:00:34,11970,11970,11970,2
2020-01-09,15:00:39,11969,11969,11969,4
2020-01-09,15:00:39,11969,11969,11969,4
2020-01-09,15:00:39,11969,11969,11969,2
2020-01-09,15:00:43,11969,11969,11969,2
2020-01-09,15:00:45,11970,11970,11970,10
2020-01-09,15:00:46,11969,11969,11969,6
2020-01-09,15:00:46,11969,11969,11969,4
2020-01-09,15:00:52,11970,11970,11970,2
2020-01-09,15:00:58,11970,11970,11970,2
2020-01-09,15:00:58,11970,11970,11970,2
2020-01-09,15:01:00,11969,11969,11969,2
2020-01-09,15:01:00,11969,11969,11969,2
2020-01-09,15:01:00,11969,11969,11969,2
2020-01-09,15:01:02,11970,11970,11970,20
2020-01-09,15:01:02,11970,11970,11970,4
2020-01-09,15:01:05,11969,11969,11969,2
2020-01-09,15:01:19,11969,11969,11969,2
2020-01-09,15:01:19,11969,11969,11969,2
2020-01-09,15:01:25,11969,11969,11969,2
2020-01-09,15:01:25,11969,11969,11969,4
2020-01-09,15:01:29,11969,11969,11969,2
2020-01-09,15:01:31,11970,11970,11970,2
2020-01-09,15:01:44,11970,11970,11970,2
2020-01-09,15:01:44,11970,11970,11970,6
2020-01-09,15:01:46,11971,11971,11971,18
2020-01-09,15:01:47,11971,11971,11971,4
2020-01-09,15:01:48,11971,11971,11971,4
2020-01-09,15:01:48,11971,11971,11971,4
2020-01-09,15:01:51,11972,11972,11972,2
2020-01-09,15:01:53,11971,11971,11971,4
2020-01-09,15:01:58,11971,11971,11971,4
2020-01-09,15:01:58,11971,11971,11971,2
2020-01-09,15:01:59,11971,11971,11971,2
2020-01-09,15:02:00,11971,11971,11971,2
2020-01-09,15:02:00,11972,11972,11972,2
2020-01-09,15:02:02,11971,11971,11971,2
2020-01-09,15:02:06,11971,11971,11971,4
2020-01-09,15:02:07,11971,11971,11971,2
2020-01-09,15:02:07,11971,11971,11971,2
2020-01-09,15:02:09,11971,11971,11971,6
2020-01-09,15:02:10,11971,11971,11971,2
2020-01-09,15:02:11,11972,11972,11972,2
2020-01-09,15:02:14,11971,11971,11971,2
2020-01-09,15:02:17,11971,11971,11971,2
2020-01-09,15:02:17,11971,11971,11971,2
2020-01-09,15:02:17,11972,11972,11972,2
2020-01-09,15:02:25,11971,11971,11971,2
2020-01-09,15:02:25,11972,11972,11972,2
2020-01-09,15:02:25,11972,11972,11972,4
2020-01-09,15:02:26,11972,11972,11972,2
2020-01-09,15:02:29,11972,11972,11972,4
2020-01-09,15:02:30,11972,11972,11972,4
2020-01-09,15:02:32,11972,11972,11972,2
2020-01-09,15:02:37,11972,11972,11972,4
2020-01-09,15:02:38,11971,11971,11971,2
2020-01-09,15:02:50,11970,11970,11970,2
2020-01-09,15:02:50,11970,11970,11970,2
2020-01-09,15:02:50,11971,11971,11971,2
2020-01-09,15:02:57,11971,11971,11971,2
2020-01-09,15:03:01,11971,11971,11971,2
2020-01-09,15:03:02,11972,11972,11972,20
2020-01-09,15:03:02,11972,11972,11972,16
2020-01-09,15:03:06,11972,11972,11972,20
2020-01-09,15:03:12,11972,11972,11972,4
2020-01-09,15:03:13,11973,11973,11973,2
2020-01-09,15:03:13,11972,11972,11972,2
2020-01-09,15:03:16,11973,11973,11973,4
2020-01-09,15:03:17,11973,11973,11973,4
2020-01-09,15:03:23,11973,11973,11973,8
2020-01-09,15:03:30,11972,11972,11972,2
2020-01-09,15:03:30,11972,11972,11972,2
2020-01-09,15:03:30,11972,11972,11972,2
2020-01-09,15:03:30,11972,11972,11972,2
2020-01-09,15:03:30,11972,11972,11972,2
2020-01-09,15:03:36,11972,11972,11972,4
2020-01-09,15:03:37,11972,11972,11972,2
2020-01-09,15:03:47,11972,11972,11972,2
2020-01-09,15:03:50,11973,11973,11973,2
2020-01-09,15:03:50,11973,11973,11973,20
2020-01-09,15:03:50,11973,11973,11973,2
2020-01-09,15:03:50,11973,11973,11973,28
2020-01-09,15:03:50,11974,11974,11974,12
2020-01-09,15:03:50,11973,11973,11973,4
2020-01-09,15:03:51,11973,11973,11973,2
2020-01-09,15:03:51,11973,11973,11973,2
2020-01-09,15:03:51,11973,11973,11973,8
2020-01-09,15:03:51,11973,11973,11973,2
2020-01-09,15:03:51,11973,11973,11973,2
2020-01-09,15:03:52,11973,11973,11973,2
2020-01-09,15:03:54,11973,11973,11973,2
2020-01-09,15:03:55,11973,11973,11973,20
2020-01-09,15:03:55,11973,11973,11973,2
2020-01-09,15:03:57,11973,11973,11973,2
2020-01-09,15:03:57,11973,11973,11973,2
2020-01-09,15:03:58,11974,11974,11974,2
2020-01-09,15:04:01,11974,11974,11974,12
2020-01-09,15:04:01,11974,11974,11974,8
2020-01-09,15:04:01,11974,11974,11974,8
2020-01-09,15:04:01,11974,11974,11974,2
2020-01-09,15:04:05,11975,11975,11975,4
2020-01-09,15:04:07,11974,11974,11974,2
2020-01-09,15:04:08,11975,11975,11975,2
2020-01-09,15:04:10,11975,11975,11975,2
2020-01-09,15:04:10,11975,11975,11975,2
2020-01-09,15:04:11,11975,11975,11975,8
2020-01-09,15:04:11,11975,11975,11975,18
2020-01-09,15:04:11,11975,11975,11975,2
2020-01-09,15:04:12,11976,11976,11976,2
2020-01-09,15:04:12,11975,11975,11975,2
2020-01-09,15:04:13,11976,11976,11976,4
2020-01-09,15:04:15,11975,11975,11975,2
2020-01-09,15:04:15,11976,11976,11976,2
2020-01-09,15:04:16,11976,11976,11976,32
2020-01-09,15:04:17,11977,11977,11977,40
2020-01-09,15:04:17,11978,11978,11978,2
2020-01-09,15:04:17,11978,11978,11978,6
2020-01-09,15:04:17,11978,11978,11978,2
2020-01-09,15:04:17,11978,11978,11978,2
2020-01-09,15:04:18,11978,11978,11978,2
2020-01-09,15:04:18,11978,11978,11978,10
2020-01-09,15:04:18,11978,11978,11978,4
2020-01-09,15:04:19,11979,11979,11979,2
2020-01-09,15:04:21,11978,11978,11978,6
2020-01-09,15:04:21,11979,11979,11979,2
2020-01-09,15:04:22,11978,11978,11978,2
2020-01-09,15:04:22,11978,11978,11978,2
2020-01-09,15:04:24,11979,11979,11979,8
2020-01-09,15:04:24,11979,11979,11979,4
2020-01-09,15:04:25,11979,11979,11979,2
2020-01-09,15:04:25,11979,11979,11979,2
2020-01-09,15:04:25,11979,11979,11979,2
2020-01-09,15:04:25,11979,11979,11979,2
2020-01-09,15:04:27,11978,11978,11978,2
2020-01-09,15:04:28,11978,11978,11978,2
2020-01-09,15:04:28,11979,11979,11979,2
2020-01-09,15:04:29,11978,11978,11978,2
2020-01-09,15:04:29,11978,11978,11978,2
2020-01-09,15:04:31,11979,11979,11979,16
2020-01-09,15:04:31,11979,11979,11979,4
2020-01-09,15:04:32,11979,11979,11979,12
2020-01-09,15:04:33,11979,11979,11979,18
2020-01-09,15:04:35,11978,11978,11978,2
2020-01-09,15:04:37,11978,11978,11978,2
2020-01-09,15:04:37,11979,11979,11979,2
2020-01-09,15:04:37,11979,11979,11979,4
2020-01-09,15:04:40,11978,11978,11978,2
2020-01-09,15:04:41,11979,11979,11979,2
2020-01-09,15:04:43,11979,11979,11979,2
2020-01-09,15:04:43,11979,11979,11979,2
2020-01-09,15:04:44,11979,11979,11979,2
2020-01-09,15:04:44,11979,11979,11979,2
2020-01-09,15:04:45,11979,11979,11979,2
2020-01-09,15:04:46,11979,11979,11979,2
2020-01-09,15:04:48,11979,11979,11979,20
2020-01-09,15:04:50,11979,11979,11979,2
2020-01-09,15:04:52,11979,11979,11979,10
2020-01-09,15:04:52,11980,11980,11980,2
2020-01-09,15:04:52,11980,11980,11980,20
2020-01-09,15:04:53,11980,11980,11980,2
2020-01-09,15:04:53,11980,11980,11980,8
2020-01-09,15:04:53,11980,11980,11980,2
2020-01-09,15:04:53,11980,11980,11980,2
2020-01-09,15:04:53,11980,11980,11980,2
2020-01-09,15:04:53,11980,11980,11980,2
2020-01-09,15:04:53,11980,11980,11980,4
2020-01-09,15:04:53,11980,11980,11980,6
2020-01-09,15:04:53,11980,11980,11980,2
2020-01-09,15:04:54,11980,11980,11980,4
2020-01-09,15:04:54,11980,11980,11980,20
2020-01-09,15:04:55,11979,11979,11979,2
2020-01-09,15:04:55,11979,11979,11979,2
2020-01-09,15:04:55,11979,11979,11979,20
2020-01-09,15:04:55,11979,11979,11979,6
2020-01-09,15:04:55,11979,11979,11979,2
2020-01-09,15:04:55,11979,11979,11979,2
2020-01-09,15:04:55,11979,11979,11979,2
2020-01-09,15:04:55,11979,11979,11979,2
2020-01-09,15:04:55,11979,11979,11979,2
2020-01-09,15:04:55,11979,11979,11979,2
2020-01-09,15:04:55,11978,11978,11978,2
2020-01-09,15:04:55,11980,11980,11980,18
2020-01-09,15:04:55,11979,11979,11979,2
2020-01-09,15:04:57,11979,11979,11979,2
2020-01-09,15:04:59,11979,11979,11979,2
2020-01-09,15:05:00,11979,11979,11979,2
2020-01-09,15:05:00,11979,11979,11979,2
2020-01-09,15:05:02,11979,11979,11979,20
2020-01-09,15:05:02,11979,11979,11979,16
2020-01-09,15:05:02,11980,11980,11980,2
2020-01-09,15:05:03,11980,11980,11980,2
2020-01-09,15:05:03,11980,11980,11980,2
2020-01-09,15:05:03,11980,11980,11980,12
2020-01-09,15:05:04,11979,11979,11979,2
2020-01-09,15:05:06,11979,11979,11979,2
2020-01-09,15:05:06,11979,11979,11979,6
2020-01-09,15:05:06,11979,11979,11979,2
2020-01-09,15:05:12,11979,11979,11979,2
2020-01-09,15:05:14,11979,11979,11979,4
2020-01-09,15:05:16,11979,11979,11979,2
2020-01-09,15:05:18,11980,11980,11980,10
2020-01-09,15:05:18,11979,11979,11979,2
2020-01-09,15:05:18,11980,11980,11980,10
2020-01-09,15:05:19,11980,11980,11980,4
2020-01-09,15:05:20,11980,11980,11980,4
2020-01-09,15:05:21,11981,11981,11981,10
2020-01-09,15:05:21,11981,11981,11981,10
2020-01-09,15:05:22,11981,11981,11981,2
2020-01-09,15:05:22,11980,11980,11980,2
2020-01-09,15:05:22,11980,11980,11980,2
2020-01-09,15:05:22,11980,11980,11980,2
2020-01-09,15:05:23,11980,11980,11980,2
2020-01-09,15:05:23,11981,11981,11981,10
2020-01-09,15:05:25,11981,11981,11981,20
2020-01-09,15:05:26,11981,11981,11981,6
2020-01-09,15:05:27,11982,11982,11982,20
2020-01-09,15:05:27,11982,11982,11982,2
2020-01-09,15:05:28,11981,11981,11981,10
2020-01-09,15:05:28,11982,11982,11982,20
2020-01-09,15:05:28,11981,11981,11981,2
2020-01-09,15:05:28,11981,11981,11981,2
2020-01-09,15:05:28,11982,11982,11982,2
2020-01-09,15:05:29,11982,11982,11982,20
2020-01-09,15:05:29,11982,11982,11982,2
2020-01-09,15:05:30,11981,11981,11981,2
2020-01-09,15:05:31,11982,11982,11982,4
2020-01-09,15:05:33,11982,11982,11982,4
2020-01-09,15:05:33,11983,11983,11983,2
2020-01-09,15:05:33,11983,11983,11983,2
2020-01-09,15:05:33,11983,11983,11983,2
2020-01-09,15:05:33,11983,11983,11983,6
2020-01-09,15:05:33,11983,11983,11983,2
2020-01-09,15:05:33,11983,11983,11983,2
2020-01-09,15:05:33,11983,11983,11983,2
2020-01-09,15:05:33,11983,11983,11983,2
2020-01-09,15:05:33,11983,11983,11983,2
2020-01-09,15:05:33,11983,11983,11983,2
2020-01-09,15:05:33,11983,11983,11983,2
2020-01-09,15:05:34,11983,11983,11983,2
2020-01-09,15:05:35,11983,11983,11983,2
2020-01-09,15:05:36,11983,11983,11983,6
2020-01-09,15:05:36,11984,11984,11984,2
2020-01-09,15:05:36,11984,11984,11984,2
2020-01-09,15:05:36,11984,11984,11984,2
2020-01-09,15:05:37,11983,11983,11983,2
2020-01-09,15:05:38,11983,11983,11983,2
2020-01-09,15:05:39,11983,11983,11983,2
2020-01-09,15:05:40,11983,11983,11983,2
2020-01-09,15:05:41,11983,11983,11983,8
2020-01-09,15:05:41,11983,11983,11983,2
2020-01-09,15:05:42,11983,11983,11983,2
2020-01-09,15:05:43,11983,11983,11983,2
2020-01-09,15:05:43,11983,11983,11983,2
2020-01-09,15:05:46,11983,11983,11983,4
2020-01-09,15:05:46,11983,11983,11983,4
2020-01-09,15:05:46,11983,11983,11983,2
2020-01-09,15:05:46,11983,11983,11983,2
2020-01-09,15:05:46,11983,11983,11983,2
2020-01-09,15:05:46,11983,11983,11983,8
2020-01-09,15:05:46,11983,11983,11983,2
2020-01-09,15:05:47,11983,11983,11983,32
2020-01-09,15:05:47,11983,11983,11983,4
2020-01-09,15:05:48,11983,11983,11983,2
2020-01-09,15:05:48,11983,11983,11983,2
2020-01-09,15:05:52,11983,11983,11983,2
2020-01-09,15:05:54,11983,11983,11983,2
2020-01-09,15:05:55,11982,11982,11982,2
2020-01-09,15:05:56,11983,11983,11983,8
2020-01-09,15:05:57,11982,11982,11982,2
2020-01-09,15:05:59,11982,11982,11982,2
2020-01-09,15:05:59,11983,11983,11983,2
2020-01-09,15:06:02,11983,11983,11983,20
2020-01-09,15:06:02,11983,11983,11983,6
2020-01-09,15:06:04,11983,11983,11983,16
2020-01-09,15:06:05,11983,11983,11983,2
2020-01-09,15:06:05,11983,11983,11983,2
2020-01-09,15:06:06,11983,11983,11983,2
2020-01-09,15:06:06,11982,11982,11982,4
2020-01-09,15:06:07,11983,11983,11983,2
2020-01-09,15:06:08,11983,11983,11983,2
2020-01-09,15:06:09,11983,11983,11983,2
2020-01-09,15:06:10,11983,11983,11983,2
2020-01-09,15:06:11,11983,11983,11983,2
2020-01-09,15:06:11,11983,11983,11983,2
2020-01-09,15:06:11,11983,11983,11983,14
2020-01-09,15:06:11,11983,11983,11983,4
2020-01-09,15:06:12,11983,11983,11983,10
2020-01-09,15:06:12,11984,11984,11984,10
2020-01-09,15:06:12,11983,11983,11983,4
2020-01-09,15:06:12,11983,11983,11983,2
2020-01-09,15:06:12,11982,11982,11982,2
2020-01-09,15:06:13,11983,11983,11983,2
2020-01-09,15:06:14,11982,11982,11982,2
2020-01-09,15:06:14,11983,11983,11983,2
2020-01-09,15:06:16,11983,11983,11983,2
2020-01-09,15:06:18,11983,11983,11983,2
2020-01-09,15:06:19,11983,11983,11983,2
2020-01-09,15:06:19,11982,11982,11982,2
2020-01-09,15:06:21,11982,11982,11982,2
2020-01-09,15:06:21,11982,11982,11982,2
2020-01-09,15:06:21,11982,11982,11982,10
2020-01-09,15:06:21,11982,11982,11982,2
2020-01-09,15:06:21,11982,11982,11982,2
2020-01-09,15:06:21,11982,11982,11982,2
2020-01-09,15:06:21,11982,11982,11982,2
2020-01-09,15:06:21,11982,11982,11982,2
2020-01-09,15:06:21,11982,11982,11982,2
2020-01-09,15:06:21,11982,11982,11982,2
2020-01-09,15:06:21,11982,11982,11982,2
2020-01-09,15:06:21,11982,11982,11982,2
2020-01-09,15:06:21,11982,11982,11982,2
2020-01-09,15:06:21,11982,11982,11982,4
2020-01-09,15:06:21,11982,11982,11982,2
2020-01-09,15:06:21,11982,11982,11982,2
2020-01-09,15:06:21,11982,11982,11982,2
2020-01-09,15:06:21,11982,11982,11982,2
2020-01-09,15:06:21,11982,11982,11982,2
2020-01-09,15:06:21,11982,11982,11982,2
2020-01-09,15:06:22,11982,11982,11982,2
2020-01-09,15:06:22,11982,11982,11982,18
2020-01-09,15:06:22,11981,11981,11981,2
2020-01-09,15:06:22,11981,11981,11981,2
2020-01-09,15:06:22,11981,11981,11981,2
2020-01-09,15:06:22,11981,11981,11981,2
2020-01-09,15:06:22,11981,11981,11981,2
2020-01-09,15:06:22,11981,11981,11981,4
2020-01-09,15:06:23,11981,11981,11981,2
2020-01-09,15:06:23,11981,11981,11981,2
2020-01-09,15:06:23,11981,11981,11981,2
2020-01-09,15:06:30,11981,11981,11981,2
2020-01-09,15:06:33,11981,11981,11981,2
2020-01-09,15:06:34,11981,11981,11981,2
2020-01-09,15:06:35,11981,11981,11981,2
2020-01-09,15:06:36,11981,11981,11981,2
2020-01-09,15:06:37,11981,11981,11981,2
2020-01-09,15:06:37,11981,11981,11981,2
2020-01-09,15:06:37,11981,11981,11981,2
2020-01-09,15:06:39,11980,11980,11980,6
2020-01-09,15:06:42,11981,11981,11981,2
2020-01-09,15:06:44,11980,11980,11980,4
2020-01-09,15:06:44,11980,11980,11980,4
2020-01-09,15:06:44,11980,11980,11980,2
2020-01-09,15:06:47,11980,11980,11980,2
2020-01-09,15:06:49,11980,11980,11980,2
2020-01-09,15:06:51,11981,11981,11981,2
2020-01-09,15:06:51,11980,11980,11980,2
2020-01-09,15:06:58,11980,11980,11980,2
2020-01-09,15:06:58,11980,11980,11980,2
2020-01-09,15:06:58,11980,11980,11980,2
2020-01-09,15:06:58,11980,11980,11980,2
2020-01-09,15:06:58,11980,11980,11980,2
2020-01-09,15:06:58,11980,11980,11980,2
2020-01-09,15:06:58,11980,11980,11980,2
2020-01-09,15:07:05,11980,11980,11980,2
2020-01-09,15:07:05,11980,11980,11980,2
2020-01-09,15:07:05,11980,11980,11980,2
2020-01-09,15:07:05,11981,11981,11981,14
2020-01-09,15:07:05,11981,11981,11981,8
2020-01-09,15:07:06,11982,11982,11982,32
2020-01-09,15:07:06,11983,11983,11983,66
2020-01-09,15:07:06,11983,11983,11983,2
2020-01-09,15:07:06,11982,11982,11982,2
2020-01-09,15:07:06,11983,11983,11983,2
2020-01-09,15:07:06,11983,11983,11983,2
2020-01-09,15:07:06,11982,11982,11982,2
2020-01-09,15:07:06,11983,11983,11983,8
2020-01-09,15:07:06,11984,11984,11984,68
2020-01-09,15:07:06,11985,11985,11985,22
2020-01-09,15:07:06,11983,11983,11983,2
2020-01-09,15:07:06,11983,11983,11983,2
2020-01-09,15:07:06,11983,11983,11983,2
2020-01-09,15:07:06,11983,11983,11983,2
2020-01-09,15:07:06,11984,11984,11984,2
2020-01-09,15:07:06,11984,11984,11984,2
2020-01-09,15:07:06,11984,11984,11984,2
2020-01-09,15:07:06,11984,11984,11984,2
2020-01-09,15:07:06,11984,11984,11984,4
2020-01-09,15:07:06,11984,11984,11984,6
2020-01-09,15:07:07,11985,11985,11985,2
2020-01-09,15:07:07,11984,11984,11984,2
2020-01-09,15:07:11,11984,11984,11984,4
2020-01-09,15:07:11,11984,11984,11984,2
2020-01-09,15:07:12,11984,11984,11984,2
2020-01-09,15:07:15,11985,11985,11985,4
2020-01-09,15:07:17,11984,11984,11984,2
2020-01-09,15:07:19,11985,11985,11985,2
2020-01-09,15:07:20,11984,11984,11984,2
2020-01-09,15:07:20,11985,11985,11985,2
2020-01-09,15:07:21,11984,11984,11984,2
2020-01-09,15:07:21,11984,11984,11984,2
2020-01-09,15:07:22,11984,11984,11984,4
2020-01-09,15:07:22,11984,11984,11984,2
2020-01-09,15:07:29,11983,11983,11983,2
2020-01-09,15:07:29,11983,11983,11983,2
2020-01-09,15:07:29,11983,11983,11983,2
2020-01-09,15:07:29,11984,11984,11984,12
2020-01-09,15:07:31,11983,11983,11983,2
2020-01-09,15:07:33,11983,11983,11983,2
2020-01-09,15:07:33,11983,11983,11983,2
2020-01-09,15:07:37,11984,11984,11984,14
2020-01-09,15:07:37,11984,11984,11984,4
2020-01-09,15:07:37,11984,11984,11984,2
2020-01-09,15:07:40,11984,11984,11984,2
2020-01-09,15:07:44,11985,11985,11985,2
2020-01-09,15:07:47,11984,11984,11984,2
2020-01-09,15:07:48,11985,11985,11985,4
2020-01-09,15:07:50,11985,11985,11985,2
2020-01-09,15:07:50,11984,11984,11984,2
2020-01-09,15:07:53,11984,11984,11984,4
2020-01-09,15:07:54,11985,11985,11985,6
2020-01-09,15:07:56,11985,11985,11985,4
2020-01-09,15:07:57,11985,11985,11985,2
2020-01-09,15:08:00,11985,11985,11985,2
2020-01-09,15:08:02,11985,11985,11985,2
2020-01-09,15:08:02,11985,11985,11985,2
2020-01-09,15:08:03,11985,11985,11985,2
2020-01-09,15:08:03,11985,11985,11985,2
2020-01-09,15:08:07,11985,11985,11985,2
2020-01-09,15:08:08,11984,11984,11984,2
2020-01-09,15:08:11,11985,11985,11985,2
2020-01-09,15:08:12,11985,11985,11985,4
2020-01-09,15:08:15,11985,11985,11985,4
2020-01-09,15:08:15,11985,11985,11985,8
2020-01-09,15:08:16,11985,11985,11985,2
2020-01-09,15:08:16,11985,11985,11985,2
2020-01-09,15:08:18,11985,11985,11985,2
2020-01-09,15:08:19,11985,11985,11985,2
2020-01-09,15:08:19,11985,11985,11985,6
2020-01-09,15:08:22,11985,11985,11985,2
2020-01-09,15:08:23,11985,11985,11985,2
2020-01-09,15:08:23,11984,11984,11984,2
2020-01-09,15:08:25,11985,11985,11985,4
2020-01-09,15:08:26,11984,11984,11984,2
2020-01-09,15:08:26,11985,11985,11985,2
2020-01-09,15:08:27,11985,11985,11985,2
2020-01-09,15:08:27,11985,11985,11985,2
2020-01-09,15:08:28,11984,11984,11984,2
2020-01-09,15:08:29,11985,11985,11985,8
2020-01-09,15:08:29,11985,11985,11985,6
2020-01-09,15:08:31,11984,11984,11984,4
2020-01-09,15:08:34,11984,11984,11984,2
2020-01-09,15:08:36,11985,11985,11985,2
2020-01-09,15:08:39,11985,11985,11985,2
2020-01-09,15:08:41,11984,11984,11984,4
2020-01-09,15:08:41,11984,11984,11984,2
2020-01-09,15:08:41,11984,11984,11984,10
2020-01-09,15:08:41,11984,11984,11984,4
2020-01-09,15:08:45,11984,11984,11984,2
2020-01-09,15:08:46,11985,11985,11985,54
2020-01-09,15:08:46,11986,11986,11986,2
2020-01-09,15:08:53,11986,11986,11986,2
2020-01-09,15:08:59,11985,11985,11985,2
2020-01-09,15:08:59,11986,11986,11986,4
2020-01-09,15:09:00,11986,11986,11986,2
2020-01-09,15:09:01,11985,11985,11985,2
2020-01-09,15:09:03,11986,11986,11986,4
2020-01-09,15:09:03,11986,11986,11986,2
2020-01-09,15:09:05,11986,11986,11986,28
2020-01-09,15:09:06,11986,11986,11986,4
2020-01-09,15:09:07,11986,11986,11986,2
2020-01-09,15:09:07,11986,11986,11986,2
2020-01-09,15:09:08,11986,11986,11986,4
2020-01-09,15:09:11,11986,11986,11986,2
2020-01-09,15:09:13,11986,11986,11986,2
2020-01-09,15:09:15,11986,11986,11986,2
2020-01-09,15:09:16,11986,11986,11986,4
2020-01-09,15:09:16,11986,11986,11986,2
2020-01-09,15:09:16,11986,11986,11986,2
2020-01-09,15:09:16,11987,11987,11987,4
2020-01-09,15:09:16,11986,11986,11986,2
2020-01-09,15:09:16,11986,11986,11986,2
2020-01-09,15:09:18,11985,11985,11985,2
2020-01-09,15:09:19,11985,11985,11985,2
2020-01-09,15:09:24,11985,11985,11985,2
2020-01-09,15:09:26,11985,11985,11985,2
2020-01-09,15:09:28,11985,11985,11985,6
2020-01-09,15:09:30,11985,11985,11985,2
2020-01-09,15:09:35,11986,11986,11986,2
2020-01-09,15:09:37,11986,11986,11986,2
2020-01-09,15:09:40,11985,11985,11985,2
2020-01-09,15:09:41,11986,11986,11986,2
2020-01-09,15:09:44,11986,11986,11986,2
2020-01-09,15:09:45,11986,11986,11986,2
2020-01-09,15:09:47,11985,11985,11985,4
2020-01-09,15:09:47,11985,11985,11985,2
2020-01-09,15:09:50,11986,11986,11986,2
2020-01-09,15:09:52,11986,11986,11986,2
2020-01-09,15:09:53,11986,11986,11986,4
2020-01-09,15:09:57,11986,11986,11986,4
2020-01-09,15:09:59,11986,11986,11986,2
2020-01-09,15:10:02,11985,11985,11985,8
2020-01-09,15:10:06,11985,11985,11985,2
2020-01-09,15:10:06,11985,11985,11985,2
2020-01-09,15:10:06,11985,11985,11985,2
2020-01-09,15:10:06,11986,11986,11986,2
2020-01-09,15:10:06,11986,11986,11986,2
2020-01-09,15:10:09,11986,11986,11986,2
2020-01-09,15:10:09,11985,11985,11985,2
2020-01-09,15:10:12,11986,11986,11986,32
2020-01-09,15:10:12,11987,11987,11987,8
2020-01-09,15:10:13,11985,11985,11985,2
2020-01-09,15:10:14,11986,11986,11986,2
2020-01-09,15:10:16,11986,11986,11986,2
2020-01-09,15:10:16,11986,11986,11986,2
2020-01-09,15:10:16,11987,11987,11987,2
2020-01-09,15:10:21,11987,11987,11987,2
2020-01-09,15:10:25,11986,11986,11986,8
2020-01-09,15:10:26,11987,11987,11987,8
2020-01-09,15:10:27,11986,11986,11986,2
2020-01-09,15:10:27,11986,11986,11986,6
2020-01-09,15:10:32,11986,11986,11986,2
2020-01-09,15:10:34,11986,11986,11986,2
2020-01-09,15:10:34,11987,11987,11987,2
2020-01-09,15:10:35,11987,11987,11987,2
2020-01-09,15:10:38,11986,11986,11986,2
2020-01-09,15:10:39,11985,11985,11985,2
2020-01-09,15:10:40,11986,11986,11986,8
2020-01-09,15:10:40,11986,11986,11986,2
2020-01-09,15:10:40,11986,11986,11986,2
2020-01-09,15:10:44,11986,11986,11986,2
2020-01-09,15:10:46,11986,11986,11986,2
2020-01-09,15:10:49,11985,11985,11985,2
2020-01-09,15:10:51,11986,11986,11986,2
2020-01-09,15:10:51,11985,11985,11985,2
2020-01-09,15:10:51,11986,11986,11986,2
2020-01-09,15:11:02,11986,11986,11986,2
2020-01-09,15:11:03,11985,11985,11985,4
2020-01-09,15:11:03,11985,11985,11985,2
2020-01-09,15:11:04,11985,11985,11985,2
2020-01-09,15:11:05,11985,11985,11985,2
2020-01-09,15:11:05,11985,11985,11985,2
2020-01-09,15:11:05,11985,11985,11985,4
2020-01-09,15:11:05,11985,11985,11985,4
2020-01-09,15:11:05,11985,11985,11985,2
2020-01-09,15:11:05,11985,11985,11985,10
2020-01-09,15:11:05,11985,11985,11985,8
2020-01-09,15:11:05,11985,11985,11985,4
2020-01-09,15:11:05,11985,11985,11985,2
2020-01-09,15:11:05,11985,11985,11985,2
2020-01-09,15:11:05,11985,11985,11985,2
2020-01-09,15:11:05,11985,11985,11985,2
2020-01-09,15:11:05,11985,11985,11985,2
2020-01-09,15:11:05,11985,11985,11985,2
2020-01-09,15:11:05,11985,11985,11985,8
2020-01-09,15:11:05,11985,11985,11985,4
2020-01-09,15:11:05,11985,11985,11985,2
2020-01-09,15:11:05,11985,11985,11985,2
2020-01-09,15:11:05,11985,11985,11985,4
2020-01-09,15:11:05,11985,11985,11985,2
2020-01-09,15:11:05,11985,11985,11985,2
2020-01-09,15:11:05,11985,11985,11985,10
2020-01-09,15:11:05,11985,11985,11985,2
2020-01-09,15:11:05,11985,11985,11985,4
2020-01-09,15:11:05,11985,11985,11985,2
2020-01-09,15:11:05,11985,11985,11985,2
2020-01-09,15:11:05,11985,11985,11985,2
2020-01-09,15:11:05,11985,11985,11985,2
2020-01-09,15:11:05,11985,11985,11985,2
2020-01-09,15:11:05,11985,11985,11985,2
2020-01-09,15:11:05,11985,11985,11985,2
2020-01-09,15:11:05,11985,11985,11985,2
2020-01-09,15:11:05,11985,11985,11985,2
2020-01-09,15:11:05,11985,11985,11985,2
2020-01-09,15:11:05,11985,11985,11985,4
2020-01-09,15:11:05,11984,11984,11984,4
2020-01-09,15:11:05,11984,11984,11984,10
2020-01-09,15:11:05,11984,11984,11984,4
2020-01-09,15:11:05,11984,11984,11984,2
2020-01-09,15:11:06,11984,11984,11984,2
2020-01-09,15:11:06,11984,11984,11984,2
2020-01-09,15:11:06,11984,11984,11984,2
2020-01-09,15:11:06,11984,11984,11984,2
2020-01-09,15:11:06,11984,11984,11984,2
2020-01-09,15:11:06,11984,11984,11984,2
2020-01-09,15:11:06,11984,11984,11984,2
2020-01-09,15:11:06,11984,11984,11984,2
2020-01-09,15:11:06,11984,11984,11984,2
2020-01-09,15:11:07,11984,11984,11984,6
2020-01-09,15:11:08,11984,11984,11984,2
2020-01-09,15:11:10,11984,11984,11984,6
2020-01-09,15:11:10,11985,11985,11985,10
2020-01-09,15:11:10,11984,11984,11984,2
2020-01-09,15:11:12,11985,11985,11985,2
2020-01-09,15:11:14,11984,11984,11984,2
2020-01-09,15:11:20,11984,11984,11984,2
2020-01-09,15:11:20,11984,11984,11984,4
2020-01-09,15:11:20,11984,11984,11984,2
2020-01-09,15:11:24,11984,11984,11984,6
2020-01-09,15:11:24,11984,11984,11984,4
2020-01-09,15:11:24,11984,11984,11984,2
2020-01-09,15:11:44,11984,11984,11984,20
2020-01-09,15:11:45,11983,11983,11983,2
2020-01-09,15:11:45,11983,11983,11983,2
2020-01-09,15:11:45,11983,11983,11983,2
2020-01-09,15:11:45,11983,11983,11983,2
2020-01-09,15:11:45,11983,11983,11983,2
2020-01-09,15:11:45,11984,11984,11984,2
2020-01-09,15:11:45,11983,11983,11983,2
2020-01-09,15:11:48,11984,11984,11984,4
2020-01-09,15:11:48,11984,11984,11984,8
2020-01-09,15:11:48,11984,11984,11984,2
2020-01-09,15:11:48,11984,11984,11984,2
2020-01-09,15:11:49,11984,11984,11984,2
2020-01-09,15:11:50,11984,11984,11984,2
2020-01-09,15:11:57,11984,11984,11984,6
2020-01-09,15:11:57,11984,11984,11984,2
2020-01-09,15:12:00,11984,11984,11984,2
2020-01-09,15:12:00,11985,11985,11985,2
2020-01-09,15:12:00,11985,11985,11985,2
2020-01-09,15:12:00,11985,11985,11985,4
2020-01-09,15:12:03,11985,11985,11985,24
2020-01-09,15:12:03,11985,11985,11985,4
2020-01-09,15:12:03,11985,11985,11985,8
2020-01-09,15:12:03,11985,11985,11985,2
2020-01-09,15:12:03,11985,11985,11985,2
2020-01-09,15:12:03,11985,11985,11985,8
2020-01-09,15:12:03,11985,11985,11985,2
2020-01-09,15:12:03,11985,11985,11985,6
2020-01-09,15:12:03,11985,11985,11985,2
2020-01-09,15:12:03,11985,11985,11985,2
2020-01-09,15:12:03,11985,11985,11985,2
2020-01-09,15:12:03,11985,11985,11985,8
2020-01-09,15:12:03,11985,11985,11985,2
2020-01-09,15:12:03,11985,11985,11985,4
2020-01-09,15:12:03,11985,11985,11985,4
2020-01-09,15:12:03,11985,11985,11985,4
2020-01-09,15:12:03,11985,11985,11985,2
2020-01-09,15:12:03,11985,11985,11985,4
2020-01-09,15:12:03,11985,11985,11985,4
2020-01-09,15:12:03,11985,11985,11985,8
2020-01-09,15:12:07,11985,11985,11985,2
2020-01-09,15:12:07,11986,11986,11986,4
2020-01-09,15:12:12,11985,11985,11985,2
2020-01-09,15:12:12,11985,11985,11985,2
2020-01-09,15:12:20,11986,11986,11986,10
2020-01-09,15:12:21,11985,11985,11985,2
2020-01-09,15:12:30,11985,11985,11985,6
2020-01-09,15:12:37,11986,11986,11986,10
2020-01-09,15:12:38,11985,11985,11985,2
2020-01-09,15:12:45,11984,11984,11984,2
2020-01-09,15:12:47,11985,11985,11985,44
2020-01-09,15:12:47,11986,11986,11986,56
2020-01-09,15:12:53,11985,11985,11985,2
2020-01-09,15:13:03,11985,11985,11985,2
2020-01-09,15:13:05,11985,11985,11985,4
2020-01-09,15:13:06,11985,11985,11985,2
2020-01-09,15:13:11,11986,11986,11986,2
2020-01-09,15:13:11,11986,11986,11986,16
2020-01-09,15:13:13,11987,11987,11987,54
2020-01-09,15:13:13,11988,11988,11988,14
2020-01-09,15:13:13,11988,11988,11988,4
2020-01-09,15:13:13,11988,11988,11988,18
2020-01-09,15:13:13,11988,11988,11988,8
2020-01-09,15:13:13,11988,11988,11988,4
2020-01-09,15:13:13,11988,11988,11988,6
2020-01-09,15:13:13,11988,11988,11988,2
2020-01-09,15:13:13,11989,11989,11989,2
2020-01-09,15:13:14,11988,11988,11988,2
2020-01-09,15:13:19,11988,11988,11988,2
2020-01-09,15:13:20,11988,11988,11988,2
2020-01-09,15:13:21,11987,11987,11987,2
2020-01-09,15:13:21,11987,11987,11987,4
2020-01-09,15:13:27,11987,11987,11987,2
2020-01-09,15:13:27,11986,11986,11986,4
2020-01-09,15:13:28,11986,11986,11986,2
2020-01-09,15:13:29,11987,11987,11987,2
2020-01-09,15:13:29,11987,11987,11987,6
2020-01-09,15:13:30,11986,11986,11986,2
2020-01-09,15:13:30,11986,11986,11986,2
2020-01-09,15:13:31,11987,11987,11987,14
2020-01-09,15:13:32,11986,11986,11986,2
2020-01-09,15:13:32,11986,11986,11986,2
2020-01-09,15:13:35,11987,11987,11987,14
2020-01-09,15:13:37,11988,11988,11988,2
2020-01-09,15:13:39,11987,11987,11987,2
2020-01-09,15:13:39,11988,11988,11988,74
2020-01-09,15:13:40,11988,11988,11988,2
2020-01-09,15:13:42,11987,11987,11987,4
2020-01-09,15:13:42,11987,11987,11987,2
2020-01-09,15:13:43,11987,11987,11987,2
2020-01-09,15:13:43,11987,11987,11987,2
2020-01-09,15:13:43,11988,11988,11988,68
2020-01-09,15:13:47,11988,11988,11988,2
2020-01-09,15:13:47,11988,11988,11988,8
2020-01-09,15:13:47,11989,11989,11989,2
2020-01-09,15:13:48,11987,11987,11987,2
2020-01-09,15:13:48,11987,11987,11987,2
2020-01-09,15:13:49,11987,11987,11987,2
2020-01-09,15:13:54,11987,11987,11987,2
2020-01-09,15:13:54,11987,11987,11987,2
2020-01-09,15:13:54,11988,11988,11988,2
2020-01-09,15:13:54,11987,11987,11987,2
2020-01-09,15:13:55,11987,11987,11987,2
2020-01-09,15:13:57,11987,11987,11987,6
2020-01-09,15:13:59,11987,11987,11987,4
2020-01-09,15:14:00,11987,11987,11987,2
2020-01-09,15:14:00,11987,11987,11987,2
2020-01-09,15:14:01,11987,11987,11987,2
2020-01-09,15:14:02,11987,11987,11987,8
2020-01-09,15:14:02,11988,11988,11988,2
2020-01-09,15:14:02,11987,11987,11987,2
2020-01-09,15:14:05,11987,11987,11987,6
2020-01-09,15:14:05,11986,11986,11986,2
2020-01-09,15:14:06,11987,11987,11987,2
2020-01-09,15:14:11,11987,11987,11987,4
2020-01-09,15:14:12,11987,11987,11987,2
2020-01-09,15:14:23,11987,11987,11987,2
2020-01-09,15:14:24,11987,11987,11987,2
2020-01-09,15:14:28,11987,11987,11987,6
2020-01-09,15:14:33,11986,11986,11986,2
2020-01-09,15:14:36,11987,11987,11987,2
2020-01-09,15:14:41,11986,11986,11986,2
2020-01-09,15:14:43,11987,11987,11987,2
2020-01-09,15:14:48,11987,11987,11987,2
2020-01-09,15:14:48,11986,11986,11986,4
2020-01-09,15:14:48,11986,11986,11986,2
2020-01-09,15:14:48,11986,11986,11986,2
2020-01-09,15:14:53,11986,11986,11986,2
2020-01-09,15:15:00,11986,11986,11986,2
2020-01-09,15:15:00,11986,11986,11986,2
2020-01-09,15:15:01,11987,11987,11987,10
2020-01-09,15:15:01,11987,11987,11987,2
2020-01-09,15:15:01,11988,11988,11988,8
2020-01-09,15:15:01,11987,11987,11987,2
2020-01-09,15:15:01,11986,11986,11986,2
2020-01-09,15:15:01,11987,11987,11987,2
2020-01-09,15:15:01,11988,11988,11988,2
2020-01-09,15:15:01,11988,11988,11988,2
2020-01-09,15:15:01,11988,11988,11988,4
2020-01-09,15:15:01,11988,11988,11988,4
2020-01-09,15:15:01,11988,11988,11988,4
2020-01-09,15:15:01,11988,11988,11988,4
2020-01-09,15:15:01,11988,11988,11988,2
2020-01-09,15:15:01,11988,11988,11988,4
2020-01-09,15:15:01,11988,11988,11988,8
2020-01-09,15:15:01,11988,11988,11988,4
2020-01-09,15:15:01,11988,11988,11988,2
2020-01-09,15:15:01,11988,11988,11988,2
2020-01-09,15:15:01,11988,11988,11988,4
2020-01-09,15:15:01,11988,11988,11988,4
2020-01-09,15:15:01,11988,11988,11988,14
2020-01-09,15:15:01,11988,11988,11988,4
2020-01-09,15:15:02,11987,11987,11987,4
2020-01-09,15:15:02,11986,11986,11986,2
2020-01-09,15:15:02,11986,11986,11986,2
2020-01-09,15:15:02,11987,11987,11987,2
2020-01-09,15:15:02,11987,11987,11987,2
2020-01-09,15:15:02,11987,11987,11987,6
2020-01-09,15:15:06,11987,11987,11987,2
2020-01-09,15:15:06,11987,11987,11987,2
2020-01-09,15:15:11,11988,11988,11988,6
2020-01-09,15:15:13,11987,11987,11987,2
2020-01-09,15:15:13,11987,11987,11987,2
2020-01-09,15:15:15,11986,11986,11986,2
2020-01-09,15:15:22,11988,11988,11988,2
2020-01-09,15:15:23,11987,11987,11987,2
2020-01-09,15:15:30,11988,11988,11988,6
2020-01-09,15:15:30,11987,11987,11987,2
2020-01-09,15:15:32,11987,11987,11987,4
2020-01-09,15:15:32,11987,11987,11987,2
2020-01-09,15:15:32,11987,11987,11987,2
2020-01-09,15:15:32,11987,11987,11987,2
2020-01-09,15:15:33,11988,11988,11988,6
2020-01-09,15:15:33,11988,11988,11988,2
2020-01-09,15:15:34,11988,11988,11988,2
2020-01-09,15:15:34,11988,11988,11988,2
2020-01-09,15:15:41,11988,11988,11988,4
2020-01-09,15:15:43,11988,11988,11988,4
2020-01-09,15:15:45,11988,11988,11988,4
2020-01-09,15:15:48,11988,11988,11988,2
2020-01-09,15:15:48,11988,11988,11988,12
2020-01-09,15:15:56,11989,11989,11989,2
2020-01-09,15:15:56,11989,11989,11989,8
2020-01-09,15:15:56,11989,11989,11989,20
2020-01-09,15:15:56,11988,11988,11988,2
2020-01-09,15:15:58,11989,11989,11989,84
2020-01-09,15:15:58,11990,11990,11990,2
2020-01-09,15:15:58,11990,11990,11990,2
2020-01-09,15:15:58,11990,11990,11990,4
2020-01-09,15:15:58,11990,11990,11990,4
2020-01-09,15:15:58,11990,11990,11990,4
2020-01-09,15:15:58,11990,11990,11990,4
2020-01-09,15:15:58,11990,11990,11990,4
2020-01-09,15:15:58,11990,11990,11990,4
2020-01-09,15:15:58,11990,11990,11990,6
2020-01-09,15:15:58,11990,11990,11990,4
2020-01-09,15:15:58,11990,11990,11990,4
2020-01-09,15:15:58,11990,11990,11990,4
2020-01-09,15:15:58,11990,11990,11990,2
2020-01-09,15:15:58,11990,11990,11990,2
2020-01-09,15:15:58,11990,11990,11990,4
2020-01-09,15:15:58,11990,11990,11990,12
2020-01-09,15:15:58,11990,11990,11990,8
2020-01-09,15:15:59,11990,11990,11990,2
2020-01-09,15:16:01,11990,11990,11990,2
2020-01-09,15:16:02,11989,11989,11989,2
2020-01-09,15:16:02,11989,11989,11989,2
2020-01-09,15:16:04,11989,11989,11989,2
2020-01-09,15:16:07,11989,11989,11989,2
2020-01-09,15:16:08,11990,11990,11990,6
2020-01-09,15:16:08,11988,11988,11988,2
2020-01-09,15:16:10,11989,11989,11989,2
2020-01-09,15:16:10,11989,11989,11989,2
2020-01-09,15:16:13,11988,11988,11988,2
2020-01-09,15:16:13,11989,11989,11989,2
2020-01-09,15:16:13,11990,11990,11990,8
2020-01-09,15:16:16,11990,11990,11990,2
2020-01-09,15:16:19,11989,11989,11989,2
2020-01-09,15:16:19,11988,11988,11988,2
2020-01-09,15:16:19,11988,11988,11988,2
2020-01-09,15:16:19,11988,11988,11988,2
2020-01-09,15:16:19,11988,11988,11988,2
2020-01-09,15:16:20,11990,11990,11990,2
2020-01-09,15:16:22,11990,11990,11990,4
2020-01-09,15:16:24,11989,11989,11989,2
2020-01-09,15:16:28,11989,11989,11989,2
2020-01-09,15:16:29,11989,11989,11989,2
2020-01-09,15:16:32,11989,11989,11989,2
2020-01-09,15:16:32,11989,11989,11989,2
2020-01-09,15:16:32,11989,11989,11989,2
2020-01-09,15:16:32,11989,11989,11989,2
2020-01-09,15:16:32,11989,11989,11989,2
2020-01-09,15:16:32,11989,11989,11989,2
2020-01-09,15:16:32,11989,11989,11989,2
2020-01-09,15:16:32,11989,11989,11989,2
2020-01-09,15:16:32,11989,11989,11989,2
2020-01-09,15:16:32,11989,11989,11989,6
2020-01-09,15:16:33,11988,11988,11988,2
2020-01-09,15:16:33,11988,11988,11988,4
2020-01-09,15:16:33,11988,11988,11988,2
2020-01-09,15:16:33,11988,11988,11988,2
2020-01-09,15:16:33,11988,11988,11988,6
2020-01-09,15:16:33,11988,11988,11988,2
2020-01-09,15:16:33,11988,11988,11988,6
2020-01-09,15:16:33,11989,11989,11989,2
2020-01-09,15:16:33,11988,11988,11988,10
2020-01-09,15:16:33,11988,11988,11988,4
2020-01-09,15:16:33,11988,11988,11988,2
2020-01-09,15:16:33,11988,11988,11988,2
2020-01-09,15:16:33,11988,11988,11988,2
2020-01-09,15:16:33,11988,11988,11988,8
2020-01-09,15:16:39,11990,11990,11990,2
2020-01-09,15:16:40,11990,11990,11990,2
2020-01-09,15:16:41,11989,11989,11989,2
2020-01-09,15:16:41,11989,11989,11989,2
2020-01-09,15:16:45,11988,11988,11988,2
2020-01-09,15:16:45,11988,11988,11988,2
2020-01-09,15:16:45,11989,11989,11989,2
2020-01-09,15:16:46,11989,11989,11989,2
2020-01-09,15:16:48,11989,11989,11989,2
2020-01-09,15:16:48,11989,11989,11989,2
2020-01-09,15:16:48,11990,11990,11990,4
2020-01-09,15:16:52,11989,11989,11989,2
2020-01-09,15:16:52,11990,11990,11990,10
2020-01-09,15:16:52,11989,11989,11989,2
2020-01-09,15:16:53,11989,11989,11989,2
2020-01-09,15:16:54,11990,11990,11990,4
2020-01-09,15:16:55,11989,11989,11989,2
2020-01-09,15:16:55,11990,11990,11990,4
2020-01-09,15:16:56,11990,11990,11990,10
2020-01-09,15:16:59,11990,11990,11990,10
2020-01-09,15:17:00,11990,11990,11990,2
2020-01-09,15:17:00,11989,11989,11989,2
2020-01-09,15:17:02,11989,11989,11989,2
2020-01-09,15:17:02,11989,11989,11989,2
2020-01-09,15:17:02,11989,11989,11989,2
2020-01-09,15:17:02,11989,11989,11989,2
2020-01-09,15:17:03,11989,11989,11989,2
2020-01-09,15:17:04,11990,11990,11990,2
2020-01-09,15:17:06,11990,11990,11990,6
2020-01-09,15:17:06,11990,11990,11990,74
2020-01-09,15:17:08,11991,11991,11991,2
2020-01-09,15:17:11,11991,11991,11991,2
2020-01-09,15:17:13,11991,11991,11991,2
2020-01-09,15:17:13,11991,11991,11991,2
2020-01-09,15:17:13,11991,11991,11991,2
2020-01-09,15:17:15,11990,11990,11990,4
2020-01-09,15:17:15,11990,11990,11990,2
2020-01-09,15:17:15,11990,11990,11990,2
2020-01-09,15:17:15,11990,11990,11990,4
2020-01-09,15:17:16,11991,11991,11991,2
2020-01-09,15:17:16,11990,11990,11990,2
2020-01-09,15:17:16,11990,11990,11990,2
2020-01-09,15:17:16,11990,11990,11990,2
2020-01-09,15:17:16,11991,11991,11991,4
2020-01-09,15:17:17,11990,11990,11990,2
2020-01-09,15:17:18,11991,11991,11991,4
2020-01-09,15:17:18,11991,11991,11991,6
2020-01-09,15:17:19,11991,11991,11991,2
2020-01-09,15:17:20,11991,11991,11991,2
2020-01-09,15:17:24,11991,11991,11991,2
2020-01-09,15:17:28,11991,11991,11991,2
2020-01-09,15:17:29,11990,11990,11990,2
2020-01-09,15:17:31,11991,11991,11991,10
2020-01-09,15:17:34,11991,11991,11991,2
2020-01-09,15:17:38,11991,11991,11991,4
2020-01-09,15:17:38,11991,11991,11991,2
2020-01-09,15:17:38,11991,11991,11991,6
2020-01-09,15:17:38,11991,11991,11991,2
2020-01-09,15:17:38,11991,11991,11991,6
2020-01-09,15:17:38,11991,11991,11991,6
2020-01-09,15:17:38,11991,11991,11991,2
2020-01-09,15:17:38,11991,11991,11991,10
2020-01-09,15:17:38,11991,11991,11991,2
2020-01-09,15:17:38,11991,11991,11991,6
2020-01-09,15:17:38,11991,11991,11991,22
2020-01-09,15:17:41,11992,11992,11992,2
2020-01-09,15:17:41,11992,11992,11992,2
2020-01-09,15:17:41,11992,11992,11992,2
2020-01-09,15:17:42,11992,11992,11992,2
2020-01-09,15:17:42,11992,11992,11992,2
2020-01-09,15:17:42,11992,11992,11992,2
2020-01-09,15:17:42,11992,11992,11992,2
2020-01-09,15:17:46,11992,11992,11992,2
2020-01-09,15:17:46,11992,11992,11992,2
2020-01-09,15:17:47,11992,11992,11992,2
2020-01-09,15:17:49,11992,11992,11992,2
2020-01-09,15:17:50,11992,11992,11992,4
2020-01-09,15:17:51,11992,11992,11992,4
2020-01-09,15:17:52,11992,11992,11992,2
2020-01-09,15:17:53,11992,11992,11992,6
2020-01-09,15:17:53,11992,11992,11992,2
2020-01-09,15:17:53,11992,11992,11992,2
2020-01-09,15:17:56,11992,11992,11992,20
2020-01-09,15:17:56,11992,11992,11992,4
2020-01-09,15:17:58,11992,11992,11992,2
2020-01-09,15:17:59,11993,11993,11993,2
2020-01-09,15:17:59,11993,11993,11993,2
2020-01-09,15:17:59,11992,11992,11992,2
2020-01-09,15:17:59,11993,11993,11993,2
2020-01-09,15:17:59,11993,11993,11993,2
2020-01-09,15:18:01,11992,11992,11992,2
2020-01-09,15:18:01,11992,11992,11992,2
2020-01-09,15:18:01,11993,11993,11993,2
2020-01-09,15:18:01,11993,11993,11993,2
2020-01-09,15:18:03,11992,11992,11992,2
2020-01-09,15:18:03,11992,11992,11992,2
2020-01-09,15:18:04,11992,11992,11992,2
2020-01-09,15:18:04,11992,11992,11992,2
2020-01-09,15:18:05,11991,11991,11991,6
2020-01-09,15:18:05,11991,11991,11991,2
2020-01-09,15:18:05,11991,11991,11991,4
2020-01-09,15:18:05,11991,11991,11991,2
2020-01-09,15:18:05,11991,11991,11991,2
2020-01-09,15:18:05,11991,11991,11991,2
2020-01-09,15:18:05,11991,11991,11991,6
2020-01-09,15:18:05,11991,11991,11991,2
2020-01-09,15:18:05,11991,11991,11991,2
2020-01-09,15:18:05,11991,11991,11991,2
2020-01-09,15:18:07,11991,11991,11991,2
2020-01-09,15:18:11,11990,11990,11990,2
2020-01-09,15:18:11,11991,11991,11991,2
2020-01-09,15:18:12,11991,11991,11991,6
2020-01-09,15:18:12,11990,11990,11990,2
2020-01-09,15:18:14,11991,11991,11991,2
2020-01-09,15:18:15,11990,11990,11990,2
2020-01-09,15:18:15,11990,11990,11990,2
2020-01-09,15:18:15,11990,11990,11990,10
2020-01-09,15:18:15,11990,11990,11990,2
2020-01-09,15:18:15,11990,11990,11990,2
2020-01-09,15:18:15,11990,11990,11990,2
2020-01-09,15:18:15,11990,11990,11990,10
2020-01-09,15:18:15,11990,11990,11990,2
2020-01-09,15:18:15,11990,11990,11990,2
2020-01-09,15:18:15,11990,11990,11990,8
2020-01-09,15:18:15,11990,11990,11990,2
2020-01-09,15:18:15,11990,11990,11990,2
2020-01-09,15:18:15,11990,11990,11990,2
2020-01-09,15:18:15,11990,11990,11990,2
2020-01-09,15:18:15,11990,11990,11990,2
2020-01-09,15:18:15,11990,11990,11990,2
2020-01-09,15:18:15,11990,11990,11990,2
2020-01-09,15:18:15,11990,11990,11990,4
2020-01-09,15:18:16,11989,11989,11989,2
2020-01-09,15:18:16,11989,11989,11989,2
2020-01-09,15:18:16,11990,11990,11990,2
2020-01-09,15:18:17,11990,11990,11990,2
2020-01-09,15:18:18,11990,11990,11990,2
2020-01-09,15:18:22,11989,11989,11989,2
2020-01-09,15:18:23,11988,11988,11988,2
2020-01-09,15:18:23,11988,11988,11988,2
2020-01-09,15:18:23,11988,11988,11988,2
2020-01-09,15:18:23,11988,11988,11988,2
2020-01-09,15:18:23,11988,11988,11988,2
2020-01-09,15:18:23,11988,11988,11988,2
2020-01-09,15:18:23,11988,11988,11988,2
2020-01-09,15:18:24,11990,11990,11990,6
2020-01-09,15:18:27,11990,11990,11990,2
2020-01-09,15:18:27,11990,11990,11990,2
2020-01-09,15:18:29,11989,11989,11989,2
2020-01-09,15:18:29,11989,11989,11989,2
2020-01-09,15:18:30,11988,11988,11988,2
2020-01-09,15:18:30,11988,11988,11988,2
2020-01-09,15:18:30,11988,11988,11988,4
2020-01-09,15:18:32,11989,11989,11989,2
2020-01-09,15:18:33,11989,11989,11989,6
2020-01-09,15:18:33,11989,11989,11989,2
2020-01-09,15:18:37,11988,11988,11988,2
2020-01-09,15:18:38,11988,11988,11988,2
2020-01-09,15:18:38,11988,11988,11988,2
2020-01-09,15:18:38,11988,11988,11988,2
2020-01-09,15:18:38,11988,11988,11988,2
2020-01-09,15:18:38,11988,11988,11988,2
2020-01-09,15:18:43,11989,11989,11989,4
2020-01-09,15:18:43,11989,11989,11989,2
2020-01-09,15:18:43,11989,11989,11989,4
2020-01-09,15:18:43,11989,11989,11989,6
2020-01-09,15:18:44,11989,11989,11989,2
2020-01-09,15:18:45,11989,11989,11989,2
2020-01-09,15:18:45,11990,11990,11990,2
2020-01-09,15:18:51,11989,11989,11989,6
2020-01-09,15:18:55,11989,11989,11989,6
2020-01-09,15:19:01,11989,11989,11989,4
2020-01-09,15:19:01,11989,11989,11989,2
2020-01-09,15:19:03,11989,11989,11989,2
2020-01-09,15:19:11,11988,11988,11988,4
2020-01-09,15:19:11,11988,11988,11988,4
2020-01-09,15:19:11,11988,11988,11988,2
2020-01-09,15:19:11,11988,11988,11988,2
2020-01-09,15:19:11,11988,11988,11988,2
2020-01-09,15:19:11,11988,11988,11988,2
2020-01-09,15:19:11,11988,11988,11988,2
2020-01-09,15:19:11,11988,11988,11988,2
2020-01-09,15:19:11,11988,11988,11988,2
2020-01-09,15:19:11,11988,11988,11988,2
2020-01-09,15:19:11,11988,11988,11988,2
2020-01-09,15:19:11,11988,11988,11988,2
2020-01-09,15:19:11,11988,11988,11988,2
2020-01-09,15:19:11,11988,11988,11988,2
2020-01-09,15:19:11,11988,11988,11988,2
2020-01-09,15:19:11,11988,11988,11988,4
2020-01-09,15:19:11,11988,11988,11988,10
2020-01-09,15:19:11,11988,11988,11988,6
2020-01-09,15:19:11,11988,11988,11988,2
2020-01-09,15:19:11,11988,11988,11988,2
2020-01-09,15:19:11,11988,11988,11988,2
2020-01-09,15:19:11,11988,11988,11988,2
2020-01-09,15:19:11,11988,11988,11988,2
2020-01-09,15:19:11,11988,11988,11988,2
2020-01-09,15:19:11,11988,11988,11988,2
2020-01-09,15:19:11,11988,11988,11988,2
2020-01-09,15:19:11,11988,11988,11988,2
2020-01-09,15:19:11,11988,11988,11988,2
2020-01-09,15:19:11,11988,11988,11988,2
2020-01-09,15:19:11,11988,11988,11988,2
2020-01-09,15:19:11,11988,11988,11988,2
2020-01-09,15:19:11,11988,11988,11988,2
2020-01-09,15:19:12,11988,11988,11988,2
2020-01-09,15:19:12,11987,11987,11987,2
2020-01-09,15:19:12,11987,11987,11987,2
2020-01-09,15:19:12,11987,11987,11987,2
2020-01-09,15:19:12,11988,11988,11988,2
2020-01-09,15:19:16,11988,11988,11988,2
2020-01-09,15:19:19,11987,11987,11987,2
2020-01-09,15:19:19,11987,11987,11987,2
2020-01-09,15:19:19,11987,11987,11987,2
2020-01-09,15:19:19,11987,11987,11987,2
2020-01-09,15:19:24,11986,11986,11986,2
2020-01-09,15:19:24,11986,11986,11986,2
2020-01-09,15:19:24,11986,11986,11986,4
2020-01-09,15:19:24,11987,11987,11987,2
2020-01-09,15:19:27,11986,11986,11986,2
2020-01-09,15:19:28,11987,11987,11987,4
2020-01-09,15:19:30,11986,11986,11986,2
2020-01-09,15:19:31,11987,11987,11987,4
2020-01-09,15:19:36,11987,11987,11987,2
2020-01-09,15:19:36,11987,11987,11987,8
2020-01-09,15:19:37,11986,11986,11986,2
2020-01-09,15:19:37,11986,11986,11986,4
2020-01-09,15:19:37,11986,11986,11986,2
2020-01-09,15:19:37,11986,11986,11986,2
2020-01-09,15:19:37,11986,11986,11986,2
2020-01-09,15:19:37,11986,11986,11986,2
2020-01-09,15:19:37,11986,11986,11986,2
2020-01-09,15:19:37,11986,11986,11986,2
2020-01-09,15:19:37,11986,11986,11986,2
2020-01-09,15:19:44,11987,11987,11987,50
2020-01-09,15:19:44,11988,11988,11988,14
2020-01-09,15:19:46,11987,11987,11987,2
2020-01-09,15:19:55,11987,11987,11987,6
2020-01-09,15:19:55,11987,11987,11987,2
2020-01-09,15:20:02,11987,11987,11987,2
2020-01-09,15:20:12,11987,11987,11987,2
2020-01-09,15:20:12,11987,11987,11987,4
2020-01-09,15:20:12,11987,11987,11987,2
2020-01-09,15:20:12,11987,11987,11987,12
2020-01-09,15:20:12,11987,11987,11987,2
2020-01-09,15:20:21,11987,11987,11987,2
2020-01-09,15:20:27,11987,11987,11987,2
2020-01-09,15:20:29,11986,11986,11986,2
2020-01-09,15:20:29,11986,11986,11986,2
2020-01-09,15:20:29,11986,11986,11986,6
2020-01-09,15:20:31,11986,11986,11986,2
2020-01-09,15:20:31,11986,11986,11986,2
2020-01-09,15:20:31,11986,11986,11986,2
2020-01-09,15:20:31,11986,11986,11986,2
2020-01-09,15:20:31,11986,11986,11986,2
2020-01-09,15:20:31,11986,11986,11986,2
2020-01-09,15:20:31,11986,11986,11986,2
2020-01-09,15:20:31,11986,11986,11986,2
2020-01-09,15:20:31,11986,11986,11986,2
2020-01-09,15:20:31,11985,11985,11985,2
2020-01-09,15:20:31,11985,11985,11985,2
2020-01-09,15:20:31,11985,11985,11985,2
2020-01-09,15:20:31,11985,11985,11985,2
2020-01-09,15:20:31,11985,11985,11985,2
2020-01-09,15:20:31,11985,11985,11985,2
2020-01-09,15:20:31,11985,11985,11985,2
2020-01-09,15:20:31,11985,11985,11985,2
2020-01-09,15:20:33,11985,11985,11985,2
2020-01-09,15:20:35,11985,11985,11985,2
2020-01-09,15:20:38,11985,11985,11985,6
2020-01-09,15:20:39,11985,11985,11985,4
2020-01-09,15:20:42,11985,11985,11985,2
2020-01-09,15:20:42,11985,11985,11985,2
2020-01-09,15:20:42,11985,11985,11985,4
2020-01-09,15:20:43,11985,11985,11985,4
2020-01-09,15:20:43,11985,11985,11985,4
2020-01-09,15:20:43,11985,11985,11985,2
2020-01-09,15:20:43,11985,11985,11985,2
2020-01-09,15:20:45,11985,11985,11985,2
2020-01-09,15:20:45,11985,11985,11985,2
2020-01-09,15:20:46,11985,11985,11985,2
2020-01-09,15:20:46,11985,11985,11985,2
2020-01-09,15:20:46,11984,11984,11984,4
2020-01-09,15:20:46,11984,11984,11984,2
2020-01-09,15:20:52,11984,11984,11984,2
2020-01-09,15:20:52,11985,11985,11985,6
2020-01-09,15:20:54,11985,11985,11985,2
2020-01-09,15:20:55,11985,11985,11985,2
2020-01-09,15:21:00,11985,11985,11985,2
2020-01-09,15:21:03,11985,11985,11985,10
2020-01-09,15:21:03,11985,11985,11985,2
2020-01-09,15:21:04,11985,11985,11985,2
2020-01-09,15:21:06,11986,11986,11986,2
2020-01-09,15:21:08,11986,11986,11986,2
2020-01-09,15:21:17,11986,11986,11986,4
2020-01-09,15:21:18,11986,11986,11986,14
2020-01-09,15:21:18,11986,11986,11986,10
2020-01-09,15:21:18,11986,11986,11986,2
2020-01-09,15:21:20,11986,11986,11986,2
2020-01-09,15:21:21,11986,11986,11986,2
2020-01-09,15:21:24,11986,11986,11986,2
2020-01-09,15:21:24,11986,11986,11986,4
2020-01-09,15:21:29,11986,11986,11986,2
2020-01-09,15:21:29,11986,11986,11986,2
2020-01-09,15:21:29,11986,11986,11986,4
2020-01-09,15:21:31,11987,11987,11987,2
2020-01-09,15:21:31,11987,11987,11987,8
2020-01-09,15:21:34,11988,11988,11988,2
2020-01-09,15:21:34,11988,11988,11988,2
2020-01-09,15:21:35,11987,11987,11987,2
2020-01-09,15:21:43,11987,11987,11987,2
2020-01-09,15:21:49,11987,11987,11987,8
2020-01-09,15:21:49,11987,11987,11987,22
2020-01-09,15:21:49,11987,11987,11987,2
2020-01-09,15:21:49,11987,11987,11987,8
2020-01-09,15:21:49,11987,11987,11987,2
2020-01-09,15:21:49,11987,11987,11987,4
2020-01-09,15:21:49,11987,11987,11987,2
2020-01-09,15:21:49,11987,11987,11987,4
2020-01-09,15:21:49,11987,11987,11987,2
2020-01-09,15:21:49,11986,11986,11986,4
2020-01-09,15:21:49,11986,11986,11986,10
2020-01-09,15:21:49,11986,11986,11986,4
2020-01-09,15:21:49,11986,11986,11986,2
2020-01-09,15:22:04,11987,11987,11987,12
2020-01-09,15:22:05,11987,11987,11987,2
2020-01-09,15:22:09,11987,11987,11987,4
2020-01-09,15:22:09,11987,11987,11987,10
2020-01-09,15:22:09,11987,11987,11987,2
2020-01-09,15:22:09,11987,11987,11987,2
2020-01-09,15:22:09,11987,11987,11987,2
2020-01-09,15:22:09,11986,11986,11986,4
2020-01-09,15:22:09,11986,11986,11986,4
2020-01-09,15:22:09,11986,11986,11986,2
2020-01-09,15:22:09,11986,11986,11986,10
2020-01-09,15:22:09,11986,11986,11986,2
2020-01-09,15:22:09,11986,11986,11986,2
2020-01-09,15:22:09,11986,11986,11986,2
2020-01-09,15:22:09,11986,11986,11986,2
2020-01-09,15:22:09,11986,11986,11986,4
2020-01-09,15:22:09,11986,11986,11986,2
2020-01-09,15:22:09,11986,11986,11986,2
2020-01-09,15:22:09,11986,11986,11986,4
2020-01-09,15:22:09,11987,11987,11987,4
2020-01-09,15:22:09,11987,11987,11987,2
2020-01-09,15:22:09,11987,11987,11987,4
2020-01-09,15:22:14,11986,11986,11986,2
2020-01-09,15:22:14,11986,11986,11986,2
2020-01-09,15:22:14,11986,11986,11986,2
2020-01-09,15:22:14,11986,11986,11986,10
2020-01-09,15:22:14,11986,11986,11986,2
2020-01-09,15:22:15,11986,11986,11986,2
2020-01-09,15:22:18,11986,11986,11986,6
2020-01-09,15:22:19,11986,11986,11986,2
2020-01-09,15:22:19,11986,11986,11986,4
2020-01-09,15:22:38,11987,11987,11987,10
2020-01-09,15:22:38,11987,11987,11987,10
2020-01-09,15:22:43,11987,11987,11987,10
2020-01-09,15:22:48,11987,11987,11987,10
2020-01-09,15:22:56,11987,11987,11987,2
2020-01-09,15:23:02,11987,11987,11987,16
2020-01-09,15:23:02,11987,11987,11987,2
2020-01-09,15:23:02,11987,11987,11987,2
2020-01-09,15:23:02,11987,11987,11987,2
2020-01-09,15:23:11,11987,11987,11987,2
2020-01-09,15:23:13,11987,11987,11987,2
2020-01-09,15:23:36,11987,11987,11987,2
2020-01-09,15:23:38,11988,11988,11988,2
2020-01-09,15:23:38,11988,11988,11988,62
2020-01-09,15:23:43,11988,11988,11988,2
2020-01-09,15:23:43,11989,11989,11989,10
2020-01-09,15:23:43,11989,11989,11989,2
2020-01-09,15:23:43,11990,11990,11990,8
2020-01-09,15:23:48,11990,11990,11990,10
2020-01-09,15:23:54,11990,11990,11990,2
2020-01-09,15:24:02,11990,11990,11990,2
2020-01-09,15:24:04,11990,11990,11990,2
2020-01-09,15:24:10,11990,11990,11990,2
2020-01-09,15:24:23,11989,11989,11989,8
2020-01-09,15:24:23,11989,11989,11989,2
2020-01-09,15:24:23,11989,11989,11989,6
2020-01-09,15:24:23,11989,11989,11989,2
2020-01-09,15:24:23,11989,11989,11989,2
2020-01-09,15:24:23,11989,11989,11989,2
2020-01-09,15:24:23,11989,11989,11989,10
2020-01-09,15:24:23,11989,11989,11989,2
2020-01-09,15:24:24,11988,11988,11988,4
2020-01-09,15:24:27,11988,11988,11988,2
2020-01-09,15:24:27,11988,11988,11988,2
2020-01-09,15:24:28,11988,11988,11988,2
2020-01-09,15:24:28,11988,11988,11988,2
2020-01-09,15:24:37,11989,11989,11989,2
2020-01-09,15:24:45,11989,11989,11989,10
2020-01-09,15:24:45,11989,11989,11989,2
2020-01-09,15:24:49,11989,11989,11989,6
2020-01-09,15:25:05,11989,11989,11989,2
2020-01-09,15:25:18,11989,11989,11989,2
2020-01-09,15:25:20,11989,11989,11989,2
2020-01-09,15:25:36,11988,11988,11988,2
2020-01-09,15:25:41,11989,11989,11989,2
2020-01-09,15:25:42,11988,11988,11988,2
2020-01-09,15:26:01,11988,11988,11988,2
2020-01-09,15:26:06,11988,11988,11988,2
2020-01-09,15:26:07,11989,11989,11989,2
2020-01-09,15:26:07,11989,11989,11989,2
2020-01-09,15:26:07,11989,11989,11989,2
2020-01-09,15:26:07,11989,11989,11989,2
2020-01-09,15:26:16,11988,11988,11988,2
2020-01-09,15:26:18,11989,11989,11989,10
2020-01-09,15:26:24,11989,11989,11989,2
2020-01-09,15:26:50,11989,11989,11989,2
2020-01-09,15:26:50,11989,11989,11989,30
2020-01-09,15:26:50,11989,11989,11989,2
2020-01-09,15:26:50,11989,11989,11989,2
2020-01-09,15:26:50,11989,11989,11989,6
2020-01-09,15:26:50,11989,11989,11989,2
2020-01-09,15:26:54,11990,11990,11990,6
2020-01-09,15:26:54,11990,11990,11990,10
2020-01-09,15:26:54,11990,11990,11990,4
2020-01-09,15:26:54,11990,11990,11990,2
2020-01-09,15:26:54,11990,11990,11990,24
2020-01-09,15:26:54,11990,11990,11990,6
2020-01-09,15:26:54,11990,11990,11990,6
2020-01-09,15:26:54,11990,11990,11990,4
2020-01-09,15:26:54,11990,11990,11990,4
2020-01-09,15:26:54,11990,11990,11990,2
2020-01-09,15:26:59,11991,11991,11991,2
2020-01-09,15:26:59,11991,11991,11991,2
2020-01-09,15:27:05,11991,11991,11991,4
2020-01-09,15:27:06,11990,11990,11990,4
2020-01-09,15:27:06,11989,11989,11989,4
2020-01-09,15:27:06,11989,11989,11989,2
2020-01-09,15:27:08,11991,11991,11991,2
2020-01-09,15:27:17,11990,11990,11990,4
2020-01-09,15:27:20,11990,11990,11990,6
2020-01-09,15:27:20,11990,11990,11990,2
2020-01-09,15:27:23,11990,11990,11990,2
2020-01-09,15:27:38,11990,11990,11990,6
2020-01-09,15:27:54,11990,11990,11990,2
2020-01-09,15:27:56,11990,11990,11990,20
2020-01-09,15:27:56,11990,11990,11990,2
2020-01-09,15:27:58,11990,11990,11990,2
2020-01-09,15:28:02,11990,11990,11990,2
2020-01-09,15:28:05,11990,11990,11990,2
2020-01-09,15:28:11,11991,11991,11991,10
2020-01-09,15:28:11,11991,11991,11991,10
2020-01-09,15:28:11,11991,11991,11991,10
2020-01-09,15:28:11,11991,11991,11991,10
2020-01-09,15:28:11,11991,11991,11991,8
2020-01-09,15:28:11,11991,11991,11991,14
2020-01-09,15:28:11,11991,11991,11991,8
2020-01-09,15:28:11,11991,11991,11991,2
2020-01-09,15:28:11,11991,11991,11991,2
2020-01-09,15:28:11,11992,11992,11992,8
2020-01-09,15:28:11,11992,11992,11992,22
2020-01-09,15:28:11,11992,11992,11992,2
2020-01-09,15:28:11,11992,11992,11992,6
2020-01-09,15:28:11,11992,11992,11992,2
2020-01-09,15:28:18,11992,11992,11992,2
2020-01-09,15:28:19,11992,11992,11992,2
2020-01-09,15:28:21,11993,11993,11993,2
2020-01-09,15:28:21,11993,11993,11993,2
2020-01-09,15:28:23,11992,11992,11992,2
2020-01-09,15:28:30,11993,11993,11993,16
2020-01-09,15:28:32,11993,11993,11993,4
2020-01-09,15:28:33,11993,11993,11993,4
2020-01-09,15:28:34,11993,11993,11993,4
2020-01-09,15:28:35,11993,11993,11993,2
2020-01-09,15:28:35,11993,11993,11993,4
2020-01-09,15:28:35,11993,11993,11993,6
2020-01-09,15:28:36,11993,11993,11993,4
2020-01-09,15:28:36,11993,11993,11993,2
2020-01-09,15:28:37,11993,11993,11993,2
2020-01-09,15:28:41,11993,11993,11993,2
2020-01-09,15:28:44,11992,11992,11992,2
2020-01-09,15:28:44,11992,11992,11992,4
2020-01-09,15:28:44,11992,11992,11992,2
2020-01-09,15:28:44,11992,11992,11992,4
2020-01-09,15:28:44,11992,11992,11992,10
2020-01-09,15:28:44,11992,11992,11992,2
2020-01-09,15:28:44,11992,11992,11992,4
2020-01-09,15:28:44,11992,11992,11992,2
2020-01-09,15:28:46,11991,11991,11991,2
2020-01-09,15:28:48,11991,11991,11991,2
2020-01-09,15:28:50,11990,11990,11990,2
2020-01-09,15:28:51,11990,11990,11990,2
2020-01-09,15:28:53,11991,11991,11991,2
2020-01-09,15:28:53,11991,11991,11991,4
2020-01-09,15:28:54,11991,11991,11991,4
2020-01-09,15:28:55,11991,11991,11991,2
2020-01-09,15:28:56,11990,11990,11990,2
2020-01-09,15:28:56,11990,11990,11990,2
2020-01-09,15:28:56,11990,11990,11990,2
2020-01-09,15:28:56,11990,11990,11990,2
2020-01-09,15:28:56,11990,11990,11990,2
2020-01-09,15:28:57,11990,11990,11990,2
2020-01-09,15:28:57,11990,11990,11990,2
2020-01-09,15:28:58,11991,11991,11991,4
2020-01-09,15:29:04,11991,11991,11991,2
2020-01-09,15:29:05,11991,11991,11991,2
2020-01-09,15:29:09,11991,11991,11991,2
2020-01-09,15:29:12,11991,11991,11991,2
2020-01-09,15:29:14,11990,11990,11990,2
2020-01-09,15:29:14,11990,11990,11990,2
2020-01-09,15:29:14,11990,11990,11990,2
2020-01-09,15:29:14,11990,11990,11990,4
2020-01-09,15:29:16,11991,11991,11991,2
2020-01-09,15:29:17,11991,11991,11991,2
2020-01-09,15:29:18,11990,11990,11990,2
2020-01-09,15:29:22,11990,11990,11990,2
2020-01-09,15:29:22,11990,11990,11990,2
2020-01-09,15:29:22,11990,11990,11990,4
2020-01-09,15:29:22,11990,11990,11990,2
2020-01-09,15:29:22,11990,11990,11990,2
2020-01-09,15:29:22,11990,11990,11990,2
2020-01-09,15:29:24,11990,11990,11990,2
2020-01-09,15:29:26,11990,11990,11990,2
2020-01-09,15:29:27,11990,11990,11990,6
2020-01-09,15:29:29,11990,11990,11990,2
2020-01-09,15:29:30,11990,11990,11990,2
2020-01-09,15:29:31,11990,11990,11990,2
2020-01-09,15:29:34,11990,11990,11990,2
2020-01-09,15:29:38,11989,11989,11989,2
2020-01-09,15:29:38,11989,11989,11989,2
2020-01-09,15:29:48,11989,11989,11989,4
2020-01-09,15:30:04,11990,11990,11990,2
2020-01-09,15:30:05,11990,11990,11990,2
2020-01-09,15:30:06,11990,11990,11990,2
2020-01-09,15:30:06,11989,11989,11989,2
2020-01-09,15:30:06,11989,11989,11989,2
2020-01-09,15:30:06,11989,11989,11989,2
2020-01-09,15:30:06,11989,11989,11989,6
2020-01-09,15:30:06,11989,11989,11989,2
2020-01-09,15:30:06,11989,11989,11989,2
2020-01-09,15:30:06,11989,11989,11989,2
2020-01-09,15:30:06,11989,11989,11989,2
2020-01-09,15:30:06,11989,11989,11989,2
2020-01-09,15:30:06,11989,11989,11989,4
2020-01-09,15:30:06,11989,11989,11989,2
2020-01-09,15:30:06,11989,11989,11989,4
2020-01-09,15:30:06,11989,11989,11989,2
2020-01-09,15:30:06,11989,11989,11989,2
2020-01-09,15:30:06,11989,11989,11989,2
2020-01-09,15:30:06,11989,11989,11989,6
2020-01-09,15:30:06,11989,11989,11989,8
2020-01-09,15:30:06,11989,11989,11989,2
2020-01-09,15:30:06,11989,11989,11989,2
2020-01-09,15:30:06,11989,11989,11989,2
2020-01-09,15:30:06,11989,11989,11989,2
2020-01-09,15:30:06,11988,11988,11988,2
2020-01-09,15:30:06,11988,11988,11988,10
2020-01-09,15:30:06,11988,11988,11988,2
2020-01-09,15:30:06,11988,11988,11988,2
2020-01-09,15:30:06,11988,11988,11988,6
2020-01-09,15:30:06,11988,11988,11988,2
2020-01-09,15:30:06,11988,11988,11988,2
2020-01-09,15:30:06,11988,11988,11988,2
2020-01-09,15:30:06,11988,11988,11988,2
2020-01-09,15:30:11,11989,11989,11989,2
2020-01-09,15:30:20,11989,11989,11989,2
2020-01-09,15:30:24,11989,11989,11989,4
2020-01-09,15:30:24,11988,11988,11988,2
2020-01-09,15:30:33,11989,11989,11989,2
2020-01-09,15:30:57,11988,11988,11988,2
2020-01-09,15:30:57,11988,11988,11988,2
2020-01-09,15:30:57,11988,11988,11988,2
2020-01-09,15:30:57,11988,11988,11988,12
2020-01-09,15:30:57,11988,11988,11988,4
2020-01-09,15:30:57,11988,11988,11988,2
2020-01-09,15:30:57,11988,11988,11988,6
2020-01-09,15:30:57,11988,11988,11988,6
2020-01-09,15:30:57,11988,11988,11988,6
2020-01-09,15:30:57,11988,11988,11988,2
2020-01-09,15:30:57,11988,11988,11988,2
2020-01-09,15:30:57,11988,11988,11988,2
2020-01-09,15:30:57,11988,11988,11988,2
2020-01-09,15:30:57,11988,11988,11988,2
2020-01-09,15:30:57,11988,11988,11988,2
2020-01-09,15:30:57,11988,11988,11988,2
2020-01-09,15:30:57,11988,11988,11988,2
2020-01-09,15:30:57,11988,11988,11988,2
2020-01-09,15:30:57,11988,11988,11988,2
2020-01-09,15:30:57,11988,11988,11988,4
2020-01-09,15:30:57,11988,11988,11988,2
2020-01-09,15:30:57,11988,11988,11988,2
2020-01-09,15:30:57,11988,11988,11988,2
2020-01-09,15:30:57,11988,11988,11988,2
2020-01-09,15:30:57,11988,11988,11988,8
2020-01-09,15:30:59,11988,11988,11988,2
2020-01-09,15:31:03,11988,11988,11988,2
2020-01-09,15:31:10,11988,11988,11988,4
2020-01-09,15:31:14,11988,11988,11988,2
2020-01-09,15:31:17,11988,11988,11988,4
2020-01-09,15:31:17,11988,11988,11988,6
2020-01-09,15:31:18,11988,11988,11988,2
2020-01-09,15:31:18,11988,11988,11988,4
2020-01-09,15:31:21,11989,11989,11989,4
2020-01-09,15:31:21,11989,11989,11989,8
2020-01-09,15:31:29,11990,11990,11990,4
2020-01-09,15:31:30,11990,11990,11990,6
2020-01-09,15:31:32,11990,11990,11990,2
2020-01-09,15:31:34,11990,11990,11990,2
2020-01-09,15:31:38,11991,11991,11991,2
2020-01-09,15:31:44,11991,11991,11991,2
2020-01-09,15:31:49,11991,11991,11991,2
2020-01-09,15:31:53,11991,11991,11991,4
2020-01-09,15:31:54,11991,11991,11991,10
2020-01-09,15:31:55,11991,11991,11991,4
2020-01-09,15:31:55,11991,11991,11991,4
2020-01-09,15:32:02,11990,11990,11990,2
2020-01-09,15:32:08,11991,11991,11991,2
2020-01-09,15:32:24,11991,11991,11991,2
2020-01-09,15:32:24,11990,11990,11990,2
2020-01-09,15:32:29,11990,11990,11990,2
2020-01-09,15:32:41,11990,11990,11990,2
2020-01-09,15:32:56,11991,11991,11991,4
2020-01-09,15:32:57,11991,11991,11991,2
2020-01-09,15:32:59,11990,11990,11990,2
2020-01-09,15:33:15,11991,11991,11991,2
2020-01-09,15:33:20,11991,11991,11991,20
2020-01-09,15:33:31,11991,11991,11991,2
2020-01-09,15:33:41,11991,11991,11991,28
2020-01-09,15:33:45,11991,11991,11991,2
2020-01-09,15:33:45,11991,11991,11991,2
2020-01-09,15:33:45,11991,11991,11991,2
2020-01-09,15:33:46,11991,11991,11991,2
2020-01-09,15:33:47,11990,11990,11990,2
2020-01-09,15:33:47,11990,11990,11990,2
2020-01-09,15:33:47,11990,11990,11990,4
2020-01-09,15:33:47,11990,11990,11990,10
2020-01-09,15:33:47,11990,11990,11990,2
2020-01-09,15:33:47,11990,11990,11990,2
2020-01-09,15:33:47,11990,11990,11990,2
2020-01-09,15:33:47,11990,11990,11990,2
2020-01-09,15:33:47,11990,11990,11990,2
2020-01-09,15:33:47,11990,11990,11990,2
2020-01-09,15:33:47,11990,11990,11990,2
2020-01-09,15:33:56,11990,11990,11990,2
2020-01-09,15:34:00,11990,11990,11990,2
2020-01-09,15:34:00,11989,11989,11989,2
2020-01-09,15:34:04,11989,11989,11989,2
2020-01-09,15:34:25,11990,11990,11990,10
2020-01-09,15:34:25,11990,11990,11990,6
2020-01-09,15:34:50,11990,11990,11990,2
2020-01-09,15:34:57,11990,11990,11990,2
2020-01-09,15:34:58,11990,11990,11990,2
2020-01-09,15:35:27,11991,11991,11991,2
2020-01-09,15:35:30,11990,11990,11990,2
2020-01-09,15:35:43,11991,11991,11991,2
2020-01-09,15:35:53,11990,11990,11990,2
2020-01-09,15:35:53,11991,11991,11991,2
2020-01-09,15:35:54,11990,11990,11990,2
2020-01-09,15:36:03,11991,11991,11991,2
2020-01-09,15:36:16,11990,11990,11990,2
2020-01-09,15:36:44,11991,11991,11991,14
2020-01-09,15:36:55,11992,11992,11992,2
2020-01-09,15:36:56,11992,11992,11992,4
2020-01-09,15:36:56,11991,11991,11991,2
2020-01-09,15:36:56,11991,11991,11991,2
2020-01-09,15:36:56,11990,11990,11990,6
2020-01-09,15:36:57,11991,11991,11991,2
2020-01-09,15:37:02,11991,11991,11991,2
2020-01-09,15:37:07,11991,11991,11991,8
2020-01-09,15:37:08,11991,11991,11991,2
2020-01-09,15:37:11,11990,11990,11990,2
2020-01-09,15:37:18,11990,11990,11990,2
2020-01-09,15:37:18,11990,11990,11990,2
2020-01-09,15:37:27,11990,11990,11990,2
2020-01-09,15:37:31,11990,11990,11990,2
2020-01-09,15:37:31,11990,11990,11990,2
2020-01-09,15:37:33,11991,11991,11991,2
2020-01-09,15:37:41,11991,11991,11991,2
2020-01-09,15:38:20,11991,11991,11991,2
2020-01-09,15:38:27,11991,11991,11991,2
2020-01-09,15:38:48,11991,11991,11991,2
2020-01-09,15:39:13,11991,11991,11991,2
2020-01-09,15:39:28,11991,11991,11991,2
2020-01-09,15:39:32,11991,11991,11991,4
2020-01-09,15:39:32,11991,11991,11991,2
2020-01-09,15:39:32,11991,11991,11991,2
2020-01-09,15:39:32,11991,11991,11991,2
2020-01-09,15:39:33,11991,11991,11991,16
2020-01-09,15:39:33,11991,11991,11991,4
2020-01-09,15:39:33,11991,11991,11991,4
2020-01-09,15:39:33,11991,11991,11991,2
2020-01-09,15:39:33,11991,11991,11991,2
2020-01-09,15:39:34,11992,11992,11992,2
2020-01-09,15:39:36,11992,11992,11992,2
2020-01-09,15:39:44,11992,11992,11992,2
2020-01-09,15:39:51,11991,11991,11991,2
2020-01-09,15:39:52,11991,11991,11991,6
2020-01-09,15:39:52,11991,11991,11991,8
2020-01-09,15:39:53,11991,11991,11991,2
2020-01-09,15:39:58,11991,11991,11991,2
2020-01-09,15:40:19,11992,11992,11992,8
2020-01-09,15:40:19,11992,11992,11992,4
2020-01-09,15:40:19,11992,11992,11992,4
2020-01-09,15:40:19,11992,11992,11992,6
2020-01-09,15:40:19,11992,11992,11992,2
2020-01-09,15:40:19,11992,11992,11992,2
2020-01-09,15:40:19,11992,11992,11992,8
2020-01-09,15:40:19,11992,11992,11992,2
2020-01-09,15:40:19,11992,11992,11992,2
2020-01-09,15:40:19,11992,11992,11992,6
2020-01-09,15:40:19,11992,11992,11992,2
2020-01-09,15:40:19,11992,11992,11992,6
2020-01-09,15:40:19,11992,11992,11992,4
2020-01-09,15:40:36,11993,11993,11993,2
2020-01-09,15:40:37,11993,11993,11993,2
2020-01-09,15:40:37,11993,11993,11993,2
2020-01-09,15:40:37,11993,11993,11993,2
2020-01-09,15:40:37,11993,11993,11993,44
2020-01-09,15:40:37,11993,11993,11993,2
2020-01-09,15:40:37,11993,11993,11993,2
2020-01-09,15:40:39,11994,11994,11994,2
2020-01-09,15:40:39,11994,11994,11994,2
2020-01-09,15:40:40,11994,11994,11994,4
2020-01-09,15:40:40,11994,11994,11994,2
2020-01-09,15:40:42,11994,11994,11994,2
2020-01-09,15:40:45,11994,11994,11994,2
2020-01-09,15:40:45,11994,11994,11994,2
2020-01-09,15:40:46,11993,11993,11993,2
2020-01-09,15:40:46,11993,11993,11993,2
2020-01-09,15:40:47,11994,11994,11994,2
2020-01-09,15:40:48,11994,11994,11994,2
2020-01-09,15:40:54,11993,11993,11993,2
2020-01-09,15:40:55,11993,11993,11993,2
2020-01-09,15:40:55,11993,11993,11993,2
2020-01-09,15:40:57,11993,11993,11993,6
2020-01-09,15:40:58,11994,11994,11994,2
2020-01-09,15:40:58,11994,11994,11994,2
2020-01-09,15:40:59,11994,11994,11994,4
2020-01-09,15:40:59,11994,11994,11994,2
2020-01-09,15:40:59,11994,11994,11994,8
2020-01-09,15:40:59,11994,11994,11994,6
2020-01-09,15:40:59,11994,11994,11994,4
2020-01-09,15:40:59,11994,11994,11994,2
2020-01-09,15:40:59,11994,11994,11994,4
2020-01-09,15:40:59,11994,11994,11994,4
2020-01-09,15:40:59,11994,11994,11994,22
2020-01-09,15:40:59,11994,11994,11994,6
2020-01-09,15:40:59,11994,11994,11994,4
2020-01-09,15:40:59,11994,11994,11994,2
2020-01-09,15:40:59,11994,11994,11994,2
2020-01-09,15:41:00,11995,11995,11995,4
2020-01-09,15:41:00,11995,11995,11995,8
2020-01-09,15:41:00,11995,11995,11995,4
2020-01-09,15:41:00,11995,11995,11995,2
2020-01-09,15:41:00,11995,11995,11995,2
2020-01-09,15:41:00,11995,11995,11995,2
2020-01-09,15:41:00,11995,11995,11995,2
2020-01-09,15:41:00,11995,11995,11995,2
2020-01-09,15:41:02,11994,11994,11994,4
2020-01-09,15:41:02,11993,11993,11993,2
2020-01-09,15:41:03,11994,11994,11994,2
2020-01-09,15:41:05,11994,11994,11994,2
2020-01-09,15:41:06,11994,11994,11994,4
2020-01-09,15:41:06,11994,11994,11994,2
2020-01-09,15:41:06,11994,11994,11994,2
2020-01-09,15:41:06,11994,11994,11994,4
2020-01-09,15:41:06,11994,11994,11994,2
2020-01-09,15:41:06,11995,11995,11995,2
2020-01-09,15:41:06,11995,11995,11995,2
2020-01-09,15:41:06,11995,11995,11995,2
2020-01-09,15:41:06,11995,11995,11995,2
2020-01-09,15:41:09,11995,11995,11995,2
2020-01-09,15:41:10,11995,11995,11995,2
2020-01-09,15:41:10,11995,11995,11995,2
2020-01-09,15:41:10,11995,11995,11995,2
2020-01-09,15:41:10,11995,11995,11995,2
2020-01-09,15:41:10,11995,11995,11995,2
2020-01-09,15:41:10,11995,11995,11995,2
2020-01-09,15:41:10,11995,11995,11995,2
2020-01-09,15:41:10,11995,11995,11995,2
2020-01-09,15:41:10,11995,11995,11995,2
2020-01-09,15:41:12,11994,11994,11994,2
2020-01-09,15:41:12,11995,11995,11995,4
2020-01-09,15:41:12,11995,11995,11995,2
2020-01-09,15:41:12,11995,11995,11995,2
2020-01-09,15:41:12,11995,11995,11995,4
2020-01-09,15:41:12,11995,11995,11995,2
2020-01-09,15:41:12,11995,11995,11995,2
2020-01-09,15:41:12,11995,11995,11995,2
2020-01-09,15:41:13,11995,11995,11995,2
2020-01-09,15:41:15,11994,11994,11994,2
2020-01-09,15:41:15,11995,11995,11995,2
2020-01-09,15:41:15,11995,11995,11995,6
2020-01-09,15:41:16,11995,11995,11995,4
2020-01-09,15:41:16,11995,11995,11995,2
2020-01-09,15:41:16,11995,11995,11995,2
2020-01-09,15:41:16,11995,11995,11995,2
2020-01-09,15:41:16,11995,11995,11995,2
2020-01-09,15:41:16,11995,11995,11995,2
2020-01-09,15:41:16,11995,11995,11995,2
2020-01-09,15:41:16,11995,11995,11995,2
2020-01-09,15:41:16,11995,11995,11995,2
2020-01-09,15:41:17,11994,11994,11994,2
2020-01-09,15:41:18,11995,11995,11995,2
2020-01-09,15:41:20,11994,11994,11994,2
2020-01-09,15:41:20,11994,11994,11994,2
2020-01-09,15:41:20,11994,11994,11994,2
2020-01-09,15:41:20,11994,11994,11994,4
2020-01-09,15:41:20,11994,11994,11994,2
2020-01-09,15:41:20,11994,11994,11994,4
2020-01-09,15:41:20,11994,11994,11994,2
2020-01-09,15:41:20,11995,11995,11995,2
2020-01-09,15:41:20,11995,11995,11995,2
2020-01-09,15:41:20,11995,11995,11995,2
2020-01-09,15:41:20,11995,11995,11995,2
2020-01-09,15:41:21,11995,11995,11995,2
2020-01-09,15:41:22,11995,11995,11995,2
2020-01-09,15:41:24,11994,11994,11994,2
2020-01-09,15:41:24,11994,11994,11994,2
2020-01-09,15:41:24,11995,11995,11995,2
2020-01-09,15:41:24,11995,11995,11995,4
2020-01-09,15:41:24,11995,11995,11995,2
2020-01-09,15:41:24,11995,11995,11995,2
2020-01-09,15:41:24,11995,11995,11995,2
2020-01-09,15:41:24,11995,11995,11995,2
2020-01-09,15:41:25,11994,11994,11994,2
2020-01-09,15:41:27,11995,11995,11995,2
2020-01-09,15:41:32,11994,11994,11994,2
2020-01-09,15:41:32,11995,11995,11995,2
2020-01-09,15:41:32,11995,11995,11995,2
2020-01-09,15:41:32,11995,11995,11995,2
2020-01-09,15:41:32,11995,11995,11995,4
2020-01-09,15:41:32,11995,11995,11995,2
2020-01-09,15:41:32,11995,11995,11995,2
2020-01-09,15:41:32,11995,11995,11995,2
2020-01-09,15:41:32,11995,11995,11995,2
2020-01-09,15:41:32,11995,11995,11995,2
2020-01-09,15:41:32,11995,11995,11995,2
2020-01-09,15:41:32,11994,11994,11994,2
2020-01-09,15:41:33,11995,11995,11995,2
2020-01-09,15:41:33,11995,11995,11995,2
2020-01-09,15:41:34,11995,11995,11995,2
2020-01-09,15:41:43,11995,11995,11995,2
2020-01-09,15:41:43,11995,11995,11995,2
2020-01-09,15:41:43,11995,11995,11995,4
2020-01-09,15:41:43,11995,11995,11995,2
2020-01-09,15:41:43,11995,11995,11995,2
2020-01-09,15:41:43,11995,11995,11995,2
2020-01-09,15:41:44,11996,11996,11996,2
2020-01-09,15:41:45,11996,11996,11996,2
2020-01-09,15:41:45,11996,11996,11996,2
2020-01-09,15:41:45,11996,11996,11996,4
2020-01-09,15:41:45,11996,11996,11996,2
2020-01-09,15:41:45,11996,11996,11996,2
2020-01-09,15:41:45,11996,11996,11996,2
2020-01-09,15:41:45,11996,11996,11996,2
2020-01-09,15:41:45,11996,11996,11996,2
2020-01-09,15:41:45,11996,11996,11996,2
2020-01-09,15:41:45,11996,11996,11996,2
2020-01-09,15:41:48,11995,11995,11995,4
2020-01-09,15:41:48,11996,11996,11996,2
2020-01-09,15:41:48,11996,11996,11996,2
2020-01-09,15:41:48,11996,11996,11996,2
2020-01-09,15:41:48,11996,11996,11996,2
2020-01-09,15:41:48,11996,11996,11996,2
2020-01-09,15:41:48,11996,11996,11996,2
2020-01-09,15:41:48,11996,11996,11996,2
2020-01-09,15:41:49,11996,11996,11996,2
2020-01-09,15:41:52,11996,11996,11996,2
2020-01-09,15:41:57,11996,11996,11996,2
2020-01-09,15:41:58,11996,11996,11996,2
2020-01-09,15:41:58,11996,11996,11996,2
2020-01-09,15:42:00,11995,11995,11995,2
2020-01-09,15:42:00,11995,11995,11995,2
2020-01-09,15:42:00,11996,11996,11996,8
2020-01-09,15:42:03,11996,11996,11996,20
2020-01-09,15:42:03,11995,11995,11995,2
2020-01-09,15:42:04,11996,11996,11996,2
2020-01-09,15:42:04,11996,11996,11996,4
2020-01-09,15:42:04,11996,11996,11996,2
2020-01-09,15:42:04,11996,11996,11996,2
2020-01-09,15:42:04,11996,11996,11996,2
2020-01-09,15:42:04,11996,11996,11996,2
2020-01-09,15:42:07,11996,11996,11996,2
2020-01-09,15:42:07,11996,11996,11996,2
2020-01-09,15:42:12,11996,11996,11996,2
2020-01-09,15:42:16,11996,11996,11996,2
2020-01-09,15:42:23,11996,11996,11996,2
2020-01-09,15:42:24,11996,11996,11996,2
2020-01-09,15:42:24,11996,11996,11996,2
2020-01-09,15:42:24,11996,11996,11996,2
2020-01-09,15:42:25,11996,11996,11996,2
2020-01-09,15:42:25,11996,11996,11996,12
2020-01-09,15:42:29,11996,11996,11996,2
2020-01-09,15:42:31,11995,11995,11995,6
2020-01-09,15:42:31,11995,11995,11995,2
2020-01-09,15:42:31,11995,11995,11995,2
2020-01-09,15:42:31,11995,11995,11995,4
2020-01-09,15:42:31,11995,11995,11995,6
2020-01-09,15:42:31,11995,11995,11995,2
2020-01-09,15:42:31,11995,11995,11995,4
2020-01-09,15:42:31,11995,11995,11995,2
2020-01-09,15:42:36,11994,11994,11994,2
2020-01-09,15:42:36,11994,11994,11994,2
2020-01-09,15:42:36,11994,11994,11994,2
2020-01-09,15:42:36,11994,11994,11994,2
2020-01-09,15:42:37,11994,11994,11994,2
2020-01-09,15:42:39,11994,11994,11994,2
2020-01-09,15:42:39,11994,11994,11994,2
2020-01-09,15:42:40,11994,11994,11994,2
2020-01-09,15:42:45,11994,11994,11994,2
2020-01-09,15:42:45,11994,11994,11994,2
2020-01-09,15:42:47,11995,11995,11995,2
2020-01-09,15:42:47,11993,11993,11993,2
2020-01-09,15:42:51,11993,11993,11993,8
2020-01-09,15:42:57,11994,11994,11994,2
2020-01-09,15:43:03,11994,11994,11994,2
2020-01-09,15:43:04,11994,11994,11994,2
2020-01-09,15:43:06,11995,11995,11995,2
2020-01-09,15:43:13,11995,11995,11995,6
2020-01-09,15:43:14,11994,11994,11994,2
2020-01-09,15:43:19,11994,11994,11994,4
2020-01-09,15:43:26,11994,11994,11994,2
2020-01-09,15:43:32,11994,11994,11994,2
2020-01-09,15:43:44,11994,11994,11994,2
2020-01-09,15:43:44,11994,11994,11994,2
2020-01-09,15:43:44,11994,11994,11994,2
2020-01-09,15:43:44,11994,11994,11994,2
2020-01-09,15:43:44,11994,11994,11994,2
2020-01-09,15:43:44,11994,11994,11994,2
2020-01-09,15:43:49,11994,11994,11994,2
2020-01-09,15:43:51,11994,11994,11994,2
2020-01-09,15:43:57,11994,11994,11994,2
2020-01-09,15:44:01,11994,11994,11994,2
2020-01-09,15:44:08,11994,11994,11994,2
2020-01-09,15:44:09,11995,11995,11995,2
2020-01-09,15:44:26,11995,11995,11995,46
2020-01-09,15:44:26,11996,11996,11996,18
2020-01-09,15:44:38,11996,11996,11996,4
2020-01-09,15:44:48,11995,11995,11995,4
2020-01-09,15:44:48,11995,11995,11995,6
2020-01-09,15:44:51,11995,11995,11995,2
2020-01-09,15:44:54,11996,11996,11996,2
2020-01-09,15:44:55,11996,11996,11996,2
2020-01-09,15:44:57,11995,11995,11995,4
2020-01-09,15:44:57,11995,11995,11995,2
2020-01-09,15:44:57,11995,11995,11995,6
2020-01-09,15:45:00,11996,11996,11996,2
2020-01-09,15:45:00,11996,11996,11996,2
2020-01-09,15:45:00,11996,11996,11996,4
2020-01-09,15:45:02,11996,11996,11996,2
2020-01-09,15:45:03,11996,11996,11996,2
2020-01-09,15:45:03,11996,11996,11996,2
2020-01-09,15:45:03,11996,11996,11996,2
2020-01-09,15:45:04,11996,11996,11996,2
2020-01-09,15:45:04,11996,11996,11996,2
2020-01-09,15:45:14,11995,11995,11995,2
2020-01-09,15:45:19,11995,11995,11995,2
2020-01-09,15:45:19,11995,11995,11995,2
2020-01-09,15:45:19,11995,11995,11995,4
2020-01-09,15:45:19,11995,11995,11995,2
2020-01-09,15:45:20,11996,11996,11996,2
2020-01-09,15:45:30,11996,11996,11996,2
2020-01-09,15:45:48,11996,11996,11996,6
2020-01-09,15:45:51,11996,11996,11996,4
2020-01-09,15:45:59,11996,11996,11996,2
2020-01-09,15:46:06,11995,11995,11995,2
2020-01-09,15:46:06,11995,11995,11995,2
2020-01-09,15:46:06,11995,11995,11995,2
2020-01-09,15:46:06,11995,11995,11995,6
2020-01-09,15:46:06,11995,11995,11995,4
2020-01-09,15:46:06,11995,11995,11995,2
2020-01-09,15:46:06,11995,11995,11995,2
2020-01-09,15:46:06,11995,11995,11995,2
2020-01-09,15:46:06,11995,11995,11995,2
2020-01-09,15:46:10,11995,11995,11995,2
2020-01-09,15:46:13,11996,11996,11996,4
2020-01-09,15:46:14,11996,11996,11996,4
2020-01-09,15:46:24,11996,11996,11996,20
2020-01-09,15:46:24,11995,11995,11995,2
2020-01-09,15:46:24,11996,11996,11996,10
2020-01-09,15:46:26,11996,11996,11996,10
2020-01-09,15:46:27,11996,11996,11996,2
2020-01-09,15:46:29,11996,11996,11996,2
2020-01-09,15:46:30,11996,11996,11996,2
2020-01-09,15:46:33,11996,11996,11996,2
2020-01-09,15:46:33,11996,11996,11996,4
2020-01-09,15:46:33,11996,11996,11996,4
2020-01-09,15:46:34,11996,11996,11996,2
2020-01-09,15:46:46,11996,11996,11996,2
2020-01-09,15:46:49,11996,11996,11996,2
2020-01-09,15:46:52,11997,11997,11997,20
2020-01-09,15:46:52,11997,11997,11997,2
2020-01-09,15:46:52,11997,11997,11997,4
2020-01-09,15:46:53,11997,11997,11997,20
2020-01-09,15:46:53,11997,11997,11997,2
2020-01-09,15:46:53,11997,11997,11997,6
2020-01-09,15:46:53,11997,11997,11997,8
2020-01-09,15:46:53,11997,11997,11997,2
2020-01-09,15:46:53,11997,11997,11997,8
2020-01-09,15:46:53,11998,11998,11998,20
2020-01-09,15:46:53,11998,11998,11998,4
2020-01-09,15:46:53,11998,11998,11998,2
2020-01-09,15:46:53,11998,11998,11998,4
2020-01-09,15:46:53,11997,11997,11997,4
2020-01-09,15:46:53,11997,11997,11997,2
2020-01-09,15:46:53,11998,11998,11998,10
2020-01-09,15:46:53,11998,11998,11998,2
2020-01-09,15:46:53,11998,11998,11998,6
2020-01-09,15:46:53,11998,11998,11998,2
2020-01-09,15:46:53,11998,11998,11998,4
2020-01-09,15:46:53,11998,11998,11998,4
2020-01-09,15:46:53,11998,11998,11998,2
2020-01-09,15:46:53,11998,11998,11998,4
2020-01-09,15:46:53,11998,11998,11998,2
2020-01-09,15:46:53,11998,11998,11998,2
2020-01-09,15:46:53,11998,11998,11998,2
2020-01-09,15:46:54,11998,11998,11998,2
2020-01-09,15:46:54,11998,11998,11998,2
2020-01-09,15:46:54,11998,11998,11998,2
2020-01-09,15:46:54,11998,11998,11998,4
2020-01-09,15:46:54,11998,11998,11998,6
2020-01-09,15:46:54,11998,11998,11998,6
2020-01-09,15:46:54,11998,11998,11998,2
2020-01-09,15:46:54,11998,11998,11998,4
2020-01-09,15:46:54,11998,11998,11998,2
2020-01-09,15:46:54,11998,11998,11998,2
2020-01-09,15:46:54,11998,11998,11998,2
2020-01-09,15:46:54,11998,11998,11998,2
2020-01-09,15:46:54,11999,11999,11999,2
2020-01-09,15:46:54,11999,11999,11999,2
2020-01-09,15:46:54,11999,11999,11999,2
2020-01-09,15:46:54,11999,11999,11999,2
2020-01-09,15:46:54,11999,11999,11999,2
2020-01-09,15:46:54,11999,11999,11999,2
2020-01-09,15:46:54,11999,11999,11999,4
2020-01-09,15:46:54,11999,11999,11999,2
2020-01-09,15:46:54,11999,11999,11999,30
2020-01-09,15:46:54,11999,11999,11999,10
2020-01-09,15:46:54,11999,11999,11999,2
2020-01-09,15:46:54,11999,11999,11999,2
2020-01-09,15:46:54,11999,11999,11999,6
2020-01-09,15:46:54,11999,11999,11999,2
2020-01-09,15:46:54,11999,11999,11999,2
2020-01-09,15:46:54,11999,11999,11999,2
2020-01-09,15:46:54,11999,11999,11999,2
2020-01-09,15:46:54,11999,11999,11999,4
2020-01-09,15:46:54,11999,11999,11999,4
2020-01-09,15:46:54,11999,11999,11999,2
2020-01-09,15:46:54,11999,11999,11999,2
2020-01-09,15:46:55,11999,11999,11999,4
2020-01-09,15:46:55,11999,11999,11999,4
2020-01-09,15:46:55,11999,11999,11999,6
2020-01-09,15:46:55,11999,11999,11999,2
2020-01-09,15:46:56,11999,11999,11999,2
2020-01-09,15:46:56,11999,11999,11999,4
2020-01-09,15:46:56,11999,11999,11999,2
2020-01-09,15:46:58,11999,11999,11999,6
2020-01-09,15:47:00,11999,11999,11999,2
2020-01-09,15:47:00,11999,11999,11999,6
2020-01-09,15:47:00,11998,11998,11998,2
2020-01-09,15:47:00,11999,11999,11999,6
2020-01-09,15:47:00,11999,11999,11999,12
2020-01-09,15:47:05,11998,11998,11998,2
2020-01-09,15:47:05,11999,11999,11999,2
2020-01-09,15:47:05,11999,11999,11999,2
2020-01-09,15:47:08,11999,11999,11999,2
2020-01-09,15:47:09,11998,11998,11998,2
2020-01-09,15:47:09,11999,11999,11999,8
2020-01-09,15:47:11,11998,11998,11998,2
2020-01-09,15:47:12,11999,11999,11999,2
2020-01-09,15:47:13,11998,11998,11998,2
2020-01-09,15:47:15,11999,11999,11999,32
2020-01-09,15:47:15,11999,11999,11999,2
2020-01-09,15:47:15,11999,11999,11999,2
2020-01-09,15:47:16,11998,11998,11998,2
2020-01-09,15:47:16,11999,11999,11999,18
2020-01-09,15:47:16,11999,11999,11999,2
2020-01-09,15:47:17,11999,11999,11999,4
2020-01-09,15:47:17,11999,11999,11999,16
2020-01-09,15:47:22,11999,11999,11999,4
2020-01-09,15:47:25,11999,11999,11999,2
2020-01-09,15:47:25,11999,11999,11999,10
2020-01-09,15:47:26,11999,11999,11999,10
2020-01-09,15:47:26,11999,11999,11999,2
2020-01-09,15:47:27,11999,11999,11999,8
2020-01-09,15:47:32,11998,11998,11998,2
2020-01-09,15:47:33,11999,11999,11999,2
2020-01-09,15:47:34,11999,11999,11999,2
2020-01-09,15:47:34,11999,11999,11999,2
2020-01-09,15:47:37,11999,11999,11999,2
2020-01-09,15:47:41,11999,11999,11999,2
2020-01-09,15:47:41,11999,11999,11999,2
2020-01-09,15:47:43,11998,11998,11998,2
2020-01-09,15:47:53,11999,11999,11999,8
2020-01-09,15:47:53,11999,11999,11999,2
2020-01-09,15:47:56,11999,11999,11999,10
2020-01-09,15:47:58,11999,11999,11999,2
2020-01-09,15:47:58,11999,11999,11999,10
2020-01-09,15:47:59,11999,11999,11999,4
2020-01-09,15:47:59,11999,11999,11999,10
2020-01-09,15:47:59,11999,11999,11999,4
2020-01-09,15:47:59,11999,11999,11999,2
2020-01-09,15:48:01,11998,11998,11998,2
2020-01-09,15:48:02,11999,11999,11999,2
2020-01-09,15:48:02,11999,11999,11999,4
2020-01-09,15:48:02,11999,11999,11999,2
2020-01-09,15:48:04,11999,11999,11999,2
2020-01-09,15:48:05,11999,11999,11999,2
2020-01-09,15:48:07,11999,11999,11999,2
2020-01-09,15:48:10,11999,11999,11999,12
2020-01-09,15:48:10,11999,11999,11999,2
2020-01-09,15:48:10,11998,11998,11998,2
2020-01-09,15:48:11,11999,11999,11999,4
2020-01-09,15:48:11,11999,11999,11999,2
2020-01-09,15:48:13,11999,11999,11999,4
2020-01-09,15:48:16,11999,11999,11999,4
2020-01-09,15:48:18,11999,11999,11999,2
2020-01-09,15:48:18,11999,11999,11999,2
2020-01-09,15:48:20,12000,12000,12000,4
2020-01-09,15:48:20,12000,12000,12000,2
2020-01-09,15:48:20,12000,12000,12000,12
2020-01-09,15:48:20,12000,12000,12000,2
2020-01-09,15:48:20,12000,12000,12000,2
2020-01-09,15:48:20,12000,12000,12000,2
2020-01-09,15:48:20,11999,11999,11999,2
2020-01-09,15:48:20,12000,12000,12000,4
2020-01-09,15:48:20,12000,12000,12000,4
2020-01-09,15:48:22,11999,11999,11999,2
2020-01-09,15:48:24,11999,11999,11999,2
2020-01-09,15:48:26,11999,11999,11999,2
2020-01-09,15:48:30,11999,11999,11999,2
2020-01-09,15:48:34,11999,11999,11999,2
2020-01-09,15:48:38,12000,12000,12000,2
2020-01-09,15:48:38,12000,12000,12000,2
2020-01-09,15:48:38,11999,11999,11999,2
2020-01-09,15:48:43,12000,12000,12000,2
2020-01-09,15:48:44,11999,11999,11999,2
2020-01-09,15:48:51,11999,11999,11999,2
2020-01-09,15:48:52,12000,12000,12000,2
2020-01-09,15:48:54,11999,11999,11999,2
2020-01-09,15:48:54,12000,12000,12000,120
2020-01-09,15:48:54,12000,12000,12000,120
2020-01-09,15:48:54,12000,12000,12000,4
2020-01-09,15:48:54,12000,12000,12000,20
2020-01-09,15:48:54,12000,12000,12000,18
2020-01-09,15:48:54,12000,12000,12000,18
2020-01-09,15:48:54,12000,12000,12000,2
2020-01-09,15:48:54,12000,12000,12000,8
2020-01-09,15:48:54,12000,12000,12000,12
2020-01-09,15:48:54,12000,12000,12000,6
2020-01-09,15:48:54,12000,12000,12000,2
2020-01-09,15:48:54,12000,12000,12000,80
2020-01-09,15:48:54,12000,12000,12000,10
2020-01-09,15:48:54,12000,12000,12000,2
2020-01-09,15:48:54,12000,12000,12000,2
2020-01-09,15:48:54,12000,12000,12000,8
2020-01-09,15:48:54,12000,12000,12000,2
2020-01-09,15:48:54,12001,12001,12001,2
2020-01-09,15:48:54,12001,12001,12001,2
2020-01-09,15:48:54,12001,12001,12001,2
2020-01-09,15:48:54,12001,12001,12001,6
2020-01-09,15:48:54,12001,12001,12001,10
2020-01-09,15:48:54,12001,12001,12001,2
2020-01-09,15:48:54,12001,12001,12001,6
2020-01-09,15:48:54,12001,12001,12001,2
2020-01-09,15:48:55,12000,12000,12000,10
2020-01-09,15:48:55,12000,12000,12000,6
2020-01-09,15:48:56,12001,12001,12001,2
2020-01-09,15:48:57,12001,12001,12001,2
2020-01-09,15:48:57,12002,12002,12002,12
2020-01-09,15:48:57,12002,12002,12002,2
2020-01-09,15:48:58,12001,12001,12001,4
2020-01-09,15:48:58,12002,12002,12002,20
2020-01-09,15:48:58,12002,12002,12002,2
2020-01-09,15:49:00,12002,12002,12002,4
2020-01-09,15:49:00,12002,12002,12002,2
2020-01-09,15:49:00,12002,12002,12002,4
2020-01-09,15:49:00,12002,12002,12002,4
2020-01-09,15:49:00,12003,12003,12003,4
2020-01-09,15:49:01,12003,12003,12003,2
2020-01-09,15:49:01,12003,12003,12003,4
2020-01-09,15:49:02,12003,12003,12003,6
2020-01-09,15:49:02,12001,12001,12001,2
2020-01-09,15:49:04,12002,12002,12002,2
2020-01-09,15:49:04,12001,12001,12001,2
2020-01-09,15:49:05,12001,12001,12001,2
2020-01-09,15:49:05,12002,12002,12002,2
2020-01-09,15:49:07,12002,12002,12002,4
2020-01-09,15:49:09,12002,12002,12002,4
2020-01-09,15:49:09,12002,12002,12002,2
2020-01-09,15:49:10,12002,12002,12002,10
2020-01-09,15:49:11,12002,12002,12002,2
2020-01-09,15:49:12,12001,12001,12001,2
2020-01-09,15:49:12,12002,12002,12002,6
2020-01-09,15:49:12,12003,12003,12003,4
2020-01-09,15:49:13,12003,12003,12003,4
2020-01-09,15:49:15,12003,12003,12003,24
2020-01-09,15:49:16,12003,12003,12003,6
2020-01-09,15:49:16,12003,12003,12003,2
2020-01-09,15:49:17,12003,12003,12003,2
2020-01-09,15:49:17,12003,12003,12003,2
2020-01-09,15:49:18,12003,12003,12003,2
2020-01-09,15:49:18,12003,12003,12003,2
2020-01-09,15:49:18,12003,12003,12003,2
2020-01-09,15:49:18,12003,12003,12003,2
2020-01-09,15:49:18,12003,12003,12003,2
2020-01-09,15:49:19,12002,12002,12002,2
2020-01-09,15:49:23,12003,12003,12003,10
2020-01-09,15:49:24,12003,12003,12003,10
2020-01-09,15:49:25,12003,12003,12003,10
2020-01-09,15:49:26,12003,12003,12003,2
2020-01-09,15:49:27,12003,12003,12003,2
2020-01-09,15:49:28,12003,12003,12003,2
2020-01-09,15:49:28,12003,12003,12003,4
2020-01-09,15:49:32,12003,12003,12003,2
2020-01-09,15:49:35,12003,12003,12003,2
2020-01-09,15:49:36,12003,12003,12003,2
2020-01-09,15:49:36,12004,12004,12004,2
2020-01-09,15:49:37,12004,12004,12004,2
2020-01-09,15:49:38,12004,12004,12004,2
2020-01-09,15:49:39,12003,12003,12003,2
2020-01-09,15:49:41,12004,12004,12004,2
2020-01-09,15:49:44,12003,12003,12003,2
2020-01-09,15:49:44,12003,12003,12003,2
2020-01-09,15:49:44,12003,12003,12003,2
2020-01-09,15:49:44,12003,12003,12003,2
2020-01-09,15:49:44,12003,12003,12003,6
2020-01-09,15:49:44,12003,12003,12003,2
2020-01-09,15:49:44,12003,12003,12003,4
2020-01-09,15:49:44,12003,12003,12003,2
2020-01-09,15:49:44,12003,12003,12003,2
2020-01-09,15:49:44,12003,12003,12003,2
2020-01-09,15:49:44,12003,12003,12003,2
2020-01-09,15:49:44,12004,12004,12004,10
2020-01-09,15:49:44,12004,12004,12004,6
2020-01-09,15:49:48,12004,12004,12004,2
2020-01-09,15:49:51,12004,12004,12004,2
2020-01-09,15:49:51,12004,12004,12004,2
2020-01-09,15:49:51,12004,12004,12004,4
2020-01-09,15:49:51,12004,12004,12004,8
2020-01-09,15:49:51,12004,12004,12004,2
2020-01-09,15:49:51,12004,12004,12004,4
2020-01-09,15:49:51,12004,12004,12004,2
2020-01-09,15:49:51,12004,12004,12004,4
2020-01-09,15:49:51,12004,12004,12004,2
2020-01-09,15:49:51,12004,12004,12004,2
2020-01-09,15:49:51,12004,12004,12004,2
2020-01-09,15:49:51,12004,12004,12004,2
2020-01-09,15:49:51,12004,12004,12004,2
2020-01-09,15:49:51,12004,12004,12004,2
2020-01-09,15:49:51,12004,12004,12004,2
2020-01-09,15:49:51,12004,12004,12004,2
2020-01-09,15:49:51,12004,12004,12004,8
2020-01-09,15:49:51,12004,12004,12004,2
2020-01-09,15:49:51,12004,12004,12004,2
2020-01-09,15:49:51,12004,12004,12004,4
2020-01-09,15:49:51,12004,12004,12004,2
2020-01-09,15:49:51,12004,12004,12004,4
2020-01-09,15:49:51,12004,12004,12004,4
2020-01-09,15:49:51,12004,12004,12004,2
2020-01-09,15:49:51,12005,12005,12005,2
2020-01-09,15:49:52,12004,12004,12004,2
2020-01-09,15:49:52,12005,12005,12005,8
2020-01-09,15:49:52,12005,12005,12005,8
2020-01-09,15:49:52,12005,12005,12005,6
2020-01-09,15:49:52,12004,12004,12004,4
2020-01-09,15:49:53,12004,12004,12004,2
2020-01-09,15:49:56,12004,12004,12004,2
2020-01-09,15:49:57,12004,12004,12004,2
2020-01-09,15:49:58,12005,12005,12005,50
2020-01-09,15:49:59,12005,12005,12005,50
2020-01-09,15:49:59,12005,12005,12005,50
2020-01-09,15:50:00,12004,12004,12004,2
2020-01-09,15:50:00,12004,12004,12004,2
2020-01-09,15:50:00,12004,12004,12004,14
2020-01-09,15:50:00,12004,12004,12004,2
2020-01-09,15:50:00,12004,12004,12004,4
2020-01-09,15:50:00,12004,12004,12004,4
2020-01-09,15:50:01,12003,12003,12003,2
2020-01-09,15:50:01,12003,12003,12003,2
2020-01-09,15:50:03,12004,12004,12004,4
2020-01-09,15:50:03,12004,12004,12004,2
2020-01-09,15:50:04,12003,12003,12003,8
2020-01-09,15:50:04,12003,12003,12003,10
2020-01-09,15:50:04,12003,12003,12003,6
2020-01-09,15:50:04,12003,12003,12003,4
2020-01-09,15:50:04,12003,12003,12003,4
2020-01-09,15:50:04,12003,12003,12003,2
2020-01-09,15:50:04,12003,12003,12003,2
2020-01-09,15:50:04,12003,12003,12003,2
2020-01-09,15:50:04,12003,12003,12003,2
2020-01-09,15:50:04,12003,12003,12003,4
2020-01-09,15:50:05,12003,12003,12003,6
2020-01-09,15:50:05,12003,12003,12003,2
2020-01-09,15:50:06,12003,12003,12003,2
2020-01-09,15:50:06,12003,12003,12003,4
2020-01-09,15:50:08,12003,12003,12003,2
2020-01-09,15:50:09,12002,12002,12002,2
2020-01-09,15:50:09,12002,12002,12002,2
2020-01-09,15:50:09,12002,12002,12002,2
2020-01-09,15:50:09,12002,12002,12002,2
2020-01-09,15:50:09,12002,12002,12002,4
2020-01-09,15:50:09,12002,12002,12002,12
2020-01-09,15:50:09,12002,12002,12002,4
2020-01-09,15:50:09,12002,12002,12002,2
2020-01-09,15:50:09,12002,12002,12002,2
2020-01-09,15:50:10,12002,12002,12002,4
2020-01-09,15:50:10,12002,12002,12002,2
2020-01-09,15:50:11,12002,12002,12002,2
2020-01-09,15:50:12,12002,12002,12002,2
2020-01-09,15:50:13,12002,12002,12002,2
2020-01-09,15:50:14,12002,12002,12002,2
2020-01-09,15:50:18,12002,12002,12002,2
2020-01-09,15:50:22,12002,12002,12002,2
2020-01-09,15:50:23,12001,12001,12001,2
2020-01-09,15:50:23,12001,12001,12001,2
2020-01-09,15:50:23,12001,12001,12001,2
2020-01-09,15:50:23,12002,12002,12002,2
2020-01-09,15:50:25,12001,12001,12001,2
2020-01-09,15:50:26,12002,12002,12002,2
2020-01-09,15:50:29,12001,12001,12001,2
2020-01-09,15:50:29,12002,12002,12002,4
2020-01-09,15:50:30,12002,12002,12002,2
2020-01-09,15:50:34,12002,12002,12002,4
2020-01-09,15:50:38,12001,12001,12001,4
2020-01-09,15:50:39,12001,12001,12001,2
2020-01-09,15:50:39,12001,12001,12001,2
2020-01-09,15:50:39,12001,12001,12001,2
2020-01-09,15:50:39,12001,12001,12001,2
2020-01-09,15:50:39,12001,12001,12001,2
2020-01-09,15:50:39,12001,12001,12001,2
2020-01-09,15:50:39,12001,12001,12001,2
2020-01-09,15:50:39,12001,12001,12001,24
2020-01-09,15:50:39,12001,12001,12001,2
2020-01-09,15:50:39,12001,12001,12001,2
2020-01-09,15:50:39,12001,12001,12001,2
2020-01-09,15:50:39,12001,12001,12001,2
2020-01-09,15:50:42,12000,12000,12000,4
2020-01-09,15:50:42,12000,12000,12000,4
2020-01-09,15:50:42,12000,12000,12000,2
2020-01-09,15:50:42,12000,12000,12000,2
2020-01-09,15:50:42,12000,12000,12000,2
2020-01-09,15:50:42,12000,12000,12000,2
2020-01-09,15:50:42,12000,12000,12000,2
2020-01-09,15:50:42,12000,12000,12000,2
2020-01-09,15:50:42,12000,12000,12000,2
2020-01-09,15:50:42,12000,12000,12000,2
2020-01-09,15:50:42,12000,12000,12000,2
2020-01-09,15:50:42,12000,12000,12000,14
2020-01-09,15:50:42,12000,12000,12000,10
2020-01-09,15:50:42,12000,12000,12000,2
2020-01-09,15:50:44,12000,12000,12000,4
2020-01-09,15:50:44,12000,12000,12000,2
2020-01-09,15:50:44,11999,11999,11999,2
2020-01-09,15:50:44,11999,11999,11999,2
2020-01-09,15:50:44,11999,11999,11999,4
2020-01-09,15:50:44,11999,11999,11999,2
2020-01-09,15:50:45,11999,11999,11999,2
2020-01-09,15:50:45,12000,12000,12000,2
2020-01-09,15:50:45,11999,11999,11999,4
2020-01-09,15:50:47,12000,12000,12000,2
2020-01-09,15:50:48,11999,11999,11999,2
2020-01-09,15:50:49,11999,11999,11999,2
2020-01-09,15:50:51,11999,11999,11999,2
2020-01-09,15:50:55,11999,11999,11999,2
2020-01-09,15:50:55,11999,11999,11999,2
2020-01-09,15:50:59,12000,12000,12000,4
2020-01-09,15:51:00,12000,12000,12000,2
2020-01-09,15:51:07,12000,12000,12000,2
2020-01-09,15:51:08,12000,12000,12000,2
2020-01-09,15:51:08,12000,12000,12000,2
2020-01-09,15:51:08,12000,12000,12000,8
2020-01-09,15:51:08,12000,12000,12000,30
2020-01-09,15:51:09,12000,12000,12000,2
2020-01-09,15:51:12,12000,12000,12000,2
2020-01-09,15:51:12,12000,12000,12000,2
2020-01-09,15:51:14,12000,12000,12000,2
2020-01-09,15:51:15,12001,12001,12001,2
2020-01-09,15:51:18,12001,12001,12001,4
2020-01-09,15:51:20,12000,12000,12000,2
2020-01-09,15:51:20,12001,12001,12001,2
2020-01-09,15:51:22,12001,12001,12001,2
2020-01-09,15:51:24,12001,12001,12001,2
2020-01-09,15:51:24,12001,12001,12001,4
2020-01-09,15:51:24,12001,12001,12001,2
2020-01-09,15:51:25,12001,12001,12001,2
2020-01-09,15:51:25,12001,12001,12001,6
2020-01-09,15:51:26,12000,12000,12000,2
2020-01-09,15:51:26,12000,12000,12000,2
2020-01-09,15:51:29,12000,12000,12000,4
2020-01-09,15:51:34,12000,12000,12000,2
2020-01-09,15:51:34,12000,12000,12000,2
2020-01-09,15:51:36,12001,12001,12001,2
2020-01-09,15:51:36,12001,12001,12001,4
2020-01-09,15:51:37,12001,12001,12001,2
2020-01-09,15:51:41,12000,12000,12000,2
2020-01-09,15:51:41,12001,12001,12001,2
2020-01-09,15:51:45,12001,12001,12001,24
2020-01-09,15:51:45,12001,12001,12001,2
2020-01-09,15:51:46,12001,12001,12001,2
2020-01-09,15:51:48,12001,12001,12001,2
2020-01-09,15:51:55,12001,12001,12001,2
2020-01-09,15:51:59,12001,12001,12001,2
2020-01-09,15:52:04,12001,12001,12001,2
2020-01-09,15:52:12,12000,12000,12000,2
2020-01-09,15:52:12,12000,12000,12000,2
2020-01-09,15:52:17,12000,12000,12000,2
2020-01-09,15:52:17,12000,12000,12000,2
2020-01-09,15:52:17,12000,12000,12000,8
2020-01-09,15:52:17,12000,12000,12000,2
2020-01-09,15:52:17,12000,12000,12000,2
2020-01-09,15:52:17,12000,12000,12000,2
2020-01-09,15:52:17,12000,12000,12000,2
2020-01-09,15:52:17,12000,12000,12000,4
2020-01-09,15:52:17,12000,12000,12000,4
2020-01-09,15:52:17,12000,12000,12000,2
2020-01-09,15:52:28,11999,11999,11999,2
2020-01-09,15:52:28,11999,11999,11999,2
2020-01-09,15:52:29,11999,11999,11999,4
2020-01-09,15:52:30,12000,12000,12000,2
2020-01-09,15:52:31,11999,11999,11999,2
2020-01-09,15:52:33,11999,11999,11999,2
2020-01-09,15:52:36,12000,12000,12000,6
2020-01-09,15:52:36,11999,11999,11999,2
2020-01-09,15:52:38,11999,11999,11999,2
2020-01-09,15:52:38,12000,12000,12000,2
2020-01-09,15:52:45,12000,12000,12000,2
2020-01-09,15:52:46,11999,11999,11999,2
2020-01-09,15:52:47,11999,11999,11999,2
2020-01-09,15:52:48,11999,11999,11999,2
2020-01-09,15:52:49,11999,11999,11999,2
2020-01-09,15:52:54,12000,12000,12000,2
2020-01-09,15:52:56,12000,12000,12000,2
2020-01-09,15:53:04,12000,12000,12000,2
2020-01-09,15:53:10,12000,12000,12000,4
2020-01-09,15:53:11,11999,11999,11999,2
2020-01-09,15:53:13,12000,12000,12000,6
2020-01-09,15:53:14,11999,11999,11999,2
2020-01-09,15:53:18,12000,12000,12000,2
2020-01-09,15:53:19,12000,12000,12000,2
2020-01-09,15:53:19,12000,12000,12000,4
2020-01-09,15:53:20,12000,12000,12000,2
2020-01-09,15:53:20,12000,12000,12000,2
2020-01-09,15:53:23,12000,12000,12000,2
2020-01-09,15:53:23,12000,12000,12000,2
2020-01-09,15:53:24,12000,12000,12000,2
2020-01-09,15:53:25,12000,12000,12000,2
2020-01-09,15:53:35,12000,12000,12000,2
2020-01-09,15:53:43,12000,12000,12000,2
2020-01-09,15:53:48,12000,12000,12000,8
2020-01-09,15:53:51,12000,12000,12000,2
2020-01-09,15:53:51,11999,11999,11999,2
2020-01-09,15:53:57,12000,12000,12000,2
2020-01-09,15:54:02,11999,11999,11999,2
2020-01-09,15:54:08,11999,11999,11999,2
2020-01-09,15:54:08,11999,11999,11999,2
2020-01-09,15:54:08,11999,11999,11999,2
2020-01-09,15:54:08,11999,11999,11999,2
2020-01-09,15:54:08,11999,11999,11999,2
2020-01-09,15:54:08,11999,11999,11999,2
2020-01-09,15:54:08,11999,11999,11999,4
2020-01-09,15:54:08,11999,11999,11999,4
2020-01-09,15:54:08,11999,11999,11999,4
2020-01-09,15:54:08,11999,11999,11999,2
2020-01-09,15:54:08,11999,11999,11999,2
2020-01-09,15:54:08,11999,11999,11999,6
2020-01-09,15:54:08,11999,11999,11999,2
2020-01-09,15:54:08,11999,11999,11999,2
2020-01-09,15:54:08,11999,11999,11999,2
2020-01-09,15:54:08,11999,11999,11999,2
2020-01-09,15:54:08,11999,11999,11999,2
2020-01-09,15:54:08,11999,11999,11999,4
2020-01-09,15:54:11,11998,11998,11998,4
2020-01-09,15:54:12,11998,11998,11998,2
2020-01-09,15:54:14,11998,11998,11998,2
2020-01-09,15:54:17,11998,11998,11998,2
2020-01-09,15:54:18,11998,11998,11998,2
2020-01-09,15:54:18,11998,11998,11998,2
2020-01-09,15:54:18,11998,11998,11998,2
2020-01-09,15:54:20,11998,11998,11998,2
2020-01-09,15:54:21,11998,11998,11998,2
2020-01-09,15:54:21,11998,11998,11998,2
2020-01-09,15:54:30,11999,11999,11999,2
2020-01-09,15:54:31,11998,11998,11998,2
2020-01-09,15:54:32,11998,11998,11998,2
2020-01-09,15:54:35,11998,11998,11998,2
2020-01-09,15:54:35,11998,11998,11998,4
2020-01-09,15:54:35,11998,11998,11998,2
2020-01-09,15:54:35,11998,11998,11998,2
2020-01-09,15:54:35,11998,11998,11998,2
2020-01-09,15:54:38,11998,11998,11998,4
2020-01-09,15:54:38,11998,11998,11998,4
2020-01-09,15:54:38,11998,11998,11998,2
2020-01-09,15:54:42,11998,11998,11998,2
2020-01-09,15:54:48,11998,11998,11998,2
2020-01-09,15:54:48,11998,11998,11998,2
2020-01-09,15:54:50,11998,11998,11998,2
2020-01-09,15:54:53,11999,11999,11999,2
2020-01-09,15:54:55,11999,11999,11999,2
2020-01-09,15:54:55,11999,11999,11999,2
2020-01-09,15:54:55,11999,11999,11999,4
2020-01-09,15:54:59,11999,11999,11999,2
2020-01-09,15:55:00,12000,12000,12000,4
2020-01-09,15:55:10,12000,12000,12000,2
2020-01-09,15:55:11,12000,12000,12000,6
2020-01-09,15:55:20,12000,12000,12000,4
2020-01-09,15:55:26,12000,12000,12000,2
2020-01-09,15:55:35,12000,12000,12000,36
2020-01-09,15:55:35,12000,12000,12000,24
2020-01-09,15:55:40,12000,12000,12000,8
2020-01-09,15:55:40,12000,12000,12000,2
2020-01-09,15:55:44,12001,12001,12001,2
2020-01-09,15:55:47,12000,12000,12000,2
2020-01-09,15:55:49,12001,12001,12001,18
2020-01-09,15:55:52,12000,12000,12000,2
2020-01-09,15:55:59,12001,12001,12001,2
2020-01-09,15:56:00,12000,12000,12000,6
2020-01-09,15:56:07,12000,12000,12000,2
2020-01-09,15:56:09,12000,12000,12000,2
2020-01-09,15:56:10,12000,12000,12000,2
2020-01-09,15:56:10,12000,12000,12000,2
2020-01-09,15:56:10,12000,12000,12000,4
2020-01-09,15:56:10,12000,12000,12000,2
2020-01-09,15:56:13,12001,12001,12001,2
2020-01-09,15:56:18,12001,12001,12001,2
2020-01-09,15:56:20,12000,12000,12000,2
2020-01-09,15:56:20,12000,12000,12000,2
2020-01-09,15:56:20,12000,12000,12000,2
2020-01-09,15:56:22,12001,12001,12001,2
2020-01-09,15:56:29,12001,12001,12001,2
2020-01-09,15:56:32,12000,12000,12000,2
2020-01-09,15:56:35,12001,12001,12001,10
2020-01-09,15:56:38,12001,12001,12001,4
2020-01-09,15:56:38,12001,12001,12001,2
2020-01-09,15:56:40,12000,12000,12000,2
2020-01-09,15:56:45,12000,12000,12000,2
2020-01-09,15:56:47,12001,12001,12001,2
2020-01-09,15:56:50,12001,12001,12001,12
2020-01-09,15:56:50,12001,12001,12001,8
2020-01-09,15:56:50,12001,12001,12001,8
2020-01-09,15:56:50,12001,12001,12001,2
2020-01-09,15:56:54,12002,12002,12002,2
2020-01-09,15:57:01,12001,12001,12001,2
2020-01-09,15:57:02,12002,12002,12002,2
2020-01-09,15:57:03,12001,12001,12001,2
2020-01-09,15:57:24,12002,12002,12002,4
2020-01-09,15:57:24,12001,12001,12001,2
2020-01-09,15:57:30,12002,12002,12002,4
2020-01-09,15:57:30,12001,12001,12001,2
2020-01-09,15:57:44,12001,12001,12001,2
2020-01-09,15:57:45,12002,12002,12002,2
2020-01-09,15:57:46,12001,12001,12001,2
2020-01-09,15:57:46,12001,12001,12001,2
2020-01-09,15:57:46,12001,12001,12001,6
2020-01-09,15:57:49,12001,12001,12001,2
2020-01-09,15:57:49,12001,12001,12001,4
2020-01-09,15:57:49,12001,12001,12001,2
2020-01-09,15:57:49,12001,12001,12001,2
2020-01-09,15:57:49,12002,12002,12002,10
2020-01-09,15:57:53,12002,12002,12002,2
2020-01-09,15:57:57,12001,12001,12001,2
2020-01-09,15:57:58,12002,12002,12002,2
2020-01-09,15:58:00,12002,12002,12002,2
2020-01-09,15:58:26,12002,12002,12002,4
2020-01-09,15:58:28,12002,12002,12002,2
2020-01-09,15:58:31,12002,12002,12002,2
2020-01-09,15:58:32,12002,12002,12002,4
2020-01-09,15:58:37,12002,12002,12002,2
2020-01-09,15:58:38,12001,12001,12001,2
2020-01-09,15:58:38,12001,12001,12001,2
2020-01-09,15:58:39,12002,12002,12002,4
2020-01-09,15:58:42,12002,12002,12002,8
2020-01-09,15:58:42,12002,12002,12002,2
2020-01-09,15:58:44,12003,12003,12003,10
2020-01-09,15:58:44,12003,12003,12003,8
2020-01-09,15:58:44,12003,12003,12003,16
2020-01-09,15:58:44,12003,12003,12003,12
2020-01-09,15:58:44,12003,12003,12003,4
2020-01-09,15:58:44,12003,12003,12003,2
2020-01-09,15:58:44,12002,12002,12002,2
2020-01-09,15:58:49,12003,12003,12003,2
2020-01-09,15:58:54,12003,12003,12003,10
2020-01-09,15:58:55,12004,12004,12004,4
2020-01-09,15:58:55,12002,12002,12002,6
2020-01-09,15:58:55,12002,12002,12002,2
2020-01-09,15:58:55,12002,12002,12002,2
2020-01-09,15:58:56,12002,12002,12002,2
2020-01-09,15:58:56,12002,12002,12002,2
2020-01-09,15:58:56,12002,12002,12002,2
2020-01-09,15:58:56,12002,12002,12002,2
2020-01-09,15:58:56,12002,12002,12002,2
2020-01-09,15:58:58,12002,12002,12002,4
2020-01-09,15:58:58,12002,12002,12002,2
