2019-04-10,15:00:00.026000,10861,10862,10861,29
2019-04-10,15:00:00.075000,10861,10862,10862,1
2019-04-10,15:00:00.097000,10861,10862,10861,7
2019-04-10,15:00:00.198000,10860,10862,10862,2
2019-04-10,15:00:00.391000,10860,10861,10861,2
2019-04-10,15:00:00.477000,10860,10861,10861,1
2019-04-10,15:00:00.550000,10860,10861,10861,1
2019-04-10,15:00:00.621000,10860,10861,10861,1
2019-04-10,15:00:00.684000,10860,10861,10862,1
2019-04-10,15:00:00.821000,10861,10862,10862,6
2019-04-10,15:00:01.168000,10861,10862,10862,2
2019-04-10,15:00:01.198000,10861,10862,10862,3
2019-04-10,15:00:01.507000,10862,10863,10862,1
2019-04-10,15:00:01.728000,10862,10863,10863,2
2019-04-10,15:00:02.254000,10862,10863,10863,1
2019-04-10,15:00:02.404000,10862,10863,10862,3
2019-04-10,15:00:02.404000,10862,10863,10861,2
2019-04-10,15:00:02.596000,10862,10863,10862,2
2019-04-10,15:00:04.583000,10861,10862,10862,1
2019-04-10,15:00:08.571000,10861,10863,10862,1
2019-04-10,15:00:08.573000,10861,10863,10862,2
2019-04-10,15:00:08.577000,10861,10863,10862,2
2019-04-10,15:00:08.579000,10861,10863,10862,2
2019-04-10,15:00:09.367000,10862,10863,10863,1
2019-04-10,15:00:09.752000,10862,10863,10862,1
2019-04-10,15:00:11.582000,10861,10862,10862,1
2019-04-10,15:00:13.111000,10861,10862,10862,1
2019-04-10,15:00:14.565000,10861,10862,10862,2
2019-04-10,15:00:15.459000,10861,10862,10862,2
2019-04-10,15:00:15.890000,10861,10862,10862,1
2019-04-10,15:00:17.678000,10861,10862,10862,2
2019-04-10,15:00:17.844000,10862,10863,10863,1
2019-04-10,15:00:18.713000,10862,10863,10862,3
2019-04-10,15:00:18.713000,10862,10863,10861,1
2019-04-10,15:00:19.549000,10861,10863,10861,2
2019-04-10,15:00:21.981000,10861,10862,10862,1
2019-04-10,15:00:24.143000,10861,10862,10862,1
2019-04-10,15:00:30.085000,10862,10863,10863,1
2019-04-10,15:00:31.503000,10862,10863,10863,1
2019-04-10,15:00:32.013000,10862,10863,10862,15
2019-04-10,15:00:32.013000,10862,10863,10861,4
2019-04-10,15:00:34.527000,10862,10863,10862,1
2019-04-10,15:00:37.069000,10862,10863,10863,2
2019-04-10,15:00:40.162000,10862,10863,10862,1
2019-04-10,15:00:40.503000,10862,10863,10863,1
2019-04-10,15:00:40.918000,10862,10863,10863,2
2019-04-10,15:00:45.776000,10862,10863,10863,1
2019-04-10,15:00:49.146000,10862,10863,10863,1
2019-04-10,15:00:49.146000,10862,10863,10864,1
2019-04-10,15:00:51.328000,10862,10864,10862,1
2019-04-10,15:00:55.440000,10862,10863,10863,2
2019-04-10,15:00:56.641000,10862,10863,10862,1
2019-04-10,15:00:58.588000,10862,10863,10862,1
2019-04-10,15:01:00.049000,10862,10863,10862,3
2019-04-10,15:01:00.050000,10862,10863,10862,4
2019-04-10,15:01:00.051000,10862,10863,10862,2
2019-04-10,15:01:00.052000,10862,10863,10862,3
2019-04-10,15:01:00.056000,10862,10863,10862,3
2019-04-10,15:01:00.163000,10862,10863,10863,2
2019-04-10,15:01:00.995000,10862,10863,10863,4
2019-04-10,15:01:01.412000,10862,10863,10862,2
2019-04-10,15:01:01.474000,10862,10863,10862,1
2019-04-10,15:01:01.651000,10862,10863,10863,2
2019-04-10,15:01:03.190000,10862,10863,10863,1
2019-04-10,15:01:04.920000,10862,10863,10863,1
2019-04-10,15:01:04.954000,10862,10863,10863,1
2019-04-10,15:01:05.095000,10862,10863,10863,1
2019-04-10,15:01:05.793000,10862,10863,10863,2
2019-04-10,15:01:09.277000,10862,10864,10864,2
2019-04-10,15:01:11.650000,10862,10863,10863,1
2019-04-10,15:01:12.419000,10862,10863,10863,2
2019-04-10,15:01:16.437000,10862,10864,10864,2
2019-04-10,15:01:17.241000,10863,10864,10863,1
2019-04-10,15:01:18.734000,10862,10864,10862,1
2019-04-10,15:01:24.535000,10863,10864,10864,2
2019-04-10,15:01:31.741000,10863,10864,10864,2
2019-04-10,15:01:38.600000,10863,10864,10863,1
2019-04-10,15:01:38.601000,10863,10864,10863,3
2019-04-10,15:01:38.688000,10862,10864,10863,1
2019-04-10,15:01:38.834000,10862,10863,10863,2
2019-04-10,15:01:40.342000,10862,10863,10863,2
2019-04-10,15:01:40.742000,10863,10864,10863,1
2019-04-10,15:01:42.184000,10862,10863,10863,4
2019-04-10,15:01:45.082000,10863,10864,10863,1
2019-04-10,15:01:46.280000,10863,10864,10864,2
2019-04-10,15:01:46.964000,10863,10864,10864,1
2019-04-10,15:01:48.806000,10863,10864,10863,1
2019-04-10,15:01:53.885000,10863,10864,10863,1
2019-04-10,15:01:54.063000,10863,10864,10864,2
2019-04-10,15:01:59.644000,10863,10864,10864,4
2019-04-10,15:02:00.036000,10863,10864,10863,1
2019-04-10,15:02:00.047000,10863,10864,10863,1
2019-04-10,15:02:00.049000,10863,10864,10863,1
2019-04-10,15:02:00.182000,10863,10864,10863,1
2019-04-10,15:02:02.046000,10862,10864,10864,2
2019-04-10,15:02:05.839000,10863,10864,10864,1
2019-04-10,15:02:07.836000,10863,10864,10864,2
2019-04-10,15:02:09.241000,10863,10864,10864,4
2019-04-10,15:02:12.431000,10863,10864,10864,2
2019-04-10,15:02:14.057000,10863,10864,10864,2
2019-04-10,15:02:16.898000,10863,10864,10864,1
2019-04-10,15:02:17.717000,10863,10864,10864,1
2019-04-10,15:02:18.804000,10863,10864,10864,4
2019-04-10,15:02:19.606000,10864,10865,10864,1
2019-04-10,15:02:21.435000,10864,10865,10865,2
2019-04-10,15:02:27.453000,10864,10865,10865,10
2019-04-10,15:02:28.552000,10864,10865,10865,1
2019-04-10,15:02:28.846000,10865,10866,10866,1
2019-04-10,15:02:28.998000,10865,10866,10865,1
2019-04-10,15:02:29.298000,10865,10866,10865,1
2019-04-10,15:02:29.895000,10865,10866,10866,2
2019-04-10,15:02:30.600000,10865,10866,10865,1
2019-04-10,15:02:31.992000,10865,10866,10865,2
2019-04-10,15:02:37.050000,10865,10866,10866,2
2019-04-10,15:02:39.996000,10865,10866,10866,2
2019-04-10,15:02:40.808000,10865,10866,10866,1
2019-04-10,15:02:43.554000,10865,10866,10866,2
2019-04-10,15:02:44.311000,10865,10866,10865,1
2019-04-10,15:02:45.964000,10865,10866,10866,1
2019-04-10,15:02:48.376000,10865,10866,10866,1
2019-04-10,15:02:49.188000,10865,10866,10866,1
2019-04-10,15:02:49.825000,10865,10866,10866,2
2019-04-10,15:02:49.918000,10865,10866,10866,1
2019-04-10,15:02:49.918000,10865,10866,10866,5
2019-04-10,15:02:49.918000,10865,10866,10866,5
2019-04-10,15:02:51.119000,10866,10867,10866,1
2019-04-10,15:02:53.379000,10866,10867,10866,1
2019-04-10,15:02:54.827000,10866,10867,10867,1
2019-04-10,15:02:56.107000,10866,10867,10867,2
2019-04-10,15:02:56.583000,10866,10867,10867,2
2019-04-10,15:02:56.687000,10866,10867,10867,1
2019-04-10,15:02:56.728000,10866,10867,10867,1
2019-04-10,15:02:57.311000,10866,10867,10867,2
2019-04-10,15:02:58.593000,10866,10867,10866,1
2019-04-10,15:03:00.033000,10866,10867,10866,1
2019-04-10,15:03:00.058000,10866,10867,10866,1
2019-04-10,15:03:00.066000,10866,10867,10866,1
2019-04-10,15:03:02.610000,10866,10867,10867,1
2019-04-10,15:03:03.697000,10866,10867,10867,1
2019-04-10,15:03:04.006000,10866,10867,10866,1
2019-04-10,15:03:04.971000,10866,10867,10867,2
2019-04-10,15:03:06.552000,10866,10867,10867,1
2019-04-10,15:03:07.941000,10866,10867,10867,1
2019-04-10,15:03:09.795000,10866,10867,10867,1
2019-04-10,15:03:10.834000,10866,10867,10867,1
2019-04-10,15:03:10.918000,10866,10867,10867,1
2019-04-10,15:03:14.137000,10866,10867,10867,2
2019-04-10,15:03:16.696000,10866,10867,10867,1
2019-04-10,15:03:17.048000,10866,10867,10867,1
2019-04-10,15:03:17.512000,10866,10867,10867,1
2019-04-10,15:03:18.020000,10866,10867,10867,1
2019-04-10,15:03:19.290000,10866,10867,10867,2
2019-04-10,15:03:22.395000,10866,10867,10867,1
2019-04-10,15:03:23.541000,10866,10867,10867,1
2019-04-10,15:03:26.467000,10866,10867,10867,2
2019-04-10,15:03:29.315000,10866,10867,10867,2
2019-04-10,15:03:29.445000,10866,10867,10867,21
2019-04-10,15:03:34.082000,10867,10868,10868,2
2019-04-10,15:03:34.406000,10867,10868,10867,1
2019-04-10,15:03:35.086000,10867,10868,10868,1
2019-04-10,15:03:36.853000,10867,10868,10867,2
2019-04-10,15:03:38.358000,10867,10868,10868,1
2019-04-10,15:03:40.359000,10867,10868,10868,2
2019-04-10,15:03:42.692000,10867,10868,10868,20
2019-04-10,15:03:42.793000,10867,10868,10868,3
2019-04-10,15:03:43.824000,10867,10869,10867,3
2019-04-10,15:03:44.980000,10868,10869,10868,1
2019-04-10,15:03:45.481000,10868,10869,10868,1
2019-04-10,15:03:48.692000,10868,10869,10868,1
2019-04-10,15:03:48.825000,10868,10869,10869,2
2019-04-10,15:03:48.944000,10868,10869,10869,1
2019-04-10,15:03:49.117000,10868,10869,10869,5
2019-04-10,15:03:49.163000,10868,10869,10869,3
2019-04-10,15:03:49.172000,10868,10869,10869,3
2019-04-10,15:03:49.175000,10868,10869,10869,1
2019-04-10,15:03:49.176000,10868,10869,10869,2
2019-04-10,15:03:49.185000,10868,10869,10869,1
2019-04-10,15:03:49.192000,10868,10869,10869,4
2019-04-10,15:03:49.199000,10868,10869,10869,1
2019-04-10,15:03:49.200000,10868,10869,10869,1
2019-04-10,15:03:49.201000,10868,10869,10869,1
2019-04-10,15:03:49.210000,10868,10869,10869,1
2019-04-10,15:03:49.217000,10868,10869,10869,3
2019-04-10,15:03:49.220000,10868,10869,10869,1
2019-04-10,15:03:49.263000,10868,10869,10869,1
2019-04-10,15:03:49.293000,10868,10869,10869,1
2019-04-10,15:03:49.299000,10868,10869,10869,1
2019-04-10,15:03:49.320000,10868,10869,10869,2
2019-04-10,15:03:49.362000,10868,10869,10869,6
2019-04-10,15:03:49.362000,10868,10869,10870,12
2019-04-10,15:03:49.483000,10869,10870,10870,1
2019-04-10,15:03:49.487000,10869,10870,10870,5
2019-04-10,15:03:49.488000,10869,10870,10870,1
2019-04-10,15:03:49.543000,10869,10870,10870,1
2019-04-10,15:03:49.543000,10869,10870,10870,5
2019-04-10,15:03:49.898000,10869,10871,10871,2
2019-04-10,15:03:49.899000,10869,10871,10871,1
2019-04-10,15:03:49.902000,10869,10871,10871,1
2019-04-10,15:03:49.994000,10869,10871,10871,3
2019-04-10,15:03:50.015000,10869,10871,10871,1
2019-04-10,15:03:50.038000,10869,10871,10871,1
2019-04-10,15:03:50.055000,10870,10871,10871,1
2019-04-10,15:03:50.113000,10870,10871,10871,1
2019-04-10,15:03:50.113000,10870,10871,10872,2
2019-04-10,15:03:50.152000,10870,10871,10872,1
2019-04-10,15:03:50.623000,10870,10871,10870,1
2019-04-10,15:03:50.665000,10870,10871,10871,2
2019-04-10,15:03:50.813000,10870,10872,10871,1
2019-04-10,15:03:50.874000,10870,10872,10871,1
2019-04-10,15:03:50.918000,10871,10872,10871,1
2019-04-10,15:03:51.087000,10870,10872,10870,1
2019-04-10,15:03:51.844000,10870,10871,10871,1
2019-04-10,15:03:51.892000,10870,10871,10870,5
2019-04-10,15:03:51.918000,10870,10871,10870,1
2019-04-10,15:03:52.881000,10869,10871,10871,1
2019-04-10,15:03:52.935000,10869,10871,10870,1
2019-04-10,15:03:53.687000,10869,10870,10870,1
2019-04-10,15:03:54.170000,10869,10870,10870,1
2019-04-10,15:03:54.170000,10869,10870,10871,4
2019-04-10,15:03:54.173000,10869,10870,10870,1
2019-04-10,15:03:54.321000,10869,10870,10869,1
2019-04-10,15:03:54.700000,10869,10870,10870,1
2019-04-10,15:03:54.913000,10869,10870,10869,1
2019-04-10,15:03:55.213000,10869,10870,10870,1
2019-04-10,15:03:56.788000,10869,10870,10870,2
2019-04-10,15:03:57.123000,10869,10870,10870,1
2019-04-10,15:03:57.944000,10869,10870,10869,8
2019-04-10,15:03:58.234000,10869,10870,10869,1
2019-04-10,15:03:58.293000,10869,10870,10869,2
2019-04-10,15:03:58.528000,10868,10870,10869,1
2019-04-10,15:03:59.068000,10868,10869,10869,1
2019-04-10,15:04:00.032000,10868,10869,10868,1
2019-04-10,15:04:01.052000,10868,10869,10869,21
2019-04-10,15:04:01.738000,10868,10869,10869,4
2019-04-10,15:04:01.738000,10868,10869,10870,1
2019-04-10,15:04:02.036000,10868,10870,10868,1
2019-04-10,15:04:02.521000,10868,10869,10869,2
2019-04-10,15:04:03.357000,10868,10869,10869,2
2019-04-10,15:04:04.649000,10868,10869,10869,1
2019-04-10,15:04:04.881000,10868,10869,10869,1
2019-04-10,15:04:05.128000,10868,10869,10869,5
2019-04-10,15:04:05.462000,10868,10869,10869,1
2019-04-10,15:04:08.220000,10868,10870,10870,1
2019-04-10,15:04:11.920000,10869,10870,10869,9
2019-04-10,15:04:12.043000,10869,10870,10869,2
2019-04-10,15:04:16.362000,10868,10869,10869,1
2019-04-10,15:04:17.596000,10868,10869,10868,1
2019-04-10,15:04:18.108000,10868,10869,10869,1
2019-04-10,15:04:18.344000,10868,10869,10869,1
2019-04-10,15:04:18.368000,10868,10869,10868,1
2019-04-10,15:04:18.813000,10868,10869,10869,1
2019-04-10,15:04:19.653000,10868,10869,10869,2
2019-04-10,15:04:20.662000,10868,10869,10869,1
2019-04-10,15:04:20.662000,10868,10869,10870,1
2019-04-10,15:04:22.999000,10868,10869,10869,1
2019-04-10,15:04:26.616000,10868,10869,10869,4
2019-04-10,15:04:26.616000,10868,10869,10870,6
2019-04-10,15:04:28.117000,10868,10869,10869,3
2019-04-10,15:04:28.243000,10868,10869,10869,1
2019-04-10,15:04:28.310000,10869,10870,10869,1
2019-04-10,15:04:29.622000,10868,10870,10868,1
2019-04-10,15:04:32.076000,10869,10870,10869,2
2019-04-10,15:04:39.401000,10868,10869,10869,6
2019-04-10,15:04:40.107000,10868,10869,10869,1
2019-04-10,15:04:43.050000,10868,10869,10869,2
2019-04-10,15:04:43.221000,10868,10869,10869,1
2019-04-10,15:04:44.537000,10868,10869,10868,5
2019-04-10,15:04:44.539000,10868,10869,10868,24
2019-04-10,15:04:46.830000,10867,10868,10868,1
2019-04-10,15:04:47.752000,10867,10868,10868,1
2019-04-10,15:04:48.208000,10867,10868,10868,2
2019-04-10,15:04:49.752000,10867,10869,10867,1
2019-04-10,15:04:56.792000,10868,10869,10868,1
2019-04-10,15:04:58.823000,10868,10869,10868,1
2019-04-10,15:05:00.001000,10868,10869,10869,25
2019-04-10,15:05:00.708000,10868,10869,10869,1
2019-04-10,15:05:00.795000,10868,10869,10868,3
2019-04-10,15:05:01.949000,10867,10869,10869,1
2019-04-10,15:05:03.295000,10868,10869,10869,1
2019-04-10,15:05:04.714000,10868,10869,10868,1
2019-04-10,15:05:08.060000,10868,10869,10868,1
2019-04-10,15:05:08.302000,10868,10869,10868,1
2019-04-10,15:05:11.318000,10867,10868,10868,1
2019-04-10,15:05:19.536000,10867,10868,10868,2
2019-04-10,15:05:24.141000,10867,10868,10868,1
2019-04-10,15:05:24.541000,10867,10868,10868,1
2019-04-10,15:05:31.274000,10867,10868,10868,1
2019-04-10,15:05:36.569000,10867,10868,10868,1
2019-04-10,15:05:36.708000,10867,10868,10867,1
2019-04-10,15:05:52.066000,10867,10868,10867,1
2019-04-10,15:05:54.142000,10867,10868,10868,1
2019-04-10,15:05:55.141000,10867,10868,10868,1
2019-04-10,15:05:56.126000,10867,10868,10868,1
2019-04-10,15:05:57.153000,10867,10868,10868,1
2019-04-10,15:06:00.298000,10867,10868,10868,5
2019-04-10,15:06:00.418000,10867,10868,10868,2
2019-04-10,15:06:00.418000,10867,10868,10868,2
2019-04-10,15:06:00.418000,10867,10868,10868,2
2019-04-10,15:06:00.462000,10867,10868,10868,2
2019-04-10,15:06:00.543000,10867,10868,10868,3
2019-04-10,15:06:00.663000,10867,10868,10868,1
2019-04-10,15:06:00.829000,10868,10869,10868,1
2019-04-10,15:06:02.693000,10868,10869,10869,5
2019-04-10,15:06:04.704000,10868,10869,10869,5
2019-04-10,15:06:07.459000,10868,10869,10869,5
2019-04-10,15:06:09.034000,10868,10869,10868,1
2019-04-10,15:06:09.732000,10868,10869,10868,1
2019-04-10,15:06:14.086000,10868,10869,10868,1
2019-04-10,15:06:14.924000,10868,10869,10868,1
2019-04-10,15:06:15.015000,10868,10869,10869,1
2019-04-10,15:06:22.487000,10868,10869,10868,1
2019-04-10,15:06:32.362000,10868,10869,10868,1
2019-04-10,15:06:37.584000,10868,10869,10868,4
2019-04-10,15:06:58.714000,10868,10869,10868,10
2019-04-10,15:07:02.015000,10868,10869,10868,1
2019-04-10,15:07:03.310000,10867,10868,10868,1
2019-04-10,15:07:05.044000,10867,10868,10868,2
2019-04-10,15:07:05.695000,10867,10868,10867,4
2019-04-10,15:07:19.376000,10867,10868,10868,1
2019-04-10,15:07:20.907000,10867,10868,10868,1
2019-04-10,15:07:22.756000,10867,10868,10868,1
2019-04-10,15:07:23.538000,10867,10868,10867,1
2019-04-10,15:07:31.432000,10867,10868,10867,1
2019-04-10,15:07:33.964000,10867,10868,10868,5
2019-04-10,15:07:44.520000,10867,10868,10868,1
2019-04-10,15:07:45.391000,10867,10868,10868,1
2019-04-10,15:08:02.938000,10867,10868,10868,3
2019-04-10,15:08:08.144000,10867,10868,10868,1
2019-04-10,15:08:15.012000,10868,10869,10868,4
2019-04-10,15:08:35.387000,10868,10869,10868,1
2019-04-10,15:08:35.525000,10868,10869,10868,1
2019-04-10,15:08:36.082000,10868,10869,10868,1
2019-04-10,15:08:36.093000,10868,10869,10868,2
2019-04-10,15:08:45.595000,10868,10869,10868,2
2019-04-10,15:08:46.924000,10868,10869,10868,1
2019-04-10,15:08:52.077000,10868,10869,10868,1
2019-04-10,15:09:03.161000,10868,10869,10868,1
2019-04-10,15:09:07.548000,10868,10869,10868,1
2019-04-10,15:09:08.941000,10868,10869,10868,1
2019-04-10,15:09:11.009000,10868,10869,10868,1
2019-04-10,15:09:11.054000,10868,10869,10868,2
2019-04-10,15:09:14.357000,10868,10869,10868,1
2019-04-10,15:09:19.437000,10868,10869,10868,1
2019-04-10,15:09:22.088000,10868,10869,10868,1
2019-04-10,15:09:24.979000,10868,10869,10868,4
2019-04-10,15:09:32.937000,10868,10869,10868,1
2019-04-10,15:09:36.322000,10868,10869,10868,2
2019-04-10,15:09:40.926000,10868,10869,10868,1
2019-04-10,15:09:43.068000,10868,10869,10869,1
2019-04-10,15:09:43.068000,10868,10869,10869,2
2019-04-10,15:09:43.168000,10868,10869,10869,1
2019-04-10,15:09:43.168000,10868,10869,10869,20
2019-04-10,15:09:43.293000,10868,10869,10869,22
2019-04-10,15:09:43.293000,10868,10869,10869,1
2019-04-10,15:09:43.293000,10868,10869,10869,1
2019-04-10,15:09:48.300000,10869,10870,10869,3
2019-04-10,15:09:56.048000,10869,10870,10869,1
2019-04-10,15:10:00.528000,10869,10870,10869,1
2019-04-10,15:10:02.584000,10869,10870,10869,5
2019-04-10,15:10:06.947000,10869,10870,10870,2
2019-04-10,15:10:07.072000,10869,10870,10869,1
2019-04-10,15:10:07.511000,10869,10870,10869,1
2019-04-10,15:10:12.574000,10868,10869,10869,1
2019-04-10,15:10:42.380000,10869,10870,10869,1
2019-04-10,15:10:53.668000,10869,10870,10870,1
2019-04-10,15:10:53.670000,10869,10870,10870,29
2019-04-10,15:11:01.935000,10870,10871,10871,5
2019-04-10,15:11:02.906000,10870,10871,10871,1
2019-04-10,15:11:02.910000,10870,10871,10871,1
2019-04-10,15:11:03.153000,10870,10871,10871,1
2019-04-10,15:11:03.189000,10870,10871,10871,1
2019-04-10,15:11:05.381000,10870,10871,10871,1
2019-04-10,15:11:10.670000,10870,10871,10871,2
2019-04-10,15:11:20.740000,10870,10871,10871,2
2019-04-10,15:11:27.315000,10870,10871,10871,12
2019-04-10,15:11:27.746000,10871,10872,10871,3
2019-04-10,15:11:27.863000,10871,10872,10871,1
2019-04-10,15:11:29.093000,10871,10872,10871,1
2019-04-10,15:11:37.751000,10871,10872,10871,1
2019-04-10,15:11:40.768000,10871,10872,10871,1
2019-04-10,15:11:49.291000,10871,10872,10872,1
2019-04-10,15:11:49.533000,10871,10872,10872,1
2019-04-10,15:11:49.579000,10871,10872,10872,1
2019-04-10,15:11:49.625000,10871,10872,10872,1
2019-04-10,15:11:49.647000,10871,10872,10872,1
2019-04-10,15:11:49.723000,10871,10872,10872,3
2019-04-10,15:11:49.801000,10871,10872,10872,1
2019-04-10,15:11:49.973000,10871,10872,10872,2
2019-04-10,15:11:50.083000,10871,10872,10872,1
2019-04-10,15:11:50.088000,10871,10872,10872,1
2019-04-10,15:11:50.092000,10871,10872,10872,1
2019-04-10,15:11:50.129000,10871,10872,10872,1
2019-04-10,15:11:50.174000,10871,10872,10872,1
2019-04-10,15:11:50.507000,10871,10872,10872,2
2019-04-10,15:11:50.687000,10871,10872,10872,1
2019-04-10,15:11:50.747000,10871,10872,10872,1
2019-04-10,15:11:51.468000,10871,10872,10872,5
2019-04-10,15:11:53.189000,10871,10872,10872,10
2019-04-10,15:11:53.295000,10871,10872,10872,3
2019-04-10,15:11:54.205000,10872,10873,10873,27
2019-04-10,15:11:54.378000,10872,10874,10874,1
2019-04-10,15:11:54.514000,10872,10874,10874,1
2019-04-10,15:11:54.522000,10872,10874,10874,1
2019-04-10,15:11:54.605000,10872,10874,10874,1
2019-04-10,15:11:54.612000,10872,10874,10874,1
2019-04-10,15:11:54.615000,10872,10874,10874,1
2019-04-10,15:11:54.674000,10872,10874,10874,1
2019-04-10,15:11:54.714000,10872,10874,10874,1
2019-04-10,15:11:54.755000,10872,10874,10874,1
2019-04-10,15:11:54.870000,10872,10874,10874,1
2019-04-10,15:11:55.043000,10873,10874,10873,1
2019-04-10,15:11:55.062000,10873,10874,10874,1
2019-04-10,15:11:55.298000,10873,10874,10874,1
2019-04-10,15:11:55.303000,10873,10874,10874,1
2019-04-10,15:11:55.568000,10873,10874,10874,1
2019-04-10,15:11:55.612000,10873,10874,10874,1
2019-04-10,15:11:57.581000,10873,10874,10873,1
2019-04-10,15:11:57.685000,10873,10874,10874,1
2019-04-10,15:11:59.966000,10873,10874,10874,1
2019-04-10,15:12:02.420000,10873,10874,10874,1
2019-04-10,15:12:02.924000,10873,10874,10874,2
2019-04-10,15:12:03.496000,10873,10874,10874,1
2019-04-10,15:12:06.127000,10873,10874,10874,1
2019-04-10,15:12:06.178000,10873,10874,10874,2
2019-04-10,15:12:10.984000,10873,10874,10873,1
2019-04-10,15:12:11.418000,10873,10874,10873,2
2019-04-10,15:12:14.275000,10872,10873,10873,2
2019-04-10,15:12:15.632000,10872,10873,10873,3
2019-04-10,15:12:17.643000,10872,10873,10873,1
2019-04-10,15:12:20.562000,10872,10873,10873,1
2019-04-10,15:12:24.864000,10872,10873,10872,1
2019-04-10,15:12:25.195000,10872,10873,10873,1
2019-04-10,15:12:25.387000,10872,10873,10873,1
2019-04-10,15:12:25.764000,10872,10873,10872,1
2019-04-10,15:12:31.319000,10872,10873,10872,1
2019-04-10,15:12:31.418000,10872,10873,10872,7
2019-04-10,15:12:44.211000,10871,10872,10872,1
2019-04-10,15:12:45.443000,10871,10872,10872,2
2019-04-10,15:12:48.490000,10871,10872,10872,2
2019-04-10,15:12:48.731000,10871,10872,10871,3
2019-04-10,15:12:48.827000,10871,10872,10871,1
2019-04-10,15:12:49.156000,10871,10872,10871,1
2019-04-10,15:12:49.812000,10871,10872,10872,1
2019-04-10,15:12:51.773000,10871,10872,10872,1
2019-04-10,15:12:51.773000,10871,10872,10872,1
2019-04-10,15:12:51.773000,10871,10872,10872,1
2019-04-10,15:12:51.775000,10871,10872,10872,1
2019-04-10,15:12:56.479000,10872,10873,10873,2
2019-04-10,15:13:14.630000,10872,10873,10873,1
2019-04-10,15:13:19.038000,10872,10873,10873,5
2019-04-10,15:13:26.513000,10872,10873,10872,1
2019-04-10,15:13:29.805000,10872,10873,10873,1
2019-04-10,15:13:34.493000,10872,10873,10873,1
2019-04-10,15:13:34.627000,10872,10873,10872,1
2019-04-10,15:13:38.429000,10872,10873,10872,5
2019-04-10,15:13:45.497000,10872,10873,10872,2
2019-04-10,15:13:49.386000,10872,10873,10872,11
2019-04-10,15:13:59.602000,10871,10872,10872,1
2019-04-10,15:14:08.015000,10871,10872,10872,1
2019-04-10,15:14:08.985000,10871,10872,10872,1
2019-04-10,15:14:11.725000,10871,10872,10871,1
2019-04-10,15:14:24.292000,10871,10872,10871,2
2019-04-10,15:14:32.061000,10871,10872,10871,1
2019-04-10,15:14:38.578000,10871,10872,10871,1
2019-04-10,15:14:51.527000,10871,10872,10872,1
2019-04-10,15:14:52.135000,10871,10872,10871,2
2019-04-10,15:14:52.345000,10871,10872,10872,1
2019-04-10,15:14:52.495000,10871,10872,10872,17
2019-04-10,15:14:54.132000,10871,10872,10872,1
2019-04-10,15:14:56.273000,10871,10872,10872,2
2019-04-10,15:14:56.273000,10871,10872,10872,12
2019-04-10,15:14:56.274000,10871,10872,10872,1
2019-04-10,15:15:02.719000,10872,10873,10872,1
2019-04-10,15:15:02.968000,10872,10873,10873,1
2019-04-10,15:15:03.152000,10872,10873,10873,1
2019-04-10,15:15:03.191000,10872,10873,10872,7
2019-04-10,15:15:14.951000,10872,10873,10873,1
2019-04-10,15:15:15.073000,10872,10873,10872,7
2019-04-10,15:15:19.291000,10872,10873,10873,4
2019-04-10,15:15:19.293000,10872,10873,10873,5
2019-04-10,15:15:19.294000,10872,10873,10873,13
2019-04-10,15:15:25.102000,10873,10874,10873,1
2019-04-10,15:15:26.703000,10873,10874,10873,1
2019-04-10,15:15:27.154000,10873,10874,10873,4
2019-04-10,15:15:32.903000,10873,10874,10873,1
2019-04-10,15:15:33.838000,10873,10874,10874,3
2019-04-10,15:15:33.846000,10873,10874,10874,3
2019-04-10,15:15:33.854000,10873,10874,10874,2
2019-04-10,15:15:33.903000,10873,10874,10874,1
2019-04-10,15:15:33.961000,10873,10874,10874,1
2019-04-10,15:15:33.972000,10873,10874,10874,1
2019-04-10,15:15:34.304000,10873,10874,10874,1
2019-04-10,15:15:34.439000,10873,10874,10874,1
2019-04-10,15:15:34.450000,10873,10874,10874,1
2019-04-10,15:15:34.460000,10873,10874,10875,1
2019-04-10,15:15:34.612000,10873,10875,10875,15
2019-04-10,15:15:34.664000,10873,10875,10875,1
2019-04-10,15:15:34.718000,10874,10875,10875,1
2019-04-10,15:15:35.370000,10874,10875,10874,1
2019-04-10,15:15:35.708000,10874,10875,10875,1
2019-04-10,15:15:38.194000,10874,10875,10875,1
2019-04-10,15:15:40.217000,10874,10875,10875,1
2019-04-10,15:15:40.721000,10874,10875,10875,1
2019-04-10,15:15:46.808000,10874,10875,10875,1
2019-04-10,15:15:48.411000,10874,10875,10875,2
2019-04-10,15:15:50.210000,10874,10875,10875,6
2019-04-10,15:15:54.854000,10874,10875,10875,1
2019-04-10,15:15:55.229000,10874,10875,10875,1
2019-04-10,15:15:55.370000,10874,10875,10875,6
2019-04-10,15:15:56.741000,10875,10876,10876,1
2019-04-10,15:15:56.942000,10875,10876,10876,1
2019-04-10,15:15:57.044000,10875,10876,10875,1
2019-04-10,15:15:57.259000,10875,10876,10875,1
2019-04-10,15:15:57.267000,10875,10876,10876,1
2019-04-10,15:15:57.419000,10875,10876,10875,2
2019-04-10,15:16:01.554000,10875,10876,10876,2
2019-04-10,15:16:07.579000,10875,10876,10876,1
2019-04-10,15:16:09.416000,10875,10876,10875,3
2019-04-10,15:16:09.740000,10875,10876,10875,1
2019-04-10,15:16:09.869000,10875,10876,10875,1
2019-04-10,15:16:10.413000,10875,10876,10876,1
2019-04-10,15:16:11.009000,10875,10876,10876,1
2019-04-10,15:16:11.855000,10875,10876,10876,1
2019-04-10,15:16:12.007000,10875,10876,10876,1
2019-04-10,15:16:12.635000,10875,10876,10876,1
2019-04-10,15:16:12.743000,10875,10876,10876,1
2019-04-10,15:16:13.575000,10875,10876,10876,1
2019-04-10,15:16:13.641000,10875,10876,10875,2
2019-04-10,15:16:14.285000,10875,10876,10876,1
2019-04-10,15:16:23.770000,10875,10876,10875,2
2019-04-10,15:16:25.836000,10875,10876,10875,1
2019-04-10,15:16:26.601000,10875,10876,10876,5
2019-04-10,15:16:30.097000,10875,10876,10875,1
2019-04-10,15:16:31.363000,10875,10876,10876,1
2019-04-10,15:16:34.509000,10875,10876,10876,5
2019-04-10,15:16:34.566000,10875,10876,10875,1
2019-04-10,15:16:35.490000,10875,10876,10875,1
2019-04-10,15:16:35.985000,10875,10876,10875,1
2019-04-10,15:16:36.120000,10875,10876,10876,12
2019-04-10,15:16:36.127000,10875,10876,10875,14
2019-04-10,15:16:36.168000,10874,10875,10875,1
2019-04-10,15:16:42.603000,10875,10876,10876,1
2019-04-10,15:16:42.726000,10875,10876,10876,10
2019-04-10,15:16:43.411000,10875,10876,10875,5
2019-04-10,15:16:46.081000,10875,10876,10875,5
2019-04-10,15:16:49.843000,10875,10876,10875,1
2019-04-10,15:16:50.468000,10875,10876,10875,1
2019-04-10,15:16:51.270000,10875,10876,10875,1
2019-04-10,15:16:53.066000,10875,10876,10875,1
2019-04-10,15:16:56.168000,10875,10876,10875,7
2019-04-10,15:16:57.807000,10874,10875,10875,1
2019-04-10,15:17:01.471000,10874,10876,10874,3
2019-04-10,15:17:04.128000,10874,10875,10875,1
2019-04-10,15:17:04.605000,10874,10875,10875,1
2019-04-10,15:17:04.905000,10874,10875,10875,1
2019-04-10,15:17:06.826000,10874,10875,10875,1
2019-04-10,15:17:07.287000,10874,10875,10874,7
2019-04-10,15:17:08.953000,10874,10875,10875,1
2019-04-10,15:17:09.327000,10874,10875,10875,1
2019-04-10,15:17:09.572000,10874,10875,10875,1
2019-04-10,15:17:13.618000,10874,10875,10875,1
2019-04-10,15:17:18.510000,10874,10875,10874,1
2019-04-10,15:17:20.288000,10874,10875,10874,5
2019-04-10,15:17:31.890000,10874,10875,10875,1
2019-04-10,15:17:33.854000,10874,10875,10875,1
2019-04-10,15:17:34.066000,10874,10875,10875,2
2019-04-10,15:17:37.258000,10874,10875,10875,1
2019-04-10,15:17:37.827000,10874,10875,10875,3
2019-04-10,15:17:46.283000,10874,10875,10875,1
2019-04-10,15:17:49.008000,10874,10875,10875,1
2019-04-10,15:17:50.070000,10874,10875,10875,1
2019-04-10,15:17:54.407000,10874,10875,10875,1
2019-04-10,15:17:54.895000,10874,10875,10875,5
2019-04-10,15:18:03.230000,10874,10875,10875,9
2019-04-10,15:18:04.280000,10875,10876,10875,1
2019-04-10,15:18:05.955000,10874,10875,10875,3
2019-04-10,15:18:07.799000,10875,10876,10875,1
2019-04-10,15:18:17.013000,10875,10876,10876,1
2019-04-10,15:18:17.113000,10875,10876,10876,2
2019-04-10,15:18:28.803000,10875,10876,10875,1
2019-04-10,15:18:40.097000,10875,10876,10875,1
2019-04-10,15:18:44.138000,10875,10876,10875,1
2019-04-10,15:18:57.920000,10875,10876,10875,1
2019-04-10,15:19:01.853000,10875,10876,10875,1
2019-04-10,15:19:04.106000,10875,10876,10875,1
2019-04-10,15:19:09.864000,10875,10876,10876,1
2019-04-10,15:19:09.902000,10875,10876,10875,2
2019-04-10,15:19:16.862000,10875,10876,10875,13
2019-04-10,15:19:23.217000,10874,10875,10875,1
2019-04-10,15:19:30.209000,10874,10875,10874,1
2019-04-10,15:19:37.053000,10874,10875,10874,1
2019-04-10,15:19:37.931000,10874,10875,10874,1
2019-04-10,15:19:41.506000,10874,10875,10874,1
2019-04-10,15:19:43.804000,10874,10875,10875,10
2019-04-10,15:19:46.258000,10875,10876,10876,1
2019-04-10,15:19:46.668000,10875,10876,10876,2
2019-04-10,15:19:48.907000,10875,10876,10875,1
2019-04-10,15:19:49.541000,10875,10876,10875,12
2019-04-10,15:19:59.859000,10875,10876,10875,2
2019-04-10,15:20:05.752000,10875,10876,10875,5
2019-04-10,15:20:06.593000,10875,10876,10875,1
2019-04-10,15:20:14.640000,10875,10876,10875,1
2019-04-10,15:20:18.185000,10875,10876,10876,1
2019-04-10,15:20:18.544000,10875,10876,10876,12
2019-04-10,15:20:18.648000,10875,10876,10877,4
2019-04-10,15:20:18.891000,10875,10877,10877,1
2019-04-10,15:20:18.924000,10875,10877,10875,1
2019-04-10,15:20:19.279000,10876,10877,10877,1
2019-04-10,15:20:19.527000,10876,10877,10877,1
2019-04-10,15:20:19.587000,10876,10877,10877,8
2019-04-10,15:20:19.616000,10876,10877,10877,1
2019-04-10,15:20:19.987000,10876,10877,10876,3
2019-04-10,15:20:20.767000,10875,10877,10875,1
2019-04-10,15:20:20.950000,10875,10877,10875,1
2019-04-10,15:20:21.761000,10875,10877,10877,4
2019-04-10,15:20:26.115000,10875,10876,10876,3
2019-04-10,15:20:26.157000,10875,10876,10877,1
2019-04-10,15:20:29.721000,10876,10877,10876,1
2019-04-10,15:20:33.031000,10876,10877,10877,3
2019-04-10,15:20:38.890000,10876,10877,10877,1
2019-04-10,15:20:43.917000,10876,10877,10877,1
2019-04-10,15:20:52.778000,10876,10877,10876,1
2019-04-10,15:20:53.470000,10876,10877,10876,1
2019-04-10,15:21:02.759000,10876,10877,10876,2
2019-04-10,15:21:02.836000,10876,10877,10877,3
2019-04-10,15:21:02.863000,10876,10877,10877,2
2019-04-10,15:21:07.508000,10876,10877,10877,1
2019-04-10,15:21:08.119000,10876,10877,10877,1
2019-04-10,15:21:15.495000,10876,10877,10877,1
2019-04-10,15:21:15.543000,10876,10877,10877,6
2019-04-10,15:21:15.543000,10876,10877,10877,7
2019-04-10,15:21:15.545000,10876,10877,10877,4
2019-04-10,15:21:17.004000,10877,10878,10878,1
2019-04-10,15:21:17.074000,10877,10878,10878,3
2019-04-10,15:21:17.101000,10877,10878,10878,2
2019-04-10,15:21:17.177000,10877,10878,10878,1
2019-04-10,15:21:17.287000,10877,10878,10878,1
2019-04-10,15:21:17.290000,10877,10878,10878,1
2019-04-10,15:21:17.290000,10877,10878,10878,1
2019-04-10,15:21:17.293000,10877,10878,10878,1
2019-04-10,15:21:17.293000,10877,10878,10878,2
2019-04-10,15:21:17.308000,10877,10878,10878,1
2019-04-10,15:21:17.319000,10877,10878,10878,1
2019-04-10,15:21:17.327000,10877,10878,10878,2
2019-04-10,15:21:17.353000,10877,10878,10878,1
2019-04-10,15:21:17.382000,10877,10878,10878,2
2019-04-10,15:21:17.438000,10877,10878,10878,1
2019-04-10,15:21:17.447000,10877,10878,10878,1
2019-04-10,15:21:17.509000,10877,10878,10878,1
2019-04-10,15:21:17.564000,10877,10878,10878,1
2019-04-10,15:21:17.785000,10877,10878,10878,1
2019-04-10,15:21:17.791000,10877,10878,10878,1
2019-04-10,15:21:18.091000,10877,10878,10878,1
2019-04-10,15:21:18.138000,10877,10878,10878,1
2019-04-10,15:21:18.247000,10877,10878,10878,1
2019-04-10,15:21:18.597000,10877,10878,10878,1
2019-04-10,15:21:19.188000,10877,10878,10878,1
2019-04-10,15:21:19.217000,10877,10878,10878,1
2019-04-10,15:21:19.245000,10877,10878,10878,1
2019-04-10,15:21:19.247000,10877,10878,10878,1
2019-04-10,15:21:21.388000,10877,10878,10878,1
2019-04-10,15:21:24.322000,10877,10878,10878,1
2019-04-10,15:21:27.596000,10877,10878,10877,1
2019-04-10,15:21:27.870000,10877,10878,10878,1
2019-04-10,15:21:31.668000,10877,10878,10878,1
2019-04-10,15:21:31.868000,10877,10878,10877,1
2019-04-10,15:21:36.218000,10877,10878,10877,2
2019-04-10,15:21:40.482000,10877,10878,10877,1
2019-04-10,15:21:42.666000,10877,10878,10877,1
2019-04-10,15:21:42.831000,10877,10878,10878,3
2019-04-10,15:21:47.217000,10877,10878,10878,9
2019-04-10,15:21:51.905000,10877,10878,10878,2
2019-04-10,15:21:52.293000,10877,10878,10878,1
2019-04-10,15:21:52.572000,10877,10878,10878,1
2019-04-10,15:21:55.442000,10877,10878,10878,1
2019-04-10,15:21:57.771000,10877,10878,10878,3
2019-04-10,15:21:57.849000,10877,10878,10878,1
2019-04-10,15:22:05.896000,10877,10878,10878,1
2019-04-10,15:22:11.220000,10877,10878,10877,1
2019-04-10,15:22:18.640000,10877,10878,10878,2
2019-04-10,15:22:18.702000,10877,10878,10877,1
2019-04-10,15:22:19.558000,10877,10878,10877,1
2019-04-10,15:22:21.239000,10877,10878,10878,1
2019-04-10,15:22:22.609000,10877,10878,10878,23
2019-04-10,15:22:23.735000,10877,10878,10878,1
2019-04-10,15:22:24.247000,10877,10878,10878,1
2019-04-10,15:22:25.342000,10877,10878,10878,1
2019-04-10,15:22:31.530000,10877,10878,10878,1
2019-04-10,15:22:33.638000,10877,10878,10878,1
2019-04-10,15:22:36.937000,10877,10878,10878,3
2019-04-10,15:22:37.790000,10877,10878,10878,1
2019-04-10,15:22:40.924000,10877,10878,10878,2
2019-04-10,15:22:42.378000,10877,10878,10878,1
2019-04-10,15:22:45.128000,10877,10878,10878,3
2019-04-10,15:22:48.275000,10878,10879,10878,1
2019-04-10,15:22:48.843000,10878,10879,10879,1
2019-04-10,15:22:48.921000,10878,10879,10879,5
2019-04-10,15:22:48.943000,10878,10879,10879,1
2019-04-10,15:22:48.983000,10878,10879,10879,12
2019-04-10,15:22:49.049000,10878,10879,10879,15
2019-04-10,15:22:49.240000,10878,10879,10878,1
2019-04-10,15:22:49.280000,10878,10879,10878,3
2019-04-10,15:22:49.297000,10878,10879,10878,1
2019-04-10,15:22:49.333000,10878,10879,10879,2
2019-04-10,15:22:49.694000,10878,10879,10878,1
2019-04-10,15:22:55.392000,10878,10879,10879,1
2019-04-10,15:22:55.459000,10878,10879,10879,13
2019-04-10,15:22:55.459000,10878,10879,10880,2
2019-04-10,15:22:55.581000,10878,10879,10879,1
2019-04-10,15:22:55.581000,10878,10879,10880,1
2019-04-10,15:22:55.609000,10878,10879,10880,2
2019-04-10,15:22:55.937000,10879,10880,10880,2
2019-04-10,15:22:56.013000,10879,10880,10880,2
2019-04-10,15:22:56.091000,10879,10880,10880,1
2019-04-10,15:22:57.279000,10879,10880,10880,2
2019-04-10,15:22:57.283000,10879,10880,10880,2
2019-04-10,15:22:57.684000,10879,10880,10879,3
2019-04-10,15:23:04.020000,10879,10880,10879,1
2019-04-10,15:23:06.694000,10879,10880,10879,1
2019-04-10,15:23:07.208000,10879,10880,10879,1
2019-04-10,15:23:08.703000,10879,10880,10879,1
2019-04-10,15:23:08.860000,10879,10880,10880,1
2019-04-10,15:23:09.203000,10879,10880,10879,1
2019-04-10,15:23:10.983000,10879,10880,10879,1
2019-04-10,15:23:18.982000,10879,10880,10879,1
2019-04-10,15:23:19.642000,10879,10880,10879,1
2019-04-10,15:23:22.695000,10879,10880,10879,1
2019-04-10,15:23:25.934000,10879,10880,10880,1
2019-04-10,15:23:28.514000,10879,10880,10879,1
2019-04-10,15:23:31.432000,10879,10880,10879,1
2019-04-10,15:23:34.544000,10879,10880,10879,1
2019-04-10,15:23:35.878000,10879,10880,10879,1
2019-04-10,15:23:39.644000,10879,10880,10879,5
2019-04-10,15:23:41.766000,10879,10880,10879,2
2019-04-10,15:23:42.245000,10879,10880,10879,10
2019-04-10,15:23:42.677000,10878,10879,10879,1
2019-04-10,15:23:49.883000,10878,10879,10879,1
2019-04-10,15:23:51.850000,10878,10879,10879,1
2019-04-10,15:23:59.945000,10878,10879,10878,2
2019-04-10,15:24:02.710000,10878,10879,10878,2
2019-04-10,15:24:08.649000,10878,10879,10878,1
2019-04-10,15:24:08.666000,10878,10879,10878,1
2019-04-10,15:24:12.658000,10878,10879,10878,1
2019-04-10,15:24:13.258000,10878,10879,10878,6
2019-04-10,15:24:13.258000,10878,10879,10877,9
2019-04-10,15:24:13.528000,10877,10878,10877,1
2019-04-10,15:24:24.518000,10877,10878,10877,1
2019-04-10,15:24:27.625000,10877,10878,10877,1
2019-04-10,15:24:29.864000,10877,10878,10878,4
2019-04-10,15:24:35.427000,10877,10878,10878,1
2019-04-10,15:24:41.542000,10877,10878,10877,1
2019-04-10,15:24:48.565000,10877,10878,10878,1
2019-04-10,15:24:52.969000,10877,10878,10877,1
2019-04-10,15:24:54.809000,10877,10878,10878,3
2019-04-10,15:24:59.265000,10877,10878,10878,10
2019-04-10,15:25:13.790000,10877,10878,10877,12
2019-04-10,15:25:14.199000,10877,10878,10878,1
2019-04-10,15:25:14.315000,10877,10878,10878,1
2019-04-10,15:25:16.808000,10877,10878,10878,1
2019-04-10,15:25:22.994000,10877,10878,10877,1
2019-04-10,15:25:27.096000,10877,10878,10877,9
2019-04-10,15:25:27.168000,10877,10878,10877,21
2019-04-10,15:25:27.483000,10876,10877,10877,1
2019-04-10,15:25:31.374000,10876,10877,10876,1
2019-04-10,15:25:33.426000,10876,10877,10876,1
2019-04-10,15:25:35.340000,10876,10877,10876,8
2019-04-10,15:25:35.340000,10876,10877,10875,2
2019-04-10,15:25:44.132000,10875,10876,10875,1
2019-04-10,15:25:47.890000,10875,10876,10875,4
2019-04-10,15:25:48.321000,10875,10876,10875,1
2019-04-10,15:25:50.581000,10875,10876,10875,1
2019-04-10,15:25:55.485000,10875,10876,10875,2
2019-04-10,15:25:56.522000,10875,10876,10875,1
2019-04-10,15:25:57.311000,10875,10876,10875,1
2019-04-10,15:25:59.411000,10875,10876,10875,1
2019-04-10,15:26:01.044000,10875,10876,10875,1
2019-04-10,15:26:02.590000,10875,10876,10875,1
2019-04-10,15:26:05.077000,10875,10876,10875,4
2019-04-10,15:26:08.362000,10875,10876,10875,3
2019-04-10,15:26:23.293000,10875,10876,10876,2
2019-04-10,15:26:23.396000,10875,10876,10876,1
2019-04-10,15:26:23.418000,10875,10876,10876,9
2019-04-10,15:26:23.652000,10875,10877,10876,2
2019-04-10,15:26:42.691000,10876,10877,10876,2
2019-04-10,15:26:42.840000,10876,10877,10877,1
2019-04-10,15:26:47.549000,10876,10877,10877,1
2019-04-10,15:26:53.077000,10876,10877,10876,1
2019-04-10,15:27:01.767000,10876,10877,10876,1
2019-04-10,15:27:08.675000,10876,10877,10877,1
2019-04-10,15:27:35.728000,10876,10877,10877,1
2019-04-10,15:27:37.225000,10876,10877,10877,1
2019-04-10,15:27:45.281000,10876,10877,10877,1
2019-04-10,15:27:50.339000,10876,10877,10877,1
2019-04-10,15:27:53.828000,10876,10877,10877,1
2019-04-10,15:28:06.395000,10876,10877,10877,3
2019-04-10,15:28:15.325000,10876,10877,10877,1
2019-04-10,15:28:18.133000,10876,10877,10877,2
2019-04-10,15:28:30.027000,10876,10877,10877,5
2019-04-10,15:28:32.227000,10876,10877,10877,1
2019-04-10,15:28:35.170000,10876,10877,10877,6
2019-04-10,15:28:35.186000,10876,10877,10877,1
2019-04-10,15:28:37.203000,10876,10877,10877,1
2019-04-10,15:28:51.402000,10877,10878,10877,1
2019-04-10,15:28:53.950000,10877,10878,10877,1
2019-04-10,15:28:54.573000,10877,10878,10877,1
2019-04-10,15:29:04.905000,10876,10877,10876,1
2019-04-10,15:29:26.736000,10876,10877,10876,2
2019-04-10,15:29:37.656000,10876,10877,10876,1
2019-04-10,15:29:38.828000,10876,10877,10876,1
2019-04-10,15:29:38.961000,10876,10877,10876,1
2019-04-10,15:30:02.564000,10876,10877,10876,1
2019-04-10,15:30:03.388000,10876,10877,10877,1
2019-04-10,15:30:03.441000,10876,10877,10877,1
2019-04-10,15:30:17.127000,10876,10877,10877,1
2019-04-10,15:30:19.708000,10876,10877,10877,1
2019-04-10,15:30:25.826000,10876,10877,10877,2
2019-04-10,15:30:38.503000,10877,10878,10877,1
2019-04-10,15:30:52.945000,10877,10878,10878,1
2019-04-10,15:30:53.938000,10877,10878,10877,9
2019-04-10,15:30:53.938000,10877,10878,10876,1
2019-04-10,15:31:18.226000,10877,10878,10878,1
2019-04-10,15:31:22.512000,10877,10878,10878,1
2019-04-10,15:31:41.730000,10877,10878,10878,1
2019-04-10,15:31:55.263000,10877,10878,10877,1
2019-04-10,15:31:55.293000,10877,10878,10877,1
2019-04-10,15:32:04.887000,10876,10877,10877,1
2019-04-10,15:32:06.292000,10876,10877,10877,1
2019-04-10,15:32:17.957000,10876,10877,10877,1
2019-04-10,15:32:19.089000,10876,10877,10877,1
2019-04-10,15:32:24.451000,10876,10877,10876,1
2019-04-10,15:32:26.491000,10876,10877,10877,5
2019-04-10,15:32:29.638000,10876,10877,10876,9
2019-04-10,15:32:32.650000,10876,10877,10876,6
2019-04-10,15:32:32.664000,10876,10877,10876,13
2019-04-10,15:32:32.668000,10876,10877,10876,2
2019-04-10,15:32:34.803000,10875,10876,10876,1
2019-04-10,15:32:36.070000,10875,10876,10875,1
2019-04-10,15:32:42.241000,10875,10876,10875,5
2019-04-10,15:32:52.835000,10875,10876,10875,1
2019-04-10,15:32:58.916000,10875,10876,10875,4
2019-04-10,15:32:59.588000,10875,10876,10875,1
2019-04-10,15:33:06.962000,10875,10876,10875,2
2019-04-10,15:33:07.217000,10875,10876,10876,6
2019-04-10,15:33:07.228000,10875,10876,10876,5
2019-04-10,15:33:07.245000,10875,10876,10876,2
2019-04-10,15:33:07.255000,10875,10876,10876,3
2019-04-10,15:33:07.258000,10875,10876,10876,3
2019-04-10,15:33:07.261000,10875,10876,10876,7
2019-04-10,15:33:07.269000,10875,10876,10877,2
2019-04-10,15:33:07.273000,10875,10876,10876,3
2019-04-10,15:33:07.273000,10875,10876,10877,1
2019-04-10,15:33:07.279000,10875,10876,10877,5
2019-04-10,15:33:07.284000,10875,10876,10877,2
2019-04-10,15:33:07.291000,10875,10876,10877,2
2019-04-10,15:33:07.294000,10875,10877,10876,1
2019-04-10,15:33:07.295000,10875,10877,10877,3
2019-04-10,15:33:07.296000,10875,10877,10877,2
2019-04-10,15:33:07.314000,10875,10877,10877,2
2019-04-10,15:33:07.367000,10875,10877,10876,1
2019-04-10,15:33:07.367000,10875,10877,10877,1
2019-04-10,15:33:07.392000,10875,10877,10877,3
2019-04-10,15:33:07.398000,10875,10877,10877,2
2019-04-10,15:33:07.418000,10875,10877,10876,1
2019-04-10,15:33:08.405000,10876,10877,10876,1
2019-04-10,15:33:26.170000,10876,10877,10876,1
2019-04-10,15:33:36.569000,10876,10877,10876,1
2019-04-10,15:33:40.364000,10876,10877,10876,1
2019-04-10,15:33:50.885000,10876,10877,10876,2
2019-04-10,15:33:52.692000,10876,10877,10876,1
2019-04-10,15:34:02.239000,10876,10877,10876,1
2019-04-10,15:34:06.388000,10876,10877,10876,1
2019-04-10,15:34:14.367000,10876,10877,10876,1
2019-04-10,15:34:21.413000,10876,10877,10876,1
2019-04-10,15:34:26.315000,10876,10877,10876,1
2019-04-10,15:34:40.866000,10876,10877,10876,1
2019-04-10,15:34:44.282000,10876,10877,10876,4
2019-04-10,15:34:46.093000,10875,10876,10876,1
2019-04-10,15:34:46.427000,10875,10876,10876,1
2019-04-10,15:34:47.159000,10875,10876,10876,1
2019-04-10,15:34:57.235000,10875,10876,10876,1
2019-04-10,15:35:01.422000,10875,10876,10876,1
2019-04-10,15:35:10.105000,10875,10876,10876,1
2019-04-10,15:35:23.955000,10875,10876,10876,10
2019-04-10,15:35:30.994000,10875,10876,10876,1
2019-04-10,15:35:31.064000,10875,10876,10876,5
2019-04-10,15:35:34.997000,10875,10876,10876,1
2019-04-10,15:35:39.215000,10875,10876,10876,1
2019-04-10,15:36:00.506000,10875,10876,10876,10
2019-04-10,15:36:10.474000,10875,10876,10876,1
2019-04-10,15:36:17.578000,10875,10876,10876,1
2019-04-10,15:36:23.839000,10875,10876,10875,5
2019-04-10,15:36:36.812000,10875,10876,10875,1
2019-04-10,15:36:53.254000,10875,10876,10875,1
2019-04-10,15:36:54.783000,10875,10876,10875,1
2019-04-10,15:37:12.169000,10875,10876,10875,1
2019-04-10,15:37:17.667000,10875,10876,10875,5
2019-04-10,15:37:18.953000,10875,10876,10875,2
2019-04-10,15:37:19.342000,10875,10876,10875,1
2019-04-10,15:37:20.601000,10875,10876,10875,1
2019-04-10,15:37:20.664000,10875,10876,10875,2
2019-04-10,15:37:24.363000,10875,10876,10876,12
2019-04-10,15:37:25.963000,10875,10876,10875,3
2019-04-10,15:37:26.782000,10875,10876,10875,2
2019-04-10,15:37:43.852000,10875,10876,10875,1
2019-04-10,15:37:44.011000,10875,10876,10875,1
2019-04-10,15:37:55.619000,10875,10876,10875,2
2019-04-10,15:37:58.207000,10875,10876,10875,4
2019-04-10,15:38:00.827000,10874,10875,10875,1
2019-04-10,15:38:02.184000,10875,10876,10875,3
2019-04-10,15:38:04.044000,10875,10876,10875,2
2019-04-10,15:38:05.206000,10874,10875,10875,1
2019-04-10,15:38:13.079000,10874,10875,10875,1
2019-04-10,15:38:13.514000,10874,10875,10875,1
2019-04-10,15:38:14.188000,10874,10875,10875,1
2019-04-10,15:38:19.075000,10874,10875,10875,1
2019-04-10,15:38:22.551000,10874,10875,10875,9
2019-04-10,15:38:23.797000,10875,10876,10875,1
2019-04-10,15:38:23.998000,10875,10876,10875,1
2019-04-10,15:38:34.493000,10875,10876,10875,2
2019-04-10,15:38:41.085000,10875,10876,10876,1
2019-04-10,15:38:50.372000,10875,10876,10876,5
2019-04-10,15:38:52.124000,10875,10876,10876,1
2019-04-10,15:38:54.908000,10875,10876,10876,1
2019-04-10,15:39:00.140000,10875,10876,10876,3
2019-04-10,15:39:03.992000,10875,10876,10876,5
2019-04-10,15:39:23.414000,10876,10877,10876,1
2019-04-10,15:39:53.547000,10876,10877,10876,1
2019-04-10,15:40:07.427000,10876,10877,10877,1
2019-04-10,15:40:20.959000,10876,10877,10877,1
2019-04-10,15:40:21.262000,10876,10877,10877,1
2019-04-10,15:40:31.648000,10876,10877,10877,2
2019-04-10,15:40:50.351000,10876,10877,10877,1
2019-04-10,15:40:51.682000,10876,10877,10877,1
2019-04-10,15:40:54.066000,10876,10877,10877,7
2019-04-10,15:40:54.066000,10876,10877,10877,2
2019-04-10,15:40:54.066000,10876,10877,10877,2
2019-04-10,15:40:54.066000,10876,10877,10877,1
2019-04-10,15:40:54.066000,10876,10877,10877,9
2019-04-10,15:40:54.066000,10876,10877,10877,2
2019-04-10,15:40:54.114000,10876,10877,10878,1
2019-04-10,15:40:54.394000,10877,10878,10878,1
2019-04-10,15:40:54.412000,10877,10878,10878,2
2019-04-10,15:40:54.418000,10877,10878,10878,19
2019-04-10,15:40:54.418000,10877,10878,10878,3
2019-04-10,15:40:54.543000,10877,10878,10878,3
2019-04-10,15:40:56.147000,10878,10879,10878,1
2019-04-10,15:40:59.761000,10878,10879,10878,1
2019-04-10,15:41:02.343000,10878,10879,10879,1
2019-04-10,15:41:02.350000,10878,10879,10879,1
2019-04-10,15:41:02.356000,10878,10879,10879,2
2019-04-10,15:41:02.365000,10878,10879,10879,1
2019-04-10,15:41:02.371000,10878,10879,10879,1
2019-04-10,15:41:05.100000,10878,10879,10879,1
2019-04-10,15:41:08.689000,10878,10879,10879,2
2019-04-10,15:41:11.271000,10878,10879,10879,1
2019-04-10,15:41:14.542000,10878,10879,10879,1
2019-04-10,15:41:28.165000,10878,10879,10879,1
2019-04-10,15:41:31.660000,10878,10879,10878,10
2019-04-10,15:41:31.668000,10878,10879,10878,2
2019-04-10,15:41:38.640000,10878,10879,10878,1
2019-04-10,15:41:40.392000,10878,10879,10878,3
2019-04-10,15:41:48.880000,10878,10879,10879,20
2019-04-10,15:41:50.579000,10878,10879,10878,30
2019-04-10,15:41:53.781000,10878,10879,10879,1
2019-04-10,15:41:53.992000,10878,10879,10878,1
2019-04-10,15:42:01.458000,10878,10879,10878,5
2019-04-10,15:42:03.864000,10878,10879,10879,1
2019-04-10,15:42:06.131000,10878,10879,10879,1
2019-04-10,15:42:14.301000,10878,10879,10879,5
2019-04-10,15:42:18.097000,10878,10879,10879,1
2019-04-10,15:42:23.415000,10878,10879,10879,1
2019-04-10,15:42:40.108000,10878,10879,10878,1
2019-04-10,15:42:42.358000,10878,10879,10878,1
2019-04-10,15:42:43.230000,10878,10879,10878,1
2019-04-10,15:42:43.674000,10878,10879,10879,1
2019-04-10,15:42:44.038000,10878,10879,10878,1
2019-04-10,15:42:45.891000,10878,10879,10878,1
2019-04-10,15:42:47.911000,10878,10879,10878,1
2019-04-10,15:42:51.687000,10878,10879,10879,1
2019-04-10,15:42:54.709000,10878,10879,10878,1
2019-04-10,15:42:57.800000,10878,10879,10879,1
2019-04-10,15:43:08.173000,10878,10879,10878,1
2019-04-10,15:43:09.788000,10878,10879,10879,1
2019-04-10,15:43:12.945000,10878,10879,10878,1
2019-04-10,15:43:19.204000,10878,10879,10879,1
2019-04-10,15:43:28.019000,10878,10879,10878,3
2019-04-10,15:43:48.802000,10878,10879,10879,6
2019-04-10,15:44:01.877000,10878,10879,10878,1
2019-04-10,15:44:10.277000,10878,10879,10879,1
2019-04-10,15:44:10.278000,10878,10879,10879,4
2019-04-10,15:44:10.280000,10878,10879,10879,4
2019-04-10,15:44:10.282000,10878,10879,10879,4
2019-04-10,15:44:10.293000,10878,10879,10879,2
2019-04-10,15:44:10.391000,10878,10879,10879,2
2019-04-10,15:44:10.391000,10878,10879,10879,1
2019-04-10,15:44:10.393000,10878,10879,10879,4
2019-04-10,15:44:10.393000,10878,10879,10879,1
2019-04-10,15:44:10.393000,10878,10879,10879,1
2019-04-10,15:44:10.393000,10878,10879,10879,4
2019-04-10,15:44:10.393000,10878,10879,10879,1
2019-04-10,15:44:10.393000,10878,10879,10879,1
2019-04-10,15:44:10.395000,10878,10879,10879,1
2019-04-10,15:44:10.401000,10878,10879,10879,6
2019-04-10,15:44:10.418000,10878,10879,10879,1
2019-04-10,15:44:13.388000,10879,10880,10879,1
2019-04-10,15:44:17.446000,10879,10880,10879,5
2019-04-10,15:44:20.242000,10879,10880,10879,1
2019-04-10,15:44:21.246000,10879,10880,10879,2
2019-04-10,15:44:22.959000,10879,10880,10879,1
2019-04-10,15:44:23.429000,10879,10880,10879,1
2019-04-10,15:44:26.166000,10879,10880,10879,1
2019-04-10,15:44:26.955000,10879,10880,10879,3
2019-04-10,15:44:29.261000,10879,10880,10880,1
2019-04-10,15:44:29.322000,10879,10880,10880,1
2019-04-10,15:44:29.499000,10879,10880,10880,3
2019-04-10,15:44:29.833000,10879,10880,10880,4
2019-04-10,15:44:29.850000,10879,10880,10880,2
2019-04-10,15:44:29.885000,10879,10880,10880,1
2019-04-10,15:44:30.028000,10879,10880,10880,1
2019-04-10,15:44:40.188000,10879,10880,10880,1
2019-04-10,15:44:45.513000,10879,10880,10880,1
2019-04-10,15:44:51.434000,10879,10880,10880,5
2019-04-10,15:44:51.795000,10879,10880,10880,1
2019-04-10,15:44:58.239000,10879,10880,10879,1
2019-04-10,15:45:03.525000,10879,10880,10879,1
2019-04-10,15:45:03.741000,10879,10880,10880,1
2019-04-10,15:45:03.809000,10879,10880,10880,1
2019-04-10,15:45:03.998000,10879,10880,10880,2
2019-04-10,15:45:04.156000,10879,10880,10880,2
2019-04-10,15:45:04.423000,10879,10880,10880,2
2019-04-10,15:45:09.512000,10879,10880,10879,1
2019-04-10,15:45:11.505000,10879,10880,10880,6
2019-04-10,15:45:15.652000,10879,10880,10880,5
2019-04-10,15:45:17.420000,10879,10880,10880,1
2019-04-10,15:45:21.583000,10879,10880,10880,20
2019-04-10,15:45:22.834000,10879,10880,10880,10
2019-04-10,15:45:24.135000,10879,10880,10880,1
2019-04-10,15:45:24.270000,10880,10881,10880,1
2019-04-10,15:45:25.143000,10879,10880,10880,7
2019-04-10,15:45:25.869000,10880,10881,10881,1
2019-04-10,15:45:25.977000,10880,10881,10881,12
2019-04-10,15:45:26.272000,10880,10881,10881,1
2019-04-10,15:45:26.477000,10880,10881,10880,1
2019-04-10,15:45:26.504000,10880,10881,10881,10
2019-04-10,15:45:26.575000,10880,10881,10881,1
2019-04-10,15:45:32.248000,10880,10881,10881,1
2019-04-10,15:45:32.640000,10880,10881,10881,1
2019-04-10,15:45:32.809000,10880,10881,10881,1
2019-04-10,15:45:36.107000,10880,10881,10881,6
2019-04-10,15:45:37.141000,10880,10881,10880,3
2019-04-10,15:45:37.168000,10880,10881,10880,10
2019-04-10,15:45:37.270000,10880,10881,10879,1
2019-04-10,15:45:38.536000,10879,10880,10880,1
2019-04-10,15:45:42.259000,10879,10880,10879,1
2019-04-10,15:45:42.413000,10879,10880,10880,1
2019-04-10,15:45:44.528000,10879,10880,10880,5
2019-04-10,15:45:44.862000,10879,10880,10879,1
2019-04-10,15:45:47.709000,10879,10880,10879,1
2019-04-10,15:45:48.585000,10879,10880,10879,1
2019-04-10,15:45:53.947000,10879,10880,10880,5
2019-04-10,15:45:55.589000,10879,10880,10879,1
2019-04-10,15:45:56.388000,10879,10880,10880,1
2019-04-10,15:46:03.419000,10879,10880,10879,2
2019-04-10,15:46:03.839000,10879,10880,10880,5
2019-04-10,15:46:04.622000,10879,10880,10879,1
2019-04-10,15:46:08.001000,10879,10880,10880,1
2019-04-10,15:46:17.507000,10879,10880,10879,1
2019-04-10,15:46:19.051000,10879,10880,10879,1
2019-04-10,15:46:25.401000,10879,10880,10880,2
2019-04-10,15:46:31.830000,10879,10880,10880,2
2019-04-10,15:46:33.796000,10879,10880,10879,1
2019-04-10,15:46:36.139000,10879,10880,10879,1
2019-04-10,15:46:38.206000,10879,10880,10879,1
2019-04-10,15:46:38.742000,10879,10880,10879,1
2019-04-10,15:47:00.012000,10879,10880,10879,1
2019-04-10,15:47:03.118000,10879,10880,10879,10
2019-04-10,15:47:03.361000,10878,10880,10878,5
2019-04-10,15:47:30.349000,10878,10879,10879,1
2019-04-10,15:47:37.969000,10878,10879,10878,20
2019-04-10,15:47:42.944000,10878,10879,10878,1
2019-04-10,15:47:54.293000,10878,10879,10878,2
2019-04-10,15:48:03.349000,10878,10879,10878,1
2019-04-10,15:48:03.597000,10878,10879,10879,1
2019-04-10,15:48:16.004000,10878,10879,10878,1
2019-04-10,15:48:18.566000,10878,10879,10878,1
2019-04-10,15:48:31.411000,10878,10879,10878,1
2019-04-10,15:48:32.951000,10878,10879,10878,1
2019-04-10,15:48:36.937000,10878,10879,10878,1
2019-04-10,15:48:37.893000,10878,10879,10878,1
2019-04-10,15:48:48.802000,10878,10879,10879,1
2019-04-10,15:48:48.881000,10878,10879,10879,2
2019-04-10,15:48:48.906000,10878,10879,10879,2
2019-04-10,15:48:48.918000,10878,10879,10879,8
2019-04-10,15:48:48.918000,10878,10879,10879,5
2019-04-10,15:48:51.195000,10879,10880,10879,21
2019-04-10,15:48:55.160000,10879,10880,10880,2
2019-04-10,15:48:56.311000,10879,10880,10880,3
2019-04-10,15:49:02.640000,10879,10880,10880,10
2019-04-10,15:49:03.316000,10879,10880,10880,1
2019-04-10,15:49:04.919000,10879,10880,10880,6
2019-04-10,15:49:05.989000,10880,10881,10880,2
2019-04-10,15:49:19.695000,10880,10881,10881,1
2019-04-10,15:49:20.166000,10880,10881,10881,3
2019-04-10,15:49:22.868000,10880,10881,10881,4
2019-04-10,15:49:23.645000,10880,10881,10881,5
2019-04-10,15:49:45.163000,10880,10881,10880,1
2019-04-10,15:49:50.039000,10880,10881,10880,1
2019-04-10,15:49:54.672000,10880,10881,10880,2
2019-04-10,15:49:57.207000,10880,10881,10880,2
2019-04-10,15:49:57.693000,10879,10880,10879,1
2019-04-10,15:50:02.129000,10879,10880,10879,1
2019-04-10,15:50:09.947000,10879,10880,10880,8
2019-04-10,15:50:09.987000,10879,10880,10881,2
2019-04-10,15:50:13.574000,10879,10880,10880,1
2019-04-10,15:50:17.553000,10879,10880,10880,2
2019-04-10,15:50:21.598000,10880,10881,10880,1
2019-04-10,15:50:23.764000,10880,10881,10880,1
2019-04-10,15:50:29.574000,10880,10881,10880,1
2019-04-10,15:50:33.610000,10880,10881,10881,1
2019-04-10,15:50:36.186000,10880,10881,10880,2
2019-04-10,15:50:40.968000,10880,10881,10880,1
2019-04-10,15:50:41.361000,10880,10881,10881,1
2019-04-10,15:50:45.989000,10880,10881,10880,1
2019-04-10,15:50:52.391000,10880,10881,10880,1
2019-04-10,15:50:56.875000,10880,10881,10880,1
2019-04-10,15:51:04.690000,10880,10881,10880,5
2019-04-10,15:51:30.741000,10880,10881,10881,1
2019-04-10,15:51:39.840000,10880,10881,10881,3
2019-04-10,15:51:47.461000,10880,10881,10880,10
2019-04-10,15:52:02.528000,10880,10881,10881,1
2019-04-10,15:52:02.792000,10880,10881,10881,1
2019-04-10,15:52:05.567000,10880,10881,10881,1
2019-04-10,15:52:05.572000,10880,10881,10881,1
2019-04-10,15:52:05.658000,10880,10881,10881,1
2019-04-10,15:52:31.640000,10880,10881,10881,2
2019-04-10,15:52:40.753000,10880,10881,10881,1
2019-04-10,15:52:43.997000,10880,10881,10880,1
2019-04-10,15:52:48.284000,10880,10881,10880,2
2019-04-10,15:52:52.297000,10880,10881,10881,1
2019-04-10,15:52:52.964000,10880,10881,10881,7
2019-04-10,15:52:54.973000,10880,10881,10881,2
2019-04-10,15:52:56.355000,10880,10881,10881,2
2019-04-10,15:52:59.066000,10880,10881,10881,1
2019-04-10,15:52:59.482000,10880,10881,10881,2
2019-04-10,15:52:59.544000,10880,10881,10881,4
2019-04-10,15:52:59.868000,10881,10882,10881,1
2019-04-10,15:52:59.942000,10881,10882,10881,1
2019-04-10,15:53:03.279000,10881,10882,10881,1
2019-04-10,15:53:05.946000,10881,10882,10882,1
2019-04-10,15:53:06.067000,10881,10882,10882,1
2019-04-10,15:53:06.084000,10881,10882,10882,12
2019-04-10,15:53:06.137000,10881,10882,10882,1
2019-04-10,15:53:06.278000,10881,10882,10882,1
2019-04-10,15:53:06.341000,10881,10882,10882,1
2019-04-10,15:53:06.398000,10881,10882,10882,1
2019-04-10,15:53:06.457000,10881,10882,10882,1
2019-04-10,15:53:07.106000,10881,10882,10882,1
2019-04-10,15:53:07.506000,10881,10882,10881,1
2019-04-10,15:53:07.671000,10881,10882,10881,2
2019-04-10,15:53:08.164000,10881,10882,10881,3
2019-04-10,15:53:08.780000,10881,10882,10881,1
2019-04-10,15:53:15.883000,10881,10882,10881,1
2019-04-10,15:53:19.301000,10881,10882,10881,1
2019-04-10,15:53:27.203000,10881,10882,10881,1
2019-04-10,15:53:33.270000,10881,10882,10881,1
2019-04-10,15:53:41.480000,10881,10882,10881,6
2019-04-10,15:53:43.921000,10881,10882,10881,1
2019-04-10,15:53:47.686000,10881,10882,10881,1
2019-04-10,15:53:47.977000,10881,10882,10881,1
2019-04-10,15:54:19.414000,10881,10882,10881,1
2019-04-10,15:54:30.450000,10881,10882,10881,1
2019-04-10,15:54:34.686000,10881,10882,10882,1
2019-04-10,15:54:35.845000,10881,10882,10881,9
2019-04-10,15:54:35.949000,10881,10882,10882,1
2019-04-10,15:54:37.189000,10881,10882,10882,5
2019-04-10,15:54:41.530000,10881,10882,10882,3
2019-04-10,15:54:46.016000,10881,10882,10882,4
2019-04-10,15:54:49.569000,10881,10882,10881,1
2019-04-10,15:55:00.272000,10881,10882,10882,1
2019-04-10,15:55:04.747000,10881,10882,10882,10
2019-04-10,15:55:04.793000,10881,10882,10882,2
2019-04-10,15:55:04.793000,10881,10882,10882,1
2019-04-10,15:55:05.232000,10881,10882,10882,3
2019-04-10,15:55:06.224000,10882,10883,10882,1
2019-04-10,15:55:08.027000,10882,10883,10883,1
2019-04-10,15:55:08.071000,10882,10883,10883,1
2019-04-10,15:55:08.076000,10882,10883,10883,1
2019-04-10,15:55:08.246000,10882,10883,10883,3
2019-04-10,15:55:08.364000,10882,10883,10883,1
2019-04-10,15:55:08.656000,10882,10883,10883,1
2019-04-10,15:55:12.149000,10882,10883,10883,1
2019-04-10,15:55:18.118000,10882,10883,10883,21
2019-04-10,15:55:23.700000,10882,10883,10883,4
2019-04-10,15:55:28.226000,10883,10884,10883,1
2019-04-10,15:55:30.126000,10883,10884,10883,1
2019-04-10,15:55:34.004000,10882,10883,10883,1
2019-04-10,15:55:42.861000,10882,10883,10882,1
2019-04-10,15:55:48.233000,10882,10883,10883,3
2019-04-10,15:55:52.595000,10882,10883,10883,4
2019-04-10,15:55:53.083000,10882,10883,10883,1
2019-04-10,15:55:53.451000,10882,10883,10882,1
2019-04-10,15:55:56.417000,10882,10883,10882,1
2019-04-10,15:56:07.338000,10882,10883,10883,5
2019-04-10,15:56:07.899000,10882,10883,10883,2
2019-04-10,15:56:07.996000,10882,10883,10883,1
2019-04-10,15:56:08.043000,10882,10883,10883,1
2019-04-10,15:56:08.043000,10882,10883,10883,1
2019-04-10,15:56:08.088000,10882,10883,10883,1
2019-04-10,15:56:08.088000,10882,10883,10883,1
2019-04-10,15:56:12.127000,10883,10884,10883,1
2019-04-10,15:56:12.197000,10883,10884,10884,2
2019-04-10,15:56:12.510000,10883,10884,10884,2
2019-04-10,15:56:15.503000,10883,10884,10884,1
2019-04-10,15:56:16.307000,10883,10884,10883,3
2019-04-10,15:56:18.133000,10883,10884,10883,1
2019-04-10,15:56:23.607000,10883,10884,10884,1
2019-04-10,15:56:31.459000,10883,10884,10884,1
2019-04-10,15:56:35.109000,10883,10884,10883,1
2019-04-10,15:56:39.188000,10883,10884,10883,1
2019-04-10,15:56:41.052000,10883,10884,10883,5
2019-04-10,15:56:41.057000,10883,10884,10883,8
2019-04-10,15:56:41.057000,10883,10884,10883,4
2019-04-10,15:56:44.012000,10882,10883,10882,1
2019-04-10,15:56:44.068000,10882,10883,10883,21
2019-04-10,15:56:48.526000,10882,10883,10883,1
2019-04-10,15:56:50.057000,10882,10883,10883,1
2019-04-10,15:56:55.293000,10882,10883,10882,23
2019-04-10,15:57:03.710000,10881,10882,10882,1
2019-04-10,15:57:09.808000,10881,10882,10882,1
2019-04-10,15:57:25.042000,10881,10882,10881,1
2019-04-10,15:57:41.898000,10881,10882,10882,1
2019-04-10,15:57:42.418000,10881,10882,10882,2
2019-04-10,15:57:45.145000,10881,10882,10882,2
2019-04-10,15:57:53.027000,10881,10882,10882,1
2019-04-10,15:57:55.613000,10881,10882,10881,2
2019-04-10,15:58:01.166000,10881,10882,10882,1
2019-04-10,15:58:09.406000,10881,10882,10882,1
2019-04-10,15:58:37.395000,10881,10882,10881,1
2019-04-10,15:58:37.395000,10881,10882,10882,1
2019-04-10,15:58:59.021000,10881,10882,10882,1
2019-04-10,15:59:02.439000,10881,10882,10881,3
2019-04-10,15:59:16.052000,10881,10882,10881,5
2019-04-10,15:59:16.168000,10881,10882,10881,1
2019-04-10,15:59:17.631000,10881,10882,10881,27
2019-04-10,15:59:17.884000,10880,10881,10880,1
2019-04-10,15:59:23.917000,10880,10881,10880,1
2019-04-10,15:59:27.878000,10880,10881,10880,10
2019-04-10,15:59:27.918000,10880,10881,10880,8
2019-04-10,15:59:33.270000,10879,10880,10879,1
2019-04-10,15:59:43.245000,10879,10880,10879,1
2019-04-10,15:59:43.855000,10879,10880,10879,1
2019-04-10,15:59:47.994000,10879,10880,10879,1
2019-04-10,15:59:48.786000,10879,10880,10880,1
2019-04-10,15:59:54.934000,10879,10880,10879,1
2019-04-10,15:59:56.125000,10879,10880,10880,2
2019-04-10,16:00:01.091000,10879,10880,10880,11
2019-04-10,16:00:01.168000,10879,10880,10880,2
2019-04-10,16:00:01.168000,10879,10880,10880,2
2019-04-10,16:00:01.367000,10880,10881,10881,1
2019-04-10,16:00:01.380000,10880,10881,10881,1
2019-04-10,16:00:01.396000,10880,10881,10881,1
2019-04-10,16:00:01.511000,10880,10881,10880,1
2019-04-10,16:00:01.517000,10880,10881,10881,1
2019-04-10,16:00:01.531000,10880,10881,10881,1
2019-04-10,16:00:01.594000,10880,10881,10881,1
2019-04-10,16:00:02.656000,10880,10881,10881,1
2019-04-10,16:00:04.374000,10880,10881,10880,8
2019-04-10,16:00:10.949000,10880,10881,10880,1
2019-04-10,16:00:16.479000,10880,10881,10880,1
2019-04-10,16:00:26.110000,10880,10881,10880,1
2019-04-10,16:00:31.872000,10880,10881,10881,1
2019-04-10,16:00:52.567000,10880,10881,10880,1
2019-04-10,16:00:53.918000,10880,10881,10880,5
2019-04-10,16:00:54.043000,10880,10881,10880,12
2019-04-10,16:00:55.846000,10879,10880,10880,1
2019-04-10,16:01:12.242000,10879,10880,10879,6
2019-04-10,16:01:16.017000,10879,10880,10880,1
2019-04-10,16:01:19.765000,10879,10880,10879,1
2019-04-10,16:01:36.009000,10879,10880,10879,1
2019-04-10,16:01:37.238000,10879,10880,10879,2
2019-04-10,16:01:40.828000,10879,10880,10879,2
2019-04-10,16:01:52.044000,10879,10880,10879,1
2019-04-10,16:01:56.015000,10879,10880,10879,2
2019-04-10,16:01:57.910000,10879,10880,10879,1
2019-04-10,16:02:08.740000,10879,10880,10879,1
2019-04-10,16:02:09.345000,10879,10880,10879,1
2019-04-10,16:02:10.579000,10879,10880,10879,1
2019-04-10,16:02:14.020000,10879,10880,10879,1
2019-04-10,16:02:20.909000,10879,10880,10879,5
2019-04-10,16:02:22.567000,10879,10880,10880,2
2019-04-10,16:02:26.328000,10879,10880,10879,18
2019-04-10,16:02:31.281000,10878,10879,10879,2
2019-04-10,16:02:46.792000,10878,10879,10878,3
2019-04-10,16:02:47.030000,10878,10879,10878,8
2019-04-10,16:02:51.168000,10878,10879,10878,1
2019-04-10,16:02:51.665000,10878,10879,10878,1
2019-04-10,16:02:52.373000,10878,10879,10878,1
2019-04-10,16:02:56.589000,10878,10879,10879,1
2019-04-10,16:02:58.169000,10878,10879,10879,1
2019-04-10,16:03:00.306000,10878,10879,10879,1
2019-04-10,16:03:00.987000,10878,10879,10879,5
2019-04-10,16:03:37.090000,10878,10879,10879,4
2019-04-10,16:03:37.968000,10879,10880,10879,2
2019-04-10,16:03:55.994000,10879,10880,10879,1
2019-04-10,16:03:57.265000,10879,10880,10879,11
2019-04-10,16:04:34.246000,10878,10879,10879,2
2019-04-10,16:04:39.031000,10878,10879,10879,1
2019-04-10,16:04:46.911000,10878,10879,10879,1
2019-04-10,16:04:51.994000,10878,10879,10879,1
2019-04-10,16:04:53.140000,10878,10879,10878,1
2019-04-10,16:05:08.785000,10878,10879,10878,21
2019-04-10,16:05:11.656000,10878,10879,10878,3
2019-04-10,16:05:37.882000,10878,10879,10878,1
2019-04-10,16:05:39.767000,10878,10879,10879,1
2019-04-10,16:06:03.220000,10878,10879,10879,4
2019-04-10,16:06:04.317000,10878,10879,10879,1
2019-04-10,16:06:11.340000,10878,10879,10879,2
2019-04-10,16:06:27.711000,10878,10879,10879,1
2019-04-10,16:06:27.711000,10878,10879,10879,1
2019-04-10,16:06:27.794000,10878,10879,10879,1
2019-04-10,16:06:27.797000,10878,10879,10879,7
2019-04-10,16:06:50.257000,10879,10880,10879,2
2019-04-10,16:06:51.293000,10879,10880,10880,9
2019-04-10,16:06:51.418000,10879,10880,10880,7
2019-04-10,16:06:51.418000,10879,10880,10880,2
2019-04-10,16:06:59.507000,10880,10881,10880,1
2019-04-10,16:07:17.576000,10880,10881,10880,1
2019-04-10,16:07:25.815000,10880,10881,10880,1
2019-04-10,16:07:27.375000,10880,10881,10880,1
2019-04-10,16:07:28.526000,10880,10881,10880,1
2019-04-10,16:07:29.282000,10880,10881,10880,1
2019-04-10,16:07:40.207000,10880,10881,10880,1
2019-04-10,16:07:45.100000,10880,10881,10880,1
2019-04-10,16:07:55.418000,10880,10881,10880,1
2019-04-10,16:07:56.067000,10880,10881,10880,24
2019-04-10,16:07:58.517000,10879,10880,10880,5
2019-04-10,16:08:03.250000,10880,10881,10880,1
2019-04-10,16:08:26.479000,10880,10881,10880,12
2019-04-10,16:08:26.901000,10880,10881,10880,1
2019-04-10,16:08:36.833000,10879,10880,10879,15
2019-04-10,16:08:39.293000,10879,10880,10879,6
2019-04-10,16:09:30.169000,10879,10880,10880,1
2019-04-10,16:09:47.167000,10878,10879,10879,1
2019-04-10,16:09:56.473000,10878,10879,10878,1
2019-04-10,16:09:56.543000,10878,10879,10878,1
2019-04-10,16:10:22.523000,10878,10879,10878,1
2019-04-10,16:10:22.523000,10878,10879,10878,5
2019-04-10,16:10:22.524000,10878,10879,10878,6
2019-04-10,16:10:23.580000,10877,10878,10877,1
2019-04-10,16:10:24.005000,10877,10878,10878,3
2019-04-10,16:10:29.682000,10877,10878,10878,1
2019-04-10,16:10:29.745000,10877,10878,10877,1
2019-04-10,16:10:32.909000,10877,10878,10877,1
2019-04-10,16:10:37.269000,10877,10878,10877,1
2019-04-10,16:10:47.843000,10877,10878,10877,2
2019-04-10,16:10:48.165000,10877,10878,10877,2
2019-04-10,16:10:48.787000,10876,10877,10877,3
2019-04-10,16:11:04.842000,10876,10877,10877,1
2019-04-10,16:11:08.399000,10877,10878,10877,2
2019-04-10,16:11:08.399000,10877,10878,10877,2
2019-04-10,16:11:09.480000,10876,10877,10876,1
2019-04-10,16:11:09.607000,10876,10877,10876,2
2019-04-10,16:11:19.835000,10876,10877,10876,1
2019-04-10,16:11:26.286000,10876,10877,10876,1
2019-04-10,16:11:35.587000,10876,10877,10877,1
2019-04-10,16:11:41.459000,10876,10877,10877,1
2019-04-10,16:12:06.923000,10876,10877,10876,4
2019-04-10,16:12:07.134000,10876,10877,10876,1
2019-04-10,16:12:20.297000,10876,10877,10876,1
2019-04-10,16:12:20.297000,10876,10877,10876,2
2019-04-10,16:12:20.298000,10876,10877,10876,18
2019-04-10,16:12:20.298000,10876,10877,10876,2
2019-04-10,16:12:25.202000,10875,10876,10875,1
2019-04-10,16:12:25.316000,10875,10876,10875,1
2019-04-10,16:12:25.566000,10875,10876,10875,1
2019-04-10,16:12:26.126000,10875,10876,10875,2
2019-04-10,16:12:26.727000,10875,10876,10875,1
2019-04-10,16:12:26.746000,10875,10876,10875,1
2019-04-10,16:12:26.778000,10875,10876,10875,1
2019-04-10,16:12:26.781000,10875,10876,10875,1
2019-04-10,16:12:27.065000,10875,10876,10875,1
2019-04-10,16:12:28.599000,10875,10876,10875,3
2019-04-10,16:12:30.152000,10875,10876,10875,2
2019-04-10,16:12:30.509000,10875,10876,10875,2
2019-04-10,16:12:30.991000,10875,10876,10875,2
2019-04-10,16:12:31.350000,10875,10876,10875,1
2019-04-10,16:12:32.291000,10875,10876,10875,2
2019-04-10,16:12:32.619000,10875,10876,10875,1
2019-04-10,16:12:34.398000,10875,10876,10875,1
2019-04-10,16:12:36.473000,10875,10876,10875,1
2019-04-10,16:12:39.129000,10875,10876,10875,2
2019-04-10,16:12:41.485000,10875,10876,10875,2
2019-04-10,16:12:41.893000,10875,10876,10875,2
2019-04-10,16:12:42.044000,10875,10876,10875,1
2019-04-10,16:12:42.439000,10874,10875,10875,1
2019-04-10,16:12:47.406000,10874,10875,10875,2
2019-04-10,16:12:48.289000,10874,10875,10875,5
2019-04-10,16:12:48.293000,10874,10875,10875,3
2019-04-10,16:13:08.543000,10875,10876,10876,2
2019-04-10,16:13:08.668000,10875,10876,10876,2
2019-04-10,16:13:08.793000,10875,10876,10876,3
2019-04-10,16:13:09.340000,10876,10877,10877,1
2019-04-10,16:13:25.964000,10876,10877,10876,1
2019-04-10,16:13:31.110000,10876,10877,10876,1
2019-04-10,16:13:37.611000,10876,10877,10877,5
2019-04-10,16:13:49.581000,10876,10877,10877,1
2019-04-10,16:13:58.204000,10876,10877,10876,2
2019-04-10,16:14:18.138000,10876,10877,10876,1
2019-04-10,16:14:24.604000,10876,10877,10876,1
2019-04-10,16:14:37.127000,10876,10877,10876,1
2019-04-10,16:14:41.363000,10876,10877,10876,1
2019-04-10,16:14:56.150000,10876,10877,10877,1
2019-04-10,16:15:06.271000,10876,10877,10877,1
2019-04-10,16:15:17.466000,10876,10877,10877,1
2019-04-10,16:15:21.164000,10876,10877,10876,1
2019-04-10,16:15:22.420000,10876,10877,10876,2
2019-04-10,16:15:26.725000,10876,10877,10877,1
2019-04-10,16:15:42.471000,10876,10877,10876,2
2019-04-10,16:15:43.447000,10876,10877,10876,2
2019-04-10,16:15:52.877000,10876,10877,10876,1
2019-04-10,16:15:58.293000,10876,10877,10876,2
2019-04-10,16:15:59.693000,10876,10877,10876,2
2019-04-10,16:16:02.325000,10876,10877,10876,2
2019-04-10,16:16:11.366000,10876,10877,10876,1
2019-04-10,16:16:11.851000,10876,10877,10876,3
2019-04-10,16:16:20.236000,10876,10877,10876,2
2019-04-10,16:16:43.073000,10876,10877,10876,1
2019-04-10,16:17:13.662000,10876,10877,10876,2
2019-04-10,16:17:39.520000,10876,10877,10876,13
2019-04-10,16:17:40.590000,10876,10877,10876,2
2019-04-10,16:17:40.993000,10876,10877,10876,1
2019-04-10,16:17:43.765000,10876,10877,10876,1
2019-04-10,16:17:46.644000,10876,10877,10876,6
2019-04-10,16:17:56.461000,10875,10876,10875,1
2019-04-10,16:18:01.635000,10875,10876,10876,1
2019-04-10,16:18:14.902000,10875,10876,10875,2
2019-04-10,16:18:18.378000,10875,10876,10875,2
2019-04-10,16:18:20.359000,10875,10876,10875,1
2019-04-10,16:18:34.138000,10875,10876,10875,3
2019-04-10,16:18:42.136000,10875,10876,10875,1
2019-04-10,16:18:42.169000,10875,10876,10875,7
2019-04-10,16:18:44.112000,10874,10875,10875,1
2019-04-10,16:18:51.297000,10874,10875,10875,2
2019-04-10,16:19:02.641000,10874,10875,10874,3
2019-04-10,16:19:02.691000,10874,10875,10874,1
2019-04-10,16:19:02.694000,10874,10875,10874,1
2019-04-10,16:19:02.834000,10874,10875,10875,1
2019-04-10,16:19:06.401000,10874,10875,10875,2
2019-04-10,16:19:12.295000,10874,10875,10875,1
2019-04-10,16:19:12.339000,10874,10875,10874,19
2019-04-10,16:19:16.866000,10873,10874,10873,1
2019-04-10,16:19:17.027000,10873,10874,10873,1
2019-04-10,16:19:17.093000,10873,10874,10873,1
2019-04-10,16:19:17.147000,10873,10874,10873,3
2019-04-10,16:19:17.264000,10873,10874,10873,1
2019-04-10,16:19:28.662000,10873,10874,10874,2
2019-04-10,16:19:28.967000,10873,10874,10873,1
2019-04-10,16:19:31.493000,10873,10874,10873,1
2019-04-10,16:19:34.060000,10873,10874,10873,6
2019-04-10,16:19:34.614000,10873,10874,10873,2
2019-04-10,16:19:38.036000,10873,10874,10873,2
2019-04-10,16:19:44.704000,10873,10874,10873,1
2019-04-10,16:19:47.364000,10873,10874,10873,1
2019-04-10,16:19:55.756000,10873,10874,10873,1
2019-04-10,16:20:00.806000,10873,10874,10873,1
2019-04-10,16:20:02.749000,10873,10874,10873,2
2019-04-10,16:20:05.230000,10873,10874,10873,1
2019-04-10,16:20:05.336000,10873,10874,10874,1
2019-04-10,16:20:05.856000,10873,10874,10874,1
2019-04-10,16:20:10.919000,10873,10874,10874,1
2019-04-10,16:20:17.091000,10873,10874,10874,1
2019-04-10,16:20:17.970000,10873,10874,10874,1
2019-04-10,16:20:21.876000,10873,10874,10873,3
2019-04-10,16:20:36.331000,10873,10874,10873,1
2019-04-10,16:20:38.043000,10873,10874,10873,5
2019-04-10,16:20:47.866000,10873,10874,10873,9
2019-04-10,16:20:51.807000,10873,10874,10873,2
2019-04-10,16:20:55.107000,10873,10874,10873,14
2019-04-10,16:21:02.860000,10872,10873,10872,6
2019-04-10,16:21:02.942000,10872,10873,10872,1
2019-04-10,16:21:03.041000,10872,10873,10872,5
2019-04-10,16:21:04.143000,10872,10873,10872,1
2019-04-10,16:21:04.952000,10872,10873,10872,1
2019-04-10,16:21:07.618000,10872,10873,10873,1
2019-04-10,16:21:10.681000,10872,10873,10872,1
2019-04-10,16:21:11.643000,10872,10873,10872,1
2019-04-10,16:21:11.673000,10872,10873,10873,1
2019-04-10,16:21:16.248000,10872,10873,10872,1
2019-04-10,16:21:19.263000,10872,10873,10873,1
2019-04-10,16:21:19.698000,10872,10873,10873,1
2019-04-10,16:21:20.647000,10872,10873,10872,13
2019-04-10,16:21:24.395000,10872,10873,10872,3
2019-04-10,16:21:26.382000,10872,10873,10872,1
2019-04-10,16:21:26.524000,10872,10873,10872,1
2019-04-10,16:21:26.552000,10872,10873,10872,1
2019-04-10,16:21:28.649000,10872,10873,10872,1
2019-04-10,16:21:29.888000,10872,10873,10872,1
2019-04-10,16:21:31.072000,10872,10873,10872,5
2019-04-10,16:21:31.699000,10872,10873,10872,1
2019-04-10,16:21:33.526000,10872,10873,10872,1
2019-04-10,16:21:33.565000,10872,10873,10872,1
2019-04-10,16:21:37.570000,10872,10873,10873,2
2019-04-10,16:21:42.966000,10872,10873,10873,1
2019-04-10,16:21:43.797000,10872,10873,10872,1
2019-04-10,16:21:45.606000,10872,10873,10872,1
2019-04-10,16:21:52.173000,10872,10873,10873,1
2019-04-10,16:21:52.480000,10872,10873,10872,1
2019-04-10,16:21:53.294000,10872,10873,10873,1
2019-04-10,16:21:59.886000,10872,10873,10873,1
2019-04-10,16:22:02.135000,10872,10873,10873,2
2019-04-10,16:22:04.798000,10872,10873,10873,10
2019-04-10,16:22:04.918000,10872,10873,10873,2
2019-04-10,16:22:07.940000,10873,10874,10873,4
2019-04-10,16:22:14.243000,10873,10874,10873,1
2019-04-10,16:22:27.391000,10873,10874,10873,5
2019-04-10,16:22:35.671000,10873,10874,10873,1
2019-04-10,16:22:39.614000,10873,10874,10873,6
2019-04-10,16:22:42.904000,10873,10874,10873,1
2019-04-10,16:22:47.051000,10873,10874,10873,1
2019-04-10,16:23:26.487000,10873,10874,10873,2
2019-04-10,16:23:34.909000,10873,10874,10873,2
2019-04-10,16:23:36.708000,10873,10874,10873,1
2019-04-10,16:23:44.192000,10873,10874,10873,2
2019-04-10,16:23:47.868000,10873,10874,10873,2
2019-04-10,16:23:51.885000,10873,10874,10873,1
2019-04-10,16:24:03.596000,10873,10874,10873,2
2019-04-10,16:24:14.100000,10873,10874,10873,1
2019-04-10,16:24:16.505000,10873,10874,10874,1
2019-04-10,16:24:16.650000,10873,10874,10873,2
2019-04-10,16:24:21.870000,10873,10874,10873,1
2019-04-10,16:24:31.065000,10873,10874,10874,1
2019-04-10,16:24:33.392000,10873,10874,10874,4
2019-04-10,16:24:33.418000,10873,10874,10874,10
2019-04-10,16:24:33.420000,10873,10874,10874,1
2019-04-10,16:24:35.914000,10873,10874,10874,1
2019-04-10,16:24:39.145000,10873,10874,10874,1
2019-04-10,16:24:39.145000,10873,10874,10874,2
2019-04-10,16:24:41.832000,10874,10875,10874,2
2019-04-10,16:24:41.832000,10874,10875,10873,1
2019-04-10,16:24:44.485000,10874,10875,10874,1
2019-04-10,16:25:33.249000,10874,10875,10874,1
2019-04-10,16:25:34.811000,10874,10875,10875,10
2019-04-10,16:25:43.808000,10874,10875,10875,1
2019-04-10,16:25:50.471000,10874,10875,10875,5
2019-04-10,16:26:10.945000,10875,10876,10875,1
2019-04-10,16:26:13.003000,10875,10876,10875,4
2019-04-10,16:26:23.951000,10875,10876,10875,1
2019-04-10,16:26:26.748000,10875,10876,10875,1
2019-04-10,16:26:54.717000,10875,10876,10875,4
2019-04-10,16:27:14.812000,10875,10876,10875,4
2019-04-10,16:27:22.532000,10875,10876,10875,1
2019-04-10,16:27:37.170000,10875,10876,10876,1
2019-04-10,16:27:58.287000,10875,10876,10876,1
2019-04-10,16:28:04.670000,10875,10876,10876,1
2019-04-10,16:28:06.271000,10875,10876,10876,1
2019-04-10,16:28:06.387000,10875,10876,10876,1
2019-04-10,16:28:06.598000,10875,10876,10876,1
2019-04-10,16:28:12.579000,10875,10876,10876,1
2019-04-10,16:28:13.168000,10875,10876,10875,1
2019-04-10,16:28:37.293000,10875,10876,10875,1
2019-04-10,16:28:43.780000,10875,10876,10875,8
2019-04-10,16:29:01.243000,10875,10876,10875,8
2019-04-10,16:29:09.603000,10875,10876,10875,1
2019-04-10,16:29:30.705000,10875,10876,10875,1
2019-04-10,16:29:46.673000,10875,10876,10875,10
2019-04-10,16:29:51.531000,10875,10876,10875,1
2019-04-10,16:29:58.428000,10875,10876,10875,1
2019-04-10,16:30:00.147000,10875,10876,10875,2
2019-04-10,16:30:23.825000,10875,10876,10876,1
2019-04-10,16:30:24.600000,10875,10876,10875,1
2019-04-10,16:30:30.443000,10875,10876,10876,1
2019-04-10,16:30:31.949000,10875,10876,10876,1
2019-04-10,16:30:34.648000,10875,10876,10876,1
2019-04-10,16:30:38.965000,10875,10876,10876,1
2019-04-10,16:30:39.217000,10875,10876,10876,1
2019-04-10,16:30:39.218000,10875,10876,10876,2
2019-04-10,16:30:39.295000,10875,10876,10876,15
2019-04-10,16:30:44.664000,10876,10877,10876,2
2019-04-10,16:31:34.782000,10876,10877,10877,1
2019-04-10,16:31:44.129000,10876,10877,10877,1
2019-04-10,16:31:51.192000,10876,10877,10876,5
2019-04-10,16:32:16.088000,10876,10877,10876,11
2019-04-10,16:32:38.737000,10875,10876,10876,1
2019-04-10,16:32:53.249000,10875,10876,10876,1
2019-04-10,16:32:54.212000,10875,10876,10876,2
2019-04-10,16:33:06.567000,10875,10876,10876,1
2019-04-10,16:33:07.432000,10875,10876,10875,1
2019-04-10,16:33:07.432000,10875,10876,10875,4
2019-04-10,16:33:15.639000,10874,10875,10875,1
2019-04-10,16:33:19.117000,10874,10875,10875,1
2019-04-10,16:33:35.005000,10875,10876,10875,5
2019-04-10,16:33:39.633000,10875,10876,10875,1
2019-04-10,16:33:45.937000,10875,10876,10875,1
2019-04-10,16:33:47.069000,10875,10876,10875,1
2019-04-10,16:34:01.217000,10874,10875,10875,1
2019-04-10,16:35:04.824000,10874,10875,10875,4
2019-04-10,16:35:05.418000,10875,10876,10876,2
2019-04-10,16:35:05.608000,10875,10876,10876,1
2019-04-10,16:35:28.938000,10874,10876,10876,3
2019-04-10,16:35:48.001000,10875,10876,10876,3
2019-04-10,16:36:48.494000,10875,10876,10876,3
2019-04-10,16:37:20.047000,10875,10876,10876,1
2019-04-10,16:37:20.577000,10875,10876,10876,5
2019-04-10,16:37:30.590000,10875,10876,10876,1
2019-04-10,16:37:41.472000,10875,10876,10876,1
2019-04-10,16:37:57.350000,10875,10876,10876,1
2019-04-10,16:37:57.352000,10875,10876,10876,1
2019-04-10,16:38:06.310000,10875,10876,10876,3
2019-04-10,16:38:09.164000,10875,10876,10876,1
2019-04-10,16:38:10.004000,10876,10877,10876,1
2019-04-10,16:38:18.946000,10875,10877,10877,1
2019-04-10,16:38:44.228000,10876,10877,10876,8
2019-04-10,16:39:32.537000,10876,10877,10876,1
2019-04-10,16:39:39.242000,10876,10877,10876,1
2019-04-10,16:39:53.002000,10876,10877,10876,4
2019-04-10,16:39:53.354000,10875,10877,10877,1
2019-04-10,16:40:09.549000,10875,10876,10876,1
2019-04-10,16:40:13.340000,10875,10876,10876,1
2019-04-10,16:40:19.368000,10875,10876,10876,1
2019-04-10,16:40:21.418000,10875,10876,10876,1
2019-04-10,16:40:28.180000,10876,10877,10876,1
2019-04-10,16:41:12.151000,10876,10877,10877,2
2019-04-10,16:41:18.166000,10876,10877,10876,2
2019-04-10,16:41:56.098000,10876,10877,10876,11
2019-04-10,16:42:11.851000,10876,10877,10876,3
2019-04-10,16:42:16.622000,10876,10877,10876,1
2019-04-10,16:42:29.395000,10876,10877,10876,1
2019-04-10,16:44:14.920000,10876,10877,10877,4
2019-04-10,16:44:36.764000,10876,10877,10876,1
2019-04-10,16:44:51.284000,10876,10877,10876,3
2019-04-10,16:44:58.210000,10876,10877,10876,3
2019-04-10,16:45:58.626000,10876,10877,10876,2
2019-04-10,16:45:58.794000,10876,10877,10876,2
2019-04-10,16:46:02.323000,10876,10877,10877,1
2019-04-10,16:46:03.482000,10876,10877,10876,1
2019-04-10,16:46:04.005000,10876,10877,10876,1
2019-04-10,16:46:30.928000,10875,10876,10875,2
2019-04-10,16:46:39.220000,10875,10876,10876,5
2019-04-10,16:46:44.033000,10875,10876,10875,1
2019-04-10,16:47:29.834000,10875,10876,10875,2
2019-04-10,16:47:29.918000,10875,10876,10875,12
2019-04-10,16:47:29.918000,10875,10876,10875,2
2019-04-10,16:47:29.919000,10875,10876,10875,3
2019-04-10,16:47:30.043000,10875,10876,10875,1
2019-04-10,16:47:30.043000,10875,10876,10875,4
2019-04-10,16:47:30.043000,10875,10876,10875,2
2019-04-10,16:47:30.043000,10875,10876,10875,4
2019-04-10,16:47:38.189000,10874,10875,10874,1
2019-04-10,16:47:42.019000,10874,10875,10874,1
2019-04-10,16:47:45.518000,10874,10875,10874,1
2019-04-10,16:47:46.598000,10874,10875,10874,1
2019-04-10,16:47:48.823000,10874,10875,10874,1
2019-04-10,16:47:51.132000,10874,10875,10874,1
2019-04-10,16:47:53.253000,10874,10875,10874,3
2019-04-10,16:47:56.512000,10874,10875,10874,1
2019-04-10,16:47:57.001000,10874,10875,10874,1
2019-04-10,16:47:57.021000,10874,10875,10874,2
2019-04-10,16:47:57.743000,10874,10875,10874,1
2019-04-10,16:47:59.576000,10874,10875,10874,2
2019-04-10,16:48:27.704000,10874,10875,10874,4
2019-04-10,16:48:29.928000,10874,10875,10874,1
2019-04-10,16:48:30.952000,10874,10875,10874,1
2019-04-10,16:48:32.307000,10874,10875,10874,4
2019-04-10,16:48:32.924000,10874,10875,10874,1
2019-04-10,16:48:33.626000,10874,10875,10874,1
2019-04-10,16:48:50.113000,10874,10875,10874,3
2019-04-10,16:48:50.271000,10874,10875,10874,2
2019-04-10,16:48:54.273000,10874,10875,10874,1
2019-04-10,16:49:24.919000,10874,10875,10874,1
2019-04-10,16:49:47.718000,10874,10875,10875,1
2019-04-10,16:49:51.506000,10874,10875,10874,1
2019-04-10,16:50:13.477000,10874,10875,10875,3
2019-04-10,16:50:23.871000,10874,10875,10875,1
2019-04-10,16:50:44.823000,10874,10875,10874,1
2019-04-10,16:51:00.164000,10874,10875,10874,2
2019-04-10,16:51:02.486000,10874,10875,10874,1
2019-04-10,16:51:05.986000,10874,10875,10874,2
2019-04-10,16:51:55.551000,10874,10875,10874,1
2019-04-10,16:51:55.597000,10874,10875,10874,1
2019-04-10,16:51:55.616000,10874,10875,10874,3
2019-04-10,16:51:55.634000,10874,10875,10874,1
2019-04-10,16:51:55.656000,10874,10875,10874,1
2019-04-10,16:51:55.697000,10874,10875,10874,2
2019-04-10,16:52:15.910000,10874,10875,10874,2
2019-04-10,16:52:23.945000,10874,10875,10874,1
2019-04-10,16:52:26.920000,10874,10875,10874,3
2019-04-10,16:52:39.062000,10874,10875,10874,1
2019-04-10,16:53:14.775000,10874,10875,10874,5
2019-04-10,16:53:19.049000,10874,10875,10874,1
2019-04-10,16:53:25.207000,10874,10875,10874,1
2019-04-10,16:53:50.793000,10874,10875,10875,11
2019-04-10,16:53:51.303000,10874,10875,10874,1
2019-04-10,16:53:53.981000,10874,10875,10874,2
2019-04-10,16:53:54.168000,10874,10875,10874,4
2019-04-10,16:53:54.308000,10874,10875,10874,1
2019-04-10,16:53:55.091000,10874,10875,10874,4
2019-04-10,16:53:55.168000,10874,10875,10874,2
2019-04-10,16:53:59.002000,10874,10875,10874,10
2019-04-10,16:53:59.047000,10873,10874,10874,2
2019-04-10,16:55:02.625000,10873,10874,10874,1
2019-04-10,16:55:10.696000,10873,10874,10874,1
2019-04-10,16:55:11.304000,10873,10874,10874,2
2019-04-10,16:55:13.616000,10874,10875,10874,1
2019-04-10,16:55:29.620000,10873,10874,10874,1
2019-04-10,16:55:44.177000,10873,10874,10874,1
2019-04-10,16:56:15.757000,10873,10874,10874,1
2019-04-10,16:56:34.345000,10874,10875,10874,1
2019-04-10,16:57:24.489000,10874,10875,10874,2
2019-04-10,16:57:24.490000,10874,10875,10874,3
2019-04-10,16:57:24.490000,10874,10875,10874,1
2019-04-10,16:57:24.491000,10874,10875,10874,1
2019-04-10,16:57:24.843000,10873,10874,10874,3
2019-04-10,16:57:34.052000,10873,10874,10874,4
2019-04-10,16:57:55.067000,10873,10874,10873,1
2019-04-10,16:57:56.049000,10873,10874,10873,2
2019-04-10,16:57:56.169000,10873,10874,10873,18
2019-04-10,16:58:05.558000,10872,10873,10873,2
2019-04-10,16:58:32.090000,10872,10873,10873,1
2019-04-10,16:59:15.756000,10872,10873,10873,2
2019-04-10,16:59:17.371000,10872,10873,10873,6
2019-04-10,16:59:30.967000,10872,10873,10872,1
2019-04-10,16:59:31.667000,10872,10873,10872,1
2019-04-10,16:59:33.154000,10872,10873,10873,6
2019-04-10,16:59:45.054000,10872,10873,10873,1
2019-04-10,16:59:45.168000,10872,10873,10873,1
2019-04-10,16:59:45.503000,10873,10874,10873,1
2019-04-10,17:00:22.537000,10873,10874,10873,1
2019-04-10,17:00:22.957000,10873,10874,10874,2
2019-04-10,17:00:23.607000,10873,10874,10873,1
2019-04-10,17:00:23.616000,10873,10874,10873,3
2019-04-10,17:00:23.629000,10873,10874,10873,1
2019-04-10,17:00:23.779000,10872,10874,10872,1
2019-04-10,17:00:23.786000,10872,10874,10872,1
2019-04-10,17:00:25.147000,10872,10873,10872,1
2019-04-10,17:00:29.754000,10872,10873,10873,1
2019-04-10,17:00:29.980000,10872,10874,10873,1
2019-04-10,17:00:44.896000,10872,10873,10873,1
2019-04-10,17:00:49.026000,10872,10873,10872,1
2019-04-10,17:00:58.249000,10872,10873,10872,1
2019-04-10,17:01:06.190000,10872,10873,10872,1
2019-04-10,17:01:06.226000,10872,10873,10872,1
2019-04-10,17:01:10.150000,10872,10873,10872,11
2019-04-10,17:01:15.234000,10872,10873,10872,1
2019-04-10,17:01:16.341000,10872,10873,10872,1
2019-04-10,17:01:16.418000,10872,10873,10872,4
2019-04-10,17:01:27.387000,10871,10872,10872,1
2019-04-10,17:01:56.589000,10871,10872,10872,1
2019-04-10,17:01:58.778000,10871,10872,10872,2
2019-04-10,17:02:01.733000,10871,10872,10872,1
2019-04-10,17:02:25.038000,10871,10872,10871,1
2019-04-10,17:02:25.129000,10871,10872,10871,1
2019-04-10,17:02:25.179000,10871,10872,10871,1
2019-04-10,17:02:25.233000,10871,10872,10871,1
2019-04-10,17:02:25.347000,10871,10872,10871,1
2019-04-10,17:02:25.360000,10871,10872,10871,1
2019-04-10,17:02:27.404000,10871,10872,10871,1
2019-04-10,17:02:41.606000,10871,10872,10871,1
2019-04-10,17:02:44.901000,10871,10872,10871,1
2019-04-10,17:02:54.114000,10871,10872,10872,1
2019-04-10,17:03:03.546000,10871,10872,10871,1
2019-04-10,17:03:14.772000,10871,10872,10871,1
2019-04-10,17:03:17.337000,10871,10872,10871,1
2019-04-10,17:03:23.211000,10871,10872,10871,1
2019-04-10,17:03:31.233000,10871,10872,10871,2
2019-04-10,17:03:35.145000,10871,10872,10871,1
2019-04-10,17:03:38.394000,10871,10872,10871,1
2019-04-10,17:03:38.395000,10871,10872,10871,11
2019-04-10,17:03:38.396000,10871,10872,10871,4
2019-04-10,17:03:38.396000,10871,10872,10871,2
2019-04-10,17:03:38.402000,10871,10872,10871,4
2019-04-10,17:03:38.418000,10871,10872,10871,3
2019-04-10,17:03:38.434000,10871,10872,10871,3
2019-04-10,17:03:38.477000,10871,10872,10871,4
2019-04-10,17:03:38.500000,10871,10872,10871,8
2019-04-10,17:03:38.507000,10871,10872,10871,1
2019-04-10,17:03:38.894000,10870,10871,10871,3
2019-04-10,17:03:40.684000,10870,10871,10871,1
2019-04-10,17:03:41.228000,10871,10872,10871,1
2019-04-10,17:03:42.436000,10871,10872,10871,1
2019-04-10,17:03:49.592000,10871,10872,10871,1
2019-04-10,17:03:52.770000,10871,10872,10871,2
2019-04-10,17:04:08.803000,10871,10872,10871,1
2019-04-10,17:04:17.213000,10871,10872,10871,1
2019-04-10,17:04:23.513000,10870,10871,10870,8
2019-04-10,17:04:23.660000,10870,10871,10870,1
2019-04-10,17:04:26.203000,10870,10871,10871,1
2019-04-10,17:04:29.773000,10870,10871,10871,1
2019-04-10,17:04:33.422000,10871,10872,10871,1
2019-04-10,17:04:34.066000,10871,10872,10871,1
2019-04-10,17:05:09.309000,10871,10872,10872,2
2019-04-10,17:05:14.319000,10871,10872,10871,2
2019-04-10,17:05:27.224000,10871,10872,10872,1
2019-04-10,17:05:28.110000,10871,10872,10872,1
2019-04-10,17:05:28.110000,10871,10872,10872,5
2019-04-10,17:05:28.110000,10871,10872,10872,2
2019-04-10,17:05:28.110000,10871,10872,10872,5
2019-04-10,17:05:31.104000,10872,10873,10872,1
2019-04-10,17:05:39.498000,10872,10873,10872,1
2019-04-10,17:05:47.018000,10872,10873,10873,1
2019-04-10,17:05:51.192000,10872,10873,10873,1
2019-04-10,17:05:54.300000,10872,10873,10873,2
2019-04-10,17:06:05.673000,10873,10874,10873,2
2019-04-10,17:06:33.428000,10872,10873,10873,1
2019-04-10,17:06:35.004000,10873,10874,10873,1
2019-04-10,17:06:44.627000,10872,10873,10873,1
2019-04-10,17:06:58.229000,10872,10873,10873,1
2019-04-10,17:07:12.795000,10872,10873,10872,2
2019-04-10,17:07:14.850000,10872,10873,10873,10
2019-04-10,17:07:17.574000,10872,10873,10873,1
2019-04-10,17:07:28.299000,10872,10873,10873,1
2019-04-10,17:07:37.418000,10872,10873,10872,1
2019-04-10,17:07:37.682000,10872,10873,10873,1
2019-04-10,17:07:41.405000,10872,10873,10873,1
2019-04-10,17:07:43.046000,10872,10873,10873,1
2019-04-10,17:07:55.050000,10872,10873,10872,2
2019-04-10,17:08:13.620000,10872,10873,10873,1
2019-04-10,17:08:29.222000,10873,10874,10873,2
2019-04-10,17:08:46.133000,10873,10874,10873,1
2019-04-10,17:08:48.589000,10873,10874,10873,5
2019-04-10,17:08:56.839000,10872,10873,10873,2
2019-04-10,17:09:07.450000,10873,10874,10873,5
2019-04-10,17:09:15.212000,10873,10874,10873,1
2019-04-10,17:09:17.604000,10872,10873,10873,1
2019-04-10,17:09:33.171000,10872,10873,10873,1
2019-04-10,17:09:41.676000,10872,10873,10872,1
2019-04-10,17:09:41.686000,10872,10873,10872,1
2019-04-10,17:09:42.123000,10872,10873,10872,4
2019-04-10,17:09:42.123000,10872,10873,10872,2
2019-04-10,17:09:56.176000,10871,10872,10871,10
2019-04-10,17:09:58.588000,10871,10872,10871,1
2019-04-10,17:09:58.711000,10870,10872,10871,1
2019-04-10,17:09:58.711000,10870,10872,10870,1
2019-04-10,17:10:00.110000,10870,10871,10870,1
2019-04-10,17:10:26.338000,10870,10871,10870,50
2019-04-10,17:10:26.418000,10870,10871,10870,9
2019-04-10,17:10:26.418000,10870,10871,10870,1
2019-04-10,17:10:26.831000,10869,10870,10869,1
2019-04-10,17:10:26.870000,10869,10870,10869,1
2019-04-10,17:10:26.872000,10869,10870,10869,1
2019-04-10,17:10:26.994000,10869,10870,10869,1
2019-04-10,17:10:27.020000,10869,10870,10869,1
2019-04-10,17:10:27.182000,10869,10870,10869,5
2019-04-10,17:10:27.183000,10869,10870,10869,5
2019-04-10,17:10:27.278000,10869,10870,10869,4
2019-04-10,17:10:27.278000,10869,10870,10868,6
2019-04-10,17:10:27.541000,10869,10870,10869,1
2019-04-10,17:10:28.517000,10869,10870,10869,1
2019-04-10,17:10:28.790000,10869,10870,10869,1
2019-04-10,17:10:30.474000,10869,10870,10869,1
2019-04-10,17:10:30.487000,10869,10870,10869,1
2019-04-10,17:10:39.231000,10869,10870,10869,1
2019-04-10,17:10:41.419000,10869,10870,10869,1
2019-04-10,17:10:43.433000,10869,10870,10869,1
2019-04-10,17:10:43.433000,10869,10870,10868,2
2019-04-10,17:10:43.684000,10868,10869,10869,2
2019-04-10,17:10:44.779000,10869,10870,10869,1
2019-04-10,17:10:52.919000,10868,10869,10869,1
2019-04-10,17:10:56.690000,10869,10870,10869,3
2019-04-10,17:11:23.024000,10868,10869,10868,4
2019-04-10,17:11:30.613000,10868,10869,10868,1
2019-04-10,17:11:33.291000,10868,10869,10868,1
2019-04-10,17:11:33.634000,10868,10869,10868,4
2019-04-10,17:11:37.812000,10868,10869,10868,1
2019-04-10,17:11:41.026000,10868,10869,10868,9
2019-04-10,17:11:44.113000,10868,10869,10868,1
2019-04-10,17:11:44.553000,10868,10869,10868,1
2019-04-10,17:11:45.001000,10868,10869,10868,2
2019-04-10,17:11:45.692000,10868,10869,10868,1
2019-04-10,17:11:48.594000,10868,10869,10868,3
2019-04-10,17:11:49.310000,10868,10869,10868,3
2019-04-10,17:11:49.660000,10867,10868,10867,5
2019-04-10,17:11:49.777000,10867,10868,10867,1
2019-04-10,17:11:53.137000,10867,10868,10867,2
2019-04-10,17:11:54.294000,10867,10868,10867,2
2019-04-10,17:11:54.477000,10867,10868,10867,5
2019-04-10,17:11:54.685000,10867,10868,10867,5
2019-04-10,17:11:58.037000,10867,10868,10867,2
2019-04-10,17:11:58.673000,10867,10868,10867,1
2019-04-10,17:12:00.668000,10867,10868,10867,1
2019-04-10,17:12:01.419000,10867,10868,10867,1
2019-04-10,17:12:02.504000,10867,10868,10867,1
2019-04-10,17:12:02.714000,10867,10868,10867,7
2019-04-10,17:12:03.112000,10866,10867,10867,10
2019-04-10,17:12:05.625000,10867,10868,10867,1
2019-04-10,17:12:09.347000,10867,10868,10867,1
2019-04-10,17:12:09.788000,10867,10868,10867,23
2019-04-10,17:12:09.788000,10867,10868,10866,6
2019-04-10,17:12:09.831000,10866,10868,10866,1
2019-04-10,17:12:09.874000,10866,10868,10867,1
2019-04-10,17:12:16.357000,10866,10867,10867,1
2019-04-10,17:12:22.290000,10866,10867,10867,5
2019-04-10,17:12:25.628000,10866,10867,10867,1
2019-04-10,17:12:29.102000,10866,10867,10866,4
2019-04-10,17:12:33.335000,10866,10867,10866,1
2019-04-10,17:12:37.243000,10866,10867,10867,10
2019-04-10,17:12:42.738000,10867,10868,10867,1
2019-04-10,17:12:42.738000,10867,10868,10866,39
2019-04-10,17:12:49.459000,10866,10867,10866,1
2019-04-10,17:12:50.142000,10866,10867,10866,2
2019-04-10,17:12:50.468000,10865,10866,10865,1
2019-04-10,17:12:50.573000,10865,10866,10865,2
2019-04-10,17:12:50.614000,10865,10866,10865,1
2019-04-10,17:12:50.640000,10865,10866,10865,10
2019-04-10,17:12:50.703000,10865,10866,10866,1
2019-04-10,17:12:58.405000,10865,10866,10865,5
2019-04-10,17:12:59.203000,10865,10866,10865,1
2019-04-10,17:13:00.516000,10865,10866,10865,1
2019-04-10,17:13:00.788000,10865,10866,10865,1
2019-04-10,17:13:00.892000,10865,10866,10865,2
2019-04-10,17:13:00.991000,10865,10866,10865,1
2019-04-10,17:13:01.782000,10864,10866,10865,1
2019-04-10,17:13:04.901000,10864,10866,10864,17
2019-04-10,17:13:04.945000,10864,10866,10864,2
2019-04-10,17:13:04.950000,10864,10866,10864,2
2019-04-10,17:13:08.490000,10864,10865,10864,1
2019-04-10,17:13:09.833000,10864,10865,10865,10
2019-04-10,17:13:09.918000,10864,10865,10865,5
2019-04-10,17:13:10.259000,10865,10866,10865,6
2019-04-10,17:13:11.308000,10865,10866,10865,2
2019-04-10,17:13:12.762000,10864,10865,10865,1
2019-04-10,17:13:14.553000,10865,10866,10865,3
2019-04-10,17:13:17.955000,10865,10866,10865,1
2019-04-10,17:13:18.936000,10865,10866,10865,3
2019-04-10,17:13:18.936000,10865,10866,10864,3
2019-04-10,17:13:22.770000,10864,10865,10864,17
2019-04-10,17:13:23.889000,10864,10865,10865,1
2019-04-10,17:13:24.954000,10864,10865,10865,1
2019-04-10,17:13:30.675000,10864,10865,10864,9
2019-04-10,17:13:36.152000,10864,10865,10864,1
2019-04-10,17:13:36.200000,10864,10865,10864,2
2019-04-10,17:13:36.899000,10864,10865,10864,1
2019-04-10,17:13:37.424000,10864,10865,10864,1
2019-04-10,17:13:37.543000,10863,10864,10864,2
2019-04-10,17:13:37.560000,10863,10864,10864,2
2019-04-10,17:13:38.168000,10863,10864,10864,1
2019-04-10,17:13:39.293000,10863,10864,10864,2
2019-04-10,17:13:40.543000,10863,10864,10864,6
2019-04-10,17:13:43.006000,10864,10865,10864,1
2019-04-10,17:13:43.006000,10864,10865,10863,6
2019-04-10,17:13:43.125000,10863,10865,10863,3
2019-04-10,17:13:43.515000,10863,10865,10863,1
2019-04-10,17:13:48.835000,10864,10865,10864,1
2019-04-10,17:13:53.400000,10863,10864,10863,3
2019-04-10,17:13:54.112000,10863,10864,10864,1
2019-04-10,17:13:58.010000,10863,10864,10864,1
2019-04-10,17:14:08.415000,10863,10864,10864,12
2019-04-10,17:14:13.257000,10864,10865,10864,1
2019-04-10,17:14:14.184000,10864,10865,10864,1
2019-04-10,17:14:14.386000,10864,10865,10864,1
2019-04-10,17:14:16.671000,10864,10865,10864,3
2019-04-10,17:14:26.970000,10864,10865,10864,1
2019-04-10,17:14:30.931000,10864,10865,10864,2
2019-04-10,17:14:33.168000,10864,10865,10865,19
2019-04-10,17:14:42.360000,10865,10866,10866,1
2019-04-10,17:14:43.307000,10865,10866,10866,2
2019-04-10,17:14:44.769000,10865,10866,10866,1
2019-04-10,17:14:53.080000,10865,10866,10866,1
2019-04-10,17:14:53.709000,10865,10866,10866,1
2019-04-10,17:14:53.794000,10865,10866,10866,3
2019-04-10,17:15:05.156000,10866,10867,10867,2
2019-04-10,17:15:05.168000,10866,10867,10867,1
2019-04-10,17:15:09.043000,10866,10867,10867,4
2019-04-10,17:15:21.583000,10867,10868,10867,1
2019-04-10,17:15:29.679000,10867,10868,10867,1
2019-04-10,17:15:32.631000,10867,10868,10868,5
2019-04-10,17:15:40.744000,10867,10868,10868,1
2019-04-10,17:15:41.956000,10867,10868,10868,1
2019-04-10,17:15:44.852000,10867,10868,10868,3
2019-04-10,17:15:46.686000,10867,10868,10868,1
2019-04-10,17:15:47.475000,10867,10868,10868,1
2019-04-10,17:15:48.714000,10867,10868,10868,1
2019-04-10,17:15:50.665000,10867,10868,10868,2
2019-04-10,17:16:08.296000,10868,10869,10868,13
2019-04-10,17:16:10.802000,10867,10868,10868,2
2019-04-10,17:16:25.992000,10867,10868,10867,1
2019-04-10,17:16:27.672000,10867,10868,10867,1
2019-04-10,17:16:34.169000,10867,10868,10868,1
2019-04-10,17:16:41.699000,10867,10868,10868,1
2019-04-10,17:16:51.492000,10867,10868,10868,1
2019-04-10,17:17:12.645000,10867,10868,10868,1
2019-04-10,17:17:12.669000,10867,10868,10868,1
2019-04-10,17:17:16.852000,10867,10868,10868,1
2019-04-10,17:17:30.497000,10867,10868,10868,1
2019-04-10,17:17:48.562000,10867,10868,10867,10
2019-04-10,17:17:48.563000,10867,10868,10867,2
2019-04-10,17:17:48.668000,10867,10868,10867,4
2019-04-10,17:17:49.758000,10866,10867,10867,1
2019-04-10,17:17:53.959000,10866,10867,10866,1
2019-04-10,17:17:54.045000,10866,10867,10866,3
2019-04-10,17:18:08.854000,10866,10867,10866,1
2019-04-10,17:18:10.797000,10865,10866,10866,1
2019-04-10,17:18:58.989000,10866,10867,10866,1
2019-04-10,17:19:18.420000,10866,10867,10866,1
2019-04-10,17:19:30.599000,10866,10867,10866,9
2019-04-10,17:19:30.794000,10866,10867,10866,4
2019-04-10,17:19:49.921000,10866,10867,10867,1
2019-04-10,17:19:50.080000,10866,10867,10867,1
2019-04-10,17:19:50.795000,10866,10867,10866,2
2019-04-10,17:19:53.570000,10866,10867,10866,1
2019-04-10,17:20:02.528000,10866,10867,10866,5
2019-04-10,17:20:04.974000,10865,10866,10866,1
2019-04-10,17:20:18.936000,10865,10866,10866,1
2019-04-10,17:20:29.208000,10865,10866,10866,1
2019-04-10,17:20:30.219000,10865,10866,10866,3
2019-04-10,17:20:41.222000,10865,10866,10866,1
2019-04-10,17:21:08.771000,10865,10866,10866,2
2019-04-10,17:21:13.579000,10865,10866,10866,1
2019-04-10,17:21:25.724000,10865,10866,10866,1
2019-04-10,17:21:38.980000,10865,10866,10865,1
2019-04-10,17:21:38.983000,10865,10866,10865,1
2019-04-10,17:21:40.507000,10865,10866,10865,1
2019-04-10,17:21:41.960000,10865,10866,10865,1
2019-04-10,17:22:22.772000,10865,10866,10865,1
2019-04-10,17:22:24.556000,10865,10866,10866,8
2019-04-10,17:22:24.569000,10865,10866,10865,1
2019-04-10,17:22:31.075000,10865,10866,10866,1
2019-04-10,17:22:37.511000,10865,10866,10866,4
2019-04-10,17:22:49.327000,10865,10866,10866,1
2019-04-10,17:23:04.464000,10865,10866,10866,2
2019-04-10,17:23:05.496000,10865,10866,10866,1
2019-04-10,17:23:08.237000,10865,10866,10866,2
2019-04-10,17:23:09.741000,10865,10866,10866,1
2019-04-10,17:23:09.794000,10865,10866,10866,3
2019-04-10,17:23:10.043000,10866,10867,10866,1
2019-04-10,17:23:20.479000,10866,10867,10866,1
2019-04-10,17:23:55.484000,10866,10867,10867,1
2019-04-10,17:23:55.532000,10866,10867,10867,1
2019-04-10,17:23:55.577000,10866,10867,10867,1
2019-04-10,17:23:55.580000,10866,10867,10867,1
2019-04-10,17:23:55.583000,10866,10867,10867,1
2019-04-10,17:23:55.584000,10866,10867,10867,2
2019-04-10,17:23:55.588000,10866,10867,10867,2
2019-04-10,17:23:55.588000,10866,10867,10868,1
2019-04-10,17:23:55.642000,10866,10867,10868,1
2019-04-10,17:24:09.165000,10867,10868,10868,1
2019-04-10,17:24:11.358000,10867,10868,10868,4
2019-04-10,17:24:12.193000,10867,10868,10868,2
2019-04-10,17:24:13.073000,10868,10869,10868,6
2019-04-10,17:24:14.788000,10867,10868,10868,1
2019-04-10,17:24:19.407000,10867,10868,10868,1
2019-04-10,17:24:25.724000,10867,10868,10867,1
2019-04-10,17:24:45.859000,10867,10868,10868,2
2019-04-10,17:24:51.411000,10867,10868,10867,2
2019-04-10,17:24:52.171000,10867,10868,10867,4
2019-04-10,17:24:53.177000,10867,10868,10867,2
2019-04-10,17:25:09.726000,10867,10868,10867,1
2019-04-10,17:25:10.065000,10867,10868,10867,1
2019-04-10,17:25:13.052000,10867,10868,10867,1
2019-04-10,17:25:28.156000,10867,10868,10868,1
2019-04-10,17:25:36.818000,10867,10868,10867,1
2019-04-10,17:25:41.203000,10867,10868,10868,1
2019-04-10,17:25:55.819000,10867,10868,10867,1
2019-04-10,17:26:02.958000,10867,10868,10868,2
2019-04-10,17:26:23.149000,10867,10868,10868,1
2019-04-10,17:26:50.449000,10867,10868,10867,1
2019-04-10,17:26:52.243000,10867,10868,10868,5
2019-04-10,17:26:58.433000,10867,10868,10867,1
2019-04-10,17:27:08.648000,10867,10868,10867,1
2019-04-10,17:27:45.904000,10867,10868,10867,1
2019-04-10,17:28:39.487000,10867,10868,10867,1
2019-04-10,17:28:39.490000,10867,10868,10867,4
2019-04-10,17:28:39.490000,10867,10868,10867,1
2019-04-10,17:28:39.626000,10867,10868,10867,1
2019-04-10,17:28:39.626000,10867,10868,10867,6
2019-04-10,17:29:21.045000,10866,10867,10867,1
2019-04-10,17:30:00.945000,10866,10867,10867,1
2019-04-10,17:30:03.863000,10866,10867,10866,1
2019-04-10,17:30:29.428000,10866,10867,10867,1
2019-04-10,17:30:33.674000,10866,10867,10866,2
2019-04-10,17:30:40.359000,10866,10867,10867,1
2019-04-10,17:31:12.376000,10866,10867,10867,1
2019-04-10,17:31:24.924000,10866,10867,10867,2
2019-04-10,17:31:30.561000,10866,10867,10867,1
2019-04-10,17:31:39.312000,10867,10868,10867,3
2019-04-10,17:31:57.507000,10866,10867,10867,1
2019-04-10,17:32:18.413000,10867,10868,10867,1
2019-04-10,17:32:24.004000,10867,10868,10867,1
2019-04-10,17:32:24.498000,10867,10868,10868,1
2019-04-10,17:32:38.437000,10867,10868,10868,1
2019-04-10,17:32:38.545000,10867,10868,10868,2
2019-04-10,17:32:43.352000,10867,10868,10868,1
2019-04-10,17:32:43.823000,10867,10868,10868,2
2019-04-10,17:32:44.598000,10867,10868,10868,3
2019-04-10,17:32:53.443000,10868,10869,10869,1
2019-04-10,17:33:03.132000,10868,10869,10869,6
2019-04-10,17:33:07.144000,10868,10869,10868,1
2019-04-10,17:33:36.789000,10868,10869,10869,5
2019-04-10,17:33:38.050000,10868,10869,10869,1
2019-04-10,17:33:39.022000,10868,10869,10869,3
2019-04-10,17:33:46.293000,10869,10870,10870,1
2019-04-10,17:33:58.050000,10869,10870,10870,1
2019-04-10,17:34:02.889000,10869,10870,10870,1
2019-04-10,17:34:04.739000,10869,10870,10869,1
2019-04-10,17:34:12.386000,10869,10870,10870,1
2019-04-10,17:34:14.647000,10869,10870,10869,1
2019-04-10,17:34:18.518000,10869,10870,10869,1
2019-04-10,17:34:36.490000,10869,10870,10869,1
2019-04-10,17:35:00.351000,10869,10870,10870,2
2019-04-10,17:35:15.736000,10869,10870,10870,1
2019-04-10,17:35:18.998000,10869,10870,10870,1
2019-04-10,17:35:19.260000,10869,10870,10870,2
2019-04-10,17:35:20.620000,10869,10870,10869,1
2019-04-10,17:35:25.748000,10869,10870,10870,1
2019-04-10,17:35:56.723000,10869,10870,10869,1
2019-04-10,17:36:33.719000,10869,10870,10870,1
2019-04-10,17:36:39.244000,10869,10870,10869,2
2019-04-10,17:36:39.287000,10869,10870,10869,2
2019-04-10,17:36:39.305000,10869,10870,10869,1
2019-04-10,17:36:39.305000,10869,10870,10869,3
2019-04-10,17:36:39.306000,10869,10870,10869,2
2019-04-10,17:36:39.306000,10869,10870,10869,2
2019-04-10,17:36:39.418000,10869,10870,10869,10
2019-04-10,17:36:39.543000,10869,10870,10869,8
2019-04-10,17:36:46.724000,10868,10869,10868,1
2019-04-10,17:36:47.272000,10868,10869,10868,2
2019-04-10,17:36:52.718000,10868,10869,10869,1
2019-04-10,17:36:58.768000,10868,10869,10869,2
2019-04-10,17:37:23.934000,10868,10869,10869,1
2019-04-10,17:37:42.486000,10868,10869,10869,2
2019-04-10,17:37:42.543000,10868,10869,10869,3
2019-04-10,17:38:13.876000,10869,10870,10869,1
2019-04-10,17:38:33.224000,10869,10870,10869,1
2019-04-10,17:38:37.614000,10869,10870,10870,2
2019-04-10,17:38:39.422000,10869,10870,10869,2
2019-04-10,17:38:56.320000,10868,10869,10869,1
