2019-07-10,15:00:00.032000,10725,10726,10725,69
2019-07-10,15:00:00.067000,10725,10726,10725,1
2019-07-10,15:00:00.262000,10725,10726,10725,1
2019-07-10,15:00:00.672000,10725,10726,10726,2
2019-07-10,15:00:00.813000,10725,10726,10726,2
2019-07-10,15:00:00.813000,10725,10726,10726,1
2019-07-10,15:00:00.814000,10725,10726,10726,1
2019-07-10,15:00:00.814000,10725,10726,10726,1
2019-07-10,15:00:00.937000,10725,10726,10726,1
2019-07-10,15:00:01.309000,10725,10726,10726,2
2019-07-10,15:00:01.309000,10725,10726,10726,2
2019-07-10,15:00:01.518000,10725,10726,10726,1
2019-07-10,15:00:01.985000,10725,10726,10726,1
2019-07-10,15:00:02.043000,10725,10726,10726,2
2019-07-10,15:00:02.043000,10725,10726,10726,2
2019-07-10,15:00:02.056000,10725,10726,10726,1
2019-07-10,15:00:02.056000,10725,10726,10726,2
2019-07-10,15:00:02.158000,10725,10726,10726,1
2019-07-10,15:00:02.509000,10725,10726,10726,1
2019-07-10,15:00:03.662000,10725,10726,10726,10
2019-07-10,15:00:03.966000,10725,10727,10726,2
2019-07-10,15:00:04.057000,10725,10727,10727,5
2019-07-10,15:00:04.890000,10726,10727,10727,1
2019-07-10,15:00:06.204000,10726,10727,10726,1
2019-07-10,15:00:07.225000,10726,10727,10726,2
2019-07-10,15:00:07.229000,10726,10727,10726,2
2019-07-10,15:00:07.283000,10726,10727,10726,2
2019-07-10,15:00:07.428000,10726,10727,10726,1
2019-07-10,15:00:10.515000,10725,10726,10725,2
2019-07-10,15:00:10.533000,10725,10726,10725,14
2019-07-10,15:00:10.658000,10725,10726,10725,2
2019-07-10,15:00:10.658000,10725,10726,10725,4
2019-07-10,15:00:10.669000,10725,10726,10725,2
2019-07-10,15:00:10.723000,10725,10726,10725,2
2019-07-10,15:00:10.734000,10725,10726,10725,4
2019-07-10,15:00:10.738000,10725,10726,10725,2
2019-07-10,15:00:10.783000,10725,10726,10725,2
2019-07-10,15:00:10.783000,10725,10726,10725,2
2019-07-10,15:00:10.783000,10725,10726,10725,3
2019-07-10,15:00:10.785000,10725,10726,10725,2
2019-07-10,15:00:10.788000,10725,10726,10725,4
2019-07-10,15:00:10.841000,10725,10726,10725,2
2019-07-10,15:00:10.848000,10725,10726,10725,2
2019-07-10,15:00:10.906000,10725,10726,10725,2
2019-07-10,15:00:10.912000,10725,10726,10725,2
2019-07-10,15:00:10.918000,10725,10726,10725,4
2019-07-10,15:00:10.929000,10725,10726,10725,1
2019-07-10,15:00:10.948000,10725,10726,10724,2
2019-07-10,15:00:10.984000,10725,10726,10724,2
2019-07-10,15:00:11.023000,10725,10726,10724,2
2019-07-10,15:00:11.031000,10725,10726,10724,2
2019-07-10,15:00:11.075000,10724,10726,10724,2
2019-07-10,15:00:11.080000,10724,10726,10724,2
2019-07-10,15:00:11.135000,10724,10726,10724,2
2019-07-10,15:00:11.139000,10724,10726,10724,2
2019-07-10,15:00:11.191000,10724,10725,10724,2
2019-07-10,15:00:11.196000,10724,10725,10724,2
2019-07-10,15:00:11.199000,10724,10725,10724,1
2019-07-10,15:00:11.239000,10724,10725,10723,2
2019-07-10,15:00:11.253000,10724,10725,10723,2
2019-07-10,15:00:11.310000,10723,10725,10723,2
2019-07-10,15:00:11.331000,10723,10725,10723,2
2019-07-10,15:00:11.363000,10723,10725,10723,2
2019-07-10,15:00:11.403000,10723,10725,10723,1
2019-07-10,15:00:11.916000,10723,10724,10723,2
2019-07-10,15:00:12.477000,10723,10724,10724,2
2019-07-10,15:00:12.736000,10723,10724,10723,8
2019-07-10,15:00:13.633000,10723,10724,10723,1
2019-07-10,15:00:13.747000,10722,10724,10722,1
2019-07-10,15:00:13.933000,10722,10724,10722,1
2019-07-10,15:00:14.244000,10722,10724,10722,2
2019-07-10,15:00:14.677000,10722,10723,10722,1
2019-07-10,15:00:15.942000,10722,10723,10722,1
2019-07-10,15:00:16.283000,10722,10723,10723,3
2019-07-10,15:00:16.678000,10723,10724,10723,1
2019-07-10,15:00:17.283000,10723,10724,10724,8
2019-07-10,15:00:18.856000,10724,10725,10725,2
2019-07-10,15:00:19.791000,10724,10725,10724,1
2019-07-10,15:00:19.853000,10724,10725,10725,1
2019-07-10,15:00:20.681000,10724,10725,10724,1
2019-07-10,15:00:20.705000,10724,10725,10724,1
2019-07-10,15:00:20.716000,10724,10725,10724,1
2019-07-10,15:00:20.986000,10724,10725,10725,1
2019-07-10,15:00:21.799000,10723,10725,10725,5
2019-07-10,15:00:21.968000,10723,10724,10724,2
2019-07-10,15:00:23.473000,10723,10725,10725,1
2019-07-10,15:00:26.383000,10723,10724,10724,1
2019-07-10,15:00:27.604000,10723,10724,10723,2
2019-07-10,15:00:28.053000,10723,10724,10724,1
2019-07-10,15:00:29.372000,10723,10724,10723,5
2019-07-10,15:00:30.038000,10723,10724,10723,1
2019-07-10,15:00:30.518000,10723,10724,10723,1
2019-07-10,15:00:31.514000,10723,10724,10723,1
2019-07-10,15:00:31.550000,10723,10724,10723,6
2019-07-10,15:00:31.585000,10723,10724,10724,4
2019-07-10,15:00:31.725000,10723,10724,10723,1
2019-07-10,15:00:35.388000,10723,10724,10724,2
2019-07-10,15:00:36.034000,10723,10724,10724,4
2019-07-10,15:00:36.115000,10723,10724,10723,2
2019-07-10,15:00:38.082000,10723,10724,10723,1
2019-07-10,15:00:39.101000,10723,10724,10723,1
2019-07-10,15:00:39.267000,10723,10724,10723,1
2019-07-10,15:00:40.281000,10723,10724,10723,1
2019-07-10,15:00:41.228000,10723,10724,10724,1
2019-07-10,15:00:43.846000,10723,10724,10724,5
2019-07-10,15:00:44.389000,10724,10725,10724,12
2019-07-10,15:00:47.226000,10723,10724,10724,1
2019-07-10,15:00:47.281000,10723,10724,10724,1
2019-07-10,15:00:47.763000,10724,10725,10724,1
2019-07-10,15:00:48.939000,10723,10725,10724,1
2019-07-10,15:00:51.091000,10724,10725,10724,1
2019-07-10,15:00:55.423000,10724,10725,10725,2
2019-07-10,15:00:55.986000,10724,10725,10724,5
2019-07-10,15:00:56.448000,10724,10725,10724,1
2019-07-10,15:00:56.718000,10724,10725,10724,1
2019-07-10,15:00:57.414000,10724,10725,10724,1
2019-07-10,15:00:59.460000,10724,10725,10724,3
2019-07-10,15:01:00.021000,10724,10725,10725,2
2019-07-10,15:01:01.758000,10724,10725,10725,1
2019-07-10,15:01:02.856000,10724,10725,10725,4
2019-07-10,15:01:04.503000,10724,10725,10724,1
2019-07-10,15:01:07.869000,10724,10725,10724,1
2019-07-10,15:01:08.360000,10724,10725,10725,3
2019-07-10,15:01:09.825000,10724,10725,10725,10
2019-07-10,15:01:15.226000,10724,10725,10725,2
2019-07-10,15:01:17.129000,10724,10725,10725,4
2019-07-10,15:01:17.969000,10724,10725,10724,1
2019-07-10,15:01:23.512000,10724,10725,10725,4
2019-07-10,15:01:25.811000,10724,10725,10724,1
2019-07-10,15:01:26.707000,10724,10725,10724,1
2019-07-10,15:01:26.871000,10724,10725,10724,1
2019-07-10,15:01:26.899000,10724,10725,10724,1
2019-07-10,15:01:29.039000,10724,10725,10724,1
2019-07-10,15:01:30.085000,10724,10725,10724,1
2019-07-10,15:01:30.689000,10724,10725,10724,1
2019-07-10,15:01:30.808000,10724,10725,10724,2
2019-07-10,15:01:31.438000,10724,10725,10724,1
2019-07-10,15:01:32.822000,10724,10725,10724,2
2019-07-10,15:01:34.272000,10724,10725,10725,2
2019-07-10,15:01:35.136000,10724,10725,10725,3
2019-07-10,15:01:36.427000,10724,10725,10724,2
2019-07-10,15:01:41.343000,10724,10725,10724,1
2019-07-10,15:01:43.385000,10724,10725,10724,1
2019-07-10,15:01:43.482000,10724,10725,10724,1
2019-07-10,15:01:44.541000,10724,10725,10725,1
2019-07-10,15:01:45.685000,10724,10725,10724,1
2019-07-10,15:01:47.865000,10724,10725,10725,2
2019-07-10,15:01:47.865000,10724,10725,10725,5
2019-07-10,15:01:47.866000,10724,10725,10725,1
2019-07-10,15:01:47.866000,10724,10725,10725,9
2019-07-10,15:01:48.003000,10724,10726,10725,1
2019-07-10,15:01:48.388000,10725,10726,10725,4
2019-07-10,15:01:49.326000,10725,10726,10726,5
2019-07-10,15:01:50.293000,10725,10726,10725,1
2019-07-10,15:01:50.427000,10725,10726,10725,1
2019-07-10,15:01:50.701000,10725,10726,10725,1
2019-07-10,15:01:54.130000,10725,10726,10725,10
2019-07-10,15:01:55.971000,10725,10726,10725,1
2019-07-10,15:01:57.741000,10725,10726,10725,5
2019-07-10,15:01:58.551000,10725,10726,10725,1
2019-07-10,15:02:00.271000,10725,10726,10725,1
2019-07-10,15:02:03.663000,10724,10725,10725,2
2019-07-10,15:02:04.075000,10724,10725,10724,1
2019-07-10,15:02:10.142000,10724,10725,10725,2
2019-07-10,15:02:10.547000,10724,10725,10725,1
2019-07-10,15:02:12.372000,10724,10725,10725,1
2019-07-10,15:02:14.686000,10724,10725,10724,2
2019-07-10,15:02:18.805000,10724,10725,10725,1
2019-07-10,15:02:22.377000,10724,10725,10725,1
2019-07-10,15:02:24.172000,10724,10725,10725,2
2019-07-10,15:02:24.283000,10724,10725,10725,8
2019-07-10,15:02:25.748000,10725,10726,10725,1
2019-07-10,15:02:33.642000,10725,10726,10725,1
2019-07-10,15:02:42.484000,10725,10726,10725,1
2019-07-10,15:02:45.933000,10725,10726,10725,1
2019-07-10,15:02:47.785000,10725,10726,10725,2
2019-07-10,15:02:48.454000,10725,10726,10725,5
2019-07-10,15:02:49.014000,10725,10726,10725,8
2019-07-10,15:02:49.014000,10725,10726,10725,2
2019-07-10,15:02:49.015000,10725,10726,10725,4
2019-07-10,15:02:54.735000,10724,10725,10725,1
2019-07-10,15:02:56.887000,10724,10725,10724,1
2019-07-10,15:02:57.653000,10724,10725,10724,1
2019-07-10,15:02:59.431000,10724,10725,10725,1
2019-07-10,15:02:59.656000,10724,10725,10725,1
2019-07-10,15:03:00.208000,10724,10725,10725,1
2019-07-10,15:03:00.548000,10724,10725,10725,1
2019-07-10,15:03:00.730000,10724,10725,10725,1
2019-07-10,15:03:02.400000,10724,10725,10725,2
2019-07-10,15:03:02.587000,10724,10725,10724,1
2019-07-10,15:03:03.871000,10724,10725,10725,1
2019-07-10,15:03:05.879000,10724,10725,10724,2
2019-07-10,15:03:10.004000,10724,10725,10724,1
2019-07-10,15:03:11.839000,10724,10725,10725,1
2019-07-10,15:03:12.134000,10724,10725,10724,40
2019-07-10,15:03:14.831000,10723,10724,10724,1
2019-07-10,15:03:19.315000,10723,10724,10723,6
2019-07-10,15:03:19.324000,10723,10724,10723,1
2019-07-10,15:03:19.326000,10723,10724,10723,3
2019-07-10,15:03:19.362000,10723,10724,10723,1
2019-07-10,15:03:19.363000,10723,10724,10723,1
2019-07-10,15:03:19.408000,10723,10724,10723,7
2019-07-10,15:03:19.533000,10722,10723,10723,2
2019-07-10,15:03:19.592000,10722,10723,10723,2
2019-07-10,15:03:19.636000,10722,10723,10723,1
2019-07-10,15:03:19.646000,10722,10723,10723,4
2019-07-10,15:03:19.658000,10722,10723,10723,2
2019-07-10,15:03:19.847000,10722,10723,10723,1
2019-07-10,15:03:20.533000,10722,10723,10723,1
2019-07-10,15:03:22.139000,10723,10724,10723,1
2019-07-10,15:03:23.761000,10723,10724,10723,1
2019-07-10,15:03:24.634000,10723,10724,10723,1
2019-07-10,15:03:25.554000,10722,10724,10724,2
2019-07-10,15:03:29.313000,10722,10723,10723,1
2019-07-10,15:03:32.631000,10723,10724,10723,1
2019-07-10,15:03:34.490000,10723,10724,10723,2
2019-07-10,15:03:37.535000,10723,10724,10724,2
2019-07-10,15:03:38.293000,10723,10724,10724,2
2019-07-10,15:03:41.743000,10723,10724,10723,1
2019-07-10,15:03:43.480000,10723,10724,10723,1
2019-07-10,15:03:47.521000,10723,10724,10723,1
2019-07-10,15:03:48.139000,10723,10724,10723,1
2019-07-10,15:03:50.391000,10723,10724,10723,2
2019-07-10,15:03:50.737000,10723,10724,10723,5
2019-07-10,15:03:50.784000,10722,10723,10723,10
2019-07-10,15:03:50.849000,10722,10723,10723,2
2019-07-10,15:03:55.380000,10722,10723,10723,1
2019-07-10,15:03:56.369000,10722,10723,10722,1
2019-07-10,15:03:56.572000,10722,10723,10722,1
2019-07-10,15:03:56.726000,10722,10723,10722,1
2019-07-10,15:03:58.815000,10722,10723,10722,1
2019-07-10,15:03:58.866000,10722,10723,10722,1
2019-07-10,15:03:58.981000,10722,10723,10722,1
2019-07-10,15:03:59.324000,10722,10723,10722,1
2019-07-10,15:03:59.490000,10722,10723,10722,1
2019-07-10,15:03:59.597000,10722,10723,10722,1
2019-07-10,15:03:59.669000,10722,10723,10722,1
2019-07-10,15:03:59.849000,10722,10723,10722,1
2019-07-10,15:04:00.018000,10722,10723,10722,1
2019-07-10,15:04:01.002000,10722,10723,10722,1
2019-07-10,15:04:02.002000,10722,10723,10722,5
2019-07-10,15:04:05.095000,10722,10723,10722,1
2019-07-10,15:04:05.721000,10722,10723,10722,10
2019-07-10,15:04:05.926000,10722,10723,10722,8
2019-07-10,15:04:07.842000,10721,10722,10722,5
2019-07-10,15:04:07.908000,10721,10722,10722,1
2019-07-10,15:04:07.910000,10721,10722,10722,2
2019-07-10,15:04:14.683000,10722,10723,10722,1
2019-07-10,15:04:17.274000,10722,10723,10722,1
2019-07-10,15:04:19.879000,10722,10723,10722,1
2019-07-10,15:04:24.575000,10722,10723,10723,15
2019-07-10,15:04:24.658000,10722,10723,10723,22
2019-07-10,15:04:24.658000,10722,10723,10723,3
2019-07-10,15:04:24.658000,10722,10723,10723,2
2019-07-10,15:04:24.659000,10722,10723,10723,1
2019-07-10,15:04:24.659000,10722,10723,10723,1
2019-07-10,15:04:24.659000,10722,10723,10723,3
2019-07-10,15:04:24.659000,10722,10723,10723,1
2019-07-10,15:04:24.684000,10722,10723,10723,1
2019-07-10,15:04:24.910000,10723,10724,10724,2
2019-07-10,15:04:25.031000,10723,10724,10723,1
2019-07-10,15:04:25.241000,10723,10724,10723,1
2019-07-10,15:04:29.097000,10723,10724,10723,1
2019-07-10,15:04:34.331000,10723,10724,10724,1
2019-07-10,15:04:38.515000,10723,10724,10724,10
2019-07-10,15:04:40.367000,10723,10724,10724,1
2019-07-10,15:04:42.062000,10723,10724,10724,1
2019-07-10,15:04:43.352000,10723,10724,10723,1
2019-07-10,15:04:44.752000,10723,10724,10723,1
2019-07-10,15:04:49.808000,10723,10724,10723,1
2019-07-10,15:04:55.882000,10723,10724,10724,9
2019-07-10,15:04:57.217000,10724,10725,10724,1
2019-07-10,15:05:08.433000,10724,10725,10724,1
2019-07-10,15:05:12.316000,10724,10725,10724,1
2019-07-10,15:05:13.268000,10724,10725,10724,1
2019-07-10,15:05:16.289000,10724,10725,10724,1
2019-07-10,15:05:17.049000,10724,10725,10724,1
2019-07-10,15:05:18.115000,10724,10725,10724,2
2019-07-10,15:05:18.116000,10724,10725,10724,2
2019-07-10,15:05:18.123000,10724,10725,10724,8
2019-07-10,15:05:23.675000,10723,10724,10723,1
2019-07-10,15:05:23.868000,10723,10724,10723,5
2019-07-10,15:05:26.055000,10722,10723,10723,2
2019-07-10,15:05:26.055000,10722,10723,10724,1
2019-07-10,15:05:31.901000,10723,10724,10723,1
2019-07-10,15:05:32.040000,10723,10724,10723,1
2019-07-10,15:05:34.618000,10723,10724,10723,1
2019-07-10,15:05:37.750000,10723,10724,10723,1
2019-07-10,15:05:40.074000,10723,10724,10723,1
2019-07-10,15:05:43.980000,10723,10724,10724,1
2019-07-10,15:05:56.324000,10723,10724,10723,1
2019-07-10,15:05:57.891000,10723,10724,10724,1
2019-07-10,15:06:05.596000,10723,10724,10724,2
2019-07-10,15:06:09.382000,10723,10724,10724,2
2019-07-10,15:06:09.434000,10723,10724,10724,22
2019-07-10,15:06:12.291000,10724,10725,10724,1
2019-07-10,15:06:14.914000,10724,10725,10724,1
2019-07-10,15:06:16.648000,10724,10725,10724,1
2019-07-10,15:06:20.692000,10724,10725,10725,1
2019-07-10,15:06:22.901000,10724,10725,10724,1
2019-07-10,15:06:29.074000,10724,10725,10725,1
2019-07-10,15:06:47.817000,10724,10725,10724,3
2019-07-10,15:07:06.066000,10724,10725,10724,1
2019-07-10,15:07:22.751000,10724,10725,10725,1
2019-07-10,15:07:29.334000,10724,10725,10725,10
2019-07-10,15:07:35.273000,10724,10725,10725,1
2019-07-10,15:07:45.799000,10724,10725,10725,1
2019-07-10,15:07:48.394000,10724,10725,10725,4
2019-07-10,15:07:51.647000,10724,10725,10724,1
2019-07-10,15:08:08.625000,10724,10725,10725,2
2019-07-10,15:08:11.301000,10724,10725,10725,1
2019-07-10,15:08:18.123000,10724,10725,10725,1
2019-07-10,15:08:19.489000,10724,10725,10725,1
2019-07-10,15:08:22.141000,10724,10725,10725,1
2019-07-10,15:08:32.827000,10724,10725,10725,4
2019-07-10,15:08:34.741000,10724,10725,10725,1
2019-07-10,15:08:39.799000,10724,10725,10725,2
2019-07-10,15:08:42.942000,10724,10725,10725,2
2019-07-10,15:08:44.014000,10724,10725,10725,2
2019-07-10,15:08:45.206000,10724,10725,10725,2
2019-07-10,15:08:45.879000,10724,10725,10725,1
2019-07-10,15:08:48.176000,10724,10725,10725,1
2019-07-10,15:08:48.985000,10724,10725,10725,2
2019-07-10,15:08:49.217000,10724,10725,10725,1
2019-07-10,15:08:51.187000,10724,10725,10725,4
2019-07-10,15:08:57.998000,10724,10725,10725,1
2019-07-10,15:09:10.513000,10724,10725,10725,1
2019-07-10,15:09:26.512000,10724,10725,10725,1
2019-07-10,15:09:31.480000,10724,10725,10725,13
2019-07-10,15:09:33.207000,10725,10726,10725,1
2019-07-10,15:09:39.357000,10725,10726,10726,1
2019-07-10,15:09:39.461000,10725,10726,10726,1
2019-07-10,15:09:40.438000,10725,10726,10726,1
2019-07-10,15:09:42.141000,10725,10726,10726,23
2019-07-10,15:09:42.726000,10725,10726,10726,1
2019-07-10,15:09:51.261000,10725,10726,10725,1
2019-07-10,15:10:00.088000,10725,10726,10726,1
2019-07-10,15:10:02.159000,10725,10726,10726,4
2019-07-10,15:10:03.485000,10725,10726,10726,1
2019-07-10,15:10:03.533000,10725,10726,10726,1
2019-07-10,15:10:04.040000,10725,10726,10726,1
2019-07-10,15:10:08.899000,10725,10726,10726,4
2019-07-10,15:10:10.654000,10725,10726,10725,1
2019-07-10,15:10:10.807000,10725,10726,10726,1
2019-07-10,15:10:11.266000,10726,10727,10726,2
2019-07-10,15:10:15.702000,10726,10727,10726,2
2019-07-10,15:10:15.790000,10725,10727,10726,1
2019-07-10,15:10:19.698000,10725,10726,10726,1
2019-07-10,15:10:20.510000,10725,10727,10725,1
2019-07-10,15:10:32.800000,10726,10727,10727,1
2019-07-10,15:10:33.486000,10726,10727,10727,1
2019-07-10,15:10:46.719000,10726,10727,10727,1
2019-07-10,15:10:48.989000,10726,10727,10727,1
2019-07-10,15:11:01.571000,10726,10727,10727,5
2019-07-10,15:11:02.265000,10726,10727,10727,6
2019-07-10,15:11:20.475000,10726,10727,10727,3
2019-07-10,15:11:21.709000,10726,10727,10727,1
2019-07-10,15:11:23.001000,10726,10727,10726,1
2019-07-10,15:11:36.690000,10726,10727,10727,1
2019-07-10,15:11:44.219000,10726,10727,10726,1
2019-07-10,15:11:58.589000,10726,10727,10726,1
2019-07-10,15:12:11.778000,10726,10727,10726,1
2019-07-10,15:12:15.404000,10726,10727,10726,6
2019-07-10,15:12:15.404000,10726,10727,10726,2
2019-07-10,15:12:15.404000,10726,10727,10726,1
2019-07-10,15:12:15.404000,10726,10727,10726,1
2019-07-10,15:12:15.404000,10726,10727,10726,9
2019-07-10,15:12:15.404000,10726,10727,10726,5
2019-07-10,15:12:15.416000,10725,10726,10725,3
2019-07-10,15:12:15.417000,10725,10726,10725,1
2019-07-10,15:12:15.417000,10725,10726,10725,2
2019-07-10,15:12:15.444000,10725,10726,10725,2
2019-07-10,15:12:15.470000,10725,10726,10725,2
2019-07-10,15:12:15.504000,10725,10726,10725,2
2019-07-10,15:12:15.530000,10725,10726,10725,2
2019-07-10,15:12:16.014000,10725,10726,10725,1
2019-07-10,15:12:23.987000,10725,10726,10726,1
2019-07-10,15:12:26.154000,10725,10726,10725,2
2019-07-10,15:12:44.082000,10725,10726,10726,1
2019-07-10,15:12:46.708000,10725,10726,10726,2
2019-07-10,15:12:50.014000,10725,10726,10726,1
2019-07-10,15:12:54.654000,10725,10726,10726,1
2019-07-10,15:12:55.010000,10725,10726,10726,2
2019-07-10,15:12:55.426000,10725,10726,10726,1
2019-07-10,15:12:59.126000,10725,10726,10726,1
2019-07-10,15:12:59.126000,10725,10726,10726,1
2019-07-10,15:12:59.127000,10725,10726,10726,3
2019-07-10,15:12:59.127000,10725,10726,10726,1
2019-07-10,15:13:06.428000,10726,10727,10727,3
2019-07-10,15:13:17.037000,10726,10727,10727,1
2019-07-10,15:13:28.078000,10726,10727,10727,5
2019-07-10,15:13:29.481000,10726,10727,10727,3
2019-07-10,15:13:31.336000,10726,10727,10727,5
2019-07-10,15:13:33.270000,10726,10727,10727,1
2019-07-10,15:13:33.303000,10726,10727,10727,1
2019-07-10,15:13:33.304000,10726,10727,10727,2
2019-07-10,15:13:33.304000,10726,10727,10727,3
2019-07-10,15:13:45.922000,10727,10728,10727,3
2019-07-10,15:13:49.207000,10727,10728,10728,2
2019-07-10,15:13:51.233000,10727,10728,10728,1
2019-07-10,15:13:55.226000,10727,10728,10728,1
2019-07-10,15:14:00.413000,10727,10728,10728,13
2019-07-10,15:14:02.637000,10728,10729,10729,1
2019-07-10,15:14:03.621000,10728,10729,10728,1
2019-07-10,15:14:14.355000,10728,10729,10728,4
2019-07-10,15:14:14.996000,10728,10729,10729,2
2019-07-10,15:14:15.034000,10728,10729,10728,2
2019-07-10,15:14:29.308000,10728,10729,10728,2
2019-07-10,15:14:32.745000,10728,10729,10729,3
2019-07-10,15:14:33.307000,10728,10729,10728,18
2019-07-10,15:14:33.525000,10727,10729,10728,1
2019-07-10,15:14:35.350000,10728,10729,10728,1
2019-07-10,15:14:35.641000,10727,10728,10728,1
2019-07-10,15:14:37.081000,10727,10728,10728,4
2019-07-10,15:14:41.494000,10727,10728,10727,1
2019-07-10,15:14:50.554000,10727,10728,10727,11
2019-07-10,15:14:50.757000,10726,10728,10726,1
2019-07-10,15:14:50.778000,10726,10728,10726,3
2019-07-10,15:14:50.866000,10726,10727,10726,4
2019-07-10,15:14:50.873000,10726,10727,10726,3
2019-07-10,15:14:50.882000,10726,10727,10726,4
2019-07-10,15:14:50.908000,10726,10727,10726,2
2019-07-10,15:14:51.040000,10726,10727,10726,1
2019-07-10,15:14:51.040000,10726,10727,10725,3
2019-07-10,15:14:51.158000,10725,10727,10725,1
2019-07-10,15:14:51.158000,10725,10727,10725,1
2019-07-10,15:14:51.180000,10725,10727,10727,3
2019-07-10,15:14:51.283000,10726,10727,10726,1
2019-07-10,15:14:52.264000,10726,10727,10726,6
2019-07-10,15:14:58.363000,10725,10726,10726,1
2019-07-10,15:15:15.600000,10725,10726,10726,1
2019-07-10,15:15:15.786000,10725,10726,10725,1
2019-07-10,15:15:17.605000,10725,10726,10726,1
2019-07-10,15:15:23.734000,10725,10726,10725,2
2019-07-10,15:15:37.793000,10725,10726,10725,1
2019-07-10,15:15:57.509000,10725,10726,10726,1
2019-07-10,15:16:03.907000,10725,10726,10726,1
2019-07-10,15:16:04.982000,10725,10726,10726,1
2019-07-10,15:16:05.629000,10725,10726,10726,8
2019-07-10,15:16:08.735000,10726,10727,10726,2
2019-07-10,15:16:09.597000,10726,10727,10726,2
2019-07-10,15:16:15.908000,10726,10727,10727,1
2019-07-10,15:16:15.983000,10726,10727,10727,1
2019-07-10,15:16:16.033000,10726,10727,10727,8
2019-07-10,15:16:21.823000,10727,10728,10728,2
2019-07-10,15:16:21.931000,10727,10728,10727,1
2019-07-10,15:16:26.767000,10727,10728,10728,5
2019-07-10,15:16:26.992000,10727,10729,10727,2
2019-07-10,15:17:10.316000,10728,10729,10728,1
2019-07-10,15:17:13.460000,10728,10729,10728,2
2019-07-10,15:17:37.260000,10728,10729,10728,1
2019-07-10,15:17:37.825000,10728,10729,10728,2
2019-07-10,15:17:53.324000,10728,10729,10728,1
2019-07-10,15:18:00.043000,10728,10729,10728,1
2019-07-10,15:18:02.296000,10728,10729,10728,5
2019-07-10,15:18:05.118000,10728,10729,10728,1
2019-07-10,15:18:05.220000,10728,10729,10728,3
2019-07-10,15:18:05.408000,10727,10728,10728,2
2019-07-10,15:18:05.710000,10727,10729,10728,1
2019-07-10,15:18:05.735000,10727,10729,10728,1
2019-07-10,15:18:08.266000,10728,10729,10728,1
2019-07-10,15:18:09.651000,10728,10729,10728,1
2019-07-10,15:18:13.645000,10727,10728,10727,2
2019-07-10,15:18:14.327000,10727,10728,10727,2
2019-07-10,15:18:14.495000,10727,10728,10727,2
2019-07-10,15:18:16.104000,10727,10728,10727,2
2019-07-10,15:18:16.566000,10727,10728,10727,2
2019-07-10,15:18:17.088000,10727,10728,10727,1
2019-07-10,15:18:18.552000,10727,10728,10727,2
2019-07-10,15:18:19.049000,10727,10728,10727,2
2019-07-10,15:18:21.074000,10727,10728,10727,2
2019-07-10,15:18:21.644000,10727,10728,10727,1
2019-07-10,15:18:21.889000,10727,10728,10727,2
2019-07-10,15:18:22.789000,10727,10728,10727,1
2019-07-10,15:18:42.541000,10727,10728,10727,1
2019-07-10,15:18:46.971000,10726,10727,10727,1
2019-07-10,15:18:50.180000,10726,10727,10727,1
2019-07-10,15:18:52.513000,10726,10727,10727,1
2019-07-10,15:18:53.968000,10726,10727,10727,1
2019-07-10,15:19:04.324000,10727,10728,10727,5
2019-07-10,15:19:07.614000,10727,10728,10727,1
2019-07-10,15:19:22.038000,10727,10728,10727,1
2019-07-10,15:19:45.758000,10727,10728,10728,1
2019-07-10,15:19:46.725000,10727,10728,10727,1
2019-07-10,15:19:53.296000,10727,10728,10728,1
2019-07-10,15:19:53.910000,10727,10728,10728,1
2019-07-10,15:19:53.910000,10727,10728,10728,1
2019-07-10,15:19:58.097000,10727,10728,10728,10
2019-07-10,15:19:59.201000,10727,10728,10728,1
2019-07-10,15:20:06.201000,10727,10728,10728,1
2019-07-10,15:20:06.495000,10727,10728,10727,12
2019-07-10,15:20:06.559000,10727,10728,10727,1
2019-07-10,15:20:06.564000,10727,10728,10727,1
2019-07-10,15:20:17.295000,10727,10728,10727,1
2019-07-10,15:20:20.773000,10727,10728,10727,1
2019-07-10,15:20:27.712000,10727,10728,10727,1
2019-07-10,15:20:28.093000,10727,10728,10727,1
2019-07-10,15:20:28.656000,10727,10728,10727,1
2019-07-10,15:20:43.496000,10727,10728,10728,1
2019-07-10,15:20:43.971000,10727,10728,10728,1
2019-07-10,15:20:57.503000,10727,10728,10728,1
2019-07-10,15:20:58.167000,10727,10728,10728,1
2019-07-10,15:20:58.916000,10727,10728,10728,2
2019-07-10,15:21:04.869000,10727,10728,10728,2
2019-07-10,15:21:05.692000,10727,10728,10728,2
2019-07-10,15:21:07.641000,10727,10728,10728,1
2019-07-10,15:21:07.966000,10727,10728,10727,1
2019-07-10,15:21:10.017000,10727,10728,10728,2
2019-07-10,15:21:11.971000,10727,10728,10728,1
2019-07-10,15:21:12.848000,10727,10728,10728,1
2019-07-10,15:21:12.848000,10727,10728,10728,2
2019-07-10,15:21:12.850000,10727,10728,10728,1
2019-07-10,15:21:12.891000,10727,10728,10728,1
2019-07-10,15:21:12.908000,10727,10728,10728,1
2019-07-10,15:21:12.908000,10727,10728,10728,1
2019-07-10,15:21:12.908000,10727,10728,10728,1
2019-07-10,15:21:17.875000,10728,10729,10728,1
2019-07-10,15:21:25.784000,10728,10729,10729,2
2019-07-10,15:21:25.929000,10728,10729,10729,1
2019-07-10,15:21:27.613000,10728,10729,10729,1
2019-07-10,15:21:30.518000,10728,10729,10728,1
2019-07-10,15:21:30.829000,10728,10729,10729,1
2019-07-10,15:21:32.330000,10728,10729,10729,1
2019-07-10,15:21:37.284000,10728,10729,10729,1
2019-07-10,15:21:38.871000,10728,10729,10729,1
2019-07-10,15:21:39.021000,10728,10729,10728,1
2019-07-10,15:21:44.067000,10728,10729,10729,1
2019-07-10,15:21:44.694000,10728,10729,10729,1
2019-07-10,15:21:44.971000,10728,10729,10729,1
2019-07-10,15:21:45.441000,10728,10729,10729,13
2019-07-10,15:21:46.637000,10729,10730,10730,1
2019-07-10,15:21:46.698000,10729,10730,10730,1
2019-07-10,15:21:54.537000,10729,10730,10730,1
2019-07-10,15:22:01.194000,10729,10730,10730,1
2019-07-10,15:22:04.534000,10729,10730,10730,1
2019-07-10,15:22:10.691000,10729,10730,10729,1
2019-07-10,15:22:10.996000,10729,10730,10730,1
2019-07-10,15:22:16.079000,10729,10730,10730,1
2019-07-10,15:22:16.079000,10729,10730,10730,2
2019-07-10,15:22:16.470000,10729,10730,10730,1
2019-07-10,15:22:19.426000,10729,10730,10729,1
2019-07-10,15:22:19.460000,10729,10730,10730,1
2019-07-10,15:22:19.526000,10729,10730,10730,1
2019-07-10,15:22:20.452000,10729,10730,10730,2
2019-07-10,15:22:20.454000,10729,10730,10730,1
2019-07-10,15:22:20.533000,10729,10730,10730,1
2019-07-10,15:22:21.177000,10729,10730,10730,2
2019-07-10,15:22:24.218000,10729,10730,10729,1
2019-07-10,15:22:24.678000,10729,10730,10730,1
2019-07-10,15:22:25.762000,10729,10730,10730,1
2019-07-10,15:22:27.456000,10729,10730,10730,2
2019-07-10,15:22:27.940000,10729,10730,10730,1
2019-07-10,15:22:30.288000,10729,10730,10730,1
2019-07-10,15:22:35.916000,10729,10730,10729,1
2019-07-10,15:22:36.262000,10729,10730,10730,1
2019-07-10,15:22:36.454000,10729,10730,10730,2
2019-07-10,15:22:44.239000,10729,10730,10730,1
2019-07-10,15:22:52.237000,10729,10730,10730,3
2019-07-10,15:22:52.661000,10729,10730,10729,17
2019-07-10,15:22:52.783000,10729,10730,10729,9
2019-07-10,15:22:52.970000,10728,10729,10729,2
2019-07-10,15:22:53.026000,10728,10729,10729,1
2019-07-10,15:22:53.130000,10728,10729,10729,1
2019-07-10,15:23:12.738000,10728,10729,10729,2
2019-07-10,15:23:36.589000,10728,10729,10728,2
2019-07-10,15:23:37.707000,10728,10729,10728,5
2019-07-10,15:23:48.153000,10728,10729,10728,1
2019-07-10,15:23:50.277000,10728,10729,10728,1
2019-07-10,15:23:52.206000,10728,10729,10728,1
2019-07-10,15:23:55.596000,10728,10729,10728,1
2019-07-10,15:23:56.739000,10728,10729,10728,2
2019-07-10,15:23:56.783000,10728,10729,10728,1
2019-07-10,15:23:56.783000,10728,10729,10728,1
2019-07-10,15:23:56.971000,10727,10728,10728,2
2019-07-10,15:23:59.040000,10727,10728,10728,1
2019-07-10,15:24:18.124000,10727,10728,10728,1
2019-07-10,15:24:26.668000,10727,10728,10728,1
2019-07-10,15:24:36.928000,10727,10728,10727,2
2019-07-10,15:24:39.294000,10727,10728,10728,1
2019-07-10,15:24:44.058000,10727,10728,10728,1
2019-07-10,15:24:44.408000,10727,10728,10728,1
2019-07-10,15:24:49.291000,10727,10728,10728,1
2019-07-10,15:25:01.495000,10727,10728,10727,1
2019-07-10,15:25:01.533000,10727,10728,10727,7
2019-07-10,15:25:01.658000,10727,10728,10727,1
2019-07-10,15:25:01.658000,10727,10728,10727,1
2019-07-10,15:25:01.658000,10727,10728,10727,2
2019-07-10,15:25:01.658000,10727,10728,10727,1
2019-07-10,15:25:03.095000,10727,10728,10727,4
2019-07-10,15:25:03.233000,10726,10727,10727,1
2019-07-10,15:25:03.341000,10726,10727,10727,2
2019-07-10,15:25:03.353000,10726,10727,10727,1
2019-07-10,15:25:09.041000,10726,10727,10727,2
2019-07-10,15:25:24.348000,10726,10727,10727,1
2019-07-10,15:25:36.444000,10726,10727,10727,1
2019-07-10,15:25:38.001000,10727,10728,10727,1
2019-07-10,15:25:45.421000,10727,10728,10727,1
2019-07-10,15:25:46.352000,10727,10728,10727,1
2019-07-10,15:25:47.518000,10727,10728,10727,3
2019-07-10,15:26:01.564000,10727,10728,10727,4
2019-07-10,15:26:06.944000,10727,10728,10727,4
2019-07-10,15:26:07.533000,10727,10728,10727,1
2019-07-10,15:26:07.546000,10727,10728,10726,4
2019-07-10,15:26:07.811000,10726,10727,10726,4
2019-07-10,15:26:08.394000,10726,10727,10726,1
2019-07-10,15:26:08.806000,10726,10727,10726,2
2019-07-10,15:26:09.014000,10726,10727,10726,2
2019-07-10,15:26:09.948000,10726,10727,10726,2
2019-07-10,15:26:11.978000,10726,10727,10726,3
2019-07-10,15:26:12.034000,10725,10726,10726,1
2019-07-10,15:26:12.170000,10725,10727,10726,3
2019-07-10,15:26:12.172000,10725,10727,10726,2
2019-07-10,15:26:12.174000,10725,10727,10726,1
2019-07-10,15:26:17.008000,10726,10727,10726,3
2019-07-10,15:26:17.019000,10726,10727,10726,3
2019-07-10,15:26:17.030000,10726,10727,10726,3
2019-07-10,15:26:27.302000,10726,10727,10726,1
2019-07-10,15:26:40.455000,10726,10727,10727,1
2019-07-10,15:26:45.088000,10726,10727,10726,4
2019-07-10,15:26:45.106000,10726,10727,10726,2
2019-07-10,15:26:45.511000,10726,10727,10726,4
2019-07-10,15:26:45.966000,10726,10727,10726,2
2019-07-10,15:26:50.414000,10726,10727,10726,1
2019-07-10,15:26:50.414000,10726,10727,10725,3
2019-07-10,15:26:50.581000,10725,10727,10725,1
2019-07-10,15:26:50.658000,10725,10726,10726,1
2019-07-10,15:26:57.872000,10725,10726,10726,6
2019-07-10,15:26:58.317000,10726,10727,10726,4
2019-07-10,15:26:58.389000,10726,10727,10726,1
2019-07-10,15:26:58.762000,10726,10727,10726,1
2019-07-10,15:26:59.105000,10726,10727,10726,1
2019-07-10,15:27:03.597000,10725,10726,10726,2
2019-07-10,15:27:03.658000,10725,10726,10726,1
2019-07-10,15:27:07.783000,10725,10726,10726,1
2019-07-10,15:27:18.168000,10725,10726,10726,3
2019-07-10,15:27:18.360000,10726,10727,10726,4
2019-07-10,15:27:18.516000,10726,10727,10726,1
2019-07-10,15:27:28.535000,10726,10727,10727,2
2019-07-10,15:27:36.131000,10726,10727,10726,2
2019-07-10,15:27:36.320000,10726,10727,10726,4
2019-07-10,15:27:36.560000,10726,10727,10726,4
2019-07-10,15:27:37.458000,10726,10727,10726,1
2019-07-10,15:27:40.466000,10726,10727,10726,5
2019-07-10,15:27:44.603000,10725,10726,10726,1
2019-07-10,15:28:02.579000,10725,10726,10726,2
2019-07-10,15:28:11.389000,10725,10726,10726,17
2019-07-10,15:28:26.102000,10726,10727,10726,10
2019-07-10,15:28:26.158000,10726,10727,10726,1
2019-07-10,15:28:26.158000,10726,10727,10726,1
2019-07-10,15:28:26.158000,10726,10727,10726,3
2019-07-10,15:28:26.553000,10726,10727,10726,1
2019-07-10,15:28:38.834000,10726,10727,10727,13
2019-07-10,15:28:38.908000,10726,10727,10727,19
2019-07-10,15:28:39.284000,10727,10728,10728,1
2019-07-10,15:28:41.216000,10727,10728,10727,1
2019-07-10,15:29:14.252000,10727,10728,10727,2
2019-07-10,15:29:14.283000,10727,10728,10727,5
2019-07-10,15:29:16.178000,10726,10727,10727,2
2019-07-10,15:29:33.258000,10726,10727,10727,1
2019-07-10,15:29:42.592000,10726,10727,10727,1
2019-07-10,15:29:42.618000,10726,10727,10727,2
2019-07-10,15:29:43.013000,10727,10728,10727,2
2019-07-10,15:29:52.329000,10727,10728,10727,1
2019-07-10,15:30:16.562000,10727,10728,10728,1
2019-07-10,15:30:16.868000,10727,10728,10727,5
2019-07-10,15:30:17.243000,10726,10728,10727,1
2019-07-10,15:30:17.243000,10726,10728,10726,23
2019-07-10,15:30:17.424000,10726,10727,10727,4
2019-07-10,15:30:17.470000,10726,10727,10726,10
2019-07-10,15:30:18.426000,10726,10727,10726,1
2019-07-10,15:30:18.426000,10726,10727,10725,1
2019-07-10,15:30:18.445000,10726,10727,10725,4
2019-07-10,15:30:18.672000,10726,10727,10726,1
2019-07-10,15:30:19.035000,10726,10727,10727,3
2019-07-10,15:30:19.573000,10726,10727,10727,2
2019-07-10,15:30:19.834000,10726,10727,10727,4
2019-07-10,15:30:37.742000,10725,10726,10726,1
2019-07-10,15:30:43.190000,10725,10726,10725,2
2019-07-10,15:30:47.845000,10725,10726,10725,15
2019-07-10,15:30:49.804000,10725,10726,10725,2
2019-07-10,15:31:07.889000,10725,10726,10725,2
2019-07-10,15:31:10.680000,10725,10726,10726,5
2019-07-10,15:31:10.783000,10725,10726,10726,4
2019-07-10,15:31:14.029000,10726,10727,10727,1
2019-07-10,15:31:22.506000,10726,10728,10726,1
2019-07-10,15:31:48.683000,10726,10727,10727,5
2019-07-10,15:31:56.641000,10727,10728,10727,2
2019-07-10,15:32:06.372000,10727,10728,10727,1
2019-07-10,15:32:06.372000,10727,10728,10726,1
2019-07-10,15:32:07.095000,10726,10728,10726,3
2019-07-10,15:32:39.736000,10726,10727,10726,3
2019-07-10,15:32:57.780000,10726,10727,10726,1
2019-07-10,15:33:01.761000,10726,10727,10727,1
2019-07-10,15:33:09.975000,10726,10727,10727,1
2019-07-10,15:33:10.954000,10726,10727,10727,4
2019-07-10,15:33:54.769000,10727,10728,10727,1
2019-07-10,15:34:24.435000,10727,10728,10727,3
2019-07-10,15:34:29.851000,10727,10728,10728,10
2019-07-10,15:34:34.675000,10727,10728,10727,1
2019-07-10,15:34:34.841000,10727,10728,10728,1
2019-07-10,15:34:43.159000,10727,10728,10728,1
2019-07-10,15:34:43.283000,10727,10728,10728,3
2019-07-10,15:34:46.047000,10727,10728,10728,1
2019-07-10,15:34:47.480000,10727,10728,10728,2
2019-07-10,15:34:52.702000,10727,10728,10728,1
2019-07-10,15:34:53.003000,10727,10728,10728,1
2019-07-10,15:35:00.614000,10727,10728,10728,9
2019-07-10,15:35:03.338000,10728,10729,10728,1
2019-07-10,15:35:29.973000,10728,10729,10728,1
2019-07-10,15:35:31.948000,10728,10729,10728,1
2019-07-10,15:35:32.694000,10728,10729,10728,1
2019-07-10,15:35:35.172000,10727,10728,10728,1
2019-07-10,15:35:37.947000,10728,10729,10728,1
2019-07-10,15:35:53.750000,10728,10729,10728,1
2019-07-10,15:35:53.759000,10728,10729,10728,1
2019-07-10,15:35:53.812000,10728,10729,10728,1
2019-07-10,15:35:53.813000,10728,10729,10728,1
2019-07-10,15:35:53.813000,10728,10729,10728,1
2019-07-10,15:35:53.813000,10728,10729,10727,2
2019-07-10,15:36:10.843000,10728,10729,10728,1
2019-07-10,15:36:16.147000,10728,10729,10729,1
2019-07-10,15:36:25.964000,10728,10729,10728,1
2019-07-10,15:36:44.140000,10728,10729,10728,2
2019-07-10,15:37:01.283000,10728,10729,10729,4
2019-07-10,15:37:15.399000,10728,10729,10728,4
2019-07-10,15:37:23.843000,10728,10729,10728,18
2019-07-10,15:37:24.615000,10727,10729,10728,1
2019-07-10,15:37:26.522000,10727,10729,10728,1
2019-07-10,15:37:37.274000,10727,10729,10728,2
2019-07-10,15:37:45.484000,10727,10728,10728,1
2019-07-10,15:37:52.152000,10727,10728,10728,5
2019-07-10,15:38:28.751000,10728,10729,10728,1
2019-07-10,15:38:29.633000,10728,10729,10729,1
2019-07-10,15:38:34.257000,10728,10729,10729,1
2019-07-10,15:38:36.253000,10728,10729,10729,1
2019-07-10,15:38:38.162000,10728,10729,10729,1
2019-07-10,15:38:38.297000,10728,10729,10729,1
2019-07-10,15:38:38.549000,10728,10729,10729,1
2019-07-10,15:39:15.056000,10728,10729,10729,1
2019-07-10,15:39:20.394000,10728,10729,10728,3
2019-07-10,15:39:21.002000,10728,10729,10728,2
2019-07-10,15:39:23.228000,10728,10729,10728,2
2019-07-10,15:39:24.944000,10728,10729,10728,1
2019-07-10,15:39:38.909000,10728,10729,10729,2
2019-07-10,15:39:38.910000,10728,10729,10729,1
2019-07-10,15:39:40.312000,10728,10729,10729,10
2019-07-10,15:39:40.713000,10728,10729,10729,1
2019-07-10,15:39:41.607000,10728,10729,10729,3
2019-07-10,15:39:41.608000,10728,10729,10729,1
2019-07-10,15:39:41.608000,10728,10729,10729,1
2019-07-10,15:39:41.608000,10728,10729,10729,1
2019-07-10,15:39:41.608000,10728,10729,10729,5
2019-07-10,15:39:56.476000,10729,10730,10730,10
2019-07-10,15:39:59.971000,10729,10730,10730,1
2019-07-10,15:40:01.926000,10729,10730,10730,4
2019-07-10,15:40:02.909000,10729,10730,10730,2
2019-07-10,15:40:06.663000,10729,10730,10730,1
2019-07-10,15:40:06.932000,10729,10730,10730,1
2019-07-10,15:40:15.093000,10729,10730,10730,2
2019-07-10,15:40:17.921000,10729,10730,10730,1
2019-07-10,15:40:18.098000,10729,10730,10730,2
2019-07-10,15:40:38.781000,10730,10731,10730,1
2019-07-10,15:40:57.981000,10730,10731,10731,4
2019-07-10,15:40:58.055000,10730,10731,10731,5
2019-07-10,15:41:00.846000,10730,10731,10731,1
2019-07-10,15:41:03.957000,10730,10731,10731,10
2019-07-10,15:41:07.154000,10731,10732,10731,1
2019-07-10,15:41:07.211000,10731,10732,10731,1
2019-07-10,15:41:10.556000,10731,10732,10731,1
2019-07-10,15:41:17.274000,10731,10732,10731,8
2019-07-10,15:41:22.640000,10730,10731,10730,1
2019-07-10,15:41:29.904000,10730,10731,10731,2
2019-07-10,15:41:33,10730,10731,10731,1
2019-07-10,15:41:33.314000,10731,10732,10731,7
2019-07-10,15:41:40.340000,10730,10731,10730,2
2019-07-10,15:41:59.428000,10730,10731,10731,5
2019-07-10,15:42:11.635000,10730,10731,10730,1
2019-07-10,15:42:13.323000,10730,10731,10731,1
2019-07-10,15:42:13.579000,10730,10731,10731,1
2019-07-10,15:42:14.383000,10730,10731,10731,1
2019-07-10,15:42:26.300000,10730,10731,10731,1
2019-07-10,15:42:27.336000,10730,10731,10731,2
2019-07-10,15:42:36.628000,10730,10731,10731,2
2019-07-10,15:42:40.127000,10730,10731,10731,1
2019-07-10,15:42:49.310000,10730,10731,10731,1
2019-07-10,15:42:50.774000,10730,10731,10731,1
2019-07-10,15:42:55.197000,10730,10731,10731,1
2019-07-10,15:42:55.971000,10730,10731,10731,1
2019-07-10,15:42:56.735000,10730,10731,10731,1
2019-07-10,15:43:02.820000,10730,10731,10731,1
2019-07-10,15:43:06.783000,10730,10731,10731,8
2019-07-10,15:43:10.072000,10731,10732,10731,1
2019-07-10,15:43:18.299000,10731,10732,10731,2
2019-07-10,15:43:18.590000,10730,10732,10730,1
2019-07-10,15:43:19.469000,10730,10731,10731,2
2019-07-10,15:43:32.649000,10730,10731,10731,1
2019-07-10,15:43:34.065000,10730,10731,10731,1
2019-07-10,15:43:35.664000,10730,10731,10731,1
2019-07-10,15:43:35.917000,10730,10731,10731,1
2019-07-10,15:43:39.008000,10730,10731,10731,1
2019-07-10,15:43:46.526000,10731,10732,10731,2
2019-07-10,15:43:49.723000,10730,10731,10731,2
2019-07-10,15:43:50.844000,10730,10731,10731,1
2019-07-10,15:43:51.045000,10730,10731,10731,1
2019-07-10,15:44:10.118000,10731,10732,10731,1
2019-07-10,15:44:26.308000,10731,10732,10731,1
2019-07-10,15:44:26.739000,10730,10731,10731,1
2019-07-10,15:44:40.624000,10730,10731,10731,1
2019-07-10,15:44:51.545000,10730,10731,10731,1
2019-07-10,15:45:04.308000,10730,10731,10730,1
2019-07-10,15:45:10.986000,10730,10731,10731,12
2019-07-10,15:45:21.575000,10730,10731,10731,1
2019-07-10,15:45:45.893000,10730,10731,10730,7
2019-07-10,15:46:33.956000,10730,10731,10730,2
2019-07-10,15:47:04.636000,10730,10731,10730,1
2019-07-10,15:47:27.556000,10730,10731,10730,1
2019-07-10,15:47:35.348000,10730,10731,10731,1
2019-07-10,15:47:48.034000,10730,10731,10731,1
2019-07-10,15:48:06.761000,10730,10731,10731,1
2019-07-10,15:48:16.017000,10730,10731,10731,1
2019-07-10,15:48:43.144000,10730,10731,10730,1
2019-07-10,15:48:43.469000,10730,10731,10731,2
2019-07-10,15:48:57.173000,10730,10731,10731,1
2019-07-10,15:49:04.223000,10730,10731,10730,1
2019-07-10,15:49:30.017000,10730,10731,10730,1
2019-07-10,15:49:34.828000,10730,10731,10731,1
2019-07-10,15:49:41.767000,10730,10731,10731,1
2019-07-10,15:49:50.591000,10730,10731,10731,1
2019-07-10,15:49:51.167000,10730,10731,10731,1
2019-07-10,15:49:52.603000,10730,10731,10731,1
2019-07-10,15:50:03.533000,10730,10731,10731,11
2019-07-10,15:50:03.533000,10730,10731,10731,1
2019-07-10,15:50:03.533000,10730,10731,10731,4
2019-07-10,15:50:19.006000,10731,10732,10731,2
2019-07-10,15:50:21.513000,10731,10732,10732,1
2019-07-10,15:50:21.563000,10731,10732,10732,1
2019-07-10,15:50:21.738000,10731,10732,10732,1
2019-07-10,15:50:26.229000,10731,10732,10732,1
2019-07-10,15:50:31.317000,10731,10732,10732,2
2019-07-10,15:50:46.729000,10731,10732,10732,3
2019-07-10,15:50:54.391000,10731,10732,10731,12
2019-07-10,15:50:55.785000,10730,10731,10731,1
2019-07-10,15:52:20.962000,10730,10731,10730,1
2019-07-10,15:52:32.848000,10730,10731,10730,1
2019-07-10,15:53:04.992000,10730,10731,10730,1
2019-07-10,15:53:15.350000,10730,10731,10730,1
2019-07-10,15:53:15.721000,10730,10731,10730,1
2019-07-10,15:53:28.001000,10730,10731,10730,3
2019-07-10,15:53:31.281000,10730,10731,10730,1
2019-07-10,15:54:25.939000,10730,10731,10730,4
2019-07-10,15:54:25.939000,10730,10731,10730,1
2019-07-10,15:54:26.033000,10730,10731,10730,1
2019-07-10,15:54:26.057000,10730,10731,10730,2
2019-07-10,15:54:26.158000,10730,10731,10730,4
2019-07-10,15:54:26.158000,10730,10731,10730,7
2019-07-10,15:54:26.285000,10729,10730,10730,1
2019-07-10,15:54:26.285000,10729,10730,10730,1
2019-07-10,15:54:26.286000,10729,10730,10730,1
2019-07-10,15:54:28.658000,10729,10730,10730,1
2019-07-10,15:55:03.154000,10729,10730,10729,1
2019-07-10,15:55:03.198000,10729,10730,10729,1
2019-07-10,15:55:09.662000,10729,10730,10729,5
2019-07-10,15:55:34.628000,10729,10730,10729,1
2019-07-10,15:55:34.816000,10729,10730,10729,1
2019-07-10,15:56:00.883000,10729,10730,10730,11
2019-07-10,15:56:00.908000,10729,10730,10730,2
2019-07-10,15:56:36.439000,10730,10731,10731,1
2019-07-10,15:57:09.783000,10730,10731,10730,7
2019-07-10,15:57:09.908000,10730,10731,10730,2
2019-07-10,15:57:20.839000,10729,10730,10730,1
2019-07-10,15:57:45.622000,10729,10730,10730,3
2019-07-10,15:58:00.288000,10730,10731,10730,2
2019-07-10,15:58:01.468000,10729,10730,10730,1
2019-07-10,15:58:16.803000,10729,10730,10730,2
2019-07-10,15:58:25.908000,10730,10731,10730,3
2019-07-10,15:58:31.394000,10729,10731,10731,1
2019-07-10,15:58:32.560000,10729,10730,10730,1
2019-07-10,15:58:43.158000,10729,10730,10730,1
2019-07-10,15:58:53.536000,10729,10730,10729,2
2019-07-10,15:59:07.094000,10729,10730,10730,2
2019-07-10,15:59:11.166000,10729,10730,10730,2
2019-07-10,15:59:23.706000,10729,10730,10730,1
2019-07-10,15:59:24.323000,10729,10730,10730,1
2019-07-10,15:59:25.334000,10729,10730,10730,1
2019-07-10,15:59:25.977000,10729,10730,10730,1
2019-07-10,15:59:28.688000,10730,10731,10730,3
2019-07-10,15:59:28.688000,10730,10731,10729,1
2019-07-10,16:00:00.972000,10729,10730,10730,3
2019-07-10,16:00:01.033000,10729,10730,10730,2
2019-07-10,16:00:01.227000,10730,10731,10730,4
2019-07-10,16:00:31.015000,10730,10731,10731,1
2019-07-10,16:00:52.033000,10730,10731,10731,3
2019-07-10,16:00:57.117000,10730,10731,10731,5
2019-07-10,16:01:14.428000,10730,10731,10731,1
2019-07-10,16:01:19.818000,10730,10731,10731,1
2019-07-10,16:01:27.282000,10730,10731,10731,3
2019-07-10,16:01:32.024000,10730,10731,10731,1
2019-07-10,16:01:32.403000,10730,10731,10731,2
2019-07-10,16:01:35.518000,10730,10731,10731,1
2019-07-10,16:01:35.534000,10730,10731,10731,3
2019-07-10,16:01:37.827000,10731,10732,10731,1
2019-07-10,16:02:02.917000,10731,10732,10732,2
2019-07-10,16:02:10.134000,10731,10732,10732,1
2019-07-10,16:02:10.351000,10731,10732,10732,1
2019-07-10,16:02:12.461000,10731,10732,10732,1
2019-07-10,16:02:13.769000,10731,10732,10732,2
2019-07-10,16:02:16.996000,10731,10732,10732,1
2019-07-10,16:02:19.333000,10731,10732,10732,1
2019-07-10,16:02:20.143000,10731,10732,10732,2
2019-07-10,16:02:22.562000,10731,10732,10732,2
2019-07-10,16:02:23.713000,10731,10732,10732,1
2019-07-10,16:02:25.177000,10731,10732,10732,1
2019-07-10,16:02:26.929000,10731,10732,10732,1
2019-07-10,16:02:27.046000,10731,10732,10731,1
2019-07-10,16:02:30.605000,10731,10732,10732,1
2019-07-10,16:02:35.771000,10731,10732,10732,3
2019-07-10,16:02:36.382000,10731,10732,10732,2
2019-07-10,16:02:44.337000,10731,10732,10732,2
2019-07-10,16:02:48.448000,10731,10732,10731,1
2019-07-10,16:02:48.841000,10731,10732,10732,1
2019-07-10,16:02:51.326000,10731,10732,10732,19
2019-07-10,16:02:52.011000,10732,10733,10732,1
2019-07-10,16:02:52.468000,10731,10732,10732,1
2019-07-10,16:02:57.805000,10732,10733,10732,2
2019-07-10,16:02:59.750000,10732,10733,10732,2
2019-07-10,16:03:04.703000,10732,10733,10732,1
2019-07-10,16:03:08.282000,10732,10733,10732,1
2019-07-10,16:03:09.645000,10731,10732,10732,1
2019-07-10,16:03:26.790000,10732,10733,10733,5
2019-07-10,16:03:26.952000,10732,10733,10733,1
2019-07-10,16:03:26.982000,10732,10733,10733,5
2019-07-10,16:03:27.073000,10732,10733,10733,1
2019-07-10,16:03:28.149000,10732,10733,10733,2
2019-07-10,16:03:31.999000,10732,10733,10733,1
2019-07-10,16:03:37.700000,10732,10733,10733,1
2019-07-10,16:03:43.065000,10732,10733,10733,9
2019-07-10,16:03:43.570000,10732,10733,10733,2
2019-07-10,16:03:46.288000,10732,10733,10733,4
2019-07-10,16:03:57.627000,10732,10733,10733,2
2019-07-10,16:04:02.137000,10732,10733,10733,2
2019-07-10,16:04:06.566000,10732,10733,10733,1
2019-07-10,16:04:06.610000,10732,10733,10733,9
2019-07-10,16:04:11.381000,10732,10733,10732,2
2019-07-10,16:04:17.196000,10732,10733,10732,1
2019-07-10,16:04:17.296000,10732,10733,10733,10
2019-07-10,16:04:21.989000,10732,10733,10733,1
2019-07-10,16:04:22.658000,10732,10733,10732,1
2019-07-10,16:04:23.907000,10732,10733,10733,2
2019-07-10,16:04:45.680000,10732,10733,10732,1
2019-07-10,16:04:52.972000,10732,10733,10732,1
2019-07-10,16:05:02.037000,10732,10733,10732,1
2019-07-10,16:05:04.385000,10732,10733,10732,1
2019-07-10,16:05:07.316000,10732,10733,10732,5
2019-07-10,16:05:10.882000,10732,10733,10733,1
2019-07-10,16:05:18.999000,10732,10733,10732,1
2019-07-10,16:05:22.568000,10732,10733,10732,1
2019-07-10,16:05:34.904000,10732,10733,10733,1
2019-07-10,16:05:40.076000,10732,10733,10733,1
2019-07-10,16:05:44.844000,10732,10733,10732,1
2019-07-10,16:06:06.303000,10732,10733,10732,1
2019-07-10,16:06:09.313000,10732,10733,10733,1
2019-07-10,16:06:16.912000,10732,10733,10733,2
2019-07-10,16:06:26.529000,10732,10733,10733,1
2019-07-10,16:06:28.849000,10732,10733,10733,1
2019-07-10,16:06:31.435000,10732,10733,10733,1
2019-07-10,16:06:31.718000,10732,10733,10733,1
2019-07-10,16:06:38.990000,10732,10733,10733,1
2019-07-10,16:06:40.122000,10732,10733,10733,1
2019-07-10,16:06:41.468000,10732,10733,10733,1
2019-07-10,16:06:41.942000,10732,10733,10733,1
2019-07-10,16:06:41.974000,10732,10733,10733,1
2019-07-10,16:06:44.980000,10733,10734,10733,2
2019-07-10,16:06:48.395000,10733,10734,10734,2
2019-07-10,16:06:48.791000,10733,10734,10734,1
2019-07-10,16:06:48.818000,10733,10734,10734,1
2019-07-10,16:06:58.448000,10733,10734,10733,1
2019-07-10,16:07:06.414000,10733,10734,10734,1
2019-07-10,16:07:12.863000,10733,10734,10734,1
2019-07-10,16:07:14.484000,10733,10734,10734,2
2019-07-10,16:07:19.781000,10733,10734,10734,4
2019-07-10,16:07:25.878000,10733,10734,10734,1
2019-07-10,16:07:26.384000,10733,10734,10734,2
2019-07-10,16:07:28.035000,10733,10734,10733,1
2019-07-10,16:07:32.317000,10733,10734,10733,5
2019-07-10,16:07:36.254000,10733,10734,10733,2
2019-07-10,16:07:39.398000,10733,10734,10733,1
2019-07-10,16:07:42.098000,10733,10734,10733,1
2019-07-10,16:07:42.847000,10733,10734,10733,2
2019-07-10,16:07:44.737000,10733,10734,10734,4
2019-07-10,16:07:46.943000,10733,10734,10733,10
2019-07-10,16:07:46.943000,10733,10734,10733,4
2019-07-10,16:07:47.033000,10733,10734,10733,1
2019-07-10,16:07:47.033000,10733,10734,10733,1
2019-07-10,16:07:50.467000,10732,10733,10733,1
2019-07-10,16:07:54.883000,10732,10733,10733,1
2019-07-10,16:08:07.243000,10732,10733,10733,2
2019-07-10,16:08:10.485000,10732,10733,10733,1
2019-07-10,16:08:14.117000,10732,10733,10733,1
2019-07-10,16:08:14.124000,10732,10733,10733,5
2019-07-10,16:08:14.132000,10732,10733,10733,1
2019-07-10,16:08:14.136000,10732,10733,10733,3
2019-07-10,16:08:14.158000,10732,10733,10733,3
2019-07-10,16:08:22.774000,10733,10734,10734,2
2019-07-10,16:08:34.571000,10733,10734,10733,1
2019-07-10,16:08:37.587000,10733,10734,10734,1
2019-07-10,16:08:39.646000,10733,10734,10734,5
2019-07-10,16:08:58.855000,10733,10734,10734,3
2019-07-10,16:09:02.452000,10733,10734,10734,1
2019-07-10,16:09:02.725000,10733,10734,10734,10
2019-07-10,16:09:02.916000,10733,10734,10734,2
2019-07-10,16:09:05.277000,10733,10734,10734,5
2019-07-10,16:09:05.402000,10733,10734,10734,19
2019-07-10,16:09:09.026000,10734,10735,10734,1
2019-07-10,16:09:14.344000,10734,10735,10734,2
2019-07-10,16:09:41.118000,10734,10735,10734,10
2019-07-10,16:09:43.994000,10734,10735,10735,5
2019-07-10,16:09:44.055000,10734,10735,10735,1
2019-07-10,16:09:44.062000,10734,10735,10735,1
2019-07-10,16:09:44.063000,10734,10735,10735,1
2019-07-10,16:09:44.080000,10734,10735,10735,1
2019-07-10,16:09:44.347000,10734,10735,10734,1
2019-07-10,16:09:50.559000,10734,10735,10735,5
2019-07-10,16:09:54.822000,10734,10735,10734,1
2019-07-10,16:10:00.472000,10734,10735,10734,4
2019-07-10,16:10:01.421000,10734,10735,10734,3
2019-07-10,16:10:01.983000,10734,10735,10734,2
2019-07-10,16:10:01.994000,10734,10735,10734,3
2019-07-10,16:10:06.968000,10733,10734,10734,1
2019-07-10,16:10:08.093000,10733,10734,10734,1
2019-07-10,16:10:09.825000,10733,10734,10734,1
2019-07-10,16:10:13.743000,10733,10734,10734,1
2019-07-10,16:10:16.899000,10733,10734,10734,1
2019-07-10,16:10:18.589000,10733,10734,10734,1
2019-07-10,16:10:21.744000,10733,10735,10733,1
2019-07-10,16:10:26.736000,10734,10735,10734,1
2019-07-10,16:10:33.747000,10733,10734,10734,1
2019-07-10,16:10:38.424000,10733,10734,10734,2
2019-07-10,16:10:59.731000,10733,10734,10734,1
2019-07-10,16:11:00.386000,10733,10734,10734,2
2019-07-10,16:11:04.118000,10733,10734,10734,1
2019-07-10,16:11:10.846000,10733,10734,10734,1
2019-07-10,16:11:12.932000,10733,10734,10734,1
2019-07-10,16:11:12.960000,10733,10734,10734,1
2019-07-10,16:11:14.796000,10733,10734,10734,1
2019-07-10,16:11:46.210000,10733,10734,10733,2
2019-07-10,16:12:15.477000,10733,10734,10733,1
2019-07-10,16:12:20.865000,10733,10734,10733,1
2019-07-10,16:12:22.944000,10733,10734,10733,1
2019-07-10,16:12:24.958000,10733,10734,10733,1
2019-07-10,16:12:40.953000,10733,10734,10733,1
2019-07-10,16:12:54.406000,10733,10734,10733,1
2019-07-10,16:13:10.988000,10733,10734,10733,1
2019-07-10,16:14:02.142000,10733,10734,10733,2
2019-07-10,16:14:08.801000,10733,10734,10734,10
2019-07-10,16:14:15.345000,10733,10734,10734,1
2019-07-10,16:14:20.893000,10733,10734,10733,3
2019-07-10,16:15:05.339000,10733,10734,10733,1
2019-07-10,16:15:12.103000,10733,10734,10734,20
2019-07-10,16:15:29.361000,10733,10734,10734,1
2019-07-10,16:15:33.952000,10733,10734,10734,1
2019-07-10,16:15:45.996000,10733,10734,10734,1
2019-07-10,16:15:47.313000,10733,10734,10734,1
2019-07-10,16:15:48.033000,10733,10734,10734,1
2019-07-10,16:15:48.620000,10733,10734,10734,1
2019-07-10,16:15:52.393000,10733,10734,10733,1
2019-07-10,16:16:21.055000,10733,10734,10734,1
2019-07-10,16:16:25.294000,10733,10734,10734,3
2019-07-10,16:16:27.382000,10733,10734,10734,1
2019-07-10,16:16:31.962000,10733,10734,10734,2
2019-07-10,16:16:37.349000,10733,10734,10734,2
2019-07-10,16:17:09.073000,10733,10734,10734,1
2019-07-10,16:17:11.404000,10733,10734,10734,1
2019-07-10,16:17:29.502000,10733,10734,10734,1
2019-07-10,16:17:39.448000,10733,10734,10734,1
2019-07-10,16:17:57.017000,10733,10734,10734,2
2019-07-10,16:17:58.166000,10733,10734,10734,2
2019-07-10,16:17:59.856000,10733,10734,10734,2
2019-07-10,16:18:01.009000,10733,10734,10734,2
2019-07-10,16:18:01.186000,10733,10734,10734,1
2019-07-10,16:18:02.313000,10733,10734,10734,2
2019-07-10,16:18:06.413000,10733,10734,10734,1
2019-07-10,16:18:29.837000,10733,10734,10734,1
2019-07-10,16:19:44.859000,10733,10734,10734,1
2019-07-10,16:21:36.591000,10733,10734,10734,2
2019-07-10,16:21:40.387000,10733,10734,10733,1
2019-07-10,16:21:42.333000,10733,10734,10733,3
2019-07-10,16:22:07.095000,10733,10734,10733,1
2019-07-10,16:22:53.039000,10733,10734,10733,2
2019-07-10,16:22:53.158000,10733,10734,10733,17
2019-07-10,16:22:53.158000,10733,10734,10733,1
2019-07-10,16:23:50.876000,10732,10733,10733,1
2019-07-10,16:24:06.727000,10732,10733,10732,1
2019-07-10,16:24:10.785000,10732,10733,10732,1
2019-07-10,16:24:13.644000,10732,10733,10732,1
2019-07-10,16:24:37.300000,10732,10733,10732,1
2019-07-10,16:24:37.533000,10732,10733,10732,5
2019-07-10,16:24:40.693000,10732,10733,10732,1
2019-07-10,16:24:42.914000,10732,10733,10732,1
2019-07-10,16:24:44.185000,10732,10733,10732,3
2019-07-10,16:24:44.924000,10732,10733,10732,1
2019-07-10,16:24:46.754000,10732,10733,10732,1
2019-07-10,16:24:54.048000,10732,10733,10732,1
2019-07-10,16:24:57.394000,10732,10733,10732,3
2019-07-10,16:25:11.900000,10731,10732,10732,6
2019-07-10,16:25:12.139000,10731,10733,10733,1
2019-07-10,16:25:12.173000,10731,10733,10733,1
2019-07-10,16:25:12.211000,10731,10733,10733,1
2019-07-10,16:25:12.228000,10731,10733,10733,1
2019-07-10,16:25:21.330000,10731,10732,10732,1
2019-07-10,16:25:21.408000,10731,10732,10732,1
2019-07-10,16:25:25.828000,10732,10733,10732,5
2019-07-10,16:25:39.890000,10732,10733,10732,2
2019-07-10,16:25:39.894000,10732,10733,10731,4
2019-07-10,16:25:39.993000,10731,10733,10731,1
2019-07-10,16:26:01.547000,10731,10732,10732,2
2019-07-10,16:26:02.070000,10731,10732,10731,5
2019-07-10,16:26:02.622000,10731,10732,10732,6
2019-07-10,16:26:09.655000,10731,10732,10732,1
2019-07-10,16:26:19.624000,10731,10732,10732,6
2019-07-10,16:26:23.948000,10732,10733,10732,1
2019-07-10,16:26:42.521000,10732,10733,10732,2
2019-07-10,16:26:53.931000,10732,10733,10732,2
2019-07-10,16:27:02.713000,10731,10732,10732,6
2019-07-10,16:27:15.941000,10731,10732,10732,1
2019-07-10,16:27:24.541000,10731,10732,10732,1
2019-07-10,16:27:28.489000,10731,10732,10732,1
2019-07-10,16:27:30.124000,10732,10733,10732,1
2019-07-10,16:27:34.172000,10732,10733,10732,1
2019-07-10,16:27:57.383000,10732,10733,10732,1
2019-07-10,16:28:19.073000,10732,10733,10733,16
2019-07-10,16:28:19.073000,10732,10733,10733,1
2019-07-10,16:28:24.937000,10733,10734,10733,2
2019-07-10,16:28:28.827000,10733,10734,10733,1
2019-07-10,16:28:50.123000,10732,10733,10733,2
2019-07-10,16:29:14.429000,10733,10734,10733,1
2019-07-10,16:29:28.107000,10732,10733,10733,1
2019-07-10,16:29:38.299000,10732,10734,10732,1
2019-07-10,16:30:00.035000,10732,10733,10732,5
2019-07-10,16:30:23.301000,10732,10733,10732,2
2019-07-10,16:30:48.881000,10732,10733,10732,1
2019-07-10,16:31:09.068000,10732,10733,10732,2
2019-07-10,16:31:14.328000,10732,10733,10732,6
2019-07-10,16:31:26.146000,10732,10733,10732,10
2019-07-10,16:32:33.513000,10731,10732,10732,20
2019-07-10,16:32:34.395000,10731,10732,10732,2
2019-07-10,16:32:40.833000,10731,10732,10732,1
2019-07-10,16:33:02.880000,10731,10732,10732,2
2019-07-10,16:33:07.463000,10731,10732,10732,3
2019-07-10,16:33:17.481000,10731,10732,10732,3
2019-07-10,16:33:26.562000,10731,10732,10732,3
2019-07-10,16:33:26.658000,10732,10733,10732,1
2019-07-10,16:33:50.783000,10731,10732,10731,1
2019-07-10,16:33:50.908000,10731,10732,10731,1
2019-07-10,16:34:05.187000,10731,10732,10732,3
2019-07-10,16:34:08.855000,10731,10732,10731,1
2019-07-10,16:34:13.714000,10731,10732,10732,2
2019-07-10,16:34:16.961000,10731,10732,10731,1
2019-07-10,16:34:24.533000,10731,10732,10731,1
2019-07-10,16:34:58.922000,10731,10732,10732,1
2019-07-10,16:35:08.033000,10731,10732,10732,9
2019-07-10,16:35:44.392000,10731,10732,10731,5
2019-07-10,16:35:44.408000,10731,10732,10731,15
2019-07-10,16:35:44.607000,10730,10731,10731,1
2019-07-10,16:36:01.008000,10730,10731,10731,5
2019-07-10,16:36:05.572000,10730,10731,10731,2
2019-07-10,16:36:09.856000,10730,10731,10731,1
2019-07-10,16:36:14.442000,10731,10732,10731,1
2019-07-10,16:36:25.158000,10730,10731,10731,2
2019-07-10,16:36:30.520000,10730,10731,10731,2
2019-07-10,16:36:32.396000,10730,10732,10730,1
2019-07-10,16:36:34.510000,10730,10731,10731,1
2019-07-10,16:36:39.256000,10730,10731,10731,1
2019-07-10,16:36:39.292000,10731,10732,10731,1
2019-07-10,16:36:51.607000,10730,10731,10731,4
2019-07-10,16:37:02.033000,10731,10732,10732,8
2019-07-10,16:37:02.158000,10731,10732,10732,4
2019-07-10,16:37:29.580000,10731,10732,10731,4
2019-07-10,16:37:39.310000,10730,10731,10731,2
2019-07-10,16:37:57.549000,10730,10731,10731,2
2019-07-10,16:38:08.433000,10730,10731,10731,2
2019-07-10,16:38:31.212000,10730,10731,10731,1
2019-07-10,16:39:05.186000,10730,10731,10731,1
2019-07-10,16:39:10.430000,10730,10731,10730,5
2019-07-10,16:39:16.498000,10730,10731,10730,25
2019-07-10,16:39:16.660000,10729,10730,10730,5
2019-07-10,16:39:16.834000,10729,10730,10729,2
2019-07-10,16:39:30.041000,10729,10730,10729,1
2019-07-10,16:39:45.104000,10729,10730,10729,10
2019-07-10,16:39:45.410000,10729,10730,10729,2
2019-07-10,16:39:49.334000,10729,10730,10729,2
2019-07-10,16:39:51.138000,10729,10730,10729,2
2019-07-10,16:39:55.528000,10729,10730,10729,1
2019-07-10,16:39:58.842000,10729,10730,10729,2
2019-07-10,16:40:00.721000,10729,10730,10729,1
2019-07-10,16:40:05.559000,10729,10730,10729,1
2019-07-10,16:40:05.936000,10729,10730,10729,1
2019-07-10,16:40:06.061000,10729,10730,10729,1
2019-07-10,16:40:06.250000,10729,10730,10729,1
2019-07-10,16:40:08.996000,10729,10730,10729,1
2019-07-10,16:40:14.454000,10729,10730,10729,2
2019-07-10,16:40:17.389000,10729,10730,10729,1
2019-07-10,16:40:18.128000,10729,10730,10729,1
2019-07-10,16:40:18.909000,10729,10730,10729,1
2019-07-10,16:40:27.321000,10729,10730,10729,1
2019-07-10,16:40:35.051000,10729,10730,10729,1
2019-07-10,16:40:44.451000,10729,10730,10729,3
2019-07-10,16:40:59.569000,10728,10729,10729,5
2019-07-10,16:41:02.770000,10728,10729,10729,1
2019-07-10,16:41:05.498000,10729,10730,10729,1
2019-07-10,16:41:17.932000,10728,10729,10729,1
2019-07-10,16:41:26.987000,10728,10729,10728,4
2019-07-10,16:41:27.063000,10728,10729,10729,2
2019-07-10,16:41:27.070000,10728,10729,10728,5
2019-07-10,16:41:28.183000,10728,10729,10728,2
2019-07-10,16:41:40.689000,10728,10729,10728,1
2019-07-10,16:42:00.498000,10728,10729,10728,1
2019-07-10,16:42:21.296000,10728,10729,10728,4
2019-07-10,16:42:24.658000,10728,10729,10729,5
2019-07-10,16:42:24.783000,10728,10729,10729,1
2019-07-10,16:42:31.552000,10729,10730,10729,1
2019-07-10,16:42:35.091000,10729,10730,10729,2
2019-07-10,16:42:42.316000,10729,10730,10729,2
2019-07-10,16:42:51.810000,10729,10730,10729,1
2019-07-10,16:42:59.278000,10729,10730,10729,7
2019-07-10,16:42:59.445000,10728,10729,10729,4
2019-07-10,16:43:07.099000,10728,10729,10728,1
2019-07-10,16:43:38.785000,10728,10729,10728,5
2019-07-10,16:43:40.733000,10728,10729,10729,2
2019-07-10,16:43:57.736000,10728,10729,10729,1
2019-07-10,16:43:59.704000,10728,10729,10729,3
2019-07-10,16:44:32.759000,10729,10730,10729,1
2019-07-10,16:44:36.586000,10729,10730,10729,2
2019-07-10,16:45:03.913000,10729,10730,10729,2
2019-07-10,16:45:08.325000,10729,10730,10729,2
2019-07-10,16:45:12.441000,10729,10730,10729,3
2019-07-10,16:45:15.206000,10728,10729,10729,1
2019-07-10,16:45:29.518000,10728,10729,10729,1
2019-07-10,16:45:46.298000,10729,10730,10729,1
2019-07-10,16:45:49.486000,10729,10730,10729,1
2019-07-10,16:45:52.652000,10729,10730,10730,2
2019-07-10,16:46:07.537000,10729,10730,10729,3
2019-07-10,16:46:35.750000,10729,10730,10729,1
2019-07-10,16:46:56.078000,10729,10730,10730,1
2019-07-10,16:47:10.293000,10729,10730,10730,1
2019-07-10,16:47:15.513000,10729,10730,10729,1
2019-07-10,16:47:24.165000,10729,10730,10729,1
2019-07-10,16:48:01.761000,10729,10730,10729,1
2019-07-10,16:48:35.743000,10729,10730,10730,60
2019-07-10,16:48:35.783000,10729,10730,10730,6
2019-07-10,16:48:35.783000,10729,10730,10730,5
2019-07-10,16:48:36.411000,10730,10731,10731,3
2019-07-10,16:49:06.889000,10730,10731,10731,1
2019-07-10,16:49:26.364000,10730,10731,10731,1
2019-07-10,16:49:28.242000,10730,10731,10731,1
2019-07-10,16:49:39.180000,10730,10731,10731,1
2019-07-10,16:49:44.373000,10730,10731,10731,1
2019-07-10,16:49:44.408000,10730,10731,10731,1
2019-07-10,16:49:46.953000,10730,10731,10731,1
2019-07-10,16:49:53.897000,10730,10731,10731,1
2019-07-10,16:50:44.743000,10730,10731,10730,1
2019-07-10,16:51:02.792000,10730,10731,10730,1
2019-07-10,16:51:04.713000,10730,10731,10730,1
2019-07-10,16:51:16.264000,10730,10731,10731,1
2019-07-10,16:51:34.641000,10730,10731,10730,1
2019-07-10,16:51:34.676000,10730,10731,10730,1
2019-07-10,16:51:34.698000,10730,10731,10730,1
2019-07-10,16:51:34.712000,10730,10731,10730,1
2019-07-10,16:51:45.269000,10730,10731,10731,1
2019-07-10,16:51:48.780000,10730,10731,10731,1
2019-07-10,16:51:48.787000,10730,10731,10731,1
2019-07-10,16:51:48.816000,10730,10731,10731,1
2019-07-10,16:51:48.827000,10730,10731,10731,1
2019-07-10,16:51:59.053000,10730,10731,10731,1
2019-07-10,16:52:20.192000,10730,10731,10731,1
2019-07-10,16:52:20.225000,10730,10731,10731,1
2019-07-10,16:52:20.279000,10730,10731,10731,1
2019-07-10,16:52:43.356000,10731,10732,10731,1
2019-07-10,16:52:50.631000,10731,10732,10731,3
2019-07-10,16:52:52.693000,10731,10732,10731,1
2019-07-10,16:53:00.267000,10731,10732,10731,1
2019-07-10,16:53:19.032000,10731,10732,10731,1
2019-07-10,16:53:54.016000,10731,10732,10731,1
2019-07-10,16:53:54.016000,10731,10732,10731,2
2019-07-10,16:54:09.513000,10730,10731,10730,1
2019-07-10,16:54:19.416000,10730,10731,10730,1
2019-07-10,16:54:19.849000,10730,10731,10731,1
2019-07-10,16:54:48.129000,10730,10731,10731,1
2019-07-10,16:55:14.109000,10730,10731,10730,4
2019-07-10,16:55:20.520000,10730,10731,10730,4
2019-07-10,16:55:30.123000,10730,10731,10731,1
2019-07-10,16:55:30.158000,10730,10731,10731,1
2019-07-10,16:55:39.469000,10730,10731,10731,1
2019-07-10,16:56:10.979000,10731,10732,10731,4
2019-07-10,16:57:06.763000,10731,10732,10732,3
2019-07-10,16:57:06.783000,10731,10732,10732,8
2019-07-10,16:57:06.908000,10731,10732,10732,1
2019-07-10,16:57:27.731000,10732,10733,10732,1
2019-07-10,16:58:15.814000,10732,10733,10732,1
2019-07-10,16:58:16.014000,10732,10733,10732,1
2019-07-10,16:58:16.017000,10732,10733,10732,1
2019-07-10,16:58:17.083000,10732,10733,10732,5
2019-07-10,16:58:17.339000,10731,10732,10732,3
2019-07-10,16:58:23.626000,10731,10732,10732,1
2019-07-10,16:58:27.608000,10731,10732,10732,1
2019-07-10,16:58:49.446000,10732,10733,10732,2
2019-07-10,16:59:03.640000,10732,10733,10732,1
2019-07-10,16:59:50.059000,10732,10733,10732,3
2019-07-10,17:00:06.289000,10731,10732,10731,2
2019-07-10,17:00:06.931000,10731,10732,10732,3
2019-07-10,17:00:06.980000,10731,10732,10732,1
2019-07-10,17:00:07.071000,10731,10732,10732,1
2019-07-10,17:00:07.152000,10731,10732,10732,3
2019-07-10,17:00:07.605000,10731,10733,10733,1
2019-07-10,17:00:08.131000,10731,10733,10733,2
2019-07-10,17:00:27.051000,10732,10733,10733,1
2019-07-10,17:00:30.478000,10732,10733,10733,3
2019-07-10,17:01:06.785000,10732,10733,10733,1
2019-07-10,17:01:13.265000,10732,10733,10733,5
2019-07-10,17:01:16.429000,10732,10733,10733,1
2019-07-10,17:01:16.742000,10732,10733,10733,1
2019-07-10,17:01:48.661000,10732,10733,10732,1
2019-07-10,17:02:35.447000,10732,10733,10732,9
2019-07-10,17:03:02.612000,10731,10732,10732,1
2019-07-10,17:03:37.036000,10731,10732,10731,1
2019-07-10,17:03:37.036000,10731,10732,10731,1
2019-07-10,17:03:45.794000,10731,10732,10731,1
2019-07-10,17:03:46.661000,10731,10732,10731,1
2019-07-10,17:03:50.727000,10731,10732,10731,1
2019-07-10,17:03:53.400000,10731,10732,10731,1
2019-07-10,17:03:53.410000,10731,10732,10731,1
2019-07-10,17:03:55.309000,10731,10732,10731,1
2019-07-10,17:03:55.309000,10731,10732,10731,1
2019-07-10,17:04:01.816000,10730,10731,10730,4
2019-07-10,17:04:01.878000,10730,10731,10730,4
2019-07-10,17:04:01.894000,10730,10731,10730,4
2019-07-10,17:04:33.141000,10730,10731,10730,3
2019-07-10,17:04:43.050000,10730,10731,10730,1
2019-07-10,17:04:44.228000,10730,10731,10730,1
2019-07-10,17:04:44.927000,10730,10731,10730,1
2019-07-10,17:05:53.723000,10730,10731,10731,3
2019-07-10,17:05:56.932000,10731,10732,10731,1
2019-07-10,17:06:26.144000,10731,10732,10731,1
2019-07-10,17:06:26.286000,10730,10732,10731,1
2019-07-10,17:06:52.285000,10730,10731,10730,1
2019-07-10,17:07:06.299000,10730,10731,10730,1
2019-07-10,17:07:52.745000,10730,10731,10730,1
2019-07-10,17:08:09.172000,10730,10731,10730,1
2019-07-10,17:08:56.160000,10729,10730,10729,1
2019-07-10,17:09:18.661000,10729,10730,10729,1
2019-07-10,17:09:31.677000,10729,10730,10730,1
2019-07-10,17:09:36.660000,10729,10730,10729,1
2019-07-10,17:09:41.929000,10729,10730,10730,1
2019-07-10,17:09:58.753000,10729,10730,10729,1
2019-07-10,17:10:15.386000,10729,10730,10729,1
2019-07-10,17:10:27.999000,10729,10730,10729,1
2019-07-10,17:10:36.891000,10729,10730,10730,4
2019-07-10,17:10:36.908000,10729,10730,10730,10
2019-07-10,17:12:05.568000,10729,10730,10730,1
2019-07-10,17:12:20.203000,10729,10730,10730,1
2019-07-10,17:13:33.722000,10730,10731,10730,1
2019-07-10,17:13:41.525000,10730,10731,10730,5
2019-07-10,17:13:41.533000,10729,10730,10730,1
2019-07-10,17:13:41.658000,10729,10730,10730,1
2019-07-10,17:13:52.583000,10729,10730,10730,2
2019-07-10,17:13:52.583000,10729,10730,10730,1
2019-07-10,17:13:52.583000,10729,10730,10730,2
2019-07-10,17:13:52.583000,10729,10730,10730,1
2019-07-10,17:13:52.821000,10730,10731,10730,1
2019-07-10,17:14:33.875000,10730,10731,10730,2
2019-07-10,17:14:43.286000,10730,10731,10730,1
2019-07-10,17:15:02.800000,10730,10731,10730,1
2019-07-10,17:15:04.234000,10730,10731,10730,2
2019-07-10,17:15:31.908000,10729,10730,10730,1
2019-07-10,17:16:01.954000,10730,10731,10730,1
2019-07-10,17:16:31.293000,10730,10731,10731,1
2019-07-10,17:17:09.161000,10730,10731,10730,1
2019-07-10,17:17:11.746000,10730,10731,10731,1
2019-07-10,17:17:11.945000,10730,10731,10731,1
2019-07-10,17:17:58.763000,10730,10731,10731,5
2019-07-10,17:17:58.764000,10730,10731,10731,1
2019-07-10,17:17:58.764000,10730,10731,10731,2
2019-07-10,17:17:58.783000,10730,10731,10731,6
2019-07-10,17:18:10.053000,10731,10732,10732,2
2019-07-10,17:18:10.158000,10731,10732,10732,9
2019-07-10,17:18:10.285000,10731,10732,10732,18
2019-07-10,17:18:21.324000,10732,10733,10732,2
2019-07-10,17:18:45.381000,10732,10733,10732,1
2019-07-10,17:19:02.526000,10732,10733,10733,1
2019-07-10,17:19:02.972000,10732,10733,10733,24
2019-07-10,17:19:23.470000,10733,10734,10733,1
2019-07-10,17:19:28.153000,10733,10734,10734,1
2019-07-10,17:19:28.387000,10733,10734,10734,1
2019-07-10,17:19:28.440000,10733,10734,10734,1
2019-07-10,17:19:31.370000,10733,10734,10734,1
2019-07-10,17:19:35.968000,10733,10734,10734,5
2019-07-10,17:19:39.889000,10733,10734,10734,2
2019-07-10,17:19:39.910000,10733,10734,10734,1
2019-07-10,17:19:39.910000,10733,10734,10734,20
2019-07-10,17:19:40.033000,10733,10734,10734,3
2019-07-10,17:19:56.533000,10734,10735,10735,5
2019-07-10,17:19:58.165000,10734,10735,10735,1
2019-07-10,17:19:58.169000,10734,10735,10735,1
2019-07-10,17:19:58.176000,10734,10735,10735,2
2019-07-10,17:19:58.199000,10734,10735,10735,2
2019-07-10,17:19:58.199000,10734,10735,10735,1
2019-07-10,17:19:58.205000,10734,10735,10735,1
2019-07-10,17:19:58.216000,10734,10735,10735,1
2019-07-10,17:19:58.222000,10734,10735,10735,2
2019-07-10,17:19:58.224000,10734,10735,10735,1
2019-07-10,17:19:58.229000,10734,10735,10735,1
2019-07-10,17:19:58.234000,10734,10735,10735,1
2019-07-10,17:19:58.243000,10734,10735,10735,1
2019-07-10,17:19:58.245000,10734,10735,10735,1
2019-07-10,17:19:59.021000,10734,10735,10735,2
2019-07-10,17:19:59.932000,10734,10735,10735,3
2019-07-10,17:20:01.154000,10734,10735,10735,1
2019-07-10,17:20:01.685000,10734,10735,10735,1
2019-07-10,17:20:02.043000,10734,10735,10735,2
2019-07-10,17:20:02.437000,10734,10735,10735,1
2019-07-10,17:20:02.633000,10734,10735,10735,10
2019-07-10,17:20:02.823000,10734,10735,10735,6
2019-07-10,17:20:02.908000,10734,10735,10735,3
2019-07-10,17:20:02.908000,10734,10735,10735,2
2019-07-10,17:20:03.895000,10735,10736,10736,2
2019-07-10,17:20:03.932000,10735,10736,10736,5
2019-07-10,17:20:03.949000,10735,10736,10736,1
2019-07-10,17:20:04.187000,10735,10736,10736,2
2019-07-10,17:20:04.235000,10735,10736,10736,1
2019-07-10,17:20:04.579000,10735,10736,10735,1
2019-07-10,17:20:04.602000,10735,10736,10735,5
2019-07-10,17:20:08.304000,10735,10736,10735,10
2019-07-10,17:20:08.408000,10735,10736,10735,1
2019-07-10,17:20:12.169000,10734,10735,10735,3
2019-07-10,17:20:13.326000,10734,10735,10735,1
2019-07-10,17:20:14.512000,10734,10735,10735,1
2019-07-10,17:20:18.041000,10734,10735,10735,2
2019-07-10,17:20:31.568000,10734,10735,10735,1
2019-07-10,17:20:38.204000,10734,10735,10734,3
2019-07-10,17:20:50.060000,10734,10735,10734,1
2019-07-10,17:20:52.783000,10734,10735,10734,4
2019-07-10,17:20:58.719000,10733,10734,10734,2
2019-07-10,17:21:09.079000,10733,10734,10734,1
2019-07-10,17:21:17.640000,10733,10734,10734,1
2019-07-10,17:21:35.774000,10733,10734,10734,1
2019-07-10,17:21:47.689000,10733,10734,10734,1
2019-07-10,17:21:54.791000,10733,10734,10734,1
2019-07-10,17:22:20.537000,10734,10735,10734,1
2019-07-10,17:22:23.957000,10734,10735,10734,5
2019-07-10,17:22:45.371000,10733,10734,10734,1
2019-07-10,17:22:57.175000,10733,10734,10734,1
2019-07-10,17:23:40.822000,10733,10734,10733,1
2019-07-10,17:23:59.478000,10733,10734,10733,1
2019-07-10,17:24:31.301000,10733,10734,10733,1
2019-07-10,17:25:20.908000,10733,10734,10733,6
2019-07-10,17:25:21.035000,10732,10734,10732,1
2019-07-10,17:25:21.158000,10732,10733,10733,1
2019-07-10,17:25:37.713000,10732,10733,10733,6
2019-07-10,17:26:11.161000,10733,10734,10733,1
2019-07-10,17:27:08.445000,10733,10734,10733,1
2019-07-10,17:27:40.350000,10733,10734,10734,1
2019-07-10,17:27:53.315000,10733,10734,10734,1
2019-07-10,17:27:59.261000,10733,10734,10734,5
2019-07-10,17:28:00.608000,10734,10735,10735,6
2019-07-10,17:28:15.160000,10734,10735,10734,1
2019-07-10,17:28:15.599000,10734,10735,10735,1
2019-07-10,17:28:19.875000,10734,10735,10735,2
2019-07-10,17:28:52.963000,10734,10735,10735,2
2019-07-10,17:29:04.370000,10734,10735,10734,1
2019-07-10,17:29:04.408000,10734,10735,10734,3
2019-07-10,17:29:04.408000,10734,10735,10734,1
2019-07-10,17:29:04.408000,10734,10735,10734,1
2019-07-10,17:29:04.533000,10733,10734,10734,1
2019-07-10,17:29:04.658000,10733,10734,10734,2
2019-07-10,17:29:04.835000,10733,10734,10734,2
2019-07-10,17:29:10.033000,10733,10734,10734,2
2019-07-10,17:29:12.658000,10733,10734,10734,1
2019-07-10,17:29:16.693000,10733,10735,10735,2
2019-07-10,17:29:18.908000,10733,10734,10734,1
2019-07-10,17:30:25.022000,10734,10735,10734,1
2019-07-10,17:30:25.160000,10734,10735,10734,1
2019-07-10,17:30:45.668000,10734,10735,10734,1
2019-07-10,17:31:36.641000,10734,10735,10734,1
2019-07-10,17:31:53.379000,10734,10735,10734,1
2019-07-10,17:31:55.833000,10734,10735,10734,1
2019-07-10,17:32:01.473000,10734,10735,10734,1
2019-07-10,17:32:07.049000,10734,10735,10734,3
2019-07-10,17:32:22.984000,10733,10734,10734,1
2019-07-10,17:32:42.693000,10733,10734,10734,1
2019-07-10,17:32:43.032000,10733,10734,10734,1
2019-07-10,17:33:06.036000,10733,10734,10733,1
2019-07-10,17:33:53.019000,10733,10734,10733,1
2019-07-10,17:34:04.812000,10733,10734,10733,2
2019-07-10,17:34:19.036000,10733,10734,10733,1
2019-07-10,17:35:26.286000,10733,10734,10733,1
2019-07-10,17:36:50.461000,10733,10734,10733,2
2019-07-10,17:37:23.048000,10733,10734,10734,1
2019-07-10,17:37:23.158000,10733,10734,10734,1
2019-07-10,17:37:30.859000,10733,10734,10734,1
2019-07-10,17:38:00.286000,10733,10734,10733,1
2019-07-10,17:38:13.438000,10733,10734,10733,1
2019-07-10,17:38:19.785000,10733,10734,10733,1
2019-07-10,17:39:38.677000,10733,10734,10733,1
2019-07-10,17:40:18.239000,10733,10734,10733,1
2019-07-10,17:40:29.404000,10733,10734,10733,2
2019-07-10,17:40:34.312000,10733,10734,10733,4
2019-07-10,17:40:34.312000,10733,10734,10733,1
2019-07-10,17:40:34.312000,10733,10734,10733,2
2019-07-10,17:40:34.312000,10733,10734,10733,10
2019-07-10,17:40:34.313000,10733,10734,10733,2
2019-07-10,17:40:34.314000,10733,10734,10733,5
2019-07-10,17:40:39.910000,10732,10733,10732,1
2019-07-10,17:40:39.913000,10732,10733,10732,1
2019-07-10,17:40:40.341000,10732,10733,10732,1
2019-07-10,17:40:40.352000,10732,10733,10732,1
2019-07-10,17:40:40.357000,10732,10733,10732,1
2019-07-10,17:40:40.710000,10732,10733,10732,1
2019-07-10,17:41:07.566000,10732,10733,10732,1
2019-07-10,17:41:18.902000,10732,10733,10732,1
2019-07-10,17:41:21.797000,10732,10733,10732,2
2019-07-10,17:41:21.908000,10732,10733,10732,1
2019-07-10,17:41:56.207000,10731,10732,10732,2
2019-07-10,17:42:10.340000,10731,10732,10732,2
2019-07-10,17:42:29.746000,10731,10732,10731,2
2019-07-10,17:42:29.748000,10731,10732,10731,22
2019-07-10,17:42:29.793000,10730,10731,10731,1
2019-07-10,17:42:32.262000,10730,10731,10730,1
2019-07-10,17:42:32.283000,10730,10731,10730,17
2019-07-10,17:42:32.408000,10730,10731,10730,1
2019-07-10,17:42:32.410000,10730,10731,10730,2
2019-07-10,17:42:32.658000,10729,10730,10730,1
2019-07-10,17:42:36.908000,10729,10730,10730,1
2019-07-10,17:42:37.516000,10729,10730,10730,1
2019-07-10,17:42:37.541000,10729,10731,10730,1
2019-07-10,17:42:37.544000,10729,10731,10730,1
2019-07-10,17:42:37.548000,10729,10731,10730,1
2019-07-10,17:42:43.504000,10729,10730,10730,3
2019-07-10,17:42:43.919000,10729,10730,10730,2
2019-07-10,17:42:47.295000,10730,10731,10730,1
2019-07-10,17:42:55.469000,10730,10731,10730,1
2019-07-10,17:42:56.255000,10730,10731,10730,5
2019-07-10,17:43:06.892000,10729,10730,10730,1
2019-07-10,17:43:11.538000,10729,10730,10730,1
2019-07-10,17:43:11.712000,10729,10730,10729,1
2019-07-10,17:43:16.786000,10729,10730,10729,1
2019-07-10,17:43:20.733000,10729,10730,10729,1
2019-07-10,17:43:21.216000,10729,10730,10729,1
2019-07-10,17:43:21.910000,10729,10730,10729,1
2019-07-10,17:43:25.613000,10729,10730,10729,18
2019-07-10,17:43:25.783000,10728,10729,10729,1
2019-07-10,17:43:26.784000,10728,10729,10728,1
2019-07-10,17:43:26.785000,10728,10729,10728,1
2019-07-10,17:43:27.081000,10728,10729,10728,1
2019-07-10,17:43:27.119000,10728,10729,10728,2
2019-07-10,17:43:27.210000,10728,10729,10728,1
2019-07-10,17:43:27.259000,10728,10729,10728,1
2019-07-10,17:43:27.542000,10728,10729,10728,1
2019-07-10,17:43:35.501000,10728,10729,10729,1
2019-07-10,17:43:35.674000,10728,10729,10729,7
2019-07-10,17:43:37.094000,10729,10730,10729,1
2019-07-10,17:43:40.002000,10728,10729,10729,1
2019-07-10,17:43:43.462000,10728,10729,10729,1
2019-07-10,17:43:45.465000,10729,10730,10729,1
2019-07-10,17:44:02.345000,10728,10729,10729,3
2019-07-10,17:44:12.598000,10728,10729,10728,1
2019-07-10,17:44:17.363000,10728,10729,10728,1
2019-07-10,17:44:39.534000,10728,10729,10729,12
2019-07-10,17:44:39.554000,10728,10729,10729,1
2019-07-10,17:44:39.660000,10729,10730,10729,5
2019-07-10,17:45:01.010000,10728,10729,10728,2
2019-07-10,17:45:01.052000,10728,10729,10728,53
2019-07-10,17:45:01.243000,10727,10728,10728,3
2019-07-10,17:45:01.254000,10727,10728,10727,2
2019-07-10,17:45:01.279000,10727,10728,10728,3
2019-07-10,17:45:01.287000,10727,10728,10728,3
2019-07-10,17:45:01.305000,10727,10728,10728,2
2019-07-10,17:45:01.316000,10727,10728,10728,3
2019-07-10,17:45:01.328000,10727,10728,10728,3
2019-07-10,17:45:01.343000,10727,10728,10727,1
2019-07-10,17:45:01.343000,10727,10728,10728,4
2019-07-10,17:45:01.355000,10727,10728,10727,1
2019-07-10,17:45:01.356000,10727,10728,10727,1
2019-07-10,17:45:01.357000,10727,10728,10728,1
2019-07-10,17:45:01.399000,10727,10728,10728,2
2019-07-10,17:45:01.406000,10727,10728,10727,1
2019-07-10,17:45:01.408000,10727,10728,10728,1
2019-07-10,17:45:01.427000,10727,10728,10728,1
2019-07-10,17:45:01.462000,10727,10728,10727,4
2019-07-10,17:45:01.475000,10727,10728,10728,3
2019-07-10,17:45:01.505000,10727,10728,10728,3
2019-07-10,17:45:01.526000,10727,10728,10728,1
2019-07-10,17:45:01.526000,10727,10728,10729,1
2019-07-10,17:45:01.536000,10727,10729,10728,2
2019-07-10,17:45:01.536000,10727,10729,10729,1
2019-07-10,17:45:01.580000,10727,10729,10728,1
2019-07-10,17:45:01.580000,10727,10729,10729,3
2019-07-10,17:45:01.583000,10727,10729,10729,2
2019-07-10,17:45:01.583000,10727,10729,10729,3
2019-07-10,17:45:01.583000,10727,10729,10729,3
2019-07-10,17:45:01.597000,10727,10729,10727,1
2019-07-10,17:45:01.620000,10727,10729,10729,2
2019-07-10,17:45:01.623000,10727,10729,10729,3
2019-07-10,17:45:01.628000,10727,10729,10729,1
2019-07-10,17:45:01.649000,10727,10729,10729,1
2019-07-10,17:45:01.652000,10727,10729,10729,2
2019-07-10,17:45:01.655000,10727,10729,10729,2
2019-07-10,17:45:01.888000,10728,10729,10728,2
2019-07-10,17:45:01.908000,10728,10729,10728,1
2019-07-10,17:45:02.658000,10727,10729,10729,3
2019-07-10,17:45:02.658000,10727,10729,10729,3
2019-07-10,17:45:02.661000,10727,10729,10729,2
2019-07-10,17:45:02.661000,10727,10729,10729,3
2019-07-10,17:45:02.661000,10727,10729,10729,2
2019-07-10,17:45:02.662000,10727,10729,10729,2
2019-07-10,17:45:02.662000,10727,10729,10729,2
2019-07-10,17:45:02.662000,10727,10729,10729,1
2019-07-10,17:45:02.662000,10727,10729,10727,2
2019-07-10,17:45:02.662000,10727,10729,10729,2
2019-07-10,17:45:09.277000,10728,10729,10729,1
2019-07-10,17:45:09.351000,10728,10729,10729,1
2019-07-10,17:45:09.530000,10728,10729,10729,1
2019-07-10,17:45:09.769000,10728,10729,10729,1
2019-07-10,17:45:09.979000,10728,10729,10729,1
2019-07-10,17:45:11.871000,10728,10729,10728,1
2019-07-10,17:45:12.535000,10728,10729,10728,16
2019-07-10,17:45:13.423000,10727,10728,10727,4
2019-07-10,17:45:16.710000,10727,10728,10727,4
2019-07-10,17:45:17.538000,10727,10728,10727,8
2019-07-10,17:45:17.734000,10726,10727,10726,4
2019-07-10,17:45:17.804000,10726,10727,10726,3
2019-07-10,17:45:17.837000,10726,10727,10726,1
2019-07-10,17:45:18.908000,10726,10727,10727,1
2019-07-10,17:45:23.108000,10727,10728,10727,4
2019-07-10,17:45:25.337000,10726,10728,10726,1
2019-07-10,17:45:26.123000,10726,10727,10727,1
2019-07-10,17:45:26.285000,10727,10728,10727,2
2019-07-10,17:45:29.003000,10726,10727,10727,1
2019-07-10,17:45:31.142000,10726,10728,10727,2
2019-07-10,17:45:36.701000,10726,10727,10726,1
2019-07-10,17:45:41.156000,10726,10727,10726,1
2019-07-10,17:45:47.611000,10726,10727,10727,1
2019-07-10,17:45:49.088000,10726,10727,10727,12
2019-07-10,17:45:50.017000,10727,10728,10727,6
2019-07-10,17:45:50.017000,10727,10728,10726,3
2019-07-10,17:45:52.218000,10727,10728,10727,1
2019-07-10,17:45:53.934000,10726,10728,10726,10
2019-07-10,17:46:00.701000,10726,10727,10726,5
2019-07-10,17:46:10.655000,10726,10727,10726,2
2019-07-10,17:46:11.413000,10726,10727,10726,3
2019-07-10,17:46:11.737000,10726,10727,10726,2
2019-07-10,17:46:15.655000,10726,10727,10727,1
2019-07-10,17:46:32.417000,10726,10727,10727,1
2019-07-10,17:46:33.844000,10726,10727,10727,1
2019-07-10,17:46:40.783000,10726,10727,10727,4
2019-07-10,17:46:40.908000,10726,10727,10727,12
2019-07-10,17:46:47.912000,10727,10728,10728,1
2019-07-10,17:46:48.229000,10727,10728,10728,1
2019-07-10,17:46:48.288000,10727,10728,10728,1
2019-07-10,17:46:48.352000,10727,10728,10728,1
2019-07-10,17:46:48.354000,10727,10728,10728,2
2019-07-10,17:46:50.660000,10728,10729,10728,5
2019-07-10,17:47:14.565000,10727,10728,10728,1
2019-07-10,17:47:15.022000,10727,10728,10728,1
2019-07-10,17:47:15.058000,10727,10728,10728,1
2019-07-10,17:47:15.060000,10727,10728,10728,1
2019-07-10,17:47:15.083000,10727,10728,10728,1
2019-07-10,17:47:15.158000,10727,10728,10728,1
2019-07-10,17:47:15.175000,10727,10728,10728,2
2019-07-10,17:47:15.175000,10727,10728,10728,2
2019-07-10,17:47:15.535000,10728,10729,10728,1
2019-07-10,17:47:16.272000,10727,10729,10729,1
2019-07-10,17:47:19.442000,10727,10729,10729,1
2019-07-10,17:47:21.501000,10728,10729,10728,1
2019-07-10,17:47:21.519000,10728,10729,10728,10
2019-07-10,17:47:22.294000,10728,10729,10728,1
2019-07-10,17:47:24.735000,10728,10729,10728,3
2019-07-10,17:47:29.049000,10728,10729,10729,5
2019-07-10,17:47:30.052000,10728,10729,10728,1
2019-07-10,17:47:39.108000,10728,10729,10728,10
2019-07-10,17:47:39.109000,10728,10729,10728,1
2019-07-10,17:47:45.410000,10728,10729,10728,1
2019-07-10,17:47:51.343000,10728,10729,10728,3
2019-07-10,17:47:56.345000,10728,10729,10728,2
2019-07-10,17:48:01.348000,10728,10729,10728,2
2019-07-10,17:48:33.720000,10728,10729,10728,1
2019-07-10,17:48:44.161000,10728,10729,10728,1
2019-07-10,17:49:02.413000,10728,10729,10728,2
2019-07-10,17:49:06.263000,10728,10729,10729,3
2019-07-10,17:49:23.635000,10728,10729,10729,1
2019-07-10,17:49:34.124000,10728,10729,10729,1
2019-07-10,17:49:34.422000,10728,10729,10729,1
2019-07-10,17:49:42.583000,10728,10729,10729,3
2019-07-10,17:49:50.551000,10728,10729,10729,1
2019-07-10,17:49:52.438000,10728,10729,10729,1
2019-07-10,17:49:52.438000,10728,10729,10729,1
2019-07-10,17:49:52.439000,10728,10729,10729,1
2019-07-10,17:49:52.439000,10728,10729,10729,7
2019-07-10,17:50:46.558000,10729,10730,10729,1
2019-07-10,17:50:47.436000,10729,10730,10729,5
2019-07-10,17:50:53.617000,10729,10730,10729,1
2019-07-10,17:51:10.030000,10729,10730,10730,1
2019-07-10,17:51:29.140000,10729,10730,10730,2
2019-07-10,17:52:05.767000,10729,10730,10729,1
2019-07-10,17:52:05.768000,10729,10730,10729,1
2019-07-10,17:52:05.768000,10729,10730,10729,1
2019-07-10,17:52:05.775000,10729,10730,10729,1
2019-07-10,17:52:05.783000,10729,10730,10729,1
2019-07-10,17:52:05.783000,10729,10730,10729,1
2019-07-10,17:52:05.783000,10729,10730,10729,2
2019-07-10,17:52:05.783000,10729,10730,10729,9
2019-07-10,17:52:08.994000,10728,10729,10729,1
2019-07-10,17:52:49.902000,10728,10729,10729,1
2019-07-10,17:52:53.113000,10728,10729,10729,2
2019-07-10,17:53:43.335000,10729,10730,10729,2
2019-07-10,17:53:53.160000,10729,10730,10729,1
2019-07-10,17:54:07.951000,10729,10730,10730,4
2019-07-10,17:54:16.506000,10729,10730,10730,1
2019-07-10,17:55:00.285000,10729,10730,10729,1
2019-07-10,17:55:02.924000,10729,10730,10729,1
2019-07-10,17:55:44.491000,10729,10730,10729,1
2019-07-10,17:55:56.658000,10729,10730,10730,1
2019-07-10,17:55:56.783000,10729,10730,10730,1
2019-07-10,17:55:56.908000,10729,10730,10730,1
2019-07-10,17:55:57.158000,10729,10730,10730,1
2019-07-10,17:56:08.951000,10729,10730,10730,1
2019-07-10,17:56:09.524000,10729,10730,10730,1
2019-07-10,17:56:10.367000,10729,10730,10730,1
2019-07-10,17:56:27.535000,10729,10730,10729,1
2019-07-10,17:56:44.705000,10729,10730,10730,1
2019-07-10,17:56:51.443000,10729,10730,10730,1
2019-07-10,17:57:58.429000,10729,10730,10729,2
2019-07-10,17:57:59.324000,10729,10730,10730,1
2019-07-10,17:58:01.133000,10729,10730,10729,2
2019-07-10,17:58:16.316000,10729,10730,10729,2
2019-07-10,17:58:31.720000,10729,10730,10730,5
2019-07-10,17:59:06.183000,10729,10730,10729,1
2019-07-10,17:59:06.283000,10729,10730,10729,1
2019-07-10,17:59:26.035000,10729,10730,10729,1
2019-07-10,17:59:36.652000,10729,10730,10729,1
2019-07-10,17:59:41.351000,10729,10730,10729,1
2019-07-10,17:59:43.189000,10729,10730,10730,1
2019-07-10,17:59:52.682000,10729,10730,10729,1
2019-07-10,17:59:57.093000,10729,10730,10729,1
2019-07-10,17:59:57.158000,10729,10730,10729,1
2019-07-10,18:00:00.245000,10729,10730,10729,1
2019-07-10,18:00:00.246000,10729,10730,10729,1
2019-07-10,18:00:00.247000,10729,10730,10729,2
2019-07-10,18:00:00.249000,10729,10730,10729,1
2019-07-10,18:00:00.283000,10729,10730,10729,1
2019-07-10,18:00:00.283000,10729,10730,10729,1
2019-07-10,18:00:00.289000,10729,10730,10729,1
2019-07-10,18:00:00.349000,10729,10730,10729,1
2019-07-10,18:00:00.525000,10728,10729,10728,2
2019-07-10,18:00:00.686000,10728,10729,10728,1
2019-07-10,18:00:00.693000,10728,10729,10728,3
2019-07-10,18:00:00.703000,10728,10729,10728,1
2019-07-10,18:00:00.712000,10728,10729,10728,4
2019-07-10,18:00:00.760000,10728,10729,10728,5
2019-07-10,18:00:00.918000,10727,10728,10727,4
2019-07-10,18:00:01.033000,10727,10728,10727,12
2019-07-10,18:00:01.143000,10727,10728,10727,2
2019-07-10,18:00:01.158000,10726,10728,10727,2
2019-07-10,18:00:01.370000,10726,10728,10726,6
2019-07-10,18:00:01.510000,10726,10727,10727,1
2019-07-10,18:00:01.510000,10726,10727,10728,1
2019-07-10,18:00:01.598000,10726,10727,10728,3
2019-07-10,18:00:01.637000,10726,10727,10727,1
2019-07-10,18:00:01.696000,10726,10728,10728,3
2019-07-10,18:00:01.856000,10726,10727,10726,1
2019-07-10,18:00:04.363000,10726,10727,10726,4
2019-07-10,18:00:04.755000,10726,10727,10726,5
2019-07-10,18:00:05.783000,10726,10727,10727,3
2019-07-10,18:00:06.024000,10726,10728,10727,2
2019-07-10,18:00:06.517000,10727,10728,10727,2
2019-07-10,18:00:07.688000,10726,10728,10726,2
2019-07-10,18:00:38.317000,10726,10727,10726,1
2019-07-10,18:00:40.903000,10726,10727,10727,2
2019-07-10,18:00:48.450000,10726,10727,10727,2
2019-07-10,18:01:06.979000,10726,10727,10727,1
2019-07-10,18:01:16.539000,10726,10727,10727,2
2019-07-10,18:01:22.352000,10726,10727,10727,1
2019-07-10,18:01:34.530000,10726,10727,10726,10
2019-07-10,18:01:37.385000,10726,10727,10726,15
2019-07-10,18:01:38.661000,10725,10726,10726,2
2019-07-10,18:01:47.910000,10725,10726,10725,1
2019-07-10,18:01:48.295000,10725,10726,10726,1
2019-07-10,18:01:48.529000,10725,10726,10726,1
2019-07-10,18:01:48.644000,10725,10726,10726,1
2019-07-10,18:01:48.985000,10725,10726,10726,1
2019-07-10,18:01:49.018000,10725,10726,10726,1
2019-07-10,18:01:49.676000,10725,10726,10726,1
2019-07-10,18:01:49.689000,10725,10726,10725,4
2019-07-10,18:01:50.545000,10725,10726,10726,1
2019-07-10,18:01:52.283000,10725,10726,10725,1
2019-07-10,18:01:53.129000,10725,10726,10726,1
2019-07-10,18:01:56.813000,10725,10726,10726,1
2019-07-10,18:01:58.100000,10725,10726,10726,1
2019-07-10,18:02:02.994000,10725,10726,10725,10
2019-07-10,18:02:07.186000,10725,10726,10725,10
2019-07-10,18:02:07.285000,10725,10726,10725,33
2019-07-10,18:02:07.408000,10725,10726,10725,16
2019-07-10,18:02:07.408000,10725,10726,10725,6
2019-07-10,18:02:07.408000,10725,10726,10725,2
2019-07-10,18:02:07.408000,10725,10726,10725,9
2019-07-10,18:02:07.408000,10725,10726,10725,2
2019-07-10,18:02:07.409000,10725,10726,10725,6
2019-07-10,18:02:07.409000,10725,10726,10725,1
2019-07-10,18:02:07.409000,10725,10726,10725,1
2019-07-10,18:02:07.409000,10725,10726,10725,2
2019-07-10,18:02:07.409000,10725,10726,10725,3
2019-07-10,18:02:07.596000,10724,10725,10725,5
2019-07-10,18:02:10.216000,10724,10725,10725,1
2019-07-10,18:02:10.258000,10724,10725,10725,1
2019-07-10,18:02:10.723000,10724,10725,10725,1
2019-07-10,18:02:10.920000,10724,10725,10724,1
2019-07-10,18:02:11.081000,10724,10725,10724,2
2019-07-10,18:02:11.090000,10724,10725,10725,1
2019-07-10,18:02:11.093000,10724,10725,10724,2
2019-07-10,18:02:11.621000,10724,10725,10724,1
2019-07-10,18:02:11.640000,10724,10725,10725,1
2019-07-10,18:02:12.010000,10724,10725,10725,1
2019-07-10,18:02:12.121000,10724,10725,10724,2
2019-07-10,18:02:12.459000,10724,10725,10725,4
2019-07-10,18:02:12.554000,10724,10725,10725,1
2019-07-10,18:02:12.654000,10724,10725,10725,4
2019-07-10,18:02:12.658000,10724,10725,10725,1
2019-07-10,18:02:13.136000,10725,10726,10725,2
2019-07-10,18:02:15.449000,10724,10725,10725,1
2019-07-10,18:02:16.926000,10724,10725,10725,1
2019-07-10,18:02:18.041000,10724,10725,10725,2
2019-07-10,18:02:18.749000,10724,10725,10725,1
2019-07-10,18:02:28.929000,10724,10725,10725,1
2019-07-10,18:02:30.073000,10724,10725,10725,1
2019-07-10,18:02:31.124000,10724,10725,10725,1
2019-07-10,18:02:34.023000,10724,10725,10724,1
2019-07-10,18:02:36.677000,10724,10725,10724,5
2019-07-10,18:02:45.729000,10724,10725,10724,4
2019-07-10,18:02:48.666000,10724,10725,10725,2
2019-07-10,18:02:52.648000,10724,10725,10725,5
2019-07-10,18:02:53.373000,10724,10725,10724,1
2019-07-10,18:02:53.665000,10724,10725,10724,1
2019-07-10,18:03:02.241000,10724,10725,10724,1
2019-07-10,18:03:06.564000,10724,10725,10725,10
2019-07-10,18:03:06.583000,10724,10725,10725,1
2019-07-10,18:03:06.595000,10724,10725,10725,1
2019-07-10,18:03:06.595000,10724,10725,10725,4
2019-07-10,18:03:17.623000,10725,10726,10725,1
2019-07-10,18:03:18.967000,10725,10726,10725,1
2019-07-10,18:03:29.350000,10725,10726,10726,2
2019-07-10,18:03:45.709000,10725,10726,10726,6
2019-07-10,18:03:45.783000,10725,10726,10726,1
2019-07-10,18:03:45.783000,10725,10726,10726,1
2019-07-10,18:03:50.493000,10725,10726,10726,1
2019-07-10,18:03:50.524000,10725,10726,10726,2
2019-07-10,18:03:55.250000,10725,10726,10726,1
2019-07-10,18:03:55.250000,10725,10726,10727,1
2019-07-10,18:03:55.566000,10725,10727,10727,4
2019-07-10,18:04:00.543000,10726,10727,10726,1
2019-07-10,18:04:06.362000,10726,10727,10726,1
2019-07-10,18:04:06.362000,10726,10727,10725,4
2019-07-10,18:04:13.058000,10725,10726,10726,1
2019-07-10,18:04:23.632000,10725,10726,10726,1
2019-07-10,18:04:26.564000,10725,10726,10726,5
2019-07-10,18:04:32.745000,10726,10727,10726,1
2019-07-10,18:04:34.845000,10726,10727,10727,1
2019-07-10,18:04:42.643000,10726,10727,10726,1
2019-07-10,18:04:45.015000,10726,10727,10727,1
2019-07-10,18:04:55.170000,10726,10727,10727,4
2019-07-10,18:04:59.282000,10726,10727,10727,1
2019-07-10,18:05:06.955000,10726,10727,10727,1
2019-07-10,18:05:07.360000,10726,10727,10726,1
2019-07-10,18:05:19.614000,10726,10727,10727,2
2019-07-10,18:05:19.623000,10726,10727,10727,1
2019-07-10,18:05:19.658000,10726,10727,10727,1
2019-07-10,18:05:24.759000,10727,10728,10727,2
2019-07-10,18:05:37.661000,10727,10728,10727,1
2019-07-10,18:05:38.277000,10727,10728,10727,1
2019-07-10,18:05:40.603000,10727,10728,10727,1
2019-07-10,18:05:48.527000,10727,10728,10727,1
2019-07-10,18:05:54.162000,10727,10728,10727,1
2019-07-10,18:05:54.318000,10727,10728,10727,1
2019-07-10,18:05:55.510000,10727,10728,10727,2
2019-07-10,18:05:58.335000,10727,10728,10727,1
2019-07-10,18:05:59.468000,10727,10728,10727,1
2019-07-10,18:06:24.284000,10727,10728,10727,1
2019-07-10,18:06:32.230000,10727,10728,10727,1
2019-07-10,18:06:33.035000,10727,10728,10727,1
2019-07-10,18:06:34.991000,10727,10728,10727,3
2019-07-10,18:06:44.859000,10726,10727,10727,1
2019-07-10,18:06:54.108000,10726,10727,10726,1
2019-07-10,18:07:12.660000,10726,10727,10726,1
2019-07-10,18:07:38.109000,10726,10727,10727,3
2019-07-10,18:07:38.151000,10726,10727,10727,2
2019-07-10,18:07:38.152000,10726,10727,10727,1
2019-07-10,18:07:43.105000,10727,10728,10727,1
2019-07-10,18:08:07.064000,10727,10728,10727,1
2019-07-10,18:08:21.099000,10727,10728,10727,1
2019-07-10,18:08:27.693000,10727,10728,10727,2
2019-07-10,18:08:56.792000,10727,10728,10727,25
2019-07-10,18:09:00.042000,10726,10727,10727,1
2019-07-10,18:09:00.158000,10726,10728,10727,1
2019-07-10,18:09:00.384000,10726,10727,10727,1
2019-07-10,18:09:00.409000,10726,10728,10727,1
2019-07-10,18:09:11.860000,10726,10727,10727,1
2019-07-10,18:09:16.957000,10727,10728,10727,1
2019-07-10,18:09:19.404000,10727,10728,10727,2
2019-07-10,18:09:26.861000,10726,10727,10727,1
2019-07-10,18:09:52.906000,10727,10728,10727,1
2019-07-10,18:10:31.363000,10727,10728,10727,1
2019-07-10,18:10:31.705000,10727,10728,10727,2
2019-07-10,18:10:46.307000,10727,10728,10727,5
2019-07-10,18:10:54.400000,10727,10728,10728,1
2019-07-10,18:10:54.408000,10727,10728,10728,1
2019-07-10,18:10:54.922000,10727,10728,10728,1
2019-07-10,18:10:54.922000,10727,10728,10728,1
2019-07-10,18:11:06.151000,10727,10728,10728,1
2019-07-10,18:11:32.925000,10727,10728,10727,2
2019-07-10,18:11:49.420000,10727,10728,10727,1
2019-07-10,18:12:04.786000,10727,10728,10727,1
2019-07-10,18:12:05.089000,10727,10728,10727,1
2019-07-10,18:12:05.314000,10727,10728,10727,2
2019-07-10,18:12:23.410000,10727,10728,10727,1
2019-07-10,18:12:44.576000,10727,10728,10727,1
2019-07-10,18:12:44.630000,10727,10728,10727,1
2019-07-10,18:12:45.337000,10727,10728,10727,1
2019-07-10,18:12:45.408000,10727,10728,10727,1
2019-07-10,18:12:45.408000,10727,10728,10727,1
2019-07-10,18:12:45.408000,10727,10728,10727,2
2019-07-10,18:12:46.791000,10726,10728,10726,3
2019-07-10,18:12:54.037000,10726,10727,10726,1
2019-07-10,18:13:01.571000,10726,10727,10727,1
2019-07-10,18:13:29.512000,10726,10727,10727,1
2019-07-10,18:14:08.996000,10726,10727,10727,8
2019-07-10,18:14:24.484000,10727,10728,10727,1
2019-07-10,18:14:50.285000,10727,10728,10727,1
2019-07-10,18:15:02.458000,10727,10728,10728,1
2019-07-10,18:15:02.977000,10727,10728,10727,2
2019-07-10,18:16:15.724000,10727,10728,10727,1
2019-07-10,18:17:01.291000,10727,10728,10728,1
2019-07-10,18:17:08.157000,10727,10728,10728,1
2019-07-10,18:17:22.410000,10727,10728,10727,1
2019-07-10,18:17:23.375000,10727,10728,10728,3
2019-07-10,18:17:41.668000,10727,10728,10728,3
2019-07-10,18:17:44.215000,10727,10728,10728,1
2019-07-10,18:17:50.481000,10727,10728,10728,1
2019-07-10,18:18:11.160000,10727,10728,10727,1
2019-07-10,18:18:44.769000,10727,10728,10727,9
2019-07-10,18:19:29.572000,10727,10728,10727,1
2019-07-10,18:19:57.759000,10727,10728,10727,2
2019-07-10,18:20:05.129000,10727,10728,10727,1
2019-07-10,18:20:51.074000,10727,10728,10727,1
2019-07-10,18:21:09.336000,10727,10728,10727,1
2019-07-10,18:22:11.139000,10727,10728,10727,1
2019-07-10,18:22:22.395000,10727,10728,10727,21
2019-07-10,18:22:22.395000,10727,10728,10726,4
2019-07-10,18:22:26.737000,10726,10727,10726,16
2019-07-10,18:22:31.770000,10726,10727,10726,9
2019-07-10,18:22:36.723000,10726,10727,10726,3
2019-07-10,18:22:40.703000,10726,10727,10726,1
2019-07-10,18:22:45.285000,10726,10727,10726,1
2019-07-10,18:23:05.751000,10725,10726,10726,1
2019-07-10,18:23:50.286000,10726,10727,10726,1
2019-07-10,18:23:51.609000,10726,10727,10727,1
2019-07-10,18:24:02.818000,10726,10727,10727,1
2019-07-10,18:24:08.035000,10726,10727,10726,1
2019-07-10,18:24:54.206000,10726,10727,10726,1
2019-07-10,18:24:57.984000,10726,10727,10726,1
2019-07-10,18:25:08.410000,10726,10727,10726,1
2019-07-10,18:25:38.763000,10726,10727,10726,1
2019-07-10,18:26:04.391000,10726,10727,10726,1
2019-07-10,18:27:25.158000,10726,10727,10726,1
2019-07-10,18:27:56.035000,10726,10727,10726,1
2019-07-10,18:28:09.862000,10726,10727,10727,1
2019-07-10,18:28:43.188000,10726,10727,10726,10
2019-07-10,18:28:45.358000,10726,10727,10727,1
2019-07-10,18:29:44.161000,10726,10727,10726,1
2019-07-10,18:30:17.160000,10726,10727,10726,1
2019-07-10,18:30:18.171000,10726,10727,10727,1
2019-07-10,18:30:28.024000,10726,10727,10726,4
2019-07-10,18:30:32.911000,10726,10727,10726,1
2019-07-10,18:30:36.016000,10726,10727,10726,3
2019-07-10,18:30:49.771000,10726,10727,10726,1
2019-07-10,18:31:00.283000,10726,10727,10726,3
2019-07-10,18:31:24.621000,10726,10727,10726,5
2019-07-10,18:31:44.299000,10726,10727,10726,1
2019-07-10,18:32:47.422000,10726,10727,10727,1
2019-07-10,18:32:47.533000,10726,10727,10727,1
2019-07-10,18:32:51.593000,10726,10727,10727,1
2019-07-10,18:32:51.687000,10726,10727,10727,1
2019-07-10,18:33:03.035000,10726,10727,10726,1
2019-07-10,18:33:10.638000,10726,10727,10726,1
2019-07-10,18:33:10.648000,10726,10727,10726,1
2019-07-10,18:33:25.862000,10726,10727,10726,1
2019-07-10,18:33:53.533000,10726,10727,10726,1
2019-07-10,18:33:53.533000,10726,10727,10726,1
2019-07-10,18:34:16.131000,10726,10727,10726,2
2019-07-10,18:34:24.758000,10726,10727,10726,1
2019-07-10,18:34:26.641000,10726,10727,10726,1
2019-07-10,18:34:29.823000,10726,10727,10726,1
2019-07-10,18:34:32.753000,10726,10727,10726,1
2019-07-10,18:35:00.821000,10726,10727,10726,5
2019-07-10,18:35:17.045000,10726,10727,10726,2
2019-07-10,18:35:39.410000,10726,10727,10726,1
2019-07-10,18:35:42.564000,10726,10727,10726,3
2019-07-10,18:35:42.564000,10726,10727,10725,2
2019-07-10,18:36:04.533000,10726,10727,10726,1
2019-07-10,18:36:04.575000,10726,10727,10726,1
2019-07-10,18:36:06.188000,10726,10727,10727,1
2019-07-10,18:36:18.742000,10726,10727,10726,1
2019-07-10,18:36:18.786000,10726,10727,10726,1
2019-07-10,18:36:19.563000,10726,10727,10726,1
2019-07-10,18:36:20.274000,10726,10727,10726,1
2019-07-10,18:37:09.953000,10726,10727,10726,1
2019-07-10,18:37:22.288000,10726,10727,10726,1
2019-07-10,18:37:22.330000,10726,10727,10726,1
2019-07-10,18:37:59.801000,10726,10727,10726,6
2019-07-10,18:38:06.461000,10726,10727,10726,1
2019-07-10,18:38:06.461000,10726,10727,10726,1
2019-07-10,18:38:06.461000,10726,10727,10726,1
2019-07-10,18:38:06.461000,10726,10727,10726,5
2019-07-10,18:38:06.628000,10725,10726,10725,4
2019-07-10,18:38:06.956000,10725,10726,10725,2
2019-07-10,18:38:22.035000,10725,10726,10725,1
2019-07-10,18:38:26.012000,10725,10726,10725,6
2019-07-10,18:38:26.033000,10725,10726,10725,10
2019-07-10,18:38:26.033000,10725,10726,10725,1
2019-07-10,18:38:26.033000,10725,10726,10725,1
2019-07-10,18:38:26.033000,10725,10726,10725,1
2019-07-10,18:38:26.034000,10725,10726,10725,2
2019-07-10,18:38:26.034000,10725,10726,10725,1
2019-07-10,18:38:26.158000,10725,10726,10725,1
2019-07-10,18:38:26.158000,10725,10726,10725,2
2019-07-10,18:38:26.158000,10725,10726,10725,3
2019-07-10,18:38:26.158000,10725,10726,10725,2
2019-07-10,18:38:26.612000,10724,10725,10725,3
2019-07-10,18:38:26.621000,10724,10725,10725,4
2019-07-10,18:38:28.308000,10724,10725,10724,4
2019-07-10,18:38:28.394000,10724,10725,10724,1
2019-07-10,18:38:28.487000,10724,10725,10724,2
2019-07-10,18:38:28.533000,10724,10725,10724,1
2019-07-10,18:38:28.643000,10724,10725,10724,2
2019-07-10,18:38:28.651000,10724,10725,10724,1
2019-07-10,18:38:28.660000,10724,10725,10724,2
2019-07-10,18:38:28.783000,10724,10725,10724,6
2019-07-10,18:38:28.783000,10724,10725,10724,5
2019-07-10,18:38:28.805000,10724,10725,10724,2
2019-07-10,18:38:28.908000,10724,10725,10724,3
2019-07-10,18:38:28.908000,10724,10725,10724,2
2019-07-10,18:38:28.908000,10724,10725,10724,2
2019-07-10,18:38:28.908000,10724,10725,10724,4
2019-07-10,18:38:28.908000,10724,10725,10724,1
2019-07-10,18:38:28.909000,10724,10725,10724,1
2019-07-10,18:38:28.909000,10724,10725,10724,1
2019-07-10,18:38:29.417000,10723,10724,10723,6
2019-07-10,18:38:29.556000,10723,10724,10723,2
2019-07-10,18:38:29.613000,10723,10724,10723,1
2019-07-10,18:38:29.621000,10723,10724,10723,2
2019-07-10,18:38:29.623000,10723,10724,10723,2
2019-07-10,18:38:29.627000,10723,10724,10723,1
2019-07-10,18:38:29.757000,10723,10724,10723,1
2019-07-10,18:38:29.759000,10723,10724,10723,1
2019-07-10,18:38:29.804000,10723,10724,10723,1
2019-07-10,18:38:29.808000,10723,10724,10723,1
2019-07-10,18:38:30.029000,10723,10724,10723,6
2019-07-10,18:38:30.285000,10723,10724,10723,6
2019-07-10,18:38:30.771000,10723,10724,10723,6
2019-07-10,18:38:31.111000,10723,10724,10723,1
2019-07-10,18:38:31.213000,10723,10724,10723,1
2019-07-10,18:38:31.218000,10723,10724,10723,2
2019-07-10,18:38:31.232000,10723,10724,10722,2
2019-07-10,18:38:31.233000,10723,10724,10722,1
2019-07-10,18:38:31.238000,10723,10724,10722,3
2019-07-10,18:38:31.242000,10723,10724,10722,2
2019-07-10,18:38:31.276000,10723,10724,10722,1
2019-07-10,18:38:31.282000,10722,10723,10722,1
2019-07-10,18:38:31.283000,10722,10723,10723,3
2019-07-10,18:38:31.307000,10722,10723,10722,1
2019-07-10,18:38:31.310000,10722,10723,10722,2
2019-07-10,18:38:31.312000,10722,10723,10722,1
2019-07-10,18:38:31.312000,10722,10723,10722,1
2019-07-10,18:38:31.319000,10722,10723,10722,1
2019-07-10,18:38:31.323000,10722,10723,10722,1
2019-07-10,18:38:31.340000,10722,10723,10722,2
2019-07-10,18:38:31.383000,10722,10723,10722,2
2019-07-10,18:38:31.390000,10722,10723,10722,2
2019-07-10,18:38:31.400000,10722,10723,10722,2
2019-07-10,18:38:31.430000,10722,10723,10723,1
2019-07-10,18:38:31.441000,10722,10723,10722,2
2019-07-10,18:38:31.461000,10722,10723,10722,1
2019-07-10,18:38:31.464000,10722,10723,10722,2
2019-07-10,18:38:31.467000,10722,10723,10722,2
2019-07-10,18:38:31.486000,10722,10723,10722,1
2019-07-10,18:38:31.497000,10722,10723,10722,1
2019-07-10,18:38:31.503000,10722,10723,10722,2
2019-07-10,18:38:31.525000,10722,10723,10722,1
2019-07-10,18:38:31.530000,10722,10723,10722,1
2019-07-10,18:38:31.545000,10722,10723,10722,1
2019-07-10,18:38:31.585000,10722,10723,10722,1
2019-07-10,18:38:31.595000,10722,10723,10722,1
2019-07-10,18:38:31.624000,10722,10723,10722,2
2019-07-10,18:38:31.633000,10722,10723,10722,1
2019-07-10,18:38:31.634000,10722,10723,10722,2
2019-07-10,18:38:31.635000,10722,10723,10722,9
2019-07-10,18:38:31.635000,10722,10723,10721,3
2019-07-10,18:38:31.636000,10722,10723,10721,2
2019-07-10,18:38:31.637000,10722,10723,10721,6
2019-07-10,18:38:31.641000,10722,10723,10721,1
2019-07-10,18:38:31.650000,10722,10723,10721,1
2019-07-10,18:38:31.666000,10721,10723,10721,4
2019-07-10,18:38:31.667000,10721,10723,10721,1
2019-07-10,18:38:31.696000,10721,10723,10721,1
2019-07-10,18:38:31.705000,10721,10723,10721,1
2019-07-10,18:38:31.711000,10721,10723,10721,1
2019-07-10,18:38:31.743000,10721,10723,10722,1
2019-07-10,18:38:31.751000,10721,10723,10721,1
2019-07-10,18:38:31.761000,10721,10723,10721,1
2019-07-10,18:38:31.783000,10722,10723,10722,3
2019-07-10,18:38:31.783000,10722,10723,10722,2
2019-07-10,18:38:31.787000,10722,10723,10722,2
2019-07-10,18:38:31.788000,10722,10723,10722,1
2019-07-10,18:38:31.788000,10722,10723,10721,1
2019-07-10,18:38:31.805000,10722,10723,10721,6
2019-07-10,18:38:31.813000,10722,10723,10721,2
2019-07-10,18:38:31.818000,10722,10723,10721,1
2019-07-10,18:38:31.825000,10722,10723,10721,1
2019-07-10,18:38:31.836000,10722,10723,10721,1
