2019-03-21,15:00:00.017000,10568,10568,10568,144
2019-03-21,15:00:00.019000,10568,10568,10568,4
2019-03-21,15:00:00.020000,10568,10568,10568,1
2019-03-21,15:00:00.021000,10569,10569,10569,3
2019-03-21,15:00:00.031000,10568,10568,10568,4
2019-03-21,15:00:00.063000,10568,10568,10568,10
2019-03-21,15:00:00.067000,10568,10568,10568,1
2019-03-21,15:00:00.073000,10568,10568,10568,1
2019-03-21,15:00:00.099000,10569,10569,10569,1
2019-03-21,15:00:00.114000,10568,10568,10568,12
2019-03-21,15:00:00.130000,10569,10569,10569,1
2019-03-21,15:00:00.169000,10568,10568,10568,1
2019-03-21,15:00:00.195000,10568,10568,10568,10
2019-03-21,15:00:00.208000,10569,10569,10569,1
2019-03-21,15:00:00.334000,10568,10568,10568,2
2019-03-21,15:00:00.396000,10568,10568,10568,2
2019-03-21,15:00:00.396000,10567,10567,10567,2
2019-03-21,15:00:00.444000,10567,10567,10567,2
2019-03-21,15:00:00.513000,10567,10567,10567,1
2019-03-21,15:00:00.550000,10567,10567,10567,6
2019-03-21,15:00:00.601000,10567,10567,10567,4
2019-03-21,15:00:00.688000,10567,10567,10567,4
2019-03-21,15:00:00.733000,10567,10567,10567,1
2019-03-21,15:00:00.739000,10567,10567,10567,1
2019-03-21,15:00:00.771000,10567,10567,10567,2
2019-03-21,15:00:00.781000,10567,10567,10567,1
2019-03-21,15:00:01.212000,10567,10567,10567,3
2019-03-21,15:00:01.276000,10567,10567,10567,1
2019-03-21,15:00:01.280000,10569,10569,10569,12
2019-03-21,15:00:01.280000,10570,10570,10570,7
2019-03-21,15:00:01.639000,10570,10570,10570,5
2019-03-21,15:00:01.934000,10568,10568,10568,1
2019-03-21,15:00:01.945000,10567,10567,10567,1
2019-03-21,15:00:02.052000,10569,10569,10569,3
2019-03-21,15:00:02.360000,10568,10568,10568,2
2019-03-21,15:00:02.453000,10568,10568,10568,1
2019-03-21,15:00:02.453000,10567,10567,10567,13
2019-03-21,15:00:02.562000,10568,10568,10568,1
2019-03-21,15:00:02.647000,10567,10567,10567,2
2019-03-21,15:00:02.688000,10567,10567,10567,2
2019-03-21,15:00:02.757000,10567,10567,10567,2
2019-03-21,15:00:03.100000,10568,10568,10568,2
2019-03-21,15:00:03.264000,10569,10569,10569,2
2019-03-21,15:00:03.281000,10569,10569,10569,4
2019-03-21,15:00:03.406000,10569,10569,10569,1
2019-03-21,15:00:03.413000,10568,10568,10568,1
2019-03-21,15:00:03.568000,10568,10568,10568,5
2019-03-21,15:00:03.694000,10568,10568,10568,2
2019-03-21,15:00:03.809000,10568,10568,10568,2
2019-03-21,15:00:04.067000,10568,10568,10568,2
2019-03-21,15:00:04.164000,10569,10569,10569,1
2019-03-21,15:00:04.164000,10569,10569,10569,3
2019-03-21,15:00:04.250000,10570,10570,10570,1
2019-03-21,15:00:04.580000,10569,10569,10569,8
2019-03-21,15:00:04.608000,10568,10568,10568,2
2019-03-21,15:00:04.723000,10568,10568,10568,1
2019-03-21,15:00:04.922000,10570,10570,10570,1
2019-03-21,15:00:04.972000,10568,10568,10568,2
2019-03-21,15:00:04.994000,10570,10570,10570,1
2019-03-21,15:00:05.156000,10569,10569,10569,2
2019-03-21,15:00:05.281000,10569,10569,10569,2
2019-03-21,15:00:05.298000,10568,10568,10568,2
2019-03-21,15:00:05.588000,10569,10569,10569,2
2019-03-21,15:00:05.799000,10569,10569,10569,2
2019-03-21,15:00:06.122000,10568,10568,10568,2
2019-03-21,15:00:06.137000,10570,10570,10570,2
2019-03-21,15:00:06.175000,10568,10568,10568,1
2019-03-21,15:00:07.266000,10569,10569,10569,1
2019-03-21,15:00:07.266000,10568,10568,10568,1
2019-03-21,15:00:07.836000,10570,10570,10570,1
2019-03-21,15:00:09.083000,10570,10570,10570,1
2019-03-21,15:00:09.402000,10569,10569,10569,1
2019-03-21,15:00:09.640000,10570,10570,10570,2
2019-03-21,15:00:09.853000,10570,10570,10570,2
2019-03-21,15:00:10.265000,10569,10569,10569,9
2019-03-21,15:00:10.569000,10569,10569,10569,1
2019-03-21,15:00:10.722000,10570,10570,10570,1
2019-03-21,15:00:10.916000,10570,10570,10570,1
2019-03-21,15:00:10.958000,10569,10569,10569,1
2019-03-21,15:00:11.137000,10569,10569,10569,1
2019-03-21,15:00:11.879000,10570,10570,10570,1
2019-03-21,15:00:12.224000,10569,10569,10569,1
2019-03-21,15:00:12.276000,10569,10569,10569,1
2019-03-21,15:00:12.277000,10569,10569,10569,1
2019-03-21,15:00:12.281000,10569,10569,10569,1
2019-03-21,15:00:12.406000,10569,10569,10569,3
2019-03-21,15:00:12.674000,10569,10569,10569,2
2019-03-21,15:00:13.451000,10569,10569,10569,1
2019-03-21,15:00:13.621000,10569,10569,10569,1
2019-03-21,15:00:13.728000,10570,10570,10570,5
2019-03-21,15:00:13.773000,10569,10569,10569,1
2019-03-21,15:00:14.399000,10569,10569,10569,1
2019-03-21,15:00:14.916000,10570,10570,10570,2
2019-03-21,15:00:15.104000,10569,10569,10569,2
2019-03-21,15:00:15.865000,10570,10570,10570,7
2019-03-21,15:00:17.228000,10569,10569,10569,1
2019-03-21,15:00:17.877000,10570,10570,10570,5
2019-03-21,15:00:17.906000,10570,10570,10570,3
2019-03-21,15:00:19.020000,10570,10570,10570,1
2019-03-21,15:00:19.502000,10570,10570,10570,2
2019-03-21,15:00:19.557000,10570,10570,10570,1
2019-03-21,15:00:20.057000,10570,10570,10570,2
2019-03-21,15:00:20.200000,10570,10570,10570,8
2019-03-21,15:00:20.269000,10569,10569,10569,1
2019-03-21,15:00:20.704000,10570,10570,10570,2
2019-03-21,15:00:21.199000,10570,10570,10570,1
2019-03-21,15:00:21.680000,10570,10570,10570,1
2019-03-21,15:00:22.225000,10570,10570,10570,10
2019-03-21,15:00:22.225000,10569,10569,10569,10
2019-03-21,15:00:22.715000,10571,10571,10571,1
2019-03-21,15:00:22.998000,10570,10570,10570,1
2019-03-21,15:00:23.032000,10571,10571,10571,1
2019-03-21,15:00:23.210000,10571,10571,10571,2
2019-03-21,15:00:24.004000,10571,10571,10571,1
2019-03-21,15:00:24.480000,10570,10570,10570,1
2019-03-21,15:00:24.562000,10570,10570,10570,2
2019-03-21,15:00:26.507000,10570,10570,10570,1
2019-03-21,15:00:27.232000,10571,10571,10571,1
2019-03-21,15:00:27.778000,10570,10570,10570,1
2019-03-21,15:00:27.874000,10570,10570,10570,1
2019-03-21,15:00:28.801000,10571,10571,10571,1
2019-03-21,15:00:29.556000,10571,10571,10571,2
2019-03-21,15:00:29.610000,10570,10570,10570,1
2019-03-21,15:00:29.656000,10570,10570,10570,2
2019-03-21,15:00:29.714000,10569,10569,10569,1
2019-03-21,15:00:29.739000,10569,10569,10569,1
2019-03-21,15:00:30.251000,10570,10570,10570,1
2019-03-21,15:00:32.471000,10569,10569,10569,2
2019-03-21,15:00:33.896000,10569,10569,10569,2
2019-03-21,15:00:33.905000,10570,10570,10570,2
2019-03-21,15:00:33.936000,10570,10570,10570,3
2019-03-21,15:00:34.030000,10570,10570,10570,1
2019-03-21,15:00:34.322000,10571,10571,10571,3
2019-03-21,15:00:34.880000,10570,10570,10570,1
2019-03-21,15:00:35.039000,10570,10570,10570,1
2019-03-21,15:00:35.532000,10570,10570,10570,1
2019-03-21,15:00:36.743000,10571,10571,10571,2
2019-03-21,15:00:36.867000,10571,10571,10571,1
2019-03-21,15:00:36.913000,10570,10570,10570,1
2019-03-21,15:00:37.373000,10570,10570,10570,1
2019-03-21,15:00:39.002000,10571,10571,10571,21
2019-03-21,15:00:39.281000,10572,10572,10572,9
2019-03-21,15:00:39.493000,10571,10571,10571,1
2019-03-21,15:00:42.100000,10571,10571,10571,1
2019-03-21,15:00:42.277000,10571,10571,10571,1
2019-03-21,15:00:42.536000,10571,10571,10571,1
2019-03-21,15:00:42.612000,10572,10572,10572,4
2019-03-21,15:00:42.612000,10572,10572,10572,1
2019-03-21,15:00:42.766000,10572,10572,10572,1
2019-03-21,15:00:43.128000,10572,10572,10572,1
2019-03-21,15:00:43.625000,10572,10572,10572,2
2019-03-21,15:00:43.907000,10572,10572,10572,1
2019-03-21,15:00:44.108000,10571,10571,10571,4
2019-03-21,15:00:47.738000,10571,10571,10571,1
2019-03-21,15:00:48.283000,10572,10572,10572,5
2019-03-21,15:00:48.519000,10571,10571,10571,2
2019-03-21,15:00:49.033000,10572,10572,10572,4
2019-03-21,15:00:49.033000,10573,10573,10573,1
2019-03-21,15:00:49.900000,10572,10572,10572,2
2019-03-21,15:00:49.981000,10572,10572,10572,1
2019-03-21,15:00:50.047000,10572,10572,10572,1
2019-03-21,15:00:53.320000,10572,10572,10572,1
2019-03-21,15:00:53.525000,10572,10572,10572,1
2019-03-21,15:00:53.585000,10572,10572,10572,1
2019-03-21,15:00:53.807000,10572,10572,10572,1
2019-03-21,15:00:54.062000,10571,10571,10571,1
2019-03-21,15:00:54.973000,10571,10571,10571,1
2019-03-21,15:00:56.798000,10571,10571,10571,1
2019-03-21,15:00:56.811000,10572,10572,10572,3
2019-03-21,15:00:56.914000,10572,10572,10572,1
2019-03-21,15:00:56.948000,10573,10573,10573,1
2019-03-21,15:00:57.046000,10572,10572,10572,1
2019-03-21,15:00:57.316000,10572,10572,10572,1
2019-03-21,15:00:57.411000,10572,10572,10572,2
2019-03-21,15:00:57.428000,10572,10572,10572,1
2019-03-21,15:00:57.760000,10573,10573,10573,1
2019-03-21,15:00:57.765000,10572,10572,10572,1
2019-03-21,15:00:58.329000,10572,10572,10572,1
2019-03-21,15:00:58.329000,10571,10571,10571,1
2019-03-21,15:00:58.398000,10573,10573,10573,1
2019-03-21,15:00:58.510000,10573,10573,10573,2
2019-03-21,15:00:59.102000,10572,10572,10572,1
2019-03-21,15:00:59.124000,10572,10572,10572,1
2019-03-21,15:00:59.915000,10572,10572,10572,2
2019-03-21,15:01:00.015000,10572,10572,10572,1
2019-03-21,15:01:00.031000,10572,10572,10572,4
2019-03-21,15:01:00.031000,10572,10572,10572,1
2019-03-21,15:01:00.131000,10571,10571,10571,1
2019-03-21,15:01:00.684000,10571,10571,10571,1
2019-03-21,15:01:00.802000,10571,10571,10571,1
2019-03-21,15:01:01.027000,10573,10573,10573,1
2019-03-21,15:01:01.238000,10573,10573,10573,1
2019-03-21,15:01:01.264000,10573,10573,10573,1
2019-03-21,15:01:01.351000,10572,10572,10572,3
2019-03-21,15:01:01.596000,10572,10572,10572,1
2019-03-21,15:01:01.750000,10572,10572,10572,1
2019-03-21,15:01:01.947000,10572,10572,10572,1
2019-03-21,15:01:03.050000,10572,10572,10572,1
2019-03-21,15:01:03.051000,10572,10572,10572,1
2019-03-21,15:01:03.088000,10572,10572,10572,2
2019-03-21,15:01:03.108000,10572,10572,10572,1
2019-03-21,15:01:03.412000,10572,10572,10572,2
2019-03-21,15:01:03.425000,10572,10572,10572,1
2019-03-21,15:01:03.494000,10572,10572,10572,1
2019-03-21,15:01:03.545000,10572,10572,10572,1
2019-03-21,15:01:03.630000,10572,10572,10572,2
2019-03-21,15:01:04.184000,10572,10572,10572,1
2019-03-21,15:01:06.426000,10573,10573,10573,2
2019-03-21,15:01:11.053000,10572,10572,10572,3
2019-03-21,15:01:12.218000,10572,10572,10572,2
2019-03-21,15:01:12.655000,10572,10572,10572,1
2019-03-21,15:01:12.709000,10573,10573,10573,11
2019-03-21,15:01:12.761000,10574,10574,10574,2
2019-03-21,15:01:13.009000,10573,10573,10573,2
2019-03-21,15:01:13.503000,10574,10574,10574,2
2019-03-21,15:01:13.900000,10573,10573,10573,1
2019-03-21,15:01:14.660000,10574,10574,10574,2
2019-03-21,15:01:14.800000,10574,10574,10574,8
2019-03-21,15:01:14.800000,10574,10574,10574,5
2019-03-21,15:01:16.219000,10575,10575,10575,1
2019-03-21,15:01:16.423000,10574,10574,10574,1
2019-03-21,15:01:16.423000,10573,10573,10573,1
2019-03-21,15:01:16.740000,10574,10574,10574,1
2019-03-21,15:01:17.773000,10574,10574,10574,2
2019-03-21,15:01:18.217000,10575,10575,10575,1
2019-03-21,15:01:18.730000,10575,10575,10575,5
2019-03-21,15:01:18.836000,10574,10574,10574,2
2019-03-21,15:01:18.879000,10574,10574,10574,1
2019-03-21,15:01:18.892000,10574,10574,10574,2
2019-03-21,15:01:18.993000,10575,10575,10575,1
2019-03-21,15:01:19.219000,10573,10573,10573,1
2019-03-21,15:01:19.307000,10573,10573,10573,2
2019-03-21,15:01:19.383000,10574,10574,10574,1
2019-03-21,15:01:19.666000,10574,10574,10574,1
2019-03-21,15:01:19.993000,10574,10574,10574,1
2019-03-21,15:01:20.341000,10574,10574,10574,2
2019-03-21,15:01:20.470000,10574,10574,10574,2
2019-03-21,15:01:21.192000,10574,10574,10574,3
2019-03-21,15:01:22.890000,10574,10574,10574,1
2019-03-21,15:01:24.021000,10574,10574,10574,1
2019-03-21,15:01:24.101000,10574,10574,10574,1
2019-03-21,15:01:24.290000,10574,10574,10574,1
2019-03-21,15:01:24.574000,10575,10575,10575,2
2019-03-21,15:01:25.607000,10574,10574,10574,1
2019-03-21,15:01:25.635000,10574,10574,10574,1
2019-03-21,15:01:27.875000,10575,10575,10575,2
2019-03-21,15:01:28.702000,10575,10575,10575,1
2019-03-21,15:01:30.290000,10575,10575,10575,1
2019-03-21,15:01:31.037000,10574,10574,10574,2
2019-03-21,15:01:32.913000,10575,10575,10575,1
2019-03-21,15:01:33.611000,10575,10575,10575,1
2019-03-21,15:01:33.857000,10575,10575,10575,2
2019-03-21,15:01:34.947000,10575,10575,10575,5
2019-03-21,15:01:35.556000,10575,10575,10575,1
2019-03-21,15:01:37.156000,10575,10575,10575,1
2019-03-21,15:01:37.917000,10575,10575,10575,20
2019-03-21,15:01:39.648000,10575,10575,10575,1
2019-03-21,15:01:39.834000,10575,10575,10575,1
2019-03-21,15:01:40.532000,10575,10575,10575,1
2019-03-21,15:01:41.461000,10575,10575,10575,1
2019-03-21,15:01:41.461000,10576,10576,10576,1
2019-03-21,15:01:41.624000,10575,10575,10575,1
2019-03-21,15:01:41.976000,10575,10575,10575,1
2019-03-21,15:01:45.025000,10575,10575,10575,1
2019-03-21,15:01:46.607000,10575,10575,10575,1
2019-03-21,15:01:47.575000,10576,10576,10576,2
2019-03-21,15:01:47.705000,10575,10575,10575,5
2019-03-21,15:01:51.648000,10575,10575,10575,1
2019-03-21,15:01:52.325000,10575,10575,10575,1
2019-03-21,15:01:53.636000,10576,10576,10576,2
2019-03-21,15:01:53.906000,10575,10575,10575,10
2019-03-21,15:01:54.124000,10576,10576,10576,1
2019-03-21,15:01:54.514000,10576,10576,10576,11
2019-03-21,15:01:54.857000,10575,10575,10575,3
2019-03-21,15:01:56.558000,10575,10575,10575,1
2019-03-21,15:01:57.682000,10575,10575,10575,2
2019-03-21,15:01:59.449000,10575,10575,10575,1
2019-03-21,15:02:00.068000,10575,10575,10575,1
2019-03-21,15:02:00.069000,10575,10575,10575,1
2019-03-21,15:02:00.082000,10575,10575,10575,1
2019-03-21,15:02:00.085000,10575,10575,10575,1
2019-03-21,15:02:00.156000,10575,10575,10575,2
2019-03-21,15:02:00.156000,10575,10575,10575,12
2019-03-21,15:02:02.153000,10574,10574,10574,10
2019-03-21,15:02:02.163000,10575,10575,10575,1
2019-03-21,15:02:02.240000,10575,10575,10575,1
2019-03-21,15:02:02.339000,10574,10574,10574,7
2019-03-21,15:02:02.479000,10575,10575,10575,2
2019-03-21,15:02:03.743000,10574,10574,10574,1
2019-03-21,15:02:04.078000,10575,10575,10575,1
2019-03-21,15:02:06.687000,10575,10575,10575,4
2019-03-21,15:02:06.928000,10575,10575,10575,3
2019-03-21,15:02:07.094000,10575,10575,10575,3
2019-03-21,15:02:07.444000,10575,10575,10575,1
2019-03-21,15:02:07.599000,10574,10574,10574,1
2019-03-21,15:02:08.957000,10575,10575,10575,1
2019-03-21,15:02:09.197000,10575,10575,10575,1
2019-03-21,15:02:09.197000,10576,10576,10576,2
2019-03-21,15:02:09.724000,10575,10575,10575,1
2019-03-21,15:02:09.904000,10575,10575,10575,1
2019-03-21,15:02:10.780000,10575,10575,10575,1
2019-03-21,15:02:10.919000,10575,10575,10575,1
2019-03-21,15:02:11.636000,10575,10575,10575,1
2019-03-21,15:02:14.391000,10575,10575,10575,2
2019-03-21,15:02:14.479000,10575,10575,10575,2
2019-03-21,15:02:14.697000,10575,10575,10575,1
2019-03-21,15:02:14.908000,10575,10575,10575,1
2019-03-21,15:02:15.230000,10576,10576,10576,2
2019-03-21,15:02:23.091000,10576,10576,10576,2
2019-03-21,15:02:25.421000,10576,10576,10576,1
2019-03-21,15:02:27.010000,10576,10576,10576,1
2019-03-21,15:02:28.049000,10576,10576,10576,1
2019-03-21,15:02:29.994000,10576,10576,10576,2
2019-03-21,15:02:30.649000,10575,10575,10575,7
2019-03-21,15:02:36.536000,10575,10575,10575,1
2019-03-21,15:02:37.347000,10576,10576,10576,2
2019-03-21,15:02:38.183000,10575,10575,10575,1
2019-03-21,15:02:43.712000,10575,10575,10575,1
2019-03-21,15:02:43.772000,10576,10576,10576,2
2019-03-21,15:02:46.755000,10575,10575,10575,1
2019-03-21,15:02:49.078000,10576,10576,10576,1
2019-03-21,15:02:49.902000,10576,10576,10576,2
2019-03-21,15:02:50.234000,10575,10575,10575,1
2019-03-21,15:02:52.532000,10575,10575,10575,3
2019-03-21,15:02:56.187000,10576,10576,10576,2
2019-03-21,15:02:56.778000,10575,10575,10575,3
2019-03-21,15:02:58.108000,10575,10575,10575,1
2019-03-21,15:03:00.981000,10575,10575,10575,1
2019-03-21,15:03:02.260000,10575,10575,10575,10
2019-03-21,15:03:02.446000,10575,10575,10575,10
2019-03-21,15:03:02.531000,10575,10575,10575,2
2019-03-21,15:03:02.531000,10575,10575,10575,6
2019-03-21,15:03:02.573000,10576,10576,10576,7
2019-03-21,15:03:02.638000,10575,10575,10575,1
2019-03-21,15:03:03.196000,10575,10575,10575,1
2019-03-21,15:03:03.657000,10575,10575,10575,1
2019-03-21,15:03:03.794000,10575,10575,10575,1
2019-03-21,15:03:03.942000,10576,10576,10576,2
2019-03-21,15:03:04.003000,10575,10575,10575,1
2019-03-21,15:03:04.898000,10575,10575,10575,1
2019-03-21,15:03:05.156000,10575,10575,10575,1
2019-03-21,15:03:05.296000,10575,10575,10575,1
2019-03-21,15:03:05.644000,10575,10575,10575,1
2019-03-21,15:03:06.982000,10576,10576,10576,2
2019-03-21,15:03:09.937000,10576,10576,10576,2
2019-03-21,15:03:12.570000,10575,10575,10575,1
2019-03-21,15:03:15.976000,10575,10575,10575,2
2019-03-21,15:03:16.096000,10575,10575,10575,1
2019-03-21,15:03:17.210000,10575,10575,10575,1
2019-03-21,15:03:19.068000,10575,10575,10575,1
2019-03-21,15:03:20.749000,10575,10575,10575,1
2019-03-21,15:03:21.908000,10576,10576,10576,2
2019-03-21,15:03:22.007000,10576,10576,10576,2
2019-03-21,15:03:23.338000,10575,10575,10575,1
2019-03-21,15:03:24.740000,10575,10575,10575,1
2019-03-21,15:03:28.395000,10575,10575,10575,2
2019-03-21,15:03:32.486000,10575,10575,10575,1
2019-03-21,15:03:37.345000,10576,10576,10576,2
2019-03-21,15:03:37.685000,10575,10575,10575,1
2019-03-21,15:03:39.351000,10574,10574,10574,1
2019-03-21,15:03:41.377000,10575,10575,10575,1
2019-03-21,15:03:43.759000,10575,10575,10575,2
2019-03-21,15:03:50.246000,10576,10576,10576,2
2019-03-21,15:03:51.795000,10576,10576,10576,1
2019-03-21,15:03:52.427000,10576,10576,10576,1
2019-03-21,15:03:53.461000,10575,10575,10575,1
2019-03-21,15:03:53.535000,10575,10575,10575,10
2019-03-21,15:03:54.770000,10575,10575,10575,1
2019-03-21,15:03:55.738000,10575,10575,10575,1
2019-03-21,15:03:55.860000,10575,10575,10575,3
2019-03-21,15:04:02.394000,10574,10574,10574,10
2019-03-21,15:04:03.229000,10575,10575,10575,1
2019-03-21,15:04:05.155000,10575,10575,10575,1
2019-03-21,15:04:07.369000,10575,10575,10575,3
2019-03-21,15:04:09.296000,10575,10575,10575,1
2019-03-21,15:04:12.378000,10575,10575,10575,4
2019-03-21,15:04:12.475000,10575,10575,10575,1
2019-03-21,15:04:19.941000,10575,10575,10575,2
2019-03-21,15:04:20.387000,10575,10575,10575,1
2019-03-21,15:04:21.367000,10575,10575,10575,1
2019-03-21,15:04:24.003000,10575,10575,10575,2
2019-03-21,15:04:26.220000,10575,10575,10575,1
2019-03-21,15:04:28.118000,10575,10575,10575,2
2019-03-21,15:04:31.464000,10575,10575,10575,1
2019-03-21,15:04:34.109000,10575,10575,10575,2
2019-03-21,15:04:42.293000,10574,10574,10574,4
2019-03-21,15:04:42.305000,10574,10574,10574,4
2019-03-21,15:04:42.371000,10574,10574,10574,5
2019-03-21,15:04:42.625000,10575,10575,10575,1
2019-03-21,15:04:42.921000,10575,10575,10575,1
2019-03-21,15:04:43.233000,10575,10575,10575,1
2019-03-21,15:04:43.334000,10575,10575,10575,1
2019-03-21,15:04:43.549000,10575,10575,10575,1
2019-03-21,15:04:43.652000,10575,10575,10575,1
2019-03-21,15:04:43.866000,10575,10575,10575,1
2019-03-21,15:04:43.936000,10574,10574,10574,5
2019-03-21,15:04:43.984000,10575,10575,10575,1
2019-03-21,15:04:44.502000,10574,10574,10574,2
2019-03-21,15:04:45.339000,10574,10574,10574,1
2019-03-21,15:04:45.660000,10574,10574,10574,6
2019-03-21,15:04:45.781000,10574,10574,10574,4
2019-03-21,15:04:46.496000,10574,10574,10574,2
2019-03-21,15:04:46.496000,10575,10575,10575,18
2019-03-21,15:04:46.659000,10574,10574,10574,5
2019-03-21,15:04:46.785000,10574,10574,10574,1
2019-03-21,15:04:48.303000,10574,10574,10574,1
2019-03-21,15:04:49.259000,10574,10574,10574,1
2019-03-21,15:04:50.139000,10575,10575,10575,1
2019-03-21,15:04:51.856000,10573,10573,10573,11
2019-03-21,15:04:51.857000,10573,10573,10573,1
2019-03-21,15:04:51.890000,10573,10573,10573,1
2019-03-21,15:04:52.031000,10573,10573,10573,7
2019-03-21,15:04:52.031000,10573,10573,10573,4
2019-03-21,15:04:52.157000,10573,10573,10573,2
2019-03-21,15:04:52.158000,10573,10573,10573,2
2019-03-21,15:04:52.252000,10574,10574,10574,1
2019-03-21,15:04:52.531000,10573,10573,10573,1
2019-03-21,15:04:55.156000,10573,10573,10573,1
2019-03-21,15:04:55.166000,10572,10572,10572,1
2019-03-21,15:04:55.655000,10573,10573,10573,1
2019-03-21,15:04:55.746000,10573,10573,10573,1
2019-03-21,15:04:55.781000,10573,10573,10573,3
2019-03-21,15:04:58.031000,10573,10573,10573,8
2019-03-21,15:04:58.540000,10573,10573,10573,1
2019-03-21,15:04:58.785000,10573,10573,10573,2
2019-03-21,15:05:03.694000,10573,10573,10573,1
2019-03-21,15:05:05.062000,10573,10573,10573,3
2019-03-21,15:05:06.781000,10573,10573,10573,1
2019-03-21,15:05:07.323000,10573,10573,10573,1
2019-03-21,15:05:08.379000,10573,10573,10573,3
2019-03-21,15:05:08.406000,10573,10573,10573,4
2019-03-21,15:05:08.448000,10573,10573,10573,2
2019-03-21,15:05:08.470000,10573,10573,10573,1
2019-03-21,15:05:13.297000,10573,10573,10573,1
2019-03-21,15:05:13.745000,10573,10573,10573,1
2019-03-21,15:05:14.440000,10574,10574,10574,1
2019-03-21,15:05:14.753000,10574,10574,10574,1
2019-03-21,15:05:15.071000,10574,10574,10574,1
2019-03-21,15:05:15.392000,10574,10574,10574,1
2019-03-21,15:05:16.606000,10573,10573,10573,1
2019-03-21,15:05:18.295000,10574,10574,10574,1
2019-03-21,15:05:19.192000,10575,10575,10575,1
2019-03-21,15:05:20.519000,10575,10575,10575,1
2019-03-21,15:05:23.402000,10574,10574,10574,5
2019-03-21,15:05:24.156000,10574,10574,10574,1
2019-03-21,15:05:24.840000,10574,10574,10574,1
2019-03-21,15:05:26.482000,10574,10574,10574,1
2019-03-21,15:05:36.275000,10574,10574,10574,4
2019-03-21,15:05:37.161000,10574,10574,10574,1
2019-03-21,15:05:48.510000,10574,10574,10574,7
2019-03-21,15:05:51.792000,10574,10574,10574,5
2019-03-21,15:05:55.020000,10574,10574,10574,2
2019-03-21,15:05:56.334000,10574,10574,10574,1
2019-03-21,15:05:57.176000,10573,10573,10573,1
2019-03-21,15:05:57.176000,10573,10573,10573,1
2019-03-21,15:05:57.176000,10573,10573,10573,1
2019-03-21,15:05:57.281000,10573,10573,10573,22
2019-03-21,15:05:57.368000,10573,10573,10573,1
2019-03-21,15:05:57.455000,10572,10572,10572,4
2019-03-21,15:06:02.579000,10572,10572,10572,10
2019-03-21,15:06:02.765000,10572,10572,10572,2
2019-03-21,15:06:04.800000,10572,10572,10572,1
2019-03-21,15:06:07.359000,10573,10573,10573,1
2019-03-21,15:06:11.796000,10573,10573,10573,2
2019-03-21,15:06:13.080000,10573,10573,10573,3
2019-03-21,15:06:15.786000,10572,10572,10572,1
2019-03-21,15:06:16.130000,10573,10573,10573,1
2019-03-21,15:06:18.710000,10572,10572,10572,1
2019-03-21,15:06:21.781000,10573,10573,10573,16
2019-03-21,15:06:22.812000,10573,10573,10573,10
2019-03-21,15:06:27.464000,10573,10573,10573,1
2019-03-21,15:06:35.771000,10573,10573,10573,5
2019-03-21,15:06:42.972000,10573,10573,10573,2
2019-03-21,15:06:46.439000,10574,10574,10574,2
2019-03-21,15:06:46.730000,10573,10573,10573,2
2019-03-21,15:06:47.306000,10573,10573,10573,1
2019-03-21,15:06:50.936000,10573,10573,10573,1
2019-03-21,15:06:52.187000,10573,10573,10573,3
2019-03-21,15:06:52.872000,10573,10573,10573,1
2019-03-21,15:06:54.834000,10573,10573,10573,1
2019-03-21,15:06:55.460000,10573,10573,10573,1
2019-03-21,15:06:56.674000,10573,10573,10573,1
2019-03-21,15:06:57.059000,10573,10573,10573,1
2019-03-21,15:06:57.466000,10573,10573,10573,1
2019-03-21,15:06:59.889000,10573,10573,10573,1
2019-03-21,15:06:59.897000,10573,10573,10573,1
2019-03-21,15:07:00.969000,10573,10573,10573,1
2019-03-21,15:07:03.639000,10573,10573,10573,1
2019-03-21,15:07:07.472000,10573,10573,10573,2
2019-03-21,15:07:07.709000,10573,10573,10573,1
2019-03-21,15:07:11.194000,10573,10573,10573,1
2019-03-21,15:07:12.205000,10573,10573,10573,1
2019-03-21,15:07:15.052000,10573,10573,10573,1
2019-03-21,15:07:19.979000,10573,10573,10573,2
2019-03-21,15:07:22.282000,10573,10573,10573,1
2019-03-21,15:07:28.333000,10573,10573,10573,1
2019-03-21,15:07:31.838000,10574,10574,10574,1
2019-03-21,15:07:35.039000,10573,10573,10573,1
2019-03-21,15:07:44.155000,10574,10574,10574,3
2019-03-21,15:07:47.974000,10574,10574,10574,1
2019-03-21,15:07:55.697000,10574,10574,10574,1
2019-03-21,15:08:01.683000,10574,10574,10574,1
2019-03-21,15:08:05.358000,10574,10574,10574,3
2019-03-21,15:08:06.179000,10574,10574,10574,5
2019-03-21,15:08:10.187000,10574,10574,10574,1
2019-03-21,15:08:12.341000,10574,10574,10574,1
2019-03-21,15:08:12.568000,10575,10575,10575,5
2019-03-21,15:08:25.004000,10575,10575,10575,1
2019-03-21,15:08:28.566000,10574,10574,10574,1
2019-03-21,15:08:39.053000,10575,10575,10575,2
2019-03-21,15:08:48.363000,10574,10574,10574,5
2019-03-21,15:08:50.989000,10574,10574,10574,1
2019-03-21,15:09:00.118000,10574,10574,10574,1
2019-03-21,15:09:02.889000,10574,10574,10574,1
2019-03-21,15:09:02.899000,10574,10574,10574,3
2019-03-21,15:09:24.436000,10574,10574,10574,2
2019-03-21,15:09:25.782000,10574,10574,10574,2
2019-03-21,15:09:26.532000,10574,10574,10574,2
2019-03-21,15:09:27.560000,10574,10574,10574,2
2019-03-21,15:09:27.989000,10574,10574,10574,2
2019-03-21,15:09:29.039000,10574,10574,10574,2
2019-03-21,15:09:30.139000,10574,10574,10574,4
2019-03-21,15:09:31.285000,10574,10574,10574,5
2019-03-21,15:09:33.857000,10574,10574,10574,1
2019-03-21,15:09:34.538000,10574,10574,10574,1
2019-03-21,15:09:37.808000,10574,10574,10574,1
2019-03-21,15:09:38.428000,10574,10574,10574,2
2019-03-21,15:09:39.719000,10575,10575,10575,1
2019-03-21,15:09:41.928000,10574,10574,10574,2
2019-03-21,15:09:46.867000,10575,10575,10575,1
2019-03-21,15:09:47.782000,10574,10574,10574,2
2019-03-21,15:09:47.783000,10574,10574,10574,1
2019-03-21,15:09:48.147000,10574,10574,10574,12
2019-03-21,15:10:01.631000,10573,10573,10573,1
2019-03-21,15:10:09.474000,10573,10573,10573,3
2019-03-21,15:10:14.514000,10573,10573,10573,1
2019-03-21,15:10:17.043000,10573,10573,10573,1
2019-03-21,15:10:34.115000,10573,10573,10573,1
2019-03-21,15:10:34.420000,10574,10574,10574,1
2019-03-21,15:10:45.914000,10574,10574,10574,1
2019-03-21,15:10:48.522000,10574,10574,10574,2
2019-03-21,15:11:01.819000,10573,10573,10573,1
2019-03-21,15:11:03.112000,10573,10573,10573,5
2019-03-21,15:11:03.870000,10573,10573,10573,1
2019-03-21,15:11:04.238000,10573,10573,10573,1
2019-03-21,15:11:19.599000,10574,10574,10574,1
2019-03-21,15:11:23.095000,10574,10574,10574,1
2019-03-21,15:11:25.683000,10574,10574,10574,27
2019-03-21,15:11:25.781000,10574,10574,10574,2
2019-03-21,15:11:25.781000,10574,10574,10574,8
2019-03-21,15:11:38.607000,10575,10575,10575,1
2019-03-21,15:11:41.781000,10575,10575,10575,6
2019-03-21,15:11:42.584000,10575,10575,10575,4
2019-03-21,15:12:10.338000,10575,10575,10575,2
2019-03-21,15:12:25.307000,10575,10575,10575,1
2019-03-21,15:12:26.315000,10575,10575,10575,1
2019-03-21,15:12:52.468000,10576,10576,10576,1
2019-03-21,15:12:52.705000,10575,10575,10575,1
2019-03-21,15:12:52.881000,10576,10576,10576,5
2019-03-21,15:12:55.573000,10576,10576,10576,1
2019-03-21,15:12:55.872000,10576,10576,10576,2
2019-03-21,15:12:57.163000,10576,10576,10576,2
2019-03-21,15:12:59.302000,10576,10576,10576,1
2019-03-21,15:13:05.200000,10576,10576,10576,4
2019-03-21,15:13:06.610000,10576,10576,10576,1
2019-03-21,15:13:11.932000,10576,10576,10576,1
2019-03-21,15:13:11.959000,10576,10576,10576,5
2019-03-21,15:13:12.031000,10576,10576,10576,5
2019-03-21,15:13:13.123000,10576,10576,10576,1
2019-03-21,15:13:13.138000,10576,10576,10576,1
2019-03-21,15:13:13.172000,10575,10575,10575,2
2019-03-21,15:13:23.160000,10575,10575,10575,1
2019-03-21,15:13:28.630000,10575,10575,10575,4
2019-03-21,15:13:28.656000,10575,10575,10575,10
2019-03-21,15:13:29.997000,10575,10575,10575,1
2019-03-21,15:13:33.299000,10574,10574,10574,9
2019-03-21,15:13:36.561000,10574,10574,10574,1
2019-03-21,15:13:37.227000,10574,10574,10574,1
2019-03-21,15:13:37.297000,10574,10574,10574,1
2019-03-21,15:13:40.436000,10574,10574,10574,1
2019-03-21,15:13:40.821000,10574,10574,10574,3
2019-03-21,15:13:46.397000,10574,10574,10574,1
2019-03-21,15:13:46.966000,10573,10573,10573,1
2019-03-21,15:13:53.171000,10573,10573,10573,1
2019-03-21,15:13:55.625000,10573,10573,10573,1
2019-03-21,15:14:02.433000,10573,10573,10573,10
2019-03-21,15:14:02.620000,10573,10573,10573,6
2019-03-21,15:14:05.123000,10573,10573,10573,1
2019-03-21,15:14:06.921000,10573,10573,10573,1
2019-03-21,15:14:17.815000,10573,10573,10573,1
2019-03-21,15:14:18.531000,10574,10574,10574,7
2019-03-21,15:14:18.656000,10574,10574,10574,7
2019-03-21,15:14:31.598000,10574,10574,10574,1
2019-03-21,15:14:32.955000,10574,10574,10574,1
2019-03-21,15:14:33.470000,10574,10574,10574,1
2019-03-21,15:14:41.333000,10574,10574,10574,1
2019-03-21,15:14:42.007000,10574,10574,10574,1
2019-03-21,15:14:48.307000,10574,10574,10574,5
2019-03-21,15:14:48.406000,10574,10574,10574,1
2019-03-21,15:14:48.471000,10575,10575,10575,1
2019-03-21,15:14:53.421000,10574,10574,10574,2
2019-03-21,15:14:55.131000,10574,10574,10574,1
2019-03-21,15:14:55.409000,10574,10574,10574,1
2019-03-21,15:14:55.627000,10574,10574,10574,1
2019-03-21,15:15:00.344000,10574,10574,10574,1
2019-03-21,15:15:00.643000,10575,10575,10575,1
2019-03-21,15:15:08.012000,10574,10574,10574,1
2019-03-21,15:15:08.095000,10574,10574,10574,1
2019-03-21,15:15:15.167000,10574,10574,10574,1
2019-03-21,15:15:16.859000,10574,10574,10574,1
2019-03-21,15:15:20.244000,10574,10574,10574,1
2019-03-21,15:15:35.781000,10575,10575,10575,7
2019-03-21,15:15:35.906000,10575,10575,10575,1
2019-03-21,15:15:42.127000,10575,10575,10575,4
2019-03-21,15:15:43.915000,10575,10575,10575,1
2019-03-21,15:15:47.339000,10576,10576,10576,1
2019-03-21,15:15:47.427000,10576,10576,10576,1
2019-03-21,15:15:47.437000,10576,10576,10576,1
2019-03-21,15:15:50.330000,10576,10576,10576,1
2019-03-21,15:15:54.988000,10576,10576,10576,1
2019-03-21,15:15:57.810000,10576,10576,10576,1
2019-03-21,15:16:06.333000,10576,10576,10576,2
2019-03-21,15:16:06.797000,10576,10576,10576,1
2019-03-21,15:16:08.322000,10576,10576,10576,2
2019-03-21,15:16:13.172000,10575,10575,10575,5
2019-03-21,15:16:20.053000,10576,10576,10576,7
2019-03-21,15:16:32.586000,10576,10576,10576,1
2019-03-21,15:16:35.477000,10575,10575,10575,1
2019-03-21,15:16:40.536000,10575,10575,10575,1
2019-03-21,15:16:40.736000,10575,10575,10575,1
2019-03-21,15:16:40.960000,10575,10575,10575,1
2019-03-21,15:16:41.400000,10575,10575,10575,1
2019-03-21,15:16:43.947000,10575,10575,10575,1
2019-03-21,15:16:44.431000,10575,10575,10575,1
2019-03-21,15:16:44.432000,10575,10575,10575,1
2019-03-21,15:16:44.441000,10575,10575,10575,1
2019-03-21,15:16:44.650000,10575,10575,10575,1
2019-03-21,15:16:49.653000,10575,10575,10575,1
2019-03-21,15:16:53.310000,10575,10575,10575,1
2019-03-21,15:16:57.596000,10575,10575,10575,1
2019-03-21,15:17:02.545000,10575,10575,10575,1
2019-03-21,15:17:06.321000,10575,10575,10575,1
2019-03-21,15:17:07.665000,10575,10575,10575,1
2019-03-21,15:17:15.630000,10575,10575,10575,1
2019-03-21,15:17:18.900000,10575,10575,10575,1
2019-03-21,15:17:21.003000,10575,10575,10575,1
2019-03-21,15:17:33.734000,10575,10575,10575,1
2019-03-21,15:17:34.731000,10575,10575,10575,3
2019-03-21,15:17:35.389000,10575,10575,10575,1
2019-03-21,15:17:35.804000,10575,10575,10575,1
2019-03-21,15:17:37.128000,10575,10575,10575,1
2019-03-21,15:17:49.233000,10575,10575,10575,1
2019-03-21,15:17:57.207000,10575,10575,10575,2
2019-03-21,15:18:01.418000,10575,10575,10575,1
2019-03-21,15:18:08.910000,10575,10575,10575,1
2019-03-21,15:18:08.911000,10575,10575,10575,1
2019-03-21,15:18:15.093000,10575,10575,10575,1
2019-03-21,15:18:16.224000,10575,10575,10575,1
2019-03-21,15:18:37.641000,10576,10576,10576,1
2019-03-21,15:18:50.690000,10576,10576,10576,2
2019-03-21,15:18:53.869000,10575,10575,10575,5
2019-03-21,15:18:56.318000,10576,10576,10576,5
2019-03-21,15:18:59.646000,10575,10575,10575,1
2019-03-21,15:19:22.544000,10575,10575,10575,1
2019-03-21,15:19:30.889000,10575,10575,10575,1
2019-03-21,15:19:31.328000,10575,10575,10575,1
2019-03-21,15:19:43.681000,10574,10574,10574,4
2019-03-21,15:19:43.769000,10574,10574,10574,18
2019-03-21,15:19:43.781000,10574,10574,10574,20
2019-03-21,15:19:43.781000,10574,10574,10574,8
2019-03-21,15:19:43.781000,10574,10574,10574,6
2019-03-21,15:19:43.781000,10574,10574,10574,1
2019-03-21,15:19:44.317000,10574,10574,10574,1
2019-03-21,15:19:44.423000,10574,10574,10574,1
2019-03-21,15:19:44.640000,10574,10574,10574,1
2019-03-21,15:19:44.745000,10574,10574,10574,1
2019-03-21,15:19:44.949000,10574,10574,10574,1
2019-03-21,15:19:45.056000,10574,10574,10574,1
2019-03-21,15:19:45.264000,10574,10574,10574,1
2019-03-21,15:19:45.366000,10574,10574,10574,1
2019-03-21,15:19:45.577000,10574,10574,10574,1
2019-03-21,15:19:45.671000,10574,10574,10574,1
2019-03-21,15:19:45.772000,10574,10574,10574,1
2019-03-21,15:19:45.983000,10574,10574,10574,1
2019-03-21,15:19:46.096000,10574,10574,10574,1
2019-03-21,15:19:46.313000,10574,10574,10574,1
2019-03-21,15:19:46.417000,10574,10574,10574,1
2019-03-21,15:19:46.627000,10574,10574,10574,1
2019-03-21,15:19:46.939000,10574,10574,10574,1
2019-03-21,15:19:50.058000,10573,10573,10573,1
2019-03-21,15:19:50.586000,10574,10574,10574,1
2019-03-21,15:19:53.774000,10574,10574,10574,1
2019-03-21,15:19:53.889000,10574,10574,10574,1
2019-03-21,15:19:54.107000,10574,10574,10574,2
2019-03-21,15:19:54.214000,10574,10574,10574,1
2019-03-21,15:19:54.246000,10574,10574,10574,2
2019-03-21,15:19:54.246000,10574,10574,10574,6
2019-03-21,15:19:54.246000,10574,10574,10574,1
2019-03-21,15:19:54.540000,10575,10575,10575,2
2019-03-21,15:19:54.751000,10574,10574,10574,1
2019-03-21,15:19:55.013000,10574,10574,10574,1
2019-03-21,15:19:55.483000,10574,10574,10574,1
2019-03-21,15:19:55.641000,10574,10574,10574,1
2019-03-21,15:19:55.928000,10574,10574,10574,1
2019-03-21,15:20:03.772000,10574,10574,10574,1
2019-03-21,15:20:04.574000,10575,10575,10575,2
2019-03-21,15:20:04.586000,10575,10575,10575,3
2019-03-21,15:20:04.862000,10575,10575,10575,1
2019-03-21,15:20:06.918000,10575,10575,10575,1
2019-03-21,15:20:08.850000,10575,10575,10575,1
2019-03-21,15:20:41.770000,10575,10575,10575,1
2019-03-21,15:20:55.606000,10575,10575,10575,1
2019-03-21,15:20:55.906000,10575,10575,10575,11
2019-03-21,15:21:28.171000,10576,10576,10576,1
2019-03-21,15:21:38.280000,10575,10575,10575,1
2019-03-21,15:21:38.443000,10575,10575,10575,1
2019-03-21,15:21:38.840000,10575,10575,10575,1
2019-03-21,15:21:42.102000,10575,10575,10575,1
2019-03-21,15:21:42.492000,10575,10575,10575,1
2019-03-21,15:21:46.747000,10575,10575,10575,1
2019-03-21,15:22:18.878000,10575,10575,10575,1
2019-03-21,15:22:28.123000,10574,10574,10574,2
2019-03-21,15:22:29.017000,10575,10575,10575,15
2019-03-21,15:22:32.890000,10575,10575,10575,1
2019-03-21,15:22:36.528000,10575,10575,10575,1
2019-03-21,15:22:36.659000,10575,10575,10575,1
2019-03-21,15:22:36.850000,10575,10575,10575,1
2019-03-21,15:22:37.043000,10575,10575,10575,1
2019-03-21,15:22:37.230000,10575,10575,10575,1
2019-03-21,15:22:37.411000,10575,10575,10575,1
2019-03-21,15:22:49.619000,10575,10575,10575,1
2019-03-21,15:22:49.763000,10575,10575,10575,1
2019-03-21,15:22:49.978000,10575,10575,10575,1
2019-03-21,15:22:50.185000,10575,10575,10575,1
2019-03-21,15:22:53.676000,10575,10575,10575,1
2019-03-21,15:22:54.116000,10575,10575,10575,1
2019-03-21,15:22:54.525000,10575,10575,10575,1
2019-03-21,15:22:58.282000,10575,10575,10575,1
2019-03-21,15:22:59.144000,10575,10575,10575,2
2019-03-21,15:23:05.793000,10575,10575,10575,1
2019-03-21,15:23:06.607000,10575,10575,10575,1
2019-03-21,15:23:11.508000,10575,10575,10575,1
2019-03-21,15:23:14.268000,10575,10575,10575,1
2019-03-21,15:23:19.558000,10575,10575,10575,1
2019-03-21,15:23:22.544000,10575,10575,10575,1
2019-03-21,15:23:28.365000,10575,10575,10575,8
2019-03-21,15:23:37.812000,10575,10575,10575,1
2019-03-21,15:23:43.746000,10575,10575,10575,1
2019-03-21,15:23:43.808000,10575,10575,10575,1
2019-03-21,15:23:44.379000,10575,10575,10575,2
2019-03-21,15:23:44.439000,10575,10575,10575,1
2019-03-21,15:23:44.686000,10575,10575,10575,1
2019-03-21,15:23:44.990000,10575,10575,10575,1
2019-03-21,15:23:57.825000,10575,10575,10575,1
2019-03-21,15:23:57.975000,10575,10575,10575,1
2019-03-21,15:23:58.160000,10575,10575,10575,1
2019-03-21,15:23:58.337000,10575,10575,10575,1
2019-03-21,15:23:58.511000,10575,10575,10575,1
2019-03-21,15:23:58.681000,10575,10575,10575,1
2019-03-21,15:24:12.024000,10575,10575,10575,1
2019-03-21,15:24:16.545000,10575,10575,10575,1
2019-03-21,15:24:17.936000,10575,10575,10575,1
2019-03-21,15:24:18.272000,10575,10575,10575,1
2019-03-21,15:24:19.160000,10575,10575,10575,1
2019-03-21,15:24:19.672000,10575,10575,10575,1
2019-03-21,15:24:20.231000,10575,10575,10575,1
2019-03-21,15:24:21.192000,10575,10575,10575,1
2019-03-21,15:24:22.420000,10575,10575,10575,3
2019-03-21,15:24:31.544000,10575,10575,10575,5
2019-03-21,15:24:37.139000,10575,10575,10575,1
2019-03-21,15:24:37.328000,10575,10575,10575,1
2019-03-21,15:24:37.419000,10575,10575,10575,2
2019-03-21,15:24:39.898000,10575,10575,10575,8
2019-03-21,15:24:58.997000,10574,10574,10574,1
2019-03-21,15:25:00.796000,10575,10575,10575,1
2019-03-21,15:25:03.306000,10574,10574,10574,1
2019-03-21,15:25:09.158000,10574,10574,10574,2
2019-03-21,15:25:12.911000,10575,10575,10575,1
2019-03-21,15:25:13.067000,10575,10575,10575,2
2019-03-21,15:25:21.774000,10574,10574,10574,1
2019-03-21,15:25:31.025000,10574,10574,10574,3
2019-03-21,15:26:06.283000,10574,10574,10574,6
2019-03-21,15:26:11.604000,10574,10574,10574,1
2019-03-21,15:26:14.600000,10574,10574,10574,1
2019-03-21,15:26:15.581000,10574,10574,10574,1
2019-03-21,15:26:24.990000,10574,10574,10574,6
2019-03-21,15:26:46.041000,10574,10574,10574,1
2019-03-21,15:26:51.198000,10574,10574,10574,1
2019-03-21,15:27:07.036000,10574,10574,10574,1
2019-03-21,15:27:35.323000,10574,10574,10574,10
2019-03-21,15:27:37.015000,10575,10575,10575,1
2019-03-21,15:27:54.953000,10575,10575,10575,1
2019-03-21,15:28:00.698000,10575,10575,10575,1
2019-03-21,15:28:16.319000,10575,10575,10575,1
2019-03-21,15:28:19.520000,10574,10574,10574,5
2019-03-21,15:28:19.632000,10574,10574,10574,10
2019-03-21,15:28:19.632000,10574,10574,10574,10
2019-03-21,15:28:19.876000,10574,10574,10574,10
2019-03-21,15:28:19.906000,10574,10574,10574,11
2019-03-21,15:28:20.031000,10574,10574,10574,3
2019-03-21,15:28:23.750000,10574,10574,10574,1
2019-03-21,15:28:26.192000,10573,10573,10573,5
2019-03-21,15:28:26.218000,10573,10573,10573,10
2019-03-21,15:28:26.312000,10573,10573,10573,10
2019-03-21,15:28:26.348000,10573,10573,10573,10
2019-03-21,15:28:57.118000,10573,10573,10573,3
2019-03-21,15:28:57.140000,10573,10573,10573,6
2019-03-21,15:28:57.210000,10573,10573,10573,6
2019-03-21,15:28:57.254000,10573,10573,10573,6
2019-03-21,15:28:59.704000,10573,10573,10573,1
2019-03-21,15:29:03.118000,10573,10573,10573,1
2019-03-21,15:29:03.715000,10574,10574,10574,2
2019-03-21,15:29:03.781000,10574,10574,10574,1
2019-03-21,15:29:04.167000,10573,10573,10573,1
2019-03-21,15:29:04.293000,10573,10573,10573,1
2019-03-21,15:29:04.332000,10574,10574,10574,1
2019-03-21,15:29:04.434000,10573,10573,10573,1
2019-03-21,15:29:08.107000,10574,10574,10574,1
2019-03-21,15:29:11.817000,10573,10573,10573,2
2019-03-21,15:29:11.851000,10573,10573,10573,4
2019-03-21,15:29:11.915000,10573,10573,10573,4
2019-03-21,15:29:11.948000,10573,10573,10573,4
2019-03-21,15:29:13.964000,10573,10573,10573,1
2019-03-21,15:29:14.435000,10573,10573,10573,10
2019-03-21,15:29:15.826000,10573,10573,10573,5
2019-03-21,15:29:17.786000,10573,10573,10573,5
2019-03-21,15:29:19.077000,10573,10573,10573,5
2019-03-21,15:29:19.681000,10574,10574,10574,1
2019-03-21,15:29:22.227000,10572,10572,10572,5
2019-03-21,15:29:22.309000,10572,10572,10572,1
2019-03-21,15:29:22.463000,10572,10572,10572,5
2019-03-21,15:29:22.523000,10572,10572,10572,5
2019-03-21,15:29:22.633000,10573,10573,10573,1
2019-03-21,15:29:22.681000,10572,10572,10572,10
2019-03-21,15:29:23.471000,10572,10572,10572,5
2019-03-21,15:29:26.904000,10572,10572,10572,1
2019-03-21,15:29:27.678000,10572,10572,10572,5
2019-03-21,15:29:30.280000,10572,10572,10572,1
2019-03-21,15:29:31.149000,10573,10573,10573,1
2019-03-21,15:29:31.978000,10573,10573,10573,1
2019-03-21,15:29:42.220000,10572,10572,10572,1
2019-03-21,15:29:48.707000,10572,10572,10572,1
2019-03-21,15:29:55.957000,10572,10572,10572,1
2019-03-21,15:29:56.905000,10572,10572,10572,1
2019-03-21,15:29:56.919000,10572,10572,10572,1
2019-03-21,15:30:02.202000,10572,10572,10572,1
2019-03-21,15:30:02.570000,10572,10572,10572,1
2019-03-21,15:30:03.295000,10572,10572,10572,1
2019-03-21,15:30:05.098000,10573,10573,10573,2
2019-03-21,15:30:07.384000,10572,10572,10572,5
2019-03-21,15:30:08.933000,10573,10573,10573,1
2019-03-21,15:30:15.724000,10572,10572,10572,1
2019-03-21,15:30:20.400000,10572,10572,10572,1
2019-03-21,15:30:26.183000,10572,10572,10572,1
2019-03-21,15:30:27.150000,10573,10573,10573,1
2019-03-21,15:30:28.644000,10573,10573,10573,2
2019-03-21,15:30:28.644000,10573,10573,10573,1
2019-03-21,15:30:28.644000,10573,10573,10573,7
2019-03-21,15:30:28.644000,10573,10573,10573,1
2019-03-21,15:30:28.644000,10573,10573,10573,3
2019-03-21,15:30:28.644000,10573,10573,10573,2
2019-03-21,15:30:28.644000,10573,10573,10573,1
2019-03-21,15:30:28.644000,10573,10573,10573,2
2019-03-21,15:30:28.645000,10573,10573,10573,3
2019-03-21,15:30:28.645000,10573,10573,10573,3
2019-03-21,15:30:28.697000,10573,10573,10573,3
2019-03-21,15:30:28.908000,10573,10573,10573,1
2019-03-21,15:30:28.915000,10573,10573,10573,2
2019-03-21,15:30:28.929000,10573,10573,10573,1
2019-03-21,15:30:28.935000,10573,10573,10573,1
2019-03-21,15:30:28.942000,10573,10573,10573,1
2019-03-21,15:30:28.948000,10573,10573,10573,2
2019-03-21,15:30:29.677000,10573,10573,10573,1
2019-03-21,15:30:40.732000,10574,10574,10574,7
2019-03-21,15:30:43.300000,10574,10574,10574,2
2019-03-21,15:30:57.229000,10574,10574,10574,1
2019-03-21,15:31:02.305000,10575,10575,10575,2
2019-03-21,15:31:10.301000,10574,10574,10574,2
2019-03-21,15:31:17.488000,10574,10574,10574,1
2019-03-21,15:31:30.803000,10574,10574,10574,1
2019-03-21,15:31:32.595000,10574,10574,10574,5
2019-03-21,15:31:42.922000,10575,10575,10575,1
2019-03-21,15:31:48.656000,10575,10575,10575,14
2019-03-21,15:31:49.219000,10576,10576,10576,1
2019-03-21,15:31:49.310000,10576,10576,10576,5
2019-03-21,15:31:49.310000,10576,10576,10576,5
2019-03-21,15:31:49.329000,10576,10576,10576,2
2019-03-21,15:31:49.442000,10576,10576,10576,1
2019-03-21,15:31:55.258000,10576,10576,10576,1
2019-03-21,15:31:59.413000,10576,10576,10576,1
2019-03-21,15:31:59.729000,10576,10576,10576,1
2019-03-21,15:32:00.027000,10576,10576,10576,1
2019-03-21,15:32:00.326000,10576,10576,10576,1
2019-03-21,15:32:00.633000,10576,10576,10576,1
2019-03-21,15:32:00.946000,10576,10576,10576,1
2019-03-21,15:32:01.056000,10576,10576,10576,9
2019-03-21,15:32:01.281000,10576,10576,10576,1
2019-03-21,15:32:02.409000,10577,10577,10577,4
2019-03-21,15:32:03.766000,10576,10576,10576,1
2019-03-21,15:32:05.188000,10576,10576,10576,1
2019-03-21,15:32:17.714000,10576,10576,10576,1
2019-03-21,15:32:17.714000,10576,10576,10576,6
2019-03-21,15:32:17.828000,10575,10575,10575,2
2019-03-21,15:32:17.847000,10575,10575,10575,6
2019-03-21,15:32:20.409000,10575,10575,10575,1
2019-03-21,15:32:21.164000,10575,10575,10575,1
2019-03-21,15:32:26.476000,10575,10575,10575,1
2019-03-21,15:32:54.995000,10575,10575,10575,3
2019-03-21,15:33:00.497000,10575,10575,10575,1
2019-03-21,15:33:08.066000,10575,10575,10575,1
2019-03-21,15:33:12.598000,10575,10575,10575,1
2019-03-21,15:33:13.215000,10576,10576,10576,1
2019-03-21,15:33:14.957000,10575,10575,10575,4
2019-03-21,15:33:14.957000,10574,10574,10574,1
2019-03-21,15:33:15.606000,10575,10575,10575,1
2019-03-21,15:33:17.856000,10575,10575,10575,1
2019-03-21,15:33:18.084000,10575,10575,10575,1
2019-03-21,15:33:27.531000,10575,10575,10575,1
2019-03-21,15:33:49.079000,10575,10575,10575,1
2019-03-21,15:33:55.140000,10575,10575,10575,1
2019-03-21,15:34:11.031000,10576,10576,10576,2
2019-03-21,15:34:11.156000,10576,10576,10576,16
2019-03-21,15:34:11.281000,10576,10576,10576,1
2019-03-21,15:34:18.072000,10576,10576,10576,8
2019-03-21,15:34:28.509000,10576,10576,10576,1
2019-03-21,15:34:29.824000,10576,10576,10576,1
2019-03-21,15:34:32.731000,10577,10577,10577,1
2019-03-21,15:34:44.235000,10577,10577,10577,1
2019-03-21,15:34:44.604000,10577,10577,10577,1
2019-03-21,15:34:50.600000,10577,10577,10577,6
2019-03-21,15:34:59.287000,10577,10577,10577,1
2019-03-21,15:35:02.970000,10577,10577,10577,1
2019-03-21,15:35:03.031000,10577,10577,10577,14
2019-03-21,15:35:03.041000,10577,10577,10577,6
2019-03-21,15:35:03.156000,10577,10577,10577,8
2019-03-21,15:35:03.156000,10577,10577,10577,2
2019-03-21,15:35:03.156000,10577,10577,10577,11
2019-03-21,15:35:07.309000,10578,10578,10578,1
2019-03-21,15:35:11.952000,10577,10577,10577,1
2019-03-21,15:35:13.637000,10578,10578,10578,1
2019-03-21,15:35:14.241000,10578,10578,10578,3
2019-03-21,15:35:25.129000,10578,10578,10578,2
2019-03-21,15:35:48.318000,10578,10578,10578,7
2019-03-21,15:35:50.848000,10578,10578,10578,20
2019-03-21,15:35:59.937000,10578,10578,10578,1
2019-03-21,15:36:06.563000,10578,10578,10578,1
2019-03-21,15:36:08.781000,10577,10577,10577,8
2019-03-21,15:36:08.782000,10577,10577,10577,4
2019-03-21,15:36:19.438000,10577,10577,10577,1
2019-03-21,15:36:21.430000,10577,10577,10577,1
2019-03-21,15:36:27.046000,10577,10577,10577,1
2019-03-21,15:36:38.094000,10577,10577,10577,1
2019-03-21,15:36:38.096000,10577,10577,10577,3
2019-03-21,15:37:01.124000,10577,10577,10577,1
2019-03-21,15:37:02.917000,10576,10576,10576,1
2019-03-21,15:37:12.125000,10576,10576,10576,1
2019-03-21,15:37:19.046000,10576,10576,10576,1
2019-03-21,15:37:22.378000,10576,10576,10576,1
2019-03-21,15:37:28.494000,10576,10576,10576,4
2019-03-21,15:37:38.529000,10577,10577,10577,1
2019-03-21,15:37:46.487000,10577,10577,10577,1
2019-03-21,15:37:48.791000,10576,10576,10576,2
2019-03-21,15:38:11.400000,10577,10577,10577,1
2019-03-21,15:38:34.325000,10576,10576,10576,1
2019-03-21,15:38:54.677000,10576,10576,10576,5
2019-03-21,15:38:57.555000,10575,10575,10575,17
2019-03-21,15:39:22.474000,10576,10576,10576,13
2019-03-21,15:39:25.287000,10576,10576,10576,4
2019-03-21,15:40:30.798000,10575,10575,10575,1
2019-03-21,15:40:30.906000,10575,10575,10575,11
2019-03-21,15:40:32.858000,10574,10574,10574,3
2019-03-21,15:40:32.867000,10574,10574,10574,1
2019-03-21,15:40:32.877000,10574,10574,10574,4
2019-03-21,15:40:32.906000,10574,10574,10574,3
2019-03-21,15:40:41.978000,10575,10575,10575,1
2019-03-21,15:40:46.065000,10574,10574,10574,1
2019-03-21,15:40:47.438000,10574,10574,10574,1
2019-03-21,15:40:47.706000,10573,10573,10573,1
2019-03-21,15:40:52.155000,10574,10574,10574,1
2019-03-21,15:40:52.155000,10574,10574,10574,1
2019-03-21,15:40:52.155000,10574,10574,10574,1
2019-03-21,15:40:52.323000,10574,10574,10574,1
2019-03-21,15:40:56.938000,10575,10575,10575,1
2019-03-21,15:40:59.647000,10574,10574,10574,1
2019-03-21,15:41:00.110000,10574,10574,10574,1
2019-03-21,15:41:12.406000,10575,10575,10575,4
2019-03-21,15:41:12.531000,10575,10575,10575,6
2019-03-21,15:41:12.656000,10575,10575,10575,2
2019-03-21,15:41:20.198000,10575,10575,10575,6
2019-03-21,15:41:30.893000,10575,10575,10575,1
2019-03-21,15:41:46.026000,10575,10575,10575,1
2019-03-21,15:41:47.211000,10575,10575,10575,1
2019-03-21,15:41:47.432000,10575,10575,10575,1
2019-03-21,15:41:50.247000,10575,10575,10575,1
2019-03-21,15:41:54.373000,10575,10575,10575,1
2019-03-21,15:42:01.989000,10576,10576,10576,1
2019-03-21,15:42:02.031000,10576,10576,10576,1
2019-03-21,15:42:03.528000,10576,10576,10576,4
2019-03-21,15:42:07.798000,10576,10576,10576,1
2019-03-21,15:42:24.138000,10576,10576,10576,1
2019-03-21,15:42:24.488000,10576,10576,10576,1
2019-03-21,15:42:30.416000,10576,10576,10576,1
2019-03-21,15:42:53.379000,10576,10576,10576,1
2019-03-21,15:42:55.794000,10576,10576,10576,1
2019-03-21,15:43:16.957000,10576,10576,10576,5
2019-03-21,15:43:30.131000,10576,10576,10576,1
2019-03-21,15:43:36.040000,10577,10577,10577,1
2019-03-21,15:43:36.063000,10577,10577,10577,1
2019-03-21,15:43:37.159000,10576,10576,10576,1
2019-03-21,15:43:39.798000,10577,10577,10577,1
2019-03-21,15:43:41.177000,10577,10577,10577,1
2019-03-21,15:43:49.588000,10577,10577,10577,1
2019-03-21,15:44:03.018000,10577,10577,10577,1
2019-03-21,15:44:17.645000,10576,10576,10576,7
2019-03-21,15:44:17.980000,10576,10576,10576,1
2019-03-21,15:44:49.122000,10575,10575,10575,1
2019-03-21,15:45:19.905000,10576,10576,10576,1
2019-03-21,15:45:20.114000,10575,10575,10575,1
2019-03-21,15:45:24.270000,10576,10576,10576,3
2019-03-21,15:45:33.660000,10576,10576,10576,1
2019-03-21,15:45:36.954000,10576,10576,10576,1
2019-03-21,15:45:42.287000,10575,10575,10575,1
2019-03-21,15:45:56.263000,10576,10576,10576,1
2019-03-21,15:45:59.178000,10576,10576,10576,8
2019-03-21,15:45:59.178000,10576,10576,10576,8
2019-03-21,15:45:59.281000,10576,10576,10576,2
2019-03-21,15:45:59.281000,10576,10576,10576,1
2019-03-21,15:45:59.281000,10576,10576,10576,7
2019-03-21,15:46:27.070000,10576,10576,10576,1
2019-03-21,15:46:39.086000,10576,10576,10576,1
2019-03-21,15:47:02.115000,10576,10576,10576,3
2019-03-21,15:47:02.116000,10576,10576,10576,3
2019-03-21,15:47:02.116000,10576,10576,10576,3
2019-03-21,15:47:02.116000,10576,10576,10576,1
2019-03-21,15:47:10.876000,10576,10576,10576,3
2019-03-21,15:47:36.922000,10577,10577,10577,2
2019-03-21,15:47:44.542000,10577,10577,10577,1
2019-03-21,15:47:56.508000,10577,10577,10577,2
2019-03-21,15:48:09.468000,10576,10576,10576,1
2019-03-21,15:48:13.767000,10576,10576,10576,1
2019-03-21,15:48:32.303000,10577,10577,10577,1
2019-03-21,15:48:41.018000,10576,10576,10576,3
2019-03-21,15:48:41.018000,10576,10576,10576,1
2019-03-21,15:48:41.020000,10576,10576,10576,7
2019-03-21,15:48:41.258000,10576,10576,10576,2
2019-03-21,15:48:58.258000,10576,10576,10576,1
2019-03-21,15:49:27.111000,10576,10576,10576,2
2019-03-21,15:49:44.040000,10576,10576,10576,1
2019-03-21,15:49:55.051000,10575,10575,10575,32
2019-03-21,15:49:55.156000,10575,10575,10575,6
2019-03-21,15:49:55.218000,10574,10574,10574,2
2019-03-21,15:49:55.227000,10574,10574,10574,1
2019-03-21,15:49:55.238000,10574,10574,10574,1
2019-03-21,15:49:55.238000,10574,10574,10574,6
2019-03-21,15:49:55.239000,10574,10574,10574,3
2019-03-21,15:49:55.239000,10574,10574,10574,3
2019-03-21,15:49:55.239000,10574,10574,10574,1
2019-03-21,15:49:55.239000,10574,10574,10574,1
2019-03-21,15:49:55.249000,10574,10574,10574,1
2019-03-21,15:49:55.260000,10574,10574,10574,1
2019-03-21,15:49:55.294000,10574,10574,10574,7
2019-03-21,15:49:55.306000,10574,10574,10574,1
2019-03-21,15:49:55.406000,10574,10574,10574,3
2019-03-21,15:49:55.569000,10574,10574,10574,1
2019-03-21,15:50:01.092000,10573,10573,10573,2
2019-03-21,15:50:03.588000,10574,10574,10574,1
2019-03-21,15:50:07.084000,10574,10574,10574,1
2019-03-21,15:50:12.605000,10573,10573,10573,1
2019-03-21,15:50:13.695000,10573,10573,10573,6
2019-03-21,15:50:13.781000,10573,10573,10573,1
2019-03-21,15:50:13.782000,10573,10573,10573,8
2019-03-21,15:50:15.114000,10574,10574,10574,1
2019-03-21,15:50:16.942000,10573,10573,10573,1
2019-03-21,15:50:17.324000,10573,10573,10573,1
2019-03-21,15:50:26.633000,10573,10573,10573,1
2019-03-21,15:50:28.501000,10572,10572,10572,6
2019-03-21,15:50:28.589000,10572,10572,10572,5
2019-03-21,15:50:33.642000,10573,10573,10573,12
2019-03-21,15:50:33.803000,10573,10573,10573,1
2019-03-21,15:50:34.564000,10573,10573,10573,1
2019-03-21,15:50:44.007000,10574,10574,10574,1
2019-03-21,15:50:48.316000,10573,10573,10573,1
2019-03-21,15:50:52.853000,10574,10574,10574,1
2019-03-21,15:51:03.338000,10572,10572,10572,1
2019-03-21,15:51:14.057000,10572,10572,10572,1
2019-03-21,15:51:14.256000,10573,10573,10573,1
2019-03-21,15:51:21.627000,10573,10573,10573,1
2019-03-21,15:51:22.554000,10572,10572,10572,1
2019-03-21,15:51:27.965000,10573,10573,10573,8
2019-03-21,15:51:28.031000,10573,10573,10573,8
2019-03-21,15:51:29.873000,10573,10573,10573,1
2019-03-21,15:51:40.030000,10574,10574,10574,1
2019-03-21,15:51:43.346000,10573,10573,10573,4
2019-03-21,15:51:48.544000,10573,10573,10573,1
2019-03-21,15:52:13.424000,10573,10573,10573,1
2019-03-21,15:52:17.985000,10573,10573,10573,1
2019-03-21,15:52:33.524000,10573,10573,10573,1
2019-03-21,15:52:36.507000,10573,10573,10573,5
2019-03-21,15:52:49.274000,10572,10572,10572,2
2019-03-21,15:52:55.478000,10572,10572,10572,2
2019-03-21,15:53:01.179000,10573,10573,10573,1
2019-03-21,15:53:02.641000,10572,10572,10572,6
2019-03-21,15:53:05.334000,10572,10572,10572,2
2019-03-21,15:53:15.697000,10572,10572,10572,1
2019-03-21,15:53:24.950000,10572,10572,10572,1
2019-03-21,15:53:31.021000,10573,10573,10573,1
2019-03-21,15:53:32.458000,10572,10572,10572,1
2019-03-21,15:53:41.456000,10572,10572,10572,2
2019-03-21,15:53:45.721000,10572,10572,10572,1
2019-03-21,15:53:52.272000,10572,10572,10572,1
2019-03-21,15:54:01.216000,10573,10573,10573,1
2019-03-21,15:54:02.056000,10572,10572,10572,2
2019-03-21,15:54:02.858000,10572,10572,10572,1
2019-03-21,15:54:03.636000,10573,10573,10573,1
2019-03-21,15:54:09.456000,10572,10572,10572,1
2019-03-21,15:54:12.160000,10572,10572,10572,1
2019-03-21,15:54:13.786000,10572,10572,10572,1
2019-03-21,15:54:22.152000,10573,10573,10573,1
2019-03-21,15:54:24.425000,10572,10572,10572,1
2019-03-21,15:54:27.376000,10573,10573,10573,1
2019-03-21,15:54:31.282000,10572,10572,10572,1
2019-03-21,15:54:33.181000,10572,10572,10572,2
2019-03-21,15:54:34.510000,10573,10573,10573,1
2019-03-21,15:54:38.007000,10573,10573,10573,3
2019-03-21,15:54:44.052000,10573,10573,10573,1
2019-03-21,15:54:49.808000,10572,10572,10572,2
2019-03-21,15:55:05.616000,10572,10572,10572,4
2019-03-21,15:55:31.941000,10572,10572,10572,7
2019-03-21,15:55:31.953000,10572,10572,10572,1
2019-03-21,15:55:32.031000,10572,10572,10572,21
2019-03-21,15:55:32.156000,10572,10572,10572,2
2019-03-21,15:55:33.785000,10572,10572,10572,3
2019-03-21,15:55:43.033000,10572,10572,10572,2
2019-03-21,15:55:45.235000,10572,10572,10572,1
2019-03-21,15:55:45.235000,10572,10572,10572,4
2019-03-21,15:55:45.235000,10572,10572,10572,2
2019-03-21,15:55:45.235000,10572,10572,10572,2
2019-03-21,15:55:45.237000,10572,10572,10572,1
2019-03-21,15:55:45.237000,10572,10572,10572,1
2019-03-21,15:55:46.493000,10572,10572,10572,1
2019-03-21,15:55:52.094000,10572,10572,10572,3
2019-03-21,15:55:58.024000,10572,10572,10572,3
2019-03-21,15:55:58.595000,10572,10572,10572,1
2019-03-21,15:56:09.297000,10573,10573,10573,1
2019-03-21,15:56:15.237000,10572,10572,10572,10
2019-03-21,15:56:18.625000,10572,10572,10572,5
2019-03-21,15:56:31.866000,10572,10572,10572,1
2019-03-21,15:57:03.130000,10572,10572,10572,2
2019-03-21,15:57:20.686000,10572,10572,10572,1
2019-03-21,15:57:28.179000,10572,10572,10572,8
2019-03-21,15:57:30.493000,10572,10572,10572,1
2019-03-21,15:57:32.342000,10572,10572,10572,1
2019-03-21,15:57:34.140000,10572,10572,10572,2
2019-03-21,15:57:39.324000,10572,10572,10572,1
2019-03-21,15:57:41.800000,10572,10572,10572,3
2019-03-21,15:57:43.031000,10572,10572,10572,1
2019-03-21,15:57:43.118000,10572,10572,10572,1
2019-03-21,15:57:43.303000,10572,10572,10572,1
2019-03-21,15:57:43.304000,10572,10572,10572,1
2019-03-21,15:58:16.180000,10573,10573,10573,1
2019-03-21,15:58:25.584000,10573,10573,10573,1
2019-03-21,15:58:34.095000,10573,10573,10573,1
2019-03-21,15:58:34.406000,10573,10573,10573,1
2019-03-21,15:58:34.704000,10573,10573,10573,1
2019-03-21,15:58:35.090000,10573,10573,10573,1
2019-03-21,15:58:35.467000,10573,10573,10573,1
2019-03-21,15:58:35.825000,10573,10573,10573,1
2019-03-21,15:58:36.394000,10573,10573,10573,1
2019-03-21,15:58:37.562000,10573,10573,10573,1
2019-03-21,15:59:44.948000,10572,10572,10572,1
2019-03-21,15:59:49.827000,10572,10572,10572,1
2019-03-21,15:59:50.196000,10572,10572,10572,3
2019-03-21,15:59:50.444000,10572,10572,10572,1
2019-03-21,15:59:50.509000,10572,10572,10572,1
2019-03-21,15:59:56.404000,10572,10572,10572,3
2019-03-21,16:00:03.998000,10571,10571,10571,1
2019-03-21,16:00:04.069000,10571,10571,10571,1
2019-03-21,16:00:04.088000,10571,10571,10571,3
2019-03-21,16:00:04.101000,10572,10572,10572,3
2019-03-21,16:00:04.481000,10571,10571,10571,1
2019-03-21,16:00:09.539000,10572,10572,10572,1
2019-03-21,16:00:10.550000,10572,10572,10572,1
2019-03-21,16:00:12.810000,10573,10573,10573,2
2019-03-21,16:00:12.810000,10573,10573,10573,2
2019-03-21,16:00:14.023000,10572,10572,10572,1
2019-03-21,16:00:14.030000,10572,10572,10572,1
2019-03-21,16:00:14.037000,10572,10572,10572,1
2019-03-21,16:00:14.050000,10572,10572,10572,1
2019-03-21,16:00:15.690000,10574,10574,10574,1
2019-03-21,16:00:15.690000,10574,10574,10574,2
2019-03-21,16:00:15.826000,10575,10575,10575,1
2019-03-21,16:00:19.177000,10574,10574,10574,1
2019-03-21,16:00:26.406000,10573,10573,10573,1
2019-03-21,16:00:26.823000,10574,10574,10574,1
2019-03-21,16:00:50.463000,10573,10573,10573,2
2019-03-21,16:00:51.154000,10573,10573,10573,2
2019-03-21,16:01:00.910000,10572,10572,10572,3
2019-03-21,16:01:01.031000,10572,10572,10572,1
2019-03-21,16:01:01.156000,10572,10572,10572,1
2019-03-21,16:01:01.656000,10572,10572,10572,2
2019-03-21,16:01:08.958000,10572,10572,10572,1
2019-03-21,16:01:10.395000,10572,10572,10572,1
2019-03-21,16:01:10.798000,10572,10572,10572,1
2019-03-21,16:01:11.013000,10572,10572,10572,1
2019-03-21,16:01:11.323000,10572,10572,10572,1
2019-03-21,16:01:11.626000,10572,10572,10572,1
2019-03-21,16:01:12.031000,10572,10572,10572,1
2019-03-21,16:01:14.549000,10571,10571,10571,1
2019-03-21,16:01:14.653000,10571,10571,10571,3
2019-03-21,16:01:15.862000,10571,10571,10571,2
2019-03-21,16:01:16.359000,10571,10571,10571,2
2019-03-21,16:01:21.910000,10571,10571,10571,2
2019-03-21,16:01:23.929000,10571,10571,10571,2
2019-03-21,16:01:24.094000,10572,10572,10572,1
2019-03-21,16:01:24.298000,10572,10572,10572,1
2019-03-21,16:01:25.680000,10572,10572,10572,1
2019-03-21,16:01:29.307000,10572,10572,10572,1
2019-03-21,16:01:29.548000,10572,10572,10572,2
2019-03-21,16:01:32.504000,10572,10572,10572,2
2019-03-21,16:01:33.979000,10573,10573,10573,1
2019-03-21,16:01:35.909000,10573,10573,10573,1
2019-03-21,16:01:36.370000,10573,10573,10573,1
2019-03-21,16:01:36.608000,10573,10573,10573,1
2019-03-21,16:01:39.674000,10572,10572,10572,10
2019-03-21,16:01:42.898000,10572,10572,10572,1
2019-03-21,16:01:44.526000,10572,10572,10572,1
2019-03-21,16:01:46.453000,10573,10573,10573,10
2019-03-21,16:01:57.352000,10573,10573,10573,1
2019-03-21,16:02:02.813000,10573,10573,10573,1
2019-03-21,16:02:04.195000,10573,10573,10573,1
2019-03-21,16:02:08.272000,10573,10573,10573,6
2019-03-21,16:02:19.075000,10573,10573,10573,1
2019-03-21,16:02:21.145000,10573,10573,10573,1
2019-03-21,16:02:22.480000,10574,10574,10574,1
2019-03-21,16:02:23.107000,10574,10574,10574,4
2019-03-21,16:02:32.211000,10574,10574,10574,2
2019-03-21,16:03:03.983000,10575,10575,10575,9
2019-03-21,16:03:04.031000,10575,10575,10575,1
2019-03-21,16:03:04.031000,10575,10575,10575,1
2019-03-21,16:03:04.156000,10575,10575,10575,1
2019-03-21,16:03:04.156000,10575,10575,10575,2
2019-03-21,16:03:05.384000,10575,10575,10575,1
2019-03-21,16:03:30.435000,10576,10576,10576,1
2019-03-21,16:03:31.821000,10576,10576,10576,6
2019-03-21,16:03:31.906000,10576,10576,10576,1
2019-03-21,16:03:44.811000,10576,10576,10576,1
2019-03-21,16:03:54.281000,10576,10576,10576,2
2019-03-21,16:03:55.479000,10577,10577,10577,5
2019-03-21,16:03:55.559000,10576,10576,10576,1
2019-03-21,16:03:58.066000,10576,10576,10576,1
2019-03-21,16:03:58.714000,10576,10576,10576,2
2019-03-21,16:04:04.245000,10576,10576,10576,1
2019-03-21,16:04:12.737000,10576,10576,10576,10
2019-03-21,16:04:12.781000,10576,10576,10576,3
2019-03-21,16:04:33.234000,10576,10576,10576,1
2019-03-21,16:04:43.438000,10576,10576,10576,1
2019-03-21,16:04:47.294000,10575,10575,10575,10
2019-03-21,16:04:47.643000,10575,10575,10575,7
2019-03-21,16:04:47.993000,10574,10574,10574,10
2019-03-21,16:05:04.705000,10575,10575,10575,3
2019-03-21,16:05:11.323000,10575,10575,10575,6
2019-03-21,16:05:21.153000,10574,10574,10574,1
2019-03-21,16:05:24.235000,10575,10575,10575,1
2019-03-21,16:05:26.531000,10575,10575,10575,5
2019-03-21,16:05:45.569000,10574,10574,10574,2
2019-03-21,16:05:54.011000,10575,10575,10575,13
2019-03-21,16:05:56.959000,10574,10574,10574,2
2019-03-21,16:06:14.468000,10576,10576,10576,1
2019-03-21,16:06:14.468000,10576,10576,10576,3
2019-03-21,16:06:18.795000,10576,10576,10576,1
2019-03-21,16:06:23.973000,10576,10576,10576,1
2019-03-21,16:06:25.439000,10576,10576,10576,1
2019-03-21,16:06:52.175000,10576,10576,10576,1
2019-03-21,16:06:55.104000,10576,10576,10576,1
2019-03-21,16:06:56.464000,10576,10576,10576,1
2019-03-21,16:06:56.835000,10577,10577,10577,1
2019-03-21,16:07:03.427000,10577,10577,10577,1
2019-03-21,16:07:03.978000,10577,10577,10577,1
2019-03-21,16:07:15.502000,10577,10577,10577,2
2019-03-21,16:07:32.964000,10576,10576,10576,2
2019-03-21,16:07:32.964000,10576,10576,10576,2
2019-03-21,16:07:32.964000,10576,10576,10576,4
2019-03-21,16:07:32.965000,10576,10576,10576,6
2019-03-21,16:07:40.658000,10576,10576,10576,1
2019-03-21,16:07:51.182000,10575,10575,10575,6
2019-03-21,16:07:51.886000,10575,10575,10575,1
2019-03-21,16:07:56.769000,10576,10576,10576,1
2019-03-21,16:08:08.093000,10575,10575,10575,2
2019-03-21,16:08:12.899000,10575,10575,10575,1
2019-03-21,16:08:13.108000,10575,10575,10575,1
2019-03-21,16:08:23.805000,10575,10575,10575,1
2019-03-21,16:08:23.906000,10575,10575,10575,3
2019-03-21,16:08:34.052000,10575,10575,10575,2
2019-03-21,16:08:42.171000,10575,10575,10575,1
2019-03-21,16:08:57.043000,10575,10575,10575,8
2019-03-21,16:09:07.275000,10576,10576,10576,1
2019-03-21,16:09:13.256000,10575,10575,10575,6
2019-03-21,16:09:14.248000,10574,10574,10574,10
2019-03-21,16:09:23.065000,10576,10576,10576,11
2019-03-21,16:09:23.156000,10576,10576,10576,8
2019-03-21,16:09:23.158000,10576,10576,10576,3
2019-03-21,16:09:42.414000,10575,10575,10575,5
2019-03-21,16:09:47.204000,10575,10575,10575,3
2019-03-21,16:09:47.481000,10575,10575,10575,1
2019-03-21,16:09:48.294000,10576,10576,10576,2
2019-03-21,16:10:56.256000,10576,10576,10576,2
2019-03-21,16:10:57.328000,10576,10576,10576,1
2019-03-21,16:11:08.427000,10576,10576,10576,1
2019-03-21,16:11:09.886000,10576,10576,10576,1
2019-03-21,16:11:11.487000,10576,10576,10576,1
2019-03-21,16:11:20.504000,10576,10576,10576,1
2019-03-21,16:11:45.908000,10575,10575,10575,1
2019-03-21,16:11:46.726000,10575,10575,10575,1
2019-03-21,16:11:46.737000,10575,10575,10575,1
2019-03-21,16:11:46.793000,10575,10575,10575,1
2019-03-21,16:11:46.923000,10575,10575,10575,8
2019-03-21,16:11:46.962000,10575,10575,10575,1
2019-03-21,16:11:47.049000,10574,10574,10574,1
2019-03-21,16:11:51.323000,10575,10575,10575,1
2019-03-21,16:11:51.637000,10575,10575,10575,1
2019-03-21,16:11:51.859000,10575,10575,10575,1
2019-03-21,16:11:52.163000,10575,10575,10575,1
2019-03-21,16:11:52.464000,10575,10575,10575,1
2019-03-21,16:11:52.873000,10575,10575,10575,1
2019-03-21,16:11:53.184000,10575,10575,10575,1
2019-03-21,16:11:53.393000,10575,10575,10575,1
2019-03-21,16:11:53.705000,10575,10575,10575,1
2019-03-21,16:11:57.199000,10574,10574,10574,2
2019-03-21,16:12:02.001000,10575,10575,10575,1
2019-03-21,16:12:35.574000,10574,10574,10574,1
2019-03-21,16:12:35.605000,10574,10574,10574,1
2019-03-21,16:12:35.606000,10574,10574,10574,1
2019-03-21,16:12:35.606000,10574,10574,10574,3
2019-03-21,16:12:35.656000,10574,10574,10574,1
2019-03-21,16:12:35.656000,10574,10574,10574,1
2019-03-21,16:12:35.656000,10574,10574,10574,2
2019-03-21,16:12:35.781000,10574,10574,10574,2
2019-03-21,16:12:41.608000,10573,10573,10573,1
2019-03-21,16:13:01.604000,10574,10574,10574,1
2019-03-21,16:13:01.604000,10574,10574,10574,2
2019-03-21,16:13:01.604000,10574,10574,10574,1
2019-03-21,16:13:20.490000,10574,10574,10574,1
2019-03-21,16:13:33.061000,10574,10574,10574,2
2019-03-21,16:14:38.014000,10575,10575,10575,6
2019-03-21,16:14:38.630000,10576,10576,10576,1
2019-03-21,16:14:42.359000,10575,10575,10575,1
2019-03-21,16:15:00.109000,10575,10575,10575,2
2019-03-21,16:15:03.844000,10575,10575,10575,1
2019-03-21,16:15:04.263000,10574,10574,10574,10
2019-03-21,16:15:04.631000,10574,10574,10574,10
2019-03-21,16:15:05.676000,10575,10575,10575,2
2019-03-21,16:16:04.010000,10576,10576,10576,3
2019-03-21,16:16:04.156000,10575,10575,10575,1
2019-03-21,16:16:47.293000,10576,10576,10576,1
2019-03-21,16:16:49.422000,10575,10575,10575,2
2019-03-21,16:18:03.023000,10576,10576,10576,1
2019-03-21,16:18:27.617000,10576,10576,10576,2
2019-03-21,16:19:02.636000,10576,10576,10576,1
2019-03-21,16:19:14.450000,10576,10576,10576,1
2019-03-21,16:20:02.604000,10576,10576,10576,6
2019-03-21,16:20:12.630000,10576,10576,10576,8
2019-03-21,16:20:12.630000,10576,10576,10576,7
2019-03-21,16:20:12.630000,10576,10576,10576,7
2019-03-21,16:20:12.630000,10576,10576,10576,4
2019-03-21,16:20:12.630000,10576,10576,10576,2
2019-03-21,16:20:12.656000,10577,10577,10577,1
2019-03-21,16:20:12.675000,10577,10577,10577,2
2019-03-21,16:20:12.698000,10577,10577,10577,3
2019-03-21,16:20:12.700000,10577,10577,10577,2
2019-03-21,16:20:12.700000,10577,10577,10577,4
2019-03-21,16:20:12.706000,10577,10577,10577,2
2019-03-21,16:20:12.709000,10577,10577,10577,2
2019-03-21,16:20:12.709000,10577,10577,10577,2
2019-03-21,16:20:12.781000,10577,10577,10577,4
2019-03-21,16:20:15.147000,10577,10577,10577,1
2019-03-21,16:20:16.346000,10577,10577,10577,2
2019-03-21,16:20:21.848000,10576,10576,10576,1
2019-03-21,16:20:22.862000,10576,10576,10576,1
2019-03-21,16:20:23.656000,10576,10576,10576,1
2019-03-21,16:20:34.845000,10577,10577,10577,1
2019-03-21,16:20:59.030000,10577,10577,10577,1
2019-03-21,16:21:02.834000,10577,10577,10577,7
2019-03-21,16:21:05.765000,10576,10576,10576,2
2019-03-21,16:21:05.948000,10576,10576,10576,1
2019-03-21,16:21:06.467000,10576,10576,10576,1
2019-03-21,16:21:34.871000,10576,10576,10576,1
2019-03-21,16:21:49.681000,10576,10576,10576,1
2019-03-21,16:22:02.953000,10576,10576,10576,2
2019-03-21,16:22:12.262000,10576,10576,10576,1
2019-03-21,16:22:15.046000,10576,10576,10576,1
2019-03-21,16:22:20.423000,10576,10576,10576,1
2019-03-21,16:22:28.631000,10576,10576,10576,1
2019-03-21,16:22:30.617000,10576,10576,10576,1
2019-03-21,16:22:30.656000,10576,10576,10576,1
2019-03-21,16:22:31.615000,10576,10576,10576,1
2019-03-21,16:22:31.615000,10576,10576,10576,1
2019-03-21,16:23:05.011000,10577,10577,10577,1
2019-03-21,16:23:14.973000,10577,10577,10577,1
2019-03-21,16:23:25.450000,10577,10577,10577,2
2019-03-21,16:23:42.223000,10577,10577,10577,2
2019-03-21,16:23:45.612000,10577,10577,10577,1
2019-03-21,16:24:00.911000,10576,10576,10576,8
2019-03-21,16:24:00.911000,10576,10576,10576,1
2019-03-21,16:24:01.934000,10576,10576,10576,1
2019-03-21,16:24:11.507000,10576,10576,10576,1
2019-03-21,16:24:20.340000,10575,10575,10575,19
2019-03-21,16:24:20.824000,10575,10575,10575,1
2019-03-21,16:24:21.030000,10575,10575,10575,1
2019-03-21,16:24:21.031000,10575,10575,10575,1
2019-03-21,16:24:21.137000,10575,10575,10575,1
2019-03-21,16:24:24.829000,10575,10575,10575,1
2019-03-21,16:24:25.034000,10575,10575,10575,1
2019-03-21,16:24:32.042000,10575,10575,10575,1
2019-03-21,16:24:32.296000,10575,10575,10575,1
2019-03-21,16:24:59.957000,10575,10575,10575,1
2019-03-21,16:25:00.056000,10574,10574,10574,1
2019-03-21,16:25:01.261000,10575,10575,10575,1
2019-03-21,16:25:01.281000,10575,10575,10575,1
2019-03-21,16:25:30.676000,10575,10575,10575,1
2019-03-21,16:25:44.443000,10576,10576,10576,3
2019-03-21,16:25:47.054000,10576,10576,10576,1
2019-03-21,16:26:03.759000,10576,10576,10576,1
2019-03-21,16:26:13.731000,10576,10576,10576,1
2019-03-21,16:26:23.071000,10575,10575,10575,1
2019-03-21,16:26:35.949000,10576,10576,10576,1
2019-03-21,16:26:36.031000,10576,10576,10576,2
2019-03-21,16:26:56.427000,10576,10576,10576,1
2019-03-21,16:26:56.477000,10576,10576,10576,1
2019-03-21,16:26:56.478000,10576,10576,10576,1
2019-03-21,16:26:56.843000,10576,10576,10576,4
2019-03-21,16:26:56.843000,10576,10576,10576,2
2019-03-21,16:26:57.012000,10575,10575,10575,1
2019-03-21,16:27:04.027000,10576,10576,10576,1
2019-03-21,16:28:00.621000,10576,10576,10576,1
2019-03-21,16:28:00.621000,10576,10576,10576,1
2019-03-21,16:28:00.622000,10576,10576,10576,3
2019-03-21,16:28:00.622000,10576,10576,10576,1
2019-03-21,16:28:00.656000,10576,10576,10576,7
2019-03-21,16:28:38.919000,10577,10577,10577,1
2019-03-21,16:28:40.762000,10576,10576,10576,1
2019-03-21,16:29:02.719000,10577,10577,10577,3
2019-03-21,16:29:03.906000,10577,10577,10577,1
2019-03-21,16:29:04.687000,10577,10577,10577,1
2019-03-21,16:29:04.687000,10577,10577,10577,8
2019-03-21,16:29:04.687000,10577,10577,10577,3
2019-03-21,16:29:04.781000,10577,10577,10577,1
2019-03-21,16:29:04.781000,10577,10577,10577,4
2019-03-21,16:29:04.781000,10577,10577,10577,15
2019-03-21,16:29:04.782000,10577,10577,10577,7
2019-03-21,16:29:06.996000,10578,10578,10578,2
2019-03-21,16:29:07.206000,10578,10578,10578,1
2019-03-21,16:29:15.805000,10578,10578,10578,3
2019-03-21,16:29:33.913000,10578,10578,10578,2
2019-03-21,16:29:34.805000,10578,10578,10578,1
2019-03-21,16:29:43.750000,10578,10578,10578,1
2019-03-21,16:29:46.929000,10577,10577,10577,1
2019-03-21,16:29:55.603000,10577,10577,10577,10
2019-03-21,16:30:06.202000,10578,10578,10578,21
2019-03-21,16:30:06.281000,10578,10578,10578,1
2019-03-21,16:30:07.848000,10579,10579,10579,1
2019-03-21,16:30:08.827000,10578,10578,10578,1
2019-03-21,16:30:09.463000,10578,10578,10578,1
2019-03-21,16:30:10.072000,10579,10579,10579,1
2019-03-21,16:30:18.466000,10579,10579,10579,1
2019-03-21,16:30:19.059000,10579,10579,10579,1
2019-03-21,16:30:19.676000,10579,10579,10579,1
2019-03-21,16:30:20.258000,10579,10579,10579,1
2019-03-21,16:30:20.588000,10579,10579,10579,2
2019-03-21,16:30:20.911000,10579,10579,10579,1
2019-03-21,16:30:21.140000,10579,10579,10579,2
2019-03-21,16:30:22.060000,10579,10579,10579,1
2019-03-21,16:30:25.094000,10579,10579,10579,1
2019-03-21,16:30:38.188000,10579,10579,10579,1
2019-03-21,16:30:51.358000,10579,10579,10579,1
2019-03-21,16:30:59.346000,10579,10579,10579,1
2019-03-21,16:31:01.239000,10579,10579,10579,1
2019-03-21,16:31:01.955000,10579,10579,10579,1
2019-03-21,16:31:02.122000,10579,10579,10579,1
2019-03-21,16:31:02.621000,10579,10579,10579,4
2019-03-21,16:31:02.918000,10579,10579,10579,3
2019-03-21,16:31:22.292000,10579,10579,10579,1
2019-03-21,16:31:26.530000,10580,10580,10580,2
2019-03-21,16:31:26.693000,10580,10580,10580,7
2019-03-21,16:31:26.819000,10580,10580,10580,1
2019-03-21,16:31:27.907000,10580,10580,10580,6
2019-03-21,16:31:27.969000,10580,10580,10580,1
2019-03-21,16:31:28.075000,10580,10580,10580,1
2019-03-21,16:31:29.898000,10580,10580,10580,1
2019-03-21,16:31:30.211000,10580,10580,10580,1
2019-03-21,16:31:32.103000,10580,10580,10580,1
2019-03-21,16:31:36.055000,10580,10580,10580,1
2019-03-21,16:31:36.216000,10580,10580,10580,1
2019-03-21,16:31:36.704000,10580,10580,10580,2
2019-03-21,16:31:38.800000,10580,10580,10580,1
2019-03-21,16:31:39.101000,10580,10580,10580,1
2019-03-21,16:31:39.485000,10580,10580,10580,1
2019-03-21,16:31:39.661000,10580,10580,10580,2
2019-03-21,16:31:39.941000,10580,10580,10580,2
2019-03-21,16:31:40.486000,10580,10580,10580,1
2019-03-21,16:31:44.233000,10579,10579,10579,7
2019-03-21,16:31:45.262000,10580,10580,10580,1
2019-03-21,16:31:49.554000,10580,10580,10580,1
2019-03-21,16:31:54.176000,10580,10580,10580,5
2019-03-21,16:31:56.374000,10580,10580,10580,2
2019-03-21,16:31:57.297000,10581,10581,10581,2
2019-03-21,16:31:57.440000,10581,10581,10581,1
2019-03-21,16:31:57.463000,10581,10581,10581,1
2019-03-21,16:32:01.151000,10581,10581,10581,1
2019-03-21,16:32:01.511000,10580,10580,10580,1
2019-03-21,16:32:03.235000,10581,10581,10581,1
2019-03-21,16:32:03.369000,10580,10580,10580,4
2019-03-21,16:32:05.107000,10580,10580,10580,5
2019-03-21,16:32:05.594000,10579,10579,10579,10
2019-03-21,16:32:07.540000,10580,10580,10580,2
2019-03-21,16:32:07.962000,10580,10580,10580,1
2019-03-21,16:32:08.281000,10580,10580,10580,1
2019-03-21,16:32:08.364000,10580,10580,10580,1
2019-03-21,16:32:08.994000,10580,10580,10580,1
2019-03-21,16:32:10.775000,10580,10580,10580,1
2019-03-21,16:32:17.690000,10580,10580,10580,1
2019-03-21,16:32:27.617000,10580,10580,10580,1
2019-03-21,16:32:31.859000,10581,10581,10581,1
2019-03-21,16:32:31.928000,10581,10581,10581,1
2019-03-21,16:32:44.864000,10581,10581,10581,1
2019-03-21,16:32:45.057000,10581,10581,10581,1
2019-03-21,16:32:45.151000,10581,10581,10581,1
2019-03-21,16:32:46.182000,10581,10581,10581,1
2019-03-21,16:32:48.664000,10581,10581,10581,1
2019-03-21,16:32:50.036000,10581,10581,10581,5
2019-03-21,16:32:51.072000,10581,10581,10581,1
2019-03-21,16:32:53.413000,10581,10581,10581,1
2019-03-21,16:32:53.992000,10581,10581,10581,1
2019-03-21,16:32:54.218000,10581,10581,10581,1
2019-03-21,16:32:55.358000,10581,10581,10581,2
2019-03-21,16:32:57.722000,10581,10581,10581,1
2019-03-21,16:32:58.430000,10581,10581,10581,4
2019-03-21,16:32:59.446000,10581,10581,10581,5
2019-03-21,16:32:59.447000,10581,10581,10581,5
2019-03-21,16:33:03.191000,10582,10582,10582,1
2019-03-21,16:33:03.344000,10582,10582,10582,1
2019-03-21,16:33:03.838000,10582,10582,10582,1
2019-03-21,16:33:08.070000,10582,10582,10582,1
2019-03-21,16:33:15.864000,10581,10581,10581,1
2019-03-21,16:33:34.643000,10581,10581,10581,2
2019-03-21,16:33:35.153000,10581,10581,10581,1
2019-03-21,16:33:38.527000,10581,10581,10581,1
2019-03-21,16:33:40.509000,10581,10581,10581,2
2019-03-21,16:33:45.860000,10581,10581,10581,10
2019-03-21,16:33:50.378000,10581,10581,10581,1
2019-03-21,16:33:50.943000,10581,10581,10581,1
2019-03-21,16:33:53.673000,10581,10581,10581,1
2019-03-21,16:33:55.315000,10581,10581,10581,1
2019-03-21,16:33:58.392000,10582,10582,10582,2
2019-03-21,16:34:00.038000,10581,10581,10581,1
2019-03-21,16:34:08.997000,10581,10581,10581,5
2019-03-21,16:34:13.141000,10581,10581,10581,1
2019-03-21,16:34:13.894000,10581,10581,10581,5
2019-03-21,16:34:15.707000,10581,10581,10581,1
2019-03-21,16:34:20.475000,10581,10581,10581,1
2019-03-21,16:34:24.699000,10582,10582,10582,4
2019-03-21,16:34:41.350000,10582,10582,10582,10
2019-03-21,16:34:42.258000,10582,10582,10582,2
2019-03-21,16:34:42.722000,10582,10582,10582,1
2019-03-21,16:34:46.813000,10582,10582,10582,1
2019-03-21,16:34:52.837000,10582,10582,10582,10
2019-03-21,16:34:53.249000,10582,10582,10582,4
2019-03-21,16:34:54.055000,10583,10583,10583,1
2019-03-21,16:34:54.190000,10583,10583,10583,1
2019-03-21,16:34:54.196000,10583,10583,10583,1
2019-03-21,16:34:54.196000,10583,10583,10583,5
2019-03-21,16:34:54.333000,10583,10583,10583,3
2019-03-21,16:34:57.482000,10583,10583,10583,2
2019-03-21,16:35:01.853000,10583,10583,10583,2
2019-03-21,16:35:02.971000,10583,10583,10583,1
2019-03-21,16:35:02.971000,10583,10583,10583,1
2019-03-21,16:35:08.692000,10584,10584,10584,1
2019-03-21,16:35:08.819000,10584,10584,10584,1
2019-03-21,16:35:08.832000,10584,10584,10584,1
2019-03-21,16:35:08.909000,10584,10584,10584,1
2019-03-21,16:35:19.696000,10584,10584,10584,1
2019-03-21,16:35:25.379000,10583,10583,10583,2
2019-03-21,16:35:30.104000,10584,10584,10584,10
2019-03-21,16:35:30.431000,10584,10584,10584,1
2019-03-21,16:35:30.525000,10584,10584,10584,1
2019-03-21,16:35:38.482000,10584,10584,10584,4
2019-03-21,16:35:55.765000,10583,10583,10583,10
2019-03-21,16:35:55.781000,10583,10583,10583,20
2019-03-21,16:36:04.159000,10582,10582,10582,2
2019-03-21,16:36:06.990000,10583,10583,10583,7
2019-03-21,16:36:07.011000,10582,10582,10582,1
2019-03-21,16:36:08.737000,10582,10582,10582,1
2019-03-21,16:36:09.514000,10582,10582,10582,2
2019-03-21,16:36:12.168000,10581,10581,10581,1
2019-03-21,16:36:12.668000,10582,10582,10582,3
2019-03-21,16:36:13.126000,10582,10582,10582,1
2019-03-21,16:36:13.542000,10582,10582,10582,1
2019-03-21,16:36:16.784000,10582,10582,10582,1
2019-03-21,16:36:18.339000,10582,10582,10582,2
2019-03-21,16:36:21.615000,10582,10582,10582,1
2019-03-21,16:36:22.207000,10581,10581,10581,1
2019-03-21,16:36:22.313000,10582,10582,10582,1
2019-03-21,16:36:33.369000,10582,10582,10582,5
2019-03-21,16:36:33.369000,10583,10583,10583,10
2019-03-21,16:36:44.004000,10582,10582,10582,1
2019-03-21,16:36:45.700000,10581,10581,10581,4
2019-03-21,16:36:46.305000,10581,10581,10581,1
2019-03-21,16:36:48.446000,10581,10581,10581,2
2019-03-21,16:36:50.162000,10581,10581,10581,1
2019-03-21,16:36:51.709000,10581,10581,10581,2
2019-03-21,16:36:51.853000,10581,10581,10581,1
2019-03-21,16:36:52.970000,10581,10581,10581,1
2019-03-21,16:36:53.657000,10581,10581,10581,2
2019-03-21,16:37:07.450000,10581,10581,10581,1
2019-03-21,16:37:15.978000,10581,10581,10581,1
2019-03-21,16:37:16.040000,10581,10581,10581,1
2019-03-21,16:37:18.480000,10581,10581,10581,1
2019-03-21,16:37:18.531000,10581,10581,10581,4
2019-03-21,16:37:18.656000,10581,10581,10581,3
2019-03-21,16:37:21.017000,10582,10582,10582,2
2019-03-21,16:37:23.244000,10582,10582,10582,1
2019-03-21,16:37:27.875000,10582,10582,10582,1
2019-03-21,16:37:29.788000,10582,10582,10582,1
2019-03-21,16:37:40.816000,10582,10582,10582,1
2019-03-21,16:37:52.872000,10582,10582,10582,1
2019-03-21,16:37:52.873000,10582,10582,10582,2
2019-03-21,16:37:53.073000,10583,10583,10583,1
2019-03-21,16:38:13.560000,10583,10583,10583,1
2019-03-21,16:38:16.180000,10583,10583,10583,1
2019-03-21,16:38:17.638000,10583,10583,10583,1
2019-03-21,16:38:20.033000,10583,10583,10583,3
2019-03-21,16:38:20.281000,10583,10583,10583,1
2019-03-21,16:38:23.702000,10583,10583,10583,1
2019-03-21,16:38:27.165000,10583,10583,10583,1
2019-03-21,16:38:27.945000,10583,10583,10583,1
2019-03-21,16:38:30.449000,10583,10583,10583,1
2019-03-21,16:38:34.918000,10583,10583,10583,1
2019-03-21,16:38:35.847000,10583,10583,10583,1
2019-03-21,16:38:46.179000,10584,10584,10584,2
2019-03-21,16:38:51.151000,10584,10584,10584,2
2019-03-21,16:39:05.507000,10583,10583,10583,1
2019-03-21,16:39:09.056000,10584,10584,10584,1
2019-03-21,16:39:16.120000,10584,10584,10584,1
2019-03-21,16:39:16.208000,10584,10584,10584,2
2019-03-21,16:39:22.746000,10584,10584,10584,4
2019-03-21,16:39:22.760000,10584,10584,10584,8
2019-03-21,16:39:22.760000,10584,10584,10584,5
2019-03-21,16:39:34.259000,10583,10583,10583,5
2019-03-21,16:39:38.489000,10583,10583,10583,1
2019-03-21,16:39:41.795000,10583,10583,10583,2
2019-03-21,16:39:47.862000,10583,10583,10583,3
2019-03-21,16:40:11.613000,10584,10584,10584,2
2019-03-21,16:40:15.163000,10583,10583,10583,1
2019-03-21,16:40:27.182000,10583,10583,10583,2
2019-03-21,16:40:27.670000,10583,10583,10583,5
2019-03-21,16:40:27.781000,10583,10583,10583,1
2019-03-21,16:40:30.305000,10583,10583,10583,1
2019-03-21,16:40:39.905000,10583,10583,10583,1
2019-03-21,16:40:40.117000,10583,10583,10583,1
2019-03-21,16:40:44.518000,10582,10582,10582,1
2019-03-21,16:40:51.538000,10583,10583,10583,1
2019-03-21,16:41:05.285000,10582,10582,10582,1
2019-03-21,16:41:08.325000,10582,10582,10582,4
2019-03-21,16:41:17.871000,10582,10582,10582,1
2019-03-21,16:41:49.063000,10582,10582,10582,1
2019-03-21,16:42:00.400000,10582,10582,10582,1
2019-03-21,16:42:11.900000,10582,10582,10582,1
2019-03-21,16:42:15.458000,10582,10582,10582,1
2019-03-21,16:42:23.901000,10582,10582,10582,1
2019-03-21,16:42:32.794000,10582,10582,10582,1
2019-03-21,16:42:33.949000,10583,10583,10583,1
2019-03-21,16:42:42.496000,10582,10582,10582,1
2019-03-21,16:42:48.073000,10582,10582,10582,1
2019-03-21,16:42:55.046000,10582,10582,10582,1
2019-03-21,16:43:18.263000,10582,10582,10582,2
2019-03-21,16:43:23.312000,10582,10582,10582,4
2019-03-21,16:43:24.308000,10582,10582,10582,1
2019-03-21,16:43:24.332000,10582,10582,10582,9
2019-03-21,16:43:39.095000,10582,10582,10582,4
2019-03-21,16:43:39.532000,10583,10583,10583,5
2019-03-21,16:43:44.973000,10582,10582,10582,2
2019-03-21,16:43:47.136000,10582,10582,10582,1
2019-03-21,16:43:54.884000,10583,10583,10583,2
2019-03-21,16:44:01.134000,10583,10583,10583,1
2019-03-21,16:44:19.449000,10583,10583,10583,1
2019-03-21,16:44:23.156000,10583,10583,10583,6
2019-03-21,16:44:25.715000,10583,10583,10583,1
2019-03-21,16:44:36.825000,10583,10583,10583,1
2019-03-21,16:45:07.913000,10582,10582,10582,1
2019-03-21,16:45:28.868000,10583,10583,10583,2
2019-03-21,16:45:28.870000,10583,10583,10583,10
2019-03-21,16:45:28.906000,10583,10583,10583,14
2019-03-21,16:45:34.841000,10584,10584,10584,1
2019-03-21,16:45:38.967000,10584,10584,10584,8
2019-03-21,16:45:39.031000,10584,10584,10584,6
2019-03-21,16:45:39.156000,10584,10584,10584,1
2019-03-21,16:45:39.156000,10584,10584,10584,2
2019-03-21,16:45:39.156000,10584,10584,10584,2
2019-03-21,16:45:47.769000,10585,10585,10585,1
2019-03-21,16:45:47.811000,10585,10585,10585,5
2019-03-21,16:45:47.931000,10585,10585,10585,2
2019-03-21,16:45:48.049000,10585,10585,10585,1
2019-03-21,16:45:54.377000,10585,10585,10585,1
2019-03-21,16:46:01.248000,10585,10585,10585,1
2019-03-21,16:46:06.597000,10584,10584,10584,1
2019-03-21,16:46:16.003000,10585,10585,10585,1
2019-03-21,16:46:17.723000,10584,10584,10584,2
2019-03-21,16:46:28.513000,10584,10584,10584,5
2019-03-21,16:46:33.529000,10584,10584,10584,1
2019-03-21,16:46:34.166000,10584,10584,10584,1
2019-03-21,16:46:36.626000,10584,10584,10584,1
2019-03-21,16:46:59.242000,10584,10584,10584,1
2019-03-21,16:47:01.029000,10584,10584,10584,1
2019-03-21,16:47:03.304000,10584,10584,10584,1
2019-03-21,16:47:04.329000,10584,10584,10584,1
2019-03-21,16:47:12.551000,10584,10584,10584,1
2019-03-21,16:47:28.901000,10583,10583,10583,3
2019-03-21,16:47:49.333000,10583,10583,10583,1
2019-03-21,16:47:59.918000,10583,10583,10583,1
2019-03-21,16:48:03.942000,10582,10582,10582,1
2019-03-21,16:48:13.649000,10583,10583,10583,1
2019-03-21,16:48:16.915000,10583,10583,10583,1
2019-03-21,16:48:17.816000,10582,10582,10582,2
2019-03-21,16:48:47.264000,10582,10582,10582,1
2019-03-21,16:48:57.288000,10582,10582,10582,2
2019-03-21,16:49:16.696000,10582,10582,10582,9
2019-03-21,16:49:19.348000,10582,10582,10582,2
2019-03-21,16:49:19.958000,10582,10582,10582,1
2019-03-21,16:50:05.352000,10581,10581,10581,1
2019-03-21,16:50:05.719000,10582,10582,10582,1
2019-03-21,16:50:11.209000,10582,10582,10582,1
2019-03-21,16:50:13.058000,10582,10582,10582,2
2019-03-21,16:50:54.612000,10582,10582,10582,1
2019-03-21,16:51:02.557000,10582,10582,10582,1
2019-03-21,16:51:14.748000,10582,10582,10582,1
2019-03-21,16:51:21.703000,10582,10582,10582,1
2019-03-21,16:51:33.697000,10583,10583,10583,1
2019-03-21,16:51:39.688000,10583,10583,10583,1
2019-03-21,16:51:39.781000,10583,10583,10583,1
2019-03-21,16:52:05.291000,10582,10582,10582,1
2019-03-21,16:52:07.189000,10582,10582,10582,1
2019-03-21,16:52:14.142000,10582,10582,10582,1
2019-03-21,16:52:55.579000,10582,10582,10582,3
2019-03-21,16:53:02.039000,10582,10582,10582,5
2019-03-21,16:53:02.156000,10582,10582,10582,1
2019-03-21,16:53:02.156000,10582,10582,10582,1
2019-03-21,16:53:32.095000,10582,10582,10582,1
2019-03-21,16:54:03.050000,10583,10583,10583,1
2019-03-21,16:54:41.302000,10583,10583,10583,1
2019-03-21,16:54:44.455000,10583,10583,10583,5
2019-03-21,16:54:48.583000,10583,10583,10583,1
2019-03-21,16:54:50.315000,10583,10583,10583,1
2019-03-21,16:55:43.323000,10583,10583,10583,5
2019-03-21,16:55:57.547000,10582,10582,10582,1
2019-03-21,16:56:04.062000,10582,10582,10582,1
2019-03-21,16:56:20.031000,10582,10582,10582,1
2019-03-21,16:56:20.156000,10582,10582,10582,1
2019-03-21,16:56:57.723000,10581,10581,10581,1
2019-03-21,16:56:59.886000,10581,10581,10581,8
2019-03-21,16:56:59.906000,10581,10581,10581,10
2019-03-21,16:56:59.906000,10581,10581,10581,1
2019-03-21,16:57:00.031000,10581,10581,10581,1
2019-03-21,16:57:00.031000,10581,10581,10581,3
2019-03-21,16:57:00.031000,10581,10581,10581,12
2019-03-21,16:57:00.557000,10581,10581,10581,1
2019-03-21,16:57:00.982000,10581,10581,10581,1
2019-03-21,16:57:13.919000,10581,10581,10581,1
2019-03-21,16:57:14.488000,10581,10581,10581,3
2019-03-21,16:57:14.531000,10581,10581,10581,1
2019-03-21,16:57:24.560000,10581,10581,10581,1
2019-03-21,16:57:26.208000,10581,10581,10581,1
2019-03-21,16:57:26.453000,10581,10581,10581,1
2019-03-21,16:57:35.803000,10580,10580,10580,10
2019-03-21,16:57:35.930000,10580,10580,10580,1
2019-03-21,16:57:49.158000,10580,10580,10580,10
2019-03-21,16:57:49.290000,10580,10580,10580,2
2019-03-21,16:57:49.319000,10580,10580,10580,2
2019-03-21,16:57:49.410000,10580,10580,10580,23
2019-03-21,16:57:52.489000,10579,10579,10579,2
2019-03-21,16:57:55.766000,10579,10579,10579,10
2019-03-21,16:57:55.782000,10579,10579,10579,4
2019-03-21,16:57:56.136000,10579,10579,10579,3
2019-03-21,16:57:56.458000,10579,10579,10579,1
2019-03-21,16:58:00.849000,10579,10579,10579,1
2019-03-21,16:58:01.040000,10579,10579,10579,1
2019-03-21,16:58:01.977000,10579,10579,10579,1
2019-03-21,16:58:02.458000,10579,10579,10579,1
2019-03-21,16:58:03.686000,10578,10578,10578,1
2019-03-21,16:58:09.705000,10579,10579,10579,1
2019-03-21,16:58:10.828000,10579,10579,10579,1
2019-03-21,16:58:13.379000,10579,10579,10579,2
2019-03-21,16:58:16.216000,10580,10580,10580,1
2019-03-21,16:58:18.096000,10579,10579,10579,1
2019-03-21,16:58:29.444000,10579,10579,10579,1
2019-03-21,16:58:29.894000,10579,10579,10579,1
2019-03-21,16:58:31.440000,10579,10579,10579,1
2019-03-21,16:58:31.605000,10579,10579,10579,1
2019-03-21,16:58:33.686000,10579,10579,10579,1
2019-03-21,16:58:33.912000,10579,10579,10579,1
2019-03-21,16:58:36.551000,10579,10579,10579,1
2019-03-21,16:58:58.931000,10579,10579,10579,1
2019-03-21,16:59:01.961000,10579,10579,10579,1
2019-03-21,16:59:03.418000,10579,10579,10579,1
2019-03-21,16:59:04.816000,10579,10579,10579,1
2019-03-21,16:59:14.599000,10579,10579,10579,1
2019-03-21,16:59:15.501000,10580,10580,10580,1
2019-03-21,16:59:15.501000,10580,10580,10580,2
2019-03-21,16:59:18.183000,10579,10579,10579,1
2019-03-21,16:59:26.375000,10579,10579,10579,1
2019-03-21,16:59:43.235000,10580,10580,10580,1
2019-03-21,16:59:43.531000,10580,10580,10580,1
2019-03-21,16:59:44.797000,10580,10580,10580,1
2019-03-21,16:59:44.906000,10580,10580,10580,1
2019-03-21,16:59:45.031000,10580,10580,10580,6
2019-03-21,16:59:53.513000,10581,10581,10581,1
2019-03-21,17:00:32.059000,10580,10580,10580,1
2019-03-21,17:00:32.801000,10581,10581,10581,2
2019-03-21,17:00:32.906000,10581,10581,10581,6
2019-03-21,17:01:00.597000,10580,10580,10580,1
2019-03-21,17:01:17.059000,10580,10580,10580,21
2019-03-21,17:02:22.162000,10580,10580,10580,1
2019-03-21,17:02:22.843000,10580,10580,10580,1
2019-03-21,17:02:23.280000,10580,10580,10580,1
2019-03-21,17:02:23.703000,10580,10580,10580,1
2019-03-21,17:02:37.230000,10580,10580,10580,4
2019-03-21,17:02:37.281000,10580,10580,10580,4
2019-03-21,17:02:59.262000,10580,10580,10580,1
2019-03-21,17:03:13.509000,10580,10580,10580,2
2019-03-21,17:03:42.152000,10580,10580,10580,1
2019-03-21,17:03:48.686000,10580,10580,10580,1
2019-03-21,17:03:48.702000,10580,10580,10580,1
2019-03-21,17:03:48.702000,10580,10580,10580,1
2019-03-21,17:03:48.781000,10580,10580,10580,1
2019-03-21,17:03:48.781000,10580,10580,10580,1
2019-03-21,17:03:48.795000,10580,10580,10580,2
2019-03-21,17:04:24.025000,10580,10580,10580,1
2019-03-21,17:04:36.570000,10580,10580,10580,5
2019-03-21,17:04:54.308000,10580,10580,10580,8
2019-03-21,17:04:54.309000,10580,10580,10580,8
2019-03-21,17:04:54.406000,10580,10580,10580,1
2019-03-21,17:04:54.406000,10580,10580,10580,1
2019-03-21,17:04:54.485000,10580,10580,10580,8
2019-03-21,17:04:54.531000,10580,10580,10580,14
2019-03-21,17:04:54.531000,10580,10580,10580,1
2019-03-21,17:04:54.656000,10580,10580,10580,2
2019-03-21,17:04:54.656000,10580,10580,10580,1
2019-03-21,17:04:54.656000,10580,10580,10580,3
2019-03-21,17:04:54.656000,10580,10580,10580,8
2019-03-21,17:04:54.656000,10580,10580,10580,4
2019-03-21,17:04:54.656000,10580,10580,10580,4
2019-03-21,17:05:07.044000,10580,10580,10580,1
2019-03-21,17:05:30.741000,10581,10581,10581,10
2019-03-21,17:05:35.656000,10581,10581,10581,4
2019-03-21,17:05:35.781000,10581,10581,10581,4
2019-03-21,17:05:41.272000,10581,10581,10581,1
2019-03-21,17:05:43.241000,10581,10581,10581,1
2019-03-21,17:06:46.159000,10582,10582,10582,3
2019-03-21,17:06:47.179000,10582,10582,10582,1
2019-03-21,17:07:12.361000,10582,10582,10582,1
2019-03-21,17:07:19.088000,10582,10582,10582,2
2019-03-21,17:07:20.851000,10582,10582,10582,1
2019-03-21,17:07:31.946000,10582,10582,10582,1
2019-03-21,17:07:39.140000,10582,10582,10582,1
2019-03-21,17:07:39.402000,10582,10582,10582,1
2019-03-21,17:07:45.710000,10582,10582,10582,1
2019-03-21,17:07:48.312000,10583,10583,10583,1
2019-03-21,17:07:53.915000,10582,10582,10582,1
2019-03-21,17:08:00.456000,10582,10582,10582,1
2019-03-21,17:08:05.596000,10583,10583,10583,1
2019-03-21,17:08:11.138000,10583,10583,10583,13
2019-03-21,17:08:11.156000,10583,10583,10583,2
2019-03-21,17:08:11.156000,10583,10583,10583,4
2019-03-21,17:08:11.156000,10583,10583,10583,1
2019-03-21,17:08:11.156000,10583,10583,10583,1
2019-03-21,17:08:11.156000,10583,10583,10583,2
2019-03-21,17:08:20.455000,10583,10583,10583,1
2019-03-21,17:08:30.510000,10583,10583,10583,1
2019-03-21,17:08:32.285000,10583,10583,10583,1
2019-03-21,17:09:03.730000,10583,10583,10583,1
2019-03-21,17:09:05.604000,10583,10583,10583,13
2019-03-21,17:09:06.184000,10583,10583,10583,1
2019-03-21,17:09:08.624000,10583,10583,10583,1
2019-03-21,17:09:12.680000,10583,10583,10583,1
2019-03-21,17:09:31.220000,10583,10583,10583,1
2019-03-21,17:09:36.782000,10583,10583,10583,1
2019-03-21,17:09:41.889000,10583,10583,10583,1
2019-03-21,17:09:48.752000,10583,10583,10583,1
2019-03-21,17:09:51.975000,10583,10583,10583,1
2019-03-21,17:10:02.145000,10583,10583,10583,1
2019-03-21,17:10:02.518000,10583,10583,10583,1
2019-03-21,17:10:22.991000,10583,10583,10583,14
2019-03-21,17:10:39.571000,10584,10584,10584,10
2019-03-21,17:10:40.423000,10583,10583,10583,1
2019-03-21,17:10:52.987000,10582,10582,10582,1
2019-03-21,17:11:02.252000,10584,10584,10584,5
2019-03-21,17:11:11.698000,10584,10584,10584,2
2019-03-21,17:11:21.208000,10584,10584,10584,1
2019-03-21,17:11:31.737000,10584,10584,10584,3
2019-03-21,17:11:32.703000,10584,10584,10584,1
2019-03-21,17:11:34.528000,10584,10584,10584,6
2019-03-21,17:11:34.531000,10584,10584,10584,1
2019-03-21,17:11:48.479000,10584,10584,10584,1
2019-03-21,17:11:59.336000,10584,10584,10584,1
2019-03-21,17:12:02.361000,10585,10585,10585,5
2019-03-21,17:12:14.052000,10585,10585,10585,1
2019-03-21,17:12:16.173000,10585,10585,10585,1
2019-03-21,17:12:21.789000,10585,10585,10585,1
2019-03-21,17:12:35.598000,10585,10585,10585,2
2019-03-21,17:12:36.967000,10585,10585,10585,4
2019-03-21,17:12:36.968000,10585,10585,10585,6
2019-03-21,17:12:37.031000,10585,10585,10585,18
2019-03-21,17:12:37.031000,10585,10585,10585,1
2019-03-21,17:12:37.156000,10585,10585,10585,8
2019-03-21,17:12:37.156000,10585,10585,10585,3
2019-03-21,17:12:48.545000,10586,10586,10586,2
2019-03-21,17:12:48.689000,10586,10586,10586,2
2019-03-21,17:12:48.709000,10586,10586,10586,1
2019-03-21,17:12:49.800000,10586,10586,10586,1
2019-03-21,17:12:52.053000,10586,10586,10586,1
2019-03-21,17:12:52.485000,10586,10586,10586,5
2019-03-21,17:12:54.564000,10586,10586,10586,1
2019-03-21,17:12:57.770000,10586,10586,10586,1
2019-03-21,17:13:00.343000,10586,10586,10586,3
2019-03-21,17:13:00.860000,10586,10586,10586,5
2019-03-21,17:13:00.906000,10586,10586,10586,2
2019-03-21,17:13:00.907000,10586,10586,10586,2
2019-03-21,17:13:01.031000,10586,10586,10586,6
2019-03-21,17:13:01.031000,10586,10586,10586,3
2019-03-21,17:13:02.758000,10586,10586,10586,4
2019-03-21,17:13:16.151000,10587,10587,10587,1
2019-03-21,17:13:16.178000,10587,10587,10587,5
2019-03-21,17:13:16.186000,10587,10587,10587,2
2019-03-21,17:13:16.316000,10587,10587,10587,4
2019-03-21,17:13:16.359000,10587,10587,10587,2
2019-03-21,17:13:16.373000,10587,10587,10587,12
2019-03-21,17:13:16.373000,10588,10588,10588,10
2019-03-21,17:13:16.406000,10587,10587,10587,2
2019-03-21,17:13:16.452000,10588,10588,10588,1
2019-03-21,17:13:16.627000,10588,10588,10588,1
2019-03-21,17:13:16.645000,10588,10588,10588,1
2019-03-21,17:13:18.019000,10588,10588,10588,1
2019-03-21,17:13:18.051000,10588,10588,10588,1
2019-03-21,17:13:20.699000,10588,10588,10588,1
2019-03-21,17:13:23.609000,10588,10588,10588,1
2019-03-21,17:13:27.377000,10588,10588,10588,1
2019-03-21,17:13:33.877000,10587,10587,10587,1
2019-03-21,17:13:34.187000,10587,10587,10587,1
2019-03-21,17:13:36.659000,10588,10588,10588,1
2019-03-21,17:13:37.683000,10588,10588,10588,1
2019-03-21,17:13:39.199000,10588,10588,10588,3
2019-03-21,17:13:41.839000,10587,10587,10587,1
2019-03-21,17:13:41.884000,10586,10586,10586,1
2019-03-21,17:13:43.852000,10587,10587,10587,1
2019-03-21,17:13:44.667000,10587,10587,10587,1
2019-03-21,17:13:55.927000,10587,10587,10587,1
2019-03-21,17:13:58.126000,10587,10587,10587,1
2019-03-21,17:14:00.088000,10587,10587,10587,1
2019-03-21,17:14:00.335000,10587,10587,10587,1
2019-03-21,17:14:02.172000,10587,10587,10587,1
2019-03-21,17:14:06.975000,10587,10587,10587,2
2019-03-21,17:14:09.250000,10587,10587,10587,1
2019-03-21,17:14:12.236000,10587,10587,10587,1
2019-03-21,17:14:12.672000,10587,10587,10587,9
2019-03-21,17:14:14.697000,10587,10587,10587,5
2019-03-21,17:14:17.909000,10588,10588,10588,2
2019-03-21,17:14:18.243000,10587,10587,10587,1
2019-03-21,17:14:20.882000,10588,10588,10588,1
2019-03-21,17:14:21.064000,10587,10587,10587,2
2019-03-21,17:14:21.455000,10587,10587,10587,4
2019-03-21,17:14:32.266000,10587,10587,10587,1
2019-03-21,17:14:43.471000,10587,10587,10587,1
2019-03-21,17:14:45.196000,10586,10586,10586,2
2019-03-21,17:14:57.795000,10587,10587,10587,13
2019-03-21,17:14:57.797000,10587,10587,10587,5
2019-03-21,17:15:16.171000,10588,10588,10588,1
2019-03-21,17:15:22.328000,10587,10587,10587,1
2019-03-21,17:15:24.807000,10587,10587,10587,2
2019-03-21,17:15:28.143000,10588,10588,10588,1
2019-03-21,17:15:36.715000,10588,10588,10588,1
2019-03-21,17:15:39.171000,10588,10588,10588,1
2019-03-21,17:15:46.908000,10588,10588,10588,1
2019-03-21,17:15:46.914000,10588,10588,10588,1
2019-03-21,17:15:48.273000,10588,10588,10588,1
2019-03-21,17:15:48.431000,10588,10588,10588,1
2019-03-21,17:15:48.852000,10588,10588,10588,1
2019-03-21,17:15:48.886000,10588,10588,10588,1
2019-03-21,17:15:49.350000,10588,10588,10588,1
2019-03-21,17:15:49.901000,10588,10588,10588,1
2019-03-21,17:15:51.205000,10588,10588,10588,1
2019-03-21,17:15:56.505000,10588,10588,10588,1
2019-03-21,17:16:00.772000,10587,10587,10587,1
2019-03-21,17:16:00.993000,10588,10588,10588,1
2019-03-21,17:16:09.984000,10587,10587,10587,1
2019-03-21,17:16:16.475000,10587,10587,10587,1
2019-03-21,17:16:21.983000,10588,10588,10588,2
2019-03-21,17:16:25.143000,10587,10587,10587,1
2019-03-21,17:16:30.205000,10587,10587,10587,1
2019-03-21,17:16:30.414000,10587,10587,10587,1
2019-03-21,17:16:35.346000,10588,10588,10588,1
2019-03-21,17:16:43.702000,10587,10587,10587,1
2019-03-21,17:16:52.406000,10587,10587,10587,20
2019-03-21,17:17:00.038000,10586,10586,10586,16
2019-03-21,17:17:22.388000,10586,10586,10586,1
2019-03-21,17:17:22.388000,10586,10586,10586,4
2019-03-21,17:17:24.805000,10586,10586,10586,1
2019-03-21,17:17:27.012000,10586,10586,10586,1
2019-03-21,17:17:31.783000,10586,10586,10586,1
2019-03-21,17:17:42.050000,10586,10586,10586,1
2019-03-21,17:17:49.493000,10587,10587,10587,1
2019-03-21,17:18:07.046000,10586,10586,10586,1
2019-03-21,17:18:08.379000,10587,10587,10587,1
2019-03-21,17:18:12.274000,10587,10587,10587,1
2019-03-21,17:18:14.949000,10586,10586,10586,1
2019-03-21,17:18:36.641000,10586,10586,10586,1
2019-03-21,17:18:40.135000,10586,10586,10586,1
2019-03-21,17:18:59.199000,10586,10586,10586,1
2019-03-21,17:19:39.630000,10586,10586,10586,2
2019-03-21,17:19:43.551000,10586,10586,10586,1
2019-03-21,17:19:48.303000,10587,10587,10587,1
2019-03-21,17:19:48.567000,10586,10586,10586,2
2019-03-21,17:19:51.041000,10586,10586,10586,1
2019-03-21,17:19:57.514000,10586,10586,10586,1
2019-03-21,17:20:13.173000,10586,10586,10586,2
2019-03-21,17:20:47.402000,10587,10587,10587,3
2019-03-21,17:20:47.406000,10587,10587,10587,10
2019-03-21,17:20:54.615000,10588,10588,10588,1
2019-03-21,17:20:56.841000,10588,10588,10588,1
2019-03-21,17:20:58.179000,10587,10587,10587,1
2019-03-21,17:21:10.270000,10587,10587,10587,1
2019-03-21,17:21:11.306000,10587,10587,10587,4
2019-03-21,17:21:22.323000,10587,10587,10587,1
2019-03-21,17:21:25.133000,10587,10587,10587,2
2019-03-21,17:21:30.082000,10587,10587,10587,1
2019-03-21,17:21:51.343000,10587,10587,10587,1
2019-03-21,17:22:05.450000,10587,10587,10587,1
2019-03-21,17:22:18.115000,10586,10586,10586,1
2019-03-21,17:22:20.865000,10587,10587,10587,4
2019-03-21,17:22:25.668000,10586,10586,10586,1
2019-03-21,17:22:32.994000,10586,10586,10586,1
2019-03-21,17:22:33.031000,10586,10586,10586,3
2019-03-21,17:22:33.031000,10586,10586,10586,20
2019-03-21,17:22:36.405000,10586,10586,10586,1
2019-03-21,17:22:41.549000,10585,10585,10585,1
2019-03-21,17:22:43.984000,10585,10585,10585,1
2019-03-21,17:22:47.317000,10585,10585,10585,1
2019-03-21,17:22:49.374000,10585,10585,10585,5
2019-03-21,17:22:51.507000,10585,10585,10585,1
2019-03-21,17:22:52.750000,10585,10585,10585,1
2019-03-21,17:22:55.294000,10585,10585,10585,1
2019-03-21,17:23:03.379000,10585,10585,10585,2
2019-03-21,17:23:13.098000,10585,10585,10585,1
2019-03-21,17:23:17.558000,10585,10585,10585,1
2019-03-21,17:23:22.187000,10585,10585,10585,2
2019-03-21,17:23:25.309000,10585,10585,10585,1
2019-03-21,17:23:25.309000,10584,10584,10584,1
2019-03-21,17:23:37.899000,10584,10584,10584,1
2019-03-21,17:24:09.865000,10585,10585,10585,1
2019-03-21,17:25:06.805000,10584,10584,10584,10
2019-03-21,17:25:07.232000,10585,10585,10585,1
2019-03-21,17:25:08.381000,10584,10584,10584,1
2019-03-21,17:25:14.095000,10585,10585,10585,1
2019-03-21,17:25:15.052000,10584,10584,10584,1
2019-03-21,17:25:19.705000,10584,10584,10584,2
2019-03-21,17:25:22.509000,10585,10585,10585,1
2019-03-21,17:25:28.477000,10584,10584,10584,1
2019-03-21,17:26:00.731000,10584,10584,10584,2
2019-03-21,17:26:10.037000,10585,10585,10585,1
2019-03-21,17:26:12.756000,10585,10585,10585,9
2019-03-21,17:26:19.571000,10585,10585,10585,1
2019-03-21,17:26:27.641000,10585,10585,10585,1
2019-03-21,17:26:36.150000,10585,10585,10585,1
2019-03-21,17:26:46.781000,10585,10585,10585,2
2019-03-21,17:26:55.279000,10584,10584,10584,4
2019-03-21,17:26:55.279000,10584,10584,10584,8
2019-03-21,17:26:55.279000,10584,10584,10584,2
2019-03-21,17:26:55.279000,10584,10584,10584,1
2019-03-21,17:26:55.279000,10584,10584,10584,7
2019-03-21,17:27:04.989000,10583,10583,10583,5
2019-03-21,17:27:05.031000,10583,10583,10583,2
2019-03-21,17:27:09.656000,10583,10583,10583,1
2019-03-21,17:27:31.273000,10582,10582,10582,1
2019-03-21,17:27:36.862000,10583,10583,10583,4
2019-03-21,17:27:38.464000,10584,10584,10584,1
2019-03-21,17:27:41.408000,10583,10583,10583,1
2019-03-21,17:27:51.051000,10583,10583,10583,1
2019-03-21,17:27:52.689000,10583,10583,10583,1
2019-03-21,17:28:11.433000,10584,10584,10584,2
2019-03-21,17:28:11.741000,10584,10584,10584,1
2019-03-21,17:28:15.725000,10584,10584,10584,1
2019-03-21,17:28:21.228000,10585,10585,10585,2
2019-03-21,17:28:29.048000,10585,10585,10585,1
2019-03-21,17:29:45.329000,10585,10585,10585,1
2019-03-21,17:29:47.226000,10585,10585,10585,2
2019-03-21,17:29:47.226000,10585,10585,10585,4
2019-03-21,17:29:53.164000,10585,10585,10585,1
2019-03-21,17:30:01.963000,10586,10586,10586,1
2019-03-21,17:30:13.293000,10585,10585,10585,5
2019-03-21,17:30:13.432000,10585,10585,10585,1
2019-03-21,17:30:18.435000,10585,10585,10585,1
2019-03-21,17:30:21.449000,10585,10585,10585,1
2019-03-21,17:30:47.657000,10584,10584,10584,7
2019-03-21,17:31:06.287000,10583,10583,10583,1
2019-03-21,17:31:06.287000,10583,10583,10583,1
2019-03-21,17:31:06.564000,10583,10583,10583,1
2019-03-21,17:31:07.858000,10583,10583,10583,1
2019-03-21,17:31:23.116000,10583,10583,10583,1
2019-03-21,17:31:28.331000,10583,10583,10583,1
2019-03-21,17:31:32.455000,10583,10583,10583,1
2019-03-21,17:31:41.029000,10583,10583,10583,1
2019-03-21,17:32:00.822000,10583,10583,10583,1
2019-03-21,17:32:10.432000,10582,10582,10582,1
2019-03-21,17:32:23.279000,10582,10582,10582,1
2019-03-21,17:32:29.842000,10583,10583,10583,1
2019-03-21,17:32:35.984000,10583,10583,10583,1
2019-03-21,17:32:46.232000,10583,10583,10583,1
2019-03-21,17:32:47.526000,10583,10583,10583,1
2019-03-21,17:33:45.968000,10584,10584,10584,1
2019-03-21,17:33:45.982000,10584,10584,10584,1
2019-03-21,17:33:46.015000,10584,10584,10584,1
2019-03-21,17:33:46.031000,10584,10584,10584,2
2019-03-21,17:33:56.621000,10584,10584,10584,2
2019-03-21,17:34:05.812000,10584,10584,10584,3
2019-03-21,17:34:24.496000,10585,10585,10585,2
2019-03-21,17:34:31.531000,10585,10585,10585,1
2019-03-21,17:34:43.141000,10585,10585,10585,7
2019-03-21,17:34:48.707000,10584,10584,10584,1
