2019-10-24,15:00:00.076000,11294,11295,11294,101
2019-10-24,15:00:00.077000,11294,11295,11294,1
2019-10-24,15:00:00.078000,11294,11295,11294,1
2019-10-24,15:00:00.078000,11294,11295,11295,7
2019-10-24,15:00:00.092000,11294,11295,11295,4
2019-10-24,15:00:00.191000,11294,11295,11295,4
2019-10-24,15:00:00.304000,11294,11295,11295,2
2019-10-24,15:00:00.347000,11294,11295,11295,1
2019-10-24,15:00:00.409000,11294,11295,11295,2
2019-10-24,15:00:00.457000,11294,11295,11295,4
2019-10-24,15:00:00.459000,11294,11295,11295,2
2019-10-24,15:00:00.466000,11294,11295,11296,1
2019-10-24,15:00:00.515000,11295,11296,11295,1
2019-10-24,15:00:00.539000,11295,11296,11295,1
2019-10-24,15:00:00.566000,11295,11296,11296,1
2019-10-24,15:00:00.595000,11295,11296,11296,3
2019-10-24,15:00:00.615000,11295,11296,11296,1
2019-10-24,15:00:00.623000,11295,11296,11296,1
2019-10-24,15:00:00.687000,11295,11296,11295,1
2019-10-24,15:00:00.738000,11295,11296,11296,2
2019-10-24,15:00:00.738000,11295,11296,11296,2
2019-10-24,15:00:00.741000,11295,11296,11296,1
2019-10-24,15:00:00.743000,11295,11296,11297,1
2019-10-24,15:00:00.755000,11295,11296,11295,2
2019-10-24,15:00:00.768000,11295,11296,11295,1
2019-10-24,15:00:00.907000,11295,11297,11295,1
2019-10-24,15:00:01.440000,11295,11297,11297,2
2019-10-24,15:00:01.536000,11295,11297,11297,1
2019-10-24,15:00:01.687000,11296,11297,11296,1
2019-10-24,15:00:01.918000,11296,11297,11296,3
2019-10-24,15:00:02.026000,11296,11297,11296,2
2019-10-24,15:00:02.516000,11295,11296,11296,4
2019-10-24,15:00:02.628000,11295,11296,11295,2
2019-10-24,15:00:04.230000,11295,11296,11295,1
2019-10-24,15:00:04.877000,11295,11296,11295,6
2019-10-24,15:00:05.098000,11295,11296,11296,3
2019-10-24,15:00:05.195000,11295,11296,11296,2
2019-10-24,15:00:06.693000,11295,11296,11296,1
2019-10-24,15:00:07.880000,11295,11296,11295,2
2019-10-24,15:00:08.464000,11295,11296,11295,1
2019-10-24,15:00:08.524000,11294,11296,11296,1
2019-10-24,15:00:08.648000,11294,11296,11295,1
2019-10-24,15:00:08.663000,11294,11296,11295,1
2019-10-24,15:00:08.665000,11294,11296,11295,1
2019-10-24,15:00:10.505000,11294,11295,11295,1
2019-10-24,15:00:10.705000,11294,11296,11294,1
2019-10-24,15:00:11.942000,11294,11295,11294,1
2019-10-24,15:00:12.317000,11293,11295,11295,5
2019-10-24,15:00:15.833000,11295,11296,11295,1
2019-10-24,15:00:16.067000,11295,11296,11295,2
2019-10-24,15:00:16.067000,11295,11296,11294,13
2019-10-24,15:00:16.770000,11294,11295,11294,1
2019-10-24,15:00:16.862000,11293,11294,11294,1
2019-10-24,15:00:19.100000,11294,11295,11294,1
2019-10-24,15:00:23.810000,11294,11295,11295,1
2019-10-24,15:00:24.261000,11294,11295,11294,1
2019-10-24,15:00:24.311000,11294,11295,11295,5
2019-10-24,15:00:26.162000,11294,11296,11294,5
2019-10-24,15:00:26.276000,11294,11296,11295,1
2019-10-24,15:00:27.531000,11294,11295,11295,1
2019-10-24,15:00:28.915000,11294,11295,11295,1
2019-10-24,15:00:29.312000,11294,11295,11295,5
2019-10-24,15:00:29.487000,11294,11295,11295,1
2019-10-24,15:00:31.182000,11295,11296,11295,1
2019-10-24,15:00:31.210000,11295,11296,11295,1
2019-10-24,15:00:32.029000,11294,11295,11295,1
2019-10-24,15:00:32.029000,11294,11295,11296,1
2019-10-24,15:00:33.011000,11294,11296,11294,1
2019-10-24,15:00:34.693000,11295,11296,11295,1
2019-10-24,15:00:37.660000,11295,11296,11295,1
2019-10-24,15:00:37.770000,11295,11296,11296,1
2019-10-24,15:00:37.921000,11295,11296,11296,1
2019-10-24,15:00:39.020000,11295,11296,11295,1
2019-10-24,15:00:39.137000,11295,11296,11295,1
2019-10-24,15:00:40.269000,11295,11296,11295,1
2019-10-24,15:00:41.693000,11295,11296,11295,1
2019-10-24,15:00:43.230000,11295,11296,11295,1
2019-10-24,15:00:45.027000,11295,11296,11295,1
2019-10-24,15:00:45.430000,11295,11296,11295,1
2019-10-24,15:00:45.432000,11295,11296,11295,1
2019-10-24,15:00:46.459000,11295,11296,11295,1
2019-10-24,15:00:46.547000,11295,11296,11295,3
2019-10-24,15:00:47.380000,11295,11296,11295,1
2019-10-24,15:00:48.173000,11295,11296,11295,1
2019-10-24,15:00:49.553000,11295,11296,11296,5
2019-10-24,15:00:50.879000,11295,11296,11296,37
2019-10-24,15:00:52.318000,11296,11297,11297,1
2019-10-24,15:00:52.338000,11296,11297,11297,2
2019-10-24,15:00:52.362000,11296,11297,11297,10
2019-10-24,15:00:52.363000,11296,11297,11297,2
2019-10-24,15:00:52.363000,11296,11297,11297,1
2019-10-24,15:00:52.363000,11296,11297,11297,2
2019-10-24,15:00:52.363000,11296,11297,11297,5
2019-10-24,15:00:52.488000,11296,11297,11297,2
2019-10-24,15:00:52.488000,11296,11297,11297,1
2019-10-24,15:00:52.665000,11296,11298,11298,1
2019-10-24,15:00:53.533000,11296,11298,11296,1
2019-10-24,15:00:53.810000,11296,11298,11296,1
2019-10-24,15:00:54.808000,11297,11298,11298,1
2019-10-24,15:00:55.116000,11297,11298,11298,5
2019-10-24,15:00:55.764000,11297,11298,11298,3
2019-10-24,15:00:55.764000,11297,11298,11298,2
2019-10-24,15:00:55.862000,11297,11298,11298,1
2019-10-24,15:00:56.129000,11297,11298,11297,1
2019-10-24,15:00:58.097000,11297,11298,11297,2
2019-10-24,15:00:58.728000,11297,11298,11297,1
2019-10-24,15:00:59.104000,11297,11298,11298,1
2019-10-24,15:01:00.034000,11297,11298,11298,1
2019-10-24,15:01:00.049000,11297,11298,11298,1
2019-10-24,15:01:00.112000,11297,11298,11298,2
2019-10-24,15:01:00.129000,11297,11298,11298,16
2019-10-24,15:01:00.305000,11297,11299,11298,1
2019-10-24,15:01:00.352000,11297,11299,11299,2
2019-10-24,15:01:00.406000,11297,11299,11299,2
2019-10-24,15:01:00.957000,11298,11299,11298,1
2019-10-24,15:01:01.635000,11298,11299,11298,1
2019-10-24,15:01:01.684000,11298,11299,11298,1
2019-10-24,15:01:01.775000,11298,11299,11299,1
2019-10-24,15:01:02.086000,11298,11299,11299,1
2019-10-24,15:01:02.149000,11298,11299,11299,10
2019-10-24,15:01:02.364000,11298,11299,11299,3
2019-10-24,15:01:04.731000,11299,11300,11300,2
2019-10-24,15:01:04.821000,11299,11300,11300,1
2019-10-24,15:01:05.065000,11299,11300,11300,6
2019-10-24,15:01:05.089000,11299,11300,11300,9
2019-10-24,15:01:05.118000,11299,11300,11300,5
2019-10-24,15:01:05.135000,11299,11300,11300,7
2019-10-24,15:01:05.379000,11299,11300,11300,6
2019-10-24,15:01:05.386000,11299,11300,11299,1
2019-10-24,15:01:05.719000,11300,11301,11301,2
2019-10-24,15:01:05.824000,11300,11301,11301,2
2019-10-24,15:01:06.028000,11300,11301,11301,3
2019-10-24,15:01:06.063000,11300,11301,11301,3
2019-10-24,15:01:06.205000,11300,11301,11301,1
2019-10-24,15:01:06.697000,11300,11302,11300,1
2019-10-24,15:01:07.907000,11301,11302,11301,1
2019-10-24,15:01:08.416000,11301,11302,11301,1
2019-10-24,15:01:08.995000,11301,11302,11301,1
2019-10-24,15:01:09.017000,11301,11302,11301,1
2019-10-24,15:01:09.824000,11301,11302,11301,1
2019-10-24,15:01:10.556000,11301,11302,11302,1
2019-10-24,15:01:10.608000,11301,11302,11301,1
2019-10-24,15:01:10.869000,11301,11302,11302,1
2019-10-24,15:01:11.401000,11301,11302,11302,1
2019-10-24,15:01:12.260000,11301,11302,11301,9
2019-10-24,15:01:12.360000,11301,11302,11301,1
2019-10-24,15:01:12.470000,11300,11301,11300,2
2019-10-24,15:01:13.004000,11300,11301,11300,2
2019-10-24,15:01:13.568000,11300,11301,11301,1
2019-10-24,15:01:13.904000,11300,11301,11300,1
2019-10-24,15:01:14.148000,11299,11300,11300,1
2019-10-24,15:01:14.444000,11299,11300,11300,1
2019-10-24,15:01:14.776000,11300,11301,11300,1
2019-10-24,15:01:15.458000,11300,11301,11301,1
2019-10-24,15:01:16.957000,11300,11301,11300,1
2019-10-24,15:01:16.987000,11300,11301,11301,1
2019-10-24,15:01:16.988000,11300,11301,11301,1
2019-10-24,15:01:17.182000,11300,11301,11300,1
2019-10-24,15:01:17.487000,11300,11301,11301,1
2019-10-24,15:01:17.765000,11300,11301,11300,15
2019-10-24,15:01:18.050000,11300,11301,11301,1
2019-10-24,15:01:19.431000,11300,11301,11300,1
2019-10-24,15:01:19.599000,11300,11301,11301,3
2019-10-24,15:01:19.707000,11300,11301,11301,1
2019-10-24,15:01:20.113000,11300,11301,11301,1
2019-10-24,15:01:20.343000,11300,11301,11301,3
2019-10-24,15:01:21.947000,11300,11301,11301,1
2019-10-24,15:01:22.581000,11300,11301,11301,2
2019-10-24,15:01:22.653000,11300,11301,11300,1
2019-10-24,15:01:22.706000,11300,11301,11301,1
2019-10-24,15:01:23.414000,11300,11301,11301,1
2019-10-24,15:01:23.587000,11300,11302,11302,1
2019-10-24,15:01:24.119000,11301,11302,11301,1
2019-10-24,15:01:24.627000,11301,11302,11301,4
2019-10-24,15:01:25.152000,11300,11301,11301,6
2019-10-24,15:01:25.623000,11300,11301,11301,1
2019-10-24,15:01:25.746000,11300,11301,11301,5
2019-10-24,15:01:25.838000,11300,11301,11300,1
2019-10-24,15:01:26.051000,11300,11301,11301,2
2019-10-24,15:01:26.318000,11300,11302,11300,2
2019-10-24,15:01:26.363000,11300,11302,11300,1
2019-10-24,15:01:26.947000,11301,11302,11301,1
2019-10-24,15:01:27.459000,11301,11302,11302,1
2019-10-24,15:01:29.318000,11301,11302,11301,1
2019-10-24,15:01:29.409000,11301,11302,11301,1
2019-10-24,15:01:29.613000,11301,11302,11301,1
2019-10-24,15:01:30.294000,11301,11302,11302,1
2019-10-24,15:01:30.468000,11301,11302,11301,5
2019-10-24,15:01:32.154000,11301,11302,11301,2
2019-10-24,15:01:33.808000,11300,11301,11301,7
2019-10-24,15:01:33.808000,11300,11301,11302,3
2019-10-24,15:01:35.224000,11301,11302,11301,1
2019-10-24,15:01:35.693000,11300,11302,11302,2
2019-10-24,15:01:36.292000,11300,11301,11301,1
2019-10-24,15:01:37.113000,11300,11301,11301,1
2019-10-24,15:01:37.244000,11300,11301,11301,1
2019-10-24,15:01:37.650000,11300,11301,11301,1
2019-10-24,15:01:39.021000,11300,11301,11300,1
2019-10-24,15:01:39.679000,11300,11301,11301,1
2019-10-24,15:01:39.965000,11300,11301,11301,1
2019-10-24,15:01:40.427000,11300,11301,11301,2
2019-10-24,15:01:40.513000,11300,11302,11302,2
2019-10-24,15:01:41.870000,11300,11301,11300,15
2019-10-24,15:01:42.042000,11300,11301,11300,23
2019-10-24,15:01:42.080000,11300,11301,11301,1
2019-10-24,15:01:42.113000,11300,11301,11300,4
2019-10-24,15:01:42.113000,11300,11301,11300,16
2019-10-24,15:01:42.113000,11300,11301,11300,3
2019-10-24,15:01:42.113000,11300,11301,11300,4
2019-10-24,15:01:42.113000,11300,11301,11300,16
2019-10-24,15:01:42.113000,11300,11301,11300,2
2019-10-24,15:01:42.113000,11300,11301,11300,4
2019-10-24,15:01:42.114000,11300,11301,11300,1
2019-10-24,15:01:42.114000,11300,11301,11300,2
2019-10-24,15:01:42.114000,11300,11301,11300,1
2019-10-24,15:01:42.114000,11300,11301,11300,9
2019-10-24,15:01:42.115000,11300,11301,11300,1
2019-10-24,15:01:42.238000,11300,11301,11300,11
2019-10-24,15:01:42.238000,11300,11301,11300,4
2019-10-24,15:01:42.238000,11300,11301,11300,1
2019-10-24,15:01:42.238000,11300,11301,11300,2
2019-10-24,15:01:42.238000,11300,11301,11300,1
2019-10-24,15:01:42.238000,11300,11301,11300,1
2019-10-24,15:01:42.238000,11300,11301,11300,8
2019-10-24,15:01:42.238000,11300,11301,11300,2
2019-10-24,15:01:42.238000,11300,11301,11300,1
2019-10-24,15:01:42.363000,11300,11301,11300,7
2019-10-24,15:01:42.363000,11300,11301,11300,2
2019-10-24,15:01:42.988000,11299,11301,11301,2
2019-10-24,15:01:43.066000,11299,11301,11300,1
2019-10-24,15:01:43.642000,11299,11300,11300,1
2019-10-24,15:01:44.045000,11299,11301,11301,8
2019-10-24,15:01:44.628000,11300,11301,11300,2
2019-10-24,15:01:44.645000,11300,11301,11301,5
2019-10-24,15:01:45.649000,11300,11301,11301,5
2019-10-24,15:01:45.822000,11300,11301,11301,1
2019-10-24,15:01:47.103000,11300,11301,11300,1
2019-10-24,15:01:47.730000,11300,11301,11300,3
2019-10-24,15:01:49.439000,11300,11301,11301,1
2019-10-24,15:01:50.486000,11300,11301,11301,5
2019-10-24,15:01:51.325000,11300,11301,11300,1
2019-10-24,15:01:52.095000,11300,11301,11301,1
2019-10-24,15:01:52.261000,11300,11301,11301,4
2019-10-24,15:01:52.261000,11300,11301,11302,1
2019-10-24,15:01:55.073000,11300,11301,11300,1
2019-10-24,15:01:55.278000,11300,11301,11301,1
2019-10-24,15:01:57.980000,11300,11301,11300,2
2019-10-24,15:01:58.127000,11300,11301,11301,1
2019-10-24,15:01:58.252000,11300,11301,11301,2
2019-10-24,15:01:58.315000,11300,11301,11301,2
2019-10-24,15:01:58.332000,11300,11301,11301,2
2019-10-24,15:01:58.332000,11300,11301,11302,5
2019-10-24,15:01:59.045000,11300,11301,11301,1
2019-10-24,15:02:00.568000,11301,11302,11301,1
2019-10-24,15:02:00.808000,11301,11302,11302,4
2019-10-24,15:02:00.910000,11301,11302,11302,1
2019-10-24,15:02:00.927000,11301,11302,11302,1
2019-10-24,15:02:00.948000,11301,11302,11302,1
2019-10-24,15:02:00.973000,11301,11302,11302,1
2019-10-24,15:02:00.980000,11301,11302,11302,1
2019-10-24,15:02:00.994000,11301,11302,11302,1
2019-10-24,15:02:01.006000,11301,11302,11302,1
2019-10-24,15:02:01.428000,11301,11302,11302,3
2019-10-24,15:02:01.494000,11301,11302,11302,1
2019-10-24,15:02:01.494000,11301,11302,11302,1
2019-10-24,15:02:01.495000,11301,11302,11302,1
2019-10-24,15:02:01.502000,11301,11302,11302,2
2019-10-24,15:02:01.502000,11301,11302,11302,2
2019-10-24,15:02:01.504000,11301,11302,11302,1
2019-10-24,15:02:01.613000,11301,11302,11302,6
2019-10-24,15:02:02.193000,11301,11303,11303,1
2019-10-24,15:02:02.379000,11302,11303,11303,4
2019-10-24,15:02:02.579000,11302,11303,11303,1
2019-10-24,15:02:02.580000,11302,11303,11303,4
2019-10-24,15:02:02.738000,11302,11303,11303,7
2019-10-24,15:02:02.834000,11302,11303,11303,1
2019-10-24,15:02:02.862000,11302,11303,11303,20
2019-10-24,15:02:02.988000,11302,11303,11303,1
2019-10-24,15:02:03.126000,11302,11303,11302,3
2019-10-24,15:02:03.770000,11302,11303,11303,1
2019-10-24,15:02:04.061000,11302,11303,11302,1
2019-10-24,15:02:04.201000,11302,11303,11302,1
2019-10-24,15:02:04.482000,11302,11303,11302,1
2019-10-24,15:02:05.180000,11302,11303,11302,1
2019-10-24,15:02:08.294000,11302,11303,11303,1
2019-10-24,15:02:08.524000,11302,11303,11302,1
2019-10-24,15:02:08.815000,11302,11303,11302,1
2019-10-24,15:02:09.246000,11302,11303,11303,1
2019-10-24,15:02:09.780000,11302,11303,11303,1
2019-10-24,15:02:09.781000,11302,11303,11303,1
2019-10-24,15:02:09.781000,11302,11303,11303,8
2019-10-24,15:02:09.781000,11302,11303,11303,2
2019-10-24,15:02:09.781000,11302,11303,11303,2
2019-10-24,15:02:10.131000,11303,11304,11303,7
2019-10-24,15:02:10.281000,11302,11303,11303,2
2019-10-24,15:02:10.632000,11302,11304,11304,1
2019-10-24,15:02:11.633000,11302,11304,11304,1
2019-10-24,15:02:13.687000,11302,11303,11303,1
2019-10-24,15:02:15.469000,11302,11303,11302,2
2019-10-24,15:02:15.713000,11302,11303,11302,1
2019-10-24,15:02:16.937000,11302,11303,11303,3
2019-10-24,15:02:17.929000,11302,11304,11303,5
2019-10-24,15:02:20.139000,11303,11304,11304,1
2019-10-24,15:02:20.199000,11303,11304,11304,23
2019-10-24,15:02:20.872000,11304,11305,11304,1
2019-10-24,15:02:21.368000,11304,11305,11305,2
2019-10-24,15:02:22.781000,11304,11305,11305,2
2019-10-24,15:02:22.822000,11304,11305,11304,1
2019-10-24,15:02:23.683000,11304,11305,11304,1
2019-10-24,15:02:24.816000,11304,11305,11305,3
2019-10-24,15:02:25.397000,11304,11305,11305,1
2019-10-24,15:02:26.007000,11304,11305,11305,2
2019-10-24,15:02:26.462000,11304,11305,11305,1
2019-10-24,15:02:26.558000,11304,11305,11304,1
2019-10-24,15:02:26.584000,11304,11305,11305,8
2019-10-24,15:02:27.010000,11305,11306,11305,9
2019-10-24,15:02:27.012000,11305,11306,11305,1
2019-10-24,15:02:27.110000,11305,11306,11305,1
2019-10-24,15:02:27.982000,11305,11306,11306,1
2019-10-24,15:02:28.365000,11305,11306,11305,1
2019-10-24,15:02:29.498000,11305,11306,11306,1
2019-10-24,15:02:30.059000,11305,11306,11306,1
2019-10-24,15:02:30.127000,11305,11306,11306,1
2019-10-24,15:02:30.129000,11305,11306,11306,3
2019-10-24,15:02:30.129000,11305,11306,11306,1
2019-10-24,15:02:30.130000,11305,11306,11306,1
2019-10-24,15:02:30.130000,11305,11306,11306,1
2019-10-24,15:02:30.131000,11305,11306,11306,1
2019-10-24,15:02:30.238000,11305,11306,11306,1
2019-10-24,15:02:30.243000,11305,11306,11306,1
2019-10-24,15:02:30.280000,11305,11306,11306,1
2019-10-24,15:02:30.322000,11305,11306,11306,1
2019-10-24,15:02:30.404000,11305,11306,11306,9
2019-10-24,15:02:30.615000,11306,11307,11306,2
2019-10-24,15:02:31.437000,11306,11307,11307,1
2019-10-24,15:02:31.533000,11306,11307,11306,1
2019-10-24,15:02:31.551000,11306,11307,11307,2
2019-10-24,15:02:31.673000,11306,11307,11306,2
2019-10-24,15:02:31.733000,11306,11307,11306,1
2019-10-24,15:02:32.030000,11306,11307,11307,2
2019-10-24,15:02:33.277000,11306,11307,11306,1
2019-10-24,15:02:33.754000,11306,11307,11307,1
2019-10-24,15:02:34,11306,11307,11307,1
2019-10-24,15:02:34.315000,11306,11307,11307,5
2019-10-24,15:02:34.930000,11306,11307,11306,1
2019-10-24,15:02:35.119000,11306,11307,11306,1
2019-10-24,15:02:35.383000,11306,11307,11307,14
2019-10-24,15:02:35.469000,11306,11307,11307,1
2019-10-24,15:02:35.488000,11307,11308,11307,10
2019-10-24,15:02:35.754000,11307,11308,11307,1
2019-10-24,15:02:35.772000,11307,11308,11308,1
2019-10-24,15:02:35.800000,11307,11308,11307,1
2019-10-24,15:02:35.863000,11307,11308,11307,1
2019-10-24,15:02:35.922000,11307,11308,11307,1
2019-10-24,15:02:35.988000,11306,11307,11307,1
2019-10-24,15:02:36.279000,11307,11308,11307,1
2019-10-24,15:02:36.330000,11307,11308,11307,1
2019-10-24,15:02:37.005000,11307,11308,11307,1
2019-10-24,15:02:37.111000,11307,11308,11307,6
2019-10-24,15:02:37.362000,11306,11307,11307,1
2019-10-24,15:02:37.798000,11306,11307,11307,1
2019-10-24,15:02:38.209000,11306,11307,11307,1
2019-10-24,15:02:38.818000,11306,11307,11307,6
2019-10-24,15:02:39.255000,11306,11308,11306,3
2019-10-24,15:02:39.725000,11307,11308,11307,1
2019-10-24,15:02:39.745000,11307,11308,11308,1
2019-10-24,15:02:42.591000,11307,11308,11308,1
2019-10-24,15:02:42.823000,11307,11308,11308,3
2019-10-24,15:02:43.746000,11307,11308,11308,1
2019-10-24,15:02:44.203000,11307,11308,11308,1
2019-10-24,15:02:44.652000,11307,11308,11308,1
2019-10-24,15:02:45.213000,11307,11308,11307,2
2019-10-24,15:02:45.916000,11307,11308,11308,1
2019-10-24,15:02:46.335000,11307,11308,11308,2
2019-10-24,15:02:46.506000,11307,11308,11307,10
2019-10-24,15:02:46.625000,11307,11308,11308,15
2019-10-24,15:02:47.233000,11307,11308,11308,1
2019-10-24,15:02:47.647000,11307,11308,11308,1
2019-10-24,15:02:48.030000,11307,11308,11307,1
2019-10-24,15:02:49.359000,11307,11308,11307,1
2019-10-24,15:02:49.576000,11307,11308,11308,1
2019-10-24,15:02:50.713000,11307,11308,11307,1
2019-10-24,15:02:51.668000,11307,11308,11308,1
2019-10-24,15:02:52.357000,11307,11308,11308,1
2019-10-24,15:02:52.772000,11307,11308,11307,1
2019-10-24,15:02:52.810000,11307,11308,11307,1
2019-10-24,15:02:53.487000,11307,11308,11307,26
2019-10-24,15:02:53.562000,11307,11308,11307,2
2019-10-24,15:02:53.825000,11306,11307,11306,1
2019-10-24,15:02:54.077000,11306,11307,11307,1
2019-10-24,15:02:54.344000,11306,11307,11307,1
2019-10-24,15:02:54.469000,11306,11307,11306,1
2019-10-24,15:02:55.187000,11306,11307,11307,1
2019-10-24,15:02:55.561000,11306,11307,11307,1
2019-10-24,15:02:55.681000,11306,11307,11307,1
2019-10-24,15:02:55.763000,11306,11307,11307,1
2019-10-24,15:02:56.011000,11306,11307,11307,2
2019-10-24,15:02:56.079000,11306,11307,11307,1
2019-10-24,15:02:58.021000,11306,11307,11306,23
2019-10-24,15:02:58.453000,11305,11306,11305,1
2019-10-24,15:02:58.683000,11305,11306,11306,10
2019-10-24,15:02:58.760000,11305,11306,11305,2
2019-10-24,15:02:59.364000,11305,11306,11305,1
2019-10-24,15:02:59.959000,11305,11306,11305,1
2019-10-24,15:03:00.070000,11305,11306,11306,5
2019-10-24,15:03:00.343000,11305,11306,11306,1
2019-10-24,15:03:01.144000,11305,11306,11305,1
2019-10-24,15:03:01.636000,11305,11306,11305,1
2019-10-24,15:03:02.112000,11305,11306,11306,1
2019-10-24,15:03:02.201000,11305,11306,11305,2
2019-10-24,15:03:02.378000,11305,11306,11305,1
2019-10-24,15:03:03.693000,11305,11306,11305,1
2019-10-24,15:03:03.863000,11305,11306,11306,2
2019-10-24,15:03:03.863000,11305,11306,11307,3
2019-10-24,15:03:04.675000,11305,11306,11306,1
2019-10-24,15:03:04.881000,11305,11307,11305,1
2019-10-24,15:03:07.272000,11306,11307,11306,4
2019-10-24,15:03:07.891000,11306,11307,11306,1
2019-10-24,15:03:08.977000,11306,11307,11307,1
2019-10-24,15:03:09.954000,11306,11307,11306,1
2019-10-24,15:03:10.475000,11306,11307,11307,3
2019-10-24,15:03:12.653000,11306,11307,11306,6
2019-10-24,15:03:13.096000,11305,11306,11306,1
2019-10-24,15:03:13.189000,11305,11307,11305,2
2019-10-24,15:03:13.634000,11305,11306,11306,3
2019-10-24,15:03:14.635000,11305,11306,11306,1
2019-10-24,15:03:14.636000,11305,11306,11306,4
2019-10-24,15:03:14.637000,11305,11306,11306,1
2019-10-24,15:03:16.468000,11305,11306,11306,1
2019-10-24,15:03:16.567000,11305,11306,11306,5
2019-10-24,15:03:16.567000,11305,11306,11307,3
2019-10-24,15:03:16.975000,11305,11306,11305,1
2019-10-24,15:03:17.198000,11305,11306,11306,1
2019-10-24,15:03:18.653000,11305,11306,11306,1
2019-10-24,15:03:19.636000,11305,11306,11306,1
2019-10-24,15:03:20.643000,11305,11306,11306,5
2019-10-24,15:03:21.048000,11306,11307,11306,1
2019-10-24,15:03:25.272000,11306,11307,11307,1
2019-10-24,15:03:25.845000,11306,11307,11306,1
2019-10-24,15:03:26.363000,11306,11307,11307,12
2019-10-24,15:03:26.603000,11306,11307,11307,20
2019-10-24,15:03:26.613000,11307,11308,11307,5
2019-10-24,15:03:26.711000,11307,11308,11307,5
2019-10-24,15:03:26.960000,11306,11308,11307,10
2019-10-24,15:03:27.845000,11307,11308,11307,1
2019-10-24,15:03:31.011000,11307,11308,11307,1
2019-10-24,15:03:31.499000,11307,11308,11308,1
2019-10-24,15:03:31.545000,11307,11308,11307,1
2019-10-24,15:03:31.774000,11307,11308,11308,2
2019-10-24,15:03:31.777000,11307,11308,11307,1
2019-10-24,15:03:31.862000,11307,11308,11308,10
2019-10-24,15:03:31.987000,11307,11308,11308,3
2019-10-24,15:03:32.112000,11307,11308,11308,3
2019-10-24,15:03:32.113000,11307,11308,11308,5
2019-10-24,15:03:33.040000,11307,11308,11308,22
2019-10-24,15:03:33.801000,11308,11309,11308,1
2019-10-24,15:03:34.725000,11308,11309,11308,1
2019-10-24,15:03:35.112000,11308,11309,11308,1
2019-10-24,15:03:35.753000,11307,11309,11307,4
2019-10-24,15:03:36.228000,11307,11308,11308,2
2019-10-24,15:03:38.627000,11307,11308,11308,3
2019-10-24,15:03:38.967000,11308,11309,11308,1
2019-10-24,15:03:38.987000,11308,11309,11308,1
2019-10-24,15:03:39.509000,11307,11308,11308,1
2019-10-24,15:03:40.362000,11308,11309,11308,1
2019-10-24,15:03:40.560000,11307,11309,11308,1
2019-10-24,15:03:41.250000,11308,11309,11308,2
2019-10-24,15:03:42.302000,11308,11309,11308,1
2019-10-24,15:03:42.370000,11308,11309,11308,1
2019-10-24,15:03:43.923000,11308,11309,11308,1
2019-10-24,15:03:43.923000,11308,11309,11308,1
2019-10-24,15:03:43.923000,11308,11309,11308,1
2019-10-24,15:03:43.924000,11308,11309,11308,1
2019-10-24,15:03:43.924000,11308,11309,11308,1
2019-10-24,15:03:44.484000,11308,11309,11308,1
2019-10-24,15:03:45.101000,11308,11309,11308,1
2019-10-24,15:03:45.362000,11308,11309,11308,1
2019-10-24,15:03:46.463000,11308,11309,11308,1
2019-10-24,15:03:46.818000,11308,11309,11308,5
2019-10-24,15:03:46.953000,11308,11309,11308,1
2019-10-24,15:03:47.213000,11308,11309,11308,2
2019-10-24,15:03:48.784000,11307,11308,11307,1
2019-10-24,15:03:50.621000,11307,11308,11308,1
2019-10-24,15:03:51.532000,11307,11308,11307,2
2019-10-24,15:03:51.700000,11307,11308,11308,1
2019-10-24,15:03:51.754000,11307,11308,11307,2
2019-10-24,15:03:51.817000,11307,11308,11307,12
2019-10-24,15:03:51.882000,11306,11308,11307,1
2019-10-24,15:03:52.083000,11306,11307,11307,1
2019-10-24,15:03:52.224000,11306,11307,11307,1
2019-10-24,15:03:52.316000,11306,11307,11307,1
2019-10-24,15:03:52.367000,11306,11307,11307,1
2019-10-24,15:03:52.518000,11306,11307,11307,1
2019-10-24,15:03:52.581000,11306,11307,11306,1
2019-10-24,15:03:53.270000,11306,11307,11307,1
2019-10-24,15:03:56.358000,11306,11307,11307,1
2019-10-24,15:03:57.968000,11306,11307,11307,1
2019-10-24,15:03:58.663000,11306,11307,11307,1
2019-10-24,15:03:59.511000,11306,11307,11307,2
2019-10-24,15:04:00.694000,11306,11307,11307,2
2019-10-24,15:04:00.849000,11306,11307,11307,1
2019-10-24,15:04:00.963000,11306,11307,11307,4
2019-10-24,15:04:02.743000,11306,11307,11307,1
2019-10-24,15:04:03.856000,11306,11307,11307,1
2019-10-24,15:04:05.896000,11306,11307,11307,1
2019-10-24,15:04:06.009000,11306,11307,11307,1
2019-10-24,15:04:06.050000,11306,11307,11307,1
2019-10-24,15:04:07.709000,11306,11307,11307,3
2019-10-24,15:04:08.289000,11306,11307,11307,1
2019-10-24,15:04:09.261000,11306,11307,11307,7
2019-10-24,15:04:14.523000,11306,11307,11307,1
2019-10-24,15:04:15.441000,11306,11307,11307,2
2019-10-24,15:04:16.957000,11306,11307,11307,1
2019-10-24,15:04:17.861000,11306,11307,11307,1
2019-10-24,15:04:21.250000,11306,11307,11307,1
2019-10-24,15:04:25.332000,11306,11307,11306,1
2019-10-24,15:04:25.567000,11306,11307,11306,1
2019-10-24,15:04:29.251000,11306,11307,11306,3
2019-10-24,15:04:29.696000,11306,11307,11306,1
2019-10-24,15:04:30.210000,11306,11307,11307,1
2019-10-24,15:04:30.606000,11306,11307,11306,1
2019-10-24,15:04:30.760000,11306,11307,11307,3
2019-10-24,15:04:31.949000,11306,11307,11306,2
2019-10-24,15:04:33.240000,11306,11307,11306,1
2019-10-24,15:04:35.951000,11306,11307,11306,3
2019-10-24,15:04:35.987000,11306,11307,11306,11
2019-10-24,15:04:35.987000,11306,11307,11306,3
2019-10-24,15:04:36.113000,11306,11307,11306,6
2019-10-24,15:04:36.113000,11306,11307,11306,5
2019-10-24,15:04:36.113000,11306,11307,11306,15
2019-10-24,15:04:36.244000,11305,11307,11306,2
2019-10-24,15:04:37.656000,11305,11306,11306,1
2019-10-24,15:04:38.253000,11305,11307,11305,6
2019-10-24,15:04:39.325000,11305,11306,11306,2
2019-10-24,15:04:39.965000,11305,11306,11306,1
2019-10-24,15:04:40.155000,11305,11306,11306,2
2019-10-24,15:04:41.489000,11305,11306,11305,1
2019-10-24,15:04:44.791000,11305,11306,11305,5
2019-10-24,15:04:45.182000,11305,11306,11306,1
2019-10-24,15:04:45.329000,11305,11306,11306,3
2019-10-24,15:04:47.019000,11305,11306,11306,1
2019-10-24,15:04:47.025000,11305,11306,11306,5
2019-10-24,15:04:48.008000,11305,11306,11306,1
2019-10-24,15:04:52.939000,11305,11306,11305,1
2019-10-24,15:04:53.848000,11305,11306,11306,1
2019-10-24,15:04:54.451000,11305,11306,11305,1
2019-10-24,15:04:54.744000,11305,11306,11306,10
2019-10-24,15:04:55.371000,11305,11306,11305,1
2019-10-24,15:04:55.675000,11305,11306,11305,1
2019-10-24,15:04:55.786000,11305,11306,11305,14
2019-10-24,15:04:55.786000,11305,11306,11305,11
2019-10-24,15:04:55.787000,11305,11306,11305,4
2019-10-24,15:04:56.321000,11304,11305,11305,1
2019-10-24,15:04:56.754000,11304,11305,11305,1
2019-10-24,15:04:57.653000,11304,11305,11304,2
2019-10-24,15:04:58.504000,11304,11305,11305,1
2019-10-24,15:04:59.249000,11304,11305,11305,1
2019-10-24,15:04:59.717000,11304,11305,11305,1
2019-10-24,15:05:01.479000,11304,11305,11305,1
2019-10-24,15:05:01.724000,11304,11305,11305,1
2019-10-24,15:05:01.869000,11304,11305,11305,3
2019-10-24,15:05:01.980000,11304,11305,11304,2
2019-10-24,15:05:02.623000,11304,11305,11305,1
2019-10-24,15:05:02.650000,11304,11305,11305,1
2019-10-24,15:05:03.167000,11304,11305,11305,1
2019-10-24,15:05:05.821000,11304,11305,11305,1
2019-10-24,15:05:08.371000,11304,11305,11305,1
2019-10-24,15:05:08.396000,11304,11305,11305,2
2019-10-24,15:05:09.300000,11304,11305,11305,3
2019-10-24,15:05:09.362000,11304,11305,11305,6
2019-10-24,15:05:12.988000,11305,11306,11305,2
2019-10-24,15:05:13.113000,11305,11306,11305,2
2019-10-24,15:05:13.237000,11305,11306,11305,2
2019-10-24,15:05:15.380000,11304,11305,11304,5
2019-10-24,15:05:15.717000,11304,11305,11305,1
2019-10-24,15:05:16.184000,11304,11305,11304,2
2019-10-24,15:05:19.693000,11304,11305,11304,1
2019-10-24,15:05:21.717000,11304,11305,11305,5
2019-10-24,15:05:22.368000,11304,11305,11304,1
2019-10-24,15:05:24.175000,11304,11305,11304,5
2019-10-24,15:05:25.149000,11304,11305,11304,1
2019-10-24,15:05:25.184000,11304,11305,11304,1
2019-10-24,15:05:25.211000,11304,11305,11304,1
2019-10-24,15:05:25.222000,11304,11305,11304,2
2019-10-24,15:05:26.466000,11304,11305,11304,1
2019-10-24,15:05:26.786000,11304,11305,11305,2
2019-10-24,15:05:28.923000,11304,11305,11304,5
2019-10-24,15:05:32.275000,11303,11304,11303,2
2019-10-24,15:05:36.987000,11303,11304,11304,6
2019-10-24,15:05:37.299000,11303,11305,11304,2
2019-10-24,15:05:41.062000,11304,11305,11304,5
2019-10-24,15:05:44.362000,11304,11305,11304,1
2019-10-24,15:05:45.996000,11304,11305,11304,2
2019-10-24,15:05:46.621000,11304,11305,11304,1
2019-10-24,15:05:48.343000,11304,11305,11304,1
2019-10-24,15:05:49.009000,11304,11305,11305,1
2019-10-24,15:05:53.543000,11304,11305,11305,6
2019-10-24,15:05:53.612000,11304,11305,11305,11
2019-10-24,15:05:55.863000,11304,11305,11305,18
2019-10-24,15:06:00.517000,11305,11306,11305,1
2019-10-24,15:06:00.734000,11305,11306,11305,1
2019-10-24,15:06:01.010000,11305,11306,11305,1
2019-10-24,15:06:01.705000,11305,11306,11306,1
2019-10-24,15:06:01.710000,11305,11306,11306,1
2019-10-24,15:06:01.717000,11305,11306,11306,1
2019-10-24,15:06:01.729000,11305,11306,11306,1
2019-10-24,15:06:03.341000,11305,11306,11305,1
2019-10-24,15:06:04.836000,11305,11306,11306,1
2019-10-24,15:06:05.311000,11305,11306,11306,2
2019-10-24,15:06:07.012000,11305,11306,11306,1
2019-10-24,15:06:07.046000,11305,11306,11305,20
2019-10-24,15:06:07.047000,11305,11306,11305,1
2019-10-24,15:06:07.145000,11305,11306,11305,2
2019-10-24,15:06:07.145000,11305,11306,11305,2
2019-10-24,15:06:07.238000,11305,11306,11305,2
2019-10-24,15:06:07.248000,11305,11306,11305,2
2019-10-24,15:06:07.488000,11304,11305,11304,1
2019-10-24,15:06:08.368000,11304,11305,11305,1
2019-10-24,15:06:08.782000,11304,11305,11305,1
2019-10-24,15:06:10.058000,11304,11305,11305,1
2019-10-24,15:06:10.240000,11304,11305,11305,3
2019-10-24,15:06:10.533000,11305,11306,11305,1
2019-10-24,15:06:10.770000,11304,11305,11305,1
2019-10-24,15:06:11.811000,11304,11305,11305,2
2019-10-24,15:06:14.593000,11305,11306,11305,1
2019-10-24,15:06:15.402000,11304,11305,11305,1
2019-10-24,15:06:15.968000,11304,11305,11305,1
2019-10-24,15:06:17.374000,11304,11305,11305,1
2019-10-24,15:06:18.553000,11304,11305,11305,1
2019-10-24,15:06:18.670000,11305,11306,11305,5
2019-10-24,15:06:19.721000,11305,11306,11305,1
2019-10-24,15:06:20.569000,11305,11306,11305,1
2019-10-24,15:06:20.723000,11305,11306,11305,1
2019-10-24,15:06:23.379000,11305,11306,11305,1
2019-10-24,15:06:25.261000,11305,11306,11305,1
2019-10-24,15:06:26.637000,11305,11306,11306,2
2019-10-24,15:06:27.372000,11305,11306,11305,2
2019-10-24,15:06:29.363000,11305,11306,11306,3
2019-10-24,15:06:29.487000,11305,11306,11306,8
2019-10-24,15:06:36.700000,11305,11306,11306,1
2019-10-24,15:06:38.673000,11305,11306,11306,4
2019-10-24,15:06:41.937000,11305,11306,11305,22
2019-10-24,15:06:41.938000,11305,11306,11305,3
2019-10-24,15:06:41.938000,11305,11306,11305,3
2019-10-24,15:06:41.938000,11305,11306,11305,3
2019-10-24,15:06:41.938000,11305,11306,11305,2
2019-10-24,15:06:41.988000,11304,11305,11305,3
2019-10-24,15:06:42.821000,11304,11305,11305,1
2019-10-24,15:06:44.287000,11304,11305,11304,5
2019-10-24,15:06:44.765000,11304,11305,11305,1
2019-10-24,15:06:46.209000,11304,11305,11305,1
2019-10-24,15:06:46.733000,11304,11305,11305,1
2019-10-24,15:06:50.857000,11304,11305,11305,2
2019-10-24,15:06:52.429000,11304,11305,11305,3
2019-10-24,15:06:53.224000,11304,11305,11305,1
2019-10-24,15:06:56.540000,11304,11305,11304,1
2019-10-24,15:07:04.474000,11304,11305,11304,1
2019-10-24,15:07:05.437000,11304,11305,11305,1
2019-10-24,15:07:05.450000,11304,11305,11305,1
2019-10-24,15:07:10.295000,11304,11305,11305,1
2019-10-24,15:07:12.897000,11304,11305,11305,1
2019-10-24,15:07:19.407000,11304,11305,11304,1
2019-10-24,15:07:19.945000,11304,11305,11304,4
2019-10-24,15:07:21.071000,11304,11305,11304,7
2019-10-24,15:07:21.071000,11304,11305,11304,7
2019-10-24,15:07:21.072000,11304,11305,11304,1
2019-10-24,15:07:21.072000,11304,11305,11304,2
2019-10-24,15:07:22.398000,11303,11304,11303,1
2019-10-24,15:07:22.804000,11303,11304,11303,15
2019-10-24,15:07:22.855000,11303,11304,11304,1
2019-10-24,15:07:23.017000,11302,11304,11302,1
2019-10-24,15:07:23.328000,11302,11304,11302,1
2019-10-24,15:07:26.543000,11302,11304,11302,1
2019-10-24,15:07:30.038000,11302,11303,11302,1
2019-10-24,15:07:30.564000,11302,11303,11303,2
2019-10-24,15:07:30.620000,11302,11303,11303,1
2019-10-24,15:07:35.701000,11302,11303,11303,1
2019-10-24,15:07:51.907000,11302,11303,11303,1
2019-10-24,15:07:52.463000,11302,11303,11302,1
2019-10-24,15:07:59.478000,11302,11303,11302,1
2019-10-24,15:07:59.837000,11302,11303,11303,1
2019-10-24,15:08:02.028000,11302,11303,11302,3
2019-10-24,15:08:02.334000,11302,11303,11303,1
2019-10-24,15:08:03.156000,11302,11303,11302,1
2019-10-24,15:08:03.285000,11302,11303,11303,1
2019-10-24,15:08:03.819000,11302,11303,11303,1
2019-10-24,15:08:04.882000,11302,11303,11303,1
2019-10-24,15:08:07.792000,11302,11303,11303,1
2019-10-24,15:08:07.999000,11302,11303,11303,1
2019-10-24,15:08:09.168000,11302,11303,11303,1
2019-10-24,15:08:09.699000,11302,11303,11302,1
2019-10-24,15:08:11.274000,11302,11303,11303,1
2019-10-24,15:08:13.033000,11302,11303,11303,3
2019-10-24,15:08:16.879000,11302,11303,11302,1
2019-10-24,15:08:19.217000,11302,11303,11302,1
2019-10-24,15:08:22.043000,11302,11303,11302,1
2019-10-24,15:08:25.216000,11302,11303,11302,1
2019-10-24,15:08:28.417000,11302,11303,11302,1
2019-10-24,15:08:29.190000,11302,11303,11303,1
2019-10-24,15:08:29.324000,11302,11303,11302,1
2019-10-24,15:08:32.483000,11302,11303,11302,2
2019-10-24,15:08:33.154000,11302,11303,11302,10
2019-10-24,15:08:34.319000,11302,11303,11302,1
2019-10-24,15:08:35.661000,11302,11303,11302,1
2019-10-24,15:08:35.940000,11302,11303,11302,1
2019-10-24,15:08:39.172000,11302,11303,11302,1
2019-10-24,15:08:39.625000,11302,11303,11303,1
2019-10-24,15:08:48.239000,11302,11303,11302,1
2019-10-24,15:08:51.599000,11302,11303,11302,2
2019-10-24,15:08:53.878000,11302,11303,11302,1
2019-10-24,15:08:54.069000,11302,11303,11302,5
2019-10-24,15:08:54.691000,11302,11303,11302,1
2019-10-24,15:08:56.831000,11302,11303,11302,1
2019-10-24,15:08:59.452000,11301,11302,11302,2
2019-10-24,15:08:59.646000,11301,11302,11302,2
2019-10-24,15:09:00.225000,11302,11303,11302,1
2019-10-24,15:09:00.646000,11302,11303,11303,1
2019-10-24,15:09:01.108000,11302,11303,11303,1
2019-10-24,15:09:03.368000,11302,11303,11302,1
2019-10-24,15:09:04.679000,11301,11302,11301,1
2019-10-24,15:09:13.045000,11301,11302,11302,1
2019-10-24,15:09:13.754000,11301,11302,11302,5
2019-10-24,15:09:16.537000,11301,11302,11301,5
2019-10-24,15:09:20.752000,11301,11302,11302,2
2019-10-24,15:09:23.016000,11301,11302,11301,1
2019-10-24,15:09:23.960000,11301,11302,11302,1
2019-10-24,15:09:24.957000,11301,11302,11302,10
2019-10-24,15:09:26.847000,11302,11303,11303,5
2019-10-24,15:09:29.884000,11302,11303,11302,3
2019-10-24,15:09:30.059000,11301,11302,11302,1
2019-10-24,15:09:46.236000,11301,11302,11301,5
2019-10-24,15:09:46.464000,11301,11302,11301,1
2019-10-24,15:09:49.353000,11301,11302,11301,1
2019-10-24,15:09:54.150000,11301,11302,11301,1
2019-10-24,15:09:55.626000,11301,11302,11301,1
2019-10-24,15:09:58.942000,11301,11302,11301,1
2019-10-24,15:10:00.180000,11301,11302,11301,1
2019-10-24,15:10:00.237000,11301,11302,11301,6
2019-10-24,15:10:00.238000,11301,11302,11301,2
2019-10-24,15:10:00.362000,11301,11302,11301,12
2019-10-24,15:10:00.363000,11301,11302,11301,4
2019-10-24,15:10:00.744000,11300,11301,11300,1
2019-10-24,15:10:00.750000,11300,11301,11300,2
2019-10-24,15:10:00.972000,11300,11301,11300,1
2019-10-24,15:10:01.009000,11300,11301,11300,1
2019-10-24,15:10:04.799000,11300,11301,11301,1
2019-10-24,15:10:08.901000,11300,11301,11301,1
2019-10-24,15:10:10.577000,11300,11301,11301,2
2019-10-24,15:10:12.256000,11300,11301,11301,2
2019-10-24,15:10:13.928000,11300,11301,11300,1
2019-10-24,15:10:14.016000,11300,11301,11300,2
2019-10-24,15:10:16.145000,11300,11301,11301,1
2019-10-24,15:10:19.971000,11300,11301,11300,1
2019-10-24,15:10:22.403000,11300,11301,11301,1
2019-10-24,15:10:30.487000,11300,11301,11301,1
2019-10-24,15:10:32.218000,11300,11301,11301,1
2019-10-24,15:10:32.421000,11300,11301,11300,1
2019-10-24,15:10:37.305000,11300,11301,11300,3
2019-10-24,15:10:37.371000,11300,11301,11300,1
2019-10-24,15:10:39.242000,11300,11301,11300,1
2019-10-24,15:10:40.184000,11300,11301,11300,1
2019-10-24,15:10:40.543000,11300,11301,11300,1
2019-10-24,15:10:42.868000,11300,11301,11300,2
2019-10-24,15:10:44.041000,11300,11301,11300,3
2019-10-24,15:10:45.756000,11300,11301,11300,5
2019-10-24,15:10:46.437000,11300,11301,11300,3
2019-10-24,15:10:48.335000,11300,11301,11300,3
2019-10-24,15:10:49.695000,11300,11301,11301,1
2019-10-24,15:10:49.993000,11300,11301,11300,4
2019-10-24,15:10:50.724000,11300,11301,11300,8
2019-10-24,15:10:53.733000,11300,11301,11300,1
2019-10-24,15:10:54.483000,11300,11301,11300,1
2019-10-24,15:10:55.574000,11300,11301,11300,5
2019-10-24,15:10:57.113000,11300,11301,11300,1
2019-10-24,15:10:57.989000,11300,11301,11300,1
2019-10-24,15:11:03.745000,11300,11301,11301,1
2019-10-24,15:11:12.673000,11300,11301,11300,2
2019-10-24,15:11:24.732000,11300,11301,11300,1
2019-10-24,15:11:33.770000,11300,11301,11301,1
2019-10-24,15:11:38.654000,11300,11301,11300,1
2019-10-24,15:11:40.146000,11300,11301,11300,1
2019-10-24,15:11:40.408000,11300,11301,11300,1
2019-10-24,15:11:49.404000,11300,11301,11301,1
2019-10-24,15:11:58.400000,11300,11301,11301,1
2019-10-24,15:12:03.200000,11300,11301,11301,1
2019-10-24,15:12:03.671000,11300,11301,11301,1
2019-10-24,15:12:04.161000,11300,11301,11300,1
2019-10-24,15:12:06.164000,11300,11301,11301,1
2019-10-24,15:12:13.046000,11300,11301,11301,1
2019-10-24,15:12:18.040000,11300,11301,11300,1
2019-10-24,15:12:19.386000,11300,11301,11300,1
2019-10-24,15:12:21.131000,11300,11301,11301,2
2019-10-24,15:12:21.229000,11300,11301,11301,2
2019-10-24,15:12:24.910000,11300,11301,11300,5
2019-10-24,15:12:25.166000,11300,11301,11300,5
2019-10-24,15:12:30.290000,11300,11301,11300,1
2019-10-24,15:12:30.511000,11300,11301,11300,1
2019-10-24,15:12:31.572000,11300,11301,11300,27
2019-10-24,15:12:33.137000,11299,11300,11299,1
2019-10-24,15:12:33.321000,11299,11300,11299,10
2019-10-24,15:12:33.987000,11299,11300,11299,4
2019-10-24,15:12:34.112000,11299,11300,11299,3
2019-10-24,15:12:34.716000,11299,11300,11299,1
2019-10-24,15:12:35.261000,11299,11300,11299,2
2019-10-24,15:12:36.142000,11299,11300,11300,1
2019-10-24,15:12:37.274000,11299,11300,11299,2
2019-10-24,15:12:40.761000,11299,11300,11299,1
2019-10-24,15:12:45.217000,11299,11300,11299,1
2019-10-24,15:12:45.333000,11299,11300,11299,1
2019-10-24,15:12:46.573000,11299,11300,11299,1
2019-10-24,15:12:47.501000,11299,11300,11299,4
2019-10-24,15:12:48.621000,11299,11300,11299,7
2019-10-24,15:12:57.508000,11298,11299,11299,1
2019-10-24,15:12:58.360000,11298,11299,11298,2
2019-10-24,15:13:00.887000,11298,11299,11299,2
2019-10-24,15:13:01.989000,11298,11299,11298,1
2019-10-24,15:13:03.902000,11298,11299,11298,50
2019-10-24,15:13:04.866000,11297,11298,11298,1
2019-10-24,15:13:05.168000,11297,11298,11298,3
2019-10-24,15:13:06.139000,11297,11298,11297,2
2019-10-24,15:13:09.530000,11297,11298,11297,1
2019-10-24,15:13:10.003000,11297,11298,11297,1
2019-10-24,15:13:11.200000,11297,11298,11297,3
2019-10-24,15:13:12.506000,11297,11298,11297,5
2019-10-24,15:13:13.055000,11297,11298,11297,1
2019-10-24,15:13:13.109000,11297,11298,11297,2
2019-10-24,15:13:13.625000,11297,11298,11297,1
2019-10-24,15:13:14.070000,11297,11298,11297,1
2019-10-24,15:13:14.796000,11297,11298,11297,1
2019-10-24,15:13:15.752000,11297,11298,11297,1
2019-10-24,15:13:16.096000,11297,11298,11298,1
2019-10-24,15:13:16.114000,11297,11298,11297,2
2019-10-24,15:13:17.497000,11297,11298,11297,1
2019-10-24,15:13:19.030000,11297,11298,11297,1
2019-10-24,15:13:20.614000,11297,11298,11297,4
2019-10-24,15:13:22.233000,11297,11298,11297,2
2019-10-24,15:13:23.806000,11296,11297,11297,2
2019-10-24,15:13:25.861000,11296,11297,11297,1
2019-10-24,15:13:25.997000,11296,11297,11297,1
2019-10-24,15:13:28.022000,11296,11297,11297,1
2019-10-24,15:13:28.628000,11296,11297,11297,1
2019-10-24,15:13:29.415000,11296,11297,11297,2
2019-10-24,15:13:30.193000,11296,11297,11296,5
2019-10-24,15:13:30.516000,11296,11297,11296,1
2019-10-24,15:13:30.901000,11296,11297,11296,3
2019-10-24,15:13:32.514000,11296,11297,11296,1
2019-10-24,15:13:33.622000,11296,11297,11297,5
2019-10-24,15:13:33.916000,11297,11298,11297,2
2019-10-24,15:13:35.884000,11297,11298,11297,1
2019-10-24,15:13:37.588000,11297,11298,11298,2
2019-10-24,15:13:37.957000,11297,11298,11297,1
2019-10-24,15:13:38.270000,11297,11298,11298,1
2019-10-24,15:13:39.560000,11297,11298,11298,1
2019-10-24,15:13:40.310000,11297,11298,11297,1
2019-10-24,15:13:42.180000,11297,11298,11298,1
2019-10-24,15:13:45.512000,11297,11298,11297,1
2019-10-24,15:13:46.600000,11297,11298,11297,1
2019-10-24,15:13:48.207000,11297,11298,11297,3
2019-10-24,15:13:52.067000,11297,11298,11297,1
2019-10-24,15:13:52.269000,11297,11298,11297,1
2019-10-24,15:13:55.376000,11297,11298,11297,1
2019-10-24,15:13:56.684000,11297,11298,11297,2
2019-10-24,15:14:08.575000,11297,11298,11297,1
2019-10-24,15:14:13.427000,11297,11298,11297,1
2019-10-24,15:14:17.895000,11297,11298,11298,1
2019-10-24,15:14:18.488000,11297,11298,11298,22
2019-10-24,15:14:19.417000,11298,11299,11298,1
2019-10-24,15:14:20.022000,11298,11299,11299,1
2019-10-24,15:14:24.788000,11298,11299,11298,1
2019-10-24,15:14:26.700000,11298,11299,11299,1
2019-10-24,15:14:28.333000,11298,11299,11298,1
2019-10-24,15:14:28.404000,11298,11299,11298,2
2019-10-24,15:14:30.993000,11297,11298,11298,1
2019-10-24,15:14:34.248000,11297,11298,11298,1
2019-10-24,15:14:34.357000,11297,11298,11298,1
2019-10-24,15:14:35.501000,11297,11299,11299,2
2019-10-24,15:14:37.948000,11298,11299,11298,5
2019-10-24,15:14:49.105000,11298,11299,11298,2
2019-10-24,15:14:54.584000,11298,11299,11298,2
2019-10-24,15:14:56.015000,11298,11299,11299,1
2019-10-24,15:14:57.389000,11298,11299,11298,1
2019-10-24,15:14:57.643000,11298,11299,11298,1
2019-10-24,15:15:00.157000,11298,11299,11299,2
2019-10-24,15:15:00.157000,11298,11299,11299,1
2019-10-24,15:15:00.157000,11298,11299,11299,4
2019-10-24,15:15:00.157000,11298,11299,11299,3
2019-10-24,15:15:00.180000,11298,11299,11300,5
2019-10-24,15:15:00.180000,11298,11299,11300,1
2019-10-24,15:15:00.238000,11299,11300,11300,14
2019-10-24,15:15:00.267000,11299,11300,11300,2
2019-10-24,15:15:00.299000,11299,11300,11300,2
2019-10-24,15:15:00.493000,11300,11301,11301,2
2019-10-24,15:15:00.610000,11300,11301,11301,2
2019-10-24,15:15:00.612000,11300,11301,11301,4
2019-10-24,15:15:00.817000,11300,11301,11301,1
2019-10-24,15:15:00.834000,11300,11301,11301,1
2019-10-24,15:15:01.091000,11300,11301,11301,3
2019-10-24,15:15:01.091000,11300,11301,11301,3
2019-10-24,15:15:01.104000,11300,11301,11302,1
2019-10-24,15:15:01.126000,11301,11302,11302,1
2019-10-24,15:15:01.128000,11301,11302,11302,1
2019-10-24,15:15:01.222000,11301,11302,11302,1
2019-10-24,15:15:01.237000,11301,11302,11302,4
2019-10-24,15:15:01.238000,11301,11302,11301,2
2019-10-24,15:15:01.363000,11301,11302,11301,2
2019-10-24,15:15:01.423000,11301,11302,11302,2
2019-10-24,15:15:01.488000,11301,11302,11302,1
2019-10-24,15:15:01.488000,11301,11302,11301,2
2019-10-24,15:15:01.488000,11301,11302,11302,1
2019-10-24,15:15:01.489000,11301,11302,11302,1
2019-10-24,15:15:01.497000,11301,11302,11301,4
2019-10-24,15:15:01.504000,11301,11302,11301,4
2019-10-24,15:15:01.613000,11301,11302,11301,2
2019-10-24,15:15:01.700000,11301,11302,11301,2
2019-10-24,15:15:01.816000,11300,11302,11301,1
2019-10-24,15:15:01.818000,11300,11302,11301,1
2019-10-24,15:15:01.818000,11300,11302,11302,1
2019-10-24,15:15:01.853000,11300,11302,11302,1
2019-10-24,15:15:01.921000,11300,11302,11301,1
2019-10-24,15:15:04.096000,11301,11302,11302,1
2019-10-24,15:15:05.046000,11301,11302,11302,1
2019-10-24,15:15:05.065000,11301,11302,11302,2
2019-10-24,15:15:05.230000,11301,11302,11302,1
2019-10-24,15:15:05.357000,11301,11302,11302,1
2019-10-24,15:15:05.523000,11301,11302,11302,2
2019-10-24,15:15:05.978000,11302,11303,11302,3
2019-10-24,15:15:06.448000,11301,11302,11302,1
2019-10-24,15:15:06.523000,11301,11302,11302,1
2019-10-24,15:15:07.023000,11301,11302,11302,1
2019-10-24,15:15:07.289000,11301,11302,11302,1
2019-10-24,15:15:07.308000,11301,11302,11302,1
2019-10-24,15:15:07.922000,11301,11302,11302,1
2019-10-24,15:15:12.064000,11302,11303,11303,2
2019-10-24,15:15:12.123000,11302,11303,11303,9
2019-10-24,15:15:12.467000,11302,11303,11303,1
2019-10-24,15:15:12.685000,11302,11303,11303,2
2019-10-24,15:15:12.806000,11302,11303,11303,2
2019-10-24,15:15:14.574000,11303,11304,11304,4
2019-10-24,15:15:15.238000,11303,11304,11304,1
2019-10-24,15:15:15.868000,11303,11304,11304,1
2019-10-24,15:15:16.875000,11303,11304,11304,1
2019-10-24,15:15:19.580000,11303,11304,11304,10
2019-10-24,15:15:20.047000,11303,11304,11304,2
2019-10-24,15:15:21.558000,11303,11304,11304,1
2019-10-24,15:15:21.575000,11303,11304,11304,1
2019-10-24,15:15:21.820000,11303,11304,11304,1
2019-10-24,15:15:22.916000,11303,11304,11304,2
2019-10-24,15:15:24.073000,11303,11304,11304,1
2019-10-24,15:15:25.409000,11303,11304,11303,2
2019-10-24,15:15:26.424000,11303,11304,11304,3
2019-10-24,15:15:28.200000,11304,11305,11304,1
2019-10-24,15:15:29.481000,11304,11305,11304,1
2019-10-24,15:15:29.769000,11304,11305,11304,1
2019-10-24,15:15:29.808000,11304,11305,11304,1
2019-10-24,15:15:29.822000,11304,11305,11304,1
2019-10-24,15:15:30.593000,11303,11305,11303,1
2019-10-24,15:15:31.882000,11303,11304,11304,2
2019-10-24,15:15:32.034000,11304,11305,11304,1
2019-10-24,15:15:34.749000,11303,11304,11304,1
2019-10-24,15:15:35.509000,11303,11304,11303,23
2019-10-24,15:15:35.906000,11302,11303,11303,1
2019-10-24,15:15:37.382000,11302,11303,11303,1
2019-10-24,15:15:38.487000,11302,11303,11302,14
2019-10-24,15:15:39.926000,11301,11302,11301,1
2019-10-24,15:15:43.899000,11301,11303,11301,1
2019-10-24,15:15:46.313000,11301,11303,11302,1
2019-10-24,15:15:57.981000,11302,11303,11303,1
2019-10-24,15:16:00.557000,11302,11303,11303,13
2019-10-24,15:16:01.221000,11303,11304,11303,2
2019-10-24,15:16:02.280000,11303,11304,11304,1
2019-10-24,15:16:04.337000,11303,11304,11304,1
2019-10-24,15:16:05.420000,11303,11304,11304,2
2019-10-24,15:16:08.894000,11303,11304,11304,1
2019-10-24,15:16:09.227000,11303,11304,11304,1
2019-10-24,15:16:09.237000,11303,11304,11304,2
2019-10-24,15:16:12.386000,11304,11305,11304,2
2019-10-24,15:16:15.542000,11303,11305,11303,1
2019-10-24,15:16:19.959000,11303,11304,11303,3
2019-10-24,15:16:22.011000,11303,11304,11303,2
2019-10-24,15:16:22.297000,11303,11304,11303,3
2019-10-24,15:16:23.908000,11303,11304,11304,15
2019-10-24,15:16:24.246000,11303,11304,11303,10
2019-10-24,15:16:24.737000,11303,11304,11303,1
2019-10-24,15:16:28.949000,11303,11304,11304,1
2019-10-24,15:16:31.236000,11303,11304,11304,5
2019-10-24,15:16:35.076000,11303,11304,11304,2
2019-10-24,15:16:36.906000,11304,11305,11304,1
2019-10-24,15:16:42.283000,11303,11304,11304,1
2019-10-24,15:16:47.505000,11303,11304,11303,9
2019-10-24,15:16:53.170000,11302,11303,11303,1
2019-10-24,15:17:04.148000,11302,11303,11303,6
2019-10-24,15:17:04.814000,11302,11303,11302,1
2019-10-24,15:17:06.906000,11302,11303,11303,19
2019-10-24,15:17:06.906000,11302,11303,11304,1
2019-10-24,15:17:08.699000,11302,11303,11303,2
2019-10-24,15:17:10.964000,11303,11304,11303,1
2019-10-24,15:17:17.003000,11303,11304,11303,1
2019-10-24,15:17:17.175000,11303,11304,11303,6
2019-10-24,15:17:19.146000,11303,11304,11303,2
2019-10-24,15:17:20.583000,11303,11304,11303,1
2019-10-24,15:17:20.774000,11303,11304,11304,1
2019-10-24,15:17:20.975000,11303,11304,11303,1
2019-10-24,15:17:21.855000,11302,11303,11303,1
2019-10-24,15:17:22.145000,11303,11304,11303,2
2019-10-24,15:17:27.883000,11303,11304,11304,1
2019-10-24,15:17:28.619000,11303,11304,11303,1
2019-10-24,15:17:29.444000,11303,11304,11303,1
2019-10-24,15:17:31.625000,11303,11304,11304,1
2019-10-24,15:17:32.555000,11303,11304,11304,1
2019-10-24,15:17:33.053000,11303,11304,11304,1
2019-10-24,15:17:34.685000,11303,11304,11304,6
2019-10-24,15:17:36.057000,11303,11304,11304,3
2019-10-24,15:17:36.544000,11303,11304,11304,1
2019-10-24,15:17:42.142000,11303,11304,11304,1
2019-10-24,15:17:45.304000,11303,11304,11304,3
2019-10-24,15:17:46.203000,11303,11304,11304,1
2019-10-24,15:17:49.912000,11303,11304,11303,1
2019-10-24,15:17:56.629000,11303,11304,11304,3
2019-10-24,15:18:03.227000,11303,11304,11304,4
2019-10-24,15:18:05.879000,11303,11304,11303,1
2019-10-24,15:18:13.546000,11303,11304,11304,2
2019-10-24,15:18:13.590000,11303,11304,11304,3
2019-10-24,15:18:18.915000,11304,11305,11304,1
2019-10-24,15:18:21.399000,11304,11305,11305,1
2019-10-24,15:18:24.487000,11304,11305,11305,13
2019-10-24,15:18:24.613000,11304,11305,11305,2
2019-10-24,15:18:24.738000,11304,11305,11305,1
2019-10-24,15:18:24.738000,11304,11305,11305,2
2019-10-24,15:18:24.738000,11304,11305,11305,4
2019-10-24,15:18:24.738000,11304,11305,11305,1
2019-10-24,15:18:24.739000,11304,11305,11305,1
2019-10-24,15:18:24.839000,11304,11305,11305,2
2019-10-24,15:18:24.842000,11304,11305,11305,1
2019-10-24,15:18:24.842000,11304,11305,11305,1
2019-10-24,15:18:24.842000,11304,11305,11305,1
2019-10-24,15:18:24.842000,11304,11305,11305,1
2019-10-24,15:18:24.842000,11304,11305,11305,2
2019-10-24,15:18:24.842000,11304,11305,11305,1
2019-10-24,15:18:24.962000,11304,11306,11305,1
2019-10-24,15:18:26.922000,11305,11306,11305,1
2019-10-24,15:18:30.921000,11304,11305,11305,2
2019-10-24,15:18:35.442000,11305,11306,11305,1
2019-10-24,15:18:35.442000,11305,11306,11305,1
2019-10-24,15:18:47.668000,11304,11305,11304,12
2019-10-24,15:18:52.709000,11303,11304,11304,2
2019-10-24,15:18:53.653000,11303,11304,11304,1
2019-10-24,15:19:09.033000,11303,11304,11304,1
2019-10-24,15:19:10.079000,11303,11304,11304,1
2019-10-24,15:19:11.992000,11303,11304,11304,1
2019-10-24,15:19:12.173000,11303,11304,11304,5
2019-10-24,15:19:17.731000,11304,11305,11304,1
2019-10-24,15:19:25.124000,11304,11305,11304,1
2019-10-24,15:19:27.223000,11304,11305,11304,1
2019-10-24,15:19:32.963000,11304,11305,11305,1
2019-10-24,15:19:34.667000,11304,11305,11305,1
2019-10-24,15:19:34.737000,11304,11305,11305,5
2019-10-24,15:19:34.859000,11304,11305,11305,1
2019-10-24,15:19:34.862000,11304,11305,11305,6
2019-10-24,15:19:37.109000,11304,11305,11305,1
2019-10-24,15:19:38.910000,11304,11305,11305,1
2019-10-24,15:19:40.940000,11304,11305,11305,1
2019-10-24,15:19:41.334000,11304,11305,11305,1
2019-10-24,15:19:45.173000,11304,11305,11305,1
2019-10-24,15:19:47.370000,11304,11305,11305,1
2019-10-24,15:19:49.905000,11304,11305,11305,1
2019-10-24,15:19:50.912000,11304,11306,11304,2
2019-10-24,15:20:00.338000,11304,11305,11305,3
2019-10-24,15:20:00.577000,11304,11305,11305,1
2019-10-24,15:20:04.383000,11304,11305,11305,1
2019-10-24,15:20:05.342000,11304,11306,11306,1
2019-10-24,15:20:05.403000,11304,11306,11306,1
2019-10-24,15:20:08.152000,11305,11306,11305,2
2019-10-24,15:20:10.736000,11305,11306,11305,1
2019-10-24,15:20:12.104000,11305,11306,11305,1
2019-10-24,15:20:15.338000,11305,11306,11306,10
2019-10-24,15:20:20.420000,11305,11306,11306,1
2019-10-24,15:20:25.391000,11305,11306,11306,1
2019-10-24,15:20:25.914000,11305,11306,11306,1
2019-10-24,15:20:26.452000,11305,11306,11306,3
2019-10-24,15:20:30.186000,11305,11306,11306,1
2019-10-24,15:20:32.532000,11305,11306,11306,1
2019-10-24,15:20:33.389000,11305,11306,11306,1
2019-10-24,15:20:34.020000,11305,11306,11306,1
2019-10-24,15:20:35.508000,11305,11306,11306,3
2019-10-24,15:20:38.590000,11305,11306,11306,1
2019-10-24,15:20:39.080000,11305,11306,11306,1
2019-10-24,15:20:40.619000,11305,11306,11306,2
2019-10-24,15:20:44.919000,11305,11306,11305,1
2019-10-24,15:20:45.149000,11305,11306,11306,6
2019-10-24,15:20:49.487000,11305,11306,11306,1
2019-10-24,15:20:50.088000,11305,11306,11306,1
2019-10-24,15:20:54.815000,11305,11306,11306,2
2019-10-24,15:20:56.974000,11305,11306,11306,1
2019-10-24,15:21:03.184000,11305,11306,11306,1
2019-10-24,15:21:07.226000,11305,11306,11306,1
2019-10-24,15:21:10.725000,11305,11306,11306,1
2019-10-24,15:21:11.617000,11305,11306,11306,3
2019-10-24,15:21:11.617000,11305,11306,11306,4
2019-10-24,15:21:11.618000,11305,11306,11306,1
2019-10-24,15:21:11.618000,11305,11306,11306,1
2019-10-24,15:21:11.619000,11305,11306,11306,1
2019-10-24,15:21:11.619000,11305,11306,11306,1
2019-10-24,15:21:11.619000,11305,11306,11306,1
2019-10-24,15:21:11.619000,11305,11306,11306,1
2019-10-24,15:21:11.619000,11305,11306,11306,2
2019-10-24,15:21:11.619000,11305,11306,11306,1
2019-10-24,15:21:17.030000,11306,11307,11306,1
2019-10-24,15:21:17.649000,11306,11307,11306,1
2019-10-24,15:21:20.713000,11306,11307,11306,1
2019-10-24,15:21:28.026000,11306,11307,11306,1
2019-10-24,15:21:28.773000,11306,11307,11307,1
2019-10-24,15:21:29.752000,11306,11307,11307,1
2019-10-24,15:21:31.475000,11306,11307,11307,2
2019-10-24,15:21:31.567000,11306,11307,11307,10
2019-10-24,15:21:36.197000,11306,11307,11307,1
2019-10-24,15:21:38.777000,11306,11307,11307,10
2019-10-24,15:21:42.680000,11306,11307,11307,2
2019-10-24,15:21:42.784000,11306,11307,11307,1
2019-10-24,15:21:42.840000,11306,11307,11307,2
2019-10-24,15:21:45.721000,11306,11307,11307,1
2019-10-24,15:21:45.816000,11306,11307,11307,1
2019-10-24,15:21:45.816000,11306,11307,11307,8
2019-10-24,15:21:45.817000,11306,11307,11307,1
2019-10-24,15:21:46.420000,11307,11308,11308,1
2019-10-24,15:21:46.509000,11307,11308,11308,1
2019-10-24,15:21:46.516000,11307,11308,11308,2
2019-10-24,15:21:46.525000,11307,11308,11308,1
2019-10-24,15:21:46.599000,11307,11308,11308,1
2019-10-24,15:21:46.640000,11307,11308,11308,1
2019-10-24,15:21:46.835000,11307,11308,11308,1
2019-10-24,15:21:46.991000,11307,11308,11308,1
2019-10-24,15:21:47.116000,11307,11308,11308,1
2019-10-24,15:21:47.144000,11307,11308,11308,1
2019-10-24,15:21:47.259000,11307,11308,11308,1
2019-10-24,15:21:50.323000,11307,11308,11307,1
2019-10-24,15:21:50.921000,11307,11308,11308,8
2019-10-24,15:21:51.612000,11307,11308,11308,1
2019-10-24,15:21:52.955000,11307,11308,11307,5
2019-10-24,15:21:57.613000,11307,11308,11307,7
2019-10-24,15:21:58.435000,11306,11308,11307,1
2019-10-24,15:21:59.407000,11306,11307,11307,2
2019-10-24,15:22:00.237000,11306,11307,11306,1
2019-10-24,15:22:00.924000,11306,11307,11307,1
2019-10-24,15:22:00.934000,11306,11307,11307,1
2019-10-24,15:22:00.946000,11306,11307,11307,1
2019-10-24,15:22:01.613000,11306,11307,11307,1
2019-10-24,15:22:02.946000,11306,11307,11307,1
2019-10-24,15:22:02.994000,11306,11307,11307,1
2019-10-24,15:22:03.484000,11306,11307,11306,1
2019-10-24,15:22:04.526000,11306,11307,11306,3
2019-10-24,15:22:07.072000,11306,11307,11307,1
2019-10-24,15:22:08.807000,11306,11307,11307,1
2019-10-24,15:22:11.158000,11306,11307,11306,1
2019-10-24,15:22:12.991000,11306,11307,11307,1
2019-10-24,15:22:13.911000,11306,11307,11307,2
2019-10-24,15:22:17.278000,11306,11307,11307,2
2019-10-24,15:22:18.290000,11306,11307,11307,2
2019-10-24,15:22:22.194000,11306,11307,11307,1
2019-10-24,15:22:27.136000,11306,11307,11307,1
2019-10-24,15:22:30.251000,11306,11307,11306,1
2019-10-24,15:22:31.752000,11306,11307,11307,6
2019-10-24,15:22:32.043000,11307,11308,11307,2
2019-10-24,15:22:39.099000,11307,11308,11307,5
2019-10-24,15:22:40.542000,11307,11308,11307,1
2019-10-24,15:22:41.807000,11307,11308,11308,1
2019-10-24,15:22:43.667000,11307,11308,11307,1
2019-10-24,15:22:48.354000,11307,11308,11307,1
2019-10-24,15:22:50.962000,11307,11308,11307,1
2019-10-24,15:22:53.145000,11307,11308,11308,1
2019-10-24,15:22:53.662000,11307,11308,11307,1
2019-10-24,15:23:07.375000,11307,11308,11308,2
2019-10-24,15:23:10.474000,11307,11308,11308,2
2019-10-24,15:23:11.502000,11307,11308,11308,2
2019-10-24,15:23:11.739000,11307,11308,11308,15
2019-10-24,15:23:12.513000,11307,11308,11308,2
2019-10-24,15:23:16.440000,11307,11308,11308,1
2019-10-24,15:23:16.758000,11307,11308,11308,10
2019-10-24,15:23:19.598000,11307,11308,11308,1
2019-10-24,15:23:19.929000,11307,11308,11308,2
2019-10-24,15:23:20.259000,11307,11308,11308,1
2019-10-24,15:23:23.073000,11307,11308,11307,1
2019-10-24,15:23:23.118000,11307,11308,11308,2
2019-10-24,15:23:24.493000,11307,11308,11308,3
2019-10-24,15:23:25.080000,11307,11308,11308,1
2019-10-24,15:23:25.392000,11307,11308,11308,1
2019-10-24,15:23:27.010000,11307,11308,11308,1
2019-10-24,15:23:27.807000,11307,11308,11308,3
2019-10-24,15:23:27.999000,11307,11308,11308,10
2019-10-24,15:23:28.330000,11307,11309,11308,1
2019-10-24,15:23:28.695000,11307,11308,11308,1
2019-10-24,15:23:30.181000,11307,11308,11308,1
2019-10-24,15:23:31.178000,11307,11308,11308,1
2019-10-24,15:23:32.988000,11307,11308,11308,1
2019-10-24,15:23:33.349000,11307,11308,11308,2
2019-10-24,15:23:34.542000,11307,11308,11308,1
2019-10-24,15:23:34.568000,11307,11308,11308,1
2019-10-24,15:23:38.992000,11307,11308,11308,1
2019-10-24,15:23:39.739000,11307,11308,11307,1
2019-10-24,15:23:40.570000,11307,11308,11308,1
2019-10-24,15:23:43.243000,11307,11308,11308,2
2019-10-24,15:23:44.590000,11307,11308,11307,1
2019-10-24,15:23:46.311000,11307,11308,11308,1
2019-10-24,15:23:47.526000,11307,11308,11308,1
2019-10-24,15:23:47.564000,11307,11308,11308,1
2019-10-24,15:23:49.963000,11307,11308,11307,1
2019-10-24,15:23:57.497000,11307,11308,11307,1
2019-10-24,15:24:05.041000,11307,11308,11308,1
2019-10-24,15:24:05.339000,11307,11308,11308,2
2019-10-24,15:24:06.361000,11307,11308,11308,1
2019-10-24,15:24:10.008000,11307,11308,11307,8
2019-10-24,15:24:15.600000,11307,11308,11308,1
2019-10-24,15:24:17.570000,11307,11308,11307,37
2019-10-24,15:24:19.519000,11306,11307,11307,1
2019-10-24,15:24:20.499000,11306,11307,11307,1
2019-10-24,15:24:26.310000,11306,11307,11306,15
2019-10-24,15:24:26.362000,11306,11307,11306,2
2019-10-24,15:24:26.363000,11306,11307,11306,6
2019-10-24,15:24:26.640000,11305,11306,11306,1
2019-10-24,15:24:26.727000,11305,11306,11306,1
2019-10-24,15:24:27.199000,11305,11307,11307,1
2019-10-24,15:24:35.022000,11306,11307,11306,5
2019-10-24,15:24:35.227000,11306,11307,11306,4
2019-10-24,15:24:36.925000,11306,11307,11306,4
2019-10-24,15:24:41.993000,11306,11307,11306,1
2019-10-24,15:24:47.876000,11306,11307,11306,1
2019-10-24,15:24:48.493000,11306,11307,11306,1
2019-10-24,15:24:51.749000,11306,11307,11307,4
2019-10-24,15:24:54.025000,11306,11307,11306,1
2019-10-24,15:25:03.215000,11306,11307,11306,1
2019-10-24,15:25:11.535000,11306,11307,11306,1
2019-10-24,15:25:17.345000,11306,11307,11306,1
2019-10-24,15:25:22.395000,11306,11307,11306,2
2019-10-24,15:25:23.835000,11306,11307,11306,1
2019-10-24,15:25:26.972000,11306,11307,11307,1
2019-10-24,15:25:28.126000,11306,11307,11306,1
2019-10-24,15:25:30.154000,11306,11307,11306,1
2019-10-24,15:25:31.365000,11306,11307,11306,4
2019-10-24,15:25:36.325000,11306,11307,11306,1
2019-10-24,15:25:38.983000,11306,11307,11306,2
2019-10-24,15:25:41.285000,11306,11307,11306,2
2019-10-24,15:25:41.452000,11306,11307,11307,28
2019-10-24,15:25:42.462000,11307,11308,11307,1
2019-10-24,15:25:44.071000,11307,11308,11307,2
2019-10-24,15:25:55.081000,11306,11308,11308,1
2019-10-24,15:26:01.084000,11306,11308,11308,1
2019-10-24,15:26:01.350000,11306,11308,11308,1
2019-10-24,15:26:10.232000,11307,11308,11307,2
2019-10-24,15:26:14.492000,11307,11308,11307,1
2019-10-24,15:26:16.704000,11307,11308,11307,1
2019-10-24,15:26:23.261000,11307,11308,11308,4
2019-10-24,15:26:23.363000,11307,11308,11308,21
2019-10-24,15:26:23.488000,11307,11308,11308,2
2019-10-24,15:26:23.488000,11307,11308,11308,3
2019-10-24,15:26:23.574000,11307,11308,11308,4
2019-10-24,15:26:23.612000,11307,11308,11308,2
2019-10-24,15:26:26.023000,11308,11309,11309,1
2019-10-24,15:26:26.143000,11308,11309,11309,2
2019-10-24,15:26:26.392000,11308,11309,11309,1
2019-10-24,15:26:26.533000,11308,11309,11309,2
2019-10-24,15:26:26.614000,11308,11309,11308,1
2019-10-24,15:26:26.777000,11308,11309,11309,2
2019-10-24,15:26:26.780000,11308,11309,11309,2
2019-10-24,15:26:26.783000,11308,11309,11309,2
2019-10-24,15:26:26.919000,11308,11309,11308,1
2019-10-24,15:26:27.196000,11308,11309,11308,1
2019-10-24,15:26:33.465000,11308,11309,11308,1
2019-10-24,15:26:37.750000,11308,11309,11308,2
2019-10-24,15:26:37.953000,11308,11309,11308,2
2019-10-24,15:26:39.062000,11308,11309,11309,1
2019-10-24,15:26:43.509000,11308,11309,11308,14
2019-10-24,15:26:43.519000,11308,11309,11308,1
2019-10-24,15:26:46.854000,11307,11308,11308,1
2019-10-24,15:26:48.044000,11308,11309,11308,2
2019-10-24,15:26:50.232000,11307,11308,11308,1
2019-10-24,15:26:50.243000,11307,11308,11307,1
2019-10-24,15:26:50.810000,11307,11308,11307,3
2019-10-24,15:27:01.814000,11307,11308,11308,1
2019-10-24,15:27:02.955000,11307,11308,11308,1
2019-10-24,15:27:09.041000,11307,11308,11308,5
2019-10-24,15:27:12.267000,11307,11308,11308,2
2019-10-24,15:27:28.176000,11307,11308,11308,3
2019-10-24,15:27:29.548000,11307,11308,11308,1
2019-10-24,15:27:30.245000,11307,11308,11308,4
2019-10-24,15:27:31.566000,11308,11309,11308,2
2019-10-24,15:27:32.971000,11308,11309,11308,2
2019-10-24,15:27:42.014000,11308,11309,11309,32
2019-10-24,15:27:42.234000,11309,11310,11309,1
2019-10-24,15:27:44.453000,11309,11310,11310,2
2019-10-24,15:27:44.601000,11309,11310,11310,1
2019-10-24,15:27:44.666000,11309,11310,11310,1
2019-10-24,15:27:44.724000,11309,11310,11310,1
2019-10-24,15:27:44.759000,11309,11310,11310,1
2019-10-24,15:27:44.773000,11309,11310,11310,2
2019-10-24,15:27:44.793000,11309,11310,11310,1
2019-10-24,15:27:44.809000,11309,11310,11309,2
2019-10-24,15:27:45.001000,11309,11310,11310,1
2019-10-24,15:27:45.370000,11309,11310,11310,1
2019-10-24,15:27:45.462000,11309,11310,11309,1
2019-10-24,15:27:45.815000,11309,11310,11309,2
2019-10-24,15:27:45.882000,11309,11310,11309,2
2019-10-24,15:27:48.872000,11309,11310,11309,1
2019-10-24,15:27:52.585000,11309,11310,11310,5
2019-10-24,15:27:55.274000,11309,11310,11310,1
2019-10-24,15:27:55.890000,11309,11310,11310,1
2019-10-24,15:27:56.703000,11309,11310,11310,2
2019-10-24,15:28:02.790000,11309,11310,11310,8
2019-10-24,15:28:06.122000,11309,11310,11310,2
2019-10-24,15:28:06.188000,11309,11310,11310,10
2019-10-24,15:28:07.270000,11309,11310,11310,1
2019-10-24,15:28:08.150000,11309,11310,11310,1
2019-10-24,15:28:09.658000,11309,11310,11310,1
2019-10-24,15:28:10.801000,11309,11310,11310,1
2019-10-24,15:28:12.762000,11309,11310,11310,11
2019-10-24,15:28:13.923000,11309,11310,11310,1
2019-10-24,15:28:15.366000,11309,11310,11310,3
2019-10-24,15:28:15.985000,11309,11310,11310,1
2019-10-24,15:28:16.586000,11309,11310,11310,25
2019-10-24,15:28:27.546000,11310,11311,11311,2
2019-10-24,15:28:27.932000,11310,11311,11311,1
2019-10-24,15:28:30.316000,11310,11311,11311,1
2019-10-24,15:28:32.718000,11310,11311,11311,1
2019-10-24,15:28:33.797000,11310,11311,11310,5
2019-10-24,15:28:34.176000,11310,11311,11311,21
2019-10-24,15:28:35.545000,11310,11311,11311,1
2019-10-24,15:28:36.399000,11310,11311,11311,1
2019-10-24,15:28:36.613000,11310,11311,11310,5
2019-10-24,15:28:38.989000,11310,11311,11310,1
2019-10-24,15:28:39.903000,11310,11311,11311,1
2019-10-24,15:28:39.963000,11310,11311,11311,1
2019-10-24,15:28:41.071000,11310,11311,11311,1
2019-10-24,15:28:41.143000,11310,11311,11311,1
2019-10-24,15:28:43.043000,11310,11311,11311,1
2019-10-24,15:28:44.207000,11310,11311,11311,1
2019-10-24,15:28:44.222000,11310,11311,11311,1
2019-10-24,15:28:44.315000,11310,11311,11311,1
2019-10-24,15:28:44.342000,11310,11311,11311,1
2019-10-24,15:28:44.431000,11310,11311,11311,1
2019-10-24,15:28:44.451000,11310,11311,11311,1
2019-10-24,15:28:44.467000,11310,11311,11311,1
2019-10-24,15:28:45.406000,11310,11311,11311,1
2019-10-24,15:28:45.715000,11310,11311,11311,17
2019-10-24,15:28:45.724000,11310,11311,11311,3
2019-10-24,15:28:46.037000,11310,11311,11311,1
2019-10-24,15:28:47.283000,11310,11311,11311,2
2019-10-24,15:28:47.397000,11310,11311,11311,1
2019-10-24,15:28:49.227000,11310,11311,11311,1
2019-10-24,15:28:49.658000,11310,11311,11311,1
2019-10-24,15:28:55.873000,11310,11311,11311,2
2019-10-24,15:28:57.205000,11310,11311,11311,2
2019-10-24,15:28:57.496000,11310,11311,11311,8
2019-10-24,15:28:58.493000,11310,11311,11311,1
2019-10-24,15:29:03.527000,11310,11311,11311,1
2019-10-24,15:29:04.184000,11310,11311,11311,1
2019-10-24,15:29:04.643000,11310,11311,11311,1
2019-10-24,15:29:05.216000,11310,11311,11311,4
2019-10-24,15:29:05.875000,11310,11311,11311,2
2019-10-24,15:29:06.093000,11310,11311,11311,2
2019-10-24,15:29:10.098000,11310,11311,11311,1
2019-10-24,15:29:10.815000,11311,11312,11311,2
2019-10-24,15:29:11.069000,11310,11312,11311,1
2019-10-24,15:29:11.112000,11311,11312,11311,2
2019-10-24,15:29:14.108000,11311,11312,11311,1
2019-10-24,15:29:16.349000,11311,11312,11311,1
2019-10-24,15:29:17.783000,11310,11311,11311,1
2019-10-24,15:29:18.100000,11310,11311,11311,1
2019-10-24,15:29:19.991000,11310,11311,11311,1
2019-10-24,15:29:21.163000,11310,11311,11311,1
2019-10-24,15:29:23.926000,11310,11311,11311,5
2019-10-24,15:29:24.619000,11310,11311,11310,1
2019-10-24,15:29:30.159000,11310,11311,11311,2
2019-10-24,15:29:30.450000,11310,11311,11311,1
2019-10-24,15:29:30.715000,11310,11311,11311,1
2019-10-24,15:29:32.175000,11310,11311,11311,10
2019-10-24,15:29:39.954000,11310,11311,11311,1
2019-10-24,15:29:42.881000,11310,11311,11311,1
2019-10-24,15:29:44.075000,11310,11311,11311,2
2019-10-24,15:29:45.062000,11310,11311,11311,3
2019-10-24,15:29:55.614000,11310,11311,11310,1
2019-10-24,15:29:55.649000,11310,11311,11311,1
2019-10-24,15:29:56.441000,11310,11311,11310,1
2019-10-24,15:30:00.276000,11310,11311,11310,17
2019-10-24,15:30:00.276000,11310,11311,11310,1
2019-10-24,15:30:00.276000,11310,11311,11310,2
2019-10-24,15:30:00.277000,11310,11311,11310,1
2019-10-24,15:30:00.362000,11310,11311,11310,39
2019-10-24,15:30:00.363000,11310,11311,11310,1
2019-10-24,15:30:00.363000,11310,11311,11310,2
2019-10-24,15:30:00.584000,11309,11310,11310,2
2019-10-24,15:30:00.770000,11309,11310,11310,2
2019-10-24,15:30:01.228000,11309,11310,11310,1
2019-10-24,15:30:01.783000,11309,11310,11310,2
2019-10-24,15:30:02.070000,11309,11310,11310,1
2019-10-24,15:30:02.100000,11309,11310,11310,1
2019-10-24,15:30:02.149000,11309,11310,11310,3
2019-10-24,15:30:03.997000,11309,11310,11310,1
2019-10-24,15:30:05.147000,11309,11310,11309,7
2019-10-24,15:30:05.147000,11309,11310,11309,7
2019-10-24,15:30:05.147000,11309,11310,11309,8
2019-10-24,15:30:05.147000,11309,11310,11309,2
2019-10-24,15:30:06.489000,11308,11309,11309,2
2019-10-24,15:30:06.723000,11308,11309,11309,1
2019-10-24,15:30:08.491000,11308,11309,11309,6
2019-10-24,15:30:08.797000,11308,11310,11309,2
2019-10-24,15:30:11.200000,11309,11310,11310,2
2019-10-24,15:30:12.475000,11308,11310,11308,1
2019-10-24,15:30:12.864000,11308,11309,11309,1
2019-10-24,15:30:16.488000,11308,11309,11308,1
2019-10-24,15:30:18.583000,11308,11309,11308,1
2019-10-24,15:30:18.689000,11308,11309,11308,5
2019-10-24,15:30:22.761000,11308,11309,11308,1
2019-10-24,15:30:25.966000,11308,11309,11309,1
2019-10-24,15:30:26.349000,11308,11309,11308,1
2019-10-24,15:30:27.216000,11308,11309,11308,1
2019-10-24,15:30:29.565000,11308,11309,11308,4
2019-10-24,15:30:30.922000,11308,11309,11308,1
2019-10-24,15:30:31.451000,11308,11309,11308,2
2019-10-24,15:30:31.581000,11308,11309,11308,1
2019-10-24,15:30:33.902000,11308,11309,11308,1
2019-10-24,15:30:34.368000,11308,11309,11308,1
2019-10-24,15:30:36.070000,11308,11309,11308,1
2019-10-24,15:30:36.635000,11308,11309,11308,1
2019-10-24,15:30:37.729000,11308,11309,11308,16
2019-10-24,15:30:38.372000,11307,11308,11308,1
2019-10-24,15:30:39.181000,11307,11308,11308,4
2019-10-24,15:30:43.973000,11307,11308,11308,2
2019-10-24,15:30:48.031000,11307,11308,11308,1
2019-10-24,15:30:52.083000,11307,11308,11308,1
2019-10-24,15:30:56.232000,11307,11308,11308,8
2019-10-24,15:30:56.232000,11307,11308,11308,5
2019-10-24,15:30:57.339000,11308,11309,11308,1
2019-10-24,15:30:57.940000,11307,11308,11308,1
2019-10-24,15:30:58.476000,11307,11308,11308,1
2019-10-24,15:30:59.050000,11307,11308,11308,1
2019-10-24,15:31:01.955000,11307,11308,11308,1
2019-10-24,15:31:02.377000,11307,11308,11307,9
2019-10-24,15:31:02.915000,11307,11308,11307,2
2019-10-24,15:31:02.987000,11307,11308,11307,1
2019-10-24,15:31:02.988000,11307,11308,11307,1
2019-10-24,15:31:03.229000,11307,11308,11307,4
2019-10-24,15:31:03.238000,11307,11308,11307,4
2019-10-24,15:31:05.155000,11306,11307,11306,1
2019-10-24,15:31:05.315000,11306,11307,11306,3
2019-10-24,15:31:06.065000,11306,11307,11306,1
2019-10-24,15:31:08.813000,11306,11307,11306,1
2019-10-24,15:31:09.100000,11306,11307,11307,1
2019-10-24,15:31:10.627000,11306,11307,11307,1
2019-10-24,15:31:12.230000,11306,11307,11306,1
2019-10-24,15:31:12.880000,11306,11307,11306,31
2019-10-24,15:31:12.880000,11306,11307,11305,69
2019-10-24,15:31:12.988000,11305,11307,11305,1
2019-10-24,15:31:12.988000,11305,11307,11305,9
2019-10-24,15:31:12.988000,11305,11307,11305,3
2019-10-24,15:31:12.991000,11305,11307,11305,1
2019-10-24,15:31:13.063000,11305,11307,11305,2
2019-10-24,15:31:13.113000,11304,11305,11305,2
2019-10-24,15:31:16.254000,11304,11305,11305,2
2019-10-24,15:31:17.487000,11304,11305,11305,1
2019-10-24,15:31:17.487000,11304,11305,11305,1
2019-10-24,15:31:17.526000,11304,11305,11305,1
2019-10-24,15:31:17.529000,11304,11305,11305,2
2019-10-24,15:31:17.549000,11304,11305,11305,2
2019-10-24,15:31:17.550000,11304,11305,11305,2
2019-10-24,15:31:19.035000,11305,11306,11305,1
2019-10-24,15:31:20.165000,11305,11306,11305,19
2019-10-24,15:31:20.165000,11305,11306,11304,54
2019-10-24,15:31:20.166000,11305,11306,11304,4
2019-10-24,15:31:20.166000,11305,11306,11304,4
2019-10-24,15:31:20.238000,11303,11304,11304,1
2019-10-24,15:31:20.259000,11303,11304,11304,1
2019-10-24,15:31:20.308000,11303,11304,11303,1
2019-10-24,15:31:20.363000,11303,11304,11304,11
2019-10-24,15:31:20.488000,11303,11305,11304,1
2019-10-24,15:31:20.613000,11303,11304,11304,1
2019-10-24,15:31:20.745000,11303,11305,11304,1
2019-10-24,15:31:20.863000,11303,11304,11304,1
2019-10-24,15:31:20.913000,11303,11304,11303,1
2019-10-24,15:31:21.112000,11303,11304,11304,2
2019-10-24,15:31:21.238000,11304,11305,11304,2
2019-10-24,15:31:22.009000,11304,11305,11305,1
2019-10-24,15:31:22.015000,11304,11305,11304,1
2019-10-24,15:31:22.294000,11304,11305,11304,1
2019-10-24,15:31:22.447000,11304,11305,11304,1
2019-10-24,15:31:22.660000,11304,11305,11304,1
2019-10-24,15:31:22.824000,11304,11305,11304,1
2019-10-24,15:31:23.799000,11304,11305,11304,1
2019-10-24,15:31:26.148000,11304,11305,11304,25
2019-10-24,15:31:26.148000,11304,11305,11303,63
2019-10-24,15:31:26.149000,11304,11305,11303,1
2019-10-24,15:31:26.149000,11304,11305,11303,1
2019-10-24,15:31:26.150000,11304,11305,11303,2
2019-10-24,15:31:26.224000,11304,11305,11303,5
2019-10-24,15:31:26.238000,11302,11303,11303,1
2019-10-24,15:31:26.238000,11302,11303,11303,4
2019-10-24,15:31:26.260000,11302,11303,11303,1
2019-10-24,15:31:26.261000,11302,11303,11303,1
2019-10-24,15:31:26.363000,11302,11304,11303,2
2019-10-24,15:31:26.376000,11302,11304,11303,1
2019-10-24,15:31:26.514000,11302,11303,11303,2
2019-10-24,15:31:28.405000,11303,11304,11303,1
2019-10-24,15:31:28.626000,11303,11304,11303,1
2019-10-24,15:31:28.626000,11303,11304,11302,1
2019-10-24,15:31:29.038000,11303,11304,11303,1
2019-10-24,15:31:30.528000,11303,11304,11303,1
2019-10-24,15:31:30.539000,11303,11304,11303,1
2019-10-24,15:31:30.612000,11303,11304,11303,1
2019-10-24,15:31:30.652000,11303,11304,11303,2
2019-10-24,15:31:30.818000,11302,11304,11303,1
2019-10-24,15:31:31.120000,11303,11304,11303,1
2019-10-24,15:31:31.434000,11303,11304,11303,1
2019-10-24,15:31:32.273000,11303,11304,11303,1
2019-10-24,15:31:32.312000,11303,11304,11302,1
2019-10-24,15:31:33.184000,11303,11304,11303,4
2019-10-24,15:31:33.238000,11302,11303,11303,2
2019-10-24,15:31:33.363000,11302,11303,11303,2
2019-10-24,15:31:35.935000,11302,11303,11303,1
2019-10-24,15:31:38.781000,11302,11303,11303,1
2019-10-24,15:31:39.716000,11302,11303,11303,1
2019-10-24,15:31:41.400000,11302,11303,11302,20
2019-10-24,15:31:42.065000,11302,11303,11302,1
2019-10-24,15:31:42.520000,11302,11303,11302,17
2019-10-24,15:31:43.554000,11302,11303,11302,5
2019-10-24,15:31:43.604000,11302,11303,11302,1
2019-10-24,15:31:43.604000,11302,11303,11301,4
2019-10-24,15:31:43.655000,11301,11303,11303,1
2019-10-24,15:31:43.657000,11301,11303,11301,1
2019-10-24,15:31:43.738000,11301,11302,11302,10
2019-10-24,15:31:43.742000,11301,11302,11302,2
2019-10-24,15:31:43.757000,11301,11302,11302,1
2019-10-24,15:31:43.858000,11301,11302,11302,1
2019-10-24,15:31:43.879000,11301,11303,11303,1
2019-10-24,15:31:44.645000,11302,11303,11302,2
2019-10-24,15:31:45.645000,11302,11303,11302,1
2019-10-24,15:31:47.138000,11302,11303,11302,1
2019-10-24,15:31:47.976000,11302,11303,11302,1
2019-10-24,15:31:48.942000,11302,11303,11302,4
2019-10-24,15:31:48.998000,11302,11303,11302,2
2019-10-24,15:31:49.652000,11302,11303,11302,1
2019-10-24,15:31:50.991000,11302,11303,11302,6
2019-10-24,15:31:52.785000,11302,11303,11302,1
2019-10-24,15:31:54.256000,11302,11303,11302,2
2019-10-24,15:32:07.620000,11302,11303,11302,1
2019-10-24,15:32:18.197000,11302,11303,11303,6
2019-10-24,15:32:23.826000,11302,11303,11303,1
2019-10-24,15:32:25.992000,11302,11303,11302,7
2019-10-24,15:32:26.698000,11302,11303,11302,4
2019-10-24,15:32:27.015000,11302,11303,11303,2
2019-10-24,15:32:27.470000,11302,11303,11302,8
2019-10-24,15:32:28.508000,11302,11303,11302,4
2019-10-24,15:32:30.261000,11301,11302,11302,1
2019-10-24,15:32:30.986000,11301,11302,11302,2
2019-10-24,15:32:32.198000,11302,11303,11302,1
2019-10-24,15:32:34.501000,11302,11303,11302,1
2019-10-24,15:32:35.459000,11302,11303,11302,2
2019-10-24,15:32:35.724000,11302,11303,11302,1
2019-10-24,15:32:38.381000,11302,11303,11302,1
2019-10-24,15:32:42.777000,11302,11303,11303,10
2019-10-24,15:32:44.489000,11303,11304,11304,2
2019-10-24,15:32:44.654000,11303,11304,11304,16
2019-10-24,15:32:49.518000,11303,11304,11304,1
2019-10-24,15:32:51.561000,11304,11305,11304,8
2019-10-24,15:32:56.645000,11304,11305,11305,2
2019-10-24,15:32:57.259000,11304,11306,11306,3
2019-10-24,15:33:02.017000,11305,11306,11306,1
2019-10-24,15:33:02.180000,11305,11306,11305,2
2019-10-24,15:33:07.256000,11305,11306,11305,2
2019-10-24,15:33:07.421000,11305,11306,11306,1
2019-10-24,15:33:07.421000,11305,11306,11306,2
2019-10-24,15:33:07.487000,11305,11306,11306,9
2019-10-24,15:33:07.487000,11305,11306,11306,2
2019-10-24,15:33:07.487000,11305,11306,11306,5
2019-10-24,15:33:08.614000,11306,11307,11307,3
2019-10-24,15:33:13.450000,11306,11307,11306,5
2019-10-24,15:33:15.554000,11306,11307,11307,1
2019-10-24,15:33:17.686000,11306,11307,11306,1
2019-10-24,15:33:19.371000,11305,11306,11306,1
2019-10-24,15:33:21.016000,11305,11306,11306,1
2019-10-24,15:33:22.639000,11305,11306,11306,1
2019-10-24,15:33:24.887000,11305,11306,11306,1
2019-10-24,15:33:26.160000,11305,11306,11306,1
2019-10-24,15:33:29.204000,11305,11306,11306,1
2019-10-24,15:33:32.421000,11305,11306,11306,1
2019-10-24,15:33:37.560000,11305,11306,11306,1
2019-10-24,15:33:40.011000,11306,11307,11306,1
2019-10-24,15:33:43.565000,11306,11307,11306,1
2019-10-24,15:33:56.386000,11306,11307,11306,1
2019-10-24,15:34:03.799000,11306,11307,11306,1
2019-10-24,15:34:20.624000,11306,11307,11307,2
2019-10-24,15:34:22.555000,11306,11307,11306,1
2019-10-24,15:34:22.847000,11306,11307,11306,1
2019-10-24,15:34:36.566000,11306,11307,11306,1
2019-10-24,15:34:54.077000,11306,11307,11307,5
2019-10-24,15:34:54.449000,11306,11307,11307,1
2019-10-24,15:34:55.689000,11306,11307,11307,1
2019-10-24,15:35:05.737000,11306,11307,11306,20
2019-10-24,15:35:05.863000,11306,11307,11306,9
2019-10-24,15:35:14.394000,11305,11306,11305,2
2019-10-24,15:35:14.396000,11305,11306,11305,1
2019-10-24,15:35:14.488000,11305,11306,11305,21
2019-10-24,15:35:23.066000,11305,11306,11305,2
2019-10-24,15:35:32.522000,11305,11306,11305,2
2019-10-24,15:35:37.146000,11305,11306,11305,5
2019-10-24,15:35:46.234000,11305,11306,11306,1
2019-10-24,15:35:53.177000,11305,11306,11306,1
2019-10-24,15:35:54.551000,11305,11306,11305,1
2019-10-24,15:35:55.811000,11305,11306,11306,1
2019-10-24,15:35:56.305000,11305,11306,11305,1
2019-10-24,15:35:59.238000,11305,11306,11305,25
2019-10-24,15:35:59.493000,11304,11305,11304,1
2019-10-24,15:36:04.229000,11304,11305,11304,1
2019-10-24,15:36:09.400000,11304,11305,11304,1
2019-10-24,15:36:10.136000,11304,11305,11304,1
2019-10-24,15:36:14.918000,11304,11305,11304,1
2019-10-24,15:36:18.937000,11304,11305,11304,1
2019-10-24,15:36:22.007000,11304,11305,11304,2
2019-10-24,15:36:27.151000,11303,11304,11303,5
2019-10-24,15:36:43.420000,11303,11304,11304,2
2019-10-24,15:36:47.561000,11304,11305,11305,1
2019-10-24,15:36:56.088000,11304,11305,11304,1
2019-10-24,15:36:57.484000,11304,11305,11305,5
2019-10-24,15:37:08.481000,11304,11305,11305,1
2019-10-24,15:37:10.309000,11304,11305,11305,2
2019-10-24,15:37:14.807000,11304,11305,11305,1
2019-10-24,15:37:16.749000,11304,11305,11305,1
2019-10-24,15:37:20.863000,11304,11305,11305,1
2019-10-24,15:37:24.237000,11304,11305,11305,1
2019-10-24,15:37:34.477000,11305,11306,11305,1
2019-10-24,15:37:38.240000,11305,11306,11305,1
2019-10-24,15:37:41.208000,11305,11306,11305,1
2019-10-24,15:37:42.959000,11304,11305,11305,1
2019-10-24,15:37:57.292000,11305,11306,11305,1
2019-10-24,15:38:02.163000,11305,11306,11305,1
2019-10-24,15:38:02.353000,11305,11306,11305,1
2019-10-24,15:38:04.770000,11304,11305,11305,1
2019-10-24,15:38:10.592000,11304,11305,11305,1
2019-10-24,15:38:16.052000,11304,11305,11304,41
2019-10-24,15:38:18.122000,11304,11305,11304,1
2019-10-24,15:38:23.280000,11304,11305,11304,1
2019-10-24,15:38:46.779000,11304,11305,11304,1
2019-10-24,15:38:51.131000,11304,11305,11304,1
2019-10-24,15:39:02.339000,11304,11305,11304,7
2019-10-24,15:39:02.973000,11304,11305,11304,22
2019-10-24,15:39:15.068000,11303,11304,11303,6
2019-10-24,15:39:17.120000,11303,11304,11303,6
2019-10-24,15:39:17.244000,11303,11304,11304,1
2019-10-24,15:39:22.013000,11303,11304,11303,1
2019-10-24,15:39:22.783000,11303,11304,11303,1
2019-10-24,15:39:22.822000,11303,11304,11303,1
2019-10-24,15:39:22.896000,11303,11304,11303,2
2019-10-24,15:39:24.489000,11302,11303,11303,2
2019-10-24,15:39:24.836000,11302,11303,11303,2
2019-10-24,15:39:31.868000,11302,11303,11303,1
2019-10-24,15:39:37.890000,11302,11303,11302,4
2019-10-24,15:39:40.602000,11302,11303,11302,1
2019-10-24,15:39:45.328000,11302,11303,11302,5
2019-10-24,15:39:45.884000,11302,11303,11302,1
2019-10-24,15:39:46.861000,11302,11303,11302,1
2019-10-24,15:39:47.967000,11302,11303,11302,1
2019-10-24,15:39:49.513000,11302,11303,11302,14
2019-10-24,15:39:52.935000,11301,11302,11302,1
2019-10-24,15:39:59.623000,11301,11302,11301,1
2019-10-24,15:39:59.993000,11301,11302,11301,1
2019-10-24,15:40:01.073000,11301,11302,11301,1
2019-10-24,15:40:01.569000,11301,11302,11301,1
2019-10-24,15:40:04.190000,11301,11302,11302,2
2019-10-24,15:40:04.213000,11301,11302,11301,6
2019-10-24,15:40:08.361000,11301,11302,11302,7
2019-10-24,15:40:15.627000,11302,11303,11303,2
2019-10-24,15:40:22.862000,11302,11303,11303,1
2019-10-24,15:40:25.836000,11303,11304,11304,2
2019-10-24,15:40:28.033000,11303,11304,11303,2
2019-10-24,15:40:28.842000,11303,11304,11303,2
2019-10-24,15:40:31.288000,11303,11304,11303,1
2019-10-24,15:40:34.566000,11303,11304,11304,1
2019-10-24,15:40:38.484000,11303,11304,11304,1
2019-10-24,15:40:38.527000,11303,11305,11303,2
2019-10-24,15:40:43.472000,11304,11305,11304,1
2019-10-24,15:40:51.793000,11304,11305,11305,1
2019-10-24,15:40:51.813000,11304,11305,11304,2
2019-10-24,15:40:52.183000,11304,11305,11304,1
2019-10-24,15:40:53.720000,11304,11305,11304,1
2019-10-24,15:40:55.949000,11304,11305,11304,1
2019-10-24,15:41:08.073000,11303,11304,11304,1
2019-10-24,15:41:08.797000,11303,11304,11304,2
2019-10-24,15:41:11.737000,11303,11304,11303,4
2019-10-24,15:41:22.308000,11302,11303,11303,2
2019-10-24,15:41:24.841000,11302,11303,11302,1
2019-10-24,15:41:24.853000,11302,11303,11302,1
2019-10-24,15:41:24.861000,11302,11303,11302,2
2019-10-24,15:41:25.053000,11302,11303,11303,1
2019-10-24,15:41:26.012000,11303,11304,11304,2
2019-10-24,15:41:28.020000,11303,11304,11304,1
2019-10-24,15:41:30.616000,11303,11304,11303,2
2019-10-24,15:41:32.839000,11303,11304,11304,4
2019-10-24,15:41:48.196000,11303,11304,11303,4
2019-10-24,15:41:51.263000,11303,11304,11303,1
2019-10-24,15:41:56.853000,11303,11304,11303,1
2019-10-24,15:42:10.946000,11303,11304,11303,2
2019-10-24,15:42:17.904000,11303,11304,11303,1
2019-10-24,15:42:20.050000,11303,11304,11303,1
2019-10-24,15:42:37.652000,11303,11304,11304,1
2019-10-24,15:42:43.700000,11303,11304,11304,2
2019-10-24,15:42:47.570000,11303,11304,11304,8
2019-10-24,15:42:53.474000,11303,11305,11304,1
2019-10-24,15:43:03.403000,11303,11304,11304,1
2019-10-24,15:43:15.904000,11304,11305,11304,1
2019-10-24,15:43:35.419000,11304,11305,11305,1
2019-10-24,15:43:40.044000,11304,11305,11305,5
2019-10-24,15:43:59.098000,11304,11305,11305,1
2019-10-24,15:44:00.039000,11305,11306,11305,2
2019-10-24,15:44:03.341000,11305,11306,11305,1
2019-10-24,15:44:07.459000,11305,11306,11305,1
2019-10-24,15:44:29.017000,11304,11305,11304,4
2019-10-24,15:44:29.112000,11304,11305,11304,1
2019-10-24,15:44:53.341000,11303,11304,11304,1
2019-10-24,15:44:53.973000,11303,11304,11303,2
2019-10-24,15:44:54.039000,11303,11304,11303,1
2019-10-24,15:45:00.404000,11303,11304,11303,1
2019-10-24,15:45:12.667000,11303,11304,11304,2
2019-10-24,15:45:12.737000,11303,11304,11304,1
2019-10-24,15:45:13.881000,11303,11304,11304,2
2019-10-24,15:45:14.174000,11304,11305,11304,1
2019-10-24,15:45:19.732000,11303,11304,11304,2
2019-10-24,15:45:28.443000,11303,11304,11304,4
2019-10-24,15:45:28.735000,11304,11305,11304,2
2019-10-24,15:45:29.829000,11304,11305,11305,1
2019-10-24,15:45:31.394000,11304,11305,11304,2
2019-10-24,15:45:31.684000,11303,11305,11304,2
2019-10-24,15:45:35.952000,11304,11305,11305,1
2019-10-24,15:45:38.103000,11304,11305,11304,5
2019-10-24,15:46:02.379000,11304,11305,11304,1
2019-10-24,15:46:08.112000,11304,11305,11304,3
2019-10-24,15:46:12.961000,11303,11304,11304,1
2019-10-24,15:46:15.254000,11303,11304,11304,3
2019-10-24,15:46:22.540000,11304,11305,11304,1
2019-10-24,15:46:25.479000,11303,11305,11305,1
2019-10-24,15:46:29.527000,11304,11305,11305,5
2019-10-24,15:46:30.406000,11304,11305,11304,1
2019-10-24,15:46:31.036000,11303,11304,11303,1
2019-10-24,15:46:34.069000,11303,11304,11304,1
2019-10-24,15:47:00.435000,11304,11305,11305,2
2019-10-24,15:47:02.278000,11304,11305,11304,3
2019-10-24,15:47:18.015000,11304,11305,11305,2
2019-10-24,15:47:19.632000,11304,11305,11305,4
2019-10-24,15:47:44.752000,11304,11305,11305,1
2019-10-24,15:47:56.375000,11305,11306,11305,5
2019-10-24,15:48:25.138000,11305,11306,11306,1
2019-10-24,15:48:29.226000,11305,11306,11305,1
2019-10-24,15:48:30.768000,11305,11306,11306,1
2019-10-24,15:48:46.281000,11305,11306,11306,1
2019-10-24,15:48:51.964000,11305,11306,11305,1
2019-10-24,15:49:01.569000,11305,11306,11306,8
2019-10-24,15:49:01.612000,11305,11306,11306,13
2019-10-24,15:49:01.613000,11305,11306,11306,1
2019-10-24,15:49:01.613000,11305,11306,11306,1
2019-10-24,15:49:21.292000,11306,11307,11307,7
2019-10-24,15:49:23.308000,11306,11307,11306,1
2019-10-24,15:49:24.562000,11306,11307,11307,15
2019-10-24,15:49:30.704000,11307,11308,11307,1
2019-10-24,15:49:42.385000,11307,11308,11308,10
2019-10-24,15:49:42.536000,11307,11308,11308,1
2019-10-24,15:49:43.681000,11307,11308,11308,1
2019-10-24,15:49:44.540000,11307,11308,11308,7
2019-10-24,15:49:53.557000,11308,11309,11308,1
2019-10-24,15:49:53.758000,11308,11309,11308,5
2019-10-24,15:49:57.263000,11308,11309,11308,2
2019-10-24,15:49:57.386000,11308,11309,11309,2
2019-10-24,15:49:58.785000,11308,11309,11308,4
2019-10-24,15:49:58.796000,11308,11309,11309,6
2019-10-24,15:50:03.632000,11308,11309,11308,1
2019-10-24,15:50:15.968000,11308,11309,11308,1
2019-10-24,15:50:17.556000,11308,11309,11308,10
2019-10-24,15:50:25.003000,11308,11309,11308,1
2019-10-24,15:50:25.873000,11308,11309,11309,2
2019-10-24,15:50:26.203000,11308,11309,11308,1
2019-10-24,15:50:26.735000,11308,11309,11308,1
2019-10-24,15:50:34.271000,11307,11308,11308,1
2019-10-24,15:50:45.306000,11307,11308,11308,1
2019-10-24,15:50:45.397000,11307,11308,11308,1
2019-10-24,15:50:50.215000,11307,11308,11308,1
2019-10-24,15:50:50.937000,11307,11308,11307,2
2019-10-24,15:50:50.937000,11307,11308,11306,8
2019-10-24,15:50:50.988000,11306,11307,11307,1
2019-10-24,15:50:53.264000,11306,11308,11306,1
2019-10-24,15:50:55.132000,11306,11307,11306,1
2019-10-24,15:50:59.827000,11306,11307,11306,1
2019-10-24,15:51:22.469000,11306,11308,11308,2
2019-10-24,15:51:23.959000,11306,11308,11308,1
2019-10-24,15:51:32.223000,11307,11308,11307,1
2019-10-24,15:51:55.737000,11306,11307,11307,2
2019-10-24,15:52:11.563000,11306,11307,11307,2
2019-10-24,15:52:11.798000,11306,11307,11307,1
2019-10-24,15:52:12.308000,11306,11308,11307,1
2019-10-24,15:52:30.466000,11307,11308,11307,9
2019-10-24,15:52:30.988000,11306,11307,11307,4
2019-10-24,15:52:36.412000,11307,11308,11307,2
2019-10-24,15:52:39.816000,11306,11307,11307,1
2019-10-24,15:52:39.850000,11306,11307,11307,2
2019-10-24,15:52:39.862000,11306,11307,11307,2
2019-10-24,15:52:39.988000,11306,11307,11307,1
2019-10-24,15:52:41.070000,11306,11307,11307,2
2019-10-24,15:53:02.904000,11307,11308,11307,1
2019-10-24,15:53:04.659000,11307,11308,11307,6
2019-10-24,15:53:07.659000,11306,11307,11307,1
2019-10-24,15:53:17.381000,11306,11307,11306,1
2019-10-24,15:53:20.306000,11306,11307,11306,1
2019-10-24,15:53:41.192000,11306,11307,11306,1
2019-10-24,15:53:52.854000,11306,11307,11306,1
2019-10-24,15:53:55.032000,11306,11307,11306,1
2019-10-24,15:54:29.529000,11306,11307,11306,10
2019-10-24,15:54:30.339000,11306,11307,11307,1
2019-10-24,15:54:30.339000,11306,11307,11308,9
2019-10-24,15:54:49.564000,11306,11307,11307,1
2019-10-24,15:54:59.171000,11306,11307,11307,1
2019-10-24,15:55:00.962000,11306,11307,11307,1
2019-10-24,15:55:01.504000,11307,11308,11307,1
2019-10-24,15:55:01.505000,11307,11308,11307,1
2019-10-24,15:55:08.391000,11306,11307,11306,2
2019-10-24,15:55:09.334000,11306,11307,11306,1
2019-10-24,15:55:09.512000,11305,11306,11306,1
2019-10-24,15:55:09.865000,11305,11306,11306,1
2019-10-24,15:55:14.669000,11306,11307,11307,1
2019-10-24,15:55:39.574000,11306,11307,11307,1
2019-10-24,15:55:52.211000,11306,11307,11307,1
2019-10-24,15:55:57.899000,11306,11307,11307,1
2019-10-24,15:56:14.346000,11306,11307,11306,5
2019-10-24,15:56:34.065000,11306,11307,11307,1
2019-10-24,15:56:36.378000,11306,11307,11307,3
2019-10-24,15:56:49.576000,11306,11307,11307,1
2019-10-24,15:56:50.815000,11306,11307,11306,1
2019-10-24,15:57:03.588000,11306,11307,11306,2
2019-10-24,15:57:39.340000,11305,11306,11306,6
2019-10-24,15:57:51.177000,11306,11307,11306,1
2019-10-24,15:57:57.403000,11306,11307,11307,1
2019-10-24,15:58:01.805000,11306,11307,11307,2
2019-10-24,15:58:15.002000,11307,11308,11307,1
2019-10-24,15:58:15.972000,11307,11308,11307,1
2019-10-24,15:58:41.063000,11307,11308,11307,1
2019-10-24,15:58:49.367000,11307,11308,11308,1
2019-10-24,15:59:06.864000,11307,11308,11308,1
2019-10-24,15:59:35.119000,11307,11308,11308,1
2019-10-24,15:59:55.423000,11307,11308,11308,1
2019-10-24,15:59:59.044000,11307,11308,11307,1
2019-10-24,16:00:01.813000,11307,11308,11307,4
2019-10-24,16:00:02.073000,11306,11307,11306,10
2019-10-24,16:00:02.183000,11305,11306,11305,11
2019-10-24,16:00:02.184000,11305,11306,11305,2
2019-10-24,16:00:02.184000,11305,11306,11305,1
2019-10-24,16:00:02.238000,11305,11306,11305,2
2019-10-24,16:00:02.373000,11305,11306,11305,1
2019-10-24,16:00:02.863000,11305,11306,11306,1
2019-10-24,16:00:02.946000,11305,11306,11306,2
2019-10-24,16:00:12.528000,11305,11306,11306,1
2019-10-24,16:00:18.118000,11305,11306,11306,1
2019-10-24,16:00:26.662000,11305,11306,11306,1
2019-10-24,16:00:29.738000,11305,11306,11305,19
2019-10-24,16:00:34.530000,11304,11305,11304,2
2019-10-24,16:00:35.082000,11304,11305,11304,3
2019-10-24,16:00:39.289000,11304,11305,11304,1
2019-10-24,16:00:41.859000,11304,11305,11305,1
2019-10-24,16:00:42.796000,11304,11305,11305,15
2019-10-24,16:00:51.784000,11304,11305,11304,5
2019-10-24,16:00:52.177000,11304,11305,11304,5
2019-10-24,16:00:53.944000,11304,11305,11304,1
2019-10-24,16:00:54.954000,11304,11305,11304,1
2019-10-24,16:00:55.987000,11304,11305,11304,1
2019-10-24,16:00:57.540000,11304,11305,11304,1
2019-10-24,16:00:57.750000,11304,11305,11304,1
2019-10-24,16:00:59.306000,11304,11305,11304,1
2019-10-24,16:01:01.481000,11304,11305,11304,4
2019-10-24,16:01:02.379000,11303,11304,11303,9
2019-10-24,16:01:03.581000,11303,11304,11303,10
2019-10-24,16:01:03.612000,11303,11304,11303,12
2019-10-24,16:01:03.738000,11302,11304,11303,1
2019-10-24,16:01:06.192000,11302,11303,11302,4
2019-10-24,16:01:12.987000,11302,11303,11303,4
2019-10-24,16:01:14.166000,11303,11304,11303,1
2019-10-24,16:01:19.239000,11303,11304,11303,1
2019-10-24,16:01:36.035000,11303,11304,11303,1
2019-10-24,16:01:37.695000,11303,11304,11303,1
2019-10-24,16:01:40.587000,11303,11304,11304,6
2019-10-24,16:01:41.555000,11304,11305,11304,1
2019-10-24,16:01:44.869000,11304,11305,11304,1
2019-10-24,16:01:45.428000,11304,11305,11304,1
2019-10-24,16:01:46.235000,11304,11305,11304,2
2019-10-24,16:01:51.362000,11304,11305,11304,1
2019-10-24,16:01:52.168000,11304,11305,11304,1
2019-10-24,16:01:54.123000,11304,11305,11304,1
2019-10-24,16:01:54.767000,11303,11305,11303,1
2019-10-24,16:02:14.632000,11304,11305,11305,1
2019-10-24,16:02:22.202000,11304,11305,11305,1
2019-10-24,16:02:26.981000,11304,11305,11305,4
2019-10-24,16:02:29.054000,11304,11306,11304,2
2019-10-24,16:02:52.601000,11305,11306,11305,4
2019-10-24,16:02:52.601000,11305,11306,11304,16
2019-10-24,16:03:12.469000,11304,11305,11304,1
2019-10-24,16:03:41.842000,11305,11306,11305,1
2019-10-24,16:03:52.434000,11305,11306,11305,1
2019-10-24,16:04:02.141000,11305,11306,11305,2
2019-10-24,16:04:02.501000,11305,11306,11305,3
2019-10-24,16:04:13.729000,11304,11305,11304,2
2019-10-24,16:04:13.737000,11304,11305,11304,8
2019-10-24,16:04:15.267000,11303,11304,11303,1
2019-10-24,16:04:15.277000,11303,11304,11303,2
2019-10-24,16:04:15.850000,11303,11304,11304,3
2019-10-24,16:04:17.046000,11303,11304,11304,1
2019-10-24,16:04:27.305000,11303,11304,11303,1
2019-10-24,16:04:27.311000,11303,11304,11303,5
2019-10-24,16:04:27.311000,11303,11304,11303,2
2019-10-24,16:04:27.311000,11303,11304,11303,1
2019-10-24,16:04:27.311000,11303,11304,11303,2
2019-10-24,16:04:27.363000,11302,11303,11303,19
2019-10-24,16:04:27.363000,11302,11303,11303,6
2019-10-24,16:04:27.488000,11302,11303,11303,4
2019-10-24,16:04:27.738000,11303,11304,11303,2
2019-10-24,16:04:29.872000,11302,11303,11303,1
2019-10-24,16:04:31.495000,11302,11304,11302,1
2019-10-24,16:04:31.647000,11302,11304,11302,1
2019-10-24,16:04:31.702000,11302,11304,11302,1
2019-10-24,16:04:32.785000,11302,11303,11303,3
2019-10-24,16:04:32.794000,11302,11303,11303,2
2019-10-24,16:04:37.117000,11303,11304,11304,1
2019-10-24,16:04:38.782000,11303,11304,11303,1
2019-10-24,16:04:39.165000,11303,11304,11303,2
2019-10-24,16:04:42.155000,11303,11304,11303,1
2019-10-24,16:04:43.332000,11303,11304,11303,1
2019-10-24,16:04:43.333000,11303,11304,11303,1
2019-10-24,16:04:43.635000,11302,11303,11303,1
2019-10-24,16:04:54.554000,11302,11303,11303,5
2019-10-24,16:04:54.989000,11303,11304,11304,1
2019-10-24,16:04:55.907000,11303,11304,11304,2
2019-10-24,16:05:02.290000,11303,11304,11303,3
2019-10-24,16:05:02.480000,11303,11304,11303,2
2019-10-24,16:05:07.175000,11303,11304,11303,1
2019-10-24,16:05:12.147000,11303,11304,11303,1
2019-10-24,16:05:14.316000,11303,11304,11303,2
2019-10-24,16:05:22.268000,11303,11304,11304,9
2019-10-24,16:05:40.577000,11303,11304,11304,1
2019-10-24,16:05:40.966000,11303,11304,11304,1
2019-10-24,16:05:40.966000,11303,11304,11304,1
2019-10-24,16:05:46.404000,11303,11304,11304,1
2019-10-24,16:05:53.343000,11303,11304,11304,1
2019-10-24,16:05:53.362000,11303,11304,11304,7
2019-10-24,16:06:10.682000,11303,11304,11304,1
2019-10-24,16:06:20.891000,11303,11304,11303,2
2019-10-24,16:06:20.917000,11303,11304,11303,2
2019-10-24,16:06:20.929000,11303,11304,11303,2
2019-10-24,16:06:20.986000,11303,11304,11303,2
2019-10-24,16:06:20.987000,11303,11304,11303,3
2019-10-24,16:06:21.257000,11302,11303,11304,3
2019-10-24,16:06:28.616000,11303,11304,11303,1
2019-10-24,16:06:35.273000,11303,11304,11303,1
2019-10-24,16:06:43.256000,11303,11304,11303,2
2019-10-24,16:06:51.589000,11303,11304,11303,1
2019-10-24,16:07:02.349000,11302,11303,11302,2
2019-10-24,16:07:02.476000,11302,11303,11303,2
2019-10-24,16:07:43.915000,11302,11303,11303,1
2019-10-24,16:07:57.387000,11302,11303,11302,1
2019-10-24,16:08:02.238000,11302,11303,11302,8
2019-10-24,16:08:06.079000,11302,11303,11302,10
2019-10-24,16:08:06.127000,11302,11303,11302,3
2019-10-24,16:08:06.237000,11302,11303,11302,4
2019-10-24,16:08:06.237000,11302,11303,11302,12
2019-10-24,16:08:06.238000,11302,11303,11302,8
2019-10-24,16:08:06.238000,11302,11303,11302,1
2019-10-24,16:08:06.363000,11302,11303,11302,1
2019-10-24,16:08:06.363000,11302,11303,11302,2
2019-10-24,16:08:19.515000,11301,11302,11301,1
2019-10-24,16:08:19.890000,11301,11302,11301,1
2019-10-24,16:08:23.820000,11301,11302,11301,1
2019-10-24,16:08:26.386000,11301,11302,11301,10
2019-10-24,16:08:26.387000,11301,11302,11301,1
2019-10-24,16:08:26.387000,11301,11302,11301,5
2019-10-24,16:08:26.387000,11301,11302,11301,11
2019-10-24,16:08:26.391000,11301,11302,11301,2
2019-10-24,16:08:26.391000,11301,11302,11301,2
2019-10-24,16:08:26.391000,11301,11302,11301,1
2019-10-24,16:08:26.392000,11301,11302,11301,3
2019-10-24,16:08:26.392000,11301,11302,11301,2
2019-10-24,16:08:26.426000,11301,11302,11301,1
2019-10-24,16:08:26.426000,11301,11302,11301,1
2019-10-24,16:08:26.488000,11301,11302,11301,1
2019-10-24,16:08:26.595000,11301,11302,11301,1
2019-10-24,16:08:27.329000,11300,11301,11300,2
2019-10-24,16:08:27.401000,11300,11301,11300,4
2019-10-24,16:08:27.571000,11300,11301,11300,1
2019-10-24,16:08:28.532000,11300,11301,11300,1
2019-10-24,16:08:30.187000,11300,11301,11300,2
2019-10-24,16:08:31.318000,11300,11301,11300,1
2019-10-24,16:08:34.498000,11300,11301,11301,5
2019-10-24,16:08:36.146000,11300,11302,11300,3
2019-10-24,16:08:38.759000,11300,11301,11300,1
2019-10-24,16:08:41.596000,11300,11301,11300,1
2019-10-24,16:08:42.152000,11300,11301,11301,1
2019-10-24,16:08:42.193000,11300,11301,11300,50
2019-10-24,16:08:48.468000,11300,11301,11300,2
2019-10-24,16:08:53.940000,11300,11302,11300,1
2019-10-24,16:08:54.780000,11300,11301,11300,10
2019-10-24,16:08:55.398000,11300,11301,11300,2
2019-10-24,16:09:00.491000,11300,11301,11300,1
2019-10-24,16:09:01.286000,11300,11301,11300,2
2019-10-24,16:09:02.135000,11300,11301,11300,1
2019-10-24,16:09:02.843000,11300,11301,11300,5
2019-10-24,16:09:04.124000,11300,11301,11300,3
2019-10-24,16:09:07.560000,11300,11301,11300,1
2019-10-24,16:09:07.626000,11299,11300,11299,1
2019-10-24,16:09:08.936000,11299,11300,11300,1
2019-10-24,16:09:13.297000,11299,11300,11299,1
2019-10-24,16:09:15.535000,11299,11300,11299,5
2019-10-24,16:09:18.973000,11299,11300,11300,1
2019-10-24,16:09:19.536000,11299,11300,11300,1
2019-10-24,16:09:20.146000,11299,11301,11299,6
2019-10-24,16:09:21.973000,11299,11300,11300,1
2019-10-24,16:09:23.307000,11299,11300,11300,1
2019-10-24,16:09:24.530000,11299,11300,11300,1
2019-10-24,16:09:28.455000,11299,11301,11299,1
2019-10-24,16:09:30.125000,11299,11300,11300,1
2019-10-24,16:09:31.013000,11299,11301,11299,1
2019-10-24,16:09:31.675000,11299,11301,11299,1
2019-10-24,16:09:35.228000,11300,11301,11300,1
2019-10-24,16:09:35.916000,11300,11301,11300,2
2019-10-24,16:09:35.916000,11300,11301,11300,1
2019-10-24,16:09:36.779000,11299,11301,11299,5
2019-10-24,16:09:38.808000,11299,11300,11299,15
2019-10-24,16:09:39.413000,11299,11300,11300,1
2019-10-24,16:09:43.469000,11299,11300,11300,2
2019-10-24,16:09:45.868000,11299,11301,11300,1
2019-10-24,16:09:50.151000,11299,11300,11300,3
2019-10-24,16:09:51.030000,11300,11301,11300,2
2019-10-24,16:09:51.162000,11300,11301,11300,1
2019-10-24,16:09:53.030000,11300,11301,11300,1
2019-10-24,16:09:55.203000,11300,11301,11300,1
2019-10-24,16:09:56.016000,11300,11301,11300,1
2019-10-24,16:09:56.739000,11300,11301,11300,2
2019-10-24,16:09:57.646000,11300,11301,11300,1
2019-10-24,16:10:00.628000,11300,11301,11300,5
2019-10-24,16:10:01.185000,11299,11300,11300,1
2019-10-24,16:10:02.283000,11299,11300,11299,4
2019-10-24,16:10:03.488000,11299,11300,11299,1
2019-10-24,16:10:03.488000,11299,11300,11299,6
2019-10-24,16:10:03.488000,11299,11300,11299,4
2019-10-24,16:10:12.832000,11298,11299,11299,8
2019-10-24,16:10:12.863000,11298,11299,11299,2
2019-10-24,16:10:15.459000,11299,11300,11299,1
2019-10-24,16:10:17.080000,11299,11300,11299,1
2019-10-24,16:10:20.655000,11299,11300,11299,10
2019-10-24,16:10:21.094000,11299,11300,11300,1
2019-10-24,16:10:22.861000,11299,11300,11299,10
2019-10-24,16:10:23.972000,11299,11300,11300,1
2019-10-24,16:10:31.874000,11299,11300,11300,1
2019-10-24,16:10:36.094000,11299,11300,11300,1
2019-10-24,16:10:37.951000,11299,11300,11300,1
2019-10-24,16:10:41.487000,11300,11301,11300,5
2019-10-24,16:10:41.942000,11299,11300,11300,2
2019-10-24,16:10:45.484000,11299,11301,11299,5
2019-10-24,16:10:47.697000,11299,11300,11299,1
2019-10-24,16:10:50.438000,11299,11300,11299,1
2019-10-24,16:10:57.005000,11300,11301,11301,2
2019-10-24,16:11:02.179000,11300,11301,11300,2
2019-10-24,16:11:02.406000,11300,11301,11300,1
2019-10-24,16:11:04.634000,11299,11300,11300,1
2019-10-24,16:11:05.275000,11299,11300,11300,1
2019-10-24,16:11:07.042000,11299,11301,11299,1
2019-10-24,16:11:07.688000,11300,11301,11300,1
2019-10-24,16:11:16.743000,11300,11301,11300,17
2019-10-24,16:11:18.719000,11300,11301,11300,1
2019-10-24,16:11:20.524000,11300,11301,11301,2
2019-10-24,16:11:20.524000,11300,11301,11301,4
2019-10-24,16:11:20.842000,11301,11302,11301,1
2019-10-24,16:11:21,11301,11302,11302,5
2019-10-24,16:11:21.490000,11301,11302,11302,1
2019-10-24,16:11:22.106000,11301,11302,11302,1
2019-10-24,16:11:35.007000,11301,11302,11301,1
2019-10-24,16:11:38.701000,11301,11302,11300,1
2019-10-24,16:11:38.741000,11300,11302,11300,2
2019-10-24,16:11:39.518000,11300,11302,11302,1
2019-10-24,16:11:44.172000,11300,11302,11300,1
2019-10-24,16:11:49.356000,11301,11302,11302,1
2019-10-24,16:12:02.330000,11301,11302,11301,4
2019-10-24,16:12:06.925000,11301,11302,11302,1
2019-10-24,16:12:11.132000,11301,11302,11302,17
2019-10-24,16:12:11.238000,11301,11302,11302,3
2019-10-24,16:12:14.987000,11301,11302,11302,1
2019-10-24,16:12:18.744000,11302,11303,11302,2
2019-10-24,16:12:19.140000,11302,11303,11303,1
2019-10-24,16:12:20.377000,11302,11303,11302,1
2019-10-24,16:12:21.118000,11302,11303,11302,1
2019-10-24,16:12:37.127000,11302,11303,11302,2
2019-10-24,16:12:38.245000,11302,11303,11302,1
2019-10-24,16:12:46.740000,11301,11302,11302,1
2019-10-24,16:12:46.868000,11301,11302,11301,1
2019-10-24,16:12:46.869000,11301,11302,11301,1
2019-10-24,16:12:46.870000,11301,11302,11301,1
2019-10-24,16:12:46.870000,11301,11302,11301,1
2019-10-24,16:12:51.195000,11301,11302,11302,1
2019-10-24,16:13:27.064000,11301,11302,11301,1
2019-10-24,16:13:27.375000,11301,11302,11301,1
2019-10-24,16:13:32.761000,11301,11302,11301,1
2019-10-24,16:13:33.015000,11301,11302,11302,1
2019-10-24,16:13:33.112000,11301,11302,11302,7
2019-10-24,16:13:33.237000,11301,11302,11302,3
2019-10-24,16:13:33.363000,11301,11302,11302,3
2019-10-24,16:13:33.363000,11301,11302,11302,6
2019-10-24,16:13:33.381000,11301,11302,11302,1
2019-10-24,16:13:33.389000,11301,11302,11302,1
2019-10-24,16:13:33.397000,11301,11302,11302,1
2019-10-24,16:13:33.753000,11302,11303,11302,2
2019-10-24,16:13:37.788000,11302,11303,11302,1
2019-10-24,16:13:49.230000,11302,11303,11302,1
2019-10-24,16:13:50.075000,11302,11303,11303,2
2019-10-24,16:13:50.420000,11302,11303,11303,2
2019-10-24,16:13:59.198000,11302,11303,11303,5
2019-10-24,16:14:00.688000,11302,11303,11303,5
2019-10-24,16:14:00.760000,11302,11303,11302,2
2019-10-24,16:14:36.870000,11302,11303,11302,3
2019-10-24,16:14:37.127000,11302,11303,11302,5
2019-10-24,16:15:00.254000,11301,11302,11301,1
2019-10-24,16:15:02.956000,11301,11302,11302,1
2019-10-24,16:15:11.863000,11301,11302,11302,1
2019-10-24,16:15:14.759000,11301,11302,11302,11
2019-10-24,16:15:21.236000,11302,11303,11302,2
2019-10-24,16:15:29.410000,11302,11303,11302,5
2019-10-24,16:15:29.550000,11301,11303,11302,1
2019-10-24,16:15:30.994000,11301,11302,11301,1
2019-10-24,16:15:33.555000,11301,11302,11301,5
2019-10-24,16:15:34.397000,11301,11302,11302,1
