2020-05-11,15:00:00.024000,10985,10986,10985,37
2020-05-11,15:00:00.025000,10985,10986,10985,1
2020-05-11,15:00:00.183000,10985,10986,10986,1
2020-05-11,15:00:00.255000,10985,10986,10986,2
2020-05-11,15:00:00.545000,10985,10986,10986,1
2020-05-11,15:00:00.572000,10985,10986,10986,2
2020-05-11,15:00:00.628000,10985,10986,10986,1
2020-05-11,15:00:00.829000,10985,10986,10985,1
2020-05-11,15:00:00.850000,10985,10986,10985,1
2020-05-11,15:00:00.947000,10985,10986,10985,1
2020-05-11,15:00:00.948000,10985,10986,10985,1
2020-05-11,15:00:01.068000,10985,10986,10985,2
2020-05-11,15:00:01.324000,10985,10986,10985,1
2020-05-11,15:00:01.475000,10985,10986,10985,2
2020-05-11,15:00:04.199000,10985,10986,10986,12
2020-05-11,15:00:04.335000,10985,10987,10987,1
2020-05-11,15:00:04.617000,10986,10987,10987,3
2020-05-11,15:00:04.850000,10986,10987,10986,1
2020-05-11,15:00:05.550000,10986,10987,10986,1
2020-05-11,15:00:05.632000,10986,10987,10986,2
2020-05-11,15:00:07.124000,10986,10987,10987,2
2020-05-11,15:00:08.439000,10987,10988,10987,1
2020-05-11,15:00:08.543000,10987,10988,10987,1
2020-05-11,15:00:08.818000,10986,10987,10987,2
2020-05-11,15:00:09.289000,10986,10988,10988,1
2020-05-11,15:00:09.816000,10986,10987,10986,1
2020-05-11,15:00:10.267000,10986,10987,10987,2
2020-05-11,15:00:10.267000,10986,10987,10988,8
2020-05-11,15:00:10.830000,10987,10988,10988,1
2020-05-11,15:00:10.830000,10987,10988,10989,2
2020-05-11,15:00:11.022000,10987,10989,10987,2
2020-05-11,15:00:12.141000,10987,10988,10988,1
2020-05-11,15:00:12.234000,10987,10988,10987,1
2020-05-11,15:00:14.263000,10986,10987,10986,1
2020-05-11,15:00:14.689000,10986,10987,10986,2
2020-05-11,15:00:14.762000,10986,10987,10986,1
2020-05-11,15:00:14.762000,10986,10987,10986,1
2020-05-11,15:00:14.870000,10985,10987,10986,1
2020-05-11,15:00:15.446000,10985,10986,10985,1
2020-05-11,15:00:15.488000,10985,10986,10985,1
2020-05-11,15:00:16.118000,10985,10986,10985,1
2020-05-11,15:00:16.118000,10985,10986,10985,1
2020-05-11,15:00:16.119000,10985,10986,10985,2
2020-05-11,15:00:16.119000,10985,10986,10985,3
2020-05-11,15:00:16.119000,10985,10986,10985,8
2020-05-11,15:00:16.119000,10985,10986,10985,7
2020-05-11,15:00:16.119000,10985,10986,10985,2
2020-05-11,15:00:16.119000,10985,10986,10985,5
2020-05-11,15:00:16.119000,10985,10986,10985,2
2020-05-11,15:00:16.119000,10985,10986,10985,4
2020-05-11,15:00:16.119000,10985,10986,10985,1
2020-05-11,15:00:16.119000,10985,10986,10985,12
2020-05-11,15:00:16.120000,10985,10986,10984,1
2020-05-11,15:00:16.254000,10984,10985,10984,1
2020-05-11,15:00:16.849000,10984,10985,10985,1
2020-05-11,15:00:17.027000,10984,10985,10985,1
2020-05-11,15:00:17.211000,10984,10985,10984,2
2020-05-11,15:00:17.297000,10984,10985,10985,2
2020-05-11,15:00:17.795000,10984,10985,10985,1
2020-05-11,15:00:17.873000,10984,10985,10985,1
2020-05-11,15:00:18.385000,10984,10985,10984,2
2020-05-11,15:00:18.682000,10984,10985,10984,1
2020-05-11,15:00:18.926000,10983,10985,10983,1
2020-05-11,15:00:19.690000,10983,10985,10983,1
2020-05-11,15:00:20.401000,10983,10984,10983,5
2020-05-11,15:00:20.488000,10983,10984,10983,1
2020-05-11,15:00:21.180000,10982,10983,10983,1
2020-05-11,15:00:22.323000,10983,10984,10983,2
2020-05-11,15:00:22.323000,10983,10984,10983,2
2020-05-11,15:00:23.016000,10982,10984,10982,1
2020-05-11,15:00:23.276000,10982,10984,10982,1
2020-05-11,15:00:25.234000,10983,10984,10983,1
2020-05-11,15:00:25.676000,10982,10984,10984,1
2020-05-11,15:00:26.878000,10983,10985,10983,1
2020-05-11,15:00:27.458000,10983,10984,10984,1
2020-05-11,15:00:29.245000,10983,10984,10984,1
2020-05-11,15:00:29.451000,10983,10985,10983,1
2020-05-11,15:00:31.218000,10983,10985,10983,4
2020-05-11,15:00:32.591000,10983,10984,10983,1
2020-05-11,15:00:35.451000,10982,10984,10982,10
2020-05-11,15:00:35.454000,10982,10984,10981,1
2020-05-11,15:00:36.933000,10981,10983,10981,1
2020-05-11,15:00:38.667000,10981,10983,10983,1
2020-05-11,15:00:40.148000,10981,10982,10982,2
2020-05-11,15:00:40.149000,10981,10982,10982,1
2020-05-11,15:00:40.805000,10981,10983,10981,3
2020-05-11,15:00:41.742000,10981,10983,10981,2
2020-05-11,15:00:42.445000,10981,10983,10981,1
2020-05-11,15:00:42.705000,10981,10983,10981,1
2020-05-11,15:00:42.866000,10980,10981,10981,1
2020-05-11,15:00:42.866000,10980,10981,10981,1
2020-05-11,15:00:45.485000,10981,10982,10982,1
2020-05-11,15:00:48.383000,10982,10983,10982,1
2020-05-11,15:00:48.536000,10982,10983,10982,3
2020-05-11,15:00:50.969000,10982,10983,10982,1
2020-05-11,15:00:51.196000,10982,10983,10982,3
2020-05-11,15:00:51.196000,10982,10983,10981,12
2020-05-11,15:00:51.257000,10982,10983,10983,2
2020-05-11,15:00:51.454000,10981,10983,10981,3
2020-05-11,15:00:51.603000,10981,10983,10981,1
2020-05-11,15:00:52.743000,10981,10982,10982,1
2020-05-11,15:00:53.511000,10981,10982,10982,1
2020-05-11,15:00:56.697000,10981,10982,10982,3
2020-05-11,15:00:57.128000,10981,10983,10981,2
2020-05-11,15:00:57.673000,10981,10983,10981,2
2020-05-11,15:00:59.158000,10981,10982,10982,1
2020-05-11,15:00:59.158000,10981,10982,10983,1
2020-05-11,15:01:00.043000,10981,10983,10981,5
2020-05-11,15:01:00.058000,10981,10983,10980,1
2020-05-11,15:01:00.108000,10980,10982,10980,1
2020-05-11,15:01:00.128000,10980,10982,10980,1
2020-05-11,15:01:00.894000,10980,10982,10980,1
2020-05-11,15:01:01.323000,10980,10982,10980,1
2020-05-11,15:01:01.551000,10980,10982,10981,2
2020-05-11,15:01:01.576000,10981,10982,10982,2
2020-05-11,15:01:01.576000,10981,10982,10982,1
2020-05-11,15:01:01.579000,10981,10982,10982,2
2020-05-11,15:01:01.581000,10981,10982,10983,2
2020-05-11,15:01:01.587000,10981,10982,10983,1
2020-05-11,15:01:01.590000,10981,10982,10983,1
2020-05-11,15:01:01.591000,10981,10982,10983,1
2020-05-11,15:01:01.593000,10981,10982,10984,2
2020-05-11,15:01:01.595000,10981,10982,10984,1
2020-05-11,15:01:01.595000,10981,10982,10984,1
2020-05-11,15:01:01.597000,10981,10982,10984,1
2020-05-11,15:01:01.599000,10981,10982,10984,8
2020-05-11,15:01:01.604000,10981,10982,10985,2
2020-05-11,15:01:01.608000,10981,10982,10985,1
2020-05-11,15:01:01.891000,10984,10985,10984,1
2020-05-11,15:01:02.864000,10982,10984,10982,1
2020-05-11,15:01:04.317000,10982,10984,10982,1
2020-05-11,15:01:07.098000,10982,10983,10982,3
2020-05-11,15:01:07.149000,10982,10983,10982,4
2020-05-11,15:01:07.149000,10982,10983,10981,1
2020-05-11,15:01:11.930000,10981,10982,10981,5
2020-05-11,15:01:12.786000,10980,10981,10981,1
2020-05-11,15:01:13.655000,10981,10982,10981,1
2020-05-11,15:01:13.896000,10980,10982,10982,1
2020-05-11,15:01:15.392000,10980,10981,10980,10
2020-05-11,15:01:15.393000,10980,10981,10980,8
2020-05-11,15:01:15.393000,10980,10981,10980,8
2020-05-11,15:01:15.394000,10980,10981,10979,2
2020-05-11,15:01:15.394000,10980,10981,10978,2
2020-05-11,15:01:16.321000,10977,10978,10978,1
2020-05-11,15:01:16.321000,10977,10978,10978,1
2020-05-11,15:01:17.020000,10978,10979,10978,1
2020-05-11,15:01:17.124000,10978,10979,10979,2
2020-05-11,15:01:17.124000,10978,10979,10980,2
2020-05-11,15:01:17.678000,10978,10979,10978,1
2020-05-11,15:01:17.792000,10978,10979,10979,2
2020-05-11,15:01:19.302000,10978,10979,10979,2
2020-05-11,15:01:19.620000,10979,10981,10979,5
2020-05-11,15:01:19.961000,10978,10980,10978,2
2020-05-11,15:01:20.717000,10978,10979,10978,2
2020-05-11,15:01:21.659000,10978,10979,10978,1
2020-05-11,15:01:23.165000,10977,10978,10977,1
2020-05-11,15:01:23.292000,10977,10978,10977,1
2020-05-11,15:01:23.825000,10977,10978,10978,1
2020-05-11,15:01:23.878000,10977,10978,10977,1
2020-05-11,15:01:24.161000,10977,10978,10977,5
2020-05-11,15:01:24.192000,10977,10978,10977,1
2020-05-11,15:01:24.510000,10976,10978,10976,2
2020-05-11,15:01:24.789000,10976,10978,10978,1
2020-05-11,15:01:25.193000,10976,10978,10976,3
2020-05-11,15:01:27.273000,10977,10978,10977,1
2020-05-11,15:01:28.902000,10977,10978,10978,1
2020-05-11,15:01:29.340000,10977,10978,10977,8
2020-05-11,15:01:29.340000,10977,10978,10976,14
2020-05-11,15:01:29.953000,10976,10977,10977,1
2020-05-11,15:01:30.962000,10976,10977,10976,1
2020-05-11,15:01:31.416000,10975,10977,10977,1
2020-05-11,15:01:33.137000,10975,10977,10975,1
2020-05-11,15:01:33.257000,10975,10976,10975,1
2020-05-11,15:01:33.351000,10975,10976,10975,1
2020-05-11,15:01:33.353000,10975,10976,10975,3
2020-05-11,15:01:33.449000,10975,10976,10975,1
2020-05-11,15:01:33.483000,10975,10976,10975,1
2020-05-11,15:01:33.512000,10975,10976,10974,1
2020-05-11,15:01:33.597000,10974,10976,10974,1
2020-05-11,15:01:33.768000,10974,10976,10974,11
2020-05-11,15:01:33.768000,10974,10976,10973,1
2020-05-11,15:01:33.768000,10974,10976,10973,1
2020-05-11,15:01:33.791000,10974,10976,10974,1
2020-05-11,15:01:33.922000,10973,10975,10973,1
2020-05-11,15:01:34.102000,10973,10975,10973,1
2020-05-11,15:01:34.118000,10973,10975,10973,3
2020-05-11,15:01:34.122000,10973,10975,10973,1
2020-05-11,15:01:34.122000,10973,10975,10972,1
2020-05-11,15:01:34.170000,10973,10975,10972,1
2020-05-11,15:01:34.191000,10973,10975,10972,1
2020-05-11,15:01:34.198000,10972,10973,10972,2
2020-05-11,15:01:34.219000,10972,10973,10972,1
2020-05-11,15:01:34.255000,10972,10973,10972,1
2020-05-11,15:01:34.301000,10972,10973,10972,2
2020-05-11,15:01:34.305000,10972,10973,10972,2
2020-05-11,15:01:34.307000,10972,10973,10972,1
2020-05-11,15:01:34.307000,10972,10973,10971,14
2020-05-11,15:01:34.307000,10972,10973,10971,1
2020-05-11,15:01:34.308000,10972,10973,10972,5
2020-05-11,15:01:34.320000,10971,10973,10971,5
2020-05-11,15:01:34.320000,10971,10973,10970,2
2020-05-11,15:01:34.385000,10971,10973,10973,1
2020-05-11,15:01:34.411000,10971,10973,10971,1
2020-05-11,15:01:34.498000,10971,10973,10971,1
2020-05-11,15:01:34.522000,10971,10973,10971,1
2020-05-11,15:01:34.573000,10971,10973,10971,1
2020-05-11,15:01:34.604000,10971,10973,10970,2
2020-05-11,15:01:34.635000,10971,10973,10970,1
2020-05-11,15:01:34.714000,10970,10972,10970,1
2020-05-11,15:01:34.748000,10970,10972,10970,5
2020-05-11,15:01:34.754000,10970,10972,10972,1
2020-05-11,15:01:34.757000,10970,10972,10970,1
2020-05-11,15:01:34.763000,10970,10972,10970,1
2020-05-11,15:01:34.805000,10970,10972,10970,1
2020-05-11,15:01:34.821000,10970,10972,10970,1
2020-05-11,15:01:34.844000,10970,10972,10970,4
2020-05-11,15:01:34.849000,10970,10972,10970,1
2020-05-11,15:01:34.852000,10970,10972,10970,4
2020-05-11,15:01:34.903000,10970,10972,10969,6
2020-05-11,15:01:34.904000,10970,10972,10970,2
2020-05-11,15:01:34.933000,10970,10972,10970,2
2020-05-11,15:01:34.952000,10969,10971,10969,1
2020-05-11,15:01:34.954000,10969,10971,10971,1
2020-05-11,15:01:34.954000,10969,10971,10970,2
2020-05-11,15:01:34.965000,10969,10971,10971,1
2020-05-11,15:01:34.993000,10969,10971,10970,2
2020-05-11,15:01:35.023000,10969,10971,10970,2
2020-05-11,15:01:35.080000,10969,10971,10970,2
2020-05-11,15:01:35.146000,10969,10971,10970,1
2020-05-11,15:01:35.159000,10969,10971,10971,1
2020-05-11,15:01:35.179000,10969,10971,10969,1
2020-05-11,15:01:35.185000,10969,10971,10969,1
2020-05-11,15:01:35.202000,10969,10971,10969,1
2020-05-11,15:01:35.485000,10969,10971,10969,1
2020-05-11,15:01:35.575000,10970,10971,10970,1
2020-05-11,15:01:36.127000,10969,10970,10970,1
2020-05-11,15:01:36.774000,10970,10971,10970,1
2020-05-11,15:01:37.027000,10970,10971,10970,1
2020-05-11,15:01:37.317000,10970,10971,10971,2
2020-05-11,15:01:37.442000,10971,10972,10972,1
2020-05-11,15:01:37.965000,10971,10973,10971,1
2020-05-11,15:01:38.627000,10972,10973,10973,1
2020-05-11,15:01:38.749000,10972,10974,10972,2
2020-05-11,15:01:38.773000,10972,10974,10972,1
2020-05-11,15:01:39.157000,10972,10973,10973,1
2020-05-11,15:01:39.354000,10972,10974,10972,1
2020-05-11,15:01:40.465000,10973,10975,10973,1
2020-05-11,15:01:41.145000,10972,10974,10974,3
2020-05-11,15:01:41.573000,10973,10974,10973,2
2020-05-11,15:01:41.573000,10973,10974,10972,3
2020-05-11,15:01:42.376000,10972,10973,10973,1
2020-05-11,15:01:43.428000,10972,10974,10972,3
2020-05-11,15:01:44.530000,10972,10973,10972,4
2020-05-11,15:01:44.530000,10972,10973,10971,1
2020-05-11,15:01:44.571000,10972,10973,10973,1
2020-05-11,15:01:46.066000,10972,10974,10972,1
2020-05-11,15:01:47.052000,10972,10974,10972,3
2020-05-11,15:01:49.937000,10972,10973,10973,1
2020-05-11,15:01:50.743000,10972,10974,10972,1
2020-05-11,15:01:51.379000,10973,10974,10973,1
2020-05-11,15:01:51.541000,10973,10974,10973,1
2020-05-11,15:01:53.449000,10972,10973,10973,1
2020-05-11,15:01:54.935000,10973,10974,10973,3
2020-05-11,15:01:54.935000,10973,10974,10972,2
2020-05-11,15:01:56.101000,10973,10974,10974,1
2020-05-11,15:01:56.330000,10973,10974,10973,1
2020-05-11,15:01:56.655000,10973,10974,10973,1
2020-05-11,15:01:56.974000,10973,10974,10974,1
2020-05-11,15:01:57.693000,10973,10974,10973,5
2020-05-11,15:01:58.329000,10973,10974,10973,5
2020-05-11,15:01:58.467000,10972,10974,10974,1
2020-05-11,15:01:59.242000,10972,10974,10973,1
2020-05-11,15:02:00.042000,10972,10974,10972,1
2020-05-11,15:02:00.045000,10972,10974,10972,1
2020-05-11,15:02:03.913000,10973,10974,10974,2
2020-05-11,15:02:04.303000,10973,10974,10974,1
2020-05-11,15:02:06.377000,10973,10974,10973,1
2020-05-11,15:02:06.528000,10973,10974,10973,2
2020-05-11,15:02:07.485000,10973,10974,10973,5
2020-05-11,15:02:08.387000,10973,10974,10973,3
2020-05-11,15:02:08.525000,10972,10974,10974,1
2020-05-11,15:02:18.542000,10974,10975,10974,2
2020-05-11,15:02:18.542000,10974,10975,10973,1
2020-05-11,15:02:19.299000,10973,10975,10973,1
2020-05-11,15:02:24.237000,10974,10975,10975,1
2020-05-11,15:02:28.160000,10974,10975,10975,2
2020-05-11,15:02:29.478000,10975,10976,10975,1
2020-05-11,15:02:30.706000,10974,10975,10975,1
2020-05-11,15:02:30.830000,10974,10975,10975,1
2020-05-11,15:02:31.267000,10974,10976,10975,1
2020-05-11,15:02:35.833000,10974,10975,10975,4
2020-05-11,15:02:36.844000,10975,10976,10975,4
2020-05-11,15:02:37.704000,10975,10976,10975,1
2020-05-11,15:02:37.856000,10974,10976,10975,3
2020-05-11,15:02:37.944000,10975,10976,10975,1
2020-05-11,15:02:37.969000,10975,10976,10975,1
2020-05-11,15:02:37.969000,10975,10976,10975,1
2020-05-11,15:02:37.969000,10975,10976,10975,2
2020-05-11,15:02:37.970000,10975,10976,10975,1
2020-05-11,15:02:37.970000,10975,10976,10975,1
2020-05-11,15:02:41.016000,10974,10975,10974,10
2020-05-11,15:02:41.017000,10974,10975,10974,3
2020-05-11,15:02:45.138000,10973,10975,10975,1
2020-05-11,15:02:48.084000,10974,10975,10974,3
2020-05-11,15:02:49.127000,10974,10975,10974,1
2020-05-11,15:02:51.240000,10974,10975,10975,1
2020-05-11,15:02:51.501000,10974,10975,10974,1
2020-05-11,15:02:52.982000,10974,10975,10974,4
2020-05-11,15:02:52.982000,10974,10975,10973,6
2020-05-11,15:02:53.960000,10973,10975,10973,1
2020-05-11,15:02:57.653000,10973,10974,10973,2
2020-05-11,15:02:57.653000,10973,10974,10973,9
2020-05-11,15:02:57.653000,10973,10974,10973,1
2020-05-11,15:02:57.653000,10973,10974,10973,1
2020-05-11,15:03:00.889000,10972,10973,10972,6
2020-05-11,15:03:01.433000,10972,10973,10972,1
2020-05-11,15:03:04.640000,10972,10973,10972,3
2020-05-11,15:03:04.700000,10972,10973,10972,1
2020-05-11,15:03:04.702000,10972,10973,10972,1
2020-05-11,15:03:04.703000,10972,10973,10972,1
2020-05-11,15:03:04.704000,10972,10973,10972,1
2020-05-11,15:03:04.704000,10972,10973,10972,1
2020-05-11,15:03:04.706000,10972,10973,10972,1
2020-05-11,15:03:04.707000,10972,10973,10972,1
2020-05-11,15:03:04.708000,10972,10973,10972,2
2020-05-11,15:03:04.709000,10972,10973,10971,1
2020-05-11,15:03:04.716000,10972,10973,10971,1
2020-05-11,15:03:04.722000,10972,10973,10971,1
2020-05-11,15:03:04.732000,10972,10973,10971,1
2020-05-11,15:03:05.577000,10971,10973,10971,3
2020-05-11,15:03:06.493000,10971,10972,10972,1
2020-05-11,15:03:14.206000,10971,10972,10971,2
2020-05-11,15:03:17.275000,10971,10972,10971,2
2020-05-11,15:03:17.485000,10971,10972,10972,2
2020-05-11,15:03:19.356000,10971,10972,10972,1
2020-05-11,15:03:19.357000,10971,10972,10972,2
2020-05-11,15:03:20.265000,10972,10973,10972,3
2020-05-11,15:03:23.039000,10972,10973,10972,1
2020-05-11,15:03:23.039000,10972,10973,10971,4
2020-05-11,15:03:23.186000,10971,10972,10972,1
2020-05-11,15:03:23.312000,10971,10973,10971,1
2020-05-11,15:03:23.879000,10971,10972,10971,1
2020-05-11,15:03:24.903000,10970,10972,10972,1
2020-05-11,15:03:27.809000,10971,10973,10971,1
2020-05-11,15:03:30.306000,10971,10973,10971,1
2020-05-11,15:03:32.688000,10971,10973,10971,1
2020-05-11,15:03:35.967000,10971,10972,10972,1
2020-05-11,15:03:36.370000,10971,10973,10973,1
2020-05-11,15:03:44.042000,10972,10973,10973,1
2020-05-11,15:03:47.658000,10972,10973,10973,9
2020-05-11,15:03:48.388000,10973,10975,10974,1
2020-05-11,15:03:49.113000,10973,10975,10973,1
2020-05-11,15:03:49.637000,10973,10975,10973,1
2020-05-11,15:03:51.679000,10973,10975,10973,1
2020-05-11,15:03:52.894000,10973,10975,10973,5
2020-05-11,15:03:53.199000,10973,10974,10973,1
2020-05-11,15:03:53.929000,10973,10974,10974,1
2020-05-11,15:03:54.681000,10973,10975,10973,1
2020-05-11,15:03:56.584000,10973,10975,10975,1
2020-05-11,15:04:01.515000,10973,10974,10973,5
2020-05-11,15:04:01.947000,10972,10973,10973,1
2020-05-11,15:04:01.973000,10972,10973,10973,1
2020-05-11,15:04:02.767000,10972,10973,10973,1
2020-05-11,15:04:06.022000,10972,10973,10973,1
2020-05-11,15:04:10.620000,10972,10973,10973,1
2020-05-11,15:04:11.461000,10972,10973,10973,2
2020-05-11,15:04:13.458000,10973,10974,10974,8
2020-05-11,15:04:13.458000,10973,10974,10974,8
2020-05-11,15:04:13.459000,10973,10974,10974,7
2020-05-11,15:04:13.459000,10973,10974,10974,6
2020-05-11,15:04:13.459000,10973,10974,10974,2
2020-05-11,15:04:13.459000,10973,10974,10974,1
2020-05-11,15:04:13.461000,10973,10974,10975,2
2020-05-11,15:04:13.618000,10974,10975,10975,2
2020-05-11,15:04:13.778000,10974,10975,10975,1
2020-05-11,15:04:14.530000,10974,10976,10974,1
2020-05-11,15:04:16.979000,10974,10975,10974,1
2020-05-11,15:04:21.276000,10974,10975,10974,1
2020-05-11,15:04:24.063000,10974,10975,10975,2
2020-05-11,15:04:27.817000,10974,10975,10975,3
2020-05-11,15:04:27.817000,10974,10975,10975,1
2020-05-11,15:04:27.817000,10974,10975,10975,2
2020-05-11,15:04:27.817000,10974,10975,10975,1
2020-05-11,15:04:27.817000,10974,10975,10975,1
2020-05-11,15:04:27.817000,10974,10975,10975,2
2020-05-11,15:04:27.818000,10974,10975,10975,3
2020-05-11,15:04:27.818000,10974,10975,10975,4
2020-05-11,15:04:27.818000,10974,10975,10975,8
2020-05-11,15:04:29.442000,10975,10976,10976,2
2020-05-11,15:04:29.598000,10975,10976,10976,1
2020-05-11,15:04:34.581000,10975,10976,10976,1
2020-05-11,15:04:36.357000,10975,10976,10975,1
2020-05-11,15:04:36.837000,10975,10976,10976,2
2020-05-11,15:04:37.773000,10975,10976,10975,2
2020-05-11,15:04:37.783000,10975,10976,10975,1
2020-05-11,15:04:39.697000,10975,10976,10975,1
2020-05-11,15:04:47.702000,10975,10976,10975,1
2020-05-11,15:04:48.155000,10975,10976,10976,1
2020-05-11,15:04:56.992000,10975,10976,10976,1
2020-05-11,15:04:57.407000,10975,10976,10976,1
2020-05-11,15:04:58.820000,10975,10976,10975,2
2020-05-11,15:04:58.966000,10975,10976,10976,1
2020-05-11,15:05:03.804000,10975,10976,10975,2
2020-05-11,15:05:04.083000,10975,10976,10975,1
2020-05-11,15:05:05.040000,10975,10976,10975,1
2020-05-11,15:05:06.348000,10974,10975,10975,1
2020-05-11,15:05:11.044000,10974,10975,10974,8
2020-05-11,15:05:11.045000,10974,10975,10974,1
2020-05-11,15:05:13.618000,10973,10974,10974,1
2020-05-11,15:05:16.366000,10973,10974,10974,1
2020-05-11,15:05:17.105000,10973,10974,10973,1
2020-05-11,15:05:18.092000,10973,10974,10973,1
2020-05-11,15:05:21.072000,10973,10974,10973,5
2020-05-11,15:05:21.319000,10973,10974,10973,1
2020-05-11,15:05:21.326000,10973,10974,10973,1
2020-05-11,15:05:23.521000,10973,10974,10974,1
2020-05-11,15:05:29.428000,10973,10974,10974,1
2020-05-11,15:05:34.622000,10973,10974,10973,5
2020-05-11,15:05:36.217000,10972,10973,10972,6
2020-05-11,15:05:38.424000,10971,10972,10971,1
2020-05-11,15:05:38.944000,10971,10972,10971,1
2020-05-11,15:05:39.932000,10971,10972,10971,18
2020-05-11,15:05:44.354000,10970,10971,10971,1
2020-05-11,15:05:47.885000,10970,10971,10970,2
2020-05-11,15:05:48.043000,10970,10971,10971,1
2020-05-11,15:05:51.313000,10970,10972,10970,1
2020-05-11,15:05:53.038000,10971,10972,10971,1
2020-05-11,15:05:56.520000,10970,10971,10970,4
2020-05-11,15:05:56.546000,10970,10971,10971,2
2020-05-11,15:05:56.567000,10970,10971,10971,2
2020-05-11,15:05:56.568000,10970,10971,10971,2
2020-05-11,15:05:56.568000,10970,10971,10971,2
2020-05-11,15:05:56.593000,10970,10971,10971,2
2020-05-11,15:06:00.002000,10970,10972,10970,8
2020-05-11,15:06:00.089000,10970,10971,10970,1
2020-05-11,15:06:00.093000,10970,10971,10970,2
2020-05-11,15:06:00.103000,10970,10971,10970,1
2020-05-11,15:06:00.103000,10970,10971,10970,1
2020-05-11,15:06:00.107000,10970,10971,10970,2
2020-05-11,15:06:00.135000,10970,10971,10970,1
2020-05-11,15:06:00.139000,10970,10971,10970,1
2020-05-11,15:06:07.740000,10970,10971,10970,2
2020-05-11,15:06:08.455000,10970,10971,10971,1
2020-05-11,15:06:09.791000,10970,10971,10971,1
2020-05-11,15:06:13.818000,10970,10971,10971,1
2020-05-11,15:06:14.953000,10971,10972,10972,1
2020-05-11,15:06:16.357000,10971,10972,10972,1
2020-05-11,15:06:17.973000,10970,10972,10972,1
2020-05-11,15:06:19.538000,10971,10972,10971,1
2020-05-11,15:06:19.885000,10970,10971,10971,1
2020-05-11,15:06:23.601000,10970,10971,10971,2
2020-05-11,15:06:25.849000,10970,10971,10971,1
2020-05-11,15:06:25.864000,10970,10971,10971,2
2020-05-11,15:06:28.232000,10970,10971,10970,3
2020-05-11,15:06:28.232000,10970,10971,10970,7
2020-05-11,15:06:28.712000,10969,10971,10969,3
2020-05-11,15:06:29.028000,10969,10971,10969,1
2020-05-11,15:06:29.034000,10969,10971,10969,1
2020-05-11,15:06:29.041000,10969,10971,10969,1
2020-05-11,15:06:29.063000,10969,10971,10969,1
2020-05-11,15:06:29.875000,10969,10970,10970,1
2020-05-11,15:06:29.936000,10969,10970,10969,1
2020-05-11,15:06:30.479000,10969,10970,10969,4
2020-05-11,15:06:30.716000,10969,10970,10970,1
2020-05-11,15:06:30.966000,10969,10970,10970,1
2020-05-11,15:06:32.552000,10969,10970,10969,3
2020-05-11,15:06:32.553000,10969,10970,10969,5
2020-05-11,15:06:34.711000,10968,10969,10969,1
2020-05-11,15:06:35.967000,10968,10969,10968,1
2020-05-11,15:06:36.041000,10968,10969,10968,1
2020-05-11,15:06:36.043000,10968,10969,10969,1
2020-05-11,15:06:36.106000,10968,10969,10968,3
2020-05-11,15:06:36.119000,10968,10969,10968,5
2020-05-11,15:06:36.217000,10968,10969,10968,2
2020-05-11,15:06:36.412000,10968,10969,10968,1
2020-05-11,15:06:36.722000,10968,10969,10968,2
2020-05-11,15:06:36.734000,10968,10969,10968,1
2020-05-11,15:06:36.752000,10968,10969,10968,2
2020-05-11,15:06:36.752000,10968,10969,10967,1
2020-05-11,15:06:36.799000,10968,10969,10967,1
2020-05-11,15:06:36.853000,10967,10969,10967,1
2020-05-11,15:06:36.861000,10967,10969,10967,2
2020-05-11,15:06:36.863000,10967,10969,10967,2
2020-05-11,15:06:36.895000,10967,10969,10967,4
2020-05-11,15:06:37.268000,10967,10969,10967,1
2020-05-11,15:06:37.270000,10967,10969,10967,1
2020-05-11,15:06:37.274000,10967,10969,10967,1
2020-05-11,15:06:37.291000,10967,10969,10966,1
2020-05-11,15:06:37.297000,10967,10969,10966,1
2020-05-11,15:06:37.366000,10966,10968,10966,1
2020-05-11,15:06:37.501000,10966,10968,10966,1
2020-05-11,15:06:37.510000,10966,10968,10966,1
2020-05-11,15:06:37.521000,10966,10968,10966,3
2020-05-11,15:06:37.556000,10966,10968,10966,1
2020-05-11,15:06:37.657000,10966,10968,10966,2
2020-05-11,15:06:37.718000,10966,10968,10966,1
2020-05-11,15:06:37.720000,10966,10968,10966,1
2020-05-11,15:06:37.745000,10966,10968,10966,4
2020-05-11,15:06:37.821000,10966,10968,10966,4
2020-05-11,15:06:38.215000,10966,10968,10966,1
2020-05-11,15:06:38.323000,10966,10968,10966,1
2020-05-11,15:06:38.327000,10966,10968,10965,1
2020-05-11,15:06:38.328000,10966,10968,10965,2
2020-05-11,15:06:38.329000,10966,10968,10965,1
2020-05-11,15:06:38.332000,10966,10968,10965,1
2020-05-11,15:06:38.593000,10965,10967,10965,3
2020-05-11,15:06:38.635000,10965,10967,10965,2
2020-05-11,15:06:38.657000,10965,10967,10965,1
2020-05-11,15:06:38.658000,10965,10967,10965,1
2020-05-11,15:06:38.684000,10965,10967,10965,12
2020-05-11,15:06:38.685000,10965,10967,10965,2
2020-05-11,15:06:38.848000,10964,10966,10964,1
2020-05-11,15:06:38.888000,10964,10966,10964,1
2020-05-11,15:06:38.952000,10964,10965,10964,2
2020-05-11,15:06:38.952000,10964,10965,10963,2
2020-05-11,15:06:38.968000,10964,10965,10963,2
2020-05-11,15:06:38.984000,10964,10965,10963,1
2020-05-11,15:06:38.991000,10964,10965,10963,2
2020-05-11,15:06:39.017000,10964,10965,10965,1
2020-05-11,15:06:39.078000,10964,10965,10964,2
2020-05-11,15:06:39.079000,10964,10965,10963,1
2020-05-11,15:06:39.343000,10964,10965,10964,1
2020-05-11,15:06:39.386000,10964,10965,10964,1
2020-05-11,15:06:39.575000,10963,10965,10963,2
2020-05-11,15:06:39.585000,10963,10965,10963,1
2020-05-11,15:06:39.603000,10963,10965,10963,1
2020-05-11,15:06:39.888000,10963,10965,10963,1
2020-05-11,15:06:40.196000,10963,10965,10963,2
2020-05-11,15:06:41.032000,10963,10964,10964,1
2020-05-11,15:06:41.049000,10963,10964,10964,2
2020-05-11,15:06:41.300000,10964,10965,10964,2
2020-05-11,15:06:41.505000,10963,10965,10964,2
2020-05-11,15:06:41.589000,10964,10965,10964,1
2020-05-11,15:06:41.589000,10964,10965,10963,1
2020-05-11,15:06:41.824000,10964,10965,10964,2
2020-05-11,15:06:42.058000,10963,10965,10963,2
2020-05-11,15:06:43.020000,10963,10965,10963,2
2020-05-11,15:06:43.809000,10963,10965,10965,1
2020-05-11,15:06:45.140000,10964,10965,10964,9
2020-05-11,15:06:46.207000,10964,10965,10965,1
2020-05-11,15:06:46.369000,10965,10967,10967,1
2020-05-11,15:06:46.782000,10965,10967,10965,1
2020-05-11,15:06:47.088000,10965,10967,10967,1
2020-05-11,15:06:48.185000,10966,10967,10966,1
2020-05-11,15:06:48.542000,10966,10967,10966,1
2020-05-11,15:06:50,10966,10967,10966,2
2020-05-11,15:06:50.775000,10966,10967,10967,1
2020-05-11,15:06:52.234000,10966,10967,10966,1
2020-05-11,15:06:53.350000,10966,10967,10966,1
2020-05-11,15:06:57.051000,10966,10967,10966,3
2020-05-11,15:06:57.051000,10966,10967,10965,2
2020-05-11,15:06:59.288000,10966,10967,10966,1
2020-05-11,15:07:01.870000,10966,10967,10967,2
2020-05-11,15:07:02.042000,10966,10967,10967,1
2020-05-11,15:07:02.043000,10966,10967,10967,2
2020-05-11,15:07:02.867000,10966,10968,10966,15
2020-05-11,15:07:03.451000,10965,10966,10965,1
2020-05-11,15:07:04.123000,10965,10966,10966,1
2020-05-11,15:07:05.300000,10965,10966,10966,9
2020-05-11,15:07:05.313000,10965,10966,10966,1
2020-05-11,15:07:08.341000,10966,10967,10966,2
2020-05-11,15:07:10.617000,10966,10967,10967,1
2020-05-11,15:07:16.599000,10966,10967,10966,1
2020-05-11,15:07:17.605000,10966,10967,10966,1
2020-05-11,15:07:17.606000,10966,10967,10966,2
2020-05-11,15:07:17.702000,10965,10967,10967,1
2020-05-11,15:07:17.705000,10965,10967,10967,1
2020-05-11,15:07:17.711000,10965,10967,10967,1
2020-05-11,15:07:17.715000,10965,10967,10967,1
2020-05-11,15:07:19.890000,10966,10967,10967,1
2020-05-11,15:07:19.903000,10966,10967,10967,1
2020-05-11,15:07:20.619000,10966,10967,10966,1
2020-05-11,15:07:25.691000,10966,10967,10966,1
2020-05-11,15:07:25.701000,10966,10967,10967,1
2020-05-11,15:07:27.462000,10966,10967,10966,2
2020-05-11,15:07:28.063000,10966,10967,10966,1
2020-05-11,15:07:28.063000,10966,10967,10966,2
2020-05-11,15:07:31.110000,10966,10967,10966,1
2020-05-11,15:07:31.110000,10966,10967,10966,2
2020-05-11,15:07:31.199000,10965,10966,10966,2
2020-05-11,15:07:31.199000,10965,10966,10967,2
2020-05-11,15:07:31.710000,10966,10967,10966,1
2020-05-11,15:07:33.504000,10966,10967,10966,1
2020-05-11,15:07:37.875000,10965,10966,10966,2
2020-05-11,15:07:38.043000,10965,10966,10966,2
2020-05-11,15:07:39.265000,10965,10966,10966,3
2020-05-11,15:07:39.331000,10965,10966,10966,1
2020-05-11,15:07:40.679000,10965,10966,10966,3
2020-05-11,15:07:41.562000,10965,10966,10966,1
2020-05-11,15:07:42.648000,10965,10966,10966,2
2020-05-11,15:07:43.666000,10965,10966,10965,1
2020-05-11,15:07:45.469000,10965,10966,10965,1
2020-05-11,15:07:46.433000,10965,10966,10966,1
2020-05-11,15:07:48.557000,10965,10966,10966,2
2020-05-11,15:07:49.456000,10965,10966,10965,1
2020-05-11,15:07:50.066000,10965,10966,10966,1
2020-05-11,15:07:51.743000,10965,10966,10966,1
2020-05-11,15:07:52.789000,10965,10966,10965,2
2020-05-11,15:07:52.789000,10965,10966,10965,5
2020-05-11,15:07:52.790000,10965,10966,10965,6
2020-05-11,15:07:53.364000,10964,10965,10965,1
2020-05-11,15:07:53.749000,10964,10965,10964,2
2020-05-11,15:07:54.999000,10964,10965,10964,1
2020-05-11,15:07:55,10964,10965,10964,3
2020-05-11,15:07:55.853000,10963,10965,10963,1
2020-05-11,15:07:56.644000,10963,10964,10963,1
2020-05-11,15:07:56.930000,10963,10964,10963,1
2020-05-11,15:07:58.934000,10963,10964,10964,2
2020-05-11,15:07:59.281000,10964,10965,10965,1
2020-05-11,15:07:59.311000,10964,10965,10964,1
2020-05-11,15:08:00.190000,10965,10966,10965,1
2020-05-11,15:08:04.260000,10965,10966,10965,1
2020-05-11,15:08:04.699000,10965,10966,10966,1
2020-05-11,15:08:07.090000,10965,10966,10965,1
2020-05-11,15:08:07.953000,10965,10966,10965,1
2020-05-11,15:08:08.714000,10965,10966,10965,2
2020-05-11,15:08:11.434000,10964,10966,10965,1
2020-05-11,15:08:13.451000,10964,10965,10964,1
2020-05-11,15:08:15.021000,10964,10965,10964,1
2020-05-11,15:08:15.115000,10964,10965,10965,2
2020-05-11,15:08:15.402000,10964,10965,10964,1
2020-05-11,15:08:15.402000,10964,10965,10964,1
2020-05-11,15:08:15.402000,10964,10965,10964,1
2020-05-11,15:08:15.402000,10964,10965,10964,1
2020-05-11,15:08:15.402000,10964,10965,10964,2
2020-05-11,15:08:15.840000,10963,10964,10964,2
2020-05-11,15:08:15.850000,10963,10964,10963,10
2020-05-11,15:08:15.943000,10963,10964,10963,1
2020-05-11,15:08:20.015000,10962,10963,10962,1
2020-05-11,15:08:20.104000,10962,10963,10963,1
2020-05-11,15:08:20.183000,10962,10963,10962,1
2020-05-11,15:08:20.266000,10962,10963,10962,1
2020-05-11,15:08:20.352000,10962,10963,10962,1
2020-05-11,15:08:22.577000,10962,10963,10963,2
2020-05-11,15:08:26.211000,10963,10965,10963,1
2020-05-11,15:08:30.885000,10963,10964,10963,1
2020-05-11,15:08:31.596000,10963,10964,10963,3
2020-05-11,15:08:32.744000,10963,10964,10963,1
2020-05-11,15:08:33.977000,10963,10964,10963,2
2020-05-11,15:08:36.345000,10963,10964,10964,1
2020-05-11,15:08:40.949000,10964,10965,10965,12
2020-05-11,15:08:51.341000,10964,10965,10965,1
2020-05-11,15:08:51.439000,10964,10965,10965,1
2020-05-11,15:08:51.540000,10964,10965,10965,1
2020-05-11,15:08:53.660000,10964,10965,10965,1
2020-05-11,15:08:53.843000,10965,10966,10965,1
2020-05-11,15:09:03.755000,10964,10965,10965,1
2020-05-11,15:09:04.052000,10964,10965,10964,4
2020-05-11,15:09:04.054000,10964,10965,10964,1
2020-05-11,15:09:04.054000,10964,10965,10963,1
2020-05-11,15:09:04.207000,10963,10965,10963,1
2020-05-11,15:09:04.311000,10963,10965,10963,1
2020-05-11,15:09:04.336000,10963,10965,10963,1
2020-05-11,15:09:04.364000,10963,10965,10963,1
2020-05-11,15:09:06.442000,10963,10965,10963,2
2020-05-11,15:09:17.800000,10963,10964,10964,2
2020-05-11,15:09:21.348000,10964,10965,10965,2
2020-05-11,15:09:22.936000,10963,10964,10964,1
2020-05-11,15:09:23.766000,10964,10965,10964,1
2020-05-11,15:09:28.616000,10964,10965,10964,2
2020-05-11,15:09:34.193000,10964,10965,10964,1
2020-05-11,15:09:34.193000,10964,10965,10964,1
2020-05-11,15:09:34.193000,10964,10965,10964,1
2020-05-11,15:09:35.522000,10964,10965,10964,3
2020-05-11,15:09:39.538000,10963,10964,10964,2
2020-05-11,15:09:48.677000,10963,10964,10963,1
2020-05-11,15:09:51.014000,10963,10964,10963,2
2020-05-11,15:09:56.782000,10963,10964,10963,1
2020-05-11,15:09:57.167000,10963,10964,10963,1
2020-05-11,15:09:59.167000,10963,10964,10963,5
2020-05-11,15:09:59.940000,10963,10964,10963,3
2020-05-11,15:09:59.940000,10963,10964,10962,2
2020-05-11,15:10:00.583000,10962,10963,10963,11
2020-05-11,15:10:00.583000,10962,10963,10963,2
2020-05-11,15:10:00.583000,10962,10963,10963,9
2020-05-11,15:10:00.720000,10963,10964,10963,5
2020-05-11,15:10:00.924000,10963,10964,10963,2
2020-05-11,15:10:01.407000,10963,10964,10963,5
2020-05-11,15:10:01.531000,10963,10964,10964,1
2020-05-11,15:10:01.587000,10963,10964,10963,2
2020-05-11,15:10:01.587000,10963,10964,10962,7
2020-05-11,15:10:01.611000,10963,10964,10962,1
2020-05-11,15:10:01.932000,10963,10964,10963,1
2020-05-11,15:10:01.932000,10963,10964,10962,5
2020-05-11,15:10:01.935000,10963,10964,10962,4
2020-05-11,15:10:01.955000,10962,10963,10962,4
2020-05-11,15:10:02.107000,10962,10963,10962,1
2020-05-11,15:10:02.142000,10962,10963,10962,2
2020-05-11,15:10:02.142000,10962,10963,10961,3
2020-05-11,15:10:02.245000,10961,10963,10963,1
2020-05-11,15:10:02.257000,10961,10963,10962,1
2020-05-11,15:10:02.486000,10962,10963,10962,1
2020-05-11,15:10:02.603000,10962,10963,10962,1
2020-05-11,15:10:02.757000,10962,10963,10962,2
2020-05-11,15:10:02.914000,10962,10963,10962,5
2020-05-11,15:10:03.007000,10962,10963,10962,1
2020-05-11,15:10:03.100000,10961,10963,10963,1
2020-05-11,15:10:03.285000,10961,10963,10963,5
2020-05-11,15:10:03.828000,10962,10963,10962,1
2020-05-11,15:10:05.693000,10962,10963,10962,1
2020-05-11,15:10:05.693000,10962,10963,10961,2
2020-05-11,15:10:05.839000,10961,10962,10961,5
2020-05-11,15:10:06.542000,10961,10963,10961,5
2020-05-11,15:10:07.467000,10961,10962,10961,1
2020-05-11,15:10:07.849000,10960,10962,10962,1
2020-05-11,15:10:08.876000,10961,10962,10961,1
2020-05-11,15:10:09.025000,10961,10962,10961,1
2020-05-11,15:10:09.294000,10961,10962,10962,1
2020-05-11,15:10:09.454000,10961,10962,10961,1
2020-05-11,15:10:10.360000,10961,10962,10961,1
2020-05-11,15:10:10.500000,10960,10961,10961,1
2020-05-11,15:10:11.024000,10960,10961,10960,1
2020-05-11,15:10:11.152000,10960,10961,10960,10
2020-05-11,15:10:11.171000,10960,10961,10961,1
2020-05-11,15:10:11.206000,10960,10961,10960,3
2020-05-11,15:10:11.348000,10960,10961,10960,1
2020-05-11,15:10:11.350000,10960,10961,10960,12
2020-05-11,15:10:11.357000,10960,10961,10960,6
2020-05-11,15:10:11.358000,10960,10961,10960,1
2020-05-11,15:10:11.358000,10960,10961,10960,1
2020-05-11,15:10:11.358000,10960,10961,10960,1
2020-05-11,15:10:11.825000,10960,10961,10960,1
2020-05-11,15:10:12.010000,10960,10961,10961,3
2020-05-11,15:10:15.795000,10960,10961,10960,1
2020-05-11,15:10:16.196000,10960,10961,10960,1
2020-05-11,15:10:17.187000,10960,10961,10960,1
2020-05-11,15:10:19.690000,10960,10961,10960,1
2020-05-11,15:10:19.879000,10960,10961,10961,5
2020-05-11,15:10:22.143000,10961,10962,10962,1
2020-05-11,15:10:23.341000,10961,10962,10961,1
2020-05-11,15:10:27.339000,10960,10961,10960,2
2020-05-11,15:10:27.614000,10960,10961,10960,1
2020-05-11,15:10:28.466000,10960,10961,10960,1
2020-05-11,15:10:28.757000,10960,10961,10960,2
2020-05-11,15:10:29.745000,10960,10961,10961,1
2020-05-11,15:10:31.452000,10960,10961,10960,1
2020-05-11,15:10:32.396000,10960,10961,10961,1
2020-05-11,15:10:34.916000,10960,10961,10961,1
2020-05-11,15:10:35.015000,10961,10962,10962,14
2020-05-11,15:10:35.015000,10961,10962,10962,1
2020-05-11,15:10:35.015000,10961,10962,10962,4
2020-05-11,15:10:35.015000,10961,10962,10962,1
2020-05-11,15:10:35.015000,10961,10962,10962,1
2020-05-11,15:10:35.015000,10961,10962,10962,2
2020-05-11,15:10:35.175000,10962,10963,10962,1
2020-05-11,15:10:36.012000,10962,10963,10963,1
2020-05-11,15:10:39.076000,10962,10963,10963,3
2020-05-11,15:10:43.318000,10963,10964,10964,6
2020-05-11,15:10:46.042000,10963,10964,10964,1
2020-05-11,15:10:48.752000,10964,10965,10965,1
2020-05-11,15:10:48.752000,10964,10965,10965,4
2020-05-11,15:10:52.215000,10965,10966,10965,1
2020-05-11,15:10:54.136000,10965,10966,10965,1
2020-05-11,15:10:59.626000,10964,10965,10965,4
2020-05-11,15:11:00.548000,10965,10966,10966,1
2020-05-11,15:11:00.912000,10965,10966,10965,1
2020-05-11,15:11:01.503000,10965,10966,10965,1
2020-05-11,15:11:02.207000,10965,10966,10965,3
2020-05-11,15:11:06.439000,10965,10966,10966,2
2020-05-11,15:11:08.382000,10965,10966,10966,1
2020-05-11,15:11:08.435000,10965,10966,10966,1
2020-05-11,15:11:17.234000,10965,10966,10966,1
2020-05-11,15:11:21.319000,10966,10967,10967,1
2020-05-11,15:11:26.535000,10966,10967,10967,1
2020-05-11,15:11:27.669000,10966,10967,10966,1
2020-05-11,15:11:28.040000,10966,10967,10967,7
2020-05-11,15:11:33.412000,10967,10968,10968,2
2020-05-11,15:11:33.774000,10967,10968,10968,7
2020-05-11,15:11:33.774000,10967,10968,10968,4
2020-05-11,15:11:33.774000,10967,10968,10968,1
2020-05-11,15:11:33.774000,10967,10968,10968,4
2020-05-11,15:11:33.972000,10968,10969,10969,3
2020-05-11,15:11:35.563000,10968,10969,10969,1
2020-05-11,15:11:35.563000,10968,10969,10969,1
2020-05-11,15:11:37.040000,10969,10970,10969,2
2020-05-11,15:11:37.040000,10969,10970,10968,1
2020-05-11,15:11:40.077000,10968,10969,10969,1
2020-05-11,15:11:40.077000,10968,10969,10970,2
2020-05-11,15:11:40.238000,10969,10970,10970,1
2020-05-11,15:11:40.733000,10969,10970,10970,10
2020-05-11,15:11:40.990000,10969,10971,10969,1
2020-05-11,15:11:43.852000,10968,10969,10969,1
2020-05-11,15:11:44.846000,10968,10969,10968,1
2020-05-11,15:11:45.082000,10967,10968,10968,1
2020-05-11,15:11:49.304000,10967,10968,10968,2
2020-05-11,15:11:49.304000,10967,10968,10968,2
2020-05-11,15:11:49.305000,10967,10968,10968,2
2020-05-11,15:11:49.305000,10967,10968,10968,3
2020-05-11,15:11:49.305000,10967,10968,10968,1
2020-05-11,15:11:50.029000,10967,10968,10968,1
2020-05-11,15:11:50.439000,10968,10969,10969,1
2020-05-11,15:11:51.036000,10968,10969,10968,2
2020-05-11,15:11:56.355000,10968,10969,10969,1
2020-05-11,15:11:58.939000,10968,10969,10968,1
2020-05-11,15:11:59.112000,10968,10969,10969,1
2020-05-11,15:12:00.723000,10968,10969,10968,1
2020-05-11,15:12:01.399000,10968,10969,10969,1
2020-05-11,15:12:01.408000,10968,10969,10969,7
2020-05-11,15:12:02,10969,10970,10969,1
2020-05-11,15:12:02.105000,10969,10970,10970,1
2020-05-11,15:12:03.665000,10968,10970,10968,1
2020-05-11,15:12:04.892000,10968,10970,10970,1
2020-05-11,15:12:10.708000,10969,10970,10970,1
2020-05-11,15:12:12.836000,10969,10970,10969,1
2020-05-11,15:12:13.945000,10969,10970,10970,1
2020-05-11,15:12:14.644000,10969,10970,10970,3
2020-05-11,15:12:14.656000,10969,10970,10970,1
2020-05-11,15:12:17.490000,10970,10971,10970,1
2020-05-11,15:12:19.548000,10970,10971,10971,1
2020-05-11,15:12:19.735000,10970,10971,10971,1
2020-05-11,15:12:20.090000,10970,10971,10971,2
2020-05-11,15:12:20.405000,10970,10971,10970,3
2020-05-11,15:12:22.534000,10970,10971,10971,1
2020-05-11,15:12:24.923000,10970,10971,10971,1
2020-05-11,15:12:26.674000,10971,10972,10971,1
2020-05-11,15:12:29.124000,10971,10972,10971,1
2020-05-11,15:12:34.716000,10971,10972,10971,1
2020-05-11,15:12:36.471000,10971,10972,10971,2
2020-05-11,15:12:38.718000,10971,10972,10972,1
2020-05-11,15:12:38.719000,10971,10972,10972,6
2020-05-11,15:12:39.150000,10972,10973,10972,1
2020-05-11,15:12:40.610000,10972,10973,10973,1
2020-05-11,15:12:40.611000,10972,10973,10973,2
2020-05-11,15:12:40.611000,10972,10973,10973,1
2020-05-11,15:12:40.611000,10972,10973,10973,4
2020-05-11,15:12:40.611000,10972,10973,10973,2
2020-05-11,15:12:42.790000,10973,10974,10974,2
2020-05-11,15:12:44.318000,10973,10974,10973,2
2020-05-11,15:12:46.787000,10973,10974,10973,1
2020-05-11,15:12:48.953000,10973,10974,10974,1
2020-05-11,15:12:49.782000,10973,10974,10974,1
2020-05-11,15:12:50.073000,10973,10974,10974,2
2020-05-11,15:12:50.098000,10973,10974,10974,2
2020-05-11,15:12:50.124000,10973,10974,10974,2
2020-05-11,15:12:53.568000,10973,10974,10973,1
2020-05-11,15:12:53.726000,10973,10974,10974,1
2020-05-11,15:12:54.351000,10973,10974,10974,1
2020-05-11,15:12:55.688000,10973,10974,10974,1
2020-05-11,15:12:55.713000,10973,10974,10974,1
2020-05-11,15:12:55.806000,10973,10974,10974,1
2020-05-11,15:12:57.639000,10973,10974,10974,1
2020-05-11,15:13:00.074000,10973,10974,10974,2
2020-05-11,15:13:00.842000,10973,10974,10974,1
2020-05-11,15:13:02.113000,10973,10974,10974,1
2020-05-11,15:13:02.377000,10973,10974,10973,1
2020-05-11,15:13:04.163000,10973,10974,10974,1
2020-05-11,15:13:04.673000,10973,10974,10973,1
2020-05-11,15:13:05.795000,10973,10974,10974,1
2020-05-11,15:13:07.925000,10973,10974,10974,4
2020-05-11,15:13:10.026000,10973,10974,10974,2
2020-05-11,15:13:12.190000,10974,10975,10974,2
2020-05-11,15:13:12.191000,10974,10975,10974,6
2020-05-11,15:13:12.191000,10974,10975,10974,1
2020-05-11,15:13:12.766000,10973,10974,10974,1
2020-05-11,15:13:14.471000,10973,10974,10974,3
2020-05-11,15:13:14.828000,10973,10974,10974,1
2020-05-11,15:13:20.440000,10973,10974,10974,1
2020-05-11,15:13:22.278000,10973,10974,10974,1
2020-05-11,15:13:22.278000,10973,10974,10974,2
2020-05-11,15:13:22.278000,10973,10974,10974,2
2020-05-11,15:13:22.278000,10973,10974,10974,2
2020-05-11,15:13:22.278000,10973,10974,10974,1
2020-05-11,15:13:24.595000,10974,10975,10974,2
2020-05-11,15:13:24.595000,10974,10975,10974,1
2020-05-11,15:13:25.967000,10973,10974,10974,1
2020-05-11,15:13:27.033000,10973,10974,10973,1
2020-05-11,15:13:27.484000,10973,10974,10974,2
2020-05-11,15:13:28.395000,10973,10974,10974,1
2020-05-11,15:13:34.371000,10973,10974,10974,2
2020-05-11,15:13:34.371000,10973,10974,10974,1
2020-05-11,15:13:36.340000,10974,10975,10974,1
2020-05-11,15:13:37.624000,10974,10975,10974,1
2020-05-11,15:13:38.259000,10974,10975,10974,1
2020-05-11,15:13:39.545000,10974,10975,10974,1
2020-05-11,15:13:40.977000,10974,10975,10974,1
2020-05-11,15:13:41.072000,10974,10975,10974,1
2020-05-11,15:13:42.308000,10973,10974,10974,1
2020-05-11,15:13:44.618000,10973,10974,10974,2
2020-05-11,15:13:44.856000,10974,10975,10974,1
2020-05-11,15:13:46.775000,10974,10975,10974,1
2020-05-11,15:13:52.493000,10974,10975,10974,1
2020-05-11,15:13:53.665000,10974,10975,10974,1
2020-05-11,15:14:06.176000,10974,10975,10974,1
2020-05-11,15:14:06.726000,10974,10975,10975,1
2020-05-11,15:14:08.579000,10974,10975,10974,1
2020-05-11,15:14:09.098000,10974,10975,10974,6
2020-05-11,15:14:14.162000,10973,10974,10974,3
2020-05-11,15:14:14.424000,10973,10974,10973,2
2020-05-11,15:14:14.712000,10973,10974,10974,2
2020-05-11,15:14:14.712000,10973,10974,10975,1
2020-05-11,15:14:17.234000,10974,10975,10974,1
2020-05-11,15:14:20.788000,10974,10975,10974,2
2020-05-11,15:14:24.711000,10974,10975,10974,2
2020-05-11,15:14:24.712000,10974,10975,10974,3
2020-05-11,15:14:24.712000,10974,10975,10974,1
2020-05-11,15:14:34.867000,10973,10974,10974,1
2020-05-11,15:14:38.268000,10973,10974,10973,11
2020-05-11,15:14:41.964000,10973,10974,10973,1
2020-05-11,15:14:45.584000,10972,10973,10973,1
2020-05-11,15:14:46.280000,10972,10974,10973,1
2020-05-11,15:14:47.952000,10973,10974,10973,1
2020-05-11,15:14:48.781000,10972,10973,10973,1
2020-05-11,15:14:50.348000,10973,10974,10973,3
2020-05-11,15:14:53.059000,10973,10974,10974,8
2020-05-11,15:14:53.059000,10973,10974,10974,1
2020-05-11,15:14:53.352000,10974,10975,10974,1
2020-05-11,15:14:53.773000,10974,10975,10974,1
2020-05-11,15:14:54.584000,10974,10975,10975,11
2020-05-11,15:14:54.584000,10974,10975,10975,6
2020-05-11,15:14:54.989000,10975,10976,10976,1
2020-05-11,15:14:55.311000,10975,10976,10976,2
2020-05-11,15:14:55.620000,10975,10976,10975,1
2020-05-11,15:15:02.219000,10975,10976,10976,5
2020-05-11,15:15:02.446000,10976,10977,10977,1
2020-05-11,15:15:02.526000,10976,10977,10976,1
2020-05-11,15:15:02.860000,10976,10977,10976,1
2020-05-11,15:15:03.056000,10976,10977,10976,1
2020-05-11,15:15:03.137000,10976,10977,10976,2
2020-05-11,15:15:03.137000,10976,10977,10975,3
2020-05-11,15:15:04.737000,10975,10976,10976,2
2020-05-11,15:15:07.192000,10976,10977,10976,1
2020-05-11,15:15:07.518000,10976,10977,10976,1
2020-05-11,15:15:08.378000,10975,10977,10977,1
2020-05-11,15:15:11.732000,10976,10977,10977,1
2020-05-11,15:15:12.133000,10976,10977,10977,1
2020-05-11,15:15:13.958000,10976,10977,10976,1
2020-05-11,15:15:14.338000,10975,10976,10976,1
2020-05-11,15:15:14.851000,10975,10977,10977,3
2020-05-11,15:15:16.210000,10976,10977,10977,1
2020-05-11,15:15:18.567000,10976,10977,10976,1
2020-05-11,15:15:21.373000,10976,10977,10976,5
2020-05-11,15:15:22.664000,10975,10976,10976,1
2020-05-11,15:15:22.664000,10975,10976,10977,9
2020-05-11,15:15:22.911000,10976,10977,10976,1
2020-05-11,15:15:26.921000,10977,10978,10978,1
2020-05-11,15:15:28.096000,10977,10978,10977,1
2020-05-11,15:15:29.456000,10976,10977,10977,1
2020-05-11,15:15:31.786000,10976,10977,10976,2
2020-05-11,15:15:31.814000,10976,10977,10976,1
2020-05-11,15:15:32.003000,10975,10976,10976,1
2020-05-11,15:15:32.038000,10975,10976,10976,3
2020-05-11,15:15:32.039000,10975,10976,10976,1
2020-05-11,15:15:32.061000,10975,10976,10976,1
2020-05-11,15:15:33.048000,10975,10976,10976,1
2020-05-11,15:15:35.806000,10975,10976,10976,3
2020-05-11,15:15:35.806000,10975,10976,10976,2
2020-05-11,15:15:37.531000,10975,10976,10976,1
2020-05-11,15:15:45.166000,10975,10976,10975,6
2020-05-11,15:15:45.166000,10975,10976,10975,2
2020-05-11,15:15:45.166000,10975,10976,10975,2
2020-05-11,15:15:45.411000,10974,10975,10975,1
2020-05-11,15:15:50.266000,10974,10975,10975,1
2020-05-11,15:15:54.095000,10974,10975,10975,2
2020-05-11,15:15:55.415000,10974,10975,10975,1
2020-05-11,15:15:58.204000,10974,10975,10975,2
2020-05-11,15:15:58.204000,10974,10975,10976,3
2020-05-11,15:15:58.415000,10975,10976,10975,1
2020-05-11,15:16:06.605000,10975,10976,10976,2
2020-05-11,15:16:12.121000,10975,10976,10975,5
2020-05-11,15:16:12.122000,10975,10976,10975,3
2020-05-11,15:16:12.422000,10974,10975,10975,1
2020-05-11,15:16:20.109000,10974,10975,10975,2
2020-05-11,15:16:22.370000,10974,10975,10975,2
2020-05-11,15:16:27.968000,10974,10975,10975,1
2020-05-11,15:16:29.917000,10974,10975,10975,1
2020-05-11,15:16:30.751000,10974,10975,10974,1
2020-05-11,15:16:34.796000,10974,10975,10975,1
2020-05-11,15:16:34.796000,10974,10975,10975,4
2020-05-11,15:16:37.127000,10975,10976,10975,2
2020-05-11,15:16:45.663000,10975,10976,10975,2
2020-05-11,15:16:48.684000,10975,10976,10976,1
2020-05-11,15:16:48.685000,10975,10976,10976,4
2020-05-11,15:16:55.269000,10975,10976,10976,1
2020-05-11,15:17:04.694000,10976,10977,10976,1
2020-05-11,15:17:08.055000,10976,10977,10977,1
2020-05-11,15:17:08.540000,10976,10977,10977,1
2020-05-11,15:17:11.646000,10976,10977,10977,6
2020-05-11,15:17:11.792000,10977,10978,10977,2
2020-05-11,15:17:14.980000,10977,10978,10977,1
2020-05-11,15:17:15.337000,10976,10978,10978,4
2020-05-11,15:17:15.622000,10976,10978,10978,1
2020-05-11,15:17:21.073000,10977,10978,10977,1
2020-05-11,15:17:32.133000,10977,10978,10978,2
2020-05-11,15:17:34.417000,10977,10978,10978,1
2020-05-11,15:17:36.087000,10977,10978,10978,1
2020-05-11,15:17:37.165000,10977,10978,10977,1
2020-05-11,15:17:38.585000,10977,10978,10978,1
2020-05-11,15:17:40.947000,10977,10978,10977,6
2020-05-11,15:17:44.392000,10977,10978,10977,1
2020-05-11,15:17:50.344000,10977,10978,10978,1
2020-05-11,15:17:51.809000,10977,10978,10978,1
2020-05-11,15:17:51.809000,10977,10978,10978,3
2020-05-11,15:17:51.809000,10977,10978,10978,2
2020-05-11,15:17:51.834000,10978,10979,10978,2
2020-05-11,15:17:55.145000,10977,10978,10978,1
2020-05-11,15:17:55.145000,10977,10978,10979,3
2020-05-11,15:17:55.207000,10978,10979,10979,1
2020-05-11,15:17:56.081000,10978,10979,10978,1
2020-05-11,15:17:56.470000,10978,10979,10979,2
2020-05-11,15:18:03.378000,10978,10979,10979,5
2020-05-11,15:18:04.818000,10978,10979,10979,1
2020-05-11,15:18:06.835000,10978,10979,10979,1
2020-05-11,15:18:08.155000,10978,10979,10979,5
2020-05-11,15:18:13.085000,10979,10980,10979,2
2020-05-11,15:18:13.086000,10979,10980,10979,2
2020-05-11,15:18:14.838000,10978,10979,10979,5
2020-05-11,15:18:18.638000,10978,10980,10978,1
2020-05-11,15:18:23.789000,10978,10980,10978,1
2020-05-11,15:18:28.442000,10979,10980,10979,1
2020-05-11,15:18:29.897000,10979,10980,10979,1
2020-05-11,15:18:30.548000,10979,10980,10979,1
2020-05-11,15:18:36.249000,10979,10980,10980,6
2020-05-11,15:18:36.333000,10979,10980,10980,1
2020-05-11,15:18:36.346000,10979,10980,10980,1
2020-05-11,15:18:36.346000,10979,10980,10980,16
2020-05-11,15:18:36.527000,10980,10981,10981,1
2020-05-11,15:18:36.576000,10980,10981,10981,1
2020-05-11,15:18:38.357000,10980,10981,10981,4
2020-05-11,15:18:39.355000,10981,10982,10981,1
2020-05-11,15:18:39.554000,10981,10982,10981,1
2020-05-11,15:18:41.853000,10981,10982,10981,2
2020-05-11,15:18:44.806000,10981,10982,10981,1
2020-05-11,15:18:48.418000,10981,10982,10981,1
2020-05-11,15:18:49.607000,10981,10982,10981,2
2020-05-11,15:18:49.732000,10981,10982,10981,1
2020-05-11,15:18:49.732000,10981,10982,10980,3
2020-05-11,15:18:51.770000,10980,10981,10981,1
2020-05-11,15:18:51.815000,10980,10981,10981,1
2020-05-11,15:18:52.581000,10980,10981,10981,1
2020-05-11,15:18:52.827000,10981,10982,10981,1
2020-05-11,15:18:53.755000,10981,10982,10981,1
2020-05-11,15:18:55.602000,10981,10982,10981,1
2020-05-11,15:18:55.756000,10981,10982,10982,9
2020-05-11,15:18:55.825000,10982,10983,10983,1
2020-05-11,15:18:56.411000,10981,10983,10983,1
2020-05-11,15:18:58.783000,10982,10983,10982,2
2020-05-11,15:18:59.004000,10981,10982,10982,1
2020-05-11,15:18:59.961000,10981,10982,10982,1
2020-05-11,15:19:00.442000,10981,10982,10982,1
2020-05-11,15:19:00.864000,10982,10983,10983,1
2020-05-11,15:19:01.642000,10982,10983,10982,1
2020-05-11,15:19:03.949000,10982,10983,10983,2
2020-05-11,15:19:07.057000,10982,10983,10983,1
2020-05-11,15:19:07.670000,10982,10983,10983,1
2020-05-11,15:19:08.096000,10982,10984,10983,1
2020-05-11,15:19:08.506000,10982,10984,10983,1
2020-05-11,15:19:10.120000,10983,10984,10983,1
2020-05-11,15:19:10.220000,10983,10984,10984,1
2020-05-11,15:19:10.451000,10983,10984,10984,2
2020-05-11,15:19:12.187000,10983,10984,10984,1
2020-05-11,15:19:13.973000,10984,10985,10984,1
2020-05-11,15:19:14.721000,10983,10985,10983,2
2020-05-11,15:19:15.973000,10984,10985,10985,4
2020-05-11,15:19:18.309000,10984,10985,10985,1
2020-05-11,15:19:18.579000,10984,10985,10985,5
2020-05-11,15:19:18.947000,10984,10985,10984,1
2020-05-11,15:19:19.068000,10984,10985,10984,1
2020-05-11,15:19:19.400000,10984,10985,10985,1
2020-05-11,15:19:19.794000,10984,10985,10985,1
2020-05-11,15:19:20.322000,10984,10985,10985,1
2020-05-11,15:19:23.061000,10984,10985,10985,5
2020-05-11,15:19:23.187000,10984,10985,10985,10
2020-05-11,15:19:24.513000,10985,10986,10985,1
2020-05-11,15:19:24.924000,10984,10985,10985,1
2020-05-11,15:19:25.388000,10985,10986,10985,1
2020-05-11,15:19:28.035000,10984,10985,10985,1
2020-05-11,15:19:29.003000,10984,10985,10985,2
2020-05-11,15:19:29.949000,10985,10986,10985,1
2020-05-11,15:19:31.682000,10985,10986,10985,1
2020-05-11,15:19:31.823000,10985,10986,10985,2
2020-05-11,15:19:31.837000,10985,10986,10986,1
2020-05-11,15:19:32.709000,10985,10986,10986,8
2020-05-11,15:19:33.097000,10986,10987,10986,1
2020-05-11,15:19:33.276000,10986,10987,10987,1
2020-05-11,15:19:33.286000,10986,10987,10986,1
2020-05-11,15:19:33.373000,10986,10987,10987,3
2020-05-11,15:19:33.569000,10986,10987,10987,3
2020-05-11,15:19:33.569000,10986,10987,10988,2
2020-05-11,15:19:33.778000,10986,10988,10988,1
2020-05-11,15:19:35.344000,10987,10988,10988,1
2020-05-11,15:19:35.874000,10987,10988,10987,3
2020-05-11,15:19:36.054000,10987,10988,10988,3
2020-05-11,15:19:36.277000,10987,10988,10988,1
2020-05-11,15:19:36.351000,10987,10988,10988,3
2020-05-11,15:19:38.142000,10987,10988,10987,1
2020-05-11,15:19:38.432000,10987,10988,10988,1
2020-05-11,15:19:39.599000,10987,10988,10988,1
2020-05-11,15:19:41.321000,10987,10988,10988,1
2020-05-11,15:19:41.557000,10987,10988,10988,1
2020-05-11,15:19:41.709000,10987,10988,10988,2
2020-05-11,15:19:41.740000,10987,10988,10988,1
2020-05-11,15:19:44.553000,10987,10988,10988,1
2020-05-11,15:19:45.046000,10987,10988,10988,1
2020-05-11,15:19:45.928000,10987,10989,10988,1
2020-05-11,15:19:46.555000,10987,10988,10988,1
2020-05-11,15:19:47.475000,10987,10988,10988,1
2020-05-11,15:19:48.118000,10988,10989,10988,1
2020-05-11,15:19:51.274000,10987,10988,10988,1
2020-05-11,15:19:52.034000,10987,10988,10988,1
2020-05-11,15:19:52.498000,10988,10989,10988,2
2020-05-11,15:19:53.918000,10987,10988,10987,1
2020-05-11,15:19:54.012000,10987,10988,10988,1
2020-05-11,15:19:54.012000,10987,10988,10989,1
2020-05-11,15:19:54.102000,10987,10989,10989,2
2020-05-11,15:19:54.261000,10988,10989,10989,1
2020-05-11,15:19:54.481000,10988,10989,10989,1
2020-05-11,15:19:54.485000,10988,10989,10989,1
2020-05-11,15:19:54.541000,10988,10989,10988,1
2020-05-11,15:19:55.447000,10988,10989,10988,1
2020-05-11,15:19:55.762000,10988,10989,10989,1
2020-05-11,15:19:58.513000,10988,10989,10989,10
2020-05-11,15:20:00.752000,10988,10989,10988,1
2020-05-11,15:20:00.987000,10988,10989,10989,1
2020-05-11,15:20:01.246000,10988,10989,10988,3
2020-05-11,15:20:01.333000,10988,10989,10989,1
2020-05-11,15:20:01.495000,10988,10989,10989,1
2020-05-11,15:20:01.782000,10988,10989,10989,1
2020-05-11,15:20:01.784000,10988,10989,10989,1
2020-05-11,15:20:02.506000,10988,10989,10988,1
2020-05-11,15:20:03.600000,10988,10989,10989,2
2020-05-11,15:20:06.039000,10988,10989,10989,1
2020-05-11,15:20:07.766000,10988,10989,10988,3
2020-05-11,15:20:09.694000,10988,10989,10988,1
2020-05-11,15:20:10.968000,10988,10989,10989,1
2020-05-11,15:20:17.270000,10988,10989,10989,3
2020-05-11,15:20:18.922000,10988,10989,10989,2
2020-05-11,15:20:19.897000,10988,10989,10989,1
2020-05-11,15:20:21.528000,10988,10989,10989,1
2020-05-11,15:20:24.269000,10988,10989,10988,11
2020-05-11,15:20:24.850000,10987,10988,10988,1
2020-05-11,15:20:27.904000,10988,10989,10988,2
2020-05-11,15:20:27.904000,10988,10989,10987,1
2020-05-11,15:20:29.680000,10987,10988,10988,1
2020-05-11,15:20:33.125000,10987,10988,10987,1
2020-05-11,15:20:43.965000,10987,10988,10987,1
2020-05-11,15:20:44.455000,10987,10988,10987,1
2020-05-11,15:20:45.050000,10987,10988,10987,4
2020-05-11,15:20:47.349000,10986,10987,10987,1
2020-05-11,15:20:51.528000,10986,10987,10987,1
2020-05-11,15:20:51.690000,10987,10988,10987,1
2020-05-11,15:20:55.220000,10986,10987,10987,2
2020-05-11,15:20:57.328000,10986,10987,10987,2
2020-05-11,15:21:06.569000,10986,10987,10986,5
2020-05-11,15:21:08.437000,10985,10987,10986,1
2020-05-11,15:21:08.546000,10985,10987,10987,1
2020-05-11,15:21:17.412000,10985,10986,10985,7
2020-05-11,15:21:17.412000,10985,10986,10985,3
2020-05-11,15:21:17.412000,10985,10986,10985,3
2020-05-11,15:21:20.370000,10983,10984,10983,3
2020-05-11,15:21:20.370000,10983,10984,10983,1
2020-05-11,15:21:20.370000,10983,10984,10983,2
2020-05-11,15:21:20.370000,10983,10984,10983,2
2020-05-11,15:21:20.525000,10983,10984,10983,1
2020-05-11,15:21:21.208000,10983,10984,10984,1
2020-05-11,15:21:24.542000,10983,10985,10983,1
2020-05-11,15:21:24.786000,10983,10985,10983,1
2020-05-11,15:21:27.463000,10983,10984,10984,3
2020-05-11,15:21:29.337000,10983,10984,10983,1
2020-05-11,15:21:33.500000,10983,10984,10983,3
2020-05-11,15:21:33.721000,10983,10984,10983,1
2020-05-11,15:21:36.064000,10983,10984,10983,1
2020-05-11,15:21:38.321000,10983,10984,10983,1
2020-05-11,15:21:38.363000,10983,10984,10983,1
2020-05-11,15:21:38.641000,10982,10984,10982,3
2020-05-11,15:21:39.930000,10983,10984,10983,1
2020-05-11,15:21:46.963000,10982,10983,10982,7
2020-05-11,15:21:46.963000,10982,10983,10981,19
2020-05-11,15:21:47.767000,10981,10983,10983,1
2020-05-11,15:21:47.833000,10981,10983,10983,1
2020-05-11,15:21:48.110000,10981,10983,10981,4
2020-05-11,15:21:48.318000,10981,10983,10981,1
2020-05-11,15:21:50.740000,10982,10983,10982,4
2020-05-11,15:21:51.209000,10982,10983,10982,1
2020-05-11,15:21:53.637000,10982,10983,10982,4
2020-05-11,15:21:56.008000,10982,10983,10982,1
2020-05-11,15:21:57.275000,10982,10983,10982,4
2020-05-11,15:21:58.907000,10981,10982,10982,1
2020-05-11,15:21:58.997000,10981,10982,10982,5
2020-05-11,15:22:01.175000,10981,10982,10982,3
2020-05-11,15:22:03.687000,10982,10983,10982,1
2020-05-11,15:22:04.217000,10982,10983,10982,1
2020-05-11,15:22:07.673000,10982,10983,10982,1
2020-05-11,15:22:07.902000,10982,10983,10982,1
2020-05-11,15:22:07.920000,10982,10983,10982,1
2020-05-11,15:22:10.270000,10982,10983,10983,1
2020-05-11,15:22:10.270000,10982,10983,10983,3
2020-05-11,15:22:10.455000,10983,10984,10983,1
2020-05-11,15:22:10.561000,10983,10984,10983,1
2020-05-11,15:22:10.731000,10983,10984,10983,1
2020-05-11,15:22:11.919000,10983,10984,10984,1
2020-05-11,15:22:13.657000,10984,10985,10984,1
2020-05-11,15:22:13.729000,10984,10985,10985,1
2020-05-11,15:22:13.729000,10984,10985,10985,2
2020-05-11,15:22:14.327000,10984,10985,10985,1
2020-05-11,15:22:14.682000,10984,10985,10985,1
2020-05-11,15:22:23.967000,10983,10984,10984,1
2020-05-11,15:22:25.299000,10983,10984,10984,3
2020-05-11,15:22:27.414000,10983,10985,10984,2
2020-05-11,15:22:32.223000,10984,10985,10985,4
2020-05-11,15:22:33.686000,10985,10986,10985,1
2020-05-11,15:22:34.563000,10985,10986,10985,3
2020-05-11,15:22:36.152000,10984,10985,10985,1
2020-05-11,15:22:36.782000,10984,10985,10984,3
2020-05-11,15:22:40.098000,10984,10985,10985,1
2020-05-11,15:22:41.321000,10984,10985,10984,3
2020-05-11,15:22:43.273000,10984,10985,10984,1
2020-05-11,15:22:55.972000,10984,10985,10984,1
2020-05-11,15:23:03.641000,10984,10985,10985,2
2020-05-11,15:23:04.196000,10984,10985,10984,2
2020-05-11,15:23:04.416000,10984,10985,10985,2
2020-05-11,15:23:04.416000,10984,10985,10985,6
2020-05-11,15:23:05.285000,10985,10986,10986,5
2020-05-11,15:23:13.830000,10985,10986,10985,1
2020-05-11,15:23:16.802000,10984,10986,10986,1
2020-05-11,15:23:21.692000,10986,10987,10986,1
2020-05-11,15:23:25.275000,10984,10986,10986,1
2020-05-11,15:23:39.257000,10984,10986,10984,1
2020-05-11,15:23:49.212000,10984,10985,10985,1
2020-05-11,15:23:49.857000,10984,10986,10984,3
2020-05-11,15:23:58.277000,10985,10986,10986,2
2020-05-11,15:23:58.278000,10985,10986,10986,1
2020-05-11,15:23:58.278000,10985,10986,10986,1
2020-05-11,15:24:07.312000,10986,10987,10987,4
2020-05-11,15:24:07.898000,10986,10987,10986,1
2020-05-11,15:24:08.195000,10986,10987,10987,2
2020-05-11,15:24:15.792000,10986,10987,10986,1
2020-05-11,15:24:15.828000,10986,10987,10986,3
2020-05-11,15:24:15.828000,10986,10987,10986,1
2020-05-11,15:24:15.830000,10986,10987,10986,3
2020-05-11,15:24:15.830000,10986,10987,10985,6
2020-05-11,15:24:15.834000,10986,10987,10985,1
2020-05-11,15:24:15.836000,10986,10987,10985,3
2020-05-11,15:24:15.843000,10986,10987,10985,1
2020-05-11,15:24:15.847000,10986,10987,10985,1
2020-05-11,15:24:15.848000,10986,10987,10985,2
2020-05-11,15:24:15.849000,10986,10987,10985,1
2020-05-11,15:24:15.855000,10986,10987,10985,1
2020-05-11,15:24:15.861000,10986,10987,10985,1
2020-05-11,15:24:15.861000,10986,10987,10984,2
2020-05-11,15:24:16.347000,10984,10986,10986,3
2020-05-11,15:24:16.978000,10985,10986,10985,1
2020-05-11,15:24:18.083000,10985,10986,10986,2
2020-05-11,15:24:18.083000,10985,10986,10986,3
2020-05-11,15:24:23.113000,10985,10986,10986,1
2020-05-11,15:24:23.344000,10985,10986,10986,1
2020-05-11,15:24:23.764000,10985,10986,10985,1
2020-05-11,15:24:24.721000,10984,10986,10984,1
2020-05-11,15:24:24.724000,10984,10986,10986,1
2020-05-11,15:24:36.991000,10984,10985,10984,1
2020-05-11,15:24:44.477000,10984,10985,10984,1
2020-05-11,15:24:44.478000,10984,10985,10984,5
2020-05-11,15:24:49.869000,10984,10985,10984,1
2020-05-11,15:24:56.380000,10984,10985,10984,1
2020-05-11,15:24:59.363000,10984,10985,10985,5
2020-05-11,15:24:59.363000,10984,10985,10986,17
2020-05-11,15:25:05.676000,10984,10986,10986,1
2020-05-11,15:25:11.496000,10985,10986,10986,3
2020-05-11,15:25:18.752000,10985,10986,10986,1
2020-05-11,15:25:18.752000,10985,10986,10987,4
2020-05-11,15:25:20.290000,10985,10986,10986,1
2020-05-11,15:25:21.571000,10986,10987,10986,1
2020-05-11,15:25:24.092000,10985,10986,10986,1
2020-05-11,15:25:24.431000,10986,10987,10986,1
2020-05-11,15:25:25.893000,10986,10987,10986,1
2020-05-11,15:25:34.898000,10985,10986,10986,1
2020-05-11,15:25:35.331000,10985,10986,10985,1
2020-05-11,15:25:35.550000,10984,10985,10984,1
2020-05-11,15:25:41.201000,10984,10985,10984,1
2020-05-11,15:25:42.934000,10984,10986,10984,1
2020-05-11,15:25:46.979000,10984,10985,10984,11
2020-05-11,15:25:46.979000,10984,10985,10984,2
2020-05-11,15:25:47.291000,10984,10986,10984,1
2020-05-11,15:25:48.158000,10985,10986,10985,1
2020-05-11,15:25:50.848000,10985,10986,10985,2
2020-05-11,15:25:58.039000,10985,10986,10985,1
2020-05-11,15:26:03.052000,10985,10986,10986,2
2020-05-11,15:26:03.052000,10985,10986,10986,5
2020-05-11,15:26:03.052000,10985,10986,10986,2
2020-05-11,15:26:03.053000,10985,10986,10986,1
2020-05-11,15:26:03.053000,10985,10986,10986,2
2020-05-11,15:26:03.053000,10985,10986,10986,3
2020-05-11,15:26:07.032000,10986,10987,10986,1
2020-05-11,15:26:12.491000,10986,10987,10986,1
2020-05-11,15:26:22.913000,10986,10987,10986,5
2020-05-11,15:26:23.798000,10985,10986,10986,1
2020-05-11,15:26:27.795000,10985,10987,10987,20
2020-05-11,15:26:29.064000,10986,10987,10986,1
2020-05-11,15:26:30.035000,10986,10987,10987,3
2020-05-11,15:26:31.599000,10986,10987,10987,1
2020-05-11,15:26:31.599000,10986,10987,10987,1
2020-05-11,15:26:31.599000,10986,10987,10987,2
2020-05-11,15:26:31.600000,10986,10987,10987,4
2020-05-11,15:26:46.216000,10987,10988,10988,1
2020-05-11,15:26:50.308000,10987,10988,10987,3
2020-05-11,15:26:51.817000,10987,10988,10987,1
2020-05-11,15:26:51.817000,10987,10988,10987,3
2020-05-11,15:26:51.817000,10987,10988,10987,5
2020-05-11,15:26:56.964000,10986,10987,10987,1
2020-05-11,15:27:00.005000,10986,10987,10987,1
2020-05-11,15:27:02.269000,10986,10987,10987,2
2020-05-11,15:27:02.469000,10986,10988,10987,1
2020-05-11,15:27:03.638000,10987,10988,10987,1
2020-05-11,15:27:03.825000,10986,10987,10987,2
2020-05-11,15:27:03.825000,10986,10987,10987,1
2020-05-11,15:27:07.507000,10987,10988,10987,1
2020-05-11,15:27:07.510000,10987,10988,10987,1
2020-05-11,15:27:07.654000,10986,10987,10986,1
2020-05-11,15:27:11.558000,10985,10987,10987,1
2020-05-11,15:27:17.237000,10986,10987,10986,1
2020-05-11,15:27:23.075000,10985,10986,10986,1
2020-05-11,15:27:23.216000,10985,10986,10985,1
2020-05-11,15:27:27.180000,10985,10986,10986,1
2020-05-11,15:27:27.877000,10986,10987,10987,1
2020-05-11,15:27:29.513000,10986,10987,10987,1
2020-05-11,15:27:40.446000,10985,10986,10986,1
2020-05-11,15:28:02.391000,10986,10987,10986,2
2020-05-11,15:28:02.754000,10986,10987,10986,2
2020-05-11,15:28:06.510000,10986,10987,10986,1
2020-05-11,15:28:07.565000,10986,10987,10986,1
2020-05-11,15:28:13.207000,10986,10987,10987,1
2020-05-11,15:28:15.270000,10986,10987,10987,1
2020-05-11,15:28:15.270000,10986,10987,10987,5
2020-05-11,15:28:27.863000,10986,10987,10987,1
2020-05-11,15:28:43.108000,10986,10987,10987,2
2020-05-11,15:28:50.549000,10986,10987,10987,1
2020-05-11,15:28:58.449000,10987,10988,10987,1
2020-05-11,15:29:03.229000,10987,10988,10988,3
2020-05-11,15:29:05.812000,10987,10988,10988,19
2020-05-11,15:29:07.294000,10988,10989,10989,1
2020-05-11,15:29:07.817000,10988,10989,10989,3
2020-05-11,15:29:07.818000,10988,10989,10989,1
2020-05-11,15:29:12.969000,10988,10990,10990,1
2020-05-11,15:29:16.521000,10989,10990,10989,1
2020-05-11,15:29:20.328000,10989,10990,10990,1
2020-05-11,15:29:22.795000,10989,10990,10989,4
2020-05-11,15:29:22.854000,10989,10990,10989,1
2020-05-11,15:29:22.854000,10989,10990,10989,1
2020-05-11,15:29:23.037000,10988,10990,10990,1
2020-05-11,15:29:26.617000,10988,10990,10990,5
2020-05-11,15:29:28.005000,10989,10990,10990,1
2020-05-11,15:29:29.391000,10989,10990,10990,8
2020-05-11,15:29:29.941000,10989,10990,10989,9
2020-05-11,15:29:31.989000,10988,10989,10989,1
2020-05-11,15:29:33.404000,10988,10989,10989,3
2020-05-11,15:29:33.404000,10988,10989,10989,1
2020-05-11,15:29:36.711000,10989,10990,10990,1
2020-05-11,15:29:36.953000,10989,10990,10990,1
2020-05-11,15:29:39.082000,10989,10990,10989,1
2020-05-11,15:29:43.382000,10989,10990,10990,2
2020-05-11,15:29:45.110000,10989,10990,10990,1
2020-05-11,15:29:46.826000,10989,10990,10990,1
2020-05-11,15:29:47.019000,10989,10990,10990,1
2020-05-11,15:29:47.209000,10989,10990,10990,1
2020-05-11,15:29:47.282000,10989,10990,10990,2
2020-05-11,15:29:47.411000,10989,10990,10990,1
2020-05-11,15:29:47.600000,10989,10990,10990,1
2020-05-11,15:29:47.821000,10989,10990,10990,1
2020-05-11,15:29:49.544000,10989,10990,10990,1
2020-05-11,15:29:49.798000,10989,10990,10990,1
2020-05-11,15:29:50.902000,10989,10990,10990,2
2020-05-11,15:29:51.530000,10989,10990,10990,4
2020-05-11,15:29:53.912000,10989,10990,10990,1
2020-05-11,15:29:57.380000,10989,10990,10990,4
2020-05-11,15:29:58.628000,10990,10991,10990,1
2020-05-11,15:29:59.360000,10990,10991,10991,1
2020-05-11,15:29:59.646000,10990,10991,10991,2
2020-05-11,15:30:00.009000,10990,10991,10991,1
2020-05-11,15:30:00.293000,10990,10991,10990,2
2020-05-11,15:30:01.713000,10990,10991,10990,2
2020-05-11,15:30:01.722000,10990,10991,10990,1
2020-05-11,15:30:01.722000,10990,10991,10990,2
2020-05-11,15:30:02.342000,10989,10990,10990,2
2020-05-11,15:30:02.783000,10990,10991,10990,1
2020-05-11,15:30:04.241000,10989,10990,10990,1
2020-05-11,15:30:05.202000,10989,10990,10990,1
2020-05-11,15:30:06.060000,10989,10990,10989,9
2020-05-11,15:30:06.061000,10989,10990,10989,1
2020-05-11,15:30:06.061000,10989,10990,10989,8
2020-05-11,15:30:06.141000,10988,10989,10988,7
2020-05-11,15:30:07.737000,10987,10988,10988,5
2020-05-11,15:30:07.737000,10987,10988,10989,4
2020-05-11,15:30:14.682000,10987,10989,10989,9
2020-05-11,15:30:16.658000,10987,10989,10988,1
2020-05-11,15:30:18,10988,10989,10989,1
2020-05-11,15:30:22.122000,10988,10989,10989,5
2020-05-11,15:30:25.700000,10989,10990,10989,1
2020-05-11,15:30:26.021000,10989,10990,10989,1
2020-05-11,15:30:27.097000,10989,10990,10989,1
2020-05-11,15:30:28.827000,10989,10990,10989,1
2020-05-11,15:30:30.083000,10989,10990,10989,1
2020-05-11,15:30:31.781000,10989,10990,10989,1
2020-05-11,15:30:35.426000,10988,10989,10989,3
2020-05-11,15:30:43.023000,10988,10989,10989,2
2020-05-11,15:30:43.803000,10989,10990,10989,2
2020-05-11,15:30:58.768000,10988,10989,10989,2
2020-05-11,15:31:02.115000,10988,10989,10988,1
2020-05-11,15:31:02.115000,10988,10989,10988,1
2020-05-11,15:31:02.115000,10988,10989,10988,1
2020-05-11,15:31:05.345000,10987,10988,10988,3
2020-05-11,15:31:07.066000,10987,10988,10988,1
2020-05-11,15:31:10.370000,10987,10988,10988,2
2020-05-11,15:31:10.692000,10988,10989,10988,1
2020-05-11,15:31:21.434000,10988,10989,10988,1
2020-05-11,15:31:35.911000,10988,10989,10988,1
2020-05-11,15:31:40.251000,10988,10989,10988,8
2020-05-11,15:31:50.076000,10987,10988,10987,5
2020-05-11,15:31:50.262000,10987,10988,10987,1
2020-05-11,15:31:53.939000,10987,10988,10987,1
2020-05-11,15:31:58.801000,10987,10988,10987,2
2020-05-11,15:32:03.393000,10987,10988,10988,1
2020-05-11,15:32:03.830000,10987,10988,10987,1
2020-05-11,15:32:07.901000,10986,10987,10987,1
2020-05-11,15:32:11.781000,10986,10988,10986,2
2020-05-11,15:32:15.892000,10987,10988,10988,1
2020-05-11,15:32:17.046000,10988,10989,10988,1
2020-05-11,15:32:17.650000,10988,10989,10988,1
2020-05-11,15:32:19.555000,10988,10989,10988,1
2020-05-11,15:32:20.624000,10988,10989,10988,1
2020-05-11,15:32:21.065000,10988,10989,10988,1
2020-05-11,15:32:30.145000,10987,10988,10988,1
2020-05-11,15:32:31.026000,10987,10988,10987,1
2020-05-11,15:32:37.796000,10987,10988,10987,1
2020-05-11,15:32:38.412000,10987,10988,10988,1
2020-05-11,15:33:03.817000,10987,10988,10987,1
2020-05-11,15:33:08.483000,10987,10988,10987,2
2020-05-11,15:33:08.484000,10987,10988,10987,1
2020-05-11,15:33:08.484000,10987,10988,10987,5
2020-05-11,15:33:16.083000,10986,10987,10986,2
2020-05-11,15:33:16.083000,10986,10987,10986,8
2020-05-11,15:33:16.083000,10986,10987,10986,10
2020-05-11,15:33:16.083000,10986,10987,10986,2
2020-05-11,15:33:16.084000,10986,10987,10986,1
2020-05-11,15:33:16.084000,10986,10987,10986,5
2020-05-11,15:33:16.084000,10986,10987,10986,24
2020-05-11,15:33:16.084000,10986,10987,10986,7
2020-05-11,15:33:17.311000,10985,10986,10985,1
2020-05-11,15:33:17.311000,10985,10986,10985,3
2020-05-11,15:33:17.311000,10985,10986,10985,1
2020-05-11,15:33:17.311000,10985,10986,10985,2
2020-05-11,15:33:17.312000,10985,10986,10985,2
2020-05-11,15:33:17.312000,10985,10986,10985,1
2020-05-11,15:33:17.317000,10985,10986,10985,6
2020-05-11,15:33:17.580000,10984,10985,10984,1
2020-05-11,15:33:17.585000,10984,10985,10984,1
2020-05-11,15:33:17.590000,10984,10985,10984,2
2020-05-11,15:33:17.595000,10984,10985,10984,1
2020-05-11,15:33:17.725000,10984,10985,10984,1
2020-05-11,15:33:18.175000,10984,10985,10984,2
2020-05-11,15:33:28.085000,10984,10985,10984,1
2020-05-11,15:33:28.510000,10984,10985,10984,1
2020-05-11,15:33:29.003000,10984,10985,10984,1
2020-05-11,15:33:29.743000,10984,10985,10984,1
2020-05-11,15:33:30.092000,10984,10985,10984,2
2020-05-11,15:33:30.092000,10984,10985,10983,8
2020-05-11,15:33:30.423000,10983,10985,10983,2
2020-05-11,15:33:31.797000,10983,10985,10984,1
2020-05-11,15:33:32.407000,10984,10985,10985,1
2020-05-11,15:33:37.145000,10984,10985,10984,1
2020-05-11,15:33:37.235000,10984,10985,10984,1
2020-05-11,15:33:40.448000,10983,10984,10983,2
2020-05-11,15:33:47.135000,10984,10985,10984,1
2020-05-11,15:33:47.135000,10984,10985,10984,1
2020-05-11,15:33:49.547000,10983,10984,10983,10
2020-05-11,15:33:51.156000,10983,10984,10984,5
2020-05-11,15:33:52.420000,10983,10984,10983,1
2020-05-11,15:33:56.149000,10983,10984,10983,1
2020-05-11,15:34:01.583000,10983,10984,10983,1
2020-05-11,15:34:04.829000,10983,10984,10983,1
2020-05-11,15:34:04.948000,10983,10984,10984,2
2020-05-11,15:34:04.951000,10983,10984,10984,1
2020-05-11,15:34:14.007000,10983,10984,10983,1
2020-05-11,15:34:19.426000,10983,10984,10983,1
2020-05-11,15:34:23.924000,10983,10984,10983,2
2020-05-11,15:34:25.044000,10983,10984,10983,1
2020-05-11,15:34:25.046000,10983,10984,10983,1
2020-05-11,15:34:29.468000,10982,10983,10982,20
2020-05-11,15:34:29.469000,10982,10983,10982,1
2020-05-11,15:34:29.469000,10982,10983,10982,1
2020-05-11,15:34:30.995000,10982,10983,10982,4
2020-05-11,15:34:31.180000,10982,10983,10983,1
2020-05-11,15:34:31.364000,10982,10983,10982,1
2020-05-11,15:34:35.528000,10982,10983,10982,1
2020-05-11,15:34:37.302000,10982,10983,10982,1
2020-05-11,15:34:37.562000,10982,10983,10982,3
2020-05-11,15:34:38.613000,10982,10983,10982,1
2020-05-11,15:34:43.092000,10982,10983,10982,1
2020-05-11,15:34:43.401000,10981,10982,10982,1
2020-05-11,15:34:43.538000,10981,10982,10982,1
2020-05-11,15:34:44.182000,10981,10983,10981,1
2020-05-11,15:34:44.218000,10981,10983,10981,1
2020-05-11,15:34:45.806000,10981,10982,10982,1
2020-05-11,15:34:55.192000,10982,10983,10982,1
2020-05-11,15:34:56.090000,10982,10983,10983,1
2020-05-11,15:34:56.100000,10982,10983,10982,3
2020-05-11,15:35:00.806000,10981,10982,10982,1
2020-05-11,15:35:07.390000,10981,10982,10982,1
2020-05-11,15:35:07.963000,10981,10982,10982,1
2020-05-11,15:35:08.387000,10981,10982,10982,1
2020-05-11,15:35:10.626000,10981,10982,10981,1
2020-05-11,15:35:14.570000,10981,10982,10981,2
2020-05-11,15:35:21.714000,10981,10982,10981,1
2020-05-11,15:35:23.698000,10981,10982,10981,15
2020-05-11,15:35:24.177000,10980,10982,10981,1
2020-05-11,15:35:26.219000,10981,10982,10981,1
2020-05-11,15:35:26.755000,10981,10982,10982,1
2020-05-11,15:35:26.755000,10981,10982,10982,4
2020-05-11,15:35:26.755000,10981,10982,10982,3
2020-05-11,15:35:28.027000,10982,10983,10983,2
2020-05-11,15:35:32.874000,10982,10983,10982,5
2020-05-11,15:35:33.516000,10982,10983,10982,2
2020-05-11,15:35:33.516000,10982,10983,10981,3
2020-05-11,15:35:34.977000,10982,10983,10982,1
2020-05-11,15:35:43.970000,10981,10982,10982,1
2020-05-11,15:35:47.678000,10982,10983,10982,1
2020-05-11,15:35:55.321000,10981,10983,10982,1
2020-05-11,15:35:57.077000,10982,10983,10982,1
2020-05-11,15:35:57.455000,10982,10983,10982,1
2020-05-11,15:35:58.762000,10982,10983,10982,1
2020-05-11,15:36:15.775000,10982,10983,10982,3
2020-05-11,15:36:22.103000,10982,10983,10982,1
2020-05-11,15:36:23.661000,10982,10983,10982,2
2020-05-11,15:36:31.310000,10982,10983,10983,2
2020-05-11,15:36:31.311000,10982,10983,10983,2
2020-05-11,15:36:31.311000,10982,10983,10983,1
2020-05-11,15:36:31.311000,10982,10983,10983,1
2020-05-11,15:36:34.042000,10982,10984,10984,1
2020-05-11,15:36:38.955000,10982,10984,10982,1
2020-05-11,15:36:42.267000,10983,10984,10984,2
2020-05-11,15:36:52.493000,10983,10984,10984,2
2020-05-11,15:37:01.261000,10983,10984,10984,1
2020-05-11,15:37:02.014000,10983,10984,10983,1
2020-05-11,15:37:02.322000,10982,10984,10984,2
2020-05-11,15:37:02.513000,10982,10984,10984,1
2020-05-11,15:37:09.548000,10982,10983,10983,1
2020-05-11,15:37:10.216000,10982,10983,10983,2
2020-05-11,15:37:13.840000,10982,10983,10983,1
2020-05-11,15:37:14.589000,10982,10984,10982,1
2020-05-11,15:37:17.588000,10983,10984,10983,1
2020-05-11,15:37:19.886000,10983,10984,10983,2
2020-05-11,15:37:24.552000,10982,10984,10983,1
2020-05-11,15:37:27.691000,10983,10984,10984,4
2020-05-11,15:37:29.107000,10984,10985,10985,1
2020-05-11,15:37:32.239000,10984,10985,10984,5
2020-05-11,15:37:37.618000,10983,10984,10984,1
2020-05-11,15:37:47.781000,10983,10985,10983,1
2020-05-11,15:37:52.056000,10983,10984,10983,4
2020-05-11,15:37:53.651000,10982,10983,10983,1
2020-05-11,15:38:01.748000,10982,10983,10983,1
2020-05-11,15:38:01.748000,10982,10983,10983,2
2020-05-11,15:38:01.749000,10982,10983,10983,2
2020-05-11,15:38:10.993000,10983,10984,10983,5
2020-05-11,15:38:11.226000,10983,10984,10983,2
2020-05-11,15:38:11.938000,10982,10983,10983,1
2020-05-11,15:38:11.938000,10982,10983,10983,4
2020-05-11,15:38:11.938000,10982,10983,10983,3
2020-05-11,15:38:15.093000,10983,10985,10983,5
2020-05-11,15:38:18.998000,10982,10984,10984,1
2020-05-11,15:38:19.494000,10982,10984,10984,1
2020-05-11,15:38:20.846000,10982,10984,10984,1
2020-05-11,15:38:30.288000,10984,10985,10984,5
2020-05-11,15:38:31.111000,10984,10985,10985,1
2020-05-11,15:38:31.111000,10984,10985,10985,9
2020-05-11,15:38:31.111000,10984,10985,10985,3
2020-05-11,15:38:31.111000,10984,10985,10985,5
2020-05-11,15:38:32.204000,10985,10986,10986,2
2020-05-11,15:38:32.204000,10985,10986,10986,4
2020-05-11,15:38:32.204000,10985,10986,10986,4
2020-05-11,15:38:40.981000,10986,10987,10987,5
2020-05-11,15:38:41.343000,10987,10988,10988,1
2020-05-11,15:38:41.498000,10987,10988,10988,8
2020-05-11,15:38:41.519000,10987,10988,10988,1
2020-05-11,15:38:43.350000,10988,10989,10988,1
2020-05-11,15:38:51.038000,10988,10989,10989,2
2020-05-11,15:38:51.303000,10988,10989,10989,1
2020-05-11,15:38:51.726000,10988,10989,10989,1
2020-05-11,15:38:51.817000,10988,10989,10989,7
2020-05-11,15:38:51.818000,10988,10989,10989,2
2020-05-11,15:38:53.719000,10989,10990,10989,8
2020-05-11,15:38:54.928000,10988,10989,10989,5
2020-05-11,15:38:55.219000,10989,10990,10990,2
2020-05-11,15:38:56.775000,10989,10990,10989,1
2020-05-11,15:38:56.775000,10989,10990,10989,4
2020-05-11,15:38:58.896000,10988,10989,10989,1
2020-05-11,15:38:59.128000,10988,10989,10989,1
2020-05-11,15:39:01.765000,10989,10990,10989,1
2020-05-11,15:39:02.336000,10988,10989,10988,1
2020-05-11,15:39:02.525000,10988,10989,10989,1
2020-05-11,15:39:03.633000,10989,10990,10990,1
2020-05-11,15:39:04.339000,10989,10990,10990,2
2020-05-11,15:39:04.998000,10989,10990,10990,1
2020-05-11,15:39:08.064000,10989,10990,10990,10
2020-05-11,15:39:09.415000,10989,10990,10989,1
2020-05-11,15:39:09.819000,10989,10990,10990,9
2020-05-11,15:39:11.236000,10990,10991,10990,1
2020-05-11,15:39:13.055000,10990,10991,10990,2
2020-05-11,15:39:13.055000,10990,10991,10989,1
2020-05-11,15:39:13.567000,10989,10990,10990,1
2020-05-11,15:39:14.602000,10990,10991,10990,5
2020-05-11,15:39:15.394000,10990,10991,10991,1
2020-05-11,15:39:15.394000,10990,10991,10991,1
2020-05-11,15:39:15.394000,10990,10991,10991,2
2020-05-11,15:39:15.394000,10990,10991,10991,2
2020-05-11,15:39:15.394000,10990,10991,10991,1
2020-05-11,15:39:15.394000,10990,10991,10991,1
2020-05-11,15:39:16.149000,10991,10992,10992,8
2020-05-11,15:39:16.149000,10991,10992,10992,3
2020-05-11,15:39:16.150000,10991,10992,10992,3
2020-05-11,15:39:16.150000,10991,10992,10992,2
2020-05-11,15:39:16.547000,10992,10993,10993,1
2020-05-11,15:39:16.606000,10992,10993,10993,3
2020-05-11,15:39:16.701000,10992,10993,10993,1
2020-05-11,15:39:16.713000,10992,10993,10993,1
2020-05-11,15:39:16.722000,10992,10993,10993,3
2020-05-11,15:39:16.723000,10992,10993,10993,2
2020-05-11,15:39:16.723000,10992,10993,10993,4
2020-05-11,15:39:16.731000,10992,10993,10994,1
2020-05-11,15:39:16.752000,10992,10993,10994,1
2020-05-11,15:39:16.799000,10992,10993,10994,5
2020-05-11,15:39:16.839000,10993,10994,10994,1
2020-05-11,15:39:16.945000,10993,10994,10994,1
2020-05-11,15:39:18.848000,10993,10994,10994,5
2020-05-11,15:39:19.374000,10993,10994,10994,1
2020-05-11,15:39:19.444000,10994,10995,10994,1
2020-05-11,15:39:19.444000,10994,10995,10994,1
2020-05-11,15:39:19.642000,10994,10995,10994,2
2020-05-11,15:39:19.642000,10994,10995,10994,5
2020-05-11,15:39:20.557000,10993,10994,10994,8
2020-05-11,15:39:20.557000,10993,10994,10994,2
2020-05-11,15:39:21.751000,10993,10995,10995,1
2020-05-11,15:39:21.784000,10993,10995,10995,2
2020-05-11,15:39:22.085000,10993,10995,10995,1
2020-05-11,15:39:22.144000,10993,10995,10995,1
2020-05-11,15:39:22.659000,10994,10995,10994,4
2020-05-11,15:39:22.659000,10994,10995,10993,2
2020-05-11,15:39:23.298000,10993,10995,10995,1
2020-05-11,15:39:23.861000,10994,10995,10994,1
2020-05-11,15:39:24.861000,10993,10995,10995,1
2020-05-11,15:39:26.640000,10994,10995,10995,1
2020-05-11,15:39:26.873000,10994,10995,10995,13
2020-05-11,15:39:29.342000,10994,10995,10994,1
2020-05-11,15:39:31.151000,10993,10994,10993,1
2020-05-11,15:39:31.407000,10993,10994,10993,1
2020-05-11,15:39:31.971000,10993,10994,10994,1
2020-05-11,15:39:32.058000,10993,10994,10994,1
2020-05-11,15:39:35.911000,10993,10994,10994,1
2020-05-11,15:39:39.151000,10993,10994,10994,1
2020-05-11,15:39:40.973000,10993,10995,10995,1
2020-05-11,15:39:42.187000,10994,10995,10994,1
2020-05-11,15:39:42.992000,10994,10995,10994,2
2020-05-11,15:39:45.240000,10993,10995,10995,2
2020-05-11,15:39:48.039000,10993,10994,10993,7
2020-05-11,15:39:48.040000,10993,10994,10993,2
2020-05-11,15:39:48.782000,10992,10993,10993,5
2020-05-11,15:39:49.788000,10992,10993,10993,1
2020-05-11,15:39:52.052000,10992,10994,10992,1
2020-05-11,15:39:53.731000,10991,10993,10993,1
2020-05-11,15:39:54.813000,10991,10993,10991,1
2020-05-11,15:39:55.520000,10991,10993,10993,1
2020-05-11,15:39:57.200000,10991,10993,10993,1
2020-05-11,15:39:57.296000,10991,10993,10993,2
2020-05-11,15:39:58.956000,10992,10993,10993,2
2020-05-11,15:40:04.032000,10992,10993,10993,1
2020-05-11,15:40:09.115000,10992,10993,10993,1
2020-05-11,15:40:10.439000,10992,10993,10992,1
2020-05-11,15:40:12.826000,10992,10993,10993,1
2020-05-11,15:40:15.146000,10992,10993,10992,1
2020-05-11,15:40:15.776000,10992,10993,10992,2
2020-05-11,15:40:21.335000,10991,10992,10992,2
2020-05-11,15:40:22.729000,10991,10992,10992,1
2020-05-11,15:40:22.730000,10991,10992,10992,1
2020-05-11,15:40:33.962000,10992,10993,10992,1
2020-05-11,15:40:37.389000,10992,10993,10992,5
2020-05-11,15:40:38.541000,10992,10993,10992,2
2020-05-11,15:40:42.087000,10992,10993,10992,1
2020-05-11,15:40:42.640000,10992,10993,10992,1
2020-05-11,15:40:50.626000,10992,10993,10992,1
2020-05-11,15:40:59.871000,10992,10993,10992,1
2020-05-11,15:41:00.709000,10992,10993,10992,1
2020-05-11,15:41:07.672000,10992,10993,10992,3
2020-05-11,15:41:17.156000,10991,10992,10992,1
2020-05-11,15:41:22.632000,10991,10992,10992,1
2020-05-11,15:41:27.968000,10991,10992,10991,2
2020-05-11,15:41:27.968000,10991,10992,10990,1
2020-05-11,15:41:34.490000,10990,10992,10990,1
2020-05-11,15:41:37.108000,10990,10992,10990,3
2020-05-11,15:41:40.263000,10990,10991,10991,5
2020-05-11,15:41:40.790000,10990,10991,10990,3
2020-05-11,15:41:41.074000,10990,10991,10990,6
2020-05-11,15:41:42.013000,10989,10990,10990,5
2020-05-11,15:41:43.656000,10989,10990,10990,1
2020-05-11,15:42:18.729000,10989,10990,10990,1
2020-05-11,15:42:30.121000,10989,10990,10990,1
2020-05-11,15:42:30.121000,10989,10990,10990,3
2020-05-11,15:42:33.891000,10990,10991,10991,1
2020-05-11,15:42:35.707000,10991,10993,10991,1
2020-05-11,15:42:37.923000,10991,10993,10991,3
2020-05-11,15:42:40.413000,10991,10992,10991,2
2020-05-11,15:42:40.413000,10991,10992,10990,1
2020-05-11,15:42:43.923000,10990,10991,10990,3
2020-05-11,15:42:52.218000,10990,10991,10991,1
2020-05-11,15:42:52.219000,10990,10991,10991,1
2020-05-11,15:42:52.219000,10990,10991,10991,2
2020-05-11,15:43:04.338000,10991,10992,10991,1
2020-05-11,15:43:14.343000,10990,10991,10991,1
2020-05-11,15:43:16.767000,10990,10991,10990,1
2020-05-11,15:43:19.815000,10990,10991,10990,1
2020-05-11,15:43:20.063000,10990,10991,10991,1
2020-05-11,15:43:26.248000,10990,10992,10992,5
2020-05-11,15:43:27.386000,10990,10992,10992,1
2020-05-11,15:43:30.764000,10990,10992,10992,1
2020-05-11,15:43:40.399000,10990,10992,10990,3
2020-05-11,15:43:40.876000,10990,10991,10991,5
2020-05-11,15:43:43.471000,10991,10992,10991,1
2020-05-11,15:43:43.471000,10991,10992,10990,2
2020-05-11,15:43:45.119000,10990,10992,10992,5
2020-05-11,15:43:46.425000,10991,10992,10991,1
2020-05-11,15:43:46.598000,10990,10992,10990,3
2020-05-11,15:43:50.267000,10990,10992,10992,1
2020-05-11,15:43:51.906000,10990,10991,10990,1
2020-05-11,15:44:01.395000,10989,10990,10989,1
2020-05-11,15:44:02.207000,10989,10990,10989,1
2020-05-11,15:44:04.254000,10989,10990,10990,1
2020-05-11,15:44:04.854000,10989,10990,10989,1
2020-05-11,15:44:09.406000,10989,10990,10989,2
2020-05-11,15:44:09.406000,10989,10990,10989,1
2020-05-11,15:44:09.406000,10989,10990,10989,2
2020-05-11,15:44:12.638000,10988,10989,10988,3
2020-05-11,15:44:12.751000,10988,10989,10988,1
2020-05-11,15:44:13.698000,10988,10989,10988,1
2020-05-11,15:44:14.030000,10987,10988,10987,6
2020-05-11,15:44:17.623000,10986,10988,10987,1
2020-05-11,15:44:28.445000,10986,10987,10987,1
2020-05-11,15:44:32.580000,10986,10987,10986,5
2020-05-11,15:44:32.580000,10986,10987,10986,4
2020-05-11,15:44:39.505000,10986,10987,10987,1
2020-05-11,15:44:41.010000,10987,10988,10988,3
2020-05-11,15:44:41.764000,10987,10989,10987,1
2020-05-11,15:44:46.003000,10986,10987,10986,3
2020-05-11,15:44:50.314000,10986,10987,10986,1
2020-05-11,15:45:02.270000,10986,10987,10986,1
2020-05-11,15:45:07.039000,10986,10987,10986,1
2020-05-11,15:45:15.220000,10985,10986,10985,1
2020-05-11,15:45:15.220000,10985,10986,10985,9
2020-05-11,15:45:15.220000,10985,10986,10985,1
2020-05-11,15:45:15.353000,10984,10985,10984,1
2020-05-11,15:45:19.447000,10984,10985,10984,1
2020-05-11,15:45:23.033000,10984,10986,10984,3
2020-05-11,15:45:23.376000,10984,10985,10984,1
2020-05-11,15:45:34.029000,10984,10985,10984,1
2020-05-11,15:45:39.710000,10984,10985,10985,1
2020-05-11,15:45:43.568000,10985,10986,10986,1
2020-05-11,15:46:08.376000,10985,10986,10986,3
2020-05-11,15:46:09.300000,10985,10986,10985,2
2020-05-11,15:46:14.765000,10984,10985,10984,2
2020-05-11,15:46:14.765000,10984,10985,10984,1
2020-05-11,15:46:14.765000,10984,10985,10984,8
2020-05-11,15:46:18.175000,10983,10984,10984,2
2020-05-11,15:46:20.562000,10983,10984,10984,1
2020-05-11,15:46:29.327000,10983,10984,10984,1
2020-05-11,15:46:29.715000,10983,10984,10984,1
2020-05-11,15:46:30.269000,10984,10985,10984,2
2020-05-11,15:46:41.201000,10983,10984,10984,3
2020-05-11,15:46:43.581000,10983,10984,10983,3
2020-05-11,15:46:43.728000,10983,10984,10983,2
2020-05-11,15:47:01.466000,10983,10984,10983,1
2020-05-11,15:47:02.367000,10983,10984,10983,3
2020-05-11,15:47:03.400000,10983,10984,10983,1
2020-05-11,15:47:06.455000,10983,10984,10983,1
2020-05-11,15:47:06.832000,10983,10984,10983,2
2020-05-11,15:47:31.953000,10982,10983,10982,1
2020-05-11,15:47:36.044000,10982,10983,10983,1
2020-05-11,15:47:37.717000,10982,10983,10982,1
2020-05-11,15:47:37.717000,10982,10983,10982,1
2020-05-11,15:47:37.717000,10982,10983,10982,5
2020-05-11,15:47:37.717000,10982,10983,10982,7
2020-05-11,15:47:37.717000,10982,10983,10982,3
2020-05-11,15:47:37.717000,10982,10983,10982,2
2020-05-11,15:47:37.717000,10982,10983,10982,1
2020-05-11,15:47:37.717000,10982,10983,10982,2
2020-05-11,15:47:37.717000,10982,10983,10982,9
2020-05-11,15:47:37.717000,10982,10983,10982,5
2020-05-11,15:47:37.718000,10982,10983,10982,4
2020-05-11,15:47:37.718000,10982,10983,10982,7
2020-05-11,15:47:37.718000,10982,10983,10982,1
2020-05-11,15:47:38.605000,10981,10982,10981,10
2020-05-11,15:47:38.794000,10981,10982,10981,10
2020-05-11,15:47:39.425000,10981,10982,10982,1
2020-05-11,15:47:39.494000,10981,10982,10982,6
2020-05-11,15:47:40.059000,10981,10983,10983,1
2020-05-11,15:47:41.972000,10981,10982,10982,1
2020-05-11,15:47:46.599000,10982,10983,10982,1
2020-05-11,15:47:47.285000,10982,10983,10983,1
2020-05-11,15:47:47.285000,10982,10983,10984,3
2020-05-11,15:47:47.666000,10983,10984,10983,1
2020-05-11,15:47:47.666000,10983,10984,10982,1
2020-05-11,15:47:53.707000,10983,10984,10983,2
2020-05-11,15:48:02.103000,10983,10984,10984,1
2020-05-11,15:48:02.302000,10983,10984,10983,1
2020-05-11,15:48:14.157000,10982,10983,10983,1
2020-05-11,15:48:18.043000,10982,10983,10983,2
2020-05-11,15:48:18.871000,10983,10984,10983,1
2020-05-11,15:48:22.453000,10983,10984,10983,1
2020-05-11,15:48:38.604000,10983,10984,10984,9
2020-05-11,15:48:49.701000,10983,10984,10984,1
2020-05-11,15:48:54.404000,10984,10985,10985,1
2020-05-11,15:48:56.654000,10984,10985,10985,2
2020-05-11,15:48:59.450000,10984,10985,10985,2
2020-05-11,15:49:01.677000,10985,10987,10987,4
2020-05-11,15:49:17.053000,10986,10987,10987,1
2020-05-11,15:49:26.668000,10986,10987,10986,2
2020-05-11,15:49:26.669000,10986,10987,10986,1
2020-05-11,15:49:58.485000,10984,10985,10985,1
2020-05-11,15:49:59.123000,10985,10986,10985,1
2020-05-11,15:50:10.967000,10984,10985,10984,1
2020-05-11,15:50:14.013000,10984,10985,10985,2
2020-05-11,15:50:21.523000,10985,10987,10985,1
2020-05-11,15:50:22.727000,10985,10987,10985,1
2020-05-11,15:50:32.690000,10985,10987,10986,1
2020-05-11,15:50:34.347000,10986,10987,10987,14
2020-05-11,15:50:53.515000,10986,10987,10987,2
2020-05-11,15:50:59.887000,10986,10987,10986,2
2020-05-11,15:51:02.342000,10985,10986,10986,5
2020-05-11,15:51:04.247000,10985,10986,10985,2
2020-05-11,15:51:04.247000,10985,10986,10985,1
2020-05-11,15:51:04.426000,10984,10985,10985,1
2020-05-11,15:51:15.767000,10984,10985,10984,1
2020-05-11,15:51:20.027000,10984,10985,10985,3
2020-05-11,15:51:34.950000,10985,10986,10985,1
2020-05-11,15:51:56.122000,10985,10986,10985,5
2020-05-11,15:51:57.439000,10984,10985,10985,1
2020-05-11,15:52:10.724000,10985,10986,10985,1
2020-05-11,15:52:15.111000,10984,10985,10985,10
2020-05-11,15:52:21.627000,10985,10986,10985,3
2020-05-11,15:52:23.421000,10984,10986,10986,1
2020-05-11,15:53:05.688000,10985,10986,10986,5
2020-05-11,15:53:05.688000,10985,10986,10986,2
2020-05-11,15:53:05.688000,10985,10986,10986,3
2020-05-11,15:53:05.689000,10985,10986,10986,1
2020-05-11,15:53:05.689000,10985,10986,10986,1
2020-05-11,15:53:09.983000,10986,10987,10986,1
2020-05-11,15:53:13.080000,10986,10987,10987,1
2020-05-11,15:53:30.496000,10986,10987,10986,1
2020-05-11,15:53:53.466000,10985,10987,10987,1
2020-05-11,15:54:02.352000,10986,10987,10986,1
2020-05-11,15:54:05.887000,10986,10987,10987,1
2020-05-11,15:54:09.879000,10986,10987,10987,4
2020-05-11,15:54:09.879000,10986,10987,10988,17
2020-05-11,15:54:13.794000,10987,10988,10988,1
2020-05-11,15:54:13.796000,10987,10988,10988,1
2020-05-11,15:54:14.505000,10987,10989,10987,10
2020-05-11,15:54:16.228000,10987,10988,10988,1
2020-05-11,15:54:17.365000,10987,10988,10988,1
2020-05-11,15:54:28.333000,10987,10988,10988,1
2020-05-11,15:54:29.614000,10987,10988,10988,2
2020-05-11,15:54:40.195000,10988,10989,10989,2
2020-05-11,15:54:40.496000,10988,10989,10989,1
2020-05-11,15:54:41.770000,10988,10989,10989,1
2020-05-11,15:54:46.834000,10988,10989,10989,1
2020-05-11,15:54:49.436000,10988,10989,10989,1
2020-05-11,15:54:54.320000,10988,10989,10989,1
2020-05-11,15:54:57.542000,10988,10989,10988,6
2020-05-11,15:54:59.996000,10987,10988,10987,1
2020-05-11,15:55:41.955000,10987,10988,10987,4
2020-05-11,15:55:46.967000,10986,10987,10986,7
2020-05-11,15:55:48.994000,10985,10986,10985,1
2020-05-11,15:55:58.445000,10985,10986,10985,1
2020-05-11,15:56:02.334000,10985,10986,10985,3
2020-05-11,15:56:12.563000,10985,10986,10985,1
2020-05-11,15:56:19.798000,10985,10986,10985,1
2020-05-11,15:56:23.912000,10985,10986,10985,1
2020-05-11,15:56:24.091000,10985,10986,10985,1
2020-05-11,15:56:28.270000,10985,10986,10985,1
2020-05-11,15:56:49.695000,10985,10986,10985,3
2020-05-11,15:56:57.108000,10985,10986,10986,4
2020-05-11,15:56:57.108000,10985,10986,10986,8
2020-05-11,15:56:59.859000,10986,10987,10987,1
2020-05-11,15:57:05.837000,10986,10987,10987,2
2020-05-11,15:57:05.837000,10986,10987,10987,2
2020-05-11,15:57:05.837000,10986,10987,10987,2
2020-05-11,15:57:09.137000,10987,10988,10988,1
2020-05-11,15:57:12.684000,10988,10989,10988,1
2020-05-11,15:57:44.317000,10987,10988,10988,1
2020-05-11,15:57:55.914000,10987,10988,10988,1
2020-05-11,15:57:57.753000,10987,10988,10987,8
2020-05-11,15:57:57.753000,10987,10988,10987,2
2020-05-11,15:57:57.753000,10987,10988,10987,5
2020-05-11,15:57:57.753000,10987,10988,10987,2
2020-05-11,15:57:57.753000,10987,10988,10987,1
2020-05-11,15:58:04.080000,10986,10987,10987,1
2020-05-11,15:58:20.392000,10986,10987,10986,1
2020-05-11,15:58:29.639000,10985,10986,10985,2
2020-05-11,15:58:29.639000,10985,10986,10985,2
2020-05-11,15:58:39.035000,10984,10985,10985,1
2020-05-11,15:59:01.752000,10985,10986,10985,1
2020-05-11,15:59:03.125000,10985,10986,10986,1
2020-05-11,15:59:13.791000,10985,10986,10985,1
2020-05-11,15:59:13.791000,10985,10986,10985,4
2020-05-11,15:59:13.791000,10985,10986,10985,1
2020-05-11,15:59:54.526000,10985,10986,10985,5
2020-05-11,16:00:04.079000,10984,10985,10985,1
2020-05-11,16:00:04.451000,10984,10985,10985,1
2020-05-11,16:00:04.623000,10984,10986,10986,1
2020-05-11,16:00:04.659000,10984,10986,10985,1
2020-05-11,16:00:04.911000,10984,10986,10984,1
2020-05-11,16:00:04.942000,10984,10986,10984,1
2020-05-11,16:00:05.110000,10984,10986,10984,1
2020-05-11,16:00:06.237000,10984,10985,10984,2
2020-05-11,16:00:08.264000,10984,10985,10985,1
2020-05-11,16:00:11.521000,10984,10985,10984,1
2020-05-11,16:00:11.709000,10984,10985,10984,2
2020-05-11,16:00:11.710000,10984,10985,10984,1
2020-05-11,16:00:15.350000,10983,10984,10983,1
2020-05-11,16:00:15.350000,10983,10984,10983,4
2020-05-11,16:00:15.350000,10983,10984,10983,5
2020-05-11,16:00:16.239000,10982,10984,10984,1
2020-05-11,16:00:29.782000,10982,10983,10983,1
2020-05-11,16:00:33.507000,10983,10984,10983,1
2020-05-11,16:00:38.125000,10983,10984,10983,1
2020-05-11,16:00:42.599000,10983,10984,10983,1
2020-05-11,16:00:45.831000,10983,10984,10983,1
2020-05-11,16:00:46.966000,10983,10984,10983,1
2020-05-11,16:01:00.227000,10983,10984,10984,2
2020-05-11,16:01:02.280000,10984,10985,10984,1
2020-05-11,16:01:02.520000,10984,10985,10984,1
2020-05-11,16:01:03.540000,10983,10985,10985,1
2020-05-11,16:01:12.889000,10983,10984,10984,2
2020-05-11,16:01:12.890000,10983,10984,10984,1
2020-05-11,16:01:25.316000,10983,10984,10983,4
2020-05-11,16:01:25.316000,10983,10984,10982,11
2020-05-11,16:01:35.884000,10983,10984,10983,3
2020-05-11,16:01:35.884000,10983,10984,10982,2
2020-05-11,16:01:49.556000,10982,10983,10983,1
2020-05-11,16:01:49.860000,10983,10984,10983,1
2020-05-11,16:02:08.718000,10983,10984,10983,1
2020-05-11,16:02:12.690000,10983,10984,10984,2
2020-05-11,16:02:22.751000,10984,10985,10984,1
2020-05-11,16:02:31.012000,10983,10984,10984,1
2020-05-11,16:02:56.152000,10983,10984,10983,5
2020-05-11,16:02:59.037000,10983,10984,10983,1
2020-05-11,16:03:10.584000,10983,10984,10983,1
2020-05-11,16:03:10.584000,10983,10984,10983,1
2020-05-11,16:03:14.923000,10982,10983,10983,1
2020-05-11,16:03:15.556000,10982,10983,10982,3
2020-05-11,16:03:15.557000,10982,10983,10982,10
2020-05-11,16:03:15.557000,10982,10983,10982,1
2020-05-11,16:03:15.557000,10982,10983,10982,3
2020-05-11,16:03:23.654000,10981,10982,10982,1
2020-05-11,16:03:27.661000,10981,10982,10981,1
2020-05-11,16:03:27.732000,10981,10982,10981,1
2020-05-11,16:03:27.845000,10981,10982,10982,1
2020-05-11,16:03:28.577000,10981,10982,10982,1
2020-05-11,16:03:30.005000,10982,10983,10982,1
2020-05-11,16:03:32.119000,10982,10983,10982,1
2020-05-11,16:03:38.923000,10982,10983,10982,1
2020-05-11,16:03:39.979000,10982,10983,10982,6
2020-05-11,16:03:49.468000,10981,10982,10981,1
2020-05-11,16:03:52.459000,10981,10982,10981,1
2020-05-11,16:03:52.651000,10981,10982,10981,1
2020-05-11,16:04:02.237000,10981,10982,10981,2
2020-05-11,16:04:02.898000,10981,10982,10982,1
2020-05-11,16:04:05.968000,10981,10982,10982,1
2020-05-11,16:04:09.884000,10981,10982,10982,9
2020-05-11,16:04:34.758000,10982,10983,10982,1
2020-05-11,16:04:35.867000,10982,10983,10982,1
2020-05-11,16:04:41.917000,10982,10983,10982,1
2020-05-11,16:04:46.784000,10981,10982,10982,1
2020-05-11,16:04:52.203000,10981,10982,10982,8
2020-05-11,16:04:52.203000,10981,10982,10982,1
2020-05-11,16:04:52.203000,10981,10982,10982,3
2020-05-11,16:05:01.716000,10982,10983,10983,3
2020-05-11,16:05:06.701000,10983,10984,10983,1
2020-05-11,16:05:39.667000,10983,10984,10983,1
2020-05-11,16:05:49.652000,10982,10983,10982,1
2020-05-11,16:05:55.583000,10982,10983,10982,1
2020-05-11,16:05:59.373000,10982,10983,10982,1
2020-05-11,16:06:00.041000,10982,10983,10982,2
2020-05-11,16:06:05.945000,10981,10982,10982,1
2020-05-11,16:06:11.312000,10982,10984,10982,1
2020-05-11,16:06:17.326000,10982,10983,10982,2
2020-05-11,16:06:26.885000,10982,10983,10982,1
2020-05-11,16:06:32.554000,10982,10983,10983,1
2020-05-11,16:06:54.587000,10983,10984,10983,2
2020-05-11,16:07:01.151000,10983,10984,10984,4
2020-05-11,16:07:16.466000,10983,10984,10983,2
2020-05-11,16:07:38.586000,10983,10984,10983,1
2020-05-11,16:07:47.315000,10982,10983,10982,3
2020-05-11,16:07:47.315000,10982,10983,10982,1
2020-05-11,16:07:47.315000,10982,10983,10982,3
2020-05-11,16:07:47.315000,10982,10983,10982,1
2020-05-11,16:07:47.315000,10982,10983,10982,2
2020-05-11,16:08:02.802000,10982,10983,10982,1
2020-05-11,16:08:12.350000,10982,10983,10982,4
2020-05-11,16:08:16.178000,10982,10983,10982,1
2020-05-11,16:08:24.012000,10982,10983,10982,1
2020-05-11,16:08:41.437000,10982,10983,10982,1
2020-05-11,16:09:02.189000,10982,10983,10982,5
2020-05-11,16:09:03.162000,10982,10983,10982,1
2020-05-11,16:09:06.537000,10982,10983,10982,2
2020-05-11,16:09:14.007000,10981,10982,10981,2
2020-05-11,16:09:14.007000,10981,10982,10981,3
2020-05-11,16:09:14.007000,10981,10982,10981,4
2020-05-11,16:09:14.007000,10981,10982,10981,2
2020-05-11,16:09:14.007000,10981,10982,10981,3
2020-05-11,16:09:14.008000,10981,10982,10981,2
2020-05-11,16:09:14.008000,10981,10982,10981,5
2020-05-11,16:09:14.008000,10981,10982,10981,1
2020-05-11,16:09:14.008000,10981,10982,10981,3
2020-05-11,16:09:14.008000,10981,10982,10981,4
2020-05-11,16:09:14.008000,10981,10982,10981,2
2020-05-11,16:09:16.932000,10980,10981,10980,5
2020-05-11,16:09:16.933000,10980,10981,10980,9
2020-05-11,16:09:16.933000,10980,10981,10980,4
2020-05-11,16:09:16.933000,10980,10981,10980,1
2020-05-11,16:09:16.933000,10980,10981,10980,1
2020-05-11,16:09:16.933000,10980,10981,10980,2
2020-05-11,16:09:16.934000,10980,10981,10980,2
2020-05-11,16:09:17.043000,10979,10980,10980,1
2020-05-11,16:09:17.113000,10979,10980,10979,1
2020-05-11,16:09:17.226000,10979,10980,10979,1
2020-05-11,16:09:17.233000,10979,10980,10979,1
2020-05-11,16:09:18.625000,10979,10980,10979,3
2020-05-11,16:09:18.752000,10979,10980,10979,1
2020-05-11,16:09:21.913000,10979,10980,10979,1
2020-05-11,16:09:22.323000,10979,10980,10979,1
2020-05-11,16:09:25.450000,10979,10980,10979,1
2020-05-11,16:09:25.469000,10979,10980,10979,1
2020-05-11,16:09:26.367000,10978,10979,10978,1
2020-05-11,16:09:26.927000,10978,10979,10979,1
2020-05-11,16:09:31.118000,10978,10979,10979,4
2020-05-11,16:09:40.334000,10978,10979,10978,1
2020-05-11,16:09:42.817000,10978,10979,10978,13
2020-05-11,16:09:43.067000,10978,10979,10978,2
2020-05-11,16:09:43.317000,10978,10979,10978,2
2020-05-11,16:09:44.129000,10978,10979,10979,1
2020-05-11,16:09:44.827000,10978,10979,10978,1
2020-05-11,16:09:46.863000,10978,10979,10978,1
2020-05-11,16:09:48.395000,10978,10979,10978,7
2020-05-11,16:09:48.395000,10978,10979,10977,1
2020-05-11,16:09:48.473000,10977,10979,10977,1
2020-05-11,16:09:49.032000,10977,10979,10977,2
2020-05-11,16:09:51.875000,10977,10979,10977,1
2020-05-11,16:09:52.617000,10977,10979,10977,1
2020-05-11,16:09:53.236000,10977,10979,10977,1
2020-05-11,16:09:57.434000,10978,10979,10978,3
2020-05-11,16:10:02.054000,10977,10979,10977,1
2020-05-11,16:10:13.794000,10977,10978,10978,1
2020-05-11,16:10:14.927000,10977,10978,10978,1
2020-05-11,16:10:16.294000,10977,10978,10978,1
2020-05-11,16:10:21.823000,10978,10979,10978,1
2020-05-11,16:10:24.050000,10977,10978,10978,1
2020-05-11,16:10:26.274000,10977,10978,10978,1
2020-05-11,16:10:27.690000,10977,10978,10977,1
2020-05-11,16:10:30.899000,10977,10978,10977,5
2020-05-11,16:10:34.789000,10977,10978,10977,1
2020-05-11,16:10:38.722000,10977,10978,10977,2
2020-05-11,16:10:40.663000,10977,10978,10977,1
2020-05-11,16:10:42.582000,10977,10978,10978,1
2020-05-11,16:10:47.878000,10977,10978,10977,10
2020-05-11,16:10:52.976000,10977,10978,10977,1
2020-05-11,16:10:54.451000,10977,10978,10977,1
2020-05-11,16:10:57.676000,10977,10978,10977,2
2020-05-11,16:11:10.234000,10977,10978,10978,5
2020-05-11,16:11:18.406000,10977,10978,10978,1
2020-05-11,16:11:20.081000,10977,10978,10978,1
2020-05-11,16:11:21.759000,10977,10978,10978,28
2020-05-11,16:11:21.761000,10977,10978,10979,3
2020-05-11,16:11:21.761000,10977,10978,10979,4
2020-05-11,16:11:21.761000,10977,10978,10979,4
2020-05-11,16:11:21.761000,10977,10978,10979,2
2020-05-11,16:11:31.572000,10978,10979,10979,1
2020-05-11,16:11:43.009000,10979,10980,10979,2
2020-05-11,16:11:43.738000,10978,10979,10979,1
2020-05-11,16:12:03.684000,10979,10980,10979,2
2020-05-11,16:12:10.637000,10979,10980,10979,2
2020-05-11,16:12:10.637000,10979,10980,10979,3
2020-05-11,16:12:26.717000,10978,10979,10979,1
2020-05-11,16:12:33.295000,10978,10979,10979,4
2020-05-11,16:12:34.822000,10978,10980,10978,1
2020-05-11,16:12:45.988000,10978,10979,10979,1
2020-05-11,16:12:48.002000,10979,10980,10979,1
2020-05-11,16:13:03.132000,10978,10979,10978,1
2020-05-11,16:13:03.437000,10978,10979,10979,1
2020-05-11,16:13:03.562000,10978,10979,10979,1
2020-05-11,16:13:03.580000,10978,10979,10978,1
2020-05-11,16:13:10.643000,10978,10979,10979,3
2020-05-11,16:13:25.585000,10978,10979,10978,5
2020-05-11,16:13:25.585000,10978,10979,10978,5
2020-05-11,16:13:25.585000,10978,10979,10978,3
2020-05-11,16:13:35.165000,10977,10978,10977,1
2020-05-11,16:13:35.528000,10977,10978,10977,3
2020-05-11,16:13:41.027000,10977,10978,10977,1
2020-05-11,16:13:41.344000,10977,10978,10977,4
2020-05-11,16:13:42.183000,10977,10978,10978,1
2020-05-11,16:13:47.460000,10977,10978,10977,2
2020-05-11,16:13:58.706000,10976,10977,10976,2
2020-05-11,16:13:58.842000,10976,10977,10976,1
2020-05-11,16:13:58.845000,10976,10977,10976,2
2020-05-11,16:13:59.112000,10976,10977,10976,1
2020-05-11,16:14:05.913000,10976,10977,10976,17
2020-05-11,16:14:06.015000,10975,10976,10975,3
2020-05-11,16:14:06.051000,10975,10976,10976,1
2020-05-11,16:14:07.617000,10975,10976,10975,2
2020-05-11,16:14:07.629000,10975,10976,10975,2
2020-05-11,16:14:07.629000,10975,10976,10975,2
2020-05-11,16:14:07.629000,10975,10976,10975,1
2020-05-11,16:14:07.629000,10975,10976,10975,2
2020-05-11,16:14:07.629000,10975,10976,10975,4
2020-05-11,16:14:09.118000,10974,10975,10975,1
2020-05-11,16:14:10.900000,10974,10975,10974,6
2020-05-11,16:14:11.266000,10973,10975,10973,1
2020-05-11,16:14:11.528000,10973,10974,10973,1
2020-05-11,16:14:12.053000,10973,10974,10973,4
2020-05-11,16:14:12.232000,10973,10974,10973,2
2020-05-11,16:14:12.232000,10973,10974,10972,2
2020-05-11,16:14:12.360000,10972,10974,10972,4
2020-05-11,16:14:12.531000,10972,10974,10972,2
2020-05-11,16:14:12.589000,10972,10974,10972,2
2020-05-11,16:14:12.710000,10972,10974,10972,1
2020-05-11,16:14:12.715000,10972,10974,10972,1
2020-05-11,16:14:13.914000,10972,10973,10972,2
2020-05-11,16:14:16.140000,10972,10973,10973,1
2020-05-11,16:14:16.750000,10972,10973,10972,4
2020-05-11,16:14:16.750000,10972,10973,10972,9
2020-05-11,16:14:16.826000,10971,10972,10971,2
2020-05-11,16:14:17.985000,10971,10972,10972,2
2020-05-11,16:14:18.234000,10971,10972,10971,1
2020-05-11,16:14:20.916000,10971,10972,10971,2
