2019-12-02,15:00:00,11509,11509,11509,154
2019-12-02,15:00:00,11509,11509,11509,8
2019-12-02,15:00:00,11509,11509,11509,2
2019-12-02,15:00:00,11509,11509,11509,2
2019-12-02,15:00:00,11509,11509,11509,2
2019-12-02,15:00:00,11510,11510,11510,8
2019-12-02,15:00:00,11510,11510,11510,30
2019-12-02,15:00:00,11510,11510,11510,4
2019-12-02,15:00:01,11511,11511,11511,6
2019-12-02,15:00:01,11512,11512,11512,2
2019-12-02,15:00:01,11513,11513,11513,2
2019-12-02,15:00:01,11512,11512,11512,2
2019-12-02,15:00:01,11510,11510,11510,2
2019-12-02,15:00:01,11512,11512,11512,16
2019-12-02,15:00:01,11513,11513,11513,4
2019-12-02,15:00:01,11512,11512,11512,4
2019-12-02,15:00:01,11513,11513,11513,6
2019-12-02,15:00:01,11511,11511,11511,4
2019-12-02,15:00:01,11511,11511,11511,2
2019-12-02,15:00:01,11511,11511,11511,6
2019-12-02,15:00:01,11510,11510,11510,2
2019-12-02,15:00:01,11510,11510,11510,2
2019-12-02,15:00:01,11512,11512,11512,4
2019-12-02,15:00:02,11512,11512,11512,28
2019-12-02,15:00:02,11513,11513,11513,12
2019-12-02,15:00:02,11511,11511,11511,2
2019-12-02,15:00:02,11511,11511,11511,6
2019-12-02,15:00:02,11511,11511,11511,2
2019-12-02,15:00:02,11511,11511,11511,2
2019-12-02,15:00:03,11512,11512,11512,2
2019-12-02,15:00:03,11512,11512,11512,4
2019-12-02,15:00:03,11512,11512,11512,4
2019-12-02,15:00:03,11511,11511,11511,2
2019-12-02,15:00:05,11511,11511,11511,4
2019-12-02,15:00:05,11511,11511,11511,6
2019-12-02,15:00:05,11511,11511,11511,2
2019-12-02,15:00:05,11511,11511,11511,8
2019-12-02,15:00:05,11511,11511,11511,2
2019-12-02,15:00:06,11510,11510,11510,2
2019-12-02,15:00:06,11510,11510,11510,2
2019-12-02,15:00:07,11512,11512,11512,4
2019-12-02,15:00:07,11511,11511,11511,2
2019-12-02,15:00:07,11510,11510,11510,2
2019-12-02,15:00:08,11510,11510,11510,8
2019-12-02,15:00:08,11510,11510,11510,2
2019-12-02,15:00:08,11511,11511,11511,12
2019-12-02,15:00:09,11512,11512,11512,16
2019-12-02,15:00:10,11510,11510,11510,4
2019-12-02,15:00:10,11510,11510,11510,2
2019-12-02,15:00:10,11510,11510,11510,2
2019-12-02,15:00:13,11511,11511,11511,2
2019-12-02,15:00:14,11511,11511,11511,6
2019-12-02,15:00:14,11510,11510,11510,2
2019-12-02,15:00:16,11510,11510,11510,2
2019-12-02,15:00:20,11510,11510,11510,2
2019-12-02,15:00:20,11510,11510,11510,2
2019-12-02,15:00:20,11510,11510,11510,4
2019-12-02,15:00:20,11510,11510,11510,2
2019-12-02,15:00:20,11510,11510,11510,2
2019-12-02,15:00:20,11511,11511,11511,2
2019-12-02,15:00:21,11511,11511,11511,6
2019-12-02,15:00:21,11510,11510,11510,2
2019-12-02,15:00:22,11510,11510,11510,2
2019-12-02,15:00:22,11510,11510,11510,2
2019-12-02,15:00:22,11510,11510,11510,2
2019-12-02,15:00:24,11511,11511,11511,16
2019-12-02,15:00:29,11510,11510,11510,2
2019-12-02,15:00:35,11511,11511,11511,10
2019-12-02,15:00:37,11510,11510,11510,6
2019-12-02,15:00:38,11511,11511,11511,2
2019-12-02,15:00:38,11511,11511,11511,10
2019-12-02,15:00:39,11511,11511,11511,4
2019-12-02,15:00:39,11511,11511,11511,10
2019-12-02,15:00:41,11511,11511,11511,4
2019-12-02,15:00:41,11511,11511,11511,2
2019-12-02,15:00:42,11511,11511,11511,2
2019-12-02,15:00:42,11511,11511,11511,8
2019-12-02,15:00:43,11510,11510,11510,2
2019-12-02,15:00:43,11510,11510,11510,2
2019-12-02,15:00:44,11510,11510,11510,2
2019-12-02,15:00:46,11510,11510,11510,2
2019-12-02,15:00:48,11510,11510,11510,2
2019-12-02,15:00:49,11511,11511,11511,10
2019-12-02,15:00:49,11511,11511,11511,2
2019-12-02,15:00:50,11510,11510,11510,2
2019-12-02,15:00:53,11511,11511,11511,4
2019-12-02,15:00:55,11511,11511,11511,2
2019-12-02,15:00:58,11511,11511,11511,2
2019-12-02,15:00:58,11511,11511,11511,4
2019-12-02,15:00:58,11511,11511,11511,2
2019-12-02,15:00:59,11510,11510,11510,2
2019-12-02,15:00:59,11510,11510,11510,2
2019-12-02,15:01:01,11511,11511,11511,2
2019-12-02,15:01:02,11510,11510,11510,2
2019-12-02,15:01:03,11510,11510,11510,2
2019-12-02,15:01:03,11510,11510,11510,2
2019-12-02,15:01:09,11510,11510,11510,2
2019-12-02,15:01:11,11511,11511,11511,4
2019-12-02,15:01:26,11511,11511,11511,4
2019-12-02,15:01:29,11511,11511,11511,4
2019-12-02,15:01:29,11510,11510,11510,4
2019-12-02,15:01:29,11510,11510,11510,4
2019-12-02,15:01:29,11510,11510,11510,8
2019-12-02,15:01:29,11510,11510,11510,8
2019-12-02,15:01:29,11510,11510,11510,4
2019-12-02,15:01:29,11510,11510,11510,2
2019-12-02,15:01:29,11510,11510,11510,2
2019-12-02,15:01:29,11510,11510,11510,4
2019-12-02,15:01:29,11510,11510,11510,2
2019-12-02,15:01:29,11510,11510,11510,2
2019-12-02,15:01:29,11511,11511,11511,6
2019-12-02,15:01:30,11510,11510,11510,2
2019-12-02,15:01:30,11511,11511,11511,2
2019-12-02,15:01:30,11510,11510,11510,2
2019-12-02,15:01:30,11510,11510,11510,2
2019-12-02,15:01:30,11510,11510,11510,2
2019-12-02,15:01:30,11510,11510,11510,4
2019-12-02,15:01:30,11510,11510,11510,2
2019-12-02,15:01:30,11510,11510,11510,4
2019-12-02,15:01:33,11509,11509,11509,2
2019-12-02,15:01:35,11510,11510,11510,4
2019-12-02,15:01:36,11510,11510,11510,2
2019-12-02,15:01:38,11510,11510,11510,2
2019-12-02,15:01:39,11510,11510,11510,2
2019-12-02,15:01:43,11510,11510,11510,2
2019-12-02,15:01:45,11509,11509,11509,2
2019-12-02,15:01:50,11509,11509,11509,4
2019-12-02,15:01:50,11509,11509,11509,2
2019-12-02,15:01:53,11509,11509,11509,2
2019-12-02,15:01:53,11509,11509,11509,2
2019-12-02,15:01:53,11509,11509,11509,2
2019-12-02,15:01:53,11509,11509,11509,2
2019-12-02,15:01:53,11509,11509,11509,2
2019-12-02,15:01:53,11509,11509,11509,2
2019-12-02,15:01:53,11509,11509,11509,2
2019-12-02,15:01:53,11509,11509,11509,2
2019-12-02,15:01:53,11509,11509,11509,2
2019-12-02,15:01:53,11509,11509,11509,2
2019-12-02,15:01:53,11509,11509,11509,2
2019-12-02,15:01:53,11509,11509,11509,2
2019-12-02,15:01:53,11509,11509,11509,2
2019-12-02,15:01:53,11509,11509,11509,2
2019-12-02,15:01:55,11509,11509,11509,6
2019-12-02,15:01:55,11509,11509,11509,10
2019-12-02,15:01:55,11509,11509,11509,2
2019-12-02,15:01:55,11509,11509,11509,2
2019-12-02,15:01:55,11509,11509,11509,2
2019-12-02,15:01:55,11509,11509,11509,2
2019-12-02,15:01:55,11509,11509,11509,2
2019-12-02,15:01:59,11509,11509,11509,2
2019-12-02,15:01:59,11509,11509,11509,4
2019-12-02,15:02:00,11509,11509,11509,2
2019-12-02,15:02:01,11509,11509,11509,2
2019-12-02,15:02:02,11509,11509,11509,2
2019-12-02,15:02:02,11510,11510,11510,2
2019-12-02,15:02:02,11510,11510,11510,6
2019-12-02,15:02:03,11510,11510,11510,6
2019-12-02,15:02:03,11510,11510,11510,6
2019-12-02,15:02:03,11510,11510,11510,6
2019-12-02,15:02:06,11510,11510,11510,4
2019-12-02,15:02:07,11510,11510,11510,8
2019-12-02,15:02:09,11509,11509,11509,2
2019-12-02,15:02:10,11510,11510,11510,2
2019-12-02,15:02:13,11509,11509,11509,2
2019-12-02,15:02:18,11509,11509,11509,2
2019-12-02,15:02:19,11509,11509,11509,2
2019-12-02,15:02:23,11509,11509,11509,2
2019-12-02,15:02:24,11509,11509,11509,2
2019-12-02,15:02:38,11509,11509,11509,2
2019-12-02,15:02:38,11509,11509,11509,2
2019-12-02,15:02:38,11509,11509,11509,2
2019-12-02,15:02:38,11509,11509,11509,4
2019-12-02,15:02:38,11509,11509,11509,2
2019-12-02,15:02:39,11509,11509,11509,2
2019-12-02,15:02:39,11508,11508,11508,2
2019-12-02,15:02:39,11508,11508,11508,8
2019-12-02,15:02:41,11509,11509,11509,2
2019-12-02,15:02:41,11508,11508,11508,2
2019-12-02,15:03:00,11509,11509,11509,2
2019-12-02,15:03:00,11510,11510,11510,2
2019-12-02,15:03:04,11510,11510,11510,2
2019-12-02,15:03:05,11509,11509,11509,2
2019-12-02,15:03:07,11509,11509,11509,2
2019-12-02,15:03:07,11509,11509,11509,2
2019-12-02,15:03:07,11509,11509,11509,2
2019-12-02,15:03:07,11509,11509,11509,2
2019-12-02,15:03:08,11509,11509,11509,2
2019-12-02,15:03:08,11509,11509,11509,2
2019-12-02,15:03:14,11508,11508,11508,4
2019-12-02,15:03:19,11509,11509,11509,2
2019-12-02,15:03:21,11508,11508,11508,2
2019-12-02,15:03:24,11509,11509,11509,10
2019-12-02,15:03:26,11508,11508,11508,2
2019-12-02,15:03:34,11509,11509,11509,2
2019-12-02,15:03:35,11509,11509,11509,10
2019-12-02,15:03:39,11508,11508,11508,10
2019-12-02,15:03:43,11508,11508,11508,2
2019-12-02,15:03:45,11509,11509,11509,2
2019-12-02,15:03:46,11509,11509,11509,2
2019-12-02,15:03:48,11509,11509,11509,8
2019-12-02,15:03:48,11509,11509,11509,16
2019-12-02,15:03:48,11510,11510,11510,2
2019-12-02,15:03:51,11510,11510,11510,6
2019-12-02,15:03:52,11510,11510,11510,52
2019-12-02,15:03:53,11511,11511,11511,8
2019-12-02,15:03:55,11510,11510,11510,2
2019-12-02,15:03:56,11511,11511,11511,4
2019-12-02,15:03:59,11511,11511,11511,2
2019-12-02,15:03:59,11511,11511,11511,2
2019-12-02,15:04:01,11511,11511,11511,2
2019-12-02,15:04:02,11511,11511,11511,2
2019-12-02,15:04:04,11511,11511,11511,4
2019-12-02,15:04:04,11511,11511,11511,6
2019-12-02,15:04:05,11511,11511,11511,24
2019-12-02,15:04:05,11512,11512,11512,10
2019-12-02,15:04:05,11511,11511,11511,4
2019-12-02,15:04:06,11512,11512,11512,10
2019-12-02,15:04:06,11511,11511,11511,2
2019-12-02,15:04:07,11512,11512,11512,2
2019-12-02,15:04:08,11512,11512,11512,8
2019-12-02,15:04:10,11512,11512,11512,10
2019-12-02,15:04:10,11512,11512,11512,10
2019-12-02,15:04:11,11512,11512,11512,6
2019-12-02,15:04:12,11512,11512,11512,2
2019-12-02,15:04:12,11513,11513,11513,2
2019-12-02,15:04:13,11513,11513,11513,2
2019-12-02,15:04:17,11512,11512,11512,2
2019-12-02,15:04:24,11513,11513,11513,2
2019-12-02,15:04:26,11513,11513,11513,4
2019-12-02,15:04:29,11512,11512,11512,2
2019-12-02,15:04:33,11512,11512,11512,2
2019-12-02,15:04:35,11513,11513,11513,2
2019-12-02,15:04:43,11513,11513,11513,2
2019-12-02,15:04:43,11513,11513,11513,2
2019-12-02,15:04:45,11512,11512,11512,4
2019-12-02,15:04:45,11512,11512,11512,2
2019-12-02,15:04:45,11512,11512,11512,2
2019-12-02,15:04:45,11512,11512,11512,4
2019-12-02,15:04:45,11512,11512,11512,2
2019-12-02,15:04:45,11512,11512,11512,8
2019-12-02,15:04:45,11512,11512,11512,2
2019-12-02,15:04:45,11512,11512,11512,2
2019-12-02,15:04:45,11512,11512,11512,24
2019-12-02,15:04:46,11512,11512,11512,4
2019-12-02,15:04:46,11512,11512,11512,4
2019-12-02,15:04:46,11512,11512,11512,2
2019-12-02,15:04:46,11512,11512,11512,8
2019-12-02,15:04:48,11512,11512,11512,10
2019-12-02,15:04:48,11512,11512,11512,2
2019-12-02,15:04:49,11512,11512,11512,2
2019-12-02,15:04:52,11512,11512,11512,4
2019-12-02,15:04:57,11512,11512,11512,10
2019-12-02,15:05:07,11512,11512,11512,10
2019-12-02,15:05:07,11512,11512,11512,2
2019-12-02,15:05:12,11511,11511,11511,2
2019-12-02,15:05:19,11511,11511,11511,2
2019-12-02,15:05:19,11511,11511,11511,2
2019-12-02,15:05:19,11511,11511,11511,6
2019-12-02,15:05:20,11511,11511,11511,2
2019-12-02,15:05:20,11511,11511,11511,2
2019-12-02,15:05:20,11511,11511,11511,2
2019-12-02,15:05:20,11511,11511,11511,2
2019-12-02,15:05:20,11511,11511,11511,8
2019-12-02,15:05:20,11511,11511,11511,2
2019-12-02,15:05:21,11511,11511,11511,2
2019-12-02,15:05:22,11511,11511,11511,2
2019-12-02,15:05:22,11510,11510,11510,2
2019-12-02,15:05:23,11511,11511,11511,2
2019-12-02,15:05:23,11511,11511,11511,2
2019-12-02,15:05:28,11511,11511,11511,2
2019-12-02,15:05:48,11512,11512,11512,26
2019-12-02,15:05:49,11511,11511,11511,2
2019-12-02,15:05:49,11511,11511,11511,2
2019-12-02,15:05:54,11512,11512,11512,44
2019-12-02,15:05:54,11512,11512,11512,32
2019-12-02,15:05:54,11512,11512,11512,2
2019-12-02,15:05:54,11512,11512,11512,2
2019-12-02,15:05:54,11512,11512,11512,2
2019-12-02,15:06:00,11512,11512,11512,2
2019-12-02,15:06:00,11512,11512,11512,2
2019-12-02,15:06:02,11512,11512,11512,20
2019-12-02,15:06:03,11512,11512,11512,2
2019-12-02,15:06:03,11512,11512,11512,4
2019-12-02,15:06:05,11512,11512,11512,4
2019-12-02,15:06:06,11512,11512,11512,2
2019-12-02,15:06:07,11512,11512,11512,2
2019-12-02,15:06:10,11512,11512,11512,2
2019-12-02,15:06:28,11512,11512,11512,4
2019-12-02,15:06:44,11512,11512,11512,10
2019-12-02,15:06:56,11511,11511,11511,16
2019-12-02,15:06:56,11511,11511,11511,2
2019-12-02,15:06:56,11511,11511,11511,2
2019-12-02,15:06:56,11511,11511,11511,6
2019-12-02,15:06:56,11511,11511,11511,4
2019-12-02,15:06:56,11511,11511,11511,12
2019-12-02,15:06:56,11511,11511,11511,2
2019-12-02,15:06:56,11511,11511,11511,2
2019-12-02,15:06:59,11511,11511,11511,8
2019-12-02,15:07:00,11511,11511,11511,4
2019-12-02,15:07:00,11511,11511,11511,2
2019-12-02,15:07:01,11511,11511,11511,10
2019-12-02,15:07:02,11511,11511,11511,2
2019-12-02,15:07:02,11512,11512,11512,4
2019-12-02,15:07:03,11511,11511,11511,2
2019-12-02,15:07:06,11512,11512,11512,4
2019-12-02,15:07:13,11511,11511,11511,2
2019-12-02,15:07:13,11511,11511,11511,2
2019-12-02,15:07:13,11511,11511,11511,2
2019-12-02,15:07:14,11510,11510,11510,2
2019-12-02,15:07:14,11511,11511,11511,4
2019-12-02,15:07:14,11511,11511,11511,2
2019-12-02,15:07:14,11511,11511,11511,2
2019-12-02,15:07:14,11511,11511,11511,2
2019-12-02,15:07:16,11511,11511,11511,2
2019-12-02,15:07:30,11510,11510,11510,2
2019-12-02,15:07:34,11510,11510,11510,4
2019-12-02,15:07:38,11510,11510,11510,2
2019-12-02,15:07:41,11510,11510,11510,2
2019-12-02,15:07:50,11510,11510,11510,2
2019-12-02,15:07:50,11510,11510,11510,2
2019-12-02,15:07:54,11510,11510,11510,4
2019-12-02,15:07:55,11510,11510,11510,6
2019-12-02,15:08:05,11510,11510,11510,4
2019-12-02,15:08:05,11510,11510,11510,4
2019-12-02,15:08:06,11510,11510,11510,2
2019-12-02,15:08:08,11510,11510,11510,2
2019-12-02,15:08:13,11510,11510,11510,2
2019-12-02,15:08:13,11510,11510,11510,2
2019-12-02,15:08:14,11510,11510,11510,2
2019-12-02,15:08:14,11510,11510,11510,2
2019-12-02,15:08:14,11510,11510,11510,4
2019-12-02,15:08:17,11510,11510,11510,2
2019-12-02,15:08:17,11510,11510,11510,2
2019-12-02,15:08:17,11510,11510,11510,2
2019-12-02,15:08:18,11510,11510,11510,4
2019-12-02,15:08:18,11510,11510,11510,2
2019-12-02,15:08:19,11510,11510,11510,2
2019-12-02,15:08:19,11510,11510,11510,4
2019-12-02,15:08:19,11510,11510,11510,2
2019-12-02,15:08:19,11510,11510,11510,2
2019-12-02,15:08:19,11510,11510,11510,12
2019-12-02,15:08:20,11510,11510,11510,4
2019-12-02,15:08:20,11510,11510,11510,2
2019-12-02,15:08:25,11510,11510,11510,2
2019-12-02,15:08:26,11510,11510,11510,2
2019-12-02,15:08:26,11510,11510,11510,2
2019-12-02,15:08:33,11510,11510,11510,6
2019-12-02,15:08:33,11510,11510,11510,4
2019-12-02,15:08:40,11510,11510,11510,2
2019-12-02,15:08:49,11510,11510,11510,2
2019-12-02,15:09:00,11510,11510,11510,2
2019-12-02,15:09:01,11511,11511,11511,2
2019-12-02,15:09:17,11511,11511,11511,4
2019-12-02,15:09:18,11510,11510,11510,2
2019-12-02,15:09:19,11511,11511,11511,2
2019-12-02,15:09:28,11511,11511,11511,20
2019-12-02,15:09:30,11510,11510,11510,2
2019-12-02,15:10:14,11510,11510,11510,2
2019-12-02,15:10:41,11510,11510,11510,2
2019-12-02,15:10:44,11510,11510,11510,2
2019-12-02,15:10:54,11510,11510,11510,2
2019-12-02,15:10:58,11510,11510,11510,4
2019-12-02,15:10:58,11510,11510,11510,2
2019-12-02,15:10:58,11510,11510,11510,2
2019-12-02,15:10:58,11510,11510,11510,2
2019-12-02,15:11:03,11511,11511,11511,2
2019-12-02,15:11:15,11511,11511,11511,2
2019-12-02,15:11:19,11511,11511,11511,10
2019-12-02,15:11:51,11511,11511,11511,2
2019-12-02,15:11:51,11511,11511,11511,26
2019-12-02,15:11:54,11511,11511,11511,2
2019-12-02,15:11:55,11511,11511,11511,2
2019-12-02,15:11:56,11511,11511,11511,2
2019-12-02,15:11:59,11511,11511,11511,10
2019-12-02,15:11:59,11511,11511,11511,10
2019-12-02,15:12:00,11512,11512,11512,4
2019-12-02,15:12:00,11512,11512,11512,2
2019-12-02,15:12:00,11512,11512,11512,2
2019-12-02,15:12:00,11512,11512,11512,2
2019-12-02,15:12:00,11512,11512,11512,2
2019-12-02,15:12:00,11512,11512,11512,2
2019-12-02,15:12:00,11512,11512,11512,20
2019-12-02,15:12:00,11512,11512,11512,2
2019-12-02,15:12:00,11512,11512,11512,8
2019-12-02,15:12:00,11511,11511,11511,2
2019-12-02,15:12:02,11512,11512,11512,10
2019-12-02,15:12:02,11512,11512,11512,6
2019-12-02,15:12:02,11513,11513,11513,8
2019-12-02,15:12:02,11513,11513,11513,8
2019-12-02,15:12:02,11513,11513,11513,10
2019-12-02,15:12:02,11513,11513,11513,10
2019-12-02,15:12:10,11513,11513,11513,4
2019-12-02,15:12:11,11513,11513,11513,4
2019-12-02,15:12:11,11513,11513,11513,4
2019-12-02,15:12:14,11512,11512,11512,4
2019-12-02,15:12:14,11512,11512,11512,2
2019-12-02,15:12:18,11512,11512,11512,2
2019-12-02,15:12:18,11511,11511,11511,4
2019-12-02,15:12:22,11512,11512,11512,2
2019-12-02,15:12:23,11511,11511,11511,2
2019-12-02,15:12:23,11511,11511,11511,2
2019-12-02,15:12:23,11511,11511,11511,2
2019-12-02,15:12:23,11511,11511,11511,2
2019-12-02,15:12:23,11511,11511,11511,2
2019-12-02,15:12:23,11511,11511,11511,2
2019-12-02,15:12:23,11511,11511,11511,2
2019-12-02,15:12:26,11512,11512,11512,2
2019-12-02,15:12:30,11512,11512,11512,2
2019-12-02,15:12:30,11512,11512,11512,8
2019-12-02,15:12:31,11512,11512,11512,10
2019-12-02,15:12:33,11513,11513,11513,8
2019-12-02,15:12:35,11513,11513,11513,6
2019-12-02,15:12:37,11512,11512,11512,2
2019-12-02,15:12:39,11513,11513,11513,2
2019-12-02,15:12:42,11513,11513,11513,2
2019-12-02,15:12:46,11513,11513,11513,2
2019-12-02,15:12:47,11512,11512,11512,4
2019-12-02,15:12:58,11513,11513,11513,4
2019-12-02,15:13:18,11512,11512,11512,2
2019-12-02,15:13:21,11513,11513,11513,4
2019-12-02,15:13:23,11513,11513,11513,6
2019-12-02,15:13:31,11512,11512,11512,4
2019-12-02,15:13:31,11512,11512,11512,2
2019-12-02,15:13:31,11513,11513,11513,2
2019-12-02,15:13:31,11512,11512,11512,4
2019-12-02,15:13:34,11512,11512,11512,2
2019-12-02,15:13:36,11512,11512,11512,4
2019-12-02,15:13:41,11512,11512,11512,8
2019-12-02,15:13:41,11512,11512,11512,2
2019-12-02,15:13:46,11512,11512,11512,2
2019-12-02,15:13:47,11512,11512,11512,2
2019-12-02,15:13:52,11512,11512,11512,2
2019-12-02,15:13:55,11513,11513,11513,4
2019-12-02,15:13:57,11512,11512,11512,2
2019-12-02,15:13:57,11512,11512,11512,2
2019-12-02,15:13:57,11513,11513,11513,6
2019-12-02,15:14:03,11512,11512,11512,2
2019-12-02,15:14:04,11512,11512,11512,2
2019-12-02,15:14:04,11513,11513,11513,2
2019-12-02,15:14:08,11513,11513,11513,2
2019-12-02,15:14:13,11512,11512,11512,2
2019-12-02,15:14:18,11513,11513,11513,8
2019-12-02,15:14:49,11513,11513,11513,2
2019-12-02,15:14:55,11512,11512,11512,2
2019-12-02,15:14:55,11512,11512,11512,2
2019-12-02,15:14:55,11512,11512,11512,18
2019-12-02,15:14:56,11512,11512,11512,2
2019-12-02,15:14:56,11512,11512,11512,2
2019-12-02,15:14:57,11512,11512,11512,2
2019-12-02,15:14:58,11512,11512,11512,2
2019-12-02,15:15:01,11512,11512,11512,8
2019-12-02,15:15:01,11512,11512,11512,2
2019-12-02,15:15:01,11512,11512,11512,4
2019-12-02,15:15:01,11512,11512,11512,2
2019-12-02,15:15:04,11511,11511,11511,2
2019-12-02,15:15:04,11511,11511,11511,2
2019-12-02,15:15:13,11511,11511,11511,4
2019-12-02,15:15:16,11511,11511,11511,4
2019-12-02,15:15:21,11511,11511,11511,6
2019-12-02,15:15:22,11511,11511,11511,2
2019-12-02,15:15:31,11511,11511,11511,2
2019-12-02,15:15:39,11511,11511,11511,2
2019-12-02,15:15:46,11511,11511,11511,2
2019-12-02,15:15:50,11511,11511,11511,2
2019-12-02,15:15:50,11511,11511,11511,2
2019-12-02,15:15:51,11511,11511,11511,2
2019-12-02,15:15:53,11511,11511,11511,2
2019-12-02,15:16:00,11511,11511,11511,4
2019-12-02,15:16:03,11511,11511,11511,2
2019-12-02,15:16:08,11511,11511,11511,2
2019-12-02,15:16:11,11511,11511,11511,2
2019-12-02,15:16:11,11511,11511,11511,2
2019-12-02,15:16:16,11511,11511,11511,2
2019-12-02,15:16:47,11511,11511,11511,2
2019-12-02,15:16:56,11511,11511,11511,2
2019-12-02,15:16:59,11511,11511,11511,2
2019-12-02,15:16:59,11511,11511,11511,2
2019-12-02,15:16:59,11511,11511,11511,2
2019-12-02,15:17:03,11511,11511,11511,6
2019-12-02,15:17:35,11510,11510,11510,4
2019-12-02,15:17:36,11510,11510,11510,2
2019-12-02,15:17:43,11510,11510,11510,2
2019-12-02,15:17:50,11510,11510,11510,2
2019-12-02,15:17:50,11510,11510,11510,8
2019-12-02,15:17:58,11510,11510,11510,2
2019-12-02,15:18:03,11510,11510,11510,2
2019-12-02,15:18:12,11511,11511,11511,2
2019-12-02,15:18:12,11510,11510,11510,2
2019-12-02,15:18:21,11510,11510,11510,2
2019-12-02,15:18:32,11511,11511,11511,2
2019-12-02,15:18:37,11511,11511,11511,2
2019-12-02,15:18:46,11510,11510,11510,2
2019-12-02,15:19:16,11511,11511,11511,10
2019-12-02,15:19:16,11511,11511,11511,10
2019-12-02,15:19:17,11511,11511,11511,10
2019-12-02,15:19:18,11511,11511,11511,10
2019-12-02,15:19:18,11512,11512,11512,2
2019-12-02,15:19:18,11511,11511,11511,2
2019-12-02,15:19:18,11511,11511,11511,2
2019-12-02,15:19:20,11511,11511,11511,2
2019-12-02,15:19:23,11512,11512,11512,2
2019-12-02,15:19:24,11511,11511,11511,2
2019-12-02,15:19:24,11511,11511,11511,2
2019-12-02,15:19:30,11512,11512,11512,2
2019-12-02,15:19:38,11511,11511,11511,2
2019-12-02,15:19:41,11512,11512,11512,6
2019-12-02,15:19:45,11512,11512,11512,10
2019-12-02,15:19:50,11511,11511,11511,2
2019-12-02,15:19:55,11512,11512,11512,4
2019-12-02,15:20:03,11512,11512,11512,4
2019-12-02,15:20:03,11512,11512,11512,8
2019-12-02,15:20:03,11513,11513,11513,2
2019-12-02,15:20:03,11513,11513,11513,2
2019-12-02,15:20:03,11513,11513,11513,2
2019-12-02,15:20:03,11513,11513,11513,2
2019-12-02,15:20:17,11512,11512,11512,2
2019-12-02,15:20:29,11512,11512,11512,2
2019-12-02,15:20:35,11512,11512,11512,4
2019-12-02,15:20:39,11513,11513,11513,2
2019-12-02,15:20:40,11513,11513,11513,2
2019-12-02,15:20:41,11512,11512,11512,2
2019-12-02,15:20:47,11513,11513,11513,2
2019-12-02,15:20:49,11512,11512,11512,2
2019-12-02,15:20:49,11512,11512,11512,2
2019-12-02,15:21:06,11512,11512,11512,2
2019-12-02,15:21:10,11512,11512,11512,2
2019-12-02,15:21:19,11512,11512,11512,4
2019-12-02,15:21:19,11512,11512,11512,4
2019-12-02,15:21:22,11513,11513,11513,70
2019-12-02,15:21:24,11512,11512,11512,2
2019-12-02,15:22:03,11513,11513,11513,10
2019-12-02,15:22:03,11513,11513,11513,6
2019-12-02,15:22:03,11513,11513,11513,6
2019-12-02,15:22:03,11513,11513,11513,2
2019-12-02,15:22:04,11513,11513,11513,4
2019-12-02,15:22:04,11514,11514,11514,22
2019-12-02,15:22:04,11514,11514,11514,2
2019-12-02,15:22:04,11513,11513,11513,2
2019-12-02,15:22:04,11514,11514,11514,4
2019-12-02,15:22:05,11514,11514,11514,2
2019-12-02,15:22:05,11514,11514,11514,6
2019-12-02,15:22:05,11514,11514,11514,4
2019-12-02,15:22:09,11514,11514,11514,4
2019-12-02,15:22:11,11513,11513,11513,2
2019-12-02,15:22:11,11514,11514,11514,2
2019-12-02,15:22:11,11513,11513,11513,2
2019-12-02,15:22:12,11513,11513,11513,4
2019-12-02,15:22:14,11513,11513,11513,2
2019-12-02,15:22:15,11513,11513,11513,2
2019-12-02,15:22:16,11514,11514,11514,2
2019-12-02,15:22:21,11513,11513,11513,4
2019-12-02,15:22:24,11512,11512,11512,2
2019-12-02,15:22:30,11514,11514,11514,2
2019-12-02,15:22:35,11514,11514,11514,2
2019-12-02,15:22:39,11513,11513,11513,2
2019-12-02,15:22:46,11514,11514,11514,10
2019-12-02,15:22:47,11513,11513,11513,6
2019-12-02,15:22:49,11513,11513,11513,4
2019-12-02,15:22:49,11513,11513,11513,2
2019-12-02,15:22:55,11513,11513,11513,2
2019-12-02,15:23:02,11514,11514,11514,2
2019-12-02,15:23:07,11514,11514,11514,2
2019-12-02,15:23:08,11514,11514,11514,2
2019-12-02,15:23:12,11513,11513,11513,2
2019-12-02,15:23:12,11513,11513,11513,2
2019-12-02,15:23:13,11513,11513,11513,2
2019-12-02,15:23:13,11513,11513,11513,2
2019-12-02,15:23:13,11513,11513,11513,2
2019-12-02,15:23:13,11513,11513,11513,2
2019-12-02,15:23:13,11513,11513,11513,2
2019-12-02,15:23:14,11513,11513,11513,2
2019-12-02,15:23:15,11513,11513,11513,4
2019-12-02,15:23:17,11513,11513,11513,2
2019-12-02,15:23:18,11514,11514,11514,10
2019-12-02,15:23:22,11514,11514,11514,2
2019-12-02,15:23:30,11514,11514,11514,2
2019-12-02,15:23:33,11514,11514,11514,2
2019-12-02,15:23:39,11514,11514,11514,32
2019-12-02,15:23:39,11514,11514,11514,6
2019-12-02,15:23:39,11514,11514,11514,2
2019-12-02,15:23:40,11514,11514,11514,4
2019-12-02,15:23:42,11514,11514,11514,4
2019-12-02,15:23:44,11513,11513,11513,2
2019-12-02,15:23:45,11513,11513,11513,4
2019-12-02,15:23:46,11514,11514,11514,2
2019-12-02,15:23:46,11514,11514,11514,2
2019-12-02,15:23:46,11514,11514,11514,2
2019-12-02,15:23:48,11514,11514,11514,2
2019-12-02,15:23:51,11514,11514,11514,10
2019-12-02,15:23:52,11513,11513,11513,4
2019-12-02,15:23:52,11513,11513,11513,4
2019-12-02,15:23:52,11513,11513,11513,2
2019-12-02,15:23:54,11514,11514,11514,10
2019-12-02,15:23:59,11514,11514,11514,2
2019-12-02,15:24:03,11514,11514,11514,4
2019-12-02,15:24:12,11514,11514,11514,2
2019-12-02,15:24:17,11514,11514,11514,2
2019-12-02,15:24:44,11514,11514,11514,2
2019-12-02,15:24:47,11513,11513,11513,8
2019-12-02,15:24:47,11513,11513,11513,10
2019-12-02,15:24:47,11513,11513,11513,6
2019-12-02,15:24:47,11513,11513,11513,6
2019-12-02,15:24:47,11513,11513,11513,8
2019-12-02,15:24:47,11513,11513,11513,2
2019-12-02,15:24:47,11513,11513,11513,2
2019-12-02,15:24:47,11513,11513,11513,2
2019-12-02,15:24:47,11513,11513,11513,2
2019-12-02,15:24:47,11513,11513,11513,2
2019-12-02,15:24:47,11513,11513,11513,2
2019-12-02,15:24:47,11513,11513,11513,10
2019-12-02,15:24:47,11513,11513,11513,4
2019-12-02,15:24:47,11513,11513,11513,2
2019-12-02,15:24:47,11512,11512,11512,2
2019-12-02,15:24:47,11512,11512,11512,2
2019-12-02,15:24:48,11512,11512,11512,2
2019-12-02,15:24:48,11512,11512,11512,2
2019-12-02,15:24:48,11512,11512,11512,2
2019-12-02,15:24:48,11512,11512,11512,2
2019-12-02,15:24:48,11512,11512,11512,2
2019-12-02,15:24:49,11511,11511,11511,2
2019-12-02,15:24:59,11511,11511,11511,2
2019-12-02,15:24:59,11511,11511,11511,2
2019-12-02,15:24:59,11511,11511,11511,4
2019-12-02,15:25:01,11511,11511,11511,4
2019-12-02,15:25:01,11511,11511,11511,2
2019-12-02,15:25:01,11511,11511,11511,2
2019-12-02,15:25:01,11511,11511,11511,2
2019-12-02,15:25:02,11511,11511,11511,2
2019-12-02,15:25:02,11511,11511,11511,2
2019-12-02,15:25:08,11511,11511,11511,2
2019-12-02,15:25:08,11511,11511,11511,2
2019-12-02,15:25:08,11511,11511,11511,4
2019-12-02,15:25:08,11511,11511,11511,2
2019-12-02,15:25:08,11511,11511,11511,2
2019-12-02,15:25:34,11511,11511,11511,2
2019-12-02,15:25:39,11511,11511,11511,2
2019-12-02,15:25:57,11511,11511,11511,2
2019-12-02,15:25:57,11511,11511,11511,2
2019-12-02,15:26:01,11511,11511,11511,2
2019-12-02,15:26:02,11510,11510,11510,6
2019-12-02,15:26:11,11510,11510,11510,2
2019-12-02,15:26:18,11510,11510,11510,4
2019-12-02,15:26:28,11510,11510,11510,4
2019-12-02,15:26:28,11510,11510,11510,2
2019-12-02,15:26:28,11510,11510,11510,6
2019-12-02,15:26:34,11510,11510,11510,2
2019-12-02,15:26:34,11510,11510,11510,2
2019-12-02,15:26:39,11510,11510,11510,2
2019-12-02,15:26:59,11510,11510,11510,2
2019-12-02,15:27:02,11510,11510,11510,4
2019-12-02,15:27:09,11510,11510,11510,2
2019-12-02,15:27:18,11511,11511,11511,2
2019-12-02,15:27:19,11511,11511,11511,2
2019-12-02,15:27:46,11511,11511,11511,8
2019-12-02,15:27:46,11511,11511,11511,8
2019-12-02,15:27:46,11511,11511,11511,4
2019-12-02,15:27:54,11511,11511,11511,4
2019-12-02,15:27:55,11511,11511,11511,2
2019-12-02,15:27:55,11511,11511,11511,2
2019-12-02,15:27:59,11511,11511,11511,6
2019-12-02,15:28:05,11510,11510,11510,10
2019-12-02,15:28:06,11512,11512,11512,2
2019-12-02,15:28:07,11512,11512,11512,2
2019-12-02,15:28:07,11512,11512,11512,4
2019-12-02,15:28:07,11512,11512,11512,2
2019-12-02,15:28:07,11512,11512,11512,2
2019-12-02,15:28:07,11512,11512,11512,2
2019-12-02,15:28:07,11512,11512,11512,2
2019-12-02,15:28:43,11511,11511,11511,2
2019-12-02,15:29:00,11511,11511,11511,4
2019-12-02,15:29:14,11511,11511,11511,2
2019-12-02,15:29:25,11510,11510,11510,2
2019-12-02,15:29:26,11510,11510,11510,2
2019-12-02,15:29:28,11510,11510,11510,2
2019-12-02,15:29:29,11510,11510,11510,2
2019-12-02,15:29:43,11510,11510,11510,2
2019-12-02,15:29:43,11510,11510,11510,2
2019-12-02,15:29:43,11510,11510,11510,2
2019-12-02,15:29:49,11510,11510,11510,2
2019-12-02,15:29:49,11510,11510,11510,2
2019-12-02,15:29:49,11510,11510,11510,2
2019-12-02,15:29:54,11510,11510,11510,8
2019-12-02,15:30:00,11510,11510,11510,4
2019-12-02,15:30:02,11510,11510,11510,2
2019-12-02,15:30:03,11511,11511,11511,2
2019-12-02,15:30:03,11511,11511,11511,2
2019-12-02,15:30:05,11511,11511,11511,30
2019-12-02,15:30:05,11511,11511,11511,2
2019-12-02,15:30:07,11510,11510,11510,4
2019-12-02,15:30:14,11510,11510,11510,2
2019-12-02,15:30:14,11510,11510,11510,2
2019-12-02,15:30:14,11510,11510,11510,2
2019-12-02,15:30:14,11510,11510,11510,2
2019-12-02,15:30:14,11510,11510,11510,2
2019-12-02,15:30:14,11510,11510,11510,2
2019-12-02,15:30:14,11510,11510,11510,6
2019-12-02,15:30:14,11510,11510,11510,2
2019-12-02,15:30:14,11510,11510,11510,20
2019-12-02,15:30:14,11510,11510,11510,6
2019-12-02,15:30:14,11510,11510,11510,2
2019-12-02,15:30:14,11510,11510,11510,2
2019-12-02,15:30:14,11510,11510,11510,4
2019-12-02,15:30:14,11510,11510,11510,2
2019-12-02,15:30:14,11510,11510,11510,2
2019-12-02,15:30:14,11510,11510,11510,2
2019-12-02,15:30:14,11510,11510,11510,2
2019-12-02,15:30:14,11510,11510,11510,2
2019-12-02,15:30:14,11510,11510,11510,4
2019-12-02,15:30:14,11510,11510,11510,2
2019-12-02,15:30:15,11509,11509,11509,2
2019-12-02,15:30:15,11509,11509,11509,2
2019-12-02,15:30:15,11509,11509,11509,4
2019-12-02,15:30:17,11509,11509,11509,2
2019-12-02,15:30:17,11509,11509,11509,4
2019-12-02,15:30:17,11509,11509,11509,2
2019-12-02,15:30:17,11509,11509,11509,6
2019-12-02,15:30:17,11509,11509,11509,2
2019-12-02,15:30:20,11508,11508,11508,2
2019-12-02,15:30:23,11509,11509,11509,2
2019-12-02,15:30:24,11508,11508,11508,2
2019-12-02,15:30:28,11509,11509,11509,4
2019-12-02,15:30:29,11508,11508,11508,2
2019-12-02,15:30:29,11508,11508,11508,2
2019-12-02,15:30:29,11508,11508,11508,2
2019-12-02,15:30:29,11508,11508,11508,2
2019-12-02,15:30:30,11509,11509,11509,16
2019-12-02,15:30:35,11508,11508,11508,2
2019-12-02,15:30:35,11508,11508,11508,2
2019-12-02,15:30:39,11508,11508,11508,2
2019-12-02,15:30:39,11508,11508,11508,2
2019-12-02,15:30:44,11508,11508,11508,2
2019-12-02,15:30:50,11509,11509,11509,2
2019-12-02,15:30:51,11508,11508,11508,4
2019-12-02,15:30:52,11508,11508,11508,2
2019-12-02,15:30:59,11509,11509,11509,2
2019-12-02,15:31:00,11508,11508,11508,2
2019-12-02,15:31:07,11509,11509,11509,4
2019-12-02,15:31:16,11509,11509,11509,2
2019-12-02,15:31:16,11508,11508,11508,4
2019-12-02,15:31:17,11508,11508,11508,2
2019-12-02,15:31:19,11508,11508,11508,4
2019-12-02,15:31:19,11508,11508,11508,2
2019-12-02,15:31:21,11508,11508,11508,2
2019-12-02,15:31:21,11508,11508,11508,2
2019-12-02,15:31:21,11508,11508,11508,2
2019-12-02,15:31:22,11508,11508,11508,2
2019-12-02,15:31:23,11508,11508,11508,2
2019-12-02,15:31:23,11508,11508,11508,2
2019-12-02,15:31:41,11509,11509,11509,2
2019-12-02,15:31:42,11509,11509,11509,2
2019-12-02,15:31:49,11509,11509,11509,2
2019-12-02,15:31:54,11509,11509,11509,2
2019-12-02,15:32:01,11509,11509,11509,2
2019-12-02,15:32:02,11508,11508,11508,4
2019-12-02,15:32:02,11509,11509,11509,2
2019-12-02,15:32:11,11508,11508,11508,4
2019-12-02,15:32:21,11508,11508,11508,2
2019-12-02,15:32:21,11508,11508,11508,2
2019-12-02,15:32:27,11509,11509,11509,2
2019-12-02,15:32:34,11508,11508,11508,2
2019-12-02,15:32:35,11508,11508,11508,2
2019-12-02,15:32:35,11508,11508,11508,4
2019-12-02,15:32:46,11508,11508,11508,2
2019-12-02,15:32:46,11508,11508,11508,2
2019-12-02,15:32:50,11508,11508,11508,2
2019-12-02,15:32:50,11508,11508,11508,2
2019-12-02,15:32:53,11508,11508,11508,2
2019-12-02,15:32:54,11508,11508,11508,2
2019-12-02,15:33:05,11508,11508,11508,2
2019-12-02,15:33:09,11508,11508,11508,2
2019-12-02,15:33:09,11508,11508,11508,2
2019-12-02,15:33:09,11508,11508,11508,2
2019-12-02,15:33:10,11508,11508,11508,10
2019-12-02,15:33:11,11508,11508,11508,2
2019-12-02,15:33:11,11508,11508,11508,2
2019-12-02,15:33:11,11508,11508,11508,2
2019-12-02,15:33:12,11508,11508,11508,2
2019-12-02,15:33:13,11508,11508,11508,6
2019-12-02,15:33:13,11508,11508,11508,4
2019-12-02,15:33:13,11508,11508,11508,2
2019-12-02,15:33:13,11508,11508,11508,2
2019-12-02,15:33:14,11508,11508,11508,2
2019-12-02,15:33:14,11508,11508,11508,2
2019-12-02,15:33:15,11508,11508,11508,4
2019-12-02,15:33:15,11508,11508,11508,2
2019-12-02,15:33:15,11508,11508,11508,2
2019-12-02,15:33:15,11508,11508,11508,2
2019-12-02,15:33:15,11507,11507,11507,2
2019-12-02,15:33:16,11507,11507,11507,2
2019-12-02,15:33:22,11508,11508,11508,2
2019-12-02,15:33:29,11507,11507,11507,2
2019-12-02,15:33:32,11508,11508,11508,4
2019-12-02,15:33:33,11508,11508,11508,2
2019-12-02,15:33:37,11508,11508,11508,2
2019-12-02,15:33:41,11508,11508,11508,2
2019-12-02,15:33:44,11508,11508,11508,6
2019-12-02,15:33:45,11507,11507,11507,2
2019-12-02,15:33:50,11507,11507,11507,2
2019-12-02,15:33:54,11507,11507,11507,2
2019-12-02,15:34:02,11507,11507,11507,2
2019-12-02,15:34:03,11507,11507,11507,8
2019-12-02,15:34:14,11507,11507,11507,2
2019-12-02,15:34:14,11507,11507,11507,2
2019-12-02,15:34:15,11507,11507,11507,2
2019-12-02,15:34:16,11507,11507,11507,2
2019-12-02,15:34:17,11507,11507,11507,2
2019-12-02,15:34:19,11507,11507,11507,2
2019-12-02,15:34:20,11507,11507,11507,2
2019-12-02,15:34:30,11507,11507,11507,2
2019-12-02,15:34:31,11507,11507,11507,2
2019-12-02,15:34:34,11508,11508,11508,4
2019-12-02,15:34:37,11507,11507,11507,2
2019-12-02,15:34:40,11507,11507,11507,2
2019-12-02,15:34:48,11507,11507,11507,2
2019-12-02,15:34:49,11507,11507,11507,2
2019-12-02,15:35:21,11507,11507,11507,2
2019-12-02,15:35:21,11507,11507,11507,2
2019-12-02,15:35:23,11507,11507,11507,2
2019-12-02,15:35:23,11507,11507,11507,2
2019-12-02,15:35:25,11507,11507,11507,2
2019-12-02,15:35:26,11507,11507,11507,2
2019-12-02,15:35:26,11507,11507,11507,2
2019-12-02,15:35:26,11507,11507,11507,2
2019-12-02,15:35:28,11508,11508,11508,2
2019-12-02,15:35:31,11508,11508,11508,2
2019-12-02,15:35:39,11508,11508,11508,2
2019-12-02,15:35:44,11507,11507,11507,2
2019-12-02,15:35:47,11507,11507,11507,2
2019-12-02,15:35:50,11507,11507,11507,2
2019-12-02,15:36:02,11507,11507,11507,4
2019-12-02,15:36:12,11507,11507,11507,6
2019-12-02,15:36:12,11507,11507,11507,10
2019-12-02,15:36:12,11507,11507,11507,10
2019-12-02,15:36:12,11507,11507,11507,4
2019-12-02,15:36:12,11507,11507,11507,10
2019-12-02,15:36:12,11507,11507,11507,2
2019-12-02,15:36:12,11507,11507,11507,2
2019-12-02,15:36:12,11507,11507,11507,2
2019-12-02,15:36:12,11507,11507,11507,2
2019-12-02,15:36:12,11507,11507,11507,2
2019-12-02,15:36:12,11507,11507,11507,2
2019-12-02,15:36:12,11507,11507,11507,8
2019-12-02,15:36:12,11508,11508,11508,2
2019-12-02,15:36:13,11507,11507,11507,2
2019-12-02,15:36:13,11506,11506,11506,4
2019-12-02,15:36:13,11506,11506,11506,2
2019-12-02,15:36:21,11507,11507,11507,2
2019-12-02,15:36:21,11506,11506,11506,2
2019-12-02,15:36:22,11506,11506,11506,2
2019-12-02,15:36:25,11506,11506,11506,2
2019-12-02,15:36:26,11506,11506,11506,2
2019-12-02,15:36:26,11507,11507,11507,2
2019-12-02,15:36:28,11506,11506,11506,2
2019-12-02,15:36:28,11506,11506,11506,2
2019-12-02,15:36:29,11507,11507,11507,2
2019-12-02,15:36:29,11506,11506,11506,2
2019-12-02,15:36:33,11506,11506,11506,2
2019-12-02,15:36:43,11506,11506,11506,2
2019-12-02,15:36:44,11507,11507,11507,10
2019-12-02,15:36:45,11506,11506,11506,2
2019-12-02,15:36:46,11506,11506,11506,2
2019-12-02,15:36:47,11507,11507,11507,10
2019-12-02,15:36:49,11506,11506,11506,2
2019-12-02,15:36:50,11507,11507,11507,10
2019-12-02,15:36:54,11507,11507,11507,2
2019-12-02,15:37:03,11507,11507,11507,2
2019-12-02,15:37:05,11507,11507,11507,4
2019-12-02,15:37:10,11507,11507,11507,2
2019-12-02,15:37:13,11507,11507,11507,6
2019-12-02,15:37:13,11507,11507,11507,2
2019-12-02,15:37:13,11508,11508,11508,2
2019-12-02,15:37:17,11507,11507,11507,2
2019-12-02,15:37:18,11507,11507,11507,2
2019-12-02,15:37:20,11507,11507,11507,2
2019-12-02,15:37:29,11507,11507,11507,2
2019-12-02,15:37:30,11507,11507,11507,2
2019-12-02,15:37:32,11506,11506,11506,2
2019-12-02,15:37:32,11506,11506,11506,2
2019-12-02,15:37:35,11506,11506,11506,2
2019-12-02,15:37:35,11506,11506,11506,2
2019-12-02,15:37:47,11507,11507,11507,8
2019-12-02,15:37:56,11507,11507,11507,2
2019-12-02,15:37:57,11507,11507,11507,2
2019-12-02,15:37:58,11506,11506,11506,2
2019-12-02,15:38:03,11506,11506,11506,2
2019-12-02,15:38:09,11507,11507,11507,2
2019-12-02,15:38:14,11507,11507,11507,2
2019-12-02,15:38:15,11507,11507,11507,2
2019-12-02,15:38:17,11507,11507,11507,2
2019-12-02,15:38:18,11507,11507,11507,2
2019-12-02,15:38:22,11507,11507,11507,2
2019-12-02,15:38:23,11507,11507,11507,2
2019-12-02,15:38:26,11507,11507,11507,2
2019-12-02,15:38:27,11507,11507,11507,4
2019-12-02,15:38:28,11507,11507,11507,2
2019-12-02,15:38:38,11507,11507,11507,2
2019-12-02,15:38:40,11507,11507,11507,2
2019-12-02,15:38:41,11507,11507,11507,4
2019-12-02,15:38:43,11507,11507,11507,2
2019-12-02,15:38:57,11507,11507,11507,2
2019-12-02,15:38:59,11507,11507,11507,2
2019-12-02,15:39:02,11507,11507,11507,2
2019-12-02,15:39:02,11508,11508,11508,6
2019-12-02,15:39:02,11508,11508,11508,4
2019-12-02,15:39:03,11508,11508,11508,6
2019-12-02,15:39:03,11508,11508,11508,6
2019-12-02,15:39:03,11508,11508,11508,4
2019-12-02,15:39:04,11508,11508,11508,6
2019-12-02,15:39:04,11508,11508,11508,6
2019-12-02,15:39:04,11508,11508,11508,6
2019-12-02,15:39:04,11508,11508,11508,2
2019-12-02,15:39:04,11508,11508,11508,4
2019-12-02,15:39:04,11508,11508,11508,4
2019-12-02,15:39:04,11508,11508,11508,4
2019-12-02,15:39:04,11507,11507,11507,2
2019-12-02,15:39:07,11507,11507,11507,2
2019-12-02,15:39:07,11507,11507,11507,2
2019-12-02,15:39:15,11508,11508,11508,2
2019-12-02,15:39:16,11508,11508,11508,2
2019-12-02,15:39:22,11507,11507,11507,2
2019-12-02,15:39:24,11507,11507,11507,2
2019-12-02,15:39:44,11507,11507,11507,2
2019-12-02,15:39:46,11507,11507,11507,2
2019-12-02,15:40:00,11507,11507,11507,4
2019-12-02,15:40:00,11507,11507,11507,6
2019-12-02,15:40:02,11507,11507,11507,2
2019-12-02,15:40:02,11507,11507,11507,2
2019-12-02,15:40:02,11507,11507,11507,10
2019-12-02,15:40:02,11507,11507,11507,4
2019-12-02,15:40:03,11507,11507,11507,2
2019-12-02,15:40:05,11507,11507,11507,2
2019-12-02,15:40:05,11507,11507,11507,2
2019-12-02,15:40:05,11507,11507,11507,2
2019-12-02,15:40:06,11507,11507,11507,4
2019-12-02,15:40:07,11507,11507,11507,2
2019-12-02,15:40:21,11507,11507,11507,2
2019-12-02,15:40:23,11507,11507,11507,2
2019-12-02,15:40:46,11508,11508,11508,6
2019-12-02,15:40:48,11507,11507,11507,2
2019-12-02,15:40:50,11507,11507,11507,2
2019-12-02,15:41:16,11507,11507,11507,2
2019-12-02,15:41:18,11507,11507,11507,2
2019-12-02,15:41:21,11507,11507,11507,2
2019-12-02,15:41:25,11507,11507,11507,2
2019-12-02,15:41:29,11507,11507,11507,2
2019-12-02,15:41:46,11507,11507,11507,2
2019-12-02,15:41:46,11507,11507,11507,2
2019-12-02,15:41:46,11507,11507,11507,2
2019-12-02,15:41:50,11507,11507,11507,2
2019-12-02,15:41:50,11507,11507,11507,2
2019-12-02,15:41:56,11507,11507,11507,2
2019-12-02,15:42:12,11507,11507,11507,2
2019-12-02,15:42:14,11507,11507,11507,2
2019-12-02,15:42:15,11507,11507,11507,2
2019-12-02,15:42:26,11508,11508,11508,2
2019-12-02,15:42:28,11507,11507,11507,2
2019-12-02,15:42:30,11507,11507,11507,2
2019-12-02,15:42:31,11508,11508,11508,18
2019-12-02,15:42:31,11508,11508,11508,4
2019-12-02,15:42:37,11508,11508,11508,2
2019-12-02,15:42:38,11508,11508,11508,2
2019-12-02,15:42:45,11509,11509,11509,14
2019-12-02,15:42:46,11509,11509,11509,8
2019-12-02,15:42:46,11509,11509,11509,10
2019-12-02,15:43:01,11509,11509,11509,2
2019-12-02,15:43:03,11509,11509,11509,2
2019-12-02,15:43:16,11510,11510,11510,4
2019-12-02,15:43:17,11509,11509,11509,10
2019-12-02,15:43:20,11509,11509,11509,2
2019-12-02,15:43:21,11509,11509,11509,2
2019-12-02,15:43:21,11509,11509,11509,4
2019-12-02,15:43:21,11509,11509,11509,2
2019-12-02,15:43:21,11509,11509,11509,2
2019-12-02,15:43:30,11509,11509,11509,2
2019-12-02,15:43:31,11509,11509,11509,2
2019-12-02,15:43:41,11508,11508,11508,2
2019-12-02,15:43:42,11508,11508,11508,2
2019-12-02,15:43:44,11508,11508,11508,2
2019-12-02,15:43:45,11508,11508,11508,2
2019-12-02,15:44:02,11508,11508,11508,2
2019-12-02,15:44:03,11508,11508,11508,2
2019-12-02,15:44:13,11508,11508,11508,2
2019-12-02,15:44:23,11508,11508,11508,2
2019-12-02,15:44:24,11509,11509,11509,8
2019-12-02,15:44:28,11508,11508,11508,2
2019-12-02,15:44:29,11508,11508,11508,2
2019-12-02,15:44:43,11509,11509,11509,2
2019-12-02,15:45:02,11508,11508,11508,2
2019-12-02,15:45:03,11508,11508,11508,2
2019-12-02,15:45:03,11508,11508,11508,2
2019-12-02,15:45:05,11508,11508,11508,2
2019-12-02,15:45:06,11508,11508,11508,2
2019-12-02,15:45:11,11508,11508,11508,2
2019-12-02,15:45:11,11508,11508,11508,2
2019-12-02,15:45:11,11508,11508,11508,2
2019-12-02,15:45:11,11508,11508,11508,2
2019-12-02,15:45:11,11508,11508,11508,2
2019-12-02,15:45:11,11508,11508,11508,2
2019-12-02,15:45:17,11507,11507,11507,2
2019-12-02,15:45:25,11507,11507,11507,2
2019-12-02,15:45:25,11507,11507,11507,2
2019-12-02,15:45:25,11507,11507,11507,2
2019-12-02,15:45:27,11507,11507,11507,2
2019-12-02,15:45:28,11507,11507,11507,2
2019-12-02,15:45:54,11507,11507,11507,2
2019-12-02,15:45:54,11507,11507,11507,2
2019-12-02,15:45:54,11507,11507,11507,2
2019-12-02,15:45:54,11507,11507,11507,10
2019-12-02,15:45:54,11507,11507,11507,8
2019-12-02,15:45:54,11507,11507,11507,4
2019-12-02,15:45:54,11506,11506,11506,2
2019-12-02,15:45:54,11506,11506,11506,2
2019-12-02,15:45:54,11506,11506,11506,2
2019-12-02,15:45:54,11506,11506,11506,2
2019-12-02,15:45:54,11506,11506,11506,2
2019-12-02,15:45:54,11506,11506,11506,2
2019-12-02,15:45:54,11506,11506,11506,2
2019-12-02,15:45:54,11506,11506,11506,4
2019-12-02,15:45:54,11506,11506,11506,10
2019-12-02,15:45:54,11506,11506,11506,2
2019-12-02,15:45:54,11506,11506,11506,2
2019-12-02,15:45:54,11506,11506,11506,2
2019-12-02,15:45:54,11506,11506,11506,8
2019-12-02,15:45:54,11506,11506,11506,2
2019-12-02,15:45:54,11506,11506,11506,10
2019-12-02,15:45:54,11506,11506,11506,2
2019-12-02,15:45:54,11506,11506,11506,2
2019-12-02,15:45:54,11506,11506,11506,2
2019-12-02,15:45:54,11506,11506,11506,4
2019-12-02,15:45:54,11506,11506,11506,2
2019-12-02,15:45:54,11506,11506,11506,2
2019-12-02,15:45:54,11506,11506,11506,4
2019-12-02,15:45:54,11506,11506,11506,2
2019-12-02,15:45:54,11506,11506,11506,40
2019-12-02,15:45:54,11506,11506,11506,2
2019-12-02,15:45:54,11506,11506,11506,10
2019-12-02,15:45:54,11506,11506,11506,2
2019-12-02,15:45:54,11506,11506,11506,2
2019-12-02,15:45:54,11506,11506,11506,10
2019-12-02,15:45:54,11506,11506,11506,10
2019-12-02,15:45:54,11506,11506,11506,10
2019-12-02,15:45:54,11505,11505,11505,2
2019-12-02,15:45:54,11505,11505,11505,2
2019-12-02,15:45:54,11505,11505,11505,2
2019-12-02,15:45:54,11505,11505,11505,4
2019-12-02,15:45:54,11505,11505,11505,4
2019-12-02,15:45:54,11505,11505,11505,2
2019-12-02,15:45:56,11505,11505,11505,4
2019-12-02,15:45:56,11505,11505,11505,2
2019-12-02,15:45:56,11505,11505,11505,4
2019-12-02,15:45:58,11505,11505,11505,2
2019-12-02,15:45:58,11505,11505,11505,2
2019-12-02,15:45:58,11505,11505,11505,6
2019-12-02,15:45:58,11505,11505,11505,4
2019-12-02,15:46:03,11505,11505,11505,2
2019-12-02,15:46:03,11505,11505,11505,8
2019-12-02,15:46:19,11504,11504,11504,4
2019-12-02,15:46:20,11504,11504,11504,2
2019-12-02,15:46:20,11504,11504,11504,2
2019-12-02,15:46:24,11504,11504,11504,2
2019-12-02,15:46:24,11504,11504,11504,2
2019-12-02,15:46:24,11504,11504,11504,2
2019-12-02,15:46:25,11504,11504,11504,2
2019-12-02,15:46:28,11504,11504,11504,4
2019-12-02,15:46:28,11504,11504,11504,2
2019-12-02,15:46:28,11504,11504,11504,2
2019-12-02,15:46:29,11504,11504,11504,2
2019-12-02,15:46:30,11504,11504,11504,2
2019-12-02,15:46:31,11504,11504,11504,4
2019-12-02,15:46:33,11503,11503,11503,2
2019-12-02,15:46:33,11503,11503,11503,2
2019-12-02,15:46:33,11503,11503,11503,2
2019-12-02,15:46:33,11503,11503,11503,2
2019-12-02,15:46:33,11503,11503,11503,2
2019-12-02,15:46:35,11503,11503,11503,2
2019-12-02,15:46:36,11503,11503,11503,2
2019-12-02,15:46:38,11503,11503,11503,2
2019-12-02,15:46:39,11503,11503,11503,2
2019-12-02,15:46:39,11503,11503,11503,2
2019-12-02,15:46:39,11503,11503,11503,2
2019-12-02,15:46:39,11503,11503,11503,2
2019-12-02,15:46:39,11503,11503,11503,4
2019-12-02,15:46:40,11503,11503,11503,2
2019-12-02,15:46:41,11503,11503,11503,2
2019-12-02,15:46:45,11503,11503,11503,2
2019-12-02,15:46:50,11504,11504,11504,10
2019-12-02,15:46:52,11504,11504,11504,2
2019-12-02,15:46:52,11504,11504,11504,4
2019-12-02,15:47:04,11504,11504,11504,4
2019-12-02,15:47:04,11504,11504,11504,2
2019-12-02,15:47:04,11504,11504,11504,4
2019-12-02,15:47:05,11504,11504,11504,2
2019-12-02,15:47:23,11504,11504,11504,4
2019-12-02,15:47:23,11504,11504,11504,2
2019-12-02,15:47:23,11504,11504,11504,4
2019-12-02,15:47:23,11504,11504,11504,2
2019-12-02,15:47:32,11504,11504,11504,4
2019-12-02,15:47:34,11504,11504,11504,2
2019-12-02,15:47:35,11504,11504,11504,2
2019-12-02,15:47:36,11503,11503,11503,2
2019-12-02,15:47:36,11503,11503,11503,2
2019-12-02,15:47:36,11503,11503,11503,2
2019-12-02,15:47:36,11503,11503,11503,2
2019-12-02,15:47:39,11503,11503,11503,4
2019-12-02,15:47:41,11504,11504,11504,2
2019-12-02,15:47:50,11503,11503,11503,2
2019-12-02,15:47:51,11503,11503,11503,2
2019-12-02,15:47:52,11503,11503,11503,2
2019-12-02,15:47:52,11503,11503,11503,2
2019-12-02,15:47:54,11503,11503,11503,2
2019-12-02,15:47:57,11503,11503,11503,2
2019-12-02,15:48:01,11503,11503,11503,2
2019-12-02,15:48:02,11503,11503,11503,4
2019-12-02,15:48:02,11504,11504,11504,2
2019-12-02,15:48:03,11502,11502,11502,2
2019-12-02,15:48:03,11502,11502,11502,6
2019-12-02,15:48:03,11504,11504,11504,2
2019-12-02,15:48:03,11502,11502,11502,2
2019-12-02,15:48:04,11502,11502,11502,2
2019-12-02,15:48:04,11503,11503,11503,6
2019-12-02,15:48:06,11503,11503,11503,2
2019-12-02,15:48:09,11503,11503,11503,2
2019-12-02,15:48:15,11503,11503,11503,2
2019-12-02,15:48:25,11503,11503,11503,2
2019-12-02,15:48:30,11504,11504,11504,40
2019-12-02,15:48:44,11504,11504,11504,4
2019-12-02,15:48:47,11504,11504,11504,6
2019-12-02,15:48:54,11504,11504,11504,4
2019-12-02,15:49:09,11504,11504,11504,2
2019-12-02,15:49:10,11504,11504,11504,2
2019-12-02,15:49:18,11504,11504,11504,2
2019-12-02,15:49:25,11504,11504,11504,24
2019-12-02,15:49:25,11504,11504,11504,2
2019-12-02,15:49:25,11504,11504,11504,14
2019-12-02,15:49:25,11504,11504,11504,8
2019-12-02,15:49:29,11504,11504,11504,4
2019-12-02,15:49:35,11504,11504,11504,2
2019-12-02,15:49:35,11504,11504,11504,20
2019-12-02,15:49:51,11504,11504,11504,2
2019-12-02,15:50:14,11504,11504,11504,4
2019-12-02,15:50:14,11504,11504,11504,2
2019-12-02,15:50:19,11504,11504,11504,2
2019-12-02,15:50:26,11503,11503,11503,2
2019-12-02,15:50:59,11504,11504,11504,10
2019-12-02,15:51:00,11503,11503,11503,2
2019-12-02,15:51:06,11504,11504,11504,2
2019-12-02,15:51:06,11503,11503,11503,2
2019-12-02,15:51:06,11503,11503,11503,2
2019-12-02,15:51:12,11504,11504,11504,20
2019-12-02,15:51:24,11504,11504,11504,6
2019-12-02,15:51:30,11503,11503,11503,2
2019-12-02,15:51:31,11504,11504,11504,2
2019-12-02,15:51:34,11504,11504,11504,2
2019-12-02,15:51:39,11504,11504,11504,2
2019-12-02,15:51:46,11504,11504,11504,2
2019-12-02,15:51:47,11504,11504,11504,2
2019-12-02,15:51:50,11504,11504,11504,2
2019-12-02,15:51:58,11504,11504,11504,2
2019-12-02,15:51:58,11504,11504,11504,8
2019-12-02,15:52:30,11505,11505,11505,2
2019-12-02,15:52:31,11505,11505,11505,30
2019-12-02,15:52:48,11505,11505,11505,2
2019-12-02,15:52:57,11505,11505,11505,2
2019-12-02,15:53:04,11505,11505,11505,2
2019-12-02,15:53:04,11505,11505,11505,2
2019-12-02,15:53:23,11505,11505,11505,2
2019-12-02,15:53:50,11506,11506,11506,2
2019-12-02,15:53:59,11506,11506,11506,2
2019-12-02,15:53:59,11506,11506,11506,2
2019-12-02,15:54:03,11506,11506,11506,2
2019-12-02,15:54:04,11506,11506,11506,2
2019-12-02,15:54:04,11506,11506,11506,2
2019-12-02,15:54:10,11506,11506,11506,2
2019-12-02,15:54:26,11507,11507,11507,2
2019-12-02,15:54:31,11507,11507,11507,2
2019-12-02,15:54:35,11507,11507,11507,2
2019-12-02,15:54:39,11506,11506,11506,2
2019-12-02,15:55:28,11507,11507,11507,2
2019-12-02,15:55:40,11506,11506,11506,4
2019-12-02,15:58:11,11507,11507,11507,44
2019-12-02,15:58:11,11507,11507,11507,4
2019-12-02,15:58:18,11507,11507,11507,2
2019-12-02,15:58:23,11507,11507,11507,2
2019-12-02,15:58:23,11507,11507,11507,2
2019-12-02,15:58:23,11507,11507,11507,6
2019-12-02,15:58:23,11507,11507,11507,2
2019-12-02,15:58:23,11507,11507,11507,2
2019-12-02,15:58:23,11506,11506,11506,2
2019-12-02,15:58:23,11506,11506,11506,4
2019-12-02,15:58:23,11506,11506,11506,2
2019-12-02,15:58:23,11506,11506,11506,2
2019-12-02,15:58:23,11506,11506,11506,2
2019-12-02,15:58:23,11506,11506,11506,4
2019-12-02,15:58:23,11506,11506,11506,4
2019-12-02,15:58:23,11506,11506,11506,2
2019-12-02,15:58:23,11506,11506,11506,2
2019-12-02,15:58:23,11506,11506,11506,2
2019-12-02,15:58:23,11506,11506,11506,2
2019-12-02,15:58:23,11506,11506,11506,2
2019-12-02,15:58:23,11506,11506,11506,2
2019-12-02,15:58:23,11506,11506,11506,2
2019-12-02,15:58:23,11506,11506,11506,2
2019-12-02,15:58:23,11506,11506,11506,2
2019-12-02,15:58:23,11506,11506,11506,2
2019-12-02,15:58:23,11506,11506,11506,4
2019-12-02,15:58:23,11506,11506,11506,2
2019-12-02,15:58:23,11506,11506,11506,2
2019-12-02,15:58:23,11506,11506,11506,2
2019-12-02,15:58:23,11506,11506,11506,2
2019-12-02,15:58:23,11506,11506,11506,2
2019-12-02,15:58:23,11506,11506,11506,10
2019-12-02,15:58:23,11506,11506,11506,10
2019-12-02,15:58:23,11506,11506,11506,2
2019-12-02,15:58:23,11506,11506,11506,8
2019-12-02,15:58:25,11507,11507,11507,2
2019-12-02,15:58:25,11506,11506,11506,2
2019-12-02,15:58:27,11506,11506,11506,2
2019-12-02,15:58:27,11506,11506,11506,2
2019-12-02,15:58:27,11506,11506,11506,2
2019-12-02,15:58:32,11506,11506,11506,2
2019-12-02,15:58:44,11506,11506,11506,2
2019-12-02,15:58:45,11505,11505,11505,2
2019-12-02,15:59:01,11505,11505,11505,2
2019-12-02,15:59:01,11505,11505,11505,2
2019-12-02,15:59:01,11505,11505,11505,6
2019-12-02,15:59:01,11505,11505,11505,32
2019-12-02,15:59:01,11505,11505,11505,2
2019-12-02,15:59:01,11505,11505,11505,2
2019-12-02,15:59:07,11504,11504,11504,2
2019-12-02,15:59:07,11504,11504,11504,2
2019-12-02,15:59:07,11504,11504,11504,4
2019-12-02,15:59:07,11504,11504,11504,2
2019-12-02,15:59:08,11505,11505,11505,2
2019-12-02,15:59:20,11504,11504,11504,2
2019-12-02,15:59:20,11504,11504,11504,2
2019-12-02,15:59:20,11503,11503,11503,2
2019-12-02,15:59:46,11504,11504,11504,2
2019-12-02,16:00:02,11503,11503,11503,2
2019-12-02,16:00:03,11503,11503,11503,2
2019-12-02,16:00:03,11503,11503,11503,4
2019-12-02,16:00:03,11503,11503,11503,2
2019-12-02,16:00:03,11503,11503,11503,2
2019-12-02,16:00:03,11503,11503,11503,2
2019-12-02,16:00:03,11503,11503,11503,2
2019-12-02,16:00:03,11503,11503,11503,2
2019-12-02,16:00:03,11503,11503,11503,4
2019-12-02,16:00:03,11503,11503,11503,6
2019-12-02,16:00:03,11503,11503,11503,2
2019-12-02,16:00:03,11503,11503,11503,6
2019-12-02,16:00:03,11503,11503,11503,4
2019-12-02,16:00:03,11503,11503,11503,2
2019-12-02,16:00:03,11502,11502,11502,2
2019-12-02,16:00:03,11502,11502,11502,4
2019-12-02,16:00:03,11502,11502,11502,2
2019-12-02,16:00:03,11502,11502,11502,2
2019-12-02,16:00:03,11502,11502,11502,2
2019-12-02,16:00:03,11502,11502,11502,2
2019-12-02,16:00:03,11502,11502,11502,2
2019-12-02,16:00:03,11502,11502,11502,2
2019-12-02,16:00:03,11502,11502,11502,2
2019-12-02,16:00:03,11502,11502,11502,2
2019-12-02,16:00:03,11502,11502,11502,2
2019-12-02,16:00:03,11502,11502,11502,2
2019-12-02,16:00:03,11502,11502,11502,2
2019-12-02,16:00:03,11502,11502,11502,2
2019-12-02,16:00:03,11503,11503,11503,10
2019-12-02,16:00:03,11503,11503,11503,2
2019-12-02,16:00:03,11503,11503,11503,2
2019-12-02,16:00:04,11503,11503,11503,4
2019-12-02,16:00:04,11503,11503,11503,4
2019-12-02,16:00:06,11503,11503,11503,2
2019-12-02,16:00:12,11503,11503,11503,2
2019-12-02,16:00:16,11503,11503,11503,2
2019-12-02,16:00:25,11503,11503,11503,2
2019-12-02,16:00:28,11502,11502,11502,2
2019-12-02,16:00:28,11502,11502,11502,4
2019-12-02,16:00:28,11502,11502,11502,2
2019-12-02,16:00:28,11502,11502,11502,4
2019-12-02,16:00:28,11502,11502,11502,2
2019-12-02,16:00:28,11502,11502,11502,2
2019-12-02,16:00:28,11502,11502,11502,2
2019-12-02,16:00:28,11502,11502,11502,4
2019-12-02,16:00:28,11502,11502,11502,2
2019-12-02,16:00:30,11502,11502,11502,2
2019-12-02,16:00:35,11502,11502,11502,2
2019-12-02,16:00:37,11502,11502,11502,2
2019-12-02,16:00:40,11502,11502,11502,2
2019-12-02,16:00:40,11502,11502,11502,4
2019-12-02,16:00:40,11502,11502,11502,2
2019-12-02,16:00:42,11502,11502,11502,2
2019-12-02,16:00:42,11502,11502,11502,4
2019-12-02,16:00:46,11502,11502,11502,2
2019-12-02,16:00:47,11502,11502,11502,2
2019-12-02,16:00:51,11503,11503,11503,36
2019-12-02,16:00:51,11503,11503,11503,6
2019-12-02,16:00:51,11503,11503,11503,20
2019-12-02,16:00:51,11503,11503,11503,4
2019-12-02,16:00:51,11503,11503,11503,30
2019-12-02,16:00:51,11503,11503,11503,8
2019-12-02,16:00:58,11504,11504,11504,2
2019-12-02,16:01:00,11504,11504,11504,4
2019-12-02,16:01:01,11504,11504,11504,4
2019-12-02,16:01:01,11504,11504,11504,4
2019-12-02,16:01:01,11504,11504,11504,2
2019-12-02,16:01:09,11505,11505,11505,4
2019-12-02,16:01:09,11505,11505,11505,2
2019-12-02,16:01:21,11505,11505,11505,2
2019-12-02,16:01:50,11506,11506,11506,4
2019-12-02,16:01:50,11506,11506,11506,2
2019-12-02,16:01:50,11506,11506,11506,4
2019-12-02,16:01:56,11507,11507,11507,8
2019-12-02,16:01:56,11507,11507,11507,4
2019-12-02,16:01:57,11507,11507,11507,4
2019-12-02,16:02:02,11508,11508,11508,20
2019-12-02,16:02:18,11507,11507,11507,2
2019-12-02,16:02:47,11507,11507,11507,4
2019-12-02,16:02:51,11507,11507,11507,2
2019-12-02,16:02:56,11508,11508,11508,4
2019-12-02,16:03:05,11507,11507,11507,2
2019-12-02,16:03:05,11507,11507,11507,2
2019-12-02,16:03:05,11507,11507,11507,4
2019-12-02,16:03:10,11508,11508,11508,48
2019-12-02,16:03:10,11508,11508,11508,4
2019-12-02,16:03:21,11509,11509,11509,2
2019-12-02,16:03:21,11509,11509,11509,2
2019-12-02,16:03:21,11509,11509,11509,18
2019-12-02,16:03:21,11509,11509,11509,2
2019-12-02,16:03:22,11509,11509,11509,2
2019-12-02,16:03:28,11510,11510,11510,2
2019-12-02,16:03:28,11510,11510,11510,4
2019-12-02,16:03:53,11510,11510,11510,2
2019-12-02,16:03:57,11509,11509,11509,2
2019-12-02,16:03:57,11509,11509,11509,2
2019-12-02,16:03:57,11509,11509,11509,4
2019-12-02,16:03:57,11509,11509,11509,2
2019-12-02,16:03:57,11509,11509,11509,2
2019-12-02,16:03:58,11509,11509,11509,2
2019-12-02,16:03:59,11509,11509,11509,4
2019-12-02,16:04:05,11509,11509,11509,2
2019-12-02,16:04:15,11509,11509,11509,2
2019-12-02,16:04:24,11509,11509,11509,2
2019-12-02,16:04:33,11509,11509,11509,2
2019-12-02,16:04:34,11509,11509,11509,2
2019-12-02,16:04:42,11509,11509,11509,2
2019-12-02,16:04:42,11509,11509,11509,8
2019-12-02,16:04:47,11510,11510,11510,2
2019-12-02,16:04:52,11510,11510,11510,2
2019-12-02,16:04:55,11510,11510,11510,2
2019-12-02,16:04:55,11510,11510,11510,2
2019-12-02,16:04:56,11510,11510,11510,10
2019-12-02,16:05:03,11510,11510,11510,2
2019-12-02,16:05:05,11510,11510,11510,10
2019-12-02,16:05:09,11510,11510,11510,10
2019-12-02,16:05:09,11510,11510,11510,2
2019-12-02,16:05:09,11510,11510,11510,2
2019-12-02,16:05:12,11510,11510,11510,2
2019-12-02,16:05:14,11510,11510,11510,4
2019-12-02,16:05:18,11510,11510,11510,4
2019-12-02,16:05:19,11509,11509,11509,2
2019-12-02,16:05:19,11509,11509,11509,6
2019-12-02,16:05:24,11510,11510,11510,6
2019-12-02,16:05:28,11510,11510,11510,6
2019-12-02,16:05:33,11510,11510,11510,6
2019-12-02,16:05:33,11510,11510,11510,2
2019-12-02,16:05:33,11510,11510,11510,2
2019-12-02,16:05:46,11510,11510,11510,2
2019-12-02,16:05:51,11510,11510,11510,2
2019-12-02,16:05:52,11510,11510,11510,8
2019-12-02,16:05:58,11510,11510,11510,10
2019-12-02,16:05:59,11510,11510,11510,4
2019-12-02,16:06:00,11509,11509,11509,4
2019-12-02,16:06:03,11510,11510,11510,2
2019-12-02,16:06:19,11511,11511,11511,2
2019-12-02,16:06:19,11511,11511,11511,2
2019-12-02,16:06:20,11511,11511,11511,2
2019-12-02,16:06:21,11511,11511,11511,2
2019-12-02,16:06:34,11511,11511,11511,4
2019-12-02,16:06:44,11511,11511,11511,2
2019-12-02,16:06:46,11511,11511,11511,2
2019-12-02,16:07:00,11511,11511,11511,2
2019-12-02,16:07:13,11511,11511,11511,8
2019-12-02,16:07:14,11511,11511,11511,4
2019-12-02,16:07:16,11511,11511,11511,2
2019-12-02,16:07:17,11511,11511,11511,2
2019-12-02,16:07:17,11511,11511,11511,2
2019-12-02,16:07:25,11511,11511,11511,2
2019-12-02,16:07:31,11511,11511,11511,2
2019-12-02,16:07:35,11510,11510,11510,4
2019-12-02,16:07:41,11510,11510,11510,4
2019-12-02,16:07:42,11510,11510,11510,2
2019-12-02,16:07:42,11510,11510,11510,6
2019-12-02,16:07:46,11510,11510,11510,2
2019-12-02,16:07:50,11510,11510,11510,2
2019-12-02,16:08:00,11510,11510,11510,2
2019-12-02,16:08:16,11510,11510,11510,2
2019-12-02,16:08:21,11510,11510,11510,4
2019-12-02,16:08:32,11510,11510,11510,2
2019-12-02,16:08:32,11510,11510,11510,2
2019-12-02,16:08:34,11510,11510,11510,4
2019-12-02,16:08:34,11510,11510,11510,2
2019-12-02,16:08:34,11510,11510,11510,2
2019-12-02,16:08:34,11510,11510,11510,2
2019-12-02,16:08:34,11510,11510,11510,4
2019-12-02,16:08:34,11510,11510,11510,6
2019-12-02,16:08:36,11510,11510,11510,2
2019-12-02,16:08:42,11510,11510,11510,2
2019-12-02,16:09:02,11510,11510,11510,2
2019-12-02,16:09:10,11510,11510,11510,6
2019-12-02,16:09:22,11510,11510,11510,4
2019-12-02,16:09:26,11510,11510,11510,2
2019-12-02,16:09:30,11510,11510,11510,2
2019-12-02,16:09:32,11509,11509,11509,6
2019-12-02,16:09:32,11509,11509,11509,4
2019-12-02,16:09:34,11509,11509,11509,2
2019-12-02,16:09:34,11509,11509,11509,2
2019-12-02,16:09:34,11509,11509,11509,2
2019-12-02,16:09:34,11509,11509,11509,2
2019-12-02,16:09:36,11509,11509,11509,2
2019-12-02,16:09:46,11509,11509,11509,10
2019-12-02,16:10:39,11509,11509,11509,2
2019-12-02,16:10:39,11509,11509,11509,2
2019-12-02,16:10:52,11509,11509,11509,8
2019-12-02,16:10:52,11509,11509,11509,2
2019-12-02,16:10:52,11509,11509,11509,2
2019-12-02,16:10:52,11509,11509,11509,2
2019-12-02,16:10:52,11509,11509,11509,2
2019-12-02,16:10:52,11509,11509,11509,6
2019-12-02,16:10:52,11509,11509,11509,40
2019-12-02,16:10:52,11509,11509,11509,2
2019-12-02,16:11:02,11508,11508,11508,4
2019-12-02,16:11:02,11508,11508,11508,4
2019-12-02,16:11:02,11508,11508,11508,4
2019-12-02,16:11:02,11508,11508,11508,2
2019-12-02,16:11:06,11508,11508,11508,8
2019-12-02,16:11:06,11508,11508,11508,2
2019-12-02,16:11:12,11508,11508,11508,4
2019-12-02,16:11:12,11508,11508,11508,2
2019-12-02,16:11:13,11508,11508,11508,2
2019-12-02,16:11:16,11508,11508,11508,2
2019-12-02,16:11:17,11508,11508,11508,2
2019-12-02,16:11:28,11508,11508,11508,2
2019-12-02,16:11:28,11508,11508,11508,2
2019-12-02,16:11:28,11508,11508,11508,8
2019-12-02,16:11:46,11507,11507,11507,2
2019-12-02,16:11:53,11507,11507,11507,2
2019-12-02,16:11:54,11507,11507,11507,2
2019-12-02,16:11:57,11508,11508,11508,2
2019-12-02,16:12:28,11507,11507,11507,6
2019-12-02,16:12:28,11507,11507,11507,2
2019-12-02,16:12:28,11507,11507,11507,2
2019-12-02,16:12:28,11507,11507,11507,2
2019-12-02,16:12:28,11507,11507,11507,2
2019-12-02,16:12:32,11507,11507,11507,2
2019-12-02,16:12:38,11506,11506,11506,2
2019-12-02,16:12:46,11506,11506,11506,2
2019-12-02,16:12:58,11507,11507,11507,4
2019-12-02,16:12:58,11507,11507,11507,4
2019-12-02,16:13:00,11506,11506,11506,2
2019-12-02,16:13:10,11507,11507,11507,10
2019-12-02,16:13:10,11507,11507,11507,8
2019-12-02,16:13:10,11507,11507,11507,2
2019-12-02,16:13:10,11507,11507,11507,4
2019-12-02,16:13:10,11507,11507,11507,10
2019-12-02,16:13:10,11507,11507,11507,10
2019-12-02,16:13:10,11507,11507,11507,10
2019-12-02,16:13:10,11507,11507,11507,4
2019-12-02,16:13:11,11507,11507,11507,6
2019-12-02,16:13:42,11508,11508,11508,14
2019-12-02,16:13:46,11508,11508,11508,2
2019-12-02,16:13:55,11508,11508,11508,2
2019-12-02,16:13:59,11508,11508,11508,20
2019-12-02,16:14:43,11509,11509,11509,4
2019-12-02,16:14:43,11509,11509,11509,10
2019-12-02,16:14:47,11510,11510,11510,4
2019-12-02,16:14:52,11509,11509,11509,8
2019-12-02,16:15:05,11509,11509,11509,2
2019-12-02,16:15:05,11510,11510,11510,14
2019-12-02,16:15:05,11510,11510,11510,18
2019-12-02,16:15:06,11511,11511,11511,6
2019-12-02,16:15:06,11511,11511,11511,2
2019-12-02,16:15:07,11511,11511,11511,4
2019-12-02,16:15:08,11511,11511,11511,2
2019-12-02,16:15:08,11511,11511,11511,4
2019-12-02,16:15:08,11511,11511,11511,2
2019-12-02,16:15:09,11511,11511,11511,4
2019-12-02,16:15:09,11511,11511,11511,14
2019-12-02,16:15:09,11511,11511,11511,2
2019-12-02,16:15:11,11511,11511,11511,4
2019-12-02,16:15:12,11511,11511,11511,4
2019-12-02,16:15:12,11511,11511,11511,6
2019-12-02,16:15:13,11511,11511,11511,4
2019-12-02,16:15:20,11511,11511,11511,8
2019-12-02,16:15:23,11510,11510,11510,2
2019-12-02,16:15:23,11510,11510,11510,6
2019-12-02,16:15:23,11510,11510,11510,2
2019-12-02,16:15:23,11511,11511,11511,2
2019-12-02,16:15:27,11510,11510,11510,4
2019-12-02,16:15:37,11510,11510,11510,4
2019-12-02,16:16:13,11510,11510,11510,10
2019-12-02,16:16:13,11510,11510,11510,12
2019-12-02,16:16:17,11510,11510,11510,2
2019-12-02,16:17:51,11510,11510,11510,2
2019-12-02,16:17:51,11510,11510,11510,4
2019-12-02,16:17:51,11510,11510,11510,4
2019-12-02,16:18:12,11510,11510,11510,2
2019-12-02,16:18:22,11509,11509,11509,2
2019-12-02,16:18:22,11509,11509,11509,2
2019-12-02,16:18:23,11509,11509,11509,2
2019-12-02,16:18:23,11509,11509,11509,2
2019-12-02,16:19:00,11509,11509,11509,2
2019-12-02,16:19:00,11509,11509,11509,2
2019-12-02,16:19:40,11510,11510,11510,6
2019-12-02,16:19:54,11510,11510,11510,2
2019-12-02,16:19:57,11510,11510,11510,2
2019-12-02,16:20:03,11510,11510,11510,4
2019-12-02,16:20:03,11510,11510,11510,2
2019-12-02,16:20:03,11510,11510,11510,2
2019-12-02,16:20:04,11510,11510,11510,2
2019-12-02,16:20:04,11510,11510,11510,2
2019-12-02,16:20:04,11510,11510,11510,2
2019-12-02,16:20:04,11510,11510,11510,2
2019-12-02,16:20:06,11510,11510,11510,2
2019-12-02,16:20:08,11510,11510,11510,12
2019-12-02,16:20:39,11510,11510,11510,8
2019-12-02,16:20:51,11510,11510,11510,4
2019-12-02,16:20:51,11510,11510,11510,2
2019-12-02,16:20:51,11510,11510,11510,4
2019-12-02,16:21:03,11511,11511,11511,2
2019-12-02,16:21:03,11510,11510,11510,2
2019-12-02,16:21:19,11510,11510,11510,20
2019-12-02,16:21:20,11510,11510,11510,2
2019-12-02,16:21:24,11511,11511,11511,2
2019-12-02,16:21:26,11510,11510,11510,2
2019-12-02,16:21:26,11510,11510,11510,2
2019-12-02,16:21:41,11510,11510,11510,2
2019-12-02,16:21:57,11509,11509,11509,4
2019-12-02,16:21:57,11509,11509,11509,2
2019-12-02,16:21:57,11509,11509,11509,4
2019-12-02,16:21:57,11509,11509,11509,2
2019-12-02,16:21:57,11509,11509,11509,2
2019-12-02,16:21:57,11509,11509,11509,4
2019-12-02,16:21:57,11509,11509,11509,8
2019-12-02,16:22:10,11509,11509,11509,2
2019-12-02,16:22:10,11509,11509,11509,6
2019-12-02,16:22:10,11509,11509,11509,4
2019-12-02,16:22:10,11509,11509,11509,2
2019-12-02,16:22:10,11509,11509,11509,6
2019-12-02,16:22:11,11509,11509,11509,22
2019-12-02,16:22:16,11510,11510,11510,2
2019-12-02,16:22:31,11509,11509,11509,2
2019-12-02,16:23:22,11509,11509,11509,4
2019-12-02,16:24:07,11509,11509,11509,12
2019-12-02,16:24:32,11510,11510,11510,20
2019-12-02,16:24:33,11511,11511,11511,2
2019-12-02,16:24:33,11511,11511,11511,4
2019-12-02,16:24:33,11511,11511,11511,2
2019-12-02,16:24:33,11511,11511,11511,2
2019-12-02,16:24:33,11511,11511,11511,4
2019-12-02,16:24:33,11511,11511,11511,2
2019-12-02,16:24:33,11511,11511,11511,2
2019-12-02,16:24:33,11511,11511,11511,4
2019-12-02,16:24:33,11511,11511,11511,4
2019-12-02,16:24:33,11511,11511,11511,52
2019-12-02,16:24:33,11512,11512,11512,2
2019-12-02,16:24:33,11512,11512,11512,4
2019-12-02,16:24:35,11512,11512,11512,40
2019-12-02,16:24:37,11512,11512,11512,28
2019-12-02,16:24:40,11512,11512,11512,2
2019-12-02,16:24:43,11513,11513,11513,2
2019-12-02,16:24:47,11513,11513,11513,4
2019-12-02,16:24:47,11513,11513,11513,4
2019-12-02,16:24:47,11513,11513,11513,6
2019-12-02,16:24:47,11513,11513,11513,24
2019-12-02,16:24:47,11513,11513,11513,6
2019-12-02,16:24:47,11513,11513,11513,6
2019-12-02,16:24:47,11513,11513,11513,6
2019-12-02,16:24:47,11513,11513,11513,2
2019-12-02,16:24:47,11513,11513,11513,6
2019-12-02,16:24:47,11513,11513,11513,4
2019-12-02,16:24:47,11513,11513,11513,6
2019-12-02,16:24:47,11513,11513,11513,6
2019-12-02,16:24:47,11513,11513,11513,14
2019-12-02,16:24:47,11513,11513,11513,2
2019-12-02,16:24:47,11513,11513,11513,30
2019-12-02,16:24:47,11514,11514,11514,30
2019-12-02,16:24:47,11514,11514,11514,18
2019-12-02,16:24:47,11514,11514,11514,6
2019-12-02,16:24:47,11514,11514,11514,6
2019-12-02,16:24:47,11514,11514,11514,22
2019-12-02,16:24:47,11514,11514,11514,10
2019-12-02,16:24:47,11515,11515,11515,4
2019-12-02,16:24:47,11515,11515,11515,20
2019-12-02,16:24:47,11515,11515,11515,20
2019-12-02,16:24:47,11515,11515,11515,8
2019-12-02,16:24:47,11515,11515,11515,8
2019-12-02,16:24:47,11515,11515,11515,8
2019-12-02,16:24:47,11515,11515,11515,2
2019-12-02,16:24:47,11515,11515,11515,2
2019-12-02,16:24:47,11515,11515,11515,10
2019-12-02,16:24:47,11515,11515,11515,2
2019-12-02,16:24:47,11515,11515,11515,2
2019-12-02,16:24:47,11515,11515,11515,122
2019-12-02,16:24:47,11516,11516,11516,2
2019-12-02,16:24:47,11516,11516,11516,2
2019-12-02,16:24:47,11516,11516,11516,2
2019-12-02,16:24:47,11515,11515,11515,2
2019-12-02,16:24:47,11515,11515,11515,2
2019-12-02,16:24:47,11516,11516,11516,2
2019-12-02,16:24:47,11516,11516,11516,2
2019-12-02,16:24:47,11516,11516,11516,2
2019-12-02,16:24:47,11516,11516,11516,4
2019-12-02,16:24:47,11516,11516,11516,2
2019-12-02,16:24:47,11516,11516,11516,4
2019-12-02,16:24:47,11516,11516,11516,4
2019-12-02,16:24:48,11516,11516,11516,2
2019-12-02,16:24:48,11516,11516,11516,4
2019-12-02,16:24:48,11516,11516,11516,6
2019-12-02,16:24:48,11516,11516,11516,2
2019-12-02,16:24:48,11516,11516,11516,2
2019-12-02,16:24:48,11516,11516,11516,2
2019-12-02,16:24:48,11516,11516,11516,2
2019-12-02,16:24:49,11516,11516,11516,6
2019-12-02,16:24:49,11516,11516,11516,28
2019-12-02,16:24:49,11516,11516,11516,6
2019-12-02,16:24:49,11516,11516,11516,4
2019-12-02,16:24:49,11516,11516,11516,12
2019-12-02,16:24:49,11516,11516,11516,4
2019-12-02,16:24:49,11517,11517,11517,2
2019-12-02,16:24:49,11517,11517,11517,8
2019-12-02,16:24:49,11517,11517,11517,14
2019-12-02,16:24:49,11517,11517,11517,26
2019-12-02,16:24:49,11517,11517,11517,8
2019-12-02,16:24:49,11517,11517,11517,4
2019-12-02,16:24:49,11517,11517,11517,4
2019-12-02,16:24:49,11517,11517,11517,6
2019-12-02,16:24:49,11517,11517,11517,2
2019-12-02,16:24:49,11518,11518,11518,8
2019-12-02,16:24:49,11518,11518,11518,2
2019-12-02,16:24:50,11518,11518,11518,10
2019-12-02,16:24:50,11518,11518,11518,2
2019-12-02,16:24:50,11518,11518,11518,2
2019-12-02,16:24:50,11518,11518,11518,2
2019-12-02,16:24:50,11517,11517,11517,2
2019-12-02,16:24:50,11517,11517,11517,2
2019-12-02,16:24:50,11518,11518,11518,2
2019-12-02,16:24:50,11517,11517,11517,6
2019-12-02,16:24:50,11517,11517,11517,4
2019-12-02,16:24:50,11517,11517,11517,4
2019-12-02,16:24:50,11518,11518,11518,2
2019-12-02,16:24:50,11517,11517,11517,2
2019-12-02,16:24:54,11517,11517,11517,10
2019-12-02,16:24:54,11518,11518,11518,4
2019-12-02,16:24:55,11518,11518,11518,4
2019-12-02,16:24:55,11518,11518,11518,2
2019-12-02,16:24:55,11518,11518,11518,2
2019-12-02,16:24:55,11518,11518,11518,68
2019-12-02,16:24:55,11519,11519,11519,2
2019-12-02,16:24:55,11519,11519,11519,2
2019-12-02,16:24:55,11519,11519,11519,2
2019-12-02,16:24:55,11519,11519,11519,12
2019-12-02,16:24:56,11519,11519,11519,2
2019-12-02,16:24:56,11518,11518,11518,2
2019-12-02,16:24:56,11518,11518,11518,2
2019-12-02,16:24:56,11518,11518,11518,4
2019-12-02,16:24:56,11518,11518,11518,4
2019-12-02,16:24:56,11518,11518,11518,2
2019-12-02,16:24:56,11518,11518,11518,2
2019-12-02,16:24:58,11518,11518,11518,6
2019-12-02,16:24:58,11518,11518,11518,4
2019-12-02,16:24:58,11518,11518,11518,2
2019-12-02,16:24:59,11517,11517,11517,2
2019-12-02,16:24:59,11517,11517,11517,2
2019-12-02,16:24:59,11517,11517,11517,6
2019-12-02,16:25:01,11517,11517,11517,2
2019-12-02,16:25:02,11517,11517,11517,2
2019-12-02,16:25:02,11517,11517,11517,2
2019-12-02,16:25:02,11517,11517,11517,2
2019-12-02,16:25:03,11517,11517,11517,2
2019-12-02,16:25:03,11517,11517,11517,8
2019-12-02,16:25:03,11517,11517,11517,2
2019-12-02,16:25:03,11517,11517,11517,2
2019-12-02,16:25:04,11517,11517,11517,2
2019-12-02,16:25:05,11516,11516,11516,2
2019-12-02,16:25:10,11516,11516,11516,2
2019-12-02,16:25:13,11517,11517,11517,6
2019-12-02,16:25:16,11516,11516,11516,2
2019-12-02,16:25:18,11516,11516,11516,2
2019-12-02,16:25:18,11516,11516,11516,2
2019-12-02,16:25:18,11516,11516,11516,2
2019-12-02,16:25:18,11516,11516,11516,4
2019-12-02,16:25:18,11516,11516,11516,2
2019-12-02,16:25:18,11516,11516,11516,2
2019-12-02,16:25:18,11516,11516,11516,4
2019-12-02,16:25:20,11516,11516,11516,4
2019-12-02,16:25:22,11516,11516,11516,4
2019-12-02,16:25:25,11516,11516,11516,2
2019-12-02,16:25:26,11516,11516,11516,2
2019-12-02,16:25:27,11516,11516,11516,2
2019-12-02,16:25:29,11515,11515,11515,2
2019-12-02,16:25:31,11516,11516,11516,2
2019-12-02,16:25:34,11515,11515,11515,2
2019-12-02,16:25:36,11515,11515,11515,2
2019-12-02,16:25:36,11515,11515,11515,8
2019-12-02,16:25:36,11515,11515,11515,2
2019-12-02,16:25:37,11515,11515,11515,2
2019-12-02,16:25:37,11515,11515,11515,2
2019-12-02,16:25:37,11515,11515,11515,2
2019-12-02,16:25:37,11515,11515,11515,2
2019-12-02,16:25:37,11515,11515,11515,16
2019-12-02,16:25:38,11515,11515,11515,2
2019-12-02,16:25:38,11515,11515,11515,2
2019-12-02,16:25:39,11515,11515,11515,4
2019-12-02,16:25:39,11515,11515,11515,6
2019-12-02,16:25:40,11515,11515,11515,2
2019-12-02,16:25:40,11515,11515,11515,2
2019-12-02,16:25:43,11515,11515,11515,2
2019-12-02,16:25:44,11515,11515,11515,6
2019-12-02,16:25:45,11515,11515,11515,4
2019-12-02,16:25:47,11515,11515,11515,2
2019-12-02,16:25:51,11515,11515,11515,6
2019-12-02,16:25:51,11514,11514,11514,2
2019-12-02,16:25:56,11515,11515,11515,2
2019-12-02,16:26:03,11515,11515,11515,4
2019-12-02,16:26:04,11514,11514,11514,2
2019-12-02,16:26:06,11515,11515,11515,2
2019-12-02,16:26:06,11515,11515,11515,2
2019-12-02,16:26:07,11515,11515,11515,4
2019-12-02,16:26:08,11515,11515,11515,2
2019-12-02,16:26:11,11515,11515,11515,6
2019-12-02,16:26:12,11515,11515,11515,4
2019-12-02,16:26:12,11515,11515,11515,4
2019-12-02,16:26:24,11516,11516,11516,2
2019-12-02,16:26:24,11515,11515,11515,2
2019-12-02,16:26:27,11515,11515,11515,2
2019-12-02,16:26:27,11515,11515,11515,2
2019-12-02,16:26:27,11515,11515,11515,2
2019-12-02,16:26:27,11515,11515,11515,2
2019-12-02,16:26:27,11515,11515,11515,2
2019-12-02,16:26:31,11516,11516,11516,2
2019-12-02,16:26:31,11515,11515,11515,2
2019-12-02,16:26:31,11515,11515,11515,4
2019-12-02,16:26:31,11515,11515,11515,2
2019-12-02,16:26:31,11515,11515,11515,2
2019-12-02,16:26:34,11515,11515,11515,2
2019-12-02,16:26:36,11515,11515,11515,2
2019-12-02,16:26:39,11515,11515,11515,2
2019-12-02,16:26:44,11515,11515,11515,6
2019-12-02,16:26:44,11515,11515,11515,2
2019-12-02,16:26:45,11515,11515,11515,2
2019-12-02,16:26:53,11514,11514,11514,2
2019-12-02,16:26:56,11515,11515,11515,2
2019-12-02,16:26:57,11515,11515,11515,2
2019-12-02,16:27:04,11515,11515,11515,2
2019-12-02,16:27:12,11515,11515,11515,2
2019-12-02,16:27:15,11515,11515,11515,2
2019-12-02,16:27:29,11515,11515,11515,12
2019-12-02,16:27:29,11515,11515,11515,10
2019-12-02,16:27:31,11515,11515,11515,2
2019-12-02,16:27:38,11515,11515,11515,2
2019-12-02,16:27:41,11515,11515,11515,2
2019-12-02,16:27:47,11515,11515,11515,18
2019-12-02,16:27:59,11515,11515,11515,2
2019-12-02,16:28:02,11515,11515,11515,2
2019-12-02,16:28:03,11515,11515,11515,2
2019-12-02,16:28:05,11516,11516,11516,6
2019-12-02,16:28:18,11516,11516,11516,2
2019-12-02,16:28:27,11516,11516,11516,2
2019-12-02,16:28:32,11516,11516,11516,2
2019-12-02,16:28:32,11515,11515,11515,2
2019-12-02,16:28:32,11515,11515,11515,2
2019-12-02,16:28:34,11515,11515,11515,2
2019-12-02,16:28:36,11515,11515,11515,2
2019-12-02,16:28:40,11516,11516,11516,4
2019-12-02,16:28:41,11516,11516,11516,4
2019-12-02,16:28:46,11516,11516,11516,4
2019-12-02,16:28:47,11515,11515,11515,2
2019-12-02,16:28:48,11516,11516,11516,2
2019-12-02,16:28:55,11516,11516,11516,4
2019-12-02,16:28:58,11516,11516,11516,2
2019-12-02,16:29:03,11516,11516,11516,28
2019-12-02,16:29:13,11516,11516,11516,2
2019-12-02,16:29:14,11516,11516,11516,2
2019-12-02,16:29:23,11516,11516,11516,2
2019-12-02,16:29:25,11516,11516,11516,2
2019-12-02,16:29:32,11515,11515,11515,4
2019-12-02,16:29:34,11515,11515,11515,2
2019-12-02,16:29:45,11516,11516,11516,6
2019-12-02,16:29:49,11515,11515,11515,2
2019-12-02,16:29:50,11516,11516,11516,6
2019-12-02,16:29:56,11516,11516,11516,2
2019-12-02,16:29:57,11515,11515,11515,2
2019-12-02,16:30:00,11516,11516,11516,2
2019-12-02,16:30:00,11516,11516,11516,2
2019-12-02,16:30:00,11516,11516,11516,2
2019-12-02,16:30:00,11516,11516,11516,2
2019-12-02,16:30:01,11516,11516,11516,2
2019-12-02,16:30:02,11515,11515,11515,2
2019-12-02,16:30:02,11515,11515,11515,2
2019-12-02,16:30:13,11515,11515,11515,2
2019-12-02,16:30:28,11515,11515,11515,2
2019-12-02,16:30:45,11515,11515,11515,4
2019-12-02,16:30:47,11515,11515,11515,2
2019-12-02,16:30:47,11515,11515,11515,2
2019-12-02,16:30:57,11515,11515,11515,2
2019-12-02,16:30:57,11515,11515,11515,2
2019-12-02,16:30:57,11515,11515,11515,2
2019-12-02,16:30:57,11515,11515,11515,2
2019-12-02,16:30:57,11515,11515,11515,2
2019-12-02,16:30:57,11515,11515,11515,2
2019-12-02,16:30:57,11515,11515,11515,2
2019-12-02,16:30:57,11515,11515,11515,2
2019-12-02,16:30:57,11516,11516,11516,6
2019-12-02,16:31:03,11515,11515,11515,2
2019-12-02,16:31:07,11515,11515,11515,2
2019-12-02,16:31:10,11515,11515,11515,2
2019-12-02,16:31:16,11516,11516,11516,2
2019-12-02,16:31:32,11515,11515,11515,4
2019-12-02,16:31:35,11515,11515,11515,2
2019-12-02,16:31:35,11515,11515,11515,2
2019-12-02,16:31:38,11515,11515,11515,4
2019-12-02,16:31:43,11515,11515,11515,2
2019-12-02,16:31:50,11515,11515,11515,2
2019-12-02,16:31:53,11515,11515,11515,4
2019-12-02,16:32:01,11515,11515,11515,4
2019-12-02,16:32:02,11515,11515,11515,2
2019-12-02,16:32:02,11515,11515,11515,10
2019-12-02,16:32:02,11515,11515,11515,2
2019-12-02,16:32:04,11515,11515,11515,2
2019-12-02,16:32:04,11515,11515,11515,4
2019-12-02,16:32:05,11515,11515,11515,2
2019-12-02,16:32:07,11515,11515,11515,2
2019-12-02,16:32:08,11515,11515,11515,2
2019-12-02,16:32:33,11515,11515,11515,4
2019-12-02,16:32:33,11515,11515,11515,2
2019-12-02,16:32:36,11515,11515,11515,4
2019-12-02,16:33:03,11516,11516,11516,2
2019-12-02,16:33:05,11515,11515,11515,2
2019-12-02,16:33:05,11515,11515,11515,4
2019-12-02,16:33:05,11515,11515,11515,6
2019-12-02,16:33:30,11515,11515,11515,4
2019-12-02,16:33:30,11515,11515,11515,4
2019-12-02,16:33:30,11515,11515,11515,2
2019-12-02,16:33:42,11515,11515,11515,2
2019-12-02,16:33:55,11515,11515,11515,2
2019-12-02,16:34:23,11515,11515,11515,2
2019-12-02,16:34:23,11515,11515,11515,2
2019-12-02,16:34:23,11515,11515,11515,2
2019-12-02,16:34:23,11515,11515,11515,2
2019-12-02,16:34:23,11515,11515,11515,4
2019-12-02,16:34:34,11515,11515,11515,8
2019-12-02,16:34:40,11515,11515,11515,2
2019-12-02,16:34:53,11516,11516,11516,58
2019-12-02,16:35:03,11517,11517,11517,32
2019-12-02,16:35:03,11517,11517,11517,2
2019-12-02,16:35:19,11517,11517,11517,2
2019-12-02,16:35:19,11517,11517,11517,2
2019-12-02,16:35:19,11517,11517,11517,4
2019-12-02,16:35:19,11517,11517,11517,2
2019-12-02,16:35:19,11517,11517,11517,2
2019-12-02,16:35:19,11517,11517,11517,2
2019-12-02,16:35:19,11517,11517,11517,2
2019-12-02,16:35:19,11517,11517,11517,2
2019-12-02,16:35:19,11517,11517,11517,2
2019-12-02,16:35:20,11517,11517,11517,2
2019-12-02,16:35:34,11518,11518,11518,20
2019-12-02,16:35:35,11518,11518,11518,2
2019-12-02,16:35:36,11518,11518,11518,2
2019-12-02,16:35:37,11518,11518,11518,2
2019-12-02,16:35:37,11518,11518,11518,18
2019-12-02,16:35:38,11518,11518,11518,4
2019-12-02,16:35:41,11518,11518,11518,2
2019-12-02,16:35:41,11518,11518,11518,2
2019-12-02,16:35:49,11518,11518,11518,16
2019-12-02,16:35:50,11518,11518,11518,2
2019-12-02,16:35:53,11518,11518,11518,2
2019-12-02,16:35:54,11519,11519,11519,2
2019-12-02,16:35:54,11519,11519,11519,2
2019-12-02,16:35:55,11519,11519,11519,2
2019-12-02,16:35:55,11519,11519,11519,2
2019-12-02,16:35:57,11519,11519,11519,16
2019-12-02,16:35:59,11519,11519,11519,2
2019-12-02,16:36:00,11519,11519,11519,14
2019-12-02,16:36:09,11519,11519,11519,2
2019-12-02,16:36:09,11519,11519,11519,2
2019-12-02,16:36:10,11519,11519,11519,2
2019-12-02,16:36:13,11519,11519,11519,26
2019-12-02,16:36:17,11519,11519,11519,2
2019-12-02,16:36:17,11520,11520,11520,2
2019-12-02,16:36:17,11520,11520,11520,2
2019-12-02,16:36:17,11520,11520,11520,4
2019-12-02,16:36:17,11520,11520,11520,4
2019-12-02,16:36:17,11520,11520,11520,2
2019-12-02,16:36:17,11520,11520,11520,2
2019-12-02,16:36:17,11520,11520,11520,20
2019-12-02,16:36:17,11520,11520,11520,2
2019-12-02,16:36:17,11520,11520,11520,8
2019-12-02,16:36:18,11520,11520,11520,2
2019-12-02,16:36:18,11520,11520,11520,2
2019-12-02,16:36:18,11520,11520,11520,10
2019-12-02,16:36:18,11520,11520,11520,2
2019-12-02,16:36:18,11520,11520,11520,4
2019-12-02,16:36:18,11520,11520,11520,4
2019-12-02,16:36:19,11520,11520,11520,2
2019-12-02,16:36:19,11520,11520,11520,2
2019-12-02,16:36:20,11520,11520,11520,6
2019-12-02,16:36:20,11520,11520,11520,6
2019-12-02,16:36:20,11521,11521,11521,6
2019-12-02,16:36:20,11521,11521,11521,2
2019-12-02,16:36:21,11521,11521,11521,4
2019-12-02,16:36:21,11521,11521,11521,2
2019-12-02,16:36:23,11521,11521,11521,8
2019-12-02,16:36:25,11521,11521,11521,2
2019-12-02,16:36:26,11521,11521,11521,2
2019-12-02,16:36:26,11521,11521,11521,2
2019-12-02,16:36:27,11521,11521,11521,20
2019-12-02,16:36:28,11521,11521,11521,2
2019-12-02,16:36:28,11521,11521,11521,6
2019-12-02,16:36:30,11521,11521,11521,2
2019-12-02,16:36:31,11521,11521,11521,2
2019-12-02,16:36:31,11522,11522,11522,2
2019-12-02,16:36:31,11522,11522,11522,2
2019-12-02,16:36:31,11522,11522,11522,8
2019-12-02,16:36:31,11522,11522,11522,8
2019-12-02,16:36:31,11522,11522,11522,8
2019-12-02,16:36:31,11522,11522,11522,8
2019-12-02,16:36:31,11522,11522,11522,8
2019-12-02,16:36:31,11522,11522,11522,8
2019-12-02,16:36:31,11522,11522,11522,8
2019-12-02,16:36:31,11522,11522,11522,8
2019-12-02,16:36:31,11522,11522,11522,8
2019-12-02,16:36:31,11522,11522,11522,6
2019-12-02,16:36:31,11523,11523,11523,2
2019-12-02,16:36:31,11522,11522,11522,8
2019-12-02,16:36:31,11522,11522,11522,8
2019-12-02,16:36:31,11522,11522,11522,2
2019-12-02,16:36:31,11522,11522,11522,8
2019-12-02,16:36:32,11522,11522,11522,6
2019-12-02,16:36:32,11523,11523,11523,14
2019-12-02,16:36:32,11522,11522,11522,8
2019-12-02,16:36:32,11522,11522,11522,8
2019-12-02,16:36:32,11523,11523,11523,12
2019-12-02,16:36:32,11522,11522,11522,2
2019-12-02,16:36:32,11522,11522,11522,4
2019-12-02,16:36:32,11523,11523,11523,8
2019-12-02,16:36:32,11523,11523,11523,8
2019-12-02,16:36:32,11523,11523,11523,6
2019-12-02,16:36:32,11523,11523,11523,8
2019-12-02,16:36:32,11523,11523,11523,8
2019-12-02,16:36:32,11523,11523,11523,10
2019-12-02,16:36:32,11523,11523,11523,10
2019-12-02,16:36:32,11523,11523,11523,2
2019-12-02,16:36:32,11523,11523,11523,10
2019-12-02,16:36:32,11524,11524,11524,6
2019-12-02,16:36:32,11524,11524,11524,2
2019-12-02,16:36:32,11524,11524,11524,10
2019-12-02,16:36:33,11522,11522,11522,2
2019-12-02,16:36:34,11522,11522,11522,4
2019-12-02,16:36:34,11523,11523,11523,2
2019-12-02,16:36:35,11523,11523,11523,2
2019-12-02,16:36:40,11522,11522,11522,2
2019-12-02,16:36:41,11523,11523,11523,6
2019-12-02,16:36:41,11522,11522,11522,4
2019-12-02,16:36:43,11522,11522,11522,14
2019-12-02,16:36:43,11522,11522,11522,2
2019-12-02,16:36:43,11521,11521,11521,2
2019-12-02,16:36:45,11521,11521,11521,2
2019-12-02,16:36:48,11521,11521,11521,2
2019-12-02,16:36:49,11521,11521,11521,2
2019-12-02,16:36:55,11522,11522,11522,2
2019-12-02,16:36:57,11521,11521,11521,4
2019-12-02,16:37:03,11520,11520,11520,2
2019-12-02,16:37:10,11520,11520,11520,2
2019-12-02,16:37:11,11521,11521,11521,2
2019-12-02,16:37:21,11521,11521,11521,2
2019-12-02,16:37:21,11521,11521,11521,2
2019-12-02,16:37:27,11521,11521,11521,2
2019-12-02,16:37:27,11521,11521,11521,2
2019-12-02,16:37:28,11521,11521,11521,4
2019-12-02,16:37:29,11521,11521,11521,2
2019-12-02,16:37:30,11521,11521,11521,2
2019-12-02,16:37:31,11521,11521,11521,8
2019-12-02,16:37:31,11521,11521,11521,2
2019-12-02,16:37:31,11521,11521,11521,2
2019-12-02,16:37:33,11521,11521,11521,2
2019-12-02,16:37:36,11522,11522,11522,24
2019-12-02,16:37:37,11521,11521,11521,2
2019-12-02,16:37:37,11521,11521,11521,2
2019-12-02,16:37:37,11521,11521,11521,2
2019-12-02,16:37:39,11522,11522,11522,2
2019-12-02,16:37:39,11522,11522,11522,34
2019-12-02,16:37:41,11522,11522,11522,2
2019-12-02,16:37:42,11522,11522,11522,4
2019-12-02,16:37:44,11522,11522,11522,2
2019-12-02,16:37:55,11523,11523,11523,2
2019-12-02,16:37:55,11523,11523,11523,2
2019-12-02,16:37:57,11523,11523,11523,4
2019-12-02,16:37:58,11522,11522,11522,2
2019-12-02,16:37:58,11523,11523,11523,2
2019-12-02,16:37:59,11523,11523,11523,2
2019-12-02,16:38:00,11523,11523,11523,12
2019-12-02,16:38:01,11523,11523,11523,2
2019-12-02,16:38:03,11523,11523,11523,2
2019-12-02,16:38:04,11523,11523,11523,32
2019-12-02,16:38:05,11523,11523,11523,4
2019-12-02,16:38:05,11523,11523,11523,6
2019-12-02,16:38:06,11523,11523,11523,2
2019-12-02,16:38:07,11524,11524,11524,2
2019-12-02,16:38:07,11523,11523,11523,2
2019-12-02,16:38:07,11523,11523,11523,2
2019-12-02,16:38:08,11523,11523,11523,2
2019-12-02,16:38:09,11524,11524,11524,2
2019-12-02,16:38:10,11524,11524,11524,2
2019-12-02,16:38:15,11524,11524,11524,2
2019-12-02,16:38:15,11524,11524,11524,52
2019-12-02,16:38:15,11524,11524,11524,20
2019-12-02,16:38:16,11524,11524,11524,2
2019-12-02,16:38:17,11524,11524,11524,2
2019-12-02,16:38:17,11524,11524,11524,4
2019-12-02,16:38:19,11525,11525,11525,2
2019-12-02,16:38:19,11525,11525,11525,2
2019-12-02,16:38:19,11524,11524,11524,2
2019-12-02,16:38:19,11524,11524,11524,2
2019-12-02,16:38:20,11525,11525,11525,2
2019-12-02,16:38:22,11524,11524,11524,4
2019-12-02,16:38:23,11524,11524,11524,2
2019-12-02,16:38:25,11525,11525,11525,2
2019-12-02,16:38:26,11525,11525,11525,2
2019-12-02,16:38:26,11524,11524,11524,2
2019-12-02,16:38:26,11524,11524,11524,2
2019-12-02,16:38:30,11524,11524,11524,2
2019-12-02,16:38:30,11524,11524,11524,4
2019-12-02,16:38:30,11524,11524,11524,6
2019-12-02,16:38:30,11524,11524,11524,2
2019-12-02,16:38:30,11524,11524,11524,2
2019-12-02,16:38:30,11524,11524,11524,2
2019-12-02,16:38:31,11525,11525,11525,4
2019-12-02,16:38:31,11523,11523,11523,4
2019-12-02,16:38:32,11524,11524,11524,2
2019-12-02,16:38:35,11524,11524,11524,2
2019-12-02,16:38:35,11523,11523,11523,2
2019-12-02,16:38:45,11524,11524,11524,10
2019-12-02,16:38:49,11524,11524,11524,10
2019-12-02,16:38:50,11524,11524,11524,18
2019-12-02,16:38:51,11524,11524,11524,4
2019-12-02,16:38:58,11525,11525,11525,2
2019-12-02,16:38:59,11524,11524,11524,2
2019-12-02,16:38:59,11525,11525,11525,2
2019-12-02,16:39:02,11525,11525,11525,4
2019-12-02,16:39:02,11525,11525,11525,2
2019-12-02,16:39:03,11525,11525,11525,2
2019-12-02,16:39:03,11525,11525,11525,2
2019-12-02,16:39:03,11525,11525,11525,50
2019-12-02,16:39:03,11525,11525,11525,6
2019-12-02,16:39:03,11525,11525,11525,2
2019-12-02,16:39:03,11525,11525,11525,2
2019-12-02,16:39:03,11525,11525,11525,2
2019-12-02,16:39:03,11525,11525,11525,2
2019-12-02,16:39:03,11525,11525,11525,2
2019-12-02,16:39:03,11525,11525,11525,2
2019-12-02,16:39:03,11525,11525,11525,2
2019-12-02,16:39:03,11525,11525,11525,2
2019-12-02,16:39:03,11525,11525,11525,2
2019-12-02,16:39:03,11525,11525,11525,12
2019-12-02,16:39:03,11525,11525,11525,6
2019-12-02,16:39:03,11525,11525,11525,4
2019-12-02,16:39:03,11525,11525,11525,4
2019-12-02,16:39:03,11525,11525,11525,10
2019-12-02,16:39:04,11525,11525,11525,2
2019-12-02,16:39:04,11525,11525,11525,2
2019-12-02,16:39:04,11525,11525,11525,2
2019-12-02,16:39:04,11525,11525,11525,2
2019-12-02,16:39:08,11525,11525,11525,2
2019-12-02,16:39:11,11526,11526,11526,2
2019-12-02,16:39:11,11525,11525,11525,2
2019-12-02,16:39:11,11525,11525,11525,2
2019-12-02,16:39:11,11526,11526,11526,2
2019-12-02,16:39:11,11526,11526,11526,2
2019-12-02,16:39:15,11525,11525,11525,2
2019-12-02,16:39:16,11526,11526,11526,2
2019-12-02,16:39:18,11526,11526,11526,2
2019-12-02,16:39:19,11526,11526,11526,6
2019-12-02,16:39:20,11525,11525,11525,4
2019-12-02,16:39:21,11526,11526,11526,4
2019-12-02,16:39:22,11526,11526,11526,6
2019-12-02,16:39:24,11526,11526,11526,4
2019-12-02,16:39:29,11526,11526,11526,2
2019-12-02,16:39:33,11526,11526,11526,24
2019-12-02,16:39:33,11526,11526,11526,4
2019-12-02,16:39:33,11526,11526,11526,2
2019-12-02,16:39:33,11525,11525,11525,2
2019-12-02,16:39:34,11525,11525,11525,2
2019-12-02,16:39:36,11525,11525,11525,2
2019-12-02,16:39:36,11526,11526,11526,2
2019-12-02,16:39:37,11525,11525,11525,2
2019-12-02,16:39:46,11526,11526,11526,40
2019-12-02,16:39:47,11525,11525,11525,2
2019-12-02,16:39:47,11526,11526,11526,2
2019-12-02,16:39:49,11526,11526,11526,2
2019-12-02,16:39:50,11525,11525,11525,2
2019-12-02,16:39:50,11526,11526,11526,2
2019-12-02,16:39:52,11526,11526,11526,6
2019-12-02,16:39:55,11525,11525,11525,80
2019-12-02,16:39:55,11525,11525,11525,2
2019-12-02,16:39:55,11525,11525,11525,2
2019-12-02,16:39:55,11525,11525,11525,6
2019-12-02,16:39:55,11525,11525,11525,2
2019-12-02,16:39:55,11525,11525,11525,2
2019-12-02,16:39:55,11525,11525,11525,12
2019-12-02,16:39:55,11525,11525,11525,4
2019-12-02,16:39:55,11525,11525,11525,2
2019-12-02,16:40:06,11524,11524,11524,36
2019-12-02,16:40:06,11524,11524,11524,4
2019-12-02,16:40:06,11524,11524,11524,10
2019-12-02,16:40:06,11524,11524,11524,4
2019-12-02,16:40:06,11524,11524,11524,2
2019-12-02,16:40:06,11524,11524,11524,6
2019-12-02,16:40:06,11524,11524,11524,14
2019-12-02,16:40:06,11524,11524,11524,18
2019-12-02,16:40:06,11524,11524,11524,6
2019-12-02,16:40:06,11524,11524,11524,2
2019-12-02,16:40:06,11524,11524,11524,2
2019-12-02,16:40:06,11524,11524,11524,2
2019-12-02,16:40:06,11524,11524,11524,4
2019-12-02,16:40:06,11524,11524,11524,4
2019-12-02,16:40:07,11524,11524,11524,2
2019-12-02,16:40:07,11524,11524,11524,2
2019-12-02,16:40:07,11524,11524,11524,2
2019-12-02,16:40:07,11524,11524,11524,2
2019-12-02,16:40:08,11524,11524,11524,2
2019-12-02,16:40:09,11523,11523,11523,2
2019-12-02,16:40:10,11524,11524,11524,2
2019-12-02,16:40:12,11523,11523,11523,2
2019-12-02,16:40:13,11523,11523,11523,2
2019-12-02,16:40:16,11523,11523,11523,4
2019-12-02,16:40:16,11523,11523,11523,2
2019-12-02,16:40:17,11524,11524,11524,2
2019-12-02,16:40:19,11523,11523,11523,4
2019-12-02,16:40:23,11524,11524,11524,2
2019-12-02,16:40:32,11524,11524,11524,6
2019-12-02,16:40:35,11524,11524,11524,4
2019-12-02,16:40:48,11524,11524,11524,2
2019-12-02,16:40:49,11525,11525,11525,2
2019-12-02,16:40:50,11525,11525,11525,10
2019-12-02,16:40:52,11524,11524,11524,4
2019-12-02,16:40:55,11524,11524,11524,2
2019-12-02,16:40:59,11525,11525,11525,10
2019-12-02,16:40:59,11525,11525,11525,8
2019-12-02,16:41:01,11525,11525,11525,4
2019-12-02,16:41:01,11526,11526,11526,4
2019-12-02,16:41:02,11525,11525,11525,2
2019-12-02,16:41:05,11525,11525,11525,6
2019-12-02,16:41:08,11526,11526,11526,2
2019-12-02,16:41:09,11526,11526,11526,2
2019-12-02,16:41:10,11526,11526,11526,10
2019-12-02,16:41:11,11525,11525,11525,4
2019-12-02,16:41:11,11525,11525,11525,2
2019-12-02,16:41:12,11526,11526,11526,10
2019-12-02,16:41:13,11526,11526,11526,10
2019-12-02,16:41:18,11525,11525,11525,2
2019-12-02,16:41:18,11526,11526,11526,8
2019-12-02,16:41:20,11526,11526,11526,2
2019-12-02,16:41:27,11526,11526,11526,8
2019-12-02,16:41:28,11526,11526,11526,2
2019-12-02,16:41:31,11525,11525,11525,2
2019-12-02,16:41:33,11525,11525,11525,2
2019-12-02,16:41:33,11525,11525,11525,2
2019-12-02,16:41:35,11525,11525,11525,2
2019-12-02,16:41:38,11525,11525,11525,2
2019-12-02,16:41:38,11526,11526,11526,2
2019-12-02,16:41:38,11526,11526,11526,2
2019-12-02,16:41:38,11526,11526,11526,4
2019-12-02,16:41:38,11526,11526,11526,2
2019-12-02,16:41:38,11526,11526,11526,2
2019-12-02,16:41:38,11526,11526,11526,4
2019-12-02,16:41:38,11526,11526,11526,6
2019-12-02,16:41:38,11526,11526,11526,2
2019-12-02,16:41:38,11526,11526,11526,2
2019-12-02,16:41:38,11526,11526,11526,2
2019-12-02,16:41:38,11526,11526,11526,2
2019-12-02,16:41:38,11526,11526,11526,2
2019-12-02,16:41:38,11526,11526,11526,2
2019-12-02,16:41:38,11526,11526,11526,2
2019-12-02,16:41:38,11526,11526,11526,4
2019-12-02,16:41:38,11526,11526,11526,2
2019-12-02,16:41:38,11526,11526,11526,2
2019-12-02,16:41:38,11526,11526,11526,2
2019-12-02,16:41:38,11526,11526,11526,2
2019-12-02,16:41:38,11526,11526,11526,2
2019-12-02,16:41:38,11526,11526,11526,2
2019-12-02,16:41:38,11526,11526,11526,2
2019-12-02,16:41:38,11526,11526,11526,8
2019-12-02,16:41:38,11526,11526,11526,2
2019-12-02,16:41:38,11526,11526,11526,10
2019-12-02,16:41:38,11526,11526,11526,10
2019-12-02,16:41:38,11526,11526,11526,10
2019-12-02,16:41:38,11526,11526,11526,2
2019-12-02,16:41:38,11526,11526,11526,2
2019-12-02,16:41:38,11526,11526,11526,2
2019-12-02,16:41:38,11526,11526,11526,6
2019-12-02,16:41:39,11526,11526,11526,10
2019-12-02,16:41:39,11526,11526,11526,10
2019-12-02,16:41:39,11527,11527,11527,8
2019-12-02,16:41:39,11527,11527,11527,4
2019-12-02,16:41:39,11527,11527,11527,6
2019-12-02,16:41:39,11527,11527,11527,2
2019-12-02,16:41:39,11527,11527,11527,2
2019-12-02,16:41:39,11527,11527,11527,2
2019-12-02,16:41:40,11526,11526,11526,2
2019-12-02,16:41:40,11527,11527,11527,18
2019-12-02,16:41:40,11527,11527,11527,26
2019-12-02,16:41:42,11526,11526,11526,2
2019-12-02,16:41:43,11527,11527,11527,40
2019-12-02,16:41:45,11527,11527,11527,2
2019-12-02,16:41:46,11527,11527,11527,4
2019-12-02,16:41:46,11527,11527,11527,20
2019-12-02,16:41:47,11528,11528,11528,2
2019-12-02,16:41:47,11527,11527,11527,4
2019-12-02,16:41:47,11527,11527,11527,2
2019-12-02,16:41:47,11527,11527,11527,4
2019-12-02,16:41:47,11528,11528,11528,6
2019-12-02,16:41:47,11528,11528,11528,6
2019-12-02,16:41:48,11528,11528,11528,8
2019-12-02,16:41:48,11528,11528,11528,8
2019-12-02,16:41:48,11528,11528,11528,8
2019-12-02,16:41:48,11528,11528,11528,2
2019-12-02,16:41:49,11527,11527,11527,4
2019-12-02,16:41:52,11527,11527,11527,2
2019-12-02,16:41:53,11527,11527,11527,2
2019-12-02,16:41:55,11527,11527,11527,2
2019-12-02,16:41:57,11528,11528,11528,2
2019-12-02,16:41:57,11527,11527,11527,2
2019-12-02,16:41:58,11527,11527,11527,2
2019-12-02,16:41:58,11528,11528,11528,2
2019-12-02,16:42:00,11528,11528,11528,8
2019-12-02,16:42:00,11528,11528,11528,6
2019-12-02,16:42:00,11528,11528,11528,4
2019-12-02,16:42:02,11527,11527,11527,2
2019-12-02,16:42:02,11527,11527,11527,2
2019-12-02,16:42:02,11527,11527,11527,2
2019-12-02,16:42:02,11527,11527,11527,2
2019-12-02,16:42:02,11527,11527,11527,2
2019-12-02,16:42:02,11527,11527,11527,4
2019-12-02,16:42:02,11527,11527,11527,2
2019-12-02,16:42:02,11527,11527,11527,4
2019-12-02,16:42:02,11527,11527,11527,2
2019-12-02,16:42:02,11527,11527,11527,4
2019-12-02,16:42:02,11527,11527,11527,2
2019-12-02,16:42:03,11527,11527,11527,2
2019-12-02,16:42:03,11528,11528,11528,2
2019-12-02,16:42:04,11528,11528,11528,2
2019-12-02,16:42:05,11528,11528,11528,2
2019-12-02,16:42:08,11528,11528,11528,4
2019-12-02,16:42:09,11528,11528,11528,4
2019-12-02,16:42:09,11528,11528,11528,8
2019-12-02,16:42:10,11528,11528,11528,2
2019-12-02,16:42:11,11528,11528,11528,2
2019-12-02,16:42:12,11528,11528,11528,2
2019-12-02,16:42:13,11528,11528,11528,18
2019-12-02,16:42:14,11528,11528,11528,12
2019-12-02,16:42:15,11529,11529,11529,4
2019-12-02,16:42:16,11529,11529,11529,4
2019-12-02,16:42:16,11529,11529,11529,2
2019-12-02,16:42:16,11529,11529,11529,2
2019-12-02,16:42:16,11528,11528,11528,2
2019-12-02,16:42:16,11529,11529,11529,2
2019-12-02,16:42:17,11528,11528,11528,6
2019-12-02,16:42:19,11529,11529,11529,2
2019-12-02,16:42:20,11528,11528,11528,4
2019-12-02,16:42:21,11528,11528,11528,2
2019-12-02,16:42:23,11528,11528,11528,2
2019-12-02,16:42:24,11529,11529,11529,2
2019-12-02,16:42:25,11529,11529,11529,10
2019-12-02,16:42:26,11528,11528,11528,2
2019-12-02,16:42:27,11528,11528,11528,26
2019-12-02,16:42:27,11528,11528,11528,2
2019-12-02,16:42:27,11528,11528,11528,2
2019-12-02,16:42:27,11528,11528,11528,2
2019-12-02,16:42:28,11527,11527,11527,6
2019-12-02,16:42:28,11528,11528,11528,2
2019-12-02,16:42:31,11528,11528,11528,4
2019-12-02,16:42:32,11528,11528,11528,2
2019-12-02,16:42:32,11528,11528,11528,6
2019-12-02,16:42:32,11528,11528,11528,4
2019-12-02,16:42:36,11528,11528,11528,4
2019-12-02,16:42:37,11528,11528,11528,2
2019-12-02,16:42:41,11528,11528,11528,2
2019-12-02,16:42:42,11528,11528,11528,2
2019-12-02,16:42:46,11528,11528,11528,2
2019-12-02,16:42:46,11528,11528,11528,2
2019-12-02,16:42:47,11528,11528,11528,2
2019-12-02,16:42:51,11528,11528,11528,2
2019-12-02,16:42:52,11528,11528,11528,2
2019-12-02,16:42:56,11527,11527,11527,2
2019-12-02,16:42:56,11527,11527,11527,2
2019-12-02,16:42:58,11528,11528,11528,2
2019-12-02,16:43:02,11527,11527,11527,2
2019-12-02,16:43:03,11527,11527,11527,20
2019-12-02,16:43:03,11527,11527,11527,2
2019-12-02,16:43:03,11527,11527,11527,4
2019-12-02,16:43:03,11527,11527,11527,2
2019-12-02,16:43:03,11527,11527,11527,2
2019-12-02,16:43:03,11527,11527,11527,8
2019-12-02,16:43:03,11527,11527,11527,6
2019-12-02,16:43:03,11527,11527,11527,2
2019-12-02,16:43:03,11527,11527,11527,6
2019-12-02,16:43:03,11528,11528,11528,10
2019-12-02,16:43:10,11527,11527,11527,12
2019-12-02,16:43:12,11527,11527,11527,4
2019-12-02,16:43:12,11527,11527,11527,2
2019-12-02,16:43:14,11528,11528,11528,10
2019-12-02,16:43:18,11528,11528,11528,2
2019-12-02,16:43:19,11528,11528,11528,2
2019-12-02,16:43:20,11527,11527,11527,2
2019-12-02,16:43:21,11528,11528,11528,2
2019-12-02,16:43:21,11528,11528,11528,8
2019-12-02,16:43:21,11529,11529,11529,2
2019-12-02,16:43:24,11528,11528,11528,2
2019-12-02,16:43:30,11528,11528,11528,2
2019-12-02,16:43:37,11527,11527,11527,2
2019-12-02,16:43:46,11528,11528,11528,2
2019-12-02,16:43:47,11528,11528,11528,10
2019-12-02,16:43:47,11528,11528,11528,8
2019-12-02,16:43:50,11527,11527,11527,2
2019-12-02,16:43:57,11528,11528,11528,4
2019-12-02,16:43:59,11528,11528,11528,2
2019-12-02,16:44:01,11528,11528,11528,4
2019-12-02,16:44:01,11529,11529,11529,4
2019-12-02,16:44:03,11528,11528,11528,2
2019-12-02,16:44:06,11528,11528,11528,4
2019-12-02,16:44:12,11528,11528,11528,2
2019-12-02,16:44:14,11528,11528,11528,4
2019-12-02,16:44:14,11528,11528,11528,2
2019-12-02,16:44:15,11528,11528,11528,2
2019-12-02,16:44:17,11528,11528,11528,2
2019-12-02,16:44:21,11528,11528,11528,2
2019-12-02,16:44:24,11528,11528,11528,2
2019-12-02,16:44:31,11528,11528,11528,2
2019-12-02,16:44:34,11528,11528,11528,2
2019-12-02,16:44:38,11528,11528,11528,2
2019-12-02,16:44:39,11528,11528,11528,4
2019-12-02,16:44:39,11528,11528,11528,2
2019-12-02,16:44:39,11528,11528,11528,4
2019-12-02,16:44:39,11528,11528,11528,2
2019-12-02,16:44:40,11529,11529,11529,10
2019-12-02,16:44:41,11528,11528,11528,2
2019-12-02,16:44:42,11528,11528,11528,2
2019-12-02,16:44:42,11528,11528,11528,4
2019-12-02,16:44:42,11528,11528,11528,2
2019-12-02,16:44:43,11528,11528,11528,4
2019-12-02,16:44:47,11528,11528,11528,6
2019-12-02,16:44:59,11528,11528,11528,2
2019-12-02,16:44:59,11528,11528,11528,2
2019-12-02,16:45:03,11528,11528,11528,2
2019-12-02,16:45:03,11528,11528,11528,2
2019-12-02,16:45:03,11528,11528,11528,2
2019-12-02,16:45:04,11528,11528,11528,2
2019-12-02,16:45:04,11528,11528,11528,2
2019-12-02,16:45:07,11528,11528,11528,2
2019-12-02,16:45:14,11528,11528,11528,18
2019-12-02,16:45:21,11528,11528,11528,10
2019-12-02,16:45:26,11528,11528,11528,2
2019-12-02,16:45:29,11528,11528,11528,2
2019-12-02,16:45:34,11529,11529,11529,4
2019-12-02,16:45:34,11529,11529,11529,36
2019-12-02,16:45:34,11529,11529,11529,6
2019-12-02,16:45:34,11529,11529,11529,10
2019-12-02,16:45:34,11529,11529,11529,2
2019-12-02,16:45:34,11530,11530,11530,2
2019-12-02,16:45:34,11530,11530,11530,4
2019-12-02,16:45:34,11530,11530,11530,2
2019-12-02,16:45:34,11530,11530,11530,4
2019-12-02,16:45:34,11530,11530,11530,2
2019-12-02,16:45:34,11530,11530,11530,4
2019-12-02,16:45:34,11530,11530,11530,2
2019-12-02,16:45:35,11530,11530,11530,2
2019-12-02,16:45:35,11530,11530,11530,6
2019-12-02,16:45:35,11530,11530,11530,2
2019-12-02,16:45:36,11530,11530,11530,2
2019-12-02,16:45:39,11529,11529,11529,4
2019-12-02,16:45:41,11530,11530,11530,2
2019-12-02,16:45:46,11530,11530,11530,2
2019-12-02,16:45:48,11530,11530,11530,2
2019-12-02,16:45:49,11530,11530,11530,2
2019-12-02,16:45:50,11529,11529,11529,2
2019-12-02,16:45:53,11530,11530,11530,2
2019-12-02,16:45:53,11529,11529,11529,4
2019-12-02,16:45:53,11529,11529,11529,8
2019-12-02,16:45:53,11529,11529,11529,2
2019-12-02,16:45:55,11529,11529,11529,2
2019-12-02,16:45:55,11529,11529,11529,2
2019-12-02,16:45:55,11529,11529,11529,2
2019-12-02,16:45:55,11529,11529,11529,2
2019-12-02,16:45:55,11529,11529,11529,2
2019-12-02,16:45:55,11529,11529,11529,2
2019-12-02,16:45:55,11529,11529,11529,2
2019-12-02,16:46:00,11529,11529,11529,2
2019-12-02,16:46:04,11529,11529,11529,4
2019-12-02,16:46:06,11528,11528,11528,2
2019-12-02,16:46:07,11528,11528,11528,2
2019-12-02,16:46:16,11529,11529,11529,2
2019-12-02,16:46:19,11529,11529,11529,8
2019-12-02,16:46:23,11529,11529,11529,2
2019-12-02,16:46:24,11528,11528,11528,2
2019-12-02,16:46:25,11529,11529,11529,2
2019-12-02,16:46:25,11528,11528,11528,2
2019-12-02,16:46:25,11528,11528,11528,2
2019-12-02,16:46:29,11529,11529,11529,2
2019-12-02,16:46:29,11529,11529,11529,4
2019-12-02,16:46:40,11528,11528,11528,8
2019-12-02,16:46:40,11528,11528,11528,2
2019-12-02,16:46:40,11528,11528,11528,2
2019-12-02,16:46:40,11528,11528,11528,2
2019-12-02,16:46:40,11528,11528,11528,6
2019-12-02,16:46:40,11528,11528,11528,2
2019-12-02,16:46:40,11528,11528,11528,2
2019-12-02,16:46:40,11528,11528,11528,2
2019-12-02,16:46:40,11528,11528,11528,4
2019-12-02,16:46:40,11528,11528,11528,2
2019-12-02,16:46:40,11528,11528,11528,2
2019-12-02,16:46:40,11528,11528,11528,2
2019-12-02,16:46:40,11528,11528,11528,4
2019-12-02,16:46:44,11528,11528,11528,2
2019-12-02,16:46:47,11528,11528,11528,2
2019-12-02,16:46:53,11527,11527,11527,2
2019-12-02,16:46:54,11528,11528,11528,2
2019-12-02,16:46:57,11527,11527,11527,2
2019-12-02,16:46:59,11528,11528,11528,20
2019-12-02,16:47:00,11527,11527,11527,4
2019-12-02,16:47:06,11527,11527,11527,4
2019-12-02,16:47:14,11528,11528,11528,4
2019-12-02,16:47:15,11527,11527,11527,2
2019-12-02,16:47:22,11528,11528,11528,20
2019-12-02,16:47:25,11528,11528,11528,2
2019-12-02,16:47:31,11529,11529,11529,2
2019-12-02,16:47:40,11529,11529,11529,20
2019-12-02,16:47:44,11529,11529,11529,2
2019-12-02,16:47:53,11529,11529,11529,8
2019-12-02,16:47:54,11529,11529,11529,2
2019-12-02,16:47:57,11529,11529,11529,20
2019-12-02,16:48:03,11529,11529,11529,4
2019-12-02,16:48:11,11529,11529,11529,20
2019-12-02,16:48:11,11529,11529,11529,4
2019-12-02,16:48:16,11529,11529,11529,4
2019-12-02,16:48:19,11529,11529,11529,2
2019-12-02,16:48:19,11529,11529,11529,2
2019-12-02,16:48:19,11529,11529,11529,2
2019-12-02,16:48:19,11529,11529,11529,2
2019-12-02,16:48:56,11529,11529,11529,50
2019-12-02,16:49:18,11529,11529,11529,2
2019-12-02,16:49:28,11529,11529,11529,2
2019-12-02,16:49:29,11529,11529,11529,2
2019-12-02,16:49:32,11529,11529,11529,10
2019-12-02,16:49:35,11528,11528,11528,4
2019-12-02,16:49:35,11528,11528,11528,2
2019-12-02,16:49:35,11528,11528,11528,4
2019-12-02,16:49:35,11528,11528,11528,2
2019-12-02,16:49:35,11528,11528,11528,4
2019-12-02,16:49:35,11528,11528,11528,2
2019-12-02,16:49:35,11528,11528,11528,10
2019-12-02,16:49:35,11528,11528,11528,2
2019-12-02,16:49:35,11528,11528,11528,2
2019-12-02,16:49:35,11528,11528,11528,2
2019-12-02,16:49:35,11527,11527,11527,2
2019-12-02,16:49:35,11528,11528,11528,6
2019-12-02,16:49:35,11528,11528,11528,2
2019-12-02,16:49:36,11527,11527,11527,2
2019-12-02,16:49:36,11528,11528,11528,2
2019-12-02,16:49:38,11528,11528,11528,46
2019-12-02,16:49:38,11529,11529,11529,4
2019-12-02,16:49:41,11528,11528,11528,4
2019-12-02,16:49:42,11529,11529,11529,2
2019-12-02,16:50:11,11528,11528,11528,12
2019-12-02,16:50:21,11528,11528,11528,10
2019-12-02,16:50:21,11528,11528,11528,2
2019-12-02,16:50:23,11527,11527,11527,2
2019-12-02,16:50:32,11527,11527,11527,2
2019-12-02,16:50:32,11527,11527,11527,2
2019-12-02,16:50:32,11527,11527,11527,2
2019-12-02,16:50:32,11527,11527,11527,2
2019-12-02,16:50:34,11528,11528,11528,2
2019-12-02,16:50:34,11527,11527,11527,2
2019-12-02,16:50:34,11527,11527,11527,2
2019-12-02,16:50:34,11527,11527,11527,2
2019-12-02,16:50:34,11527,11527,11527,4
2019-12-02,16:50:40,11527,11527,11527,4
2019-12-02,16:50:42,11527,11527,11527,2
2019-12-02,16:50:42,11527,11527,11527,8
2019-12-02,16:50:45,11527,11527,11527,2
2019-12-02,16:50:55,11527,11527,11527,2
2019-12-02,16:50:55,11527,11527,11527,2
2019-12-02,16:50:55,11527,11527,11527,2
2019-12-02,16:50:55,11527,11527,11527,2
2019-12-02,16:50:55,11527,11527,11527,16
2019-12-02,16:50:55,11527,11527,11527,2
