2020-08-03,15:00:00.029000,12427,12428,12425,98
2020-08-03,15:00:00.030000,12425,12426,12425,7
2020-08-03,15:00:00.053000,12424,12426,12426,1
2020-08-03,15:00:00.053000,12424,12426,12426,3
2020-08-03,15:00:00.053000,12424,12426,12426,1
2020-08-03,15:00:00.053000,12424,12426,12426,1
2020-08-03,15:00:00.056000,12424,12426,12426,2
2020-08-03,15:00:00.057000,12424,12426,12426,1
2020-08-03,15:00:00.057000,12424,12426,12427,1
2020-08-03,15:00:00.057000,12424,12426,12427,1
2020-08-03,15:00:00.068000,12424,12426,12427,1
2020-08-03,15:00:00.128000,12424,12427,12427,10
2020-08-03,15:00:00.328000,12426,12427,12426,2
2020-08-03,15:00:00.331000,12426,12427,12426,1
2020-08-03,15:00:00.338000,12426,12427,12427,6
2020-08-03,15:00:00.338000,12426,12427,12428,4
2020-08-03,15:00:00.437000,12426,12427,12427,2
2020-08-03,15:00:00.488000,12426,12427,12427,1
2020-08-03,15:00:00.488000,12426,12427,12426,1
2020-08-03,15:00:00.548000,12426,12428,12427,2
2020-08-03,15:00:00.578000,12426,12428,12428,4
2020-08-03,15:00:00.612000,12426,12428,12427,1
2020-08-03,15:00:00.618000,12426,12428,12427,1
2020-08-03,15:00:00.660000,12427,12428,12428,1
2020-08-03,15:00:00.718000,12427,12428,12427,1
2020-08-03,15:00:00.719000,12427,12428,12428,6
2020-08-03,15:00:00.722000,12427,12428,12429,6
2020-08-03,15:00:00.766000,12428,12429,12428,1
2020-08-03,15:00:00.808000,12428,12429,12428,1
2020-08-03,15:00:00.854000,12428,12429,12427,1
2020-08-03,15:00:00.883000,12427,12429,12427,1
2020-08-03,15:00:00.933000,12427,12429,12429,2
2020-08-03,15:00:01.081000,12427,12429,12429,4
2020-08-03,15:00:01.099000,12427,12429,12429,1
2020-08-03,15:00:01.141000,12427,12429,12429,2
2020-08-03,15:00:01.154000,12427,12429,12429,4
2020-08-03,15:00:01.172000,12427,12429,12427,1
2020-08-03,15:00:01.230000,12427,12429,12429,2
2020-08-03,15:00:01.245000,12428,12429,12429,1
2020-08-03,15:00:01.260000,12428,12429,12429,3
2020-08-03,15:00:01.377000,12429,12430,12430,19
2020-08-03,15:00:01.377000,12429,12430,12430,2
2020-08-03,15:00:01.377000,12429,12430,12430,1
2020-08-03,15:00:01.377000,12429,12430,12430,10
2020-08-03,15:00:01.476000,12429,12430,12431,1
2020-08-03,15:00:01.488000,12429,12430,12431,4
2020-08-03,15:00:01.489000,12429,12430,12431,3
2020-08-03,15:00:01.495000,12431,12432,12431,4
2020-08-03,15:00:01.544000,12431,12432,12432,2
2020-08-03,15:00:01.595000,12431,12432,12431,1
2020-08-03,15:00:01.620000,12431,12432,12431,3
2020-08-03,15:00:01.668000,12431,12432,12432,1
2020-08-03,15:00:01.744000,12430,12432,12430,10
2020-08-03,15:00:01.746000,12430,12432,12432,2
2020-08-03,15:00:01.832000,12430,12432,12432,1
2020-08-03,15:00:01.857000,12430,12432,12432,2
2020-08-03,15:00:01.940000,12430,12432,12432,2
2020-08-03,15:00:02.047000,12430,12432,12431,2
2020-08-03,15:00:02.067000,12430,12432,12431,2
2020-08-03,15:00:02.096000,12430,12432,12429,2
2020-08-03,15:00:02.470000,12429,12431,12429,1
2020-08-03,15:00:02.509000,12429,12431,12430,1
2020-08-03,15:00:02.574000,12429,12431,12429,2
2020-08-03,15:00:02.708000,12429,12431,12431,3
2020-08-03,15:00:02.797000,12429,12430,12429,3
2020-08-03,15:00:03.025000,12428,12429,12428,10
2020-08-03,15:00:03.027000,12428,12429,12428,4
2020-08-03,15:00:03.093000,12428,12429,12429,6
2020-08-03,15:00:03.093000,12428,12429,12429,4
2020-08-03,15:00:03.369000,12428,12430,12428,1
2020-08-03,15:00:04.542000,12428,12429,12429,1
2020-08-03,15:00:04.704000,12428,12430,12428,2
2020-08-03,15:00:05.845000,12427,12428,12428,2
2020-08-03,15:00:06.125000,12427,12428,12427,1
2020-08-03,15:00:06.201000,12427,12428,12426,1
2020-08-03,15:00:07.088000,12426,12427,12426,1
2020-08-03,15:00:07.157000,12426,12427,12426,2
2020-08-03,15:00:07.299000,12426,12427,12427,2
2020-08-03,15:00:08.282000,12427,12428,12428,2
2020-08-03,15:00:08.604000,12427,12428,12428,1
2020-08-03,15:00:08.752000,12427,12429,12427,2
2020-08-03,15:00:09.528000,12428,12429,12428,1
2020-08-03,15:00:11.175000,12427,12428,12427,1
2020-08-03,15:00:11.570000,12427,12428,12428,1
2020-08-03,15:00:11.743000,12427,12429,12427,5
2020-08-03,15:00:12.714000,12428,12429,12428,2
2020-08-03,15:00:12.902000,12427,12428,12428,1
2020-08-03,15:00:13.458000,12427,12429,12427,10
2020-08-03,15:00:14.501000,12427,12428,12427,1
2020-08-03,15:00:14.648000,12427,12428,12428,6
2020-08-03,15:00:14.680000,12427,12428,12428,12
2020-08-03,15:00:16.540000,12427,12428,12427,2
2020-08-03,15:00:16.540000,12427,12428,12426,18
2020-08-03,15:00:16.571000,12427,12428,12427,2
2020-08-03,15:00:17.498000,12426,12427,12426,1
2020-08-03,15:00:17.933000,12425,12427,12425,1
2020-08-03,15:00:18.421000,12426,12427,12426,1
2020-08-03,15:00:18.872000,12425,12426,12426,1
2020-08-03,15:00:19.707000,12425,12426,12425,1
2020-08-03,15:00:20.009000,12425,12426,12426,4
2020-08-03,15:00:20.009000,12425,12426,12427,1
2020-08-03,15:00:20.442000,12426,12427,12426,1
2020-08-03,15:00:20.680000,12425,12426,12425,1
2020-08-03,15:00:21.078000,12425,12426,12426,3
2020-08-03,15:00:21.389000,12425,12426,12426,1
2020-08-03,15:00:22.165000,12425,12426,12425,2
2020-08-03,15:00:22.165000,12425,12426,12425,2
2020-08-03,15:00:22.166000,12425,12426,12425,5
2020-08-03,15:00:22.166000,12425,12426,12425,10
2020-08-03,15:00:22.600000,12424,12425,12425,2
2020-08-03,15:00:22.622000,12425,12426,12425,2
2020-08-03,15:00:22.788000,12425,12426,12425,7
2020-08-03,15:00:22.851000,12425,12426,12425,1
2020-08-03,15:00:22.891000,12424,12425,12425,1
2020-08-03,15:00:24.004000,12424,12425,12424,2
2020-08-03,15:00:24.519000,12424,12425,12425,7
2020-08-03,15:00:24.903000,12424,12425,12424,2
2020-08-03,15:00:25.217000,12424,12425,12424,1
2020-08-03,15:00:25.317000,12424,12425,12424,1
2020-08-03,15:00:25.671000,12424,12425,12424,1
2020-08-03,15:00:26.212000,12424,12425,12424,1
2020-08-03,15:00:26.641000,12424,12425,12424,2
2020-08-03,15:00:27.498000,12424,12425,12424,2
2020-08-03,15:00:28.120000,12424,12425,12425,1
2020-08-03,15:00:28.708000,12424,12426,12424,1
2020-08-03,15:00:28.793000,12424,12426,12424,9
2020-08-03,15:00:28.793000,12424,12426,12423,11
2020-08-03,15:00:29.272000,12423,12425,12424,1
2020-08-03,15:00:31.815000,12425,12426,12425,2
2020-08-03,15:00:32.030000,12425,12426,12425,1
2020-08-03,15:00:33.826000,12424,12426,12425,1
2020-08-03,15:00:33.870000,12425,12426,12426,9
2020-08-03,15:00:34.332000,12426,12427,12426,1
2020-08-03,15:00:34.657000,12425,12427,12427,1
2020-08-03,15:00:35.948000,12425,12427,12425,2
2020-08-03,15:00:36.212000,12425,12427,12427,1
2020-08-03,15:00:36.479000,12425,12427,12425,1
2020-08-03,15:00:36.911000,12425,12427,12427,1
2020-08-03,15:00:39.120000,12426,12427,12427,1
2020-08-03,15:00:39.989000,12426,12428,12426,2
2020-08-03,15:00:40.484000,12426,12427,12426,1
2020-08-03,15:00:40.525000,12426,12427,12426,5
2020-08-03,15:00:41.220000,12425,12427,12427,1
2020-08-03,15:00:41.786000,12426,12428,12426,1
2020-08-03,15:00:41.939000,12426,12428,12426,1
2020-08-03,15:00:43.883000,12426,12427,12427,1
2020-08-03,15:00:43.972000,12426,12427,12427,2
2020-08-03,15:00:43.972000,12426,12427,12427,1
2020-08-03,15:00:46.887000,12427,12428,12427,1
2020-08-03,15:00:47.366000,12426,12428,12428,5
2020-08-03,15:00:47.370000,12427,12428,12428,3
2020-08-03,15:00:50.868000,12428,12429,12428,1
2020-08-03,15:00:50.989000,12428,12429,12428,1
2020-08-03,15:00:52.430000,12428,12429,12428,2
2020-08-03,15:00:52.874000,12428,12429,12429,1
2020-08-03,15:00:53.421000,12428,12429,12428,1
2020-08-03,15:00:54.181000,12428,12429,12429,1
2020-08-03,15:00:56.148000,12428,12429,12429,1
2020-08-03,15:00:57.150000,12428,12429,12429,1
2020-08-03,15:00:57.348000,12428,12429,12428,1
2020-08-03,15:00:59.961000,12428,12429,12429,2
2020-08-03,15:01:00.040000,12429,12430,12430,2
2020-08-03,15:01:00.098000,12429,12430,12429,1
2020-08-03,15:01:00.167000,12429,12430,12429,1
2020-08-03,15:01:00.250000,12429,12430,12430,1
2020-08-03,15:01:00.271000,12429,12430,12429,1
2020-08-03,15:01:00.489000,12429,12430,12429,1
2020-08-03,15:01:00.682000,12429,12430,12430,16
2020-08-03,15:01:01.078000,12430,12431,12430,1
2020-08-03,15:01:01.079000,12430,12431,12430,1
2020-08-03,15:01:01.117000,12430,12431,12429,2
2020-08-03,15:01:01.224000,12429,12430,12429,1
2020-08-03,15:01:01.243000,12429,12430,12429,1
2020-08-03,15:01:01.596000,12428,12430,12430,1
2020-08-03,15:01:01.824000,12429,12431,12431,1
2020-08-03,15:01:02.194000,12429,12431,12431,1
2020-08-03,15:01:02.215000,12429,12431,12430,1
2020-08-03,15:01:04.711000,12430,12431,12430,1
2020-08-03,15:01:05.271000,12430,12431,12430,2
2020-08-03,15:01:05.271000,12430,12431,12430,3
2020-08-03,15:01:05.370000,12429,12430,12430,1
2020-08-03,15:01:05.379000,12429,12430,12429,3
2020-08-03,15:01:06.325000,12428,12430,12428,5
2020-08-03,15:01:07.044000,12428,12430,12430,1
2020-08-03,15:01:08.163000,12428,12429,12429,1
2020-08-03,15:01:13.022000,12428,12429,12429,1
2020-08-03,15:01:15.848000,12428,12429,12429,1
2020-08-03,15:01:15.848000,12428,12429,12430,1
2020-08-03,15:01:16.058000,12428,12430,12430,5
2020-08-03,15:01:16.201000,12429,12430,12429,1
2020-08-03,15:01:18.722000,12429,12430,12429,3
2020-08-03,15:01:20.318000,12428,12429,12429,1
2020-08-03,15:01:21.534000,12428,12429,12429,1
2020-08-03,15:01:22.544000,12428,12429,12429,2
2020-08-03,15:01:22.742000,12428,12429,12429,1
2020-08-03,15:01:25.156000,12428,12429,12428,2
2020-08-03,15:01:25.157000,12428,12429,12428,2
2020-08-03,15:01:25.157000,12428,12429,12428,15
2020-08-03,15:01:25.245000,12427,12428,12427,14
2020-08-03,15:01:28.398000,12427,12428,12428,8
2020-08-03,15:01:28.398000,12427,12428,12429,1
2020-08-03,15:01:28.756000,12427,12429,12427,2
2020-08-03,15:01:29.101000,12427,12428,12427,1
2020-08-03,15:01:29.889000,12426,12427,12427,1
2020-08-03,15:01:30.653000,12427,12428,12427,2
2020-08-03,15:01:31.086000,12426,12427,12427,1
2020-08-03,15:01:33.640000,12427,12428,12427,2
2020-08-03,15:01:33.816000,12427,12428,12427,1
2020-08-03,15:01:34.798000,12427,12428,12427,1
2020-08-03,15:01:35.219000,12427,12428,12427,2
2020-08-03,15:01:35.418000,12426,12428,12428,5
2020-08-03,15:01:37.088000,12427,12428,12427,1
2020-08-03,15:01:38.472000,12427,12428,12427,1
2020-08-03,15:01:41.550000,12426,12428,12428,1
2020-08-03,15:01:42.307000,12427,12428,12427,1
2020-08-03,15:01:43.896000,12427,12428,12427,9
2020-08-03,15:01:44.511000,12426,12427,12426,1
2020-08-03,15:01:44.511000,12426,12427,12426,7
2020-08-03,15:01:44.888000,12425,12426,12426,1
2020-08-03,15:01:45.587000,12425,12426,12425,11
2020-08-03,15:01:45.701000,12424,12425,12424,3
2020-08-03,15:01:45.702000,12424,12425,12424,3
2020-08-03,15:01:50.319000,12423,12424,12423,2
2020-08-03,15:01:51.275000,12423,12424,12423,1
2020-08-03,15:01:51.754000,12423,12424,12423,4
2020-08-03,15:01:52.085000,12423,12424,12423,1
2020-08-03,15:01:53.886000,12423,12424,12423,1
2020-08-03,15:01:54.853000,12423,12424,12423,1
2020-08-03,15:01:55.632000,12423,12424,12423,1
2020-08-03,15:01:55.997000,12423,12424,12423,1
2020-08-03,15:01:55.997000,12423,12424,12422,3
2020-08-03,15:01:56.716000,12422,12424,12423,1
2020-08-03,15:01:56.720000,12422,12424,12424,1
2020-08-03,15:01:58.166000,12423,12424,12423,1
2020-08-03,15:01:58.621000,12423,12424,12423,1
2020-08-03,15:01:58.748000,12423,12424,12423,1
2020-08-03,15:01:58.886000,12423,12424,12423,4
2020-08-03,15:01:58.886000,12423,12424,12423,3
2020-08-03,15:01:59.092000,12422,12423,12423,1
2020-08-03,15:02:00.084000,12423,12424,12424,1
2020-08-03,15:02:00.149000,12423,12424,12423,1
2020-08-03,15:02:00.720000,12422,12424,12422,10
2020-08-03,15:02:00.791000,12422,12423,12423,1
2020-08-03,15:02:01.766000,12422,12423,12422,1
2020-08-03,15:02:02.105000,12421,12423,12423,1
2020-08-03,15:02:03.383000,12421,12423,12421,1
2020-08-03,15:02:03.408000,12421,12423,12421,1
2020-08-03,15:02:03.428000,12421,12423,12421,1
2020-08-03,15:02:05.198000,12421,12423,12423,1
2020-08-03,15:02:05.385000,12421,12423,12421,1
2020-08-03,15:02:06.277000,12422,12423,12422,1
2020-08-03,15:02:06.299000,12422,12423,12423,4
2020-08-03,15:02:06.529000,12423,12424,12423,1
2020-08-03,15:02:07.550000,12422,12423,12423,3
2020-08-03,15:02:08.062000,12422,12423,12422,1
2020-08-03,15:02:08.114000,12422,12423,12423,1
2020-08-03,15:02:08.331000,12423,12424,12423,2
2020-08-03,15:02:08.716000,12422,12424,12422,6
2020-08-03,15:02:08.716000,12422,12424,12421,9
2020-08-03,15:02:08.964000,12421,12423,12421,2
2020-08-03,15:02:09.470000,12423,12424,12423,2
2020-08-03,15:02:10.543000,12422,12424,12422,3
2020-08-03,15:02:10.742000,12422,12424,12422,1
2020-08-03,15:02:10.906000,12422,12423,12423,1
2020-08-03,15:02:12.491000,12422,12423,12422,1
2020-08-03,15:02:13.516000,12422,12423,12422,1
2020-08-03,15:02:13.651000,12422,12423,12422,1
2020-08-03,15:02:13.775000,12422,12423,12422,7
2020-08-03,15:02:13.775000,12422,12423,12421,13
2020-08-03,15:02:13.988000,12421,12422,12422,4
2020-08-03,15:02:13.988000,12421,12422,12423,4
2020-08-03,15:02:16.346000,12422,12423,12422,1
2020-08-03,15:02:16.697000,12422,12423,12423,2
2020-08-03,15:02:17.156000,12423,12424,12423,1
2020-08-03,15:02:17.446000,12423,12424,12423,1
2020-08-03,15:02:18.747000,12423,12424,12423,10
2020-08-03,15:02:18.747000,12423,12424,12422,14
2020-08-03,15:02:18.747000,12423,12424,12421,6
2020-08-03,15:02:19.089000,12422,12423,12422,2
2020-08-03,15:02:19.123000,12422,12423,12422,2
2020-08-03,15:02:19.175000,12422,12423,12422,2
2020-08-03,15:02:22.218000,12422,12423,12422,3
2020-08-03,15:02:22.218000,12422,12423,12421,14
2020-08-03,15:02:22.218000,12422,12423,12420,3
2020-08-03,15:02:22.466000,12420,12422,12420,5
2020-08-03,15:02:23.320000,12420,12422,12420,1
2020-08-03,15:02:23.995000,12420,12422,12420,1
2020-08-03,15:02:24.417000,12420,12422,12420,2
2020-08-03,15:02:25.938000,12420,12422,12420,1
2020-08-03,15:02:26.105000,12420,12422,12420,5
2020-08-03,15:02:26.105000,12420,12422,12419,15
2020-08-03,15:02:26.892000,12419,12420,12420,4
2020-08-03,15:02:28.021000,12420,12421,12421,1
2020-08-03,15:02:28.859000,12421,12422,12422,8
2020-08-03,15:02:28.874000,12422,12423,12422,2
2020-08-03,15:02:29.187000,12421,12422,12421,1
2020-08-03,15:02:29.938000,12421,12422,12422,2
2020-08-03,15:02:32.006000,12422,12423,12422,1
2020-08-03,15:02:33.781000,12421,12423,12423,1
2020-08-03,15:02:35.066000,12422,12423,12423,4
2020-08-03,15:02:37.569000,12423,12424,12423,1
2020-08-03,15:02:38.592000,12422,12424,12422,5
2020-08-03,15:02:42.916000,12421,12423,12421,1
2020-08-03,15:02:43.741000,12421,12422,12422,1
2020-08-03,15:02:43.822000,12421,12423,12421,1
2020-08-03,15:02:47.494000,12421,12422,12421,4
2020-08-03,15:02:48.798000,12421,12422,12422,1
2020-08-03,15:02:48.957000,12421,12422,12422,1
2020-08-03,15:02:50.817000,12421,12422,12421,3
2020-08-03,15:02:51.880000,12421,12422,12421,1
2020-08-03,15:02:51.947000,12421,12422,12421,3
2020-08-03,15:02:52.875000,12421,12422,12421,1
2020-08-03,15:02:52.875000,12421,12422,12421,1
2020-08-03,15:02:52.876000,12421,12422,12421,2
2020-08-03,15:02:53.186000,12420,12421,12421,1
2020-08-03,15:02:58.722000,12420,12421,12421,1
2020-08-03,15:02:58.751000,12420,12421,12420,1
2020-08-03,15:02:58.754000,12420,12421,12420,1
2020-08-03,15:02:58.756000,12420,12421,12420,1
2020-08-03,15:02:58.757000,12420,12421,12420,1
2020-08-03,15:02:59.528000,12420,12421,12420,2
2020-08-03,15:02:59.529000,12420,12421,12420,7
2020-08-03,15:03:01.191000,12419,12421,12419,3
2020-08-03,15:03:02.601000,12419,12420,12419,1
2020-08-03,15:03:02.834000,12418,12420,12419,1
2020-08-03,15:03:03.036000,12418,12419,12419,1
2020-08-03,15:03:04.654000,12418,12419,12418,2
2020-08-03,15:03:04.704000,12418,12419,12418,2
2020-08-03,15:03:04.747000,12418,12419,12418,2
2020-08-03,15:03:04.814000,12418,12419,12418,1
2020-08-03,15:03:06.895000,12418,12419,12418,1
2020-08-03,15:03:06.954000,12418,12419,12418,1
2020-08-03,15:03:07.257000,12418,12419,12418,2
2020-08-03,15:03:07.712000,12418,12419,12418,1
2020-08-03,15:03:08.801000,12418,12419,12418,2
2020-08-03,15:03:08.801000,12418,12419,12418,20
2020-08-03,15:03:08.801000,12418,12419,12418,17
2020-08-03,15:03:08.802000,12418,12419,12417,4
2020-08-03,15:03:08.824000,12418,12419,12417,9
2020-08-03,15:03:08.825000,12418,12419,12417,4
2020-08-03,15:03:08.825000,12418,12419,12417,1
2020-08-03,15:03:08.877000,12416,12417,12416,2
2020-08-03,15:03:08.880000,12416,12417,12416,1
2020-08-03,15:03:08.927000,12416,12417,12416,2
2020-08-03,15:03:08.977000,12416,12417,12416,2
2020-08-03,15:03:09.028000,12416,12417,12416,2
2020-08-03,15:03:09.028000,12416,12417,12416,2
2020-08-03,15:03:09.078000,12416,12417,12416,2
2020-08-03,15:03:09.105000,12416,12417,12416,1
2020-08-03,15:03:09.105000,12416,12417,12416,4
2020-08-03,15:03:10.322000,12415,12416,12416,3
2020-08-03,15:03:10.333000,12415,12416,12415,1
2020-08-03,15:03:10.346000,12415,12416,12417,3
2020-08-03,15:03:10.358000,12415,12416,12417,1
2020-08-03,15:03:10.614000,12415,12417,12415,2
2020-08-03,15:03:10.728000,12415,12417,12415,1
2020-08-03,15:03:11.684000,12416,12417,12416,1
2020-08-03,15:03:11.727000,12416,12417,12416,1
2020-08-03,15:03:12.879000,12415,12416,12416,1
2020-08-03,15:03:13.415000,12415,12416,12415,1
2020-08-03,15:03:13.590000,12415,12416,12415,1
2020-08-03,15:03:13.636000,12415,12416,12415,2
2020-08-03,15:03:13.930000,12415,12416,12415,2
2020-08-03,15:03:14.023000,12415,12416,12415,2
2020-08-03,15:03:15.149000,12414,12415,12414,1
2020-08-03,15:03:15.211000,12414,12415,12415,1
2020-08-03,15:03:16.639000,12414,12415,12414,1
2020-08-03,15:03:16.687000,12414,12415,12415,1
2020-08-03,15:03:16.858000,12414,12415,12414,1
2020-08-03,15:03:17.080000,12414,12415,12414,1
2020-08-03,15:03:17.294000,12414,12415,12414,1
2020-08-03,15:03:17.322000,12414,12415,12414,1
2020-08-03,15:03:17.668000,12414,12415,12414,1
2020-08-03,15:03:17.675000,12414,12415,12414,1
2020-08-03,15:03:18.187000,12414,12415,12414,1
2020-08-03,15:03:18.202000,12414,12415,12414,1
2020-08-03,15:03:19.253000,12413,12414,12414,1
2020-08-03,15:03:19.577000,12413,12414,12413,4
2020-08-03,15:03:19.643000,12413,12414,12413,1
2020-08-03,15:03:19.677000,12413,12414,12413,1
2020-08-03,15:03:19.972000,12413,12414,12413,2
2020-08-03,15:03:20.004000,12413,12414,12414,5
2020-08-03,15:03:20.214000,12413,12415,12413,3
2020-08-03,15:03:20.248000,12413,12414,12413,1
2020-08-03,15:03:20.697000,12413,12414,12413,2
2020-08-03,15:03:21.078000,12413,12414,12413,6
2020-08-03,15:03:21.078000,12413,12414,12412,4
2020-08-03,15:03:21.155000,12412,12414,12412,1
2020-08-03,15:03:21.468000,12412,12414,12414,3
2020-08-03,15:03:21.614000,12412,12414,12414,8
2020-08-03,15:03:21.620000,12414,12415,12415,9
2020-08-03,15:03:21.671000,12414,12415,12415,1
2020-08-03,15:03:21.769000,12415,12416,12415,2
2020-08-03,15:03:22.079000,12414,12416,12414,2
2020-08-03,15:03:22.320000,12414,12416,12414,1
2020-08-03,15:03:22.641000,12414,12415,12414,1
2020-08-03,15:03:22.912000,12414,12415,12415,1
2020-08-03,15:03:23.005000,12415,12416,12415,1
2020-08-03,15:03:23.267000,12415,12416,12416,1
2020-08-03,15:03:23.387000,12415,12416,12415,1
2020-08-03,15:03:24.484000,12415,12416,12416,1
2020-08-03,15:03:25.193000,12415,12416,12415,1
2020-08-03,15:03:28.004000,12415,12416,12415,2
2020-08-03,15:03:28.470000,12415,12416,12415,1
2020-08-03,15:03:29.687000,12415,12416,12416,1
2020-08-03,15:03:30.756000,12415,12416,12415,1
2020-08-03,15:03:32.205000,12415,12416,12415,1
2020-08-03,15:03:33.662000,12415,12416,12415,1
2020-08-03,15:03:33.930000,12415,12416,12415,1
2020-08-03,15:03:35.560000,12415,12416,12415,3
2020-08-03,15:03:37.213000,12415,12416,12416,6
2020-08-03,15:03:38.142000,12416,12417,12416,2
2020-08-03,15:03:40.138000,12416,12417,12417,2
2020-08-03,15:03:42.903000,12416,12418,12416,1
2020-08-03,15:03:44.856000,12416,12417,12417,3
2020-08-03,15:03:46.323000,12416,12417,12416,8
2020-08-03,15:03:46.323000,12416,12417,12415,38
2020-08-03,15:03:48.968000,12416,12417,12416,1
2020-08-03,15:03:49.073000,12415,12417,12417,6
2020-08-03,15:03:49.251000,12415,12417,12417,1
2020-08-03,15:03:53.125000,12415,12416,12415,1
2020-08-03,15:03:53.770000,12415,12416,12415,2
2020-08-03,15:03:55.027000,12415,12416,12415,20
2020-08-03,15:03:55.027000,12415,12416,12414,5
2020-08-03,15:03:55.202000,12414,12415,12414,1
2020-08-03,15:03:55.543000,12414,12415,12415,1
2020-08-03,15:03:55.918000,12414,12415,12415,2
2020-08-03,15:03:56.141000,12414,12415,12415,1
2020-08-03,15:03:57.615000,12414,12415,12415,2
2020-08-03,15:03:58.868000,12414,12415,12414,3
2020-08-03,15:04:00.754000,12414,12415,12415,2
2020-08-03,15:04:01.090000,12415,12417,12415,1
2020-08-03,15:04:01.812000,12415,12416,12416,1
2020-08-03,15:04:02.220000,12415,12417,12415,2
2020-08-03,15:04:02.440000,12415,12417,12415,3
2020-08-03,15:04:02.844000,12415,12417,12415,1
2020-08-03,15:04:05.295000,12416,12417,12417,1
2020-08-03,15:04:06.649000,12416,12418,12416,1
2020-08-03,15:04:08.349000,12417,12418,12417,3
2020-08-03,15:04:10.267000,12417,12418,12418,20
2020-08-03,15:04:10.961000,12418,12419,12419,1
2020-08-03,15:04:11.151000,12418,12419,12419,4
2020-08-03,15:04:13.159000,12419,12420,12419,4
2020-08-03,15:04:13.159000,12419,12420,12418,1
2020-08-03,15:04:13.165000,12419,12420,12418,1
2020-08-03,15:04:13.846000,12419,12420,12419,1
2020-08-03,15:04:14.212000,12419,12420,12420,1
2020-08-03,15:04:14.256000,12419,12420,12420,3
2020-08-03,15:04:17.302000,12418,12420,12420,1
2020-08-03,15:04:18.409000,12418,12420,12419,1
2020-08-03,15:04:19.112000,12419,12420,12420,1
2020-08-03,15:04:22.452000,12419,12420,12420,1
2020-08-03,15:04:23.305000,12419,12420,12420,8
2020-08-03,15:04:23.306000,12419,12420,12420,2
2020-08-03,15:04:27.579000,12420,12421,12420,1
2020-08-03,15:04:27.579000,12420,12421,12420,3
2020-08-03,15:04:30.403000,12420,12421,12421,6
2020-08-03,15:04:32.933000,12421,12422,12421,5
2020-08-03,15:04:33.139000,12421,12422,12421,1
2020-08-03,15:04:36.783000,12421,12422,12422,1
2020-08-03,15:04:38.248000,12421,12422,12422,6
2020-08-03,15:04:38.448000,12422,12423,12423,1
2020-08-03,15:04:38.855000,12422,12423,12423,2
2020-08-03,15:04:38.866000,12422,12423,12424,2
2020-08-03,15:04:38.998000,12422,12424,12424,1
2020-08-03,15:04:42.653000,12423,12424,12424,1
2020-08-03,15:04:43.104000,12423,12424,12424,6
2020-08-03,15:04:44.489000,12423,12424,12424,2
2020-08-03,15:04:45.032000,12424,12425,12424,1
2020-08-03,15:04:45.182000,12424,12425,12424,1
2020-08-03,15:04:46.025000,12424,12425,12424,1
2020-08-03,15:04:46.788000,12424,12425,12425,1
2020-08-03,15:04:47.025000,12424,12425,12424,2
2020-08-03,15:04:48.828000,12424,12425,12425,1
2020-08-03,15:04:48.828000,12424,12425,12425,2
2020-08-03,15:04:48.829000,12424,12425,12425,1
2020-08-03,15:04:48.829000,12424,12425,12425,1
2020-08-03,15:04:48.829000,12424,12425,12425,1
2020-08-03,15:04:48.829000,12424,12425,12425,5
2020-08-03,15:04:49.568000,12425,12426,12425,1
2020-08-03,15:04:49.969000,12425,12426,12425,1
2020-08-03,15:04:50.607000,12425,12426,12425,1
2020-08-03,15:04:52.373000,12425,12426,12425,1
2020-08-03,15:04:53.099000,12425,12426,12425,1
2020-08-03,15:04:53.169000,12425,12426,12426,7
2020-08-03,15:04:53.241000,12425,12426,12426,1
2020-08-03,15:04:53.440000,12426,12427,12426,1
2020-08-03,15:04:55.449000,12426,12427,12426,1
2020-08-03,15:04:56.935000,12426,12427,12427,1
2020-08-03,15:04:57.968000,12426,12427,12427,1
2020-08-03,15:04:58.486000,12426,12427,12426,5
2020-08-03,15:05:00.326000,12425,12426,12427,2
2020-08-03,15:05:01.009000,12426,12427,12427,1
2020-08-03,15:05:03.507000,12426,12427,12427,2
2020-08-03,15:05:06.678000,12426,12427,12426,1
2020-08-03,15:05:07.523000,12426,12427,12426,1
2020-08-03,15:05:08.180000,12426,12427,12426,1
2020-08-03,15:05:08.951000,12426,12427,12427,2
2020-08-03,15:05:09.129000,12426,12427,12426,2
2020-08-03,15:05:09.130000,12426,12427,12426,2
2020-08-03,15:05:10.017000,12426,12427,12427,2
2020-08-03,15:05:10.532000,12426,12427,12427,2
2020-08-03,15:05:10.802000,12426,12428,12426,1
2020-08-03,15:05:11.434000,12425,12427,12427,1
2020-08-03,15:05:13.728000,12426,12427,12427,1
2020-08-03,15:05:14.066000,12426,12428,12426,1
2020-08-03,15:05:14.426000,12426,12427,12427,2
2020-08-03,15:05:14.585000,12426,12427,12426,1
2020-08-03,15:05:15.547000,12426,12427,12426,1
2020-08-03,15:05:20.110000,12425,12426,12425,1
2020-08-03,15:05:20.184000,12425,12426,12425,2
2020-08-03,15:05:21.987000,12424,12425,12425,1
2020-08-03,15:05:22.741000,12424,12425,12425,1
2020-08-03,15:05:22.975000,12424,12425,12425,1
2020-08-03,15:05:24.768000,12424,12426,12424,5
2020-08-03,15:05:24.849000,12424,12426,12425,1
2020-08-03,15:05:29.337000,12425,12426,12425,1
2020-08-03,15:05:30.541000,12425,12426,12425,1
2020-08-03,15:05:31.663000,12425,12426,12425,1
2020-08-03,15:05:32.223000,12425,12426,12426,4
2020-08-03,15:05:32.645000,12426,12427,12426,1
2020-08-03,15:05:35.041000,12425,12426,12425,1
2020-08-03,15:05:35.041000,12425,12426,12425,1
2020-08-03,15:05:37.883000,12424,12425,12424,3
2020-08-03,15:05:37.883000,12424,12425,12424,1
2020-08-03,15:05:37.883000,12424,12425,12424,4
2020-08-03,15:05:40.780000,12423,12424,12423,2
2020-08-03,15:05:41.031000,12422,12423,12422,3
2020-08-03,15:05:43.552000,12422,12423,12422,1
2020-08-03,15:05:45.139000,12421,12422,12422,1
2020-08-03,15:05:45.474000,12422,12423,12423,1
2020-08-03,15:05:47.618000,12423,12424,12424,4
2020-08-03,15:05:47.619000,12423,12424,12424,1
2020-08-03,15:05:48.319000,12423,12425,12423,5
2020-08-03,15:05:48.319000,12423,12425,12422,5
2020-08-03,15:05:49.640000,12422,12424,12424,1
2020-08-03,15:05:52.826000,12423,12424,12424,3
2020-08-03,15:05:53.361000,12424,12425,12424,1
2020-08-03,15:05:54.810000,12424,12425,12425,5
2020-08-03,15:05:55.012000,12424,12425,12425,5
2020-08-03,15:05:55.249000,12424,12425,12425,2
2020-08-03,15:05:55.249000,12424,12425,12426,3
2020-08-03,15:05:55.510000,12424,12426,12426,5
2020-08-03,15:05:59.044000,12424,12425,12425,1
2020-08-03,15:06:00.052000,12424,12425,12425,1
2020-08-03,15:06:00.055000,12424,12425,12425,1
2020-08-03,15:06:00.087000,12424,12425,12425,1
2020-08-03,15:06:00.680000,12424,12426,12426,3
2020-08-03,15:06:02.150000,12424,12425,12424,1
2020-08-03,15:06:05.447000,12422,12424,12424,2
2020-08-03,15:06:07.152000,12423,12424,12424,3
2020-08-03,15:06:07.152000,12423,12424,12425,2
2020-08-03,15:06:07.346000,12423,12425,12425,5
2020-08-03,15:06:19.266000,12423,12424,12423,2
2020-08-03,15:06:19.853000,12423,12424,12424,1
2020-08-03,15:06:25.889000,12423,12424,12423,2
2020-08-03,15:06:25.890000,12423,12424,12423,2
2020-08-03,15:06:32.589000,12422,12423,12423,1
2020-08-03,15:06:33.100000,12422,12423,12423,1
2020-08-03,15:06:44.049000,12422,12423,12423,1
2020-08-03,15:06:44.049000,12422,12423,12423,2
2020-08-03,15:06:44.049000,12422,12423,12423,1
2020-08-03,15:06:48.417000,12423,12424,12423,2
2020-08-03,15:06:48.638000,12423,12424,12423,1
2020-08-03,15:06:48.902000,12423,12424,12423,1
2020-08-03,15:06:51.846000,12422,12423,12423,1
2020-08-03,15:07:01.081000,12422,12423,12423,5
2020-08-03,15:07:01.354000,12422,12423,12423,1
2020-08-03,15:07:02.233000,12422,12423,12422,10
2020-08-03,15:07:02.422000,12422,12423,12422,1
2020-08-03,15:07:02.599000,12422,12423,12422,1
2020-08-03,15:07:03.642000,12422,12423,12423,1
2020-08-03,15:07:04.213000,12423,12424,12423,2
2020-08-03,15:07:13.070000,12423,12424,12424,3
2020-08-03,15:07:13.313000,12424,12425,12424,1
2020-08-03,15:07:13.516000,12424,12425,12424,1
2020-08-03,15:07:14.034000,12424,12425,12425,1
2020-08-03,15:07:14.034000,12424,12425,12425,7
2020-08-03,15:07:14.809000,12424,12426,12424,5
2020-08-03,15:07:23.143000,12424,12426,12426,1
2020-08-03,15:07:24.745000,12424,12425,12425,2
2020-08-03,15:07:33.982000,12424,12426,12426,2
2020-08-03,15:07:34.993000,12424,12426,12425,1
2020-08-03,15:07:39.317000,12425,12426,12425,2
2020-08-03,15:07:42.994000,12424,12426,12426,1
2020-08-03,15:07:48.793000,12424,12426,12424,1
2020-08-03,15:07:57.531000,12424,12425,12424,3
2020-08-03,15:07:58.560000,12424,12425,12424,2
2020-08-03,15:08:02.333000,12423,12425,12423,1
2020-08-03,15:08:04.573000,12423,12424,12424,1
2020-08-03,15:08:06.895000,12423,12424,12423,1
2020-08-03,15:08:07.295000,12423,12424,12423,2
2020-08-03,15:08:07.346000,12423,12424,12423,2
2020-08-03,15:08:07.396000,12423,12424,12423,1
2020-08-03,15:08:11.635000,12422,12423,12423,5
2020-08-03,15:08:12.395000,12422,12424,12422,2
2020-08-03,15:08:15.315000,12422,12423,12423,1
2020-08-03,15:08:19.544000,12423,12424,12423,1
2020-08-03,15:08:19.897000,12423,12424,12423,1
2020-08-03,15:08:21.093000,12423,12424,12424,1
2020-08-03,15:08:21.108000,12423,12424,12423,1
2020-08-03,15:08:21.816000,12423,12424,12423,2
2020-08-03,15:08:25.270000,12423,12424,12423,1
2020-08-03,15:08:32.023000,12422,12423,12423,1
2020-08-03,15:08:35.018000,12422,12423,12422,6
2020-08-03,15:08:35.018000,12422,12423,12422,3
2020-08-03,15:08:35.018000,12422,12423,12422,23
2020-08-03,15:08:35.018000,12422,12423,12422,1
2020-08-03,15:08:35.019000,12422,12423,12422,4
2020-08-03,15:08:46.143000,12421,12422,12421,2
2020-08-03,15:08:46.143000,12421,12422,12421,3
2020-08-03,15:08:46.143000,12421,12422,12421,1
2020-08-03,15:08:47.739000,12420,12421,12421,5
2020-08-03,15:08:51.826000,12420,12422,12421,1
2020-08-03,15:08:53.559000,12420,12421,12420,5
2020-08-03,15:08:54.940000,12420,12421,12420,2
2020-08-03,15:08:55.013000,12420,12421,12420,1
2020-08-03,15:08:55.377000,12420,12421,12420,1
2020-08-03,15:08:55.377000,12420,12421,12420,2
2020-08-03,15:08:55.377000,12420,12421,12420,4
2020-08-03,15:08:55.378000,12420,12421,12420,4
2020-08-03,15:08:59.499000,12419,12420,12419,6
2020-08-03,15:08:59.671000,12418,12419,12418,5
2020-08-03,15:09:00.606000,12418,12419,12419,1
2020-08-03,15:09:00.859000,12418,12420,12420,1
2020-08-03,15:09:00.990000,12419,12420,12419,1
2020-08-03,15:09:01.938000,12419,12420,12419,1
2020-08-03,15:09:02.360000,12419,12420,12419,1
2020-08-03,15:09:09.295000,12419,12420,12419,1
2020-08-03,15:09:10.472000,12419,12420,12419,3
2020-08-03,15:09:11.006000,12419,12420,12420,6
2020-08-03,15:09:11.258000,12420,12421,12420,1
2020-08-03,15:09:11.384000,12419,12421,12419,1
2020-08-03,15:09:12.643000,12420,12421,12420,1
2020-08-03,15:09:13.091000,12420,12421,12420,3
2020-08-03,15:09:13.524000,12420,12421,12420,1
2020-08-03,15:09:14.044000,12420,12421,12421,1
2020-08-03,15:09:16.396000,12420,12422,12420,2
2020-08-03,15:09:19.509000,12420,12421,12420,4
2020-08-03,15:09:24.139000,12420,12421,12421,1
2020-08-03,15:09:25.845000,12420,12421,12421,1
2020-08-03,15:09:28.610000,12420,12421,12421,1
2020-08-03,15:09:32.579000,12420,12421,12421,1
2020-08-03,15:09:32.823000,12420,12422,12420,3
2020-08-03,15:09:37.748000,12420,12421,12420,5
2020-08-03,15:09:46.387000,12419,12420,12419,2
2020-08-03,15:09:47.190000,12418,12419,12418,1
2020-08-03,15:09:52.651000,12418,12420,12418,1
2020-08-03,15:10:00.645000,12419,12420,12419,1
2020-08-03,15:10:00.994000,12419,12420,12419,1
2020-08-03,15:10:04.904000,12419,12420,12419,1
2020-08-03,15:10:10.707000,12418,12419,12418,4
2020-08-03,15:10:10.710000,12418,12419,12418,4
2020-08-03,15:10:10.710000,12418,12419,12418,5
2020-08-03,15:10:10.711000,12418,12419,12418,1
2020-08-03,15:10:10.711000,12418,12419,12418,3
2020-08-03,15:10:12.089000,12417,12418,12417,1
2020-08-03,15:10:12.151000,12417,12418,12417,3
2020-08-03,15:10:12.151000,12417,12418,12416,1
2020-08-03,15:10:12.395000,12417,12418,12417,1
2020-08-03,15:10:12.701000,12417,12418,12417,1
2020-08-03,15:10:14.220000,12416,12417,12417,1
2020-08-03,15:10:14.220000,12416,12417,12418,4
2020-08-03,15:10:17.623000,12417,12418,12418,1
2020-08-03,15:10:18.102000,12417,12419,12419,1
2020-08-03,15:10:18.731000,12418,12419,12418,1
2020-08-03,15:10:18.980000,12418,12419,12419,1
2020-08-03,15:10:19.189000,12418,12420,12418,6
2020-08-03,15:10:21.539000,12419,12420,12419,1
2020-08-03,15:10:21.749000,12419,12420,12419,1
2020-08-03,15:10:22.125000,12419,12420,12420,6
2020-08-03,15:10:22.170000,12419,12420,12420,1
2020-08-03,15:10:24.778000,12419,12421,12419,1
2020-08-03,15:10:32.669000,12420,12421,12420,1
2020-08-03,15:10:33.783000,12420,12421,12421,1
2020-08-03,15:10:35.183000,12420,12422,12420,2
2020-08-03,15:10:35.918000,12420,12421,12420,1
2020-08-03,15:10:36.295000,12420,12421,12421,1
2020-08-03,15:10:36.830000,12420,12422,12422,1
2020-08-03,15:10:45.979000,12420,12421,12421,1
2020-08-03,15:10:48.567000,12420,12421,12421,2
2020-08-03,15:11:04.238000,12421,12422,12421,1
2020-08-03,15:11:05.278000,12420,12421,12420,3
2020-08-03,15:11:05.278000,12420,12421,12420,2
2020-08-03,15:11:05.278000,12420,12421,12420,1
2020-08-03,15:11:05.278000,12420,12421,12420,2
2020-08-03,15:11:05.691000,12419,12420,12420,1
2020-08-03,15:11:10.844000,12419,12421,12419,5
2020-08-03,15:11:14.802000,12419,12421,12421,1
2020-08-03,15:11:22.335000,12419,12420,12419,1
2020-08-03,15:11:22.508000,12418,12419,12418,1
2020-08-03,15:11:23.451000,12418,12419,12419,1
2020-08-03,15:11:23.579000,12418,12419,12419,1
2020-08-03,15:11:29.226000,12418,12419,12419,2
2020-08-03,15:11:32.431000,12418,12419,12418,1
2020-08-03,15:11:32.741000,12418,12419,12418,1
2020-08-03,15:11:33.051000,12418,12419,12418,1
2020-08-03,15:11:33.052000,12418,12419,12418,2
2020-08-03,15:11:36.628000,12417,12418,12417,1
2020-08-03,15:11:36.953000,12417,12418,12417,1
2020-08-03,15:11:37.259000,12417,12418,12417,1
2020-08-03,15:11:37.727000,12416,12418,12417,1
2020-08-03,15:11:37.727000,12416,12418,12418,1
2020-08-03,15:11:40.823000,12417,12418,12417,1
2020-08-03,15:11:41.634000,12416,12418,12416,1
2020-08-03,15:11:44.928000,12417,12418,12417,1
2020-08-03,15:11:45.140000,12417,12418,12417,2
2020-08-03,15:11:45.414000,12416,12418,12416,1
2020-08-03,15:11:46.465000,12416,12418,12416,1
2020-08-03,15:11:46.768000,12416,12418,12416,1
2020-08-03,15:11:47.219000,12416,12418,12418,1
2020-08-03,15:11:48.926000,12416,12417,12416,9
2020-08-03,15:11:48.996000,12416,12417,12416,1
2020-08-03,15:11:49.132000,12416,12417,12416,2
2020-08-03,15:11:49.442000,12416,12417,12416,2
2020-08-03,15:11:49.757000,12416,12417,12416,2
2020-08-03,15:11:50.181000,12416,12417,12416,1
2020-08-03,15:11:50.181000,12416,12417,12415,1
2020-08-03,15:11:55.517000,12415,12416,12415,20
2020-08-03,15:11:56.324000,12415,12416,12416,1
2020-08-03,15:11:58.888000,12415,12416,12415,10
2020-08-03,15:11:58.923000,12415,12416,12415,1
2020-08-03,15:12:00.151000,12415,12416,12415,1
2020-08-03,15:12:02.267000,12415,12416,12416,3
2020-08-03,15:12:04.180000,12415,12416,12415,1
2020-08-03,15:12:06.853000,12415,12416,12416,1
2020-08-03,15:12:07.414000,12415,12416,12415,1
2020-08-03,15:12:07.895000,12415,12416,12416,1
2020-08-03,15:12:09.003000,12415,12416,12416,1
2020-08-03,15:12:10.594000,12415,12416,12415,1
2020-08-03,15:12:11.291000,12415,12416,12416,2
2020-08-03,15:12:12.763000,12415,12416,12416,2
2020-08-03,15:12:13.064000,12415,12416,12415,1
2020-08-03,15:12:13.349000,12415,12416,12416,1
2020-08-03,15:12:13.422000,12415,12417,12415,2
2020-08-03,15:12:17.667000,12415,12416,12415,1
2020-08-03,15:12:20.519000,12415,12416,12416,3
2020-08-03,15:12:20.582000,12415,12416,12416,4
2020-08-03,15:12:22.377000,12415,12416,12416,1
2020-08-03,15:12:22.377000,12415,12416,12416,1
2020-08-03,15:12:24.641000,12416,12417,12417,2
2020-08-03,15:12:24.876000,12417,12418,12417,2
2020-08-03,15:12:25.210000,12417,12418,12416,2
2020-08-03,15:12:25.299000,12417,12418,12417,1
2020-08-03,15:12:25.518000,12417,12418,12417,1
2020-08-03,15:12:25.518000,12417,12418,12416,1
2020-08-03,15:12:30.022000,12416,12418,12416,1
2020-08-03,15:12:33.081000,12416,12418,12416,1
2020-08-03,15:12:42.588000,12417,12418,12418,1
2020-08-03,15:12:47.899000,12416,12418,12418,6
2020-08-03,15:12:50.673000,12417,12418,12417,1
2020-08-03,15:13:02.443000,12416,12417,12417,1
2020-08-03,15:13:03.357000,12416,12417,12416,1
2020-08-03,15:13:06.578000,12416,12417,12416,9
2020-08-03,15:13:07.290000,12415,12416,12415,11
2020-08-03,15:13:09.507000,12414,12415,12414,3
2020-08-03,15:13:10.174000,12414,12415,12415,1
2020-08-03,15:13:13.605000,12414,12415,12414,5
2020-08-03,15:13:14.371000,12414,12415,12414,1
2020-08-03,15:13:14.594000,12414,12415,12414,1
2020-08-03,15:13:15.605000,12414,12415,12414,5
2020-08-03,15:13:15.605000,12414,12415,12414,6
2020-08-03,15:13:16.500000,12413,12415,12413,1
2020-08-03,15:13:16.654000,12413,12415,12413,1
2020-08-03,15:13:17.437000,12413,12415,12413,1
2020-08-03,15:13:19.542000,12413,12414,12413,3
2020-08-03,15:13:23.196000,12413,12414,12413,1
2020-08-03,15:13:27.461000,12413,12414,12413,1
2020-08-03,15:13:27.538000,12413,12414,12413,2
2020-08-03,15:13:27.697000,12413,12414,12414,2
2020-08-03,15:13:28.683000,12413,12414,12414,1
2020-08-03,15:13:30.964000,12413,12414,12413,5
2020-08-03,15:13:31.236000,12412,12413,12413,6
2020-08-03,15:13:31.237000,12412,12413,12413,4
2020-08-03,15:13:32.924000,12412,12413,12413,1
2020-08-03,15:13:36.204000,12412,12413,12413,1
2020-08-03,15:13:36.741000,12412,12413,12413,2
2020-08-03,15:13:36.759000,12412,12413,12413,1
2020-08-03,15:13:38.104000,12412,12414,12412,2
2020-08-03,15:13:39.618000,12412,12413,12412,1
2020-08-03,15:13:40.410000,12412,12413,12412,1
2020-08-03,15:13:41.146000,12412,12413,12413,4
2020-08-03,15:13:42.693000,12412,12413,12412,1
2020-08-03,15:13:43.562000,12412,12413,12413,1
2020-08-03,15:13:43.788000,12413,12414,12413,1
2020-08-03,15:13:44.866000,12412,12413,12413,1
2020-08-03,15:13:47.530000,12413,12414,12413,5
2020-08-03,15:13:47.530000,12413,12414,12412,2
2020-08-03,15:13:53.617000,12412,12413,12413,3
2020-08-03,15:13:53.660000,12412,12413,12413,2
2020-08-03,15:13:53.710000,12412,12413,12413,2
2020-08-03,15:13:55.196000,12412,12413,12413,3
2020-08-03,15:13:55.751000,12413,12414,12413,1
2020-08-03,15:13:56.361000,12413,12414,12413,1
2020-08-03,15:13:57.026000,12413,12414,12413,2
2020-08-03,15:13:57.388000,12413,12414,12413,6
2020-08-03,15:14:00.102000,12413,12414,12414,1
2020-08-03,15:14:00.131000,12413,12414,12414,1
2020-08-03,15:14:04.352000,12413,12414,12413,3
2020-08-03,15:14:04.600000,12413,12414,12414,1
2020-08-03,15:14:07.139000,12414,12415,12414,2
2020-08-03,15:14:09.837000,12414,12415,12414,1
2020-08-03,15:14:09.938000,12414,12415,12415,1
2020-08-03,15:14:11.086000,12414,12415,12415,21
2020-08-03,15:14:12.125000,12415,12416,12416,1
2020-08-03,15:14:15.079000,12415,12416,12416,1
2020-08-03,15:14:15.278000,12415,12416,12415,2
2020-08-03,15:14:16.205000,12414,12415,12414,1
2020-08-03,15:14:33.557000,12413,12414,12413,1
2020-08-03,15:14:33.557000,12413,12414,12413,1
2020-08-03,15:14:35.872000,12412,12413,12412,1
2020-08-03,15:14:37.996000,12412,12414,12412,9
2020-08-03,15:14:39.277000,12412,12413,12413,1
2020-08-03,15:14:40.634000,12412,12413,12412,3
2020-08-03,15:14:41.380000,12412,12413,12412,1
2020-08-03,15:14:41.664000,12412,12413,12412,1
2020-08-03,15:14:44.118000,12412,12413,12412,1
2020-08-03,15:14:44.435000,12412,12413,12412,1
2020-08-03,15:14:44.634000,12412,12413,12412,5
2020-08-03,15:14:44.738000,12412,12413,12411,1
2020-08-03,15:14:45.291000,12411,12412,12411,1
2020-08-03,15:14:45.291000,12411,12412,12411,7
2020-08-03,15:14:45.562000,12410,12411,12411,4
2020-08-03,15:14:46.921000,12410,12412,12410,4
2020-08-03,15:14:47.057000,12410,12412,12410,1
2020-08-03,15:14:47.085000,12410,12412,12410,2
2020-08-03,15:14:47.092000,12410,12412,12410,1
2020-08-03,15:14:47.218000,12410,12411,12410,2
2020-08-03,15:14:47.218000,12410,12411,12410,2
2020-08-03,15:14:47.635000,12410,12411,12410,1
2020-08-03,15:14:47.894000,12410,12411,12410,1
2020-08-03,15:14:49.595000,12410,12411,12411,1
2020-08-03,15:14:49.604000,12410,12411,12411,1
2020-08-03,15:14:49.883000,12410,12411,12410,2
2020-08-03,15:14:53.442000,12411,12412,12411,1
2020-08-03,15:14:54.444000,12411,12412,12411,2
2020-08-03,15:14:54.845000,12411,12412,12411,1
2020-08-03,15:14:56.933000,12410,12411,12410,1
2020-08-03,15:14:58.503000,12410,12411,12410,1
2020-08-03,15:14:58.870000,12410,12411,12410,1
2020-08-03,15:15:00.114000,12410,12411,12411,1
2020-08-03,15:15:00.209000,12410,12411,12410,12
2020-08-03,15:15:00.240000,12410,12411,12410,3
2020-08-03,15:15:00.240000,12410,12411,12410,7
2020-08-03,15:15:00.249000,12409,12410,12410,1
2020-08-03,15:15:00.277000,12409,12410,12409,1
2020-08-03,15:15:00.293000,12409,12410,12410,4
2020-08-03,15:15:00.293000,12409,12410,12411,6
2020-08-03,15:15:00.353000,12409,12410,12409,2
2020-08-03,15:15:00.361000,12409,12410,12409,3
2020-08-03,15:15:00.361000,12409,12410,12408,1
2020-08-03,15:15:00.394000,12408,12410,12408,5
2020-08-03,15:15:00.483000,12408,12410,12409,4
2020-08-03,15:15:00.489000,12408,12410,12409,5
2020-08-03,15:15:00.506000,12409,12410,12409,1
2020-08-03,15:15:00.506000,12409,12410,12408,3
2020-08-03,15:15:00.579000,12409,12410,12408,1
2020-08-03,15:15:00.639000,12408,12409,12408,1
2020-08-03,15:15:00.811000,12408,12409,12409,1
2020-08-03,15:15:00.811000,12408,12409,12410,1
2020-08-03,15:15:01.625000,12408,12409,12408,2
2020-08-03,15:15:01.745000,12408,12409,12408,9
2020-08-03,15:15:01.745000,12408,12409,12408,4
2020-08-03,15:15:01.745000,12408,12409,12408,1
2020-08-03,15:15:01.745000,12408,12409,12408,19
2020-08-03,15:15:01.745000,12408,12409,12408,4
2020-08-03,15:15:01.745000,12408,12409,12408,1
2020-08-03,15:15:01.746000,12408,12409,12408,5
2020-08-03,15:15:01.870000,12407,12408,12407,3
2020-08-03,15:15:01.935000,12407,12408,12407,1
2020-08-03,15:15:01.995000,12407,12408,12407,1
2020-08-03,15:15:02.044000,12407,12408,12407,37
2020-08-03,15:15:02.044000,12407,12408,12406,11
2020-08-03,15:15:02.222000,12406,12407,12406,4
2020-08-03,15:15:02.289000,12406,12408,12406,1
2020-08-03,15:15:02.318000,12406,12408,12407,1
2020-08-03,15:15:02.510000,12406,12408,12406,3
2020-08-03,15:15:03.264000,12406,12407,12406,2
2020-08-03,15:15:03.469000,12406,12407,12407,1
2020-08-03,15:15:03.613000,12406,12407,12407,1
2020-08-03,15:15:03.696000,12406,12407,12406,3
2020-08-03,15:15:03.806000,12406,12407,12406,1
2020-08-03,15:15:04.635000,12406,12407,12406,10
2020-08-03,15:15:05.088000,12406,12407,12406,1
2020-08-03,15:15:05.225000,12406,12407,12406,12
2020-08-03,15:15:05.230000,12406,12407,12406,1
2020-08-03,15:15:06.537000,12405,12406,12405,1
2020-08-03,15:15:06.638000,12405,12406,12405,5
2020-08-03,15:15:06.644000,12405,12406,12405,2
2020-08-03,15:15:06.671000,12405,12406,12405,1
2020-08-03,15:15:06.683000,12405,12406,12405,6
2020-08-03,15:15:06.685000,12405,12406,12404,1
2020-08-03,15:15:06.713000,12405,12406,12404,2
2020-08-03,15:15:06.765000,12404,12406,12404,5
2020-08-03,15:15:06.767000,12404,12406,12404,2
2020-08-03,15:15:06.773000,12404,12406,12404,3
2020-08-03,15:15:06.773000,12404,12406,12404,1
2020-08-03,15:15:06.774000,12404,12406,12404,2
2020-08-03,15:15:06.780000,12404,12406,12404,2
2020-08-03,15:15:06.793000,12404,12406,12404,1
2020-08-03,15:15:06.795000,12404,12406,12403,1
2020-08-03,15:15:06.801000,12404,12406,12405,1
2020-08-03,15:15:06.806000,12404,12406,12403,1
2020-08-03,15:15:06.824000,12404,12406,12403,1
2020-08-03,15:15:06.837000,12404,12406,12403,1
2020-08-03,15:15:06.879000,12403,12404,12403,2
2020-08-03,15:15:06.880000,12403,12404,12403,1
2020-08-03,15:15:06.883000,12403,12404,12403,1
2020-08-03,15:15:06.942000,12403,12404,12403,1
2020-08-03,15:15:06.953000,12403,12404,12403,1
2020-08-03,15:15:06.973000,12403,12404,12403,1
2020-08-03,15:15:07,12403,12404,12403,1
2020-08-03,15:15:07,12403,12404,12403,1
2020-08-03,15:15:07.005000,12403,12404,12402,1
2020-08-03,15:15:07.007000,12403,12404,12402,1
2020-08-03,15:15:07.007000,12403,12404,12402,1
2020-08-03,15:15:07.007000,12403,12404,12402,1
2020-08-03,15:15:07.010000,12403,12404,12403,1
2020-08-03,15:15:07.022000,12403,12404,12402,1
2020-08-03,15:15:07.029000,12403,12404,12402,1
2020-08-03,15:15:07.036000,12403,12404,12402,2
2020-08-03,15:15:07.036000,12403,12404,12402,1
2020-08-03,15:15:07.036000,12403,12404,12402,3
2020-08-03,15:15:07.045000,12403,12404,12401,1
2020-08-03,15:15:07.046000,12403,12404,12403,2
2020-08-03,15:15:07.047000,12403,12404,12401,3
2020-08-03,15:15:07.051000,12403,12404,12401,10
2020-08-03,15:15:07.055000,12403,12404,12401,1
2020-08-03,15:15:07.061000,12403,12404,12401,6
2020-08-03,15:15:07.093000,12403,12404,12401,1
2020-08-03,15:15:07.093000,12403,12404,12401,1
2020-08-03,15:15:07.093000,12403,12404,12401,4
2020-08-03,15:15:07.103000,12403,12404,12401,1
2020-08-03,15:15:07.106000,12403,12404,12401,1
2020-08-03,15:15:07.107000,12403,12404,12401,1
2020-08-03,15:15:07.129000,12401,12402,12401,1
2020-08-03,15:15:07.146000,12401,12402,12401,1
2020-08-03,15:15:07.148000,12401,12402,12401,3
2020-08-03,15:15:07.166000,12401,12402,12401,2
2020-08-03,15:15:07.167000,12401,12402,12401,2
2020-08-03,15:15:07.177000,12401,12402,12401,3
2020-08-03,15:15:07.187000,12401,12402,12401,1
2020-08-03,15:15:07.188000,12401,12402,12401,1
2020-08-03,15:15:07.200000,12401,12402,12401,1
2020-08-03,15:15:07.249000,12400,12401,12400,1
2020-08-03,15:15:07.250000,12400,12401,12400,1
2020-08-03,15:15:07.251000,12400,12401,12400,4
2020-08-03,15:15:07.251000,12400,12401,12400,1
2020-08-03,15:15:07.274000,12400,12401,12400,1
2020-08-03,15:15:07.281000,12400,12401,12400,1
2020-08-03,15:15:07.325000,12400,12401,12401,2
2020-08-03,15:15:07.330000,12400,12401,12400,1
2020-08-03,15:15:07.331000,12400,12401,12400,1
2020-08-03,15:15:07.350000,12400,12401,12400,1
2020-08-03,15:15:07.379000,12400,12401,12400,1
2020-08-03,15:15:07.389000,12400,12401,12400,2
2020-08-03,15:15:07.412000,12400,12401,12400,1
2020-08-03,15:15:07.423000,12400,12401,12400,2
2020-08-03,15:15:07.433000,12400,12401,12400,1
2020-08-03,15:15:07.461000,12400,12401,12400,1
2020-08-03,15:15:07.461000,12400,12401,12400,8
2020-08-03,15:15:07.504000,12400,12401,12400,14
2020-08-03,15:15:07.505000,12400,12401,12400,1
2020-08-03,15:15:07.518000,12400,12401,12400,10
2020-08-03,15:15:07.566000,12400,12401,12399,2
2020-08-03,15:15:07.569000,12400,12401,12399,1
2020-08-03,15:15:07.612000,12400,12401,12399,1
2020-08-03,15:15:07.622000,12399,12400,12399,1
2020-08-03,15:15:07.637000,12399,12400,12400,11
2020-08-03,15:15:07.637000,12399,12400,12401,20
2020-08-03,15:15:07.637000,12399,12400,12402,2
2020-08-03,15:15:07.681000,12399,12400,12400,1
2020-08-03,15:15:07.688000,12399,12400,12400,1
2020-08-03,15:15:07.692000,12399,12400,12399,1
2020-08-03,15:15:07.702000,12399,12400,12401,1
2020-08-03,15:15:07.708000,12399,12400,12399,1
2020-08-03,15:15:07.835000,12399,12401,12399,1
2020-08-03,15:15:07.888000,12399,12401,12401,2
2020-08-03,15:15:07.893000,12399,12401,12399,1
2020-08-03,15:15:08.010000,12399,12401,12399,5
2020-08-03,15:15:08.126000,12399,12401,12399,1
2020-08-03,15:15:08.246000,12399,12401,12399,1
2020-08-03,15:15:08.253000,12399,12401,12399,1
2020-08-03,15:15:08.255000,12399,12401,12399,1
2020-08-03,15:15:08.318000,12399,12401,12399,1
2020-08-03,15:15:08.352000,12399,12401,12399,1
2020-08-03,15:15:08.424000,12399,12401,12401,1
2020-08-03,15:15:08.503000,12399,12401,12401,1
2020-08-03,15:15:08.565000,12399,12401,12399,1
2020-08-03,15:15:08.655000,12401,12403,12401,2
2020-08-03,15:15:08.685000,12401,12403,12401,1
2020-08-03,15:15:08.760000,12401,12403,12401,1
2020-08-03,15:15:09.040000,12401,12402,12401,5
2020-08-03,15:15:09.191000,12401,12402,12401,10
2020-08-03,15:15:09.243000,12401,12402,12400,1
2020-08-03,15:15:09.430000,12401,12402,12402,2
2020-08-03,15:15:09.565000,12401,12403,12401,1
2020-08-03,15:15:09.584000,12401,12403,12401,1
2020-08-03,15:15:09.740000,12401,12403,12401,1
2020-08-03,15:15:09.994000,12401,12402,12401,1
2020-08-03,15:15:10.176000,12400,12402,12400,2
2020-08-03,15:15:10.286000,12400,12401,12401,2
2020-08-03,15:15:10.488000,12400,12401,12400,1
2020-08-03,15:15:10.514000,12400,12401,12400,1
2020-08-03,15:15:11.609000,12400,12401,12400,1
2020-08-03,15:15:11.771000,12400,12401,12401,3
2020-08-03,15:15:11.772000,12400,12401,12401,1
2020-08-03,15:15:11.772000,12400,12401,12401,2
2020-08-03,15:15:11.838000,12400,12401,12402,1
2020-08-03,15:15:12.105000,12401,12403,12401,1
2020-08-03,15:15:12.281000,12401,12403,12401,1
2020-08-03,15:15:12.542000,12401,12403,12401,5
2020-08-03,15:15:13.061000,12401,12402,12401,4
2020-08-03,15:15:13.061000,12401,12402,12400,11
2020-08-03,15:15:13.208000,12399,12401,12401,8
2020-08-03,15:15:13.208000,12399,12401,12402,18
2020-08-03,15:15:13.210000,12399,12401,12401,2
2020-08-03,15:15:14.545000,12401,12402,12401,1
2020-08-03,15:15:15.148000,12401,12402,12401,5
2020-08-03,15:15:15.294000,12400,12402,12400,1
2020-08-03,15:15:15.784000,12400,12401,12401,1
2020-08-03,15:15:16.696000,12400,12401,12400,1
2020-08-03,15:15:16.865000,12400,12401,12400,1
2020-08-03,15:15:16.865000,12400,12401,12399,1
2020-08-03,15:15:16.875000,12399,12400,12400,1
2020-08-03,15:15:17.567000,12399,12400,12400,1
2020-08-03,15:15:18.937000,12400,12401,12401,1
2020-08-03,15:15:19.234000,12400,12401,12400,1
2020-08-03,15:15:19.315000,12399,12400,12399,1
2020-08-03,15:15:19.621000,12399,12400,12399,1
2020-08-03,15:15:19.828000,12399,12400,12399,1
2020-08-03,15:15:20.206000,12399,12400,12399,1
2020-08-03,15:15:20.855000,12399,12400,12400,2
2020-08-03,15:15:20.980000,12399,12401,12400,1
2020-08-03,15:15:20.986000,12399,12401,12400,1
2020-08-03,15:15:21.287000,12400,12401,12400,1
2020-08-03,15:15:21.456000,12400,12401,12400,1
2020-08-03,15:15:21.814000,12400,12401,12400,5
2020-08-03,15:15:21.949000,12400,12401,12400,1
2020-08-03,15:15:22.947000,12400,12401,12400,1
2020-08-03,15:15:23.073000,12400,12401,12401,1
2020-08-03,15:15:23.726000,12400,12401,12400,1
2020-08-03,15:15:24.114000,12400,12401,12400,1
2020-08-03,15:15:24.236000,12400,12401,12400,1
2020-08-03,15:15:24.951000,12400,12401,12401,10
2020-08-03,15:15:24.995000,12401,12402,12402,3
2020-08-03,15:15:25.188000,12401,12403,12401,2
2020-08-03,15:15:25.244000,12401,12403,12401,4
2020-08-03,15:15:25.690000,12401,12403,12401,1
2020-08-03,15:15:25.822000,12401,12403,12401,1
2020-08-03,15:15:26.249000,12401,12403,12401,4
2020-08-03,15:15:26.750000,12402,12403,12402,1
2020-08-03,15:15:27.138000,12402,12403,12402,1
2020-08-03,15:15:27.206000,12402,12403,12401,1
2020-08-03,15:15:27.373000,12402,12403,12403,7
2020-08-03,15:15:27.677000,12403,12404,12403,3
2020-08-03,15:15:27.907000,12402,12404,12402,1
2020-08-03,15:15:28.187000,12402,12404,12404,2
2020-08-03,15:15:28.383000,12403,12404,12403,2
2020-08-03,15:15:30.354000,12402,12404,12402,1
2020-08-03,15:15:31.638000,12403,12404,12403,1
2020-08-03,15:15:31.864000,12403,12404,12404,1
2020-08-03,15:15:32.096000,12403,12404,12404,1
2020-08-03,15:15:32.166000,12403,12404,12404,1
2020-08-03,15:15:32.374000,12403,12404,12404,1
2020-08-03,15:15:33.538000,12403,12405,12403,1
2020-08-03,15:15:34.273000,12403,12404,12403,1
2020-08-03,15:15:35.754000,12403,12404,12404,1
2020-08-03,15:15:36.054000,12404,12405,12405,24
2020-08-03,15:15:36.129000,12405,12406,12406,1
2020-08-03,15:15:37.081000,12405,12406,12405,1
2020-08-03,15:15:40.360000,12405,12406,12406,2
2020-08-03,15:15:41.236000,12406,12407,12407,4
2020-08-03,15:15:42.790000,12407,12408,12407,2
2020-08-03,15:15:42.870000,12407,12408,12407,1
2020-08-03,15:15:42.964000,12407,12408,12408,2
2020-08-03,15:15:42.972000,12407,12408,12408,1
2020-08-03,15:15:43.500000,12407,12408,12407,1
2020-08-03,15:15:44.046000,12406,12407,12407,1
2020-08-03,15:15:44.531000,12406,12408,12406,1
2020-08-03,15:15:44.598000,12406,12408,12406,1
2020-08-03,15:15:45.420000,12406,12407,12407,1
2020-08-03,15:15:46.181000,12406,12407,12407,1
2020-08-03,15:15:46.522000,12406,12407,12406,2
2020-08-03,15:15:46.727000,12405,12407,12405,1
2020-08-03,15:15:46.840000,12405,12406,12406,1
2020-08-03,15:15:47.277000,12405,12406,12406,2
2020-08-03,15:15:48.930000,12405,12406,12406,1
2020-08-03,15:15:50.592000,12405,12406,12406,1
2020-08-03,15:15:50.976000,12405,12406,12406,1
2020-08-03,15:15:51.224000,12405,12406,12405,3
2020-08-03,15:15:51.245000,12405,12406,12405,2
2020-08-03,15:15:51.245000,12405,12406,12405,5
2020-08-03,15:15:51.245000,12405,12406,12405,2
2020-08-03,15:15:51.245000,12405,12406,12405,1
2020-08-03,15:15:51.250000,12405,12406,12405,1
2020-08-03,15:15:51.918000,12404,12405,12405,1
2020-08-03,15:15:52.103000,12404,12405,12405,1
2020-08-03,15:15:52.513000,12404,12405,12405,1
2020-08-03,15:15:53.807000,12404,12405,12405,1
2020-08-03,15:15:54.286000,12404,12405,12404,5
2020-08-03,15:15:54.426000,12403,12404,12404,2
2020-08-03,15:15:54.635000,12403,12405,12405,1
2020-08-03,15:15:56.261000,12403,12404,12403,4
2020-08-03,15:15:57.079000,12403,12404,12404,1
2020-08-03,15:15:57.765000,12403,12404,12403,1
2020-08-03,15:15:58.418000,12403,12404,12403,1
2020-08-03,15:15:58.948000,12402,12403,12402,5
2020-08-03,15:16:00.264000,12401,12402,12401,2
2020-08-03,15:16:00.322000,12401,12402,12402,1
2020-08-03,15:16:04.087000,12402,12403,12402,8
2020-08-03,15:16:04.087000,12402,12403,12401,12
2020-08-03,15:16:04.171000,12401,12403,12403,2
2020-08-03,15:16:06.154000,12401,12402,12402,3
2020-08-03,15:16:06.179000,12401,12402,12401,5
2020-08-03,15:16:07.373000,12401,12402,12401,1
2020-08-03,15:16:08.625000,12401,12402,12401,1
2020-08-03,15:16:08.881000,12401,12402,12402,1
2020-08-03,15:16:09.561000,12401,12403,12401,1
2020-08-03,15:16:09.766000,12401,12403,12401,1
2020-08-03,15:16:09.963000,12401,12403,12401,1
2020-08-03,15:16:10.030000,12401,12402,12402,1
2020-08-03,15:16:11.238000,12401,12402,12402,1
2020-08-03,15:16:11.934000,12401,12402,12402,2
2020-08-03,15:16:12.094000,12401,12403,12403,1
2020-08-03,15:16:13.253000,12402,12403,12402,5
2020-08-03,15:16:13.968000,12402,12403,12403,1
2020-08-03,15:16:14.283000,12402,12403,12403,1
2020-08-03,15:16:16.263000,12402,12404,12403,1
2020-08-03,15:16:16.621000,12403,12405,12403,4
2020-08-03,15:16:16.950000,12403,12404,12403,1
2020-08-03,15:16:16.988000,12403,12404,12404,1
2020-08-03,15:16:18.981000,12403,12404,12403,2
2020-08-03,15:16:19.711000,12403,12404,12403,4
2020-08-03,15:16:19.951000,12403,12405,12403,1
2020-08-03,15:16:21.185000,12403,12405,12403,1
2020-08-03,15:16:24.111000,12403,12405,12403,1
2020-08-03,15:16:24.145000,12403,12405,12403,1
2020-08-03,15:16:27.605000,12403,12405,12403,2
2020-08-03,15:16:28.213000,12404,12405,12404,4
2020-08-03,15:16:28.213000,12404,12405,12403,3
2020-08-03,15:16:28.777000,12403,12404,12403,4
2020-08-03,15:16:31.196000,12403,12404,12403,1
2020-08-03,15:16:31.732000,12403,12404,12404,2
2020-08-03,15:16:33.288000,12404,12405,12404,1
2020-08-03,15:16:33.680000,12404,12405,12405,8
2020-08-03,15:16:34.084000,12404,12406,12404,1
2020-08-03,15:16:34.951000,12405,12406,12405,4
2020-08-03,15:16:34.951000,12405,12406,12404,1
2020-08-03,15:16:36.176000,12404,12406,12404,1
2020-08-03,15:16:36.267000,12404,12406,12404,2
2020-08-03,15:16:36.478000,12404,12406,12404,2
2020-08-03,15:16:36.788000,12404,12406,12404,1
2020-08-03,15:16:37.105000,12404,12406,12404,3
2020-08-03,15:16:37.519000,12404,12406,12404,1
2020-08-03,15:16:40.353000,12404,12406,12404,1
2020-08-03,15:16:40.644000,12404,12406,12404,1
2020-08-03,15:16:41.059000,12405,12406,12405,6
2020-08-03,15:16:41.428000,12404,12406,12405,1
2020-08-03,15:16:42.811000,12404,12406,12404,3
2020-08-03,15:16:43.775000,12404,12406,12406,8
2020-08-03,15:16:44,12405,12406,12405,3
2020-08-03,15:16:44.111000,12405,12406,12404,2
2020-08-03,15:16:45.241000,12404,12406,12404,1
2020-08-03,15:16:45.777000,12404,12405,12404,5
2020-08-03,15:16:47.487000,12404,12405,12404,1
2020-08-03,15:16:48.274000,12404,12405,12404,1
2020-08-03,15:16:48.352000,12404,12405,12403,1
2020-08-03,15:16:48.417000,12403,12404,12403,1
2020-08-03,15:16:48.589000,12403,12404,12403,5
2020-08-03,15:16:48.690000,12403,12404,12404,5
2020-08-03,15:16:49.548000,12403,12404,12403,1
2020-08-03,15:16:49.915000,12402,12404,12404,1
2020-08-03,15:16:52.044000,12404,12405,12404,1
2020-08-03,15:16:53.394000,12404,12405,12404,1
2020-08-03,15:16:55.049000,12404,12405,12404,1
2020-08-03,15:16:57.288000,12403,12404,12404,3
2020-08-03,15:16:57.867000,12403,12404,12404,1
2020-08-03,15:16:57.952000,12403,12404,12404,1
2020-08-03,15:17:01.423000,12403,12404,12404,1
2020-08-03,15:17:01.522000,12403,12404,12404,1
2020-08-03,15:17:02.433000,12403,12404,12403,1
2020-08-03,15:17:08.464000,12403,12404,12403,1
2020-08-03,15:17:08.733000,12403,12404,12404,1
2020-08-03,15:17:08.991000,12403,12404,12404,1
2020-08-03,15:17:09.273000,12404,12405,12404,1
2020-08-03,15:17:09.593000,12404,12405,12404,1
2020-08-03,15:17:09.886000,12404,12405,12404,1
2020-08-03,15:17:10.344000,12404,12405,12404,1
2020-08-03,15:17:13.180000,12404,12405,12404,1
2020-08-03,15:17:14.081000,12403,12404,12404,4
2020-08-03,15:17:16.907000,12403,12404,12404,1
2020-08-03,15:17:19.546000,12403,12404,12403,1
2020-08-03,15:17:19.547000,12403,12404,12403,11
2020-08-03,15:17:19.547000,12403,12404,12403,17
2020-08-03,15:17:19.547000,12403,12404,12403,7
2020-08-03,15:17:19.858000,12402,12403,12403,1
2020-08-03,15:17:20.858000,12402,12403,12403,3
2020-08-03,15:17:21.972000,12402,12403,12403,1
2020-08-03,15:17:22.227000,12402,12403,12403,1
2020-08-03,15:17:22.479000,12403,12404,12403,1
2020-08-03,15:17:23.182000,12402,12403,12402,1
2020-08-03,15:17:23.230000,12402,12403,12403,1
2020-08-03,15:17:23.808000,12403,12404,12403,1
2020-08-03,15:17:24.408000,12402,12404,12404,2
2020-08-03,15:17:25.255000,12402,12403,12403,1
2020-08-03,15:17:26.174000,12403,12404,12403,2
2020-08-03,15:17:26.489000,12403,12404,12403,1
2020-08-03,15:17:26.702000,12403,12404,12403,2
2020-08-03,15:17:26.813000,12403,12404,12403,1
2020-08-03,15:17:27.018000,12403,12404,12403,1
2020-08-03,15:17:27.018000,12403,12404,12402,1
2020-08-03,15:17:27.336000,12402,12404,12402,2
2020-08-03,15:17:27.947000,12402,12403,12403,1
2020-08-03,15:17:27.947000,12402,12403,12403,1
2020-08-03,15:17:29.879000,12402,12404,12404,1
2020-08-03,15:17:32.631000,12403,12404,12404,1
2020-08-03,15:17:33.415000,12403,12404,12403,10
2020-08-03,15:17:35.419000,12403,12404,12404,11
2020-08-03,15:17:35.419000,12403,12404,12405,30
2020-08-03,15:17:35.419000,12403,12404,12406,26
2020-08-03,15:17:35.421000,12403,12404,12406,5
2020-08-03,15:17:35.421000,12403,12404,12406,12
2020-08-03,15:17:35.421000,12403,12404,12406,2
2020-08-03,15:17:35.422000,12403,12404,12406,1
2020-08-03,15:17:35.679000,12405,12407,12407,2
2020-08-03,15:17:35.713000,12405,12407,12405,2
2020-08-03,15:17:36.023000,12405,12406,12405,1
2020-08-03,15:17:36.336000,12405,12406,12405,1
2020-08-03,15:17:36.639000,12405,12406,12405,1
2020-08-03,15:17:36.951000,12405,12406,12405,1
2020-08-03,15:17:37.255000,12405,12406,12405,1
2020-08-03,15:17:37.920000,12405,12406,12406,2
2020-08-03,15:17:38.017000,12406,12407,12406,1
2020-08-03,15:17:38.532000,12405,12407,12405,4
2020-08-03,15:17:46.397000,12406,12407,12406,1
2020-08-03,15:17:46.986000,12405,12406,12405,5
2020-08-03,15:17:47.878000,12404,12405,12405,1
2020-08-03,15:17:47.958000,12404,12405,12405,1
2020-08-03,15:17:50.783000,12403,12405,12405,1
2020-08-03,15:17:55.949000,12404,12405,12405,6
2020-08-03,15:17:59.066000,12404,12405,12404,4
2020-08-03,15:17:59.066000,12404,12405,12403,1
2020-08-03,15:18:05.730000,12403,12405,12403,1
2020-08-03,15:18:05.872000,12403,12405,12403,10
2020-08-03,15:18:06.278000,12403,12404,12403,1
2020-08-03,15:18:07.834000,12403,12405,12403,2
2020-08-03,15:18:09.206000,12403,12404,12404,1
2020-08-03,15:18:09.206000,12403,12404,12405,9
2020-08-03,15:18:09.206000,12403,12404,12406,24
2020-08-03,15:18:09.207000,12403,12404,12406,3
2020-08-03,15:18:09.207000,12403,12404,12406,1
2020-08-03,15:18:09.208000,12403,12404,12406,1
2020-08-03,15:18:09.208000,12403,12404,12406,1
2020-08-03,15:18:09.208000,12403,12404,12406,22
2020-08-03,15:18:11.497000,12405,12406,12405,1
2020-08-03,15:18:13,12404,12405,12404,5
2020-08-03,15:18:13,12404,12405,12403,5
2020-08-03,15:18:13.306000,12403,12405,12403,1
2020-08-03,15:18:14.600000,12403,12404,12404,1
2020-08-03,15:18:16.033000,12404,12405,12404,1
2020-08-03,15:18:23.177000,12404,12405,12404,1
2020-08-03,15:18:25.722000,12404,12405,12405,11
2020-08-03,15:18:25.722000,12404,12405,12406,22
2020-08-03,15:18:25.724000,12404,12405,12406,2
2020-08-03,15:18:25.725000,12404,12405,12406,1
2020-08-03,15:18:25.891000,12405,12407,12406,1
2020-08-03,15:18:26.761000,12405,12406,12406,1
2020-08-03,15:18:27.628000,12405,12407,12405,1
2020-08-03,15:18:28.305000,12405,12407,12405,1
2020-08-03,15:18:28.524000,12405,12407,12406,2
2020-08-03,15:18:28.794000,12406,12407,12406,1
2020-08-03,15:18:28.809000,12406,12407,12406,1
2020-08-03,15:18:28.853000,12406,12407,12406,2
2020-08-03,15:18:30.958000,12405,12406,12406,1
2020-08-03,15:18:31.125000,12405,12406,12406,1
2020-08-03,15:18:32.458000,12406,12407,12406,1
2020-08-03,15:18:32.986000,12406,12407,12406,2
2020-08-03,15:18:33.302000,12405,12407,12407,6
2020-08-03,15:18:36.325000,12406,12407,12406,1
2020-08-03,15:18:36.628000,12406,12407,12406,1
2020-08-03,15:18:36.945000,12406,12407,12406,1
2020-08-03,15:18:37.844000,12406,12407,12407,1
2020-08-03,15:18:39.549000,12406,12407,12407,1
2020-08-03,15:18:41.376000,12406,12407,12407,1
2020-08-03,15:18:42.337000,12406,12407,12407,6
2020-08-03,15:18:43.126000,12407,12408,12407,1
2020-08-03,15:18:43.432000,12407,12408,12407,1
2020-08-03,15:18:43.798000,12407,12408,12408,14
2020-08-03,15:18:44.048000,12407,12409,12407,2
2020-08-03,15:18:47.094000,12408,12409,12409,2
2020-08-03,15:18:47.300000,12408,12409,12409,2
2020-08-03,15:18:47.316000,12408,12409,12410,1
2020-08-03,15:18:47.474000,12408,12409,12409,1
2020-08-03,15:18:47.475000,12408,12409,12409,1
2020-08-03,15:18:47.645000,12408,12410,12408,1
2020-08-03,15:18:47.664000,12408,12410,12410,1
2020-08-03,15:18:47.736000,12408,12410,12409,1
2020-08-03,15:18:48.265000,12408,12410,12408,1
2020-08-03,15:18:51.927000,12408,12409,12409,4
2020-08-03,15:18:53.267000,12408,12410,12410,1
2020-08-03,15:18:55.620000,12408,12410,12410,1
2020-08-03,15:18:59.510000,12408,12409,12409,2
2020-08-03,15:19:03.399000,12408,12409,12409,1
2020-08-03,15:19:04.088000,12408,12409,12408,3
2020-08-03,15:19:04.088000,12408,12409,12408,5
2020-08-03,15:19:04.176000,12407,12408,12408,1
2020-08-03,15:19:04.221000,12407,12408,12409,1
2020-08-03,15:19:04.231000,12407,12408,12409,1
2020-08-03,15:19:09.715000,12407,12409,12409,1
2020-08-03,15:19:11.133000,12407,12408,12408,1
2020-08-03,15:19:12.220000,12408,12409,12408,1
2020-08-03,15:19:12.896000,12408,12409,12408,1
2020-08-03,15:19:15.322000,12408,12409,12408,1
2020-08-03,15:19:15.430000,12407,12408,12408,1
2020-08-03,15:19:15.430000,12407,12408,12409,5
2020-08-03,15:19:15.439000,12407,12408,12409,1
2020-08-03,15:19:16.976000,12407,12409,12409,1
2020-08-03,15:19:28.612000,12408,12409,12409,1
2020-08-03,15:19:28.864000,12408,12409,12409,3
2020-08-03,15:19:32.065000,12408,12410,12408,2
2020-08-03,15:19:37.243000,12409,12410,12409,1
2020-08-03,15:19:40.810000,12408,12409,12409,1
2020-08-03,15:19:41.864000,12408,12409,12409,1
2020-08-03,15:19:48.254000,12408,12409,12408,5
2020-08-03,15:19:49.021000,12408,12409,12408,1
2020-08-03,15:19:54.538000,12408,12409,12409,2
2020-08-03,15:19:54.560000,12408,12409,12409,1
2020-08-03,15:19:58.616000,12409,12410,12409,1
2020-08-03,15:20:11.160000,12408,12409,12409,1
2020-08-03,15:20:12.107000,12408,12409,12408,1
2020-08-03,15:20:16.265000,12408,12409,12409,2
2020-08-03,15:20:16.864000,12408,12409,12409,4
2020-08-03,15:20:18.842000,12409,12410,12409,1
2020-08-03,15:20:20.030000,12409,12410,12409,5
2020-08-03,15:20:20.512000,12408,12409,12408,2
2020-08-03,15:20:20.513000,12408,12409,12408,1
2020-08-03,15:20:23.039000,12407,12408,12408,1
2020-08-03,15:20:24.327000,12407,12408,12407,1
2020-08-03,15:20:24.924000,12407,12408,12408,1
2020-08-03,15:20:25.920000,12407,12408,12408,1
2020-08-03,15:20:28.077000,12407,12408,12408,1
2020-08-03,15:20:39.829000,12408,12409,12408,1
2020-08-03,15:20:44.568000,12407,12408,12408,1
2020-08-03,15:20:45.614000,12408,12409,12408,1
2020-08-03,15:20:48.415000,12408,12409,12409,5
2020-08-03,15:20:49.941000,12409,12410,12409,1
2020-08-03,15:20:55.209000,12408,12409,12409,1
2020-08-03,15:21:02.372000,12408,12409,12409,1
2020-08-03,15:21:04.317000,12408,12409,12409,1
2020-08-03,15:21:06.614000,12408,12409,12408,10
2020-08-03,15:21:07.234000,12408,12409,12409,2
2020-08-03,15:21:09.400000,12408,12409,12408,1
2020-08-03,15:21:13.102000,12408,12409,12409,1
2020-08-03,15:21:15.227000,12408,12409,12409,1
2020-08-03,15:21:18.593000,12408,12409,12409,1
2020-08-03,15:21:28.001000,12408,12409,12409,5
2020-08-03,15:21:29.588000,12409,12410,12409,1
2020-08-03,15:21:35.731000,12409,12410,12410,2
2020-08-03,15:21:35.731000,12409,12410,12410,1
2020-08-03,15:21:35.731000,12409,12410,12410,19
2020-08-03,15:21:35.731000,12409,12410,12410,6
2020-08-03,15:21:35.732000,12409,12410,12410,2
2020-08-03,15:21:36.465000,12410,12411,12410,1
2020-08-03,15:21:38.305000,12410,12411,12411,5
2020-08-03,15:21:49.520000,12410,12411,12411,1
2020-08-03,15:21:52.309000,12410,12411,12411,1
2020-08-03,15:21:55.757000,12410,12411,12411,1
2020-08-03,15:21:57.104000,12410,12411,12411,1
2020-08-03,15:21:57.493000,12410,12411,12411,1
2020-08-03,15:22:02.299000,12410,12411,12411,1
2020-08-03,15:22:07.213000,12410,12411,12411,1
2020-08-03,15:22:11.938000,12410,12411,12410,3
2020-08-03,15:22:12.786000,12410,12411,12410,1
2020-08-03,15:22:19.424000,12410,12411,12410,1
2020-08-03,15:22:20.196000,12410,12411,12410,11
2020-08-03,15:22:23.395000,12409,12410,12409,2
2020-08-03,15:22:24.607000,12408,12410,12410,2
2020-08-03,15:22:25.503000,12409,12410,12410,2
2020-08-03,15:22:25.854000,12409,12410,12410,1
2020-08-03,15:22:31.926000,12409,12410,12409,1
2020-08-03,15:22:35.450000,12409,12410,12409,1
2020-08-03,15:22:37.161000,12408,12410,12410,2
2020-08-03,15:22:38.469000,12408,12409,12409,1
2020-08-03,15:22:43.077000,12409,12410,12409,4
2020-08-03,15:22:50.712000,12408,12410,12408,1
2020-08-03,15:22:50.910000,12408,12410,12408,1
2020-08-03,15:22:52.147000,12409,12410,12409,1
2020-08-03,15:22:57.651000,12409,12410,12409,1
2020-08-03,15:23:04.237000,12409,12410,12409,1
2020-08-03,15:23:07.004000,12409,12410,12409,1
2020-08-03,15:23:12.482000,12409,12410,12409,1
2020-08-03,15:23:15.963000,12409,12410,12409,1
2020-08-03,15:23:17.216000,12409,12410,12409,5
2020-08-03,15:23:17.989000,12408,12409,12409,1
2020-08-03,15:23:28.062000,12408,12409,12408,1
2020-08-03,15:23:31.771000,12408,12409,12408,1
2020-08-03,15:23:33.068000,12408,12409,12408,3
2020-08-03,15:23:33.523000,12407,12408,12408,1
2020-08-03,15:23:33.888000,12407,12409,12407,2
2020-08-03,15:23:34.021000,12407,12409,12407,1
2020-08-03,15:23:34.238000,12407,12408,12407,2
2020-08-03,15:23:36.213000,12406,12407,12406,1
2020-08-03,15:23:36.717000,12406,12407,12407,1
2020-08-03,15:23:41.446000,12406,12407,12406,1
2020-08-03,15:23:41.799000,12406,12407,12406,1
2020-08-03,15:23:45.643000,12406,12407,12406,1
2020-08-03,15:23:47.341000,12406,12407,12406,1
2020-08-03,15:23:47.588000,12406,12407,12406,1
2020-08-03,15:23:50.642000,12405,12406,12406,1
2020-08-03,15:23:50.643000,12405,12406,12406,2
2020-08-03,15:23:54.236000,12405,12406,12406,1
2020-08-03,15:23:54.262000,12405,12406,12406,1
2020-08-03,15:23:57.908000,12406,12407,12406,1
2020-08-03,15:24:00.923000,12406,12407,12406,1
2020-08-03,15:24:02.334000,12406,12407,12406,1
2020-08-03,15:24:02.374000,12406,12407,12406,1
2020-08-03,15:24:02.374000,12406,12407,12405,1
2020-08-03,15:24:02.375000,12406,12407,12405,1
2020-08-03,15:24:02.382000,12406,12407,12405,1
2020-08-03,15:24:02.383000,12406,12407,12405,1
2020-08-03,15:24:02.384000,12406,12407,12405,1
2020-08-03,15:24:02.412000,12406,12407,12405,1
2020-08-03,15:24:02.413000,12406,12407,12405,2
2020-08-03,15:24:02.420000,12406,12407,12404,1
2020-08-03,15:24:02.421000,12406,12407,12404,1
2020-08-03,15:24:02.653000,12404,12406,12404,1
2020-08-03,15:24:03.330000,12404,12406,12406,1
2020-08-03,15:24:03.344000,12404,12406,12405,1
2020-08-03,15:24:06.638000,12405,12406,12405,1
2020-08-03,15:24:06.638000,12405,12406,12404,1
2020-08-03,15:24:12.480000,12405,12406,12405,2
2020-08-03,15:24:14.363000,12404,12405,12404,1
2020-08-03,15:24:15.504000,12403,12404,12404,1
2020-08-03,15:24:16.195000,12404,12405,12405,1
2020-08-03,15:24:18.472000,12404,12405,12404,1
2020-08-03,15:24:22.130000,12404,12405,12404,1
2020-08-03,15:24:22.130000,12404,12405,12403,4
2020-08-03,15:24:24.284000,12403,12405,12403,1
2020-08-03,15:24:26.475000,12403,12404,12403,1
2020-08-03,15:24:28.404000,12403,12404,12404,1
2020-08-03,15:24:31.481000,12403,12404,12403,1
2020-08-03,15:24:31.523000,12403,12404,12403,1
2020-08-03,15:24:31.566000,12403,12404,12403,1
2020-08-03,15:24:31.578000,12403,12404,12403,1
2020-08-03,15:24:33.455000,12403,12404,12403,2
2020-08-03,15:24:40.037000,12403,12404,12403,1
2020-08-03,15:24:41.915000,12403,12404,12404,1
2020-08-03,15:24:46.989000,12403,12404,12404,10
2020-08-03,15:24:47.750000,12403,12404,12403,1
2020-08-03,15:24:49.016000,12403,12404,12404,1
2020-08-03,15:24:49.872000,12403,12404,12404,1
2020-08-03,15:24:49.896000,12403,12404,12404,3
2020-08-03,15:24:50.408000,12404,12405,12404,1
2020-08-03,15:24:51.303000,12404,12405,12405,3
2020-08-03,15:24:51.304000,12404,12405,12405,4
2020-08-03,15:24:51.313000,12404,12405,12406,8
2020-08-03,15:24:51.476000,12405,12407,12407,1
2020-08-03,15:24:52.460000,12405,12407,12405,1
2020-08-03,15:24:57.680000,12405,12406,12406,1
2020-08-03,15:24:58.662000,12405,12407,12405,1
2020-08-03,15:25:03.020000,12405,12407,12405,1
2020-08-03,15:25:03.518000,12405,12407,12405,1
2020-08-03,15:25:03.535000,12405,12407,12405,1
2020-08-03,15:25:06.701000,12405,12406,12405,1
2020-08-03,15:25:07.112000,12405,12406,12405,2
2020-08-03,15:25:08.316000,12405,12406,12406,2
2020-08-03,15:25:11.607000,12405,12406,12406,1
2020-08-03,15:25:13.651000,12405,12406,12406,1
2020-08-03,15:25:14.628000,12405,12406,12405,6
2020-08-03,15:25:14.743000,12405,12406,12405,1
2020-08-03,15:25:16.213000,12404,12405,12404,2
2020-08-03,15:25:20.798000,12403,12404,12404,1
2020-08-03,15:25:23.205000,12404,12405,12404,2
2020-08-03,15:25:24.948000,12404,12405,12404,1
2020-08-03,15:25:28.062000,12403,12404,12404,1
2020-08-03,15:25:31.362000,12403,12404,12404,2
2020-08-03,15:25:35.654000,12403,12404,12403,3
2020-08-03,15:25:35.655000,12403,12404,12403,3
2020-08-03,15:25:36.272000,12402,12403,12403,1
2020-08-03,15:25:40.568000,12403,12404,12403,1
2020-08-03,15:25:41.340000,12403,12404,12403,1
2020-08-03,15:25:41.341000,12403,12404,12403,2
2020-08-03,15:25:41.624000,12402,12403,12402,1
2020-08-03,15:25:45.010000,12402,12403,12402,2
2020-08-03,15:25:45.280000,12401,12402,12402,4
2020-08-03,15:25:49.317000,12402,12403,12402,1
2020-08-03,15:25:49.317000,12402,12403,12401,9
2020-08-03,15:25:50.964000,12401,12403,12401,5
2020-08-03,15:25:51.664000,12401,12402,12401,1
2020-08-03,15:25:51.787000,12401,12402,12401,1
2020-08-03,15:25:52.428000,12401,12402,12401,3
2020-08-03,15:25:52.429000,12401,12402,12401,3
2020-08-03,15:25:53.181000,12401,12402,12401,1
2020-08-03,15:25:53.762000,12400,12402,12400,1
2020-08-03,15:25:53.768000,12400,12402,12400,1
2020-08-03,15:25:53.898000,12400,12402,12400,1
2020-08-03,15:25:54.102000,12400,12402,12400,1
2020-08-03,15:25:54.120000,12400,12402,12400,1
2020-08-03,15:25:54.209000,12400,12402,12400,2
2020-08-03,15:25:54.414000,12400,12402,12400,3
2020-08-03,15:25:55.720000,12400,12402,12400,1
2020-08-03,15:25:55.999000,12400,12402,12400,1
2020-08-03,15:25:56.022000,12400,12402,12400,1
2020-08-03,15:25:56.106000,12400,12402,12400,1
2020-08-03,15:25:56.114000,12400,12402,12400,4
2020-08-03,15:25:57.081000,12400,12402,12400,1
2020-08-03,15:25:57.774000,12400,12402,12400,5
2020-08-03,15:25:59.228000,12400,12402,12402,1
2020-08-03,15:26:01.228000,12401,12402,12401,1
2020-08-03,15:26:01.390000,12400,12402,12400,1
2020-08-03,15:26:02.164000,12401,12402,12401,1
2020-08-03,15:26:05.011000,12400,12401,12401,1
2020-08-03,15:26:06.680000,12400,12401,12401,1
2020-08-03,15:26:06.722000,12400,12401,12401,1
2020-08-03,15:26:07.471000,12400,12401,12400,1
2020-08-03,15:26:08.920000,12400,12401,12400,3
2020-08-03,15:26:08.920000,12400,12401,12400,9
2020-08-03,15:26:08.942000,12400,12401,12400,2
2020-08-03,15:26:10.432000,12399,12400,12399,2
2020-08-03,15:26:10.511000,12399,12400,12399,2
2020-08-03,15:26:10.517000,12399,12400,12399,1
2020-08-03,15:26:10.517000,12399,12400,12399,1
2020-08-03,15:26:10.521000,12399,12400,12399,1
2020-08-03,15:26:10.532000,12399,12400,12399,2
2020-08-03,15:26:10.532000,12399,12400,12399,2
2020-08-03,15:26:10.533000,12399,12400,12399,5
2020-08-03,15:26:10.577000,12399,12400,12398,4
2020-08-03,15:26:10.598000,12399,12400,12398,2
2020-08-03,15:26:10.598000,12399,12400,12398,3
2020-08-03,15:26:10.701000,12397,12399,12397,1
2020-08-03,15:26:10.713000,12397,12399,12397,5
2020-08-03,15:26:10.715000,12397,12399,12397,1
2020-08-03,15:26:10.717000,12397,12399,12397,1
2020-08-03,15:26:10.722000,12397,12399,12397,1
2020-08-03,15:26:10.722000,12397,12399,12397,4
2020-08-03,15:26:10.723000,12397,12399,12397,1
2020-08-03,15:26:10.733000,12397,12399,12396,2
2020-08-03,15:26:10.797000,12396,12397,12396,1
2020-08-03,15:26:10.812000,12396,12397,12396,1
2020-08-03,15:26:10.862000,12396,12397,12396,5
2020-08-03,15:26:10.930000,12396,12397,12396,3
2020-08-03,15:26:10.962000,12396,12397,12396,1
2020-08-03,15:26:10.963000,12396,12397,12396,7
2020-08-03,15:26:10.982000,12396,12397,12396,6
2020-08-03,15:26:10.982000,12396,12397,12397,4
2020-08-03,15:26:10.998000,12395,12397,12395,3
2020-08-03,15:26:11,12395,12397,12395,1
2020-08-03,15:26:11.023000,12395,12397,12395,1
2020-08-03,15:26:11.034000,12395,12397,12394,5
2020-08-03,15:26:11.061000,12395,12397,12394,1
2020-08-03,15:26:11.061000,12395,12397,12394,3
2020-08-03,15:26:11.076000,12395,12397,12393,1
2020-08-03,15:26:11.083000,12395,12397,12393,1
2020-08-03,15:26:11.105000,12395,12397,12393,1
2020-08-03,15:26:11.132000,12393,12395,12395,9
2020-08-03,15:26:11.132000,12393,12395,12395,1
2020-08-03,15:26:11.133000,12393,12395,12393,1
2020-08-03,15:26:11.180000,12393,12395,12393,2
2020-08-03,15:26:11.209000,12393,12395,12395,4
2020-08-03,15:26:11.209000,12393,12395,12396,6
2020-08-03,15:26:11.220000,12393,12395,12394,1
2020-08-03,15:26:11.226000,12393,12395,12394,1
2020-08-03,15:26:11.239000,12393,12395,12394,1
2020-08-03,15:26:11.258000,12393,12395,12393,1
2020-08-03,15:26:11.310000,12393,12395,12393,3
2020-08-03,15:26:11.335000,12393,12395,12393,1
2020-08-03,15:26:11.349000,12393,12395,12394,2
2020-08-03,15:26:11.358000,12393,12395,12393,3
2020-08-03,15:26:11.406000,12393,12395,12393,1
2020-08-03,15:26:11.469000,12393,12395,12393,1
2020-08-03,15:26:11.560000,12393,12395,12393,1
2020-08-03,15:26:11.560000,12393,12395,12393,1
2020-08-03,15:26:11.602000,12393,12395,12393,1
2020-08-03,15:26:11.759000,12393,12395,12393,1
2020-08-03,15:26:11.861000,12393,12395,12393,1
2020-08-03,15:26:11.944000,12393,12395,12393,1
2020-08-03,15:26:11.971000,12393,12395,12393,2
2020-08-03,15:26:12.058000,12393,12395,12393,1
2020-08-03,15:26:12.201000,12393,12395,12393,2
2020-08-03,15:26:12.653000,12393,12395,12393,1
2020-08-03,15:26:12.923000,12393,12395,12394,2
2020-08-03,15:26:13.221000,12394,12395,12394,2
2020-08-03,15:26:13.750000,12393,12395,12393,1
2020-08-03,15:26:14.471000,12393,12394,12393,2
2020-08-03,15:26:15.103000,12393,12395,12393,4
2020-08-03,15:26:15.129000,12393,12395,12393,3
2020-08-03,15:26:15.665000,12393,12394,12394,1
2020-08-03,15:26:15.883000,12393,12394,12394,2
2020-08-03,15:26:17.734000,12394,12395,12394,3
2020-08-03,15:26:17.814000,12394,12395,12395,1
2020-08-03,15:26:21.131000,12394,12395,12395,5
2020-08-03,15:26:22.204000,12394,12395,12395,1
2020-08-03,15:26:22.343000,12394,12396,12394,5
2020-08-03,15:26:23.078000,12394,12396,12396,1
2020-08-03,15:26:24.062000,12394,12396,12394,8
2020-08-03,15:26:24.062000,12394,12396,12393,2
2020-08-03,15:26:24.154000,12394,12395,12394,1
2020-08-03,15:26:24.208000,12394,12395,12395,2
2020-08-03,15:26:24.232000,12394,12395,12395,1
2020-08-03,15:26:24.537000,12394,12395,12395,1
2020-08-03,15:26:24.690000,12394,12395,12394,1
2020-08-03,15:26:25.081000,12394,12395,12395,1
2020-08-03,15:26:27.667000,12394,12395,12395,1
2020-08-03,15:26:27.969000,12394,12396,12394,1
2020-08-03,15:26:27.983000,12394,12396,12394,2
2020-08-03,15:26:28.427000,12395,12396,12396,1
2020-08-03,15:26:29.007000,12395,12396,12395,1
2020-08-03,15:26:29.007000,12395,12396,12394,3
2020-08-03,15:26:29.007000,12395,12396,12393,6
2020-08-03,15:26:29.102000,12395,12396,12394,1
2020-08-03,15:26:29.741000,12394,12395,12395,1
2020-08-03,15:26:30.127000,12394,12395,12395,1
2020-08-03,15:26:32.743000,12394,12395,12394,1
2020-08-03,15:26:35.070000,12394,12395,12394,1
2020-08-03,15:26:36.003000,12394,12395,12394,1
2020-08-03,15:26:36.019000,12394,12395,12393,2
2020-08-03,15:26:37.256000,12393,12394,12394,1
2020-08-03,15:26:40.267000,12393,12394,12394,1
2020-08-03,15:26:41.484000,12394,12395,12394,1
2020-08-03,15:26:41.562000,12393,12395,12395,2
2020-08-03,15:26:44.499000,12394,12395,12394,1
2020-08-03,15:26:46.814000,12394,12395,12395,1
2020-08-03,15:26:46.920000,12394,12395,12395,1
2020-08-03,15:26:47.021000,12394,12395,12395,1
2020-08-03,15:26:48.124000,12394,12395,12394,2
2020-08-03,15:26:48.355000,12394,12395,12394,1
2020-08-03,15:26:48.406000,12393,12395,12393,1
2020-08-03,15:26:48.409000,12393,12395,12393,1
2020-08-03,15:26:49.188000,12393,12394,12393,1
2020-08-03,15:26:50.219000,12393,12394,12393,1
2020-08-03,15:26:51.160000,12393,12394,12394,1
2020-08-03,15:26:52.229000,12393,12394,12393,2
2020-08-03,15:26:52.491000,12393,12394,12393,1
2020-08-03,15:26:52.772000,12393,12394,12393,3
2020-08-03,15:26:54.188000,12393,12394,12393,1
2020-08-03,15:26:54.758000,12393,12394,12393,5
2020-08-03,15:26:54.758000,12393,12394,12393,9
2020-08-03,15:26:55.483000,12392,12394,12393,1
2020-08-03,15:26:55.586000,12392,12393,12392,2
2020-08-03,15:26:55.651000,12392,12393,12392,2
2020-08-03,15:26:55.972000,12392,12393,12392,1
2020-08-03,15:26:56.044000,12392,12393,12392,2
2020-08-03,15:26:56.332000,12392,12393,12392,1
2020-08-03,15:26:56.332000,12392,12393,12392,2
2020-08-03,15:26:56.333000,12392,12393,12392,1
2020-08-03,15:26:56.940000,12391,12393,12391,1
2020-08-03,15:26:57.001000,12391,12393,12391,2
2020-08-03,15:26:57.002000,12391,12393,12391,1
2020-08-03,15:26:57.003000,12391,12393,12391,1
2020-08-03,15:26:57.005000,12391,12393,12391,1
2020-08-03,15:26:57.006000,12391,12393,12391,1
2020-08-03,15:26:57.007000,12391,12393,12391,1
2020-08-03,15:26:57.069000,12391,12393,12391,2
2020-08-03,15:26:57.096000,12391,12393,12390,1
2020-08-03,15:26:57.124000,12390,12392,12390,5
2020-08-03,15:26:57.129000,12390,12392,12390,1
2020-08-03,15:26:57.220000,12390,12392,12391,1
2020-08-03,15:26:57.223000,12390,12392,12391,1
2020-08-03,15:26:57.307000,12390,12391,12390,1
2020-08-03,15:26:57.356000,12390,12391,12390,1
2020-08-03,15:26:57.362000,12390,12391,12390,2
2020-08-03,15:26:57.366000,12390,12391,12390,4
2020-08-03,15:26:57.366000,12390,12391,12390,19
2020-08-03,15:26:57.367000,12390,12391,12390,5
2020-08-03,15:26:57.407000,12390,12391,12390,1
2020-08-03,15:26:57.413000,12390,12391,12390,1
2020-08-03,15:26:57.541000,12390,12391,12391,7
2020-08-03,15:26:57.541000,12390,12391,12391,3
2020-08-03,15:26:57.871000,12390,12392,12390,2
2020-08-03,15:26:57.879000,12390,12392,12390,1
2020-08-03,15:26:58.304000,12390,12391,12391,2
2020-08-03,15:26:58.317000,12390,12391,12390,2
2020-08-03,15:26:58.352000,12390,12391,12390,1
2020-08-03,15:26:58.667000,12390,12391,12391,2
2020-08-03,15:26:59.224000,12390,12391,12391,1
2020-08-03,15:26:59.224000,12390,12391,12392,1
2020-08-03,15:26:59.331000,12390,12392,12390,7
2020-08-03,15:27:00.167000,12390,12391,12390,2
2020-08-03,15:27:00.237000,12390,12391,12390,2
2020-08-03,15:27:00.261000,12390,12391,12390,6
2020-08-03,15:27:00.262000,12390,12391,12390,2
2020-08-03,15:27:00.309000,12390,12391,12389,2
2020-08-03,15:27:00.344000,12390,12391,12389,1
2020-08-03,15:27:00.375000,12389,12390,12389,1
2020-08-03,15:27:00.377000,12389,12390,12389,1
2020-08-03,15:27:00.378000,12389,12390,12389,1
2020-08-03,15:27:00.438000,12389,12390,12389,1
2020-08-03,15:27:00.454000,12389,12390,12389,2
2020-08-03,15:27:00.507000,12389,12390,12389,1
2020-08-03,15:27:00.530000,12389,12390,12389,1
2020-08-03,15:27:00.601000,12389,12390,12389,2
2020-08-03,15:27:00.606000,12389,12390,12389,2
2020-08-03,15:27:00.612000,12389,12390,12389,1
2020-08-03,15:27:00.781000,12389,12390,12389,1
2020-08-03,15:27:00.992000,12389,12390,12389,1
2020-08-03,15:27:01.267000,12389,12390,12389,2
2020-08-03,15:27:01.321000,12389,12390,12389,2
2020-08-03,15:27:01.607000,12388,12389,12388,2
2020-08-03,15:27:01.639000,12388,12389,12388,4
2020-08-03,15:27:01.672000,12388,12389,12388,2
2020-08-03,15:27:01.672000,12388,12389,12388,4
2020-08-03,15:27:01.676000,12388,12389,12388,1
2020-08-03,15:27:01.676000,12388,12389,12387,4
2020-08-03,15:27:01.813000,12386,12388,12386,1
2020-08-03,15:27:01.872000,12386,12387,12387,1
2020-08-03,15:27:01.877000,12386,12387,12386,1
2020-08-03,15:27:01.941000,12386,12387,12386,3
2020-08-03,15:27:01.981000,12386,12387,12386,1
2020-08-03,15:27:01.981000,12386,12387,12385,1
2020-08-03,15:27:02.006000,12385,12386,12386,4
2020-08-03,15:27:02.006000,12385,12386,12387,6
2020-08-03,15:27:02.023000,12385,12386,12387,2
2020-08-03,15:27:02.051000,12385,12386,12387,2
2020-08-03,15:27:02.062000,12385,12386,12388,3
2020-08-03,15:27:02.109000,12385,12386,12387,2
2020-08-03,15:27:02.180000,12387,12389,12387,2
2020-08-03,15:27:02.183000,12387,12389,12389,5
2020-08-03,15:27:02.212000,12387,12389,12388,1
2020-08-03,15:27:02.224000,12387,12389,12388,9
2020-08-03,15:27:02.224000,12387,12389,12387,7
2020-08-03,15:27:02.249000,12387,12389,12389,7
2020-08-03,15:27:02.301000,12387,12389,12388,1
2020-08-03,15:27:02.360000,12387,12389,12390,2
2020-08-03,15:27:02.421000,12388,12390,12390,1
2020-08-03,15:27:02.459000,12388,12390,12388,1
2020-08-03,15:27:02.497000,12388,12390,12388,1
2020-08-03,15:27:02.584000,12388,12390,12388,1
2020-08-03,15:27:02.669000,12388,12390,12390,2
2020-08-03,15:27:03.380000,12389,12391,12389,3
2020-08-03,15:27:03.487000,12389,12391,12389,1
2020-08-03,15:27:03.652000,12389,12391,12390,1
2020-08-03,15:27:03.671000,12389,12391,12390,1
2020-08-03,15:27:04.181000,12390,12391,12390,1
2020-08-03,15:27:04.198000,12390,12391,12391,1
2020-08-03,15:27:04.288000,12390,12391,12390,1
2020-08-03,15:27:04.404000,12390,12391,12391,1
2020-08-03,15:27:04.448000,12390,12391,12391,2
2020-08-03,15:27:04.471000,12390,12391,12391,5
2020-08-03,15:27:04.471000,12390,12391,12391,2
2020-08-03,15:27:04.472000,12390,12391,12390,3
2020-08-03,15:27:04.619000,12390,12392,12391,3
2020-08-03,15:27:04.782000,12391,12392,12391,1
2020-08-03,15:27:05.465000,12391,12392,12391,3
2020-08-03,15:27:05.695000,12390,12392,12390,1
2020-08-03,15:27:06.647000,12391,12392,12391,2
2020-08-03,15:27:06.648000,12391,12392,12391,2
2020-08-03,15:27:06.649000,12391,12392,12391,1
2020-08-03,15:27:06.656000,12391,12392,12390,1
2020-08-03,15:27:06.832000,12390,12391,12390,2
2020-08-03,15:27:07.834000,12390,12391,12390,2
2020-08-03,15:27:08.722000,12389,12391,12390,1
2020-08-03,15:27:09.014000,12389,12390,12390,1
2020-08-03,15:27:09.048000,12389,12390,12389,1
2020-08-03,15:27:09.092000,12389,12390,12391,1
2020-08-03,15:27:09.179000,12389,12391,12390,1
2020-08-03,15:27:10.367000,12389,12391,12391,1
2020-08-03,15:27:13.308000,12390,12391,12390,3
2020-08-03,15:27:15.474000,12390,12391,12390,1
2020-08-03,15:27:16.555000,12390,12391,12390,5
2020-08-03,15:27:16.624000,12390,12391,12391,1
2020-08-03,15:27:16.676000,12390,12391,12390,1
2020-08-03,15:27:16.886000,12390,12391,12390,1
2020-08-03,15:27:17.193000,12390,12391,12390,1
2020-08-03,15:27:17.822000,12389,12390,12390,1
2020-08-03,15:27:18.993000,12389,12390,12389,2
2020-08-03,15:27:18.993000,12389,12390,12388,1
2020-08-03,15:27:19.136000,12388,12389,12388,2
2020-08-03,15:27:19.345000,12388,12389,12388,3
2020-08-03,15:27:19.345000,12388,12389,12387,18
2020-08-03,15:27:19.806000,12386,12387,12387,1
2020-08-03,15:27:19.853000,12386,12387,12387,1
2020-08-03,15:27:20.302000,12386,12387,12386,2
2020-08-03,15:27:20.568000,12386,12387,12386,1
2020-08-03,15:27:20.702000,12386,12387,12386,1
2020-08-03,15:27:20.702000,12386,12387,12385,1
2020-08-03,15:27:21.070000,12385,12386,12386,5
2020-08-03,15:27:21.341000,12385,12387,12385,1
2020-08-03,15:27:22.270000,12385,12386,12385,1
2020-08-03,15:27:22.473000,12385,12386,12385,1
2020-08-03,15:27:23.349000,12385,12386,12386,2
2020-08-03,15:27:23.703000,12385,12386,12386,1
2020-08-03,15:27:24.971000,12385,12386,12386,1
2020-08-03,15:27:25.299000,12385,12386,12385,1
2020-08-03,15:27:25.899000,12385,12386,12385,1
2020-08-03,15:27:25.960000,12385,12386,12385,2
2020-08-03,15:27:26.387000,12385,12386,12385,1
2020-08-03,15:27:26.791000,12385,12386,12386,2
2020-08-03,15:27:26.989000,12385,12386,12386,2
2020-08-03,15:27:27.713000,12385,12386,12386,1
2020-08-03,15:27:28.041000,12385,12386,12385,1
2020-08-03,15:27:28.670000,12385,12386,12385,4
2020-08-03,15:27:28.750000,12385,12386,12385,2
2020-08-03,15:27:29.758000,12385,12386,12385,1
2020-08-03,15:27:29.759000,12385,12386,12385,3
2020-08-03,15:27:29.761000,12385,12386,12385,1
2020-08-03,15:27:30.345000,12385,12386,12385,1
2020-08-03,15:27:30.345000,12385,12386,12384,2
2020-08-03,15:27:30.395000,12384,12386,12384,1
2020-08-03,15:27:30.713000,12385,12386,12385,4
2020-08-03,15:27:31.320000,12384,12385,12385,1
2020-08-03,15:27:31.320000,12384,12385,12386,1
2020-08-03,15:27:31.475000,12385,12386,12385,2
2020-08-03,15:27:31.741000,12384,12386,12384,1
2020-08-03,15:27:31.835000,12384,12386,12385,1
2020-08-03,15:27:31.936000,12385,12386,12386,5
2020-08-03,15:27:31.947000,12385,12386,12385,1
2020-08-03,15:27:32.151000,12385,12386,12386,15
2020-08-03,15:27:32.399000,12386,12387,12387,4
2020-08-03,15:27:32.508000,12386,12388,12386,1
2020-08-03,15:27:32.801000,12386,12388,12386,1
2020-08-03,15:27:33.271000,12386,12388,12387,1
2020-08-03,15:27:33.370000,12387,12388,12388,6
2020-08-03,15:27:33.861000,12388,12389,12388,2
2020-08-03,15:27:34.469000,12388,12389,12388,1
2020-08-03,15:27:34.532000,12388,12389,12388,2
2020-08-03,15:27:34.532000,12388,12389,12387,1
2020-08-03,15:27:34.888000,12388,12389,12388,1
2020-08-03,15:27:35.946000,12388,12389,12389,2
2020-08-03,15:27:35.960000,12388,12389,12390,1
2020-08-03,15:27:36.875000,12388,12390,12388,3
2020-08-03,15:27:36.937000,12388,12390,12389,5
2020-08-03,15:27:38.557000,12389,12390,12389,2
2020-08-03,15:27:39.671000,12388,12389,12389,1
2020-08-03,15:27:41.068000,12388,12389,12388,1
2020-08-03,15:27:41.856000,12388,12389,12388,1
2020-08-03,15:27:42.267000,12388,12389,12389,1
2020-08-03,15:27:44.891000,12388,12389,12389,1
2020-08-03,15:27:45.111000,12388,12389,12389,2
2020-08-03,15:27:45.112000,12388,12389,12389,1
2020-08-03,15:27:45.183000,12389,12390,12390,1
2020-08-03,15:27:47.511000,12388,12390,12390,1
2020-08-03,15:27:48.920000,12389,12390,12390,1
2020-08-03,15:27:50.170000,12389,12390,12390,1
2020-08-03,15:27:52.478000,12389,12390,12390,2
2020-08-03,15:27:52.478000,12389,12390,12390,28
2020-08-03,15:27:54.271000,12389,12391,12389,1
2020-08-03,15:27:55.222000,12389,12391,12390,5
2020-08-03,15:27:57.147000,12389,12391,12389,1
2020-08-03,15:27:59.498000,12389,12390,12389,1
2020-08-03,15:27:59.498000,12389,12390,12388,7
2020-08-03,15:28:00.697000,12388,12390,12388,1
2020-08-03,15:28:00.972000,12388,12390,12388,1
2020-08-03,15:28:01.022000,12388,12389,12388,1
2020-08-03,15:28:01.206000,12388,12389,12388,1
2020-08-03,15:28:01.480000,12388,12389,12388,1
2020-08-03,15:28:01.480000,12388,12389,12387,3
2020-08-03,15:28:01.512000,12387,12388,12387,2
2020-08-03,15:28:01.512000,12387,12388,12386,2
2020-08-03,15:28:04.203000,12386,12388,12386,1
2020-08-03,15:28:05.798000,12385,12387,12387,2
2020-08-03,15:28:06.639000,12385,12386,12385,10
2020-08-03,15:28:06.640000,12385,12386,12385,1
2020-08-03,15:28:06.640000,12385,12386,12385,1
2020-08-03,15:28:07.731000,12384,12385,12384,5
2020-08-03,15:28:08.819000,12383,12385,12385,1
2020-08-03,15:28:08.923000,12383,12385,12385,1
2020-08-03,15:28:10.085000,12383,12384,12383,1
2020-08-03,15:28:10.134000,12383,12384,12383,1
2020-08-03,15:28:10.185000,12383,12384,12384,1
2020-08-03,15:28:10.252000,12382,12384,12382,1
2020-08-03,15:28:10.381000,12382,12384,12382,3
2020-08-03,15:28:10.472000,12382,12384,12382,2
2020-08-03,15:28:10.481000,12382,12384,12383,1
2020-08-03,15:28:10.649000,12382,12383,12383,1
2020-08-03,15:28:11.309000,12382,12384,12384,2
2020-08-03,15:28:11.405000,12382,12384,12384,1
2020-08-03,15:28:12.270000,12382,12384,12384,1
2020-08-03,15:28:12.742000,12382,12383,12383,1
2020-08-03,15:28:13.766000,12382,12383,12382,2
2020-08-03,15:28:13.938000,12381,12382,12381,1
2020-08-03,15:28:14.008000,12381,12382,12381,2
2020-08-03,15:28:14.086000,12381,12382,12381,1
2020-08-03,15:28:14.206000,12381,12382,12381,8
2020-08-03,15:28:14.388000,12380,12382,12380,8
2020-08-03,15:28:14.516000,12380,12382,12380,1
2020-08-03,15:28:14.538000,12380,12382,12380,1
2020-08-03,15:28:14.581000,12380,12382,12380,2
2020-08-03,15:28:14.680000,12380,12381,12380,6
2020-08-03,15:28:14.680000,12380,12381,12380,6
2020-08-03,15:28:14.680000,12380,12381,12380,7
2020-08-03,15:28:14.681000,12380,12381,12380,2
2020-08-03,15:28:14.681000,12380,12381,12380,2
2020-08-03,15:28:14.719000,12380,12381,12379,3
2020-08-03,15:28:14.748000,12379,12380,12379,1
2020-08-03,15:28:14.802000,12379,12380,12378,1
2020-08-03,15:28:14.851000,12379,12380,12379,7
2020-08-03,15:28:14.851000,12379,12380,12380,3
2020-08-03,15:28:14.854000,12379,12380,12380,2
2020-08-03,15:28:14.868000,12379,12380,12380,3
2020-08-03,15:28:14.873000,12380,12381,12380,7
2020-08-03,15:28:14.874000,12380,12381,12380,6
2020-08-03,15:28:14.875000,12380,12381,12379,1
2020-08-03,15:28:14.896000,12380,12381,12379,1
2020-08-03,15:28:14.912000,12380,12381,12380,5
2020-08-03,15:28:14.991000,12380,12381,12380,1
2020-08-03,15:28:15.002000,12380,12381,12380,1
2020-08-03,15:28:15.003000,12380,12381,12380,1
2020-08-03,15:28:15.069000,12380,12381,12380,1
2020-08-03,15:28:15.205000,12380,12381,12379,2
2020-08-03,15:28:15.205000,12380,12381,12378,1
2020-08-03,15:28:15.311000,12378,12380,12378,3
2020-08-03,15:28:15.354000,12378,12380,12378,3
2020-08-03,15:28:15.371000,12378,12379,12378,1
2020-08-03,15:28:15.511000,12378,12379,12380,2
2020-08-03,15:28:15.620000,12379,12380,12380,4
2020-08-03,15:28:15.657000,12379,12380,12381,1
2020-08-03,15:28:15.704000,12379,12380,12380,1
2020-08-03,15:28:15.823000,12380,12382,12380,1
2020-08-03,15:28:15.846000,12380,12382,12380,3
2020-08-03,15:28:16.034000,12380,12382,12380,1
2020-08-03,15:28:16.330000,12380,12382,12380,1
2020-08-03,15:28:16.559000,12379,12381,12381,5
2020-08-03,15:28:17.422000,12380,12382,12380,2
2020-08-03,15:28:17.758000,12381,12382,12382,1
2020-08-03,15:28:17.847000,12381,12382,12382,2
2020-08-03,15:28:17.978000,12381,12383,12382,1
2020-08-03,15:28:18.265000,12382,12383,12382,1
2020-08-03,15:28:18.628000,12381,12383,12381,1
2020-08-03,15:28:18.676000,12381,12383,12383,1
2020-08-03,15:28:18.932000,12381,12383,12381,5
2020-08-03,15:28:19.541000,12381,12382,12382,1
2020-08-03,15:28:19.572000,12381,12382,12381,4
2020-08-03,15:28:19.654000,12380,12382,12382,1
2020-08-03,15:28:20.443000,12382,12383,12382,1
2020-08-03,15:28:21.357000,12381,12382,12381,5
2020-08-03,15:28:22.063000,12380,12381,12380,3
2020-08-03,15:28:23.279000,12379,12380,12379,1
2020-08-03,15:28:23.400000,12378,12379,12378,2
2020-08-03,15:28:23.407000,12378,12379,12378,5
2020-08-03,15:28:23.665000,12377,12379,12379,1
2020-08-03,15:28:23.769000,12377,12379,12377,8
2020-08-03,15:28:24.036000,12377,12378,12377,1
2020-08-03,15:28:24.036000,12377,12378,12376,2
2020-08-03,15:28:24.145000,12376,12378,12376,1
2020-08-03,15:28:24.219000,12376,12378,12377,1
2020-08-03,15:28:24.243000,12376,12378,12377,1
2020-08-03,15:28:24.249000,12377,12379,12377,1
2020-08-03,15:28:24.250000,12377,12379,12377,1
2020-08-03,15:28:24.250000,12377,12379,12377,1
2020-08-03,15:28:24.250000,12377,12379,12376,1
2020-08-03,15:28:24.250000,12377,12379,12376,1
2020-08-03,15:28:24.250000,12377,12379,12376,1
2020-08-03,15:28:24.251000,12377,12379,12376,1
2020-08-03,15:28:24.257000,12377,12379,12377,2
2020-08-03,15:28:24.322000,12377,12379,12378,3
2020-08-03,15:28:24.455000,12376,12378,12379,1
2020-08-03,15:28:24.973000,12378,12380,12378,1
2020-08-03,15:28:25.009000,12378,12379,12378,1
2020-08-03,15:28:25.012000,12378,12379,12378,1
2020-08-03,15:28:25.014000,12378,12379,12377,1
2020-08-03,15:28:25.015000,12378,12379,12377,1
2020-08-03,15:28:26.370000,12378,12379,12379,2
2020-08-03,15:28:26.603000,12378,12379,12378,2
2020-08-03,15:28:26.621000,12378,12379,12378,2
2020-08-03,15:28:26.763000,12378,12379,12378,1
2020-08-03,15:28:26.919000,12378,12379,12378,2
2020-08-03,15:28:26.975000,12378,12379,12378,1
2020-08-03,15:28:27.275000,12378,12379,12378,2
2020-08-03,15:28:27.851000,12378,12379,12379,2
2020-08-03,15:28:27.851000,12378,12379,12379,1
2020-08-03,15:28:28.081000,12379,12380,12379,1
2020-08-03,15:28:28.465000,12378,12380,12379,2
2020-08-03,15:28:28.546000,12379,12380,12379,2
2020-08-03,15:28:29.424000,12379,12380,12379,1
2020-08-03,15:28:29.517000,12379,12380,12379,1
2020-08-03,15:28:30.102000,12379,12380,12379,1
2020-08-03,15:28:30.102000,12379,12380,12378,4
2020-08-03,15:28:30.284000,12378,12380,12380,3
2020-08-03,15:28:30.318000,12378,12380,12381,3
2020-08-03,15:28:31.006000,12379,12381,12379,1
2020-08-03,15:28:31.011000,12379,12381,12381,1
2020-08-03,15:28:31.105000,12379,12381,12381,1
2020-08-03,15:28:31.600000,12379,12381,12379,1
2020-08-03,15:28:31.947000,12379,12381,12379,1
2020-08-03,15:28:32.073000,12379,12381,12379,4
2020-08-03,15:28:32.073000,12379,12381,12379,13
2020-08-03,15:28:32.940000,12380,12381,12380,1
2020-08-03,15:28:33.344000,12379,12381,12381,1
2020-08-03,15:28:33.404000,12380,12382,12382,1
2020-08-03,15:28:33.537000,12381,12382,12381,1
2020-08-03,15:28:33.677000,12380,12382,12380,1
2020-08-03,15:28:33.816000,12380,12381,12381,3
2020-08-03,15:28:34.084000,12380,12381,12381,1
2020-08-03,15:28:35.169000,12380,12382,12382,1
2020-08-03,15:28:36.152000,12381,12382,12382,2
2020-08-03,15:28:36.710000,12381,12382,12382,1
2020-08-03,15:28:37.791000,12381,12382,12382,1
2020-08-03,15:28:38.411000,12381,12382,12382,1
2020-08-03,15:28:38.412000,12381,12382,12382,9
2020-08-03,15:28:38.939000,12382,12383,12382,1
2020-08-03,15:28:39.808000,12382,12383,12382,1
2020-08-03,15:28:40.146000,12382,12383,12383,1
2020-08-03,15:28:41.218000,12382,12383,12382,1
2020-08-03,15:28:41.362000,12381,12383,12383,1
2020-08-03,15:28:42.276000,12381,12382,12382,1
2020-08-03,15:28:42.430000,12381,12383,12383,2
2020-08-03,15:28:42.747000,12382,12383,12383,1
2020-08-03,15:28:43.252000,12382,12383,12383,1
2020-08-03,15:28:43.712000,12381,12383,12382,1
2020-08-03,15:28:44.085000,12381,12382,12382,1
2020-08-03,15:28:47.885000,12380,12381,12381,4
2020-08-03,15:28:51.085000,12380,12381,12381,1
2020-08-03,15:28:52.471000,12380,12381,12381,1
2020-08-03,15:28:53.060000,12380,12381,12381,2
2020-08-03,15:28:53.470000,12380,12382,12380,1
2020-08-03,15:28:53.911000,12380,12381,12380,1
2020-08-03,15:28:54.426000,12380,12381,12381,1
2020-08-03,15:28:55.519000,12380,12382,12380,1
2020-08-03,15:28:56.084000,12380,12381,12381,1
2020-08-03,15:28:56.155000,12380,12381,12381,1
2020-08-03,15:28:56.656000,12380,12381,12381,2
2020-08-03,15:28:57.491000,12380,12382,12382,1
2020-08-03,15:28:58.928000,12380,12381,12380,3
2020-08-03,15:28:59.130000,12380,12381,12380,1
2020-08-03,15:28:59.130000,12380,12381,12380,1
2020-08-03,15:29:00.130000,12379,12380,12379,3
2020-08-03,15:29:00.138000,12379,12380,12378,4
2020-08-03,15:29:00.704000,12378,12380,12378,1
2020-08-03,15:29:00.750000,12378,12380,12378,1
2020-08-03,15:29:00.753000,12378,12380,12378,1
2020-08-03,15:29:00.781000,12378,12380,12378,1
2020-08-03,15:29:02.960000,12378,12380,12379,1
2020-08-03,15:29:03.318000,12378,12380,12378,2
2020-08-03,15:29:03.701000,12378,12380,12378,2
2020-08-03,15:29:03.703000,12378,12380,12378,1
2020-08-03,15:29:04.110000,12377,12379,12377,1
2020-08-03,15:29:04.122000,12377,12379,12377,1
2020-08-03,15:29:04.467000,12378,12379,12378,1
2020-08-03,15:29:04.866000,12377,12378,12377,1
2020-08-03,15:29:05.219000,12376,12378,12378,1
2020-08-03,15:29:05.292000,12376,12378,12376,1
2020-08-03,15:29:05.398000,12376,12378,12376,1
2020-08-03,15:29:05.824000,12376,12378,12378,1
2020-08-03,15:29:06.357000,12376,12378,12376,1
2020-08-03,15:29:06.629000,12376,12378,12377,2
2020-08-03,15:29:06.731000,12376,12378,12376,1
2020-08-03,15:29:07.242000,12377,12378,12378,1
2020-08-03,15:29:07.575000,12377,12378,12377,1
2020-08-03,15:29:07.620000,12377,12378,12377,1
2020-08-03,15:29:07.793000,12377,12378,12378,2
2020-08-03,15:29:08.509000,12377,12378,12378,1
2020-08-03,15:29:08.965000,12378,12379,12378,2
2020-08-03,15:29:09.538000,12378,12379,12378,1
2020-08-03,15:29:09.992000,12378,12379,12378,1
2020-08-03,15:29:10.013000,12378,12379,12378,6
2020-08-03,15:29:11.079000,12377,12378,12377,1
2020-08-03,15:29:11.217000,12376,12378,12376,1
2020-08-03,15:29:11.394000,12376,12378,12376,1
2020-08-03,15:29:11.506000,12376,12378,12376,3
2020-08-03,15:29:12.113000,12377,12378,12378,1
2020-08-03,15:29:12.128000,12377,12378,12377,1
2020-08-03,15:29:14.522000,12376,12377,12376,2
2020-08-03,15:29:14.523000,12376,12377,12376,12
2020-08-03,15:29:14.975000,12375,12377,12377,8
2020-08-03,15:29:15.309000,12375,12377,12377,2
2020-08-03,15:29:15.345000,12375,12377,12375,2
2020-08-03,15:29:15.402000,12375,12377,12375,1
2020-08-03,15:29:15.405000,12375,12377,12375,1
2020-08-03,15:29:15.408000,12375,12377,12375,8
2020-08-03,15:29:15.410000,12375,12377,12375,2
2020-08-03,15:29:15.434000,12375,12377,12375,4
2020-08-03,15:29:15.495000,12375,12376,12375,5
2020-08-03,15:29:15.619000,12374,12375,12374,5
2020-08-03,15:29:15.809000,12374,12375,12375,4
2020-08-03,15:29:15.861000,12374,12375,12375,1
2020-08-03,15:29:15.861000,12374,12375,12376,1
2020-08-03,15:29:15.870000,12374,12376,12374,3
2020-08-03,15:29:15.875000,12374,12376,12374,1
2020-08-03,15:29:15.879000,12374,12376,12374,1
2020-08-03,15:29:16.102000,12373,12375,12373,1
2020-08-03,15:29:16.109000,12373,12375,12373,1
2020-08-03,15:29:16.388000,12373,12375,12375,2
2020-08-03,15:29:17.100000,12373,12375,12373,1
2020-08-03,15:29:17.797000,12373,12374,12374,1
2020-08-03,15:29:17.929000,12373,12375,12375,4
2020-08-03,15:29:18.239000,12374,12376,12374,1
2020-08-03,15:29:18.533000,12374,12376,12374,1
2020-08-03,15:29:19.018000,12374,12376,12374,1
2020-08-03,15:29:20.096000,12374,12375,12374,1
2020-08-03,15:29:20.517000,12374,12375,12374,1
2020-08-03,15:29:20.547000,12374,12375,12374,1
2020-08-03,15:29:20.582000,12374,12375,12374,1
2020-08-03,15:29:21.003000,12374,12375,12374,1
2020-08-03,15:29:21.003000,12374,12375,12373,3
2020-08-03,15:29:21.254000,12373,12375,12373,1
2020-08-03,15:29:21.411000,12373,12375,12374,1
2020-08-03,15:29:21.887000,12374,12375,12374,1
2020-08-03,15:29:22.120000,12373,12375,12375,1
2020-08-03,15:29:22.610000,12373,12374,12374,1
2020-08-03,15:29:22.702000,12373,12374,12374,1
2020-08-03,15:29:22.803000,12373,12374,12374,1
2020-08-03,15:29:22.865000,12373,12374,12374,1
2020-08-03,15:29:23.561000,12373,12375,12373,1
2020-08-03,15:29:23.708000,12373,12375,12373,3
2020-08-03,15:29:23.828000,12373,12374,12373,2
2020-08-03,15:29:24.277000,12373,12374,12374,1
2020-08-03,15:29:24.371000,12374,12375,12375,1
2020-08-03,15:29:24.624000,12374,12375,12374,2
2020-08-03,15:29:25.054000,12374,12375,12374,1
2020-08-03,15:29:25.386000,12373,12375,12373,1
2020-08-03,15:29:25.891000,12374,12375,12375,11
2020-08-03,15:29:25.913000,12374,12375,12376,1
2020-08-03,15:29:26.436000,12374,12376,12374,1
2020-08-03,15:29:26.457000,12374,12376,12374,3
2020-08-03,15:29:27.478000,12374,12375,12375,1
2020-08-03,15:29:27.495000,12375,12376,12376,1
2020-08-03,15:29:28.305000,12376,12377,12377,8
2020-08-03,15:29:29.094000,12377,12378,12378,3
2020-08-03,15:29:29.473000,12378,12379,12378,1
2020-08-03,15:29:29.613000,12378,12379,12379,12
2020-08-03,15:29:29.614000,12378,12379,12379,1
2020-08-03,15:29:29.682000,12379,12380,12379,1
2020-08-03,15:29:29.996000,12379,12380,12380,1
2020-08-03,15:29:30.550000,12379,12380,12379,1
2020-08-03,15:29:31.005000,12379,12380,12379,1
2020-08-03,15:29:31.229000,12379,12380,12379,1
2020-08-03,15:29:31.375000,12379,12380,12379,1
2020-08-03,15:29:33.401000,12378,12379,12378,1
2020-08-03,15:29:33.863000,12377,12379,12377,2
2020-08-03,15:29:35.429000,12377,12378,12378,1
2020-08-03,15:29:35.717000,12377,12379,12377,1
2020-08-03,15:29:36.286000,12377,12379,12377,3
2020-08-03,15:29:37.768000,12378,12379,12378,1
2020-08-03,15:29:38.153000,12375,12377,12377,8
2020-08-03,15:29:38.883000,12376,12378,12377,1
