2020-06-10,15:00:00.086000,11686,11687,11687,94
2020-06-10,15:00:00.088000,11687,11688,11688,1
2020-06-10,15:00:00.238000,11687,11689,11687,2
2020-06-10,15:00:00.238000,11687,11689,11686,2
2020-06-10,15:00:00.353000,11686,11688,11687,4
2020-06-10,15:00:00.369000,11686,11688,11689,2
2020-06-10,15:00:00.395000,11687,11689,11689,1
2020-06-10,15:00:00.538000,11687,11689,11689,1
2020-06-10,15:00:00.559000,11687,11689,11689,1
2020-06-10,15:00:00.583000,11687,11689,11689,1
2020-06-10,15:00:00.611000,11687,11689,11689,1
2020-06-10,15:00:00.612000,11687,11689,11689,1
2020-06-10,15:00:00.623000,11687,11689,11689,3
2020-06-10,15:00:00.642000,11688,11689,11689,1
2020-06-10,15:00:00.670000,11688,11689,11690,2
2020-06-10,15:00:00.752000,11688,11689,11691,1
2020-06-10,15:00:00.778000,11689,11691,11691,1
2020-06-10,15:00:00.779000,11689,11691,11691,1
2020-06-10,15:00:00.814000,11689,11691,11692,3
2020-06-10,15:00:00.933000,11690,11692,11692,1
2020-06-10,15:00:00.940000,11690,11692,11690,6
2020-06-10,15:00:00.940000,11690,11692,11689,2
2020-06-10,15:00:00.940000,11690,11692,11689,2
2020-06-10,15:00:01.034000,11689,11691,11691,1
2020-06-10,15:00:01.034000,11689,11691,11691,1
2020-06-10,15:00:01.061000,11689,11691,11691,3
2020-06-10,15:00:01.417000,11689,11691,11691,1
2020-06-10,15:00:01.522000,11689,11691,11689,1
2020-06-10,15:00:01.554000,11689,11691,11689,1
2020-06-10,15:00:02.130000,11689,11690,11689,3
2020-06-10,15:00:02.181000,11689,11690,11689,4
2020-06-10,15:00:02.732000,11688,11689,11688,2
2020-06-10,15:00:02.864000,11688,11689,11688,2
2020-06-10,15:00:03.232000,11688,11690,11690,1
2020-06-10,15:00:03.518000,11688,11690,11690,1
2020-06-10,15:00:03.606000,11688,11690,11690,1
2020-06-10,15:00:03.634000,11688,11690,11690,1
2020-06-10,15:00:03.713000,11688,11690,11689,1
2020-06-10,15:00:03.904000,11688,11689,11688,1
2020-06-10,15:00:03.971000,11688,11689,11688,1
2020-06-10,15:00:03.986000,11688,11689,11688,1
2020-06-10,15:00:04.286000,11687,11688,11688,1
2020-06-10,15:00:04.674000,11687,11689,11689,2
2020-06-10,15:00:04.976000,11688,11689,11688,10
2020-06-10,15:00:07.125000,11687,11689,11687,21
2020-06-10,15:00:07.126000,11687,11689,11687,1
2020-06-10,15:00:07.127000,11687,11689,11687,1
2020-06-10,15:00:07.643000,11686,11688,11688,1
2020-06-10,15:00:08.920000,11686,11687,11686,6
2020-06-10,15:00:09.331000,11686,11687,11687,1
2020-06-10,15:00:09.607000,11686,11687,11687,1
2020-06-10,15:00:11.201000,11686,11687,11687,1
2020-06-10,15:00:11.697000,11686,11687,11687,1
2020-06-10,15:00:12.422000,11686,11687,11687,2
2020-06-10,15:00:12.838000,11686,11687,11687,1
2020-06-10,15:00:13.107000,11686,11687,11687,5
2020-06-10,15:00:13.880000,11686,11687,11687,1
2020-06-10,15:00:14.434000,11686,11687,11687,1
2020-06-10,15:00:14.816000,11686,11688,11686,5
2020-06-10,15:00:15.038000,11686,11688,11686,1
2020-06-10,15:00:15.519000,11686,11687,11686,1
2020-06-10,15:00:15.551000,11686,11687,11686,1
2020-06-10,15:00:15.770000,11686,11687,11687,2
2020-06-10,15:00:16.126000,11686,11687,11687,1
2020-06-10,15:00:16.174000,11687,11688,11687,3
2020-06-10,15:00:16.174000,11687,11688,11686,3
2020-06-10,15:00:16.571000,11687,11688,11687,1
2020-06-10,15:00:16.771000,11687,11688,11688,1
2020-06-10,15:00:16.771000,11687,11688,11688,1
2020-06-10,15:00:17.565000,11688,11689,11689,1
2020-06-10,15:00:18.048000,11688,11689,11689,2
2020-06-10,15:00:18.136000,11688,11689,11689,1
2020-06-10,15:00:18.826000,11689,11691,11689,2
2020-06-10,15:00:21.130000,11690,11691,11691,1
2020-06-10,15:00:21.222000,11690,11692,11692,8
2020-06-10,15:00:22.116000,11691,11692,11692,1
2020-06-10,15:00:22.987000,11692,11693,11692,1
2020-06-10,15:00:23.033000,11692,11693,11692,1
2020-06-10,15:00:23.468000,11692,11693,11693,1
2020-06-10,15:00:23.490000,11692,11693,11693,1
2020-06-10,15:00:24.726000,11693,11694,11694,1
2020-06-10,15:00:25.010000,11693,11695,11693,12
2020-06-10,15:00:25.135000,11692,11693,11692,10
2020-06-10,15:00:25.260000,11691,11693,11691,3
2020-06-10,15:00:25.385000,11691,11692,11691,2
2020-06-10,15:00:26.143000,11690,11691,11690,1
2020-06-10,15:00:26.170000,11690,11691,11691,1
2020-06-10,15:00:26.635000,11691,11692,11691,1
2020-06-10,15:00:26.721000,11691,11692,11692,1
2020-06-10,15:00:26.908000,11690,11691,11690,1
2020-06-10,15:00:27.696000,11690,11692,11690,1
2020-06-10,15:00:28.427000,11690,11692,11692,1
2020-06-10,15:00:28.752000,11690,11691,11691,1
2020-06-10,15:00:30.558000,11691,11692,11691,1
2020-06-10,15:00:30.955000,11691,11692,11691,1
2020-06-10,15:00:31.742000,11690,11692,11692,1
2020-06-10,15:00:31.867000,11690,11692,11690,1
2020-06-10,15:00:32.532000,11690,11691,11691,2
2020-06-10,15:00:32.968000,11691,11692,11691,3
2020-06-10,15:00:33.287000,11691,11692,11691,1
2020-06-10,15:00:34.105000,11690,11692,11690,4
2020-06-10,15:00:35.152000,11690,11692,11692,1
2020-06-10,15:00:35.923000,11690,11692,11690,1
2020-06-10,15:00:37.040000,11691,11693,11691,1
2020-06-10,15:00:38.964000,11691,11693,11693,1
2020-06-10,15:00:39.839000,11692,11693,11692,2
2020-06-10,15:00:40.857000,11692,11693,11692,1
2020-06-10,15:00:41.492000,11691,11693,11693,1
2020-06-10,15:00:43.082000,11692,11693,11693,1
2020-06-10,15:00:44.983000,11692,11693,11692,1
2020-06-10,15:00:45.124000,11692,11693,11693,1
2020-06-10,15:00:46.719000,11692,11693,11693,1
2020-06-10,15:00:47.715000,11692,11693,11692,1
2020-06-10,15:00:48.011000,11692,11693,11692,1
2020-06-10,15:00:48.131000,11692,11693,11693,5
2020-06-10,15:00:48.477000,11692,11693,11693,1
2020-06-10,15:00:49.089000,11692,11693,11692,2
2020-06-10,15:00:51.010000,11692,11693,11692,3
2020-06-10,15:00:53.247000,11692,11693,11692,1
2020-06-10,15:00:54.503000,11691,11692,11692,1
2020-06-10,15:00:55.030000,11691,11692,11692,1
2020-06-10,15:00:56.658000,11691,11692,11692,3
2020-06-10,15:00:57.407000,11692,11693,11692,1
2020-06-10,15:00:58.876000,11692,11693,11692,1
2020-06-10,15:00:59.104000,11692,11693,11693,10
2020-06-10,15:00:59.115000,11692,11693,11693,1
2020-06-10,15:00:59.589000,11693,11694,11693,13
2020-06-10,15:00:59.590000,11693,11694,11693,7
2020-06-10,15:01:00.023000,11693,11694,11693,1
2020-06-10,15:01:00.080000,11693,11694,11694,1
2020-06-10,15:01:00.095000,11693,11694,11693,1
2020-06-10,15:01:00.096000,11693,11694,11692,1
2020-06-10,15:01:00.124000,11693,11694,11694,3
2020-06-10,15:01:00.134000,11693,11694,11694,1
2020-06-10,15:01:00.245000,11692,11694,11693,1
2020-06-10,15:01:00.558000,11692,11693,11693,1
2020-06-10,15:01:01.988000,11693,11694,11693,1
2020-06-10,15:01:02.893000,11693,11694,11693,5
2020-06-10,15:01:03.016000,11693,11694,11693,1
2020-06-10,15:01:03.016000,11693,11694,11692,5
2020-06-10,15:01:03.023000,11693,11694,11692,1
2020-06-10,15:01:03.024000,11693,11694,11691,1
2020-06-10,15:01:03.031000,11693,11694,11691,1
2020-06-10,15:01:03.032000,11693,11694,11691,1
2020-06-10,15:01:03.046000,11693,11694,11691,1
2020-06-10,15:01:03.053000,11693,11694,11691,1
2020-06-10,15:01:03.074000,11693,11694,11691,1
2020-06-10,15:01:03.201000,11692,11693,11693,3
2020-06-10,15:01:03.201000,11692,11693,11694,1
2020-06-10,15:01:03.329000,11692,11694,11693,1
2020-06-10,15:01:03.654000,11692,11693,11693,1
2020-06-10,15:01:04.249000,11693,11694,11693,2
2020-06-10,15:01:04.400000,11692,11694,11694,1
2020-06-10,15:01:08.555000,11693,11694,11693,2
2020-06-10,15:01:09.733000,11692,11694,11692,1
2020-06-10,15:01:12.015000,11693,11694,11694,2
2020-06-10,15:01:12.018000,11693,11694,11694,3
2020-06-10,15:01:12.329000,11693,11695,11693,4
2020-06-10,15:01:17.385000,11693,11694,11694,2
2020-06-10,15:01:17.385000,11693,11694,11695,2
2020-06-10,15:01:20.174000,11694,11695,11694,1
2020-06-10,15:01:20.724000,11693,11694,11694,1
2020-06-10,15:01:20.967000,11693,11694,11694,1
2020-06-10,15:01:21.470000,11693,11695,11694,1
2020-06-10,15:01:21.624000,11693,11695,11695,1
2020-06-10,15:01:21.905000,11693,11695,11695,1
2020-06-10,15:01:29.111000,11694,11695,11695,1
2020-06-10,15:01:30.116000,11695,11696,11695,1
2020-06-10,15:01:32.198000,11694,11695,11695,4
2020-06-10,15:01:36.503000,11695,11696,11696,1
2020-06-10,15:01:36.857000,11695,11696,11695,1
2020-06-10,15:01:39.206000,11695,11696,11695,2
2020-06-10,15:01:39.406000,11695,11696,11696,11
2020-06-10,15:01:39.908000,11696,11697,11696,1
2020-06-10,15:01:41.640000,11695,11697,11697,1
2020-06-10,15:01:41.863000,11695,11697,11697,1
2020-06-10,15:01:43.923000,11696,11697,11697,1
2020-06-10,15:01:44.095000,11696,11697,11696,1
2020-06-10,15:01:47.136000,11696,11697,11697,1
2020-06-10,15:01:47.352000,11696,11697,11697,1
2020-06-10,15:01:47.717000,11696,11698,11696,1
2020-06-10,15:01:49.177000,11696,11697,11697,1
2020-06-10,15:01:50.931000,11697,11698,11698,2
2020-06-10,15:01:53.805000,11697,11698,11698,1
2020-06-10,15:01:55.074000,11697,11698,11698,1
2020-06-10,15:01:55.604000,11697,11698,11697,1
2020-06-10,15:01:55.736000,11697,11698,11698,1
2020-06-10,15:01:55.900000,11697,11698,11697,2
2020-06-10,15:01:56.417000,11697,11698,11698,1
2020-06-10,15:01:56.553000,11697,11698,11697,2
2020-06-10,15:01:57.056000,11696,11697,11697,1
2020-06-10,15:01:57.201000,11696,11697,11697,1
2020-06-10,15:01:57.729000,11696,11697,11697,1
2020-06-10,15:01:59.173000,11697,11698,11698,1
2020-06-10,15:02:01.729000,11697,11698,11698,1
2020-06-10,15:02:01.916000,11697,11698,11697,1
2020-06-10,15:02:02.203000,11697,11698,11698,1
2020-06-10,15:02:02.403000,11697,11698,11697,1
2020-06-10,15:02:02.546000,11697,11698,11697,1
2020-06-10,15:02:05.495000,11697,11698,11698,1
2020-06-10,15:02:06.157000,11697,11698,11697,1
2020-06-10,15:02:07.673000,11697,11698,11697,1
2020-06-10,15:02:09.414000,11697,11698,11698,6
2020-06-10,15:02:10.651000,11697,11698,11698,1
2020-06-10,15:02:11.340000,11697,11698,11698,3
2020-06-10,15:02:11.340000,11697,11698,11699,2
2020-06-10,15:02:14.176000,11697,11699,11697,1
2020-06-10,15:02:15.216000,11697,11699,11699,1
2020-06-10,15:02:15.219000,11697,11699,11699,1
2020-06-10,15:02:15.909000,11697,11698,11698,1
2020-06-10,15:02:15.909000,11697,11698,11699,1
2020-06-10,15:02:17.454000,11698,11699,11699,1
2020-06-10,15:02:20.132000,11698,11699,11699,1
2020-06-10,15:02:26.530000,11698,11699,11698,1
2020-06-10,15:02:27.273000,11698,11699,11699,2
2020-06-10,15:02:31.293000,11698,11699,11699,1
2020-06-10,15:02:32.067000,11698,11699,11699,1
2020-06-10,15:02:34.850000,11698,11699,11699,1
2020-06-10,15:02:40.881000,11698,11699,11698,1
2020-06-10,15:02:43.408000,11698,11699,11698,1
2020-06-10,15:02:45.232000,11698,11699,11698,4
2020-06-10,15:02:45.232000,11698,11699,11698,5
2020-06-10,15:02:45.233000,11698,11699,11698,1
2020-06-10,15:02:45.233000,11698,11699,11698,1
2020-06-10,15:02:45.700000,11697,11698,11698,3
2020-06-10,15:02:46.693000,11697,11698,11698,1
2020-06-10,15:02:48.085000,11697,11698,11698,1
2020-06-10,15:02:48.528000,11697,11698,11698,1
2020-06-10,15:02:48.937000,11697,11698,11698,1
2020-06-10,15:02:54.441000,11697,11698,11697,1
2020-06-10,15:02:58.253000,11697,11698,11698,1
2020-06-10,15:02:58.697000,11697,11698,11697,2
2020-06-10,15:02:58.698000,11697,11698,11697,17
2020-06-10,15:02:59.370000,11696,11697,11697,1
2020-06-10,15:02:59.789000,11696,11697,11696,1
2020-06-10,15:03:00.003000,11696,11697,11696,1
2020-06-10,15:03:00.045000,11696,11697,11697,2
2020-06-10,15:03:01.113000,11696,11697,11696,1
2020-06-10,15:03:03.259000,11696,11697,11696,1
2020-06-10,15:03:03.453000,11696,11697,11697,1
2020-06-10,15:03:10.839000,11696,11697,11697,1
2020-06-10,15:03:10.880000,11696,11697,11696,6
2020-06-10,15:03:10.961000,11696,11697,11696,5
2020-06-10,15:03:11.263000,11696,11697,11696,1
2020-06-10,15:03:11.517000,11696,11697,11696,1
2020-06-10,15:03:13.420000,11696,11697,11697,1
2020-06-10,15:03:14.245000,11696,11697,11696,1
2020-06-10,15:03:17.409000,11696,11697,11696,1
2020-06-10,15:03:17.618000,11696,11697,11696,1
2020-06-10,15:03:22.345000,11696,11697,11697,10
2020-06-10,15:03:22.358000,11696,11697,11697,1
2020-06-10,15:03:22.358000,11696,11697,11697,1
2020-06-10,15:03:22.393000,11696,11697,11696,1
2020-06-10,15:03:26.453000,11696,11697,11696,17
2020-06-10,15:03:28.927000,11695,11696,11695,1
2020-06-10,15:03:30.089000,11695,11696,11695,2
2020-06-10,15:03:30.854000,11695,11696,11695,1
2020-06-10,15:03:31.843000,11695,11696,11696,2
2020-06-10,15:03:33.810000,11695,11696,11696,1
2020-06-10,15:03:34.159000,11695,11696,11696,2
2020-06-10,15:03:34.160000,11695,11696,11696,2
2020-06-10,15:03:34.585000,11696,11697,11696,1
2020-06-10,15:03:37.009000,11696,11697,11696,1
2020-06-10,15:03:38.028000,11696,11697,11696,1
2020-06-10,15:03:49.007000,11696,11697,11696,1
2020-06-10,15:03:49.537000,11696,11697,11697,1
2020-06-10,15:03:54.386000,11696,11697,11697,1
2020-06-10,15:03:58.491000,11696,11697,11697,4
2020-06-10,15:03:59.634000,11696,11697,11697,5
2020-06-10,15:04:15.874000,11697,11698,11697,1
2020-06-10,15:04:16.385000,11697,11698,11697,1
2020-06-10,15:04:18.793000,11697,11698,11697,1
2020-06-10,15:04:20.450000,11697,11698,11697,2
2020-06-10,15:04:22.719000,11697,11698,11697,1
2020-06-10,15:04:23.917000,11697,11698,11697,1
2020-06-10,15:04:27.265000,11697,11698,11697,2
2020-06-10,15:04:34.885000,11697,11698,11697,1
2020-06-10,15:04:35.371000,11697,11698,11697,1
2020-06-10,15:04:37.429000,11697,11698,11697,2
2020-06-10,15:04:37.685000,11697,11698,11698,1
2020-06-10,15:04:39.775000,11697,11698,11697,1
2020-06-10,15:04:40.918000,11697,11698,11698,1
2020-06-10,15:04:42.466000,11697,11698,11698,17
2020-06-10,15:04:42.467000,11697,11698,11698,19
2020-06-10,15:04:42.467000,11697,11698,11698,3
2020-06-10,15:04:42.467000,11697,11698,11698,4
2020-06-10,15:04:42.467000,11697,11698,11698,1
2020-06-10,15:04:43.826000,11698,11699,11699,2
2020-06-10,15:04:44.026000,11698,11699,11699,2
2020-06-10,15:04:49.072000,11698,11699,11699,1
2020-06-10,15:04:49.095000,11698,11699,11699,1
2020-06-10,15:04:49.096000,11698,11699,11699,2
2020-06-10,15:04:49.097000,11698,11699,11699,1
2020-06-10,15:04:49.097000,11698,11699,11699,2
2020-06-10,15:04:49.135000,11698,11699,11699,2
2020-06-10,15:04:52.093000,11699,11700,11699,1
2020-06-10,15:05:02.186000,11699,11700,11699,4
2020-06-10,15:05:02.445000,11699,11700,11699,1
2020-06-10,15:05:03.363000,11698,11699,11699,1
2020-06-10,15:05:03.411000,11698,11699,11698,8
2020-06-10,15:05:04.177000,11698,11699,11699,1
2020-06-10,15:05:06.393000,11698,11699,11698,5
2020-06-10,15:05:07.489000,11697,11699,11697,1
2020-06-10,15:05:08.112000,11697,11699,11698,1
2020-06-10,15:05:08.814000,11697,11698,11697,1
2020-06-10,15:05:08.829000,11697,11698,11697,1
2020-06-10,15:05:11.160000,11697,11698,11697,1
2020-06-10,15:05:11.865000,11697,11698,11698,4
2020-06-10,15:05:11.865000,11697,11698,11698,1
2020-06-10,15:05:14.125000,11698,11699,11699,3
2020-06-10,15:05:14.125000,11698,11699,11699,5
2020-06-10,15:05:14.855000,11699,11700,11699,1
2020-06-10,15:05:15.248000,11699,11700,11699,1
2020-06-10,15:05:15.632000,11699,11700,11699,1
2020-06-10,15:05:16.033000,11699,11700,11699,1
2020-06-10,15:05:20.768000,11699,11700,11700,10
2020-06-10,15:05:20.769000,11699,11700,11700,1
2020-06-10,15:05:21.262000,11699,11700,11699,1
2020-06-10,15:05:22.893000,11699,11700,11700,2
2020-06-10,15:05:28.512000,11700,11701,11701,1
2020-06-10,15:05:28.948000,11700,11701,11701,1
2020-06-10,15:05:31.469000,11700,11701,11701,2
2020-06-10,15:05:31.476000,11700,11701,11701,1
2020-06-10,15:05:31.731000,11700,11701,11701,1
2020-06-10,15:05:32.499000,11700,11701,11701,1
2020-06-10,15:05:37.189000,11700,11701,11701,5
2020-06-10,15:05:37.339000,11700,11701,11701,1
2020-06-10,15:05:39.456000,11700,11701,11700,2
2020-06-10,15:05:41.443000,11700,11701,11700,1
2020-06-10,15:05:41.443000,11700,11701,11700,1
2020-06-10,15:05:41.443000,11700,11701,11700,1
2020-06-10,15:05:41.443000,11700,11701,11700,1
2020-06-10,15:05:42.888000,11699,11700,11700,1
2020-06-10,15:05:44.541000,11700,11701,11700,1
2020-06-10,15:05:48.047000,11700,11701,11701,1
2020-06-10,15:05:48.816000,11700,11701,11701,1
2020-06-10,15:05:48.816000,11700,11701,11701,2
2020-06-10,15:05:48.817000,11700,11701,11701,1
2020-06-10,15:05:50.018000,11701,11702,11701,1
2020-06-10,15:05:51.987000,11701,11702,11702,2
2020-06-10,15:05:54.086000,11701,11702,11702,1
2020-06-10,15:05:54.135000,11701,11702,11702,11
2020-06-10,15:05:56.049000,11702,11703,11703,2
2020-06-10,15:05:56.221000,11702,11703,11703,1
2020-06-10,15:05:56.497000,11702,11703,11703,1
2020-06-10,15:05:56.497000,11702,11703,11703,1
2020-06-10,15:05:56.570000,11702,11703,11703,1
2020-06-10,15:05:56.785000,11702,11703,11703,1
2020-06-10,15:05:56.961000,11702,11703,11703,1
2020-06-10,15:05:57.329000,11702,11703,11703,2
2020-06-10,15:05:57.472000,11702,11703,11703,1
2020-06-10,15:05:58.642000,11702,11703,11703,1
2020-06-10,15:05:58.790000,11702,11703,11703,1
2020-06-10,15:05:58.934000,11702,11703,11703,1
2020-06-10,15:06:02.404000,11702,11703,11703,1
2020-06-10,15:06:03.061000,11702,11703,11703,1
2020-06-10,15:06:03.131000,11702,11703,11703,1
2020-06-10,15:06:03.131000,11702,11703,11703,1
2020-06-10,15:06:03.930000,11703,11704,11703,1
2020-06-10,15:06:04.466000,11703,11704,11704,1
2020-06-10,15:06:07.184000,11703,11704,11703,1
2020-06-10,15:06:07.303000,11703,11704,11704,1
2020-06-10,15:06:08.843000,11703,11704,11703,1
2020-06-10,15:06:09.374000,11703,11704,11704,1
2020-06-10,15:06:12.264000,11703,11704,11704,3
2020-06-10,15:06:12.659000,11703,11704,11704,8
2020-06-10,15:06:12.659000,11703,11704,11705,35
2020-06-10,15:06:14.493000,11705,11706,11706,1
2020-06-10,15:06:14.700000,11705,11706,11706,1
2020-06-10,15:06:14.714000,11705,11706,11706,1
2020-06-10,15:06:14.853000,11705,11706,11705,2
2020-06-10,15:06:14.879000,11705,11706,11705,2
2020-06-10,15:06:14.893000,11705,11706,11706,2
2020-06-10,15:06:15.003000,11705,11706,11706,1
2020-06-10,15:06:15.161000,11705,11706,11706,1
2020-06-10,15:06:15.989000,11705,11706,11705,1
2020-06-10,15:06:16.281000,11705,11706,11705,1
2020-06-10,15:06:16.416000,11705,11706,11706,2
2020-06-10,15:06:16.919000,11705,11706,11706,1
2020-06-10,15:06:17.182000,11705,11706,11706,1
2020-06-10,15:06:17.434000,11705,11706,11705,2
2020-06-10,15:06:17.434000,11705,11706,11705,1
2020-06-10,15:06:17.434000,11705,11706,11705,2
2020-06-10,15:06:17.435000,11705,11706,11705,3
2020-06-10,15:06:17.435000,11705,11706,11705,6
2020-06-10,15:06:17.435000,11705,11706,11705,1
2020-06-10,15:06:17.435000,11705,11706,11705,2
2020-06-10,15:06:17.435000,11705,11706,11705,11
2020-06-10,15:06:17.435000,11705,11706,11705,4
2020-06-10,15:06:17.435000,11705,11706,11705,1
2020-06-10,15:06:17.435000,11705,11706,11705,2
2020-06-10,15:06:17.435000,11705,11706,11705,4
2020-06-10,15:06:17.435000,11705,11706,11705,4
2020-06-10,15:06:17.435000,11705,11706,11705,1
2020-06-10,15:06:17.435000,11705,11706,11705,1
2020-06-10,15:06:17.435000,11705,11706,11705,1
2020-06-10,15:06:17.435000,11705,11706,11705,6
2020-06-10,15:06:17.436000,11705,11706,11704,5
2020-06-10,15:06:18.305000,11703,11704,11704,2
2020-06-10,15:06:18.966000,11703,11704,11704,1
2020-06-10,15:06:20.009000,11703,11704,11704,2
2020-06-10,15:06:20.771000,11704,11705,11705,6
2020-06-10,15:06:21.763000,11704,11706,11704,1
2020-06-10,15:06:23.139000,11704,11705,11705,1
2020-06-10,15:06:23.139000,11704,11705,11705,1
2020-06-10,15:06:25.374000,11705,11706,11705,1
2020-06-10,15:06:26.739000,11704,11705,11704,2
2020-06-10,15:06:28.915000,11704,11705,11705,1
2020-06-10,15:06:28.957000,11704,11705,11705,1
2020-06-10,15:06:31.498000,11704,11705,11705,1
2020-06-10,15:06:31.827000,11704,11705,11705,1
2020-06-10,15:06:31.828000,11704,11705,11705,2
2020-06-10,15:06:32.888000,11705,11706,11705,1
2020-06-10,15:06:38.154000,11705,11706,11705,1
2020-06-10,15:06:39.177000,11705,11706,11705,1
2020-06-10,15:06:43.076000,11705,11706,11706,1
2020-06-10,15:06:43.434000,11705,11706,11705,1
2020-06-10,15:06:43.577000,11705,11706,11705,1
2020-06-10,15:06:44.055000,11705,11706,11705,1
2020-06-10,15:06:44.599000,11705,11706,11705,1
2020-06-10,15:06:45.040000,11705,11706,11705,1
2020-06-10,15:06:45.272000,11705,11706,11705,1
2020-06-10,15:06:46.175000,11705,11706,11705,2
2020-06-10,15:06:46.493000,11704,11705,11705,1
2020-06-10,15:06:47.322000,11704,11705,11705,1
2020-06-10,15:06:48.367000,11704,11705,11705,1
2020-06-10,15:06:51.224000,11704,11705,11705,1
2020-06-10,15:06:52.217000,11704,11705,11705,1
2020-06-10,15:06:53.685000,11704,11705,11705,6
2020-06-10,15:06:54.318000,11704,11705,11705,1
2020-06-10,15:06:55.138000,11704,11705,11705,1
2020-06-10,15:06:55.463000,11704,11705,11705,1
2020-06-10,15:06:56.060000,11704,11705,11704,1
2020-06-10,15:06:57.527000,11704,11705,11705,1
2020-06-10,15:07:02.269000,11704,11705,11705,6
2020-06-10,15:07:02.269000,11704,11705,11705,1
2020-06-10,15:07:02.481000,11704,11706,11705,1
2020-06-10,15:07:02.980000,11705,11706,11705,1
2020-06-10,15:07:07.442000,11705,11706,11705,1
2020-06-10,15:07:10.299000,11705,11706,11705,1
2020-06-10,15:07:13.424000,11705,11706,11705,1
2020-06-10,15:07:16.180000,11705,11706,11705,1
2020-06-10,15:07:18.379000,11705,11706,11705,4
2020-06-10,15:07:26.052000,11704,11705,11705,1
2020-06-10,15:07:27.346000,11704,11705,11705,2
2020-06-10,15:07:27.346000,11704,11705,11705,2
2020-06-10,15:07:28.402000,11704,11705,11705,1
2020-06-10,15:07:35.847000,11704,11705,11705,1
2020-06-10,15:07:37.473000,11704,11705,11705,2
2020-06-10,15:07:37.473000,11704,11705,11705,2
2020-06-10,15:07:37.769000,11705,11706,11705,1
2020-06-10,15:07:38.805000,11704,11706,11706,1
2020-06-10,15:07:40.255000,11704,11705,11705,1
2020-06-10,15:07:40.607000,11705,11706,11705,1
2020-06-10,15:07:41.592000,11705,11706,11705,1
2020-06-10,15:07:45.710000,11705,11706,11706,1
2020-06-10,15:07:46.095000,11705,11706,11706,1
2020-06-10,15:07:59.459000,11705,11706,11706,2
2020-06-10,15:07:59.719000,11705,11706,11706,1
2020-06-10,15:08:02.172000,11705,11706,11706,5
2020-06-10,15:08:06.418000,11705,11706,11706,2
2020-06-10,15:08:07.336000,11705,11706,11705,1
2020-06-10,15:08:08.353000,11705,11706,11705,3
2020-06-10,15:08:08.354000,11705,11706,11705,5
2020-06-10,15:08:08.354000,11705,11706,11705,2
2020-06-10,15:08:08.657000,11704,11706,11705,1
2020-06-10,15:08:11.250000,11704,11705,11705,1
2020-06-10,15:08:14.382000,11704,11705,11705,1
2020-06-10,15:08:18.344000,11704,11705,11704,1
2020-06-10,15:08:20.704000,11704,11705,11704,1
2020-06-10,15:08:22.220000,11704,11705,11705,1
2020-06-10,15:08:22.220000,11704,11705,11705,1
2020-06-10,15:08:22.220000,11704,11705,11705,1
2020-06-10,15:08:22.220000,11704,11705,11705,1
2020-06-10,15:08:22.221000,11704,11705,11705,1
2020-06-10,15:08:25.376000,11704,11705,11704,1
2020-06-10,15:08:29.656000,11704,11705,11705,1
2020-06-10,15:08:32.891000,11704,11705,11705,1
2020-06-10,15:08:36.688000,11704,11705,11705,1
2020-06-10,15:08:38.874000,11704,11705,11705,1
2020-06-10,15:08:46.095000,11704,11705,11704,3
2020-06-10,15:08:55.236000,11704,11705,11704,1
2020-06-10,15:09:00.787000,11704,11705,11705,1
2020-06-10,15:09:06.508000,11704,11705,11704,1
2020-06-10,15:09:15.356000,11704,11705,11704,1
2020-06-10,15:09:18.677000,11704,11705,11704,1
2020-06-10,15:09:21.392000,11704,11705,11705,1
2020-06-10,15:09:27.891000,11704,11705,11704,2
2020-06-10,15:09:37.959000,11704,11705,11705,3
2020-06-10,15:09:37.959000,11704,11705,11705,4
2020-06-10,15:09:37.959000,11704,11705,11705,3
2020-06-10,15:09:37.959000,11704,11705,11705,6
2020-06-10,15:09:46.661000,11705,11706,11706,4
2020-06-10,15:09:46.677000,11705,11706,11706,1
2020-06-10,15:09:47.052000,11705,11706,11706,1
2020-06-10,15:09:47.454000,11705,11706,11706,4
2020-06-10,15:09:50.203000,11706,11707,11706,1
2020-06-10,15:09:52.159000,11706,11707,11707,5
2020-06-10,15:09:52.363000,11706,11707,11707,1
2020-06-10,15:09:53.491000,11706,11707,11706,3
2020-06-10,15:09:53.797000,11705,11706,11706,1
2020-06-10,15:09:55.923000,11705,11707,11707,4
2020-06-10,15:10:00.124000,11705,11706,11706,1
2020-06-10,15:10:02.007000,11706,11707,11706,1
2020-06-10,15:10:02.303000,11706,11707,11707,1
2020-06-10,15:10:03.165000,11706,11707,11706,1
2020-06-10,15:10:04.796000,11706,11707,11707,1
2020-06-10,15:10:07.086000,11706,11707,11707,1
2020-06-10,15:10:07.359000,11706,11707,11706,4
2020-06-10,15:10:07.761000,11705,11706,11706,1
2020-06-10,15:10:14.737000,11706,11707,11706,1
2020-06-10,15:10:14.993000,11706,11707,11706,1
2020-06-10,15:10:17.444000,11706,11707,11707,18
2020-06-10,15:10:17.600000,11707,11708,11707,2
2020-06-10,15:10:17.821000,11706,11708,11706,1
2020-06-10,15:10:21.282000,11706,11707,11706,2
2020-06-10,15:10:25.230000,11705,11707,11706,1
2020-06-10,15:10:28.102000,11705,11706,11706,1
2020-06-10,15:10:32.156000,11706,11707,11706,1
2020-06-10,15:10:38.801000,11705,11706,11706,1
2020-06-10,15:10:40.663000,11705,11706,11705,31
2020-06-10,15:10:40.890000,11704,11705,11704,1
2020-06-10,15:10:44.999000,11704,11705,11704,1
2020-06-10,15:10:45.183000,11704,11705,11705,1
2020-06-10,15:10:53.926000,11704,11705,11705,6
2020-06-10,15:10:55.582000,11705,11706,11706,9
2020-06-10,15:11:00.797000,11706,11707,11707,14
2020-06-10,15:11:07.260000,11707,11708,11708,6
2020-06-10,15:11:12.409000,11708,11709,11709,1
2020-06-10,15:11:12.740000,11708,11709,11709,1
2020-06-10,15:11:12.950000,11708,11709,11709,1
2020-06-10,15:11:19.693000,11708,11709,11709,7
2020-06-10,15:11:19.776000,11708,11709,11709,1
2020-06-10,15:11:22.432000,11708,11709,11709,1
2020-06-10,15:11:24.841000,11708,11709,11709,2
2020-06-10,15:11:26.520000,11708,11709,11709,1
2020-06-10,15:11:27.623000,11708,11709,11708,7
2020-06-10,15:11:27.630000,11708,11709,11708,1
2020-06-10,15:11:28.478000,11707,11708,11708,1
2020-06-10,15:11:29.629000,11707,11708,11708,2
2020-06-10,15:11:30.616000,11707,11708,11708,1
2020-06-10,15:11:31.745000,11707,11708,11708,1
2020-06-10,15:11:38.102000,11708,11709,11708,2
2020-06-10,15:11:38.951000,11708,11709,11709,1
2020-06-10,15:11:39.379000,11708,11709,11708,10
2020-06-10,15:11:41.885000,11708,11709,11709,5
2020-06-10,15:11:41.894000,11708,11709,11709,2
2020-06-10,15:11:43.285000,11708,11709,11709,1
2020-06-10,15:11:46.828000,11708,11709,11709,1
2020-06-10,15:11:46.828000,11708,11709,11709,1
2020-06-10,15:11:47.271000,11709,11710,11709,8
2020-06-10,15:11:48.826000,11708,11709,11709,2
2020-06-10,15:11:52.906000,11708,11709,11709,1
2020-06-10,15:11:55.428000,11708,11709,11709,1
2020-06-10,15:11:56.376000,11708,11709,11708,3
2020-06-10,15:11:56.376000,11708,11709,11708,1
2020-06-10,15:11:56.376000,11708,11709,11708,2
2020-06-10,15:11:56.376000,11708,11709,11708,3
2020-06-10,15:12:00.654000,11707,11708,11708,1
2020-06-10,15:12:00.890000,11707,11708,11708,3
2020-06-10,15:12:01.127000,11708,11709,11709,1
2020-06-10,15:12:01.157000,11708,11709,11709,2
2020-06-10,15:12:02.372000,11708,11709,11709,2
2020-06-10,15:12:04.901000,11708,11709,11709,1
2020-06-10,15:12:10.541000,11708,11709,11708,10
2020-06-10,15:12:10.542000,11708,11709,11708,12
2020-06-10,15:12:11.870000,11708,11709,11708,2
2020-06-10,15:12:11.897000,11707,11709,11709,1
2020-06-10,15:12:12.547000,11708,11709,11708,1
2020-06-10,15:12:13.356000,11708,11709,11709,1
2020-06-10,15:12:15.570000,11708,11709,11709,2
2020-06-10,15:12:16.667000,11708,11709,11709,1
2020-06-10,15:12:16.671000,11708,11709,11708,1
2020-06-10,15:12:20.276000,11708,11709,11709,1
2020-06-10,15:12:20.703000,11708,11709,11708,1
2020-06-10,15:12:22.370000,11707,11708,11708,1
2020-06-10,15:12:27.194000,11707,11708,11708,1
2020-06-10,15:12:27.194000,11707,11708,11709,4
2020-06-10,15:12:27.627000,11707,11709,11709,1
2020-06-10,15:12:29.573000,11707,11708,11708,1
2020-06-10,15:12:31.855000,11707,11708,11708,1
2020-06-10,15:12:32.848000,11707,11708,11708,1
2020-06-10,15:12:42.743000,11707,11708,11707,1
2020-06-10,15:12:50.283000,11707,11708,11707,1
2020-06-10,15:12:50.678000,11707,11708,11707,1
2020-06-10,15:12:50.678000,11707,11708,11707,1
2020-06-10,15:12:50.678000,11707,11708,11707,1
2020-06-10,15:12:50.678000,11707,11708,11707,1
2020-06-10,15:12:50.807000,11707,11708,11707,1
2020-06-10,15:12:50.822000,11707,11708,11707,6
2020-06-10,15:12:50.822000,11707,11708,11707,5
2020-06-10,15:12:56.348000,11706,11707,11707,1
2020-06-10,15:13:00.868000,11706,11707,11706,1
2020-06-10,15:13:03.051000,11706,11707,11707,3
2020-06-10,15:13:07.949000,11707,11708,11708,3
2020-06-10,15:13:08.017000,11707,11708,11708,1
2020-06-10,15:13:10.580000,11707,11708,11707,1
2020-06-10,15:13:10.580000,11707,11708,11707,1
2020-06-10,15:13:15.679000,11707,11708,11707,1
2020-06-10,15:13:15.681000,11707,11708,11707,1
2020-06-10,15:13:15.703000,11707,11708,11706,1
2020-06-10,15:13:24.625000,11706,11707,11706,1
2020-06-10,15:13:57.702000,11706,11707,11707,1
2020-06-10,15:13:57.703000,11706,11707,11707,2
2020-06-10,15:14:08.359000,11707,11708,11707,2
2020-06-10,15:14:09.292000,11707,11708,11707,1
2020-06-10,15:14:11.813000,11707,11708,11708,2
2020-06-10,15:14:19.472000,11707,11708,11708,1
2020-06-10,15:14:22.968000,11707,11708,11708,1
2020-06-10,15:14:27.226000,11707,11708,11708,1
2020-06-10,15:14:29.976000,11707,11708,11707,1
2020-06-10,15:14:29.976000,11707,11708,11707,3
2020-06-10,15:14:32.238000,11706,11707,11707,1
2020-06-10,15:14:39.793000,11707,11708,11708,2
2020-06-10,15:14:39.992000,11707,11708,11708,2
2020-06-10,15:14:41.444000,11707,11708,11708,1
2020-06-10,15:14:41.445000,11707,11708,11708,9
2020-06-10,15:14:41.445000,11707,11708,11708,1
2020-06-10,15:14:41.445000,11707,11708,11708,1
2020-06-10,15:14:41.445000,11707,11708,11708,1
2020-06-10,15:14:41.465000,11707,11708,11708,1
2020-06-10,15:14:41.465000,11707,11708,11708,1
2020-06-10,15:14:41.466000,11707,11708,11708,2
2020-06-10,15:14:42.248000,11708,11709,11708,1
2020-06-10,15:14:42.758000,11708,11709,11708,1
2020-06-10,15:14:45.938000,11708,11709,11708,4
2020-06-10,15:14:46.676000,11707,11708,11708,1
2020-06-10,15:15:00.892000,11707,11708,11708,1
2020-06-10,15:15:00.900000,11707,11708,11708,1
2020-06-10,15:15:02.033000,11707,11708,11708,1
2020-06-10,15:15:02.130000,11707,11708,11708,1
2020-06-10,15:15:02.376000,11707,11708,11708,1
2020-06-10,15:15:04.075000,11707,11708,11708,1
2020-06-10,15:15:06.795000,11707,11708,11708,1
2020-06-10,15:15:06.997000,11707,11708,11708,3
2020-06-10,15:15:07.647000,11707,11708,11708,1
2020-06-10,15:15:08.130000,11707,11708,11708,1
2020-06-10,15:15:08.798000,11707,11708,11707,11
2020-06-10,15:15:09.074000,11707,11708,11708,1
2020-06-10,15:15:16.628000,11707,11708,11708,3
2020-06-10,15:15:20.453000,11707,11708,11708,1
2020-06-10,15:15:23.841000,11707,11708,11708,1
2020-06-10,15:15:35.677000,11708,11709,11708,1
2020-06-10,15:15:54.518000,11708,11709,11708,2
2020-06-10,15:15:54.518000,11708,11709,11708,5
2020-06-10,15:15:54.610000,11708,11709,11708,1
2020-06-10,15:15:57.546000,11707,11708,11708,1
2020-06-10,15:15:59.422000,11707,11708,11707,2
2020-06-10,15:15:59.622000,11707,11708,11707,2
2020-06-10,15:15:59.672000,11706,11708,11708,2
2020-06-10,15:16:01.539000,11707,11708,11708,1
2020-06-10,15:16:09.441000,11707,11708,11707,2
2020-06-10,15:16:09.441000,11707,11708,11707,1
2020-06-10,15:16:10.550000,11706,11707,11707,1
2020-06-10,15:16:12.141000,11706,11707,11707,1
2020-06-10,15:16:22.319000,11707,11708,11707,2
2020-06-10,15:16:23.614000,11706,11707,11706,1
2020-06-10,15:16:24.451000,11706,11707,11706,1
2020-06-10,15:16:33.256000,11706,11707,11706,1
2020-06-10,15:16:33.398000,11706,11707,11706,4
2020-06-10,15:16:39.806000,11706,11707,11706,2
2020-06-10,15:16:41.240000,11706,11707,11707,2
2020-06-10,15:16:43.492000,11706,11707,11706,11
2020-06-10,15:16:43.492000,11706,11707,11705,22
2020-06-10,15:16:47.965000,11706,11707,11706,1
2020-06-10,15:16:56.237000,11706,11707,11706,1
2020-06-10,15:16:57.245000,11706,11707,11706,5
2020-06-10,15:16:57.245000,11706,11707,11705,26
2020-06-10,15:16:57.924000,11704,11706,11704,1
2020-06-10,15:16:58.110000,11704,11706,11706,1
2020-06-10,15:17:03.667000,11705,11706,11705,2
2020-06-10,15:17:17.292000,11704,11705,11705,1
2020-06-10,15:17:22.046000,11704,11705,11704,1
2020-06-10,15:17:22.343000,11704,11705,11705,1
2020-06-10,15:17:24.076000,11704,11705,11704,1
2020-06-10,15:17:24.924000,11704,11705,11704,1
2020-06-10,15:17:24.959000,11704,11705,11704,1
2020-06-10,15:17:27.169000,11704,11705,11704,6
2020-06-10,15:17:29.868000,11703,11704,11704,1
2020-06-10,15:17:31.839000,11703,11704,11703,24
2020-06-10,15:17:33.797000,11702,11703,11702,1
2020-06-10,15:17:33.881000,11702,11703,11703,1
2020-06-10,15:17:34.761000,11702,11703,11702,1
2020-06-10,15:17:37.624000,11702,11703,11702,2
2020-06-10,15:17:37.770000,11702,11703,11702,1
2020-06-10,15:17:38.398000,11702,11703,11702,1
2020-06-10,15:17:38.514000,11702,11703,11702,1
2020-06-10,15:17:40.417000,11702,11703,11702,1
2020-06-10,15:17:40.417000,11702,11703,11701,4
2020-06-10,15:17:42.201000,11701,11702,11701,1
2020-06-10,15:17:42.533000,11701,11702,11701,1
2020-06-10,15:17:43.620000,11701,11702,11702,2
2020-06-10,15:17:45.430000,11701,11702,11701,2
2020-06-10,15:17:45.888000,11701,11702,11701,1
2020-06-10,15:17:47.696000,11701,11702,11701,1
2020-06-10,15:17:50.168000,11701,11702,11701,1
2020-06-10,15:17:57.348000,11701,11702,11701,1
2020-06-10,15:17:58.135000,11701,11702,11702,1
2020-06-10,15:18:02.493000,11701,11702,11701,10
2020-06-10,15:18:07.143000,11701,11702,11701,4
2020-06-10,15:18:07.143000,11701,11702,11700,1
2020-06-10,15:18:08.816000,11700,11701,11701,2
2020-06-10,15:18:10.622000,11701,11702,11701,1
2020-06-10,15:18:13.756000,11701,11702,11701,1
2020-06-10,15:18:18.146000,11701,11702,11701,1
2020-06-10,15:18:22.065000,11701,11702,11701,6
2020-06-10,15:18:29.589000,11700,11701,11701,2
2020-06-10,15:18:29.589000,11700,11701,11701,2
2020-06-10,15:18:29.589000,11700,11701,11701,1
2020-06-10,15:18:29.589000,11700,11701,11701,1
2020-06-10,15:18:30.357000,11701,11702,11701,1
2020-06-10,15:18:34.636000,11701,11702,11701,1
2020-06-10,15:18:36.041000,11701,11702,11702,6
2020-06-10,15:18:39.507000,11702,11703,11702,1
2020-06-10,15:19:02.648000,11702,11703,11703,1
2020-06-10,15:19:09.576000,11701,11702,11702,1
2020-06-10,15:19:23.458000,11702,11703,11702,8
2020-06-10,15:19:29.840000,11702,11703,11702,2
2020-06-10,15:19:30.234000,11702,11703,11702,4
2020-06-10,15:19:31.369000,11701,11702,11702,1
2020-06-10,15:19:33.347000,11702,11703,11702,1
2020-06-10,15:19:34.424000,11702,11703,11702,1
2020-06-10,15:19:35.283000,11702,11703,11702,1
2020-06-10,15:19:36.543000,11701,11702,11701,1
2020-06-10,15:19:36.681000,11701,11702,11701,3
2020-06-10,15:19:40.646000,11701,11702,11702,1
2020-06-10,15:19:41.905000,11701,11702,11702,1
2020-06-10,15:19:42.347000,11701,11702,11701,1
2020-06-10,15:19:43.470000,11701,11702,11701,1
2020-06-10,15:19:43.745000,11701,11702,11702,1
2020-06-10,15:19:45.556000,11701,11702,11702,2
2020-06-10,15:19:59.246000,11701,11702,11702,1
2020-06-10,15:19:59.283000,11701,11702,11702,1
2020-06-10,15:20:00.816000,11701,11702,11701,1
2020-06-10,15:20:00.822000,11701,11702,11701,1
2020-06-10,15:20:01.011000,11701,11702,11701,6
2020-06-10,15:20:01.011000,11701,11702,11701,2
2020-06-10,15:20:02.745000,11701,11702,11701,2
2020-06-10,15:20:03.258000,11700,11701,11701,2
2020-06-10,15:20:09.064000,11700,11701,11701,2
2020-06-10,15:20:09.374000,11700,11701,11701,1
2020-06-10,15:20:09.624000,11700,11701,11700,1
2020-06-10,15:20:18.002000,11700,11701,11700,2
2020-06-10,15:20:21.763000,11700,11701,11700,29
2020-06-10,15:20:24.519000,11699,11700,11700,1
2020-06-10,15:20:29.007000,11699,11700,11699,1
2020-06-10,15:20:29.035000,11699,11700,11699,1
2020-06-10,15:20:29.594000,11699,11700,11699,1
2020-06-10,15:20:29.866000,11699,11700,11700,1
2020-06-10,15:20:33.119000,11699,11700,11699,1
2020-06-10,15:20:36.628000,11699,11700,11699,6
2020-06-10,15:20:36.628000,11699,11700,11699,1
2020-06-10,15:20:38.021000,11698,11699,11698,5
2020-06-10,15:20:38.164000,11698,11699,11698,1
2020-06-10,15:20:38.166000,11698,11699,11698,1
2020-06-10,15:20:40.239000,11698,11699,11698,1
2020-06-10,15:20:41.289000,11698,11699,11698,1
2020-06-10,15:20:41.290000,11698,11699,11698,4
2020-06-10,15:20:43.858000,11698,11699,11698,1
2020-06-10,15:20:43.858000,11698,11699,11697,14
2020-06-10,15:20:44.978000,11697,11698,11698,1
2020-06-10,15:20:46.115000,11697,11698,11697,1
2020-06-10,15:20:49.621000,11697,11698,11698,1
2020-06-10,15:20:50.513000,11697,11698,11697,1
2020-06-10,15:20:52.114000,11697,11698,11698,2
2020-06-10,15:20:52.939000,11697,11698,11697,5
2020-06-10,15:20:54.618000,11697,11698,11697,1
2020-06-10,15:21:01.627000,11696,11697,11697,1
2020-06-10,15:21:04.591000,11696,11697,11696,2
2020-06-10,15:21:04.659000,11696,11697,11696,4
2020-06-10,15:21:08.033000,11696,11697,11696,1
2020-06-10,15:21:08.437000,11696,11697,11696,1
2020-06-10,15:21:09.372000,11696,11697,11696,1
2020-06-10,15:21:10.496000,11696,11697,11696,1
2020-06-10,15:21:10.521000,11696,11697,11696,2
2020-06-10,15:21:11.498000,11696,11697,11696,1
2020-06-10,15:21:12.840000,11696,11697,11696,4
2020-06-10,15:21:12.874000,11696,11697,11696,2
2020-06-10,15:21:13.460000,11696,11697,11696,1
2020-06-10,15:21:13.918000,11696,11697,11696,1
2020-06-10,15:21:17.867000,11696,11697,11696,5
2020-06-10,15:21:17.867000,11696,11697,11696,7
2020-06-10,15:21:17.868000,11696,11697,11696,1
2020-06-10,15:21:17.868000,11696,11697,11696,1
2020-06-10,15:21:18.236000,11696,11697,11696,2
2020-06-10,15:21:18.656000,11695,11696,11696,1
2020-06-10,15:21:19.410000,11695,11696,11696,1
2020-06-10,15:21:20.205000,11695,11696,11695,1
2020-06-10,15:21:20.388000,11695,11696,11695,1
2020-06-10,15:21:21.035000,11695,11696,11696,1
2020-06-10,15:21:23.516000,11695,11697,11695,1
2020-06-10,15:21:23.771000,11695,11697,11695,1
2020-06-10,15:21:26.950000,11695,11696,11695,2
2020-06-10,15:21:30.768000,11695,11696,11695,1
2020-06-10,15:21:30.852000,11695,11696,11695,5
2020-06-10,15:21:31.938000,11695,11696,11695,1
2020-06-10,15:21:32.174000,11695,11696,11695,10
2020-06-10,15:21:33.770000,11695,11696,11695,1
2020-06-10,15:21:33.834000,11695,11696,11695,1
2020-06-10,15:21:35.373000,11695,11696,11695,1
2020-06-10,15:21:38.133000,11695,11696,11696,1
2020-06-10,15:21:38.611000,11696,11697,11696,2
2020-06-10,15:21:41.247000,11695,11696,11696,1
2020-06-10,15:21:41.247000,11695,11696,11697,9
2020-06-10,15:21:43.169000,11696,11697,11697,1
2020-06-10,15:21:51.661000,11696,11697,11697,1
2020-06-10,15:21:53.880000,11696,11697,11697,1
2020-06-10,15:21:53.880000,11696,11697,11697,2
2020-06-10,15:21:53.880000,11696,11697,11697,3
2020-06-10,15:22:06.126000,11697,11698,11698,1
2020-06-10,15:22:09.587000,11697,11698,11698,5
2020-06-10,15:22:15.119000,11697,11698,11698,1
2020-06-10,15:22:20.338000,11697,11698,11698,1
2020-06-10,15:22:25.664000,11697,11698,11698,2
2020-06-10,15:22:33.824000,11697,11698,11698,1
2020-06-10,15:22:41.012000,11698,11699,11698,1
2020-06-10,15:22:42.357000,11698,11699,11698,1
2020-06-10,15:22:49.063000,11697,11698,11698,2
2020-06-10,15:22:54.753000,11698,11699,11698,1
2020-06-10,15:23:02.290000,11698,11699,11699,1
2020-06-10,15:23:09.100000,11698,11699,11699,2
2020-06-10,15:23:14.390000,11698,11699,11698,1
2020-06-10,15:23:26.125000,11698,11699,11698,2
2020-06-10,15:23:34.435000,11698,11699,11698,2
2020-06-10,15:23:44.673000,11698,11699,11698,1
2020-06-10,15:23:56.344000,11698,11699,11699,2
2020-06-10,15:23:57.948000,11698,11699,11698,5
2020-06-10,15:23:58.672000,11697,11698,11698,2
2020-06-10,15:23:59.460000,11697,11698,11698,1
2020-06-10,15:24:02.169000,11698,11699,11698,1
2020-06-10,15:24:09.675000,11698,11699,11698,1
2020-06-10,15:24:09.675000,11698,11699,11698,1
2020-06-10,15:24:11.783000,11697,11698,11697,3
2020-06-10,15:24:24.393000,11697,11698,11698,2
2020-06-10,15:24:27.857000,11697,11698,11697,10
2020-06-10,15:24:32.722000,11696,11697,11696,2
2020-06-10,15:24:34.013000,11696,11697,11697,1
2020-06-10,15:24:42.075000,11696,11697,11696,1
2020-06-10,15:24:48.820000,11696,11697,11696,2
2020-06-10,15:24:50.525000,11696,11697,11697,1
2020-06-10,15:24:50.937000,11696,11697,11697,1
2020-06-10,15:24:58.424000,11696,11697,11697,1
2020-06-10,15:25:04.211000,11696,11697,11697,2
2020-06-10,15:25:04.212000,11696,11697,11697,2
2020-06-10,15:25:05.297000,11696,11698,11698,1
2020-06-10,15:25:07.744000,11697,11698,11697,2
2020-06-10,15:25:09.695000,11697,11698,11698,3
2020-06-10,15:25:18.790000,11698,11699,11699,1
2020-06-10,15:25:30.852000,11698,11699,11699,1
2020-06-10,15:25:32.122000,11698,11699,11699,4
2020-06-10,15:25:32.800000,11698,11699,11699,1
2020-06-10,15:25:37.752000,11698,11699,11699,2
2020-06-10,15:25:40.401000,11698,11699,11699,1
2020-06-10,15:25:41.686000,11698,11699,11699,1
2020-06-10,15:25:50.389000,11699,11700,11700,2
2020-06-10,15:25:53.216000,11699,11700,11699,1
2020-06-10,15:25:55.534000,11699,11700,11700,1
2020-06-10,15:26:02.845000,11699,11700,11700,1
2020-06-10,15:26:07.658000,11699,11700,11700,1
2020-06-10,15:26:08.003000,11699,11700,11700,6
2020-06-10,15:26:13.240000,11700,11701,11701,1
2020-06-10,15:26:15.119000,11700,11701,11701,2
2020-06-10,15:26:24.173000,11701,11702,11701,1
2020-06-10,15:26:37.393000,11701,11702,11702,1
2020-06-10,15:26:40.327000,11701,11702,11702,1
2020-06-10,15:26:43.555000,11701,11702,11702,1
2020-06-10,15:26:44.289000,11701,11702,11702,1
2020-06-10,15:26:45.001000,11701,11702,11702,1
2020-06-10,15:26:50.934000,11702,11703,11702,3
2020-06-10,15:26:56.367000,11701,11702,11702,1
2020-06-10,15:26:58.782000,11701,11702,11702,1
2020-06-10,15:26:59.995000,11701,11702,11701,3
2020-06-10,15:27:04.382000,11701,11702,11702,2
2020-06-10,15:27:06.034000,11701,11702,11701,1
2020-06-10,15:27:06.110000,11701,11702,11701,1
2020-06-10,15:27:06.111000,11701,11702,11701,3
2020-06-10,15:27:17.702000,11701,11702,11701,1
2020-06-10,15:27:18.405000,11701,11702,11702,5
2020-06-10,15:27:19.135000,11701,11702,11702,2
2020-06-10,15:27:22.935000,11702,11703,11702,2
2020-06-10,15:27:43.037000,11702,11703,11702,1
2020-06-10,15:28:03.492000,11702,11703,11703,1
2020-06-10,15:28:03.587000,11702,11703,11703,1
2020-06-10,15:28:08.374000,11702,11703,11703,10
2020-06-10,15:28:22.603000,11703,11704,11704,2
2020-06-10,15:28:22.661000,11703,11704,11704,1
2020-06-10,15:28:24.332000,11703,11704,11704,1
2020-06-10,15:28:24.339000,11703,11704,11704,1
2020-06-10,15:28:24.444000,11703,11704,11704,2
2020-06-10,15:28:24.532000,11703,11704,11704,1
2020-06-10,15:28:33.065000,11703,11704,11703,1
2020-06-10,15:28:35.786000,11703,11704,11703,2
2020-06-10,15:28:37.769000,11702,11703,11703,1
2020-06-10,15:28:38.359000,11702,11703,11702,4
2020-06-10,15:28:40.185000,11701,11702,11702,1
2020-06-10,15:28:41.325000,11701,11702,11701,1
2020-06-10,15:28:50.230000,11701,11702,11701,1
2020-06-10,15:28:56.685000,11701,11702,11702,2
2020-06-10,15:29:04.923000,11702,11703,11702,4
2020-06-10,15:29:09.160000,11702,11703,11703,1
2020-06-10,15:29:09.347000,11702,11704,11704,1
2020-06-10,15:29:09.588000,11702,11704,11704,1
2020-06-10,15:29:23.028000,11703,11704,11704,3
2020-06-10,15:29:26.367000,11704,11705,11704,4
2020-06-10,15:29:31.974000,11704,11705,11705,1
2020-06-10,15:29:31.974000,11704,11705,11705,1
2020-06-10,15:29:31.974000,11704,11705,11705,1
2020-06-10,15:29:31.974000,11704,11705,11705,1
2020-06-10,15:29:31.974000,11704,11705,11705,2
2020-06-10,15:29:32.035000,11705,11706,11706,4
2020-06-10,15:29:34.077000,11705,11706,11706,3
2020-06-10,15:29:34.077000,11705,11706,11707,2
2020-06-10,15:29:36.625000,11705,11706,11705,1
2020-06-10,15:29:41.046000,11705,11706,11706,1
2020-06-10,15:29:47.712000,11706,11707,11707,1
2020-06-10,15:29:55.569000,11706,11707,11706,1
2020-06-10,15:29:55.850000,11706,11707,11707,6
2020-06-10,15:29:55.967000,11706,11707,11707,1
2020-06-10,15:29:56.039000,11706,11707,11707,1
2020-06-10,15:29:56.361000,11706,11707,11707,3
2020-06-10,15:29:56.815000,11707,11708,11707,1
2020-06-10,15:30:00.788000,11707,11708,11707,1
2020-06-10,15:30:01.073000,11707,11708,11708,2
2020-06-10,15:30:01.073000,11707,11708,11708,1
2020-06-10,15:30:01.167000,11707,11708,11708,1
2020-06-10,15:30:01.169000,11707,11708,11708,1
2020-06-10,15:30:01.204000,11707,11708,11708,1
2020-06-10,15:30:01.290000,11707,11708,11708,1
2020-06-10,15:30:01.295000,11707,11708,11708,1
2020-06-10,15:30:01.295000,11707,11708,11708,2
2020-06-10,15:30:01.295000,11707,11708,11708,2
2020-06-10,15:30:01.296000,11707,11708,11708,9
2020-06-10,15:30:01.296000,11707,11708,11708,2
2020-06-10,15:30:01.312000,11707,11708,11709,3
2020-06-10,15:30:01.468000,11708,11709,11709,1
2020-06-10,15:30:01.475000,11708,11709,11709,1
2020-06-10,15:30:01.517000,11708,11709,11709,3
2020-06-10,15:30:01.597000,11708,11709,11709,1
2020-06-10,15:30:01.671000,11708,11709,11709,1
2020-06-10,15:30:01.726000,11708,11709,11709,1
2020-06-10,15:30:01.910000,11708,11709,11709,1
2020-06-10,15:30:02.012000,11708,11709,11709,1
2020-06-10,15:30:02.044000,11708,11709,11709,2
2020-06-10,15:30:02.255000,11708,11709,11708,1
2020-06-10,15:30:02.413000,11708,11709,11708,8
2020-06-10,15:30:08.013000,11707,11708,11708,1
2020-06-10,15:30:10.519000,11707,11708,11707,1
2020-06-10,15:30:10.520000,11707,11708,11707,4
2020-06-10,15:30:10.520000,11707,11708,11707,1
2020-06-10,15:30:10.520000,11707,11708,11707,5
2020-06-10,15:30:10.836000,11707,11708,11708,1
2020-06-10,15:30:14.130000,11707,11708,11707,1
2020-06-10,15:30:15.130000,11707,11708,11708,1
2020-06-10,15:30:16.103000,11707,11708,11708,2
2020-06-10,15:30:18.430000,11707,11708,11707,1
2020-06-10,15:30:22.616000,11707,11708,11707,1
2020-06-10,15:30:26.045000,11706,11707,11707,1
2020-06-10,15:30:26.417000,11706,11707,11706,12
2020-06-10,15:30:26.417000,11706,11707,11706,2
2020-06-10,15:30:26.417000,11706,11707,11706,1
2020-06-10,15:30:26.417000,11706,11707,11706,2
2020-06-10,15:30:27.712000,11705,11706,11706,1
2020-06-10,15:30:28.078000,11705,11706,11706,1
2020-06-10,15:30:29.379000,11705,11706,11705,2
2020-06-10,15:30:29.379000,11705,11706,11705,1
2020-06-10,15:30:29.379000,11705,11706,11705,2
2020-06-10,15:30:29.379000,11705,11706,11705,6
2020-06-10,15:30:29.379000,11705,11706,11705,1
2020-06-10,15:30:29.379000,11705,11706,11705,3
2020-06-10,15:30:29.491000,11704,11705,11704,2
2020-06-10,15:30:31.280000,11703,11704,11704,1
2020-06-10,15:30:33.895000,11703,11704,11704,1
2020-06-10,15:30:33.895000,11703,11704,11705,4
2020-06-10,15:30:36.546000,11703,11704,11704,1
2020-06-10,15:30:39.021000,11703,11704,11703,1
2020-06-10,15:30:40.807000,11703,11704,11703,2
2020-06-10,15:30:40.898000,11702,11703,11703,1
2020-06-10,15:30:42.317000,11702,11703,11703,1
2020-06-10,15:30:54.950000,11702,11703,11703,2
2020-06-10,15:31:00.090000,11702,11703,11703,1
2020-06-10,15:31:00.268000,11702,11703,11702,6
2020-06-10,15:31:02.097000,11701,11702,11701,7
2020-06-10,15:31:02.270000,11700,11701,11701,2
2020-06-10,15:31:02.270000,11700,11701,11702,3
2020-06-10,15:31:02.430000,11700,11702,11700,1
2020-06-10,15:31:02.474000,11700,11702,11701,1
2020-06-10,15:31:02.601000,11700,11701,11700,1
2020-06-10,15:31:06.002000,11700,11701,11700,1
2020-06-10,15:31:07.056000,11700,11701,11700,7
2020-06-10,15:31:07.060000,11700,11701,11700,5
2020-06-10,15:31:07.346000,11699,11700,11700,1
2020-06-10,15:31:11.437000,11698,11699,11699,1
2020-06-10,15:31:11.437000,11698,11699,11699,1
2020-06-10,15:31:13.514000,11699,11700,11700,3
2020-06-10,15:31:14.087000,11700,11701,11700,6
2020-06-10,15:31:14.420000,11699,11700,11699,3
2020-06-10,15:31:17.453000,11699,11700,11699,3
2020-06-10,15:31:17.764000,11699,11700,11700,2
2020-06-10,15:31:17.885000,11699,11700,11699,1
2020-06-10,15:31:25.054000,11699,11700,11700,1
2020-06-10,15:31:27.773000,11700,11701,11700,2
2020-06-10,15:31:30.304000,11699,11700,11699,1
2020-06-10,15:31:31.958000,11699,11700,11699,7
2020-06-10,15:31:35.599000,11698,11699,11698,1
2020-06-10,15:31:36.508000,11698,11699,11699,2
2020-06-10,15:31:36.615000,11698,11699,11699,1
2020-06-10,15:31:36.776000,11699,11700,11699,1
2020-06-10,15:31:37.481000,11698,11699,11698,1
2020-06-10,15:31:37.692000,11698,11699,11698,1
2020-06-10,15:31:41.315000,11698,11699,11698,7
2020-06-10,15:31:41.315000,11698,11699,11698,1
2020-06-10,15:31:45.431000,11697,11699,11697,1
2020-06-10,15:31:45.697000,11698,11699,11699,4
2020-06-10,15:31:46.054000,11698,11700,11699,2
2020-06-10,15:31:47.059000,11699,11700,11699,1
2020-06-10,15:31:48.271000,11698,11700,11698,2
2020-06-10,15:31:54.971000,11699,11700,11699,1
2020-06-10,15:31:58.403000,11698,11699,11698,4
2020-06-10,15:31:58.403000,11698,11699,11698,1
2020-06-10,15:32:00.482000,11697,11699,11697,1
2020-06-10,15:32:01.923000,11697,11698,11698,1
2020-06-10,15:32:04.357000,11697,11698,11697,1
2020-06-10,15:32:04.840000,11697,11698,11698,1
2020-06-10,15:32:05.531000,11698,11699,11698,1
2020-06-10,15:32:05.673000,11698,11699,11698,3
2020-06-10,15:32:06.446000,11698,11699,11698,1
2020-06-10,15:32:07.085000,11698,11699,11698,1
2020-06-10,15:32:12.127000,11698,11699,11698,1
2020-06-10,15:32:17.032000,11698,11699,11698,1
2020-06-10,15:32:20.601000,11698,11699,11698,1
2020-06-10,15:32:21.767000,11698,11699,11699,4
2020-06-10,15:32:21.767000,11698,11699,11699,1
2020-06-10,15:32:27.454000,11699,11700,11699,1
2020-06-10,15:32:33.139000,11698,11700,11698,1
2020-06-10,15:32:35.647000,11699,11700,11699,1
2020-06-10,15:32:48.252000,11698,11699,11699,1
2020-06-10,15:33:02.396000,11698,11699,11699,1
2020-06-10,15:33:08.848000,11698,11699,11699,1
2020-06-10,15:33:12.492000,11698,11700,11698,3
2020-06-10,15:33:17.571000,11698,11699,11699,1
2020-06-10,15:33:23.082000,11698,11699,11699,1
2020-06-10,15:33:25.044000,11698,11699,11698,2
2020-06-10,15:33:25.044000,11698,11699,11698,5
2020-06-10,15:33:25.044000,11698,11699,11698,2
2020-06-10,15:33:25.779000,11697,11698,11698,2
2020-06-10,15:33:29.035000,11697,11698,11698,1
2020-06-10,15:33:35.957000,11697,11698,11698,1
2020-06-10,15:33:43.845000,11698,11699,11698,1
2020-06-10,15:33:51.500000,11697,11698,11698,1
2020-06-10,15:34:04.044000,11697,11698,11697,2
2020-06-10,15:34:07.416000,11697,11698,11698,1
2020-06-10,15:34:15.335000,11697,11698,11698,1
2020-06-10,15:34:34.806000,11698,11699,11699,9
2020-06-10,15:34:46.730000,11699,11700,11699,1
2020-06-10,15:34:58.707000,11698,11699,11699,1
2020-06-10,15:34:58.932000,11698,11699,11699,1
2020-06-10,15:35:01.948000,11698,11699,11698,1
2020-06-10,15:35:01.948000,11698,11699,11698,3
2020-06-10,15:35:01.948000,11698,11699,11698,3
2020-06-10,15:35:03.114000,11697,11698,11698,1
2020-06-10,15:35:04.785000,11697,11698,11697,1
2020-06-10,15:35:04.785000,11697,11698,11697,2
2020-06-10,15:35:04.786000,11697,11698,11697,1
2020-06-10,15:35:04.786000,11697,11698,11697,3
2020-06-10,15:35:04.786000,11697,11698,11697,9
2020-06-10,15:35:06.479000,11696,11697,11697,1
2020-06-10,15:35:07.385000,11696,11697,11697,1
2020-06-10,15:35:09.752000,11696,11698,11696,1
2020-06-10,15:35:09.786000,11696,11698,11696,1
2020-06-10,15:35:09.786000,11696,11698,11696,4
2020-06-10,15:35:10.381000,11696,11698,11697,1
2020-06-10,15:35:15.392000,11697,11698,11697,1
2020-06-10,15:35:15.838000,11697,11698,11697,1
2020-06-10,15:35:19.377000,11697,11698,11698,2
2020-06-10,15:35:19.377000,11697,11698,11698,1
2020-06-10,15:35:21.453000,11697,11698,11698,1
2020-06-10,15:35:26.958000,11698,11699,11698,1
2020-06-10,15:35:35.422000,11698,11699,11698,1
2020-06-10,15:35:35.423000,11698,11699,11698,1
2020-06-10,15:35:42.373000,11698,11699,11698,5
2020-06-10,15:35:42.373000,11698,11699,11698,2
2020-06-10,15:35:45.176000,11697,11698,11698,1
2020-06-10,15:35:45.669000,11697,11698,11697,1
2020-06-10,15:35:59.988000,11697,11698,11698,2
2020-06-10,15:35:59.988000,11697,11698,11698,2
2020-06-10,15:36:07.302000,11698,11699,11698,1
2020-06-10,15:36:07.623000,11698,11699,11699,1
2020-06-10,15:36:07.911000,11698,11699,11699,2
2020-06-10,15:36:08.210000,11699,11700,11700,2
2020-06-10,15:36:08.213000,11699,11700,11701,2
2020-06-10,15:36:31.201000,11700,11701,11701,2
2020-06-10,15:36:31.201000,11700,11701,11701,1
2020-06-10,15:36:31.202000,11700,11701,11701,1
2020-06-10,15:36:38.448000,11700,11701,11701,2
2020-06-10,15:36:43.591000,11700,11701,11700,1
2020-06-10,15:36:45.483000,11700,11701,11701,1
2020-06-10,15:36:48.329000,11700,11701,11701,1
2020-06-10,15:36:48.334000,11700,11701,11701,1
2020-06-10,15:36:48.334000,11700,11701,11701,2
2020-06-10,15:36:51.162000,11701,11702,11701,1
2020-06-10,15:36:55.698000,11701,11702,11702,1
2020-06-10,15:37:05.306000,11702,11703,11703,2
2020-06-10,15:37:06.271000,11702,11703,11703,1
2020-06-10,15:37:09.312000,11702,11703,11702,1
2020-06-10,15:37:16.103000,11702,11703,11702,1
2020-06-10,15:37:24.969000,11702,11703,11703,1
2020-06-10,15:37:30.004000,11702,11703,11703,1
2020-06-10,15:37:31.404000,11702,11703,11702,5
2020-06-10,15:37:32.885000,11702,11703,11702,1
2020-06-10,15:37:33.874000,11701,11702,11701,1
2020-06-10,15:37:39.683000,11700,11701,11701,6
2020-06-10,15:37:58.499000,11701,11702,11702,1
2020-06-10,15:38:03.761000,11701,11702,11702,1
2020-06-10,15:38:07.999000,11701,11702,11702,1
2020-06-10,15:38:27.559000,11701,11702,11702,1
2020-06-10,15:38:27.559000,11701,11702,11702,3
2020-06-10,15:38:37.265000,11701,11703,11701,1
2020-06-10,15:38:58.948000,11701,11702,11702,1
2020-06-10,15:39:01.417000,11701,11702,11701,1
2020-06-10,15:39:01.417000,11701,11702,11701,1
2020-06-10,15:39:01.417000,11701,11702,11701,6
2020-06-10,15:39:01.417000,11701,11702,11701,1
2020-06-10,15:39:01.417000,11701,11702,11701,1
2020-06-10,15:39:01.418000,11701,11702,11701,1
2020-06-10,15:39:19.906000,11700,11701,11701,3
2020-06-10,15:39:31.695000,11701,11702,11701,2
2020-06-10,15:39:40.308000,11700,11701,11701,5
2020-06-10,15:39:50.795000,11701,11702,11701,1
2020-06-10,15:39:57.299000,11701,11702,11701,1
2020-06-10,15:39:57.513000,11701,11702,11702,1
2020-06-10,15:39:57.513000,11701,11702,11702,1
2020-06-10,15:39:57.513000,11701,11702,11702,2
2020-06-10,15:40:02.046000,11700,11702,11701,1
2020-06-10,15:40:03.741000,11701,11702,11701,1
2020-06-10,15:40:09.001000,11700,11701,11701,1
2020-06-10,15:40:16.235000,11700,11702,11702,9
2020-06-10,15:40:16.236000,11700,11702,11702,1
2020-06-10,15:40:16.236000,11700,11702,11702,1
2020-06-10,15:40:19.560000,11701,11702,11702,2
2020-06-10,15:40:26.207000,11702,11703,11702,1
2020-06-10,15:40:28.191000,11702,11703,11702,2
2020-06-10,15:40:28.191000,11702,11703,11702,1
2020-06-10,15:40:28.191000,11702,11703,11702,4
2020-06-10,15:40:32.431000,11701,11702,11702,2
2020-06-10,15:40:52.543000,11700,11701,11701,3
2020-06-10,15:40:53.830000,11700,11701,11701,1
2020-06-10,15:40:53.831000,11700,11701,11701,1
2020-06-10,15:40:56.718000,11700,11701,11700,1
2020-06-10,15:40:56.718000,11700,11701,11700,1
2020-06-10,15:40:56.719000,11700,11701,11700,14
2020-06-10,15:40:56.719000,11700,11701,11700,1
2020-06-10,15:41:02.098000,11699,11700,11699,1
2020-06-10,15:41:03.527000,11699,11700,11699,1
2020-06-10,15:41:06.027000,11699,11700,11699,3
2020-06-10,15:41:06.035000,11699,11700,11699,1
2020-06-10,15:41:06.039000,11699,11700,11699,2
2020-06-10,15:41:10.757000,11699,11700,11699,3
2020-06-10,15:41:11.672000,11699,11700,11699,1
2020-06-10,15:41:18.113000,11699,11700,11699,2
2020-06-10,15:41:34.489000,11698,11699,11698,1
2020-06-10,15:41:40.468000,11698,11699,11698,3
2020-06-10,15:41:42.029000,11698,11699,11698,1
2020-06-10,15:41:54.783000,11698,11699,11699,2
2020-06-10,15:42:13.066000,11698,11699,11698,1
2020-06-10,15:42:13.170000,11698,11699,11698,7
2020-06-10,15:42:13.246000,11698,11699,11697,1
2020-06-10,15:42:13.363000,11697,11698,11698,1
2020-06-10,15:42:30.430000,11697,11698,11698,2
2020-06-10,15:42:35.370000,11697,11698,11698,1
2020-06-10,15:42:38.161000,11697,11698,11697,1
2020-06-10,15:42:38.162000,11697,11698,11697,4
2020-06-10,15:42:38.162000,11697,11698,11697,1
2020-06-10,15:42:38.162000,11697,11698,11697,1
2020-06-10,15:42:38.162000,11697,11698,11697,2
2020-06-10,15:42:47.243000,11696,11697,11697,1
2020-06-10,15:42:49.836000,11697,11698,11697,2
2020-06-10,15:42:50.299000,11696,11697,11696,2
2020-06-10,15:42:52.346000,11696,11697,11696,1
2020-06-10,15:42:59.136000,11696,11697,11696,1
2020-06-10,15:43:00.174000,11696,11697,11696,1
2020-06-10,15:43:00.179000,11696,11697,11696,1
2020-06-10,15:43:00.223000,11696,11697,11697,1
2020-06-10,15:43:00.643000,11696,11697,11696,1
2020-06-10,15:43:01.264000,11696,11697,11696,2
2020-06-10,15:43:05.919000,11696,11697,11696,2
2020-06-10,15:43:05.920000,11696,11697,11696,7
2020-06-10,15:43:05.920000,11696,11697,11696,4
2020-06-10,15:43:05.920000,11696,11697,11696,1
2020-06-10,15:43:06.864000,11695,11696,11696,1
2020-06-10,15:43:10.553000,11695,11696,11696,1
2020-06-10,15:43:10.554000,11695,11696,11696,1
2020-06-10,15:43:17.430000,11696,11697,11697,2
2020-06-10,15:43:17.430000,11696,11697,11697,1
2020-06-10,15:43:19.893000,11697,11699,11697,1
2020-06-10,15:43:21.496000,11697,11698,11697,1
2020-06-10,15:43:24.521000,11697,11699,11699,1
2020-06-10,15:43:36.420000,11698,11699,11698,1
2020-06-10,15:43:51.769000,11698,11699,11699,3
2020-06-10,15:43:51.769000,11698,11699,11699,5
2020-06-10,15:44:10.733000,11698,11699,11699,2
2020-06-10,15:44:20.846000,11698,11699,11699,2
2020-06-10,15:44:25.924000,11699,11700,11699,3
2020-06-10,15:44:53.147000,11699,11700,11700,1
2020-06-10,15:45:01.558000,11699,11700,11700,1
2020-06-10,15:45:02.425000,11699,11700,11699,2
2020-06-10,15:45:18.568000,11699,11700,11700,6
2020-06-10,15:45:21.434000,11699,11701,11701,1
2020-06-10,15:45:37.821000,11699,11700,11700,2
2020-06-10,15:45:50.610000,11699,11700,11699,1
2020-06-10,15:45:56.490000,11699,11700,11700,5
2020-06-10,15:46:43.608000,11699,11700,11699,4
2020-06-10,15:46:56.384000,11698,11699,11698,1
2020-06-10,15:47:08.773000,11698,11699,11698,1
2020-06-10,15:47:31.528000,11698,11699,11698,2
2020-06-10,15:47:37.110000,11698,11699,11699,2
2020-06-10,15:48:07.615000,11699,11700,11699,1
2020-06-10,15:48:28.378000,11699,11700,11699,1
2020-06-10,15:48:34.442000,11699,11700,11699,1
2020-06-10,15:48:43.175000,11699,11700,11699,5
2020-06-10,15:49:13.505000,11698,11700,11699,1
2020-06-10,15:49:21.477000,11699,11700,11699,2
2020-06-10,15:49:25.076000,11698,11699,11699,1
2020-06-10,15:49:47.057000,11698,11699,11699,1
2020-06-10,15:49:47.057000,11698,11699,11699,2
2020-06-10,15:49:47.057000,11698,11699,11699,2
2020-06-10,15:49:51.989000,11699,11700,11699,5
2020-06-10,15:50:02.503000,11698,11699,11699,2
2020-06-10,15:50:09.429000,11699,11700,11700,7
2020-06-10,15:50:09.429000,11699,11700,11700,1
2020-06-10,15:50:11.721000,11700,11701,11701,2
2020-06-10,15:50:15.759000,11700,11701,11701,2
2020-06-10,15:50:15.759000,11700,11701,11701,2
2020-06-10,15:50:18.295000,11701,11702,11702,2
2020-06-10,15:50:18.295000,11701,11702,11702,3
2020-06-10,15:50:25.935000,11701,11702,11702,1
2020-06-10,15:50:35.190000,11702,11703,11702,1
2020-06-10,15:50:42.507000,11702,11703,11703,1
2020-06-10,15:50:44.250000,11702,11703,11703,1
2020-06-10,15:50:45.318000,11702,11703,11703,1
2020-06-10,15:50:48.436000,11702,11703,11703,1
2020-06-10,15:50:59.484000,11702,11703,11703,2
2020-06-10,15:51:03.186000,11702,11703,11702,1
2020-06-10,15:51:03.187000,11702,11703,11702,7
2020-06-10,15:51:04.444000,11701,11703,11703,2
2020-06-10,15:51:16.207000,11702,11703,11702,7
2020-06-10,15:51:16.207000,11702,11703,11702,3
2020-06-10,15:51:20.679000,11702,11703,11703,1
2020-06-10,15:51:23.088000,11702,11703,11703,1
2020-06-10,15:51:29.512000,11703,11704,11703,1
2020-06-10,15:51:33.834000,11703,11704,11704,1
2020-06-10,15:51:38,11703,11704,11703,1
2020-06-10,15:51:42.385000,11703,11704,11704,4
2020-06-10,15:51:42.789000,11704,11705,11704,1
2020-06-10,15:51:43.490000,11704,11705,11704,1
2020-06-10,15:51:51.505000,11704,11705,11704,1
2020-06-10,15:51:52.282000,11704,11705,11704,1
2020-06-10,15:51:52.868000,11703,11704,11704,1
2020-06-10,15:51:53.356000,11703,11704,11704,1
2020-06-10,15:51:53.356000,11703,11704,11705,3
2020-06-10,15:51:53.463000,11703,11705,11705,1
2020-06-10,15:51:53.720000,11703,11705,11705,1
2020-06-10,15:51:54.569000,11704,11705,11704,1
2020-06-10,15:51:56.880000,11703,11704,11704,1
2020-06-10,15:52:01.931000,11703,11704,11704,1
2020-06-10,15:52:18.728000,11703,11704,11704,4
2020-06-10,15:52:21.549000,11703,11705,11704,1
2020-06-10,15:52:34.887000,11703,11704,11703,6
2020-06-10,15:52:39.635000,11703,11704,11703,1
2020-06-10,15:52:45.527000,11702,11704,11703,1
2020-06-10,15:53:00.512000,11702,11704,11704,1
2020-06-10,15:53:02.077000,11702,11704,11703,1
2020-06-10,15:53:06.595000,11702,11703,11702,2
2020-06-10,15:53:06.608000,11702,11703,11702,1
2020-06-10,15:53:12.836000,11702,11703,11702,1
2020-06-10,15:53:21.034000,11702,11703,11702,1
2020-06-10,15:53:34.358000,11701,11702,11702,1
2020-06-10,15:53:35.250000,11702,11703,11702,1
2020-06-10,15:53:38.541000,11702,11703,11703,6
2020-06-10,15:53:38.541000,11702,11703,11703,1
2020-06-10,15:53:52.460000,11702,11703,11703,1
2020-06-10,15:53:56.126000,11702,11704,11703,1
2020-06-10,15:54:02.236000,11702,11703,11703,1
2020-06-10,15:54:02.490000,11702,11703,11703,1
2020-06-10,15:54:02.507000,11702,11703,11703,1
2020-06-10,15:54:02.645000,11702,11704,11704,1
2020-06-10,15:54:05.466000,11702,11704,11702,1
2020-06-10,15:54:10.562000,11702,11703,11702,2
2020-06-10,15:54:18.675000,11702,11703,11702,5
2020-06-10,15:54:30.272000,11702,11703,11702,2
2020-06-10,15:54:30.272000,11702,11703,11702,3
2020-06-10,15:54:30.272000,11702,11703,11702,1
2020-06-10,15:54:50.052000,11701,11702,11702,2
2020-06-10,15:54:51.543000,11702,11703,11702,1
2020-06-10,15:55:05.423000,11702,11703,11702,2
2020-06-10,15:55:17.758000,11702,11703,11702,1
2020-06-10,15:55:25.571000,11702,11703,11703,4
2020-06-10,15:55:25.571000,11702,11703,11703,5
2020-06-10,15:55:25.572000,11702,11703,11703,1
2020-06-10,15:55:25.651000,11703,11704,11704,8
2020-06-10,15:55:25.653000,11703,11704,11704,2
2020-06-10,15:55:25.656000,11703,11704,11704,1
2020-06-10,15:55:25.657000,11703,11704,11704,1
2020-06-10,15:55:25.661000,11703,11704,11705,1
2020-06-10,15:55:25.664000,11703,11704,11705,2
2020-06-10,15:55:25.679000,11703,11704,11705,1
2020-06-10,15:55:25.695000,11703,11704,11705,1
2020-06-10,15:55:25.703000,11703,11704,11705,1
2020-06-10,15:55:25.721000,11703,11704,11705,2
2020-06-10,15:55:48.741000,11704,11705,11705,1
2020-06-10,15:55:48.741000,11704,11705,11705,4
2020-06-10,15:55:48.741000,11704,11705,11705,3
2020-06-10,15:55:48.741000,11704,11705,11705,2
2020-06-10,15:55:48.741000,11704,11705,11705,1
2020-06-10,15:55:48.742000,11704,11705,11705,1
2020-06-10,15:56:00.331000,11705,11706,11705,1
2020-06-10,15:56:01.263000,11704,11705,11705,1
2020-06-10,15:56:01.953000,11705,11706,11705,1
2020-06-10,15:56:11.252000,11705,11706,11705,1
2020-06-10,15:56:11.252000,11705,11706,11705,2
2020-06-10,15:56:11.252000,11705,11706,11705,1
2020-06-10,15:56:24.803000,11704,11705,11705,1
2020-06-10,15:56:29.486000,11704,11705,11705,1
2020-06-10,15:56:47.737000,11704,11705,11704,2
2020-06-10,15:56:55.333000,11704,11705,11705,7
2020-06-10,15:56:59.673000,11705,11706,11705,1
2020-06-10,15:56:59.982000,11705,11706,11705,1
2020-06-10,15:57:00.316000,11704,11706,11704,1
2020-06-10,15:57:00.677000,11705,11706,11705,1
2020-06-10,15:57:01.037000,11704,11706,11704,1
2020-06-10,15:57:01.424000,11704,11706,11704,1
2020-06-10,15:57:01.804000,11704,11706,11704,1
2020-06-10,15:57:02.116000,11704,11706,11705,1
2020-06-10,15:57:02.445000,11704,11706,11704,1
2020-06-10,15:57:02.852000,11704,11706,11704,1
2020-06-10,15:57:03.456000,11704,11706,11704,1
2020-06-10,15:57:33.286000,11705,11706,11705,2
2020-06-10,15:57:33.287000,11705,11706,11705,1
2020-06-10,15:57:33.287000,11705,11706,11705,2
2020-06-10,15:57:45.054000,11705,11706,11705,1
2020-06-10,15:57:56.829000,11704,11705,11705,3
2020-06-10,15:58:02.700000,11704,11705,11704,1
2020-06-10,15:58:02.700000,11704,11705,11704,2
2020-06-10,15:58:02.700000,11704,11705,11704,16
2020-06-10,15:58:02.701000,11704,11705,11704,1
2020-06-10,15:58:14.144000,11703,11704,11704,1
2020-06-10,15:58:35.784000,11703,11704,11704,1
2020-06-10,15:58:52.961000,11703,11704,11704,1
2020-06-10,15:58:54.221000,11703,11704,11704,1
2020-06-10,15:58:59.578000,11703,11705,11704,1
2020-06-10,15:59:22.636000,11703,11704,11704,1
2020-06-10,16:00:01.752000,11704,11705,11704,2
2020-06-10,16:00:02.041000,11703,11705,11705,1
2020-06-10,16:00:02.096000,11703,11705,11705,1
2020-06-10,16:00:02.231000,11703,11705,11705,1
2020-06-10,16:00:02.340000,11703,11705,11705,1
2020-06-10,16:00:02.383000,11703,11705,11705,2
2020-06-10,16:00:02.516000,11703,11705,11703,2
2020-06-10,16:00:02.591000,11703,11705,11705,1
2020-06-10,16:00:02.683000,11703,11705,11705,1
2020-06-10,16:00:04.731000,11704,11705,11705,1
2020-06-10,16:00:04.736000,11704,11705,11705,1
2020-06-10,16:00:08.290000,11704,11705,11704,1
2020-06-10,16:00:12.285000,11703,11704,11703,5
2020-06-10,16:00:12.286000,11703,11704,11703,1
2020-06-10,16:00:21.944000,11702,11703,11703,1
2020-06-10,16:00:24.715000,11703,11704,11703,1
2020-06-10,16:00:32.214000,11703,11704,11703,1
2020-06-10,16:00:53.539000,11703,11704,11703,1
2020-06-10,16:01:13.844000,11702,11704,11703,1
2020-06-10,16:01:18.679000,11702,11703,11702,2
2020-06-10,16:01:18.679000,11702,11703,11702,3
2020-06-10,16:01:33.442000,11701,11702,11701,2
2020-06-10,16:01:33.443000,11701,11702,11701,3
2020-06-10,16:01:46.670000,11701,11702,11701,1
2020-06-10,16:01:47.078000,11701,11702,11701,1
2020-06-10,16:01:53.198000,11701,11702,11702,6
2020-06-10,16:02:03.145000,11701,11702,11702,1
2020-06-10,16:02:07.070000,11701,11703,11701,1
2020-06-10,16:02:08.761000,11701,11702,11702,1
2020-06-10,16:02:10.948000,11701,11702,11701,1
2020-06-10,16:02:34.268000,11701,11702,11701,3
2020-06-10,16:02:34.504000,11700,11701,11701,1
2020-06-10,16:02:41.875000,11701,11702,11701,1
2020-06-10,16:02:42.727000,11700,11701,11701,1
2020-06-10,16:02:45.827000,11700,11701,11700,9
2020-06-10,16:02:46.185000,11699,11700,11700,3
2020-06-10,16:02:46.189000,11699,11700,11699,2
2020-06-10,16:02:46.223000,11699,11700,11699,1
2020-06-10,16:02:49.754000,11699,11700,11699,1
2020-06-10,16:02:51.565000,11699,11700,11699,1
2020-06-10,16:02:52.598000,11699,11700,11699,2
2020-06-10,16:02:56.206000,11699,11700,11699,1
2020-06-10,16:03:00.557000,11699,11700,11699,1
2020-06-10,16:03:03.773000,11699,11700,11699,2
2020-06-10,16:03:03.773000,11699,11700,11699,7
2020-06-10,16:03:03.774000,11699,11700,11699,1
2020-06-10,16:03:22.217000,11698,11699,11699,2
2020-06-10,16:03:22.217000,11698,11699,11699,2
2020-06-10,16:03:22.427000,11699,11700,11699,1
2020-06-10,16:03:27.936000,11699,11700,11699,1
2020-06-10,16:03:28.142000,11699,11700,11700,1
2020-06-10,16:03:28.142000,11699,11700,11700,4
2020-06-10,16:03:28.142000,11699,11700,11700,2
2020-06-10,16:03:28.142000,11699,11700,11700,2
2020-06-10,16:03:28.142000,11699,11700,11700,1
2020-06-10,16:03:28.143000,11699,11700,11700,1
2020-06-10,16:03:31.800000,11699,11700,11699,1
2020-06-10,16:03:36.207000,11699,11700,11699,1
2020-06-10,16:03:37.019000,11699,11700,11700,2
2020-06-10,16:03:37.019000,11699,11700,11700,2
2020-06-10,16:03:37.019000,11699,11700,11700,2
2020-06-10,16:03:37.019000,11699,11700,11700,2
2020-06-10,16:03:37.499000,11700,11701,11700,1
2020-06-10,16:03:42.672000,11699,11700,11700,1
2020-06-10,16:03:57.690000,11699,11700,11700,1
2020-06-10,16:03:58.866000,11699,11700,11700,1
2020-06-10,16:04:02.234000,11699,11700,11699,1
2020-06-10,16:04:02.484000,11698,11699,11698,3
2020-06-10,16:04:09.670000,11698,11699,11699,1
2020-06-10,16:04:17.530000,11698,11699,11698,1
2020-06-10,16:04:18.777000,11698,11699,11699,2
2020-06-10,16:04:32.412000,11698,11699,11699,2
2020-06-10,16:04:41.892000,11698,11699,11699,1
2020-06-10,16:04:47.337000,11698,11699,11698,11
2020-06-10,16:04:47.338000,11698,11699,11698,1
2020-06-10,16:04:47.338000,11698,11699,11698,1
2020-06-10,16:04:47.338000,11698,11699,11698,5
2020-06-10,16:04:47.338000,11698,11699,11698,6
2020-06-10,16:04:48.451000,11697,11699,11697,14
2020-06-10,16:04:49.617000,11697,11698,11698,2
2020-06-10,16:04:55.672000,11697,11698,11697,2
2020-06-10,16:05:00.313000,11696,11698,11696,1
2020-06-10,16:05:00.319000,11696,11698,11696,1
2020-06-10,16:05:02.064000,11696,11697,11697,1
2020-06-10,16:05:05.387000,11696,11697,11697,1
2020-06-10,16:05:05.387000,11696,11697,11697,1
2020-06-10,16:05:05.387000,11696,11697,11697,1
2020-06-10,16:05:05.387000,11696,11697,11697,1
2020-06-10,16:05:11.447000,11696,11697,11697,1
2020-06-10,16:05:20.643000,11697,11698,11697,1
2020-06-10,16:05:32.478000,11697,11698,11698,3
2020-06-10,16:05:32.637000,11698,11699,11698,1
2020-06-10,16:05:40.269000,11698,11699,11698,1
2020-06-10,16:05:42.582000,11697,11698,11697,1
2020-06-10,16:05:44.480000,11697,11698,11697,1
2020-06-10,16:05:53.855000,11698,11699,11698,1
2020-06-10,16:05:56.596000,11698,11699,11698,1
2020-06-10,16:06:00.600000,11698,11699,11698,3
2020-06-10,16:06:27.558000,11697,11698,11697,3
2020-06-10,16:06:27.558000,11697,11698,11697,4
2020-06-10,16:06:27.558000,11697,11698,11697,2
2020-06-10,16:06:27.558000,11697,11698,11697,2
2020-06-10,16:06:27.558000,11697,11698,11697,1
2020-06-10,16:06:27.559000,11697,11698,11697,1
2020-06-10,16:06:27.559000,11697,11698,11697,2
2020-06-10,16:06:27.635000,11697,11698,11697,4
2020-06-10,16:06:29.800000,11696,11698,11698,1
2020-06-10,16:06:44.201000,11696,11697,11697,1
2020-06-10,16:06:51.327000,11696,11697,11697,2
2020-06-10,16:06:51.327000,11696,11697,11697,2
2020-06-10,16:06:55.688000,11696,11697,11697,1
2020-06-10,16:06:58.772000,11697,11698,11697,1
2020-06-10,16:06:59.887000,11697,11698,11698,1
2020-06-10,16:07:02.657000,11697,11698,11697,1
2020-06-10,16:07:04.597000,11696,11697,11697,1
2020-06-10,16:07:10.012000,11697,11698,11697,1
2020-06-10,16:07:10.249000,11696,11697,11697,1
2020-06-10,16:07:10.533000,11697,11698,11697,1
2020-06-10,16:07:15.976000,11696,11697,11697,1
2020-06-10,16:07:18.980000,11696,11697,11697,1
2020-06-10,16:07:23.761000,11696,11697,11697,1
2020-06-10,16:07:30.663000,11696,11697,11697,1
2020-06-10,16:07:40.786000,11696,11697,11697,1
2020-06-10,16:07:42.012000,11697,11698,11697,1
2020-06-10,16:07:42.626000,11696,11698,11697,1
2020-06-10,16:07:42.626000,11696,11698,11698,2
2020-06-10,16:07:48.930000,11697,11698,11698,2
2020-06-10,16:07:48.931000,11697,11698,11698,2
2020-06-10,16:07:52.008000,11697,11698,11698,1
2020-06-10,16:08:04.704000,11697,11699,11697,1
2020-06-10,16:08:30.118000,11698,11699,11698,1
2020-06-10,16:08:32.016000,11698,11699,11698,1
2020-06-10,16:08:40.694000,11698,11699,11699,2
2020-06-10,16:08:40.694000,11698,11699,11699,3
2020-06-10,16:08:49.287000,11699,11700,11700,2
2020-06-10,16:08:49.287000,11699,11700,11700,1
2020-06-10,16:08:56.158000,11698,11700,11700,13
2020-06-10,16:08:56.159000,11698,11700,11700,1
2020-06-10,16:08:56.159000,11698,11700,11700,2
2020-06-10,16:08:56.159000,11698,11700,11700,2
2020-06-10,16:08:57.757000,11700,11701,11700,1
2020-06-10,16:08:57.762000,11700,11701,11700,1
2020-06-10,16:08:57.828000,11700,11701,11699,1
2020-06-10,16:09:14.093000,11699,11700,11699,1
2020-06-10,16:09:22.165000,11699,11700,11700,1
2020-06-10,16:09:22.165000,11699,11700,11701,2
2020-06-10,16:09:26.790000,11700,11701,11701,1
2020-06-10,16:09:47.190000,11700,11701,11701,2
2020-06-10,16:09:47.190000,11700,11701,11701,2
2020-06-10,16:09:52.052000,11701,11702,11701,1
2020-06-10,16:09:55.298000,11701,11702,11701,1
2020-06-10,16:10:01.147000,11700,11701,11701,1
2020-06-10,16:10:01.148000,11700,11701,11701,1
2020-06-10,16:10:01.148000,11700,11701,11701,1
2020-06-10,16:10:03.791000,11700,11701,11700,1
2020-06-10,16:10:03.791000,11700,11701,11700,1
2020-06-10,16:10:09.436000,11699,11700,11700,2
2020-06-10,16:10:16.204000,11699,11700,11700,1
2020-06-10,16:10:16.319000,11699,11701,11699,7
2020-06-10,16:10:16.550000,11699,11700,11699,1
2020-06-10,16:10:24.018000,11699,11700,11699,1
2020-06-10,16:10:32.700000,11698,11699,11698,6
2020-06-10,16:10:43.682000,11698,11699,11698,1
2020-06-10,16:10:47.278000,11697,11699,11697,1
2020-06-10,16:10:53.986000,11698,11699,11699,2
2020-06-10,16:10:53.986000,11698,11699,11699,4
2020-06-10,16:11:05.212000,11699,11701,11699,1
2020-06-10,16:11:29.650000,11699,11700,11699,1
2020-06-10,16:11:29.706000,11699,11700,11699,1
2020-06-10,16:11:29.706000,11699,11700,11699,1
2020-06-10,16:11:55.771000,11699,11700,11700,2
2020-06-10,16:12:00.773000,11700,11701,11700,1
2020-06-10,16:12:23.505000,11700,11701,11700,2
2020-06-10,16:12:32.818000,11700,11701,11701,3
2020-06-10,16:12:32.818000,11700,11701,11701,1
2020-06-10,16:12:33.133000,11701,11702,11701,4
2020-06-10,16:12:37.128000,11700,11702,11702,1
2020-06-10,16:12:48.884000,11701,11702,11702,1
2020-06-10,16:13:00.260000,11701,11702,11701,1
2020-06-10,16:13:18.062000,11700,11701,11701,1
2020-06-10,16:13:29.583000,11700,11701,11701,6
2020-06-10,16:13:31.185000,11700,11701,11700,1
2020-06-10,16:13:34.609000,11700,11701,11701,1
2020-06-10,16:13:42.195000,11700,11701,11701,1
2020-06-10,16:13:52.508000,11700,11701,11700,1
2020-06-10,16:13:57.549000,11700,11701,11700,2
2020-06-10,16:13:57.549000,11700,11701,11700,2
2020-06-10,16:14:44.749000,11700,11701,11701,1
2020-06-10,16:14:51.150000,11700,11701,11701,2
2020-06-10,16:14:51.150000,11700,11701,11701,2
2020-06-10,16:14:51.150000,11700,11701,11701,2
2020-06-10,16:14:51.763000,11701,11702,11701,2
2020-06-10,16:14:53.139000,11701,11702,11702,8
2020-06-10,16:14:53.139000,11701,11702,11702,4
2020-06-10,16:14:53.139000,11701,11702,11702,1
2020-06-10,16:14:54.286000,11702,11703,11703,10
2020-06-10,16:14:55.539000,11702,11704,11704,1
2020-06-10,16:14:57.577000,11703,11704,11704,1
2020-06-10,16:14:57.583000,11703,11704,11704,1
2020-06-10,16:15:03.690000,11703,11704,11704,1
2020-06-10,16:15:03.918000,11703,11704,11703,2
2020-06-10,16:15:07.529000,11702,11703,11703,1
2020-06-10,16:15:09.278000,11703,11704,11703,1
2020-06-10,16:15:35.609000,11703,11704,11703,1
2020-06-10,16:15:35.609000,11703,11704,11703,1
2020-06-10,16:15:40.538000,11703,11704,11703,1
2020-06-10,16:15:58.216000,11702,11703,11703,1
2020-06-10,16:15:59.556000,11702,11703,11703,1
2020-06-10,16:16:04.669000,11702,11703,11703,1
2020-06-10,16:16:25.090000,11702,11703,11703,4
2020-06-10,16:16:25.090000,11702,11703,11703,2
2020-06-10,16:16:25.090000,11702,11703,11703,2
2020-06-10,16:16:28.152000,11702,11704,11704,1
2020-06-10,16:16:41.379000,11703,11704,11703,1
2020-06-10,16:16:42.099000,11703,11704,11704,1
2020-06-10,16:16:50.618000,11703,11704,11703,1
2020-06-10,16:16:50.618000,11703,11704,11703,1
2020-06-10,16:16:54.439000,11702,11703,11703,1
2020-06-10,16:16:54.914000,11702,11703,11703,2
2020-06-10,16:16:56.172000,11702,11703,11703,1
2020-06-10,16:17:05.645000,11702,11703,11703,1
2020-06-10,16:17:05.645000,11702,11703,11703,1
2020-06-10,16:17:14.241000,11703,11704,11703,2
2020-06-10,16:17:14.732000,11702,11704,11702,5
2020-06-10,16:17:28.504000,11703,11704,11703,1
2020-06-10,16:17:29.734000,11702,11703,11702,1
2020-06-10,16:17:30.882000,11701,11703,11703,1
2020-06-10,16:17:56.697000,11702,11703,11703,1
2020-06-10,16:18:11.193000,11702,11703,11703,5
2020-06-10,16:18:16.930000,11703,11704,11704,2
2020-06-10,16:18:16.931000,11703,11704,11704,5
2020-06-10,16:18:16.931000,11703,11704,11704,5
2020-06-10,16:18:16.931000,11703,11704,11704,2
2020-06-10,16:18:16.931000,11703,11704,11704,2
2020-06-10,16:18:30.047000,11704,11705,11705,2
2020-06-10,16:18:30.182000,11704,11705,11705,1
2020-06-10,16:18:36.436000,11704,11705,11705,1
2020-06-10,16:18:42.726000,11704,11705,11705,2
2020-06-10,16:18:43.871000,11704,11705,11704,1
2020-06-10,16:18:46.914000,11704,11705,11704,1
2020-06-10,16:18:55.320000,11704,11705,11705,20
2020-06-10,16:18:55.385000,11704,11705,11705,1
2020-06-10,16:19:08.671000,11705,11706,11705,1
2020-06-10,16:19:11.527000,11705,11706,11705,6
2020-06-10,16:19:36.138000,11705,11706,11705,1
2020-06-10,16:19:45.867000,11704,11705,11704,1
2020-06-10,16:19:45.867000,11704,11705,11704,2
2020-06-10,16:19:45.867000,11704,11705,11704,7
2020-06-10,16:19:46.329000,11703,11704,11704,3
2020-06-10,16:19:52.106000,11703,11704,11703,1
2020-06-10,16:19:52.107000,11703,11704,11703,6
2020-06-10,16:19:52.107000,11703,11704,11703,10
2020-06-10,16:19:54.861000,11703,11704,11704,4
2020-06-10,16:20:19.118000,11703,11704,11703,1
2020-06-10,16:20:20.309000,11702,11703,11703,1
2020-06-10,16:20:35.633000,11702,11704,11703,2
2020-06-10,16:20:45.575000,11702,11704,11703,1
2020-06-10,16:20:45.916000,11703,11704,11703,2
2020-06-10,16:20:45.917000,11703,11704,11703,2
2020-06-10,16:20:45.917000,11703,11704,11703,1
2020-06-10,16:20:45.917000,11703,11704,11703,3
2020-06-10,16:21:18.163000,11702,11703,11703,2
2020-06-10,16:21:19.691000,11703,11704,11703,2
2020-06-10,16:21:19.691000,11703,11704,11703,3
2020-06-10,16:21:19.692000,11703,11704,11703,3
2020-06-10,16:21:25.064000,11702,11703,11702,1
2020-06-10,16:21:25.064000,11702,11703,11702,3
2020-06-10,16:21:25.065000,11702,11703,11702,7
2020-06-10,16:21:25.065000,11702,11703,11702,2
2020-06-10,16:21:25.065000,11702,11703,11702,2
2020-06-10,16:21:25.065000,11702,11703,11702,2
2020-06-10,16:21:31.568000,11701,11702,11701,1
2020-06-10,16:21:46.073000,11701,11702,11701,4
2020-06-10,16:21:46.073000,11701,11702,11700,1
2020-06-10,16:21:56.363000,11701,11702,11701,2
2020-06-10,16:21:56.363000,11701,11702,11701,3
2020-06-10,16:21:56.363000,11701,11702,11701,1
2020-06-10,16:22:35.502000,11700,11701,11701,3
2020-06-10,16:23:11.449000,11701,11702,11701,3
2020-06-10,16:23:12.745000,11701,11702,11702,1
2020-06-10,16:23:12.745000,11701,11702,11702,1
2020-06-10,16:23:13.308000,11702,11703,11702,2
2020-06-10,16:23:26.033000,11702,11703,11703,2
2020-06-10,16:23:46.539000,11703,11704,11703,1
2020-06-10,16:23:46.540000,11703,11704,11703,1
2020-06-10,16:23:46.697000,11702,11703,11702,1
2020-06-10,16:23:49.470000,11702,11703,11702,4
2020-06-10,16:23:57.820000,11702,11703,11702,1
2020-06-10,16:24:07.862000,11701,11703,11703,1
2020-06-10,16:24:21.913000,11702,11703,11702,3
2020-06-10,16:24:21.913000,11702,11703,11702,3
2020-06-10,16:24:21.913000,11702,11703,11702,1
2020-06-10,16:24:21.913000,11702,11703,11702,1
2020-06-10,16:24:21.913000,11702,11703,11702,1
2020-06-10,16:24:21.913000,11702,11703,11702,1
2020-06-10,16:24:33.741000,11702,11703,11703,7
2020-06-10,16:24:45.040000,11703,11704,11704,2
2020-06-10,16:24:45.041000,11703,11704,11704,3
2020-06-10,16:24:45.041000,11703,11704,11704,1
2020-06-10,16:25:01.705000,11704,11705,11705,1
2020-06-10,16:25:05.581000,11704,11705,11704,2
2020-06-10,16:25:16.205000,11703,11704,11703,1
2020-06-10,16:25:27.737000,11703,11704,11704,1
2020-06-10,16:25:27.737000,11703,11704,11704,1
2020-06-10,16:25:27.737000,11703,11704,11704,1
2020-06-10,16:26:01.861000,11704,11705,11705,4
2020-06-10,16:26:01.861000,11704,11705,11705,6
2020-06-10,16:26:05.957000,11705,11706,11706,2
2020-06-10,16:26:05.958000,11705,11706,11706,4
2020-06-10,16:26:05.958000,11705,11706,11706,3
2020-06-10,16:26:05.958000,11705,11706,11706,1
2020-06-10,16:26:05.958000,11705,11706,11706,6
2020-06-10,16:26:06.049000,11706,11707,11707,4
2020-06-10,16:26:06.166000,11706,11707,11707,1
2020-06-10,16:26:06.268000,11706,11707,11707,1
2020-06-10,16:26:06.282000,11706,11707,11707,1
2020-06-10,16:26:06.558000,11706,11707,11707,1
2020-06-10,16:26:06.564000,11706,11707,11707,1
2020-06-10,16:26:06.571000,11706,11707,11707,1
2020-06-10,16:26:06.584000,11706,11707,11707,1
2020-06-10,16:26:07.754000,11706,11707,11707,1
2020-06-10,16:26:11.045000,11707,11708,11707,1
2020-06-10,16:26:14.683000,11707,11708,11707,1
2020-06-10,16:26:15.680000,11707,11708,11708,1
2020-06-10,16:26:19.657000,11707,11708,11707,1
2020-06-10,16:26:19.907000,11707,11708,11707,3
2020-06-10,16:26:20.771000,11707,11708,11707,1
2020-06-10,16:26:22.474000,11707,11708,11708,1
2020-06-10,16:26:25.148000,11707,11708,11707,1
2020-06-10,16:26:32.244000,11707,11708,11707,1
2020-06-10,16:26:34.492000,11707,11708,11707,1
2020-06-10,16:26:34.684000,11707,11708,11707,1
2020-06-10,16:26:41.769000,11707,11708,11708,3
2020-06-10,16:26:45.865000,11707,11708,11708,1
2020-06-10,16:26:48.380000,11707,11708,11708,14
2020-06-10,16:26:48.381000,11707,11708,11708,5
2020-06-10,16:26:48.381000,11707,11708,11708,4
2020-06-10,16:26:48.381000,11707,11708,11708,5
2020-06-10,16:26:48.381000,11707,11708,11708,1
2020-06-10,16:26:48.381000,11707,11708,11708,5
2020-06-10,16:26:48.381000,11707,11708,11708,7
2020-06-10,16:26:52.912000,11708,11709,11708,1
2020-06-10,16:26:56.457000,11708,11709,11709,1
2020-06-10,16:26:56.693000,11708,11709,11709,1
2020-06-10,16:26:57.010000,11708,11709,11709,5
2020-06-10,16:26:57.022000,11708,11709,11709,1
2020-06-10,16:26:57.063000,11708,11709,11709,2
2020-06-10,16:26:57.063000,11708,11709,11709,5
2020-06-10,16:26:57.063000,11708,11709,11709,2
2020-06-10,16:26:57.285000,11709,11710,11710,1
2020-06-10,16:26:57.389000,11709,11710,11710,1
2020-06-10,16:26:57.440000,11709,11710,11710,1
2020-06-10,16:26:57.714000,11709,11710,11710,1
2020-06-10,16:26:57.849000,11709,11710,11709,3
2020-06-10,16:26:58.147000,11708,11710,11708,1
2020-06-10,16:26:58.161000,11708,11710,11708,1
2020-06-10,16:26:58.660000,11709,11710,11709,1
2020-06-10,16:26:58.929000,11708,11709,11708,1
2020-06-10,16:26:59.993000,11708,11709,11709,2
2020-06-10,16:27:00.537000,11709,11710,11710,1
2020-06-10,16:27:01.436000,11709,11710,11710,26
2020-06-10,16:27:02.576000,11710,11711,11711,1
2020-06-10,16:27:02.868000,11710,11711,11711,3
2020-06-10,16:27:03.966000,11710,11711,11711,6
2020-06-10,16:27:03.967000,11710,11711,11711,2
2020-06-10,16:27:04.373000,11710,11711,11711,1
2020-06-10,16:27:04.677000,11710,11711,11711,2
2020-06-10,16:27:04.982000,11710,11711,11711,1
2020-06-10,16:27:05.087000,11710,11711,11711,2
2020-06-10,16:27:05.152000,11710,11711,11710,1
2020-06-10,16:27:05.189000,11710,11711,11711,1
2020-06-10,16:27:05.268000,11710,11711,11711,2
2020-06-10,16:27:05.623000,11710,11711,11711,1
2020-06-10,16:27:05.690000,11710,11711,11711,1
2020-06-10,16:27:06.046000,11710,11711,11711,1
2020-06-10,16:27:06.295000,11710,11711,11711,1
2020-06-10,16:27:08.782000,11711,11712,11711,1
2020-06-10,16:27:08.916000,11710,11711,11710,1
2020-06-10,16:27:10.268000,11709,11711,11709,1
2020-06-10,16:27:10.484000,11709,11711,11711,1
2020-06-10,16:27:12.283000,11710,11711,11710,4
2020-06-10,16:27:12.444000,11709,11710,11710,3
2020-06-10,16:27:12.564000,11709,11710,11709,2
2020-06-10,16:27:12.619000,11709,11710,11709,2
2020-06-10,16:27:13.047000,11708,11710,11710,3
2020-06-10,16:27:13.337000,11708,11710,11710,2
2020-06-10,16:27:13.393000,11708,11710,11710,1
2020-06-10,16:27:14.047000,11708,11710,11710,1
2020-06-10,16:27:14.344000,11708,11710,11710,1
2020-06-10,16:27:14.914000,11709,11710,11710,1
2020-06-10,16:27:15.071000,11709,11710,11710,1
2020-06-10,16:27:15.536000,11709,11710,11710,1
2020-06-10,16:27:16.394000,11709,11710,11709,3
2020-06-10,16:27:17.031000,11709,11710,11710,1
2020-06-10,16:27:20.434000,11709,11710,11710,2
2020-06-10,16:27:20.745000,11709,11710,11710,3
2020-06-10,16:27:22.367000,11709,11710,11709,1
2020-06-10,16:27:24.527000,11709,11710,11709,1
2020-06-10,16:27:31.249000,11709,11710,11710,1
2020-06-10,16:27:31.327000,11709,11710,11710,2
2020-06-10,16:27:37.274000,11709,11710,11709,1
2020-06-10,16:27:37.288000,11709,11710,11710,1
2020-06-10,16:27:38.134000,11709,11710,11710,1
2020-06-10,16:27:40.870000,11709,11710,11709,1
2020-06-10,16:27:41.202000,11709,11710,11710,1
2020-06-10,16:27:42.004000,11709,11710,11709,1
2020-06-10,16:27:46.427000,11709,11710,11709,1
2020-06-10,16:27:47.573000,11709,11710,11709,1
2020-06-10,16:27:48.506000,11709,11710,11710,3
2020-06-10,16:27:49.515000,11709,11710,11710,11
2020-06-10,16:27:49.515000,11709,11710,11710,4
2020-06-10,16:27:49.515000,11709,11710,11710,2
2020-06-10,16:27:49.515000,11709,11710,11710,4
2020-06-10,16:27:49.515000,11709,11710,11710,4
2020-06-10,16:27:52.012000,11710,11711,11710,1
2020-06-10,16:27:55.398000,11710,11711,11710,1
2020-06-10,16:28:00.098000,11710,11711,11710,2
2020-06-10,16:28:00.098000,11710,11711,11710,2
2020-06-10,16:28:00.098000,11710,11711,11710,2
2020-06-10,16:28:02.421000,11709,11710,11710,1
2020-06-10,16:28:04.963000,11709,11710,11710,2
2020-06-10,16:28:07.240000,11709,11710,11710,9
2020-06-10,16:28:07.241000,11709,11710,11710,1
2020-06-10,16:28:08.854000,11710,11711,11710,1
2020-06-10,16:28:22.621000,11709,11710,11710,1
2020-06-10,16:28:25.045000,11709,11710,11710,1
2020-06-10,16:28:25.153000,11709,11710,11710,1
2020-06-10,16:28:26.023000,11709,11710,11710,1
2020-06-10,16:28:30.799000,11709,11710,11709,16
2020-06-10,16:28:30.799000,11709,11710,11709,1
2020-06-10,16:28:30.799000,11709,11710,11709,2
2020-06-10,16:28:30.988000,11708,11709,11708,1
2020-06-10,16:28:31.218000,11708,11709,11708,3
2020-06-10,16:28:31.689000,11708,11709,11709,1
2020-06-10,16:28:31.739000,11708,11709,11708,2
2020-06-10,16:28:34.395000,11708,11709,11709,1
2020-06-10,16:28:34.538000,11708,11709,11708,2
2020-06-10,16:28:34.701000,11707,11709,11707,1
2020-06-10,16:28:34.703000,11707,11709,11707,2
2020-06-10,16:28:38.357000,11707,11708,11708,13
2020-06-10,16:28:41.447000,11708,11710,11708,1
2020-06-10,16:28:50.583000,11708,11709,11708,2
2020-06-10,16:29:01.008000,11708,11709,11708,2
2020-06-10,16:29:01.008000,11708,11709,11707,32
2020-06-10,16:29:01.009000,11708,11709,11707,1
2020-06-10,16:29:05.084000,11706,11707,11707,1
2020-06-10,16:29:05.357000,11706,11707,11707,10
2020-06-10,16:29:05.357000,11706,11707,11707,1
2020-06-10,16:29:05.357000,11706,11707,11707,2
2020-06-10,16:29:05.358000,11706,11707,11707,3
2020-06-10,16:29:05.358000,11706,11707,11707,2
2020-06-10,16:29:05.358000,11706,11707,11707,3
2020-06-10,16:29:05.358000,11706,11707,11707,1
2020-06-10,16:29:05.358000,11706,11707,11707,4
2020-06-10,16:29:05.574000,11707,11708,11707,1
2020-06-10,16:29:06.872000,11707,11709,11707,1
2020-06-10,16:29:10.846000,11707,11708,11707,1
2020-06-10,16:29:13.165000,11707,11708,11708,1
2020-06-10,16:29:13.728000,11707,11708,11708,1
2020-06-10,16:29:15.998000,11707,11708,11708,2
2020-06-10,16:29:16.243000,11708,11709,11708,2
2020-06-10,16:29:22.876000,11708,11709,11709,1
2020-06-10,16:29:29.283000,11708,11709,11709,1
2020-06-10,16:29:33.202000,11708,11709,11708,2
2020-06-10,16:29:33.264000,11707,11708,11707,1
2020-06-10,16:29:33.812000,11707,11708,11707,2
2020-06-10,16:29:38.860000,11707,11708,11708,2
2020-06-10,16:29:41.326000,11707,11708,11707,1
2020-06-10,16:29:57.409000,11707,11708,11707,1
2020-06-10,16:30:05.013000,11707,11708,11707,13
2020-06-10,16:30:05.601000,11707,11708,11708,1
2020-06-10,16:30:05.708000,11707,11708,11708,2
2020-06-10,16:30:05.719000,11707,11708,11708,1
2020-06-10,16:30:05.719000,11707,11708,11708,1
2020-06-10,16:30:05.729000,11707,11708,11708,1
2020-06-10,16:30:05.744000,11707,11708,11708,2
2020-06-10,16:30:06.309000,11707,11708,11708,1
2020-06-10,16:30:09.594000,11707,11708,11708,5
2020-06-10,16:30:11.896000,11707,11708,11708,1
2020-06-10,16:30:17.822000,11707,11708,11707,10
2020-06-10,16:30:18.776000,11706,11707,11706,18
2020-06-10,16:30:18.776000,11706,11707,11706,1
2020-06-10,16:30:18.776000,11706,11707,11706,3
2020-06-10,16:30:27.205000,11705,11706,11706,10
2020-06-10,16:30:30.027000,11705,11706,11705,1
2020-06-10,16:30:30.490000,11705,11706,11705,1
2020-06-10,16:30:35.314000,11705,11706,11705,1
2020-06-10,16:30:36.715000,11705,11706,11706,1
2020-06-10,16:30:36.754000,11705,11706,11706,2
2020-06-10,16:30:36.754000,11705,11706,11706,1
2020-06-10,16:30:42.966000,11706,11708,11706,3
2020-06-10,16:30:43.852000,11706,11708,11706,1
2020-06-10,16:30:43.979000,11706,11708,11708,1
2020-06-10,16:30:53.201000,11707,11708,11708,1
2020-06-10,16:31:00.280000,11707,11708,11707,1
2020-06-10,16:31:09.339000,11707,11708,11707,1
2020-06-10,16:31:25.433000,11707,11708,11708,2
2020-06-10,16:31:25.434000,11707,11708,11708,5
2020-06-10,16:31:25.434000,11707,11708,11708,3
2020-06-10,16:31:25.434000,11707,11708,11708,1
2020-06-10,16:31:27.110000,11708,11709,11709,1
2020-06-10,16:31:27.110000,11708,11709,11709,3
2020-06-10,16:31:27.110000,11708,11709,11709,1
2020-06-10,16:31:27.110000,11708,11709,11709,1
2020-06-10,16:31:40.020000,11707,11708,11708,1
2020-06-10,16:31:48.287000,11707,11708,11708,1
2020-06-10,16:31:55.098000,11707,11709,11709,2
2020-06-10,16:32:03.670000,11707,11708,11708,1
2020-06-10,16:32:05.037000,11707,11708,11708,2
2020-06-10,16:32:05.037000,11707,11708,11708,1
2020-06-10,16:32:05.037000,11707,11708,11708,1
2020-06-10,16:32:11.849000,11708,11709,11708,1
2020-06-10,16:32:18.775000,11708,11709,11708,1
2020-06-10,16:32:21.917000,11707,11708,11708,3
2020-06-10,16:32:22.736000,11707,11708,11708,1
2020-06-10,16:32:56.479000,11707,11708,11707,6
2020-06-10,16:32:56.479000,11707,11708,11707,3
2020-06-10,16:32:56.479000,11707,11708,11707,5
2020-06-10,16:33:42.019000,11706,11707,11707,2
2020-06-10,16:33:46.235000,11706,11707,11707,1
2020-06-10,16:33:55.208000,11707,11708,11707,1
2020-06-10,16:34:08.136000,11707,11708,11707,1
2020-06-10,16:34:11.995000,11707,11708,11707,4
2020-06-10,16:34:17.138000,11706,11707,11707,1
2020-06-10,16:34:24.121000,11706,11707,11707,2
2020-06-10,16:34:24.780000,11706,11707,11707,1
2020-06-10,16:34:45.797000,11707,11708,11708,2
2020-06-10,16:34:45.797000,11707,11708,11708,8
2020-06-10,16:34:50.764000,11708,11709,11709,1
2020-06-10,16:34:54.618000,11708,11709,11709,2
2020-06-10,16:34:54.619000,11708,11709,11709,1
2020-06-10,16:34:54.619000,11708,11709,11709,1
2020-06-10,16:34:54.619000,11708,11709,11709,2
2020-06-10,16:34:54.619000,11708,11709,11709,1
2020-06-10,16:34:54.619000,11708,11709,11709,2
2020-06-10,16:34:54.619000,11708,11709,11709,1
2020-06-10,16:34:54.619000,11708,11709,11709,5
2020-06-10,16:34:54.619000,11708,11709,11709,1
2020-06-10,16:34:54.620000,11708,11709,11709,4
2020-06-10,16:35:01.482000,11709,11710,11709,4
2020-06-10,16:35:01.483000,11709,11710,11709,1
2020-06-10,16:35:01.483000,11709,11710,11709,5
2020-06-10,16:35:02.372000,11708,11709,11709,1
2020-06-10,16:35:06.015000,11709,11710,11709,1
2020-06-10,16:35:06.015000,11709,11710,11709,1
2020-06-10,16:35:06.016000,11709,11710,11709,2
2020-06-10,16:35:06.016000,11709,11710,11709,1
2020-06-10,16:35:16.303000,11708,11709,11709,1
2020-06-10,16:35:24.413000,11708,11709,11709,2
2020-06-10,16:35:25.046000,11708,11710,11708,4
2020-06-10,16:35:33.513000,11709,11710,11710,16
2020-06-10,16:35:40.426000,11709,11710,11710,6
2020-06-10,16:35:42.824000,11709,11711,11711,17
2020-06-10,16:35:42.824000,11709,11711,11712,3
2020-06-10,16:35:42.921000,11710,11712,11712,2
2020-06-10,16:35:43.100000,11710,11712,11712,2
2020-06-10,16:35:43.118000,11710,11712,11712,2
2020-06-10,16:35:43.148000,11710,11712,11712,1
2020-06-10,16:35:43.200000,11710,11712,11712,1
2020-06-10,16:35:43.272000,11711,11712,11712,1
2020-06-10,16:35:43.327000,11711,11712,11712,1
2020-06-10,16:35:43.454000,11711,11712,11712,1
2020-06-10,16:35:43.463000,11711,11712,11712,1
2020-06-10,16:35:43.969000,11712,11713,11712,3
2020-06-10,16:35:44.180000,11712,11713,11713,1
2020-06-10,16:35:44.324000,11712,11713,11713,1
2020-06-10,16:35:44.350000,11712,11713,11713,1
2020-06-10,16:35:44.387000,11712,11713,11713,2
2020-06-10,16:35:44.404000,11712,11713,11713,2
2020-06-10,16:35:44.430000,11712,11713,11713,2
2020-06-10,16:35:44.439000,11712,11713,11713,3
2020-06-10,16:35:44.726000,11712,11713,11713,1
2020-06-10,16:35:44.763000,11712,11713,11713,4
2020-06-10,16:35:44.763000,11712,11713,11713,4
2020-06-10,16:35:44.763000,11712,11713,11713,1
2020-06-10,16:35:44.763000,11712,11713,11713,1
2020-06-10,16:35:44.763000,11712,11713,11713,1
2020-06-10,16:35:44.763000,11712,11713,11713,2
2020-06-10,16:35:44.763000,11712,11713,11713,3
2020-06-10,16:35:44.763000,11712,11713,11713,1
2020-06-10,16:35:44.763000,11712,11713,11713,1
2020-06-10,16:35:44.840000,11712,11713,11714,1
2020-06-10,16:35:44.958000,11713,11714,11714,2
2020-06-10,16:35:44.970000,11713,11714,11714,1
2020-06-10,16:35:45.020000,11713,11714,11714,1
2020-06-10,16:35:45.024000,11713,11714,11714,2
2020-06-10,16:35:45.063000,11713,11714,11714,1
2020-06-10,16:35:45.081000,11713,11714,11715,1
2020-06-10,16:35:45.132000,11713,11714,11715,1
2020-06-10,16:35:45.161000,11713,11715,11715,1
2020-06-10,16:35:45.213000,11713,11715,11715,4
2020-06-10,16:35:45.237000,11713,11715,11713,4
2020-06-10,16:35:45.260000,11713,11715,11715,3
2020-06-10,16:35:45.262000,11713,11715,11715,2
2020-06-10,16:35:45.292000,11713,11715,11715,2
2020-06-10,16:35:45.412000,11713,11715,11715,4
2020-06-10,16:35:45.419000,11713,11715,11715,1
2020-06-10,16:35:45.470000,11713,11715,11715,1
2020-06-10,16:35:45.530000,11714,11715,11715,1
2020-06-10,16:35:45.546000,11714,11715,11715,1
2020-06-10,16:35:46.146000,11714,11715,11714,10
2020-06-10,16:35:46.466000,11714,11715,11714,2
2020-06-10,16:35:46.760000,11713,11715,11714,1
2020-06-10,16:35:46.882000,11713,11715,11714,1
2020-06-10,16:35:46.884000,11713,11715,11715,1
2020-06-10,16:35:47.762000,11713,11714,11713,1
2020-06-10,16:35:48.124000,11713,11714,11714,1
2020-06-10,16:35:48.218000,11713,11714,11714,1
2020-06-10,16:35:48.528000,11713,11714,11714,1
2020-06-10,16:35:48.802000,11714,11715,11714,1
2020-06-10,16:35:48.839000,11714,11715,11713,4
2020-06-10,16:35:49.166000,11712,11713,11712,1
2020-06-10,16:35:49.264000,11712,11713,11712,1
2020-06-10,16:35:49.284000,11712,11713,11712,2
2020-06-10,16:35:49.325000,11712,11713,11712,1
2020-06-10,16:35:49.716000,11712,11713,11712,2
2020-06-10,16:35:51.672000,11712,11713,11713,1
2020-06-10,16:35:51.889000,11712,11713,11712,1
2020-06-10,16:35:52.619000,11712,11713,11713,2
2020-06-10,16:36:00.050000,11712,11713,11713,1
2020-06-10,16:36:00.309000,11713,11714,11713,1
2020-06-10,16:36:00.325000,11713,11714,11714,1
2020-06-10,16:36:00.400000,11713,11714,11714,1
2020-06-10,16:36:00.827000,11713,11714,11714,1
2020-06-10,16:36:01.553000,11713,11714,11714,1
2020-06-10,16:36:01.879000,11713,11714,11714,2
2020-06-10,16:36:01.879000,11713,11714,11715,4
2020-06-10,16:36:01.886000,11713,11715,11715,6
2020-06-10,16:36:02.658000,11713,11715,11713,1
2020-06-10,16:36:08.472000,11713,11714,11714,4
2020-06-10,16:36:11.338000,11714,11715,11714,1
2020-06-10,16:36:11.580000,11713,11714,11714,2
2020-06-10,16:36:15.389000,11714,11715,11714,3
2020-06-10,16:36:15.647000,11713,11714,11714,1
2020-06-10,16:36:15.684000,11713,11714,11715,1
2020-06-10,16:36:16.694000,11714,11715,11714,1
2020-06-10,16:36:17.014000,11714,11715,11714,1
2020-06-10,16:36:18.395000,11713,11714,11713,10
2020-06-10,16:36:18.395000,11713,11714,11713,2
2020-06-10,16:36:21.085000,11712,11713,11712,1
2020-06-10,16:36:22.408000,11712,11713,11712,1
2020-06-10,16:36:35.672000,11712,11713,11712,8
2020-06-10,16:36:35.845000,11712,11713,11713,1
2020-06-10,16:36:35.952000,11712,11713,11712,1
2020-06-10,16:36:37.165000,11712,11713,11713,1
2020-06-10,16:36:37.764000,11712,11714,11712,1
2020-06-10,16:36:41.203000,11712,11714,11714,5
2020-06-10,16:36:48.343000,11713,11714,11714,1
2020-06-10,16:36:58.241000,11713,11714,11714,1
2020-06-10,16:36:58.241000,11713,11714,11714,1
2020-06-10,16:36:58.241000,11713,11714,11714,3
2020-06-10,16:37:02.074000,11713,11714,11714,1
2020-06-10,16:37:03.239000,11713,11714,11714,1
2020-06-10,16:37:05.635000,11713,11714,11714,3
2020-06-10,16:37:07.020000,11713,11714,11714,1
2020-06-10,16:37:15.393000,11713,11714,11714,1
2020-06-10,16:37:31.015000,11713,11714,11713,1
2020-06-10,16:37:31.015000,11713,11714,11713,6
2020-06-10,16:37:31.015000,11713,11714,11713,17
2020-06-10,16:37:36.061000,11712,11713,11713,1
2020-06-10,16:37:39.321000,11712,11713,11713,1
2020-06-10,16:37:45.905000,11713,11714,11713,2
2020-06-10,16:37:51.796000,11713,11714,11713,1
2020-06-10,16:38:03.233000,11713,11714,11713,1
2020-06-10,16:38:03.515000,11713,11714,11714,2
2020-06-10,16:38:08.159000,11713,11714,11713,4
2020-06-10,16:38:08.616000,11713,11714,11713,2
2020-06-10,16:38:11.055000,11713,11714,11714,1
2020-06-10,16:38:16.823000,11713,11714,11713,4
2020-06-10,16:38:18.725000,11712,11713,11713,1
2020-06-10,16:38:26.743000,11712,11713,11713,1
2020-06-10,16:38:29.254000,11712,11713,11713,1
2020-06-10,16:38:33.669000,11712,11713,11712,2
2020-06-10,16:38:34.353000,11712,11713,11713,1
2020-06-10,16:38:36.117000,11712,11713,11713,5
2020-06-10,16:38:40.996000,11712,11713,11712,14
2020-06-10,16:38:41.286000,11711,11712,11712,5
2020-06-10,16:38:41.341000,11711,11712,11711,2
2020-06-10,16:38:41.462000,11711,11712,11712,1
2020-06-10,16:38:42.977000,11711,11712,11712,1
2020-06-10,16:38:43.986000,11711,11712,11711,5
2020-06-10,16:38:43.986000,11711,11712,11710,5
2020-06-10,16:38:46.021000,11710,11712,11710,1
2020-06-10,16:38:48.471000,11711,11712,11712,1
2020-06-10,16:38:51.226000,11711,11712,11712,2
2020-06-10,16:38:51.226000,11711,11712,11712,1
2020-06-10,16:38:52.389000,11712,11713,11712,1
2020-06-10,16:38:52.389000,11712,11713,11711,1
2020-06-10,16:38:52.613000,11711,11713,11711,1
2020-06-10,16:38:53.344000,11711,11713,11712,2
2020-06-10,16:39:02.361000,11711,11712,11712,2
2020-06-10,16:39:02.361000,11711,11712,11712,5
2020-06-10,16:39:02.694000,11712,11713,11713,1
2020-06-10,16:39:06.217000,11712,11713,11712,1
2020-06-10,16:39:06.577000,11712,11713,11712,2
2020-06-10,16:39:10.860000,11712,11713,11712,1
2020-06-10,16:39:13.838000,11711,11712,11712,1
2020-06-10,16:39:17.616000,11711,11712,11712,2
2020-06-10,16:39:19.878000,11711,11712,11712,4
2020-06-10,16:39:20.790000,11712,11713,11712,2
2020-06-10,16:39:22.234000,11712,11713,11712,1
2020-06-10,16:39:24.167000,11712,11713,11712,1
2020-06-10,16:39:24.393000,11711,11712,11712,1
2020-06-10,16:39:30.721000,11712,11713,11713,1
2020-06-10,16:39:33.541000,11712,11713,11713,5
2020-06-10,16:39:38.497000,11712,11713,11713,2
2020-06-10,16:39:38.498000,11712,11713,11713,1
2020-06-10,16:39:38.498000,11712,11713,11713,8
2020-06-10,16:39:43.628000,11712,11713,11713,2
2020-06-10,16:39:44.577000,11712,11713,11713,1
2020-06-10,16:39:45.892000,11712,11713,11713,4
2020-06-10,16:39:57.157000,11712,11713,11713,1
2020-06-10,16:39:59.014000,11712,11713,11712,5
2020-06-10,16:39:59.260000,11712,11713,11712,5
2020-06-10,16:39:59.383000,11712,11713,11712,4
2020-06-10,16:39:59.507000,11711,11712,11712,1
2020-06-10,16:40:01.250000,11712,11713,11713,1
2020-06-10,16:40:05.892000,11711,11713,11712,2
2020-06-10,16:40:06.176000,11711,11712,11712,2
2020-06-10,16:40:06.177000,11711,11712,11712,1
2020-06-10,16:40:13.200000,11711,11712,11711,10
2020-06-10,16:40:13.833000,11710,11711,11711,1
2020-06-10,16:40:15.823000,11710,11711,11710,14
2020-06-10,16:40:15.824000,11710,11711,11710,9
2020-06-10,16:40:16.783000,11709,11710,11709,4
2020-06-10,16:40:16.783000,11709,11710,11709,4
2020-06-10,16:40:16.783000,11709,11710,11709,1
2020-06-10,16:40:18.686000,11708,11709,11708,3
2020-06-10,16:40:20.084000,11708,11709,11708,1
2020-06-10,16:40:21.253000,11708,11709,11709,1
2020-06-10,16:40:21.295000,11708,11709,11708,3
2020-06-10,16:40:21.510000,11708,11709,11708,3
2020-06-10,16:40:22.587000,11708,11709,11708,1
2020-06-10,16:40:22.759000,11708,11709,11709,1
2020-06-10,16:40:26.206000,11708,11709,11709,2
2020-06-10,16:40:28.982000,11708,11709,11708,6
2020-06-10,16:40:37.643000,11708,11709,11709,2
2020-06-10,16:40:37.643000,11708,11709,11709,2
2020-06-10,16:40:41.507000,11709,11710,11710,1
2020-06-10,16:40:46.619000,11709,11710,11710,2
2020-06-10,16:40:50.492000,11709,11710,11710,8
2020-06-10,16:40:50.494000,11709,11710,11710,3
2020-06-10,16:40:50.494000,11709,11710,11710,1
2020-06-10,16:40:53.329000,11709,11710,11709,1
2020-06-10,16:40:59.732000,11709,11710,11709,1
2020-06-10,16:41:05.122000,11709,11710,11709,1
2020-06-10,16:41:11.307000,11709,11710,11709,1
2020-06-10,16:41:13.167000,11709,11710,11709,1
2020-06-10,16:41:21.481000,11709,11710,11709,7
2020-06-10,16:41:21.481000,11709,11710,11709,3
2020-06-10,16:41:32.273000,11709,11710,11710,2
2020-06-10,16:41:32.274000,11709,11710,11710,3
2020-06-10,16:41:32.274000,11709,11710,11710,2
2020-06-10,16:41:32.274000,11709,11710,11710,1
2020-06-10,16:41:33.796000,11710,11711,11710,1
2020-06-10,16:41:45.337000,11710,11711,11710,2
2020-06-10,16:42:00.043000,11710,11711,11711,5
2020-06-10,16:42:03.676000,11710,11711,11710,1
2020-06-10,16:42:21.829000,11710,11711,11711,1
2020-06-10,16:42:30.872000,11710,11711,11711,10
2020-06-10,16:42:36.684000,11711,11712,11711,2
2020-06-10,16:42:43.061000,11710,11712,11711,1
2020-06-10,16:42:45.801000,11711,11712,11711,1
2020-06-10,16:43:04.237000,11711,11712,11711,1
2020-06-10,16:43:09.103000,11710,11711,11711,1
2020-06-10,16:43:13.833000,11710,11711,11711,2
2020-06-10,16:43:20.295000,11710,11711,11711,2
2020-06-10,16:43:26.484000,11711,11712,11711,1
2020-06-10,16:43:32.921000,11711,11712,11711,2
2020-06-10,16:43:32.921000,11711,11712,11711,1
2020-06-10,16:43:38.350000,11710,11711,11711,4
2020-06-10,16:43:40.415000,11710,11711,11710,4
2020-06-10,16:43:42.150000,11710,11711,11711,1
2020-06-10,16:43:42.517000,11710,11711,11711,1
2020-06-10,16:43:51.936000,11710,11711,11710,1
2020-06-10,16:43:55.768000,11710,11711,11711,5
