2021-02-03,15:00:00.087000,15771,15772,15771,45
2021-02-03,15:00:00.105000,15770,15771,15771,2
2021-02-03,15:00:00.179000,15770,15772,15772,2
2021-02-03,15:00:00.248000,15770,15772,15770,1
2021-02-03,15:00:00.248000,15770,15772,15769,1
2021-02-03,15:00:00.254000,15770,15772,15769,1
2021-02-03,15:00:00.264000,15770,15772,15768,1
2021-02-03,15:00:00.293000,15770,15772,15772,1
2021-02-03,15:00:00.293000,15770,15772,15773,1
2021-02-03,15:00:00.298000,15770,15772,15768,3
2021-02-03,15:00:00.298000,15770,15772,15767,1
2021-02-03,15:00:00.431000,15767,15774,15768,1
2021-02-03,15:00:00.443000,15767,15773,15772,2
2021-02-03,15:00:00.453000,15767,15773,15767,2
2021-02-03,15:00:00.453000,15767,15773,15766,1
2021-02-03,15:00:00.507000,15767,15773,15767,1
2021-02-03,15:00:00.507000,15767,15773,15766,1
2021-02-03,15:00:00.511000,15767,15773,15766,2
2021-02-03,15:00:00.515000,15767,15773,15766,1
2021-02-03,15:00:00.517000,15767,15773,15766,1
2021-02-03,15:00:00.529000,15767,15773,15766,1
2021-02-03,15:00:00.566000,15765,15773,15765,1
2021-02-03,15:00:00.593000,15765,15773,15765,1
2021-02-03,15:00:00.594000,15765,15773,15765,1
2021-02-03,15:00:00.607000,15765,15773,15765,1
2021-02-03,15:00:00.650000,15765,15773,15764,2
2021-02-03,15:00:00.650000,15765,15773,15763,1
2021-02-03,15:00:00.700000,15763,15773,15773,1
2021-02-03,15:00:00.704000,15763,15773,15764,1
2021-02-03,15:00:00.710000,15763,15773,15763,1
2021-02-03,15:00:00.741000,15763,15773,15773,1
2021-02-03,15:00:00.760000,15763,15773,15764,1
2021-02-03,15:00:00.764000,15763,15773,15763,1
2021-02-03,15:00:00.836000,15762,15773,15762,3
2021-02-03,15:00:00.838000,15762,15773,15762,1
2021-02-03,15:00:00.842000,15762,15773,15762,2
2021-02-03,15:00:00.842000,15762,15773,15761,1
2021-02-03,15:00:00.892000,15762,15773,15761,2
2021-02-03,15:00:00.905000,15762,15773,15761,4
2021-02-03,15:00:00.920000,15762,15773,15761,1
2021-02-03,15:00:00.966000,15761,15773,15761,3
2021-02-03,15:00:01.020000,15761,15773,15761,1
2021-02-03,15:00:01.292000,15761,15772,15761,4
2021-02-03,15:00:01.392000,15760,15772,15771,1
2021-02-03,15:00:01.471000,15763,15772,15770,1
2021-02-03,15:00:01.481000,15763,15772,15763,1
2021-02-03,15:00:01.481000,15763,15772,15762,1
2021-02-03,15:00:01.481000,15763,15772,15760,1
2021-02-03,15:00:01.559000,15763,15772,15760,1
2021-02-03,15:00:01.620000,15760,15771,15760,1
2021-02-03,15:00:01.722000,15760,15771,15771,1
2021-02-03,15:00:01.722000,15760,15771,15772,2
2021-02-03,15:00:01.965000,15762,15771,15763,1
2021-02-03,15:00:01.965000,15762,15771,15762,2
2021-02-03,15:00:01.965000,15762,15771,15761,1
2021-02-03,15:00:02.012000,15762,15771,15761,1
2021-02-03,15:00:02.162000,15761,15770,15769,1
2021-02-03,15:00:02.242000,15761,15769,15766,2
2021-02-03,15:00:02.311000,15763,15767,15767,5
2021-02-03,15:00:02.312000,15763,15767,15770,1
2021-02-03,15:00:02.637000,15766,15771,15771,1
2021-02-03,15:00:02.637000,15766,15771,15772,2
2021-02-03,15:00:02.637000,15766,15771,15773,1
2021-02-03,15:00:02.709000,15767,15772,15769,1
2021-02-03,15:00:02.944000,15767,15772,15767,1
2021-02-03,15:00:03.356000,15768,15770,15770,1
2021-02-03,15:00:03.356000,15768,15770,15771,2
2021-02-03,15:00:03.360000,15768,15770,15768,4
2021-02-03,15:00:03.360000,15768,15770,15766,1
2021-02-03,15:00:03.360000,15768,15770,15765,1
2021-02-03,15:00:03.392000,15768,15770,15765,3
2021-02-03,15:00:03.392000,15768,15770,15764,1
2021-02-03,15:00:03.392000,15768,15770,15763,2
2021-02-03,15:00:04.437000,15766,15770,15770,1
2021-02-03,15:00:04.437000,15766,15770,15771,2
2021-02-03,15:00:04.437000,15766,15770,15771,1
2021-02-03,15:00:04.682000,15766,15771,15766,1
2021-02-03,15:00:04.682000,15766,15771,15765,1
2021-02-03,15:00:04.811000,15765,15768,15768,1
2021-02-03,15:00:04.911000,15765,15768,15769,2
2021-02-03,15:00:05.955000,15768,15770,15770,1
2021-02-03,15:00:05.983000,15768,15770,15769,1
2021-02-03,15:00:07.160000,15770,15771,15770,4
2021-02-03,15:00:07.373000,15769,15770,15769,1
2021-02-03,15:00:07.969000,15767,15769,15768,1
2021-02-03,15:00:08.210000,15767,15770,15770,2
2021-02-03,15:00:08.213000,15767,15770,15767,1
2021-02-03,15:00:08.473000,15767,15770,15767,1
2021-02-03,15:00:09.489000,15768,15769,15768,1
2021-02-03,15:00:09.611000,15768,15769,15769,5
2021-02-03,15:00:11.478000,15769,15770,15770,6
2021-02-03,15:00:11.744000,15769,15771,15769,1
2021-02-03,15:00:13.162000,15768,15770,15768,1
2021-02-03,15:00:13.174000,15768,15770,15770,1
2021-02-03,15:00:14.785000,15768,15770,15769,1
2021-02-03,15:00:14.955000,15768,15770,15770,2
2021-02-03,15:00:16.459000,15768,15770,15768,1
2021-02-03,15:00:16.480000,15768,15770,15767,1
2021-02-03,15:00:17.066000,15766,15768,15766,2
2021-02-03,15:00:17.246000,15766,15767,15767,1
2021-02-03,15:00:20.604000,15766,15768,15766,5
2021-02-03,15:00:22.583000,15765,15767,15767,1
2021-02-03,15:00:24.364000,15765,15767,15765,1
2021-02-03,15:00:24.424000,15765,15767,15765,2
2021-02-03,15:00:24.424000,15765,15767,15764,1
2021-02-03,15:00:24.710000,15764,15767,15764,1
2021-02-03,15:00:24.828000,15764,15767,15767,2
2021-02-03,15:00:24.828000,15764,15767,15768,3
2021-02-03,15:00:25.070000,15765,15768,15768,5
2021-02-03,15:00:25.521000,15765,15768,15765,1
2021-02-03,15:00:25.521000,15765,15768,15764,11
2021-02-03,15:00:25.521000,15765,15768,15763,6
2021-02-03,15:00:25.522000,15765,15768,15763,13
2021-02-03,15:00:25.686000,15763,15766,15766,1
2021-02-03,15:00:25.688000,15763,15766,15766,1
2021-02-03,15:00:27.248000,15764,15767,15764,3
2021-02-03,15:00:28.686000,15765,15766,15766,1
2021-02-03,15:00:30.723000,15765,15767,15765,1
2021-02-03,15:00:30.723000,15765,15767,15764,1
2021-02-03,15:00:31.189000,15764,15767,15767,1
2021-02-03,15:00:31.561000,15764,15766,15766,1
2021-02-03,15:00:32.311000,15764,15766,15766,1
2021-02-03,15:00:32.868000,15764,15767,15764,2
2021-02-03,15:00:33.450000,15763,15767,15767,1
2021-02-03,15:00:33.518000,15763,15767,15764,1
2021-02-03,15:00:33.519000,15763,15767,15764,4
2021-02-03,15:00:34.436000,15764,15766,15766,1
2021-02-03,15:00:34.512000,15764,15766,15764,3
2021-02-03,15:00:34.643000,15764,15766,15764,2
2021-02-03,15:00:34.845000,15764,15766,15764,1
2021-02-03,15:00:36.436000,15764,15765,15765,3
2021-02-03,15:00:38.056000,15764,15766,15765,1
2021-02-03,15:00:41.982000,15764,15765,15765,1
2021-02-03,15:00:42.163000,15764,15765,15764,2
2021-02-03,15:00:43.637000,15763,15764,15763,1
2021-02-03,15:00:43.996000,15762,15764,15762,6
2021-02-03,15:00:43.996000,15762,15764,15761,4
2021-02-03,15:00:43.997000,15762,15764,15762,1
2021-02-03,15:00:44.220000,15761,15763,15761,1
2021-02-03,15:00:44.475000,15761,15763,15763,1
2021-02-03,15:00:46.988000,15761,15763,15763,1
2021-02-03,15:00:46.988000,15761,15763,15764,1
2021-02-03,15:00:48.810000,15761,15763,15761,1
2021-02-03,15:00:49.937000,15761,15763,15761,7
2021-02-03,15:00:49.939000,15761,15763,15761,3
2021-02-03,15:00:52.043000,15761,15763,15763,2
2021-02-03,15:00:52.061000,15761,15763,15763,4
2021-02-03,15:00:54.921000,15762,15764,15763,1
2021-02-03,15:00:54.921000,15762,15764,15762,1
2021-02-03,15:00:54.936000,15762,15764,15764,1
2021-02-03,15:00:55.811000,15762,15764,15764,1
2021-02-03,15:00:57.816000,15762,15765,15764,1
2021-02-03,15:00:57.936000,15763,15765,15765,5
2021-02-03,15:00:58.061000,15764,15766,15766,2
2021-02-03,15:00:58.186000,15765,15767,15767,2
2021-02-03,15:00:58.936000,15764,15766,15766,1
2021-02-03,15:01:00.112000,15764,15767,15765,1
2021-02-03,15:01:00.143000,15764,15767,15765,1
2021-02-03,15:01:00.143000,15764,15767,15764,6
2021-02-03,15:01:03.472000,15763,15766,15764,1
2021-02-03,15:01:03.564000,15763,15766,15766,1
2021-02-03,15:01:03.564000,15763,15766,15766,1
2021-02-03,15:01:03.565000,15763,15766,15766,1
2021-02-03,15:01:03.565000,15763,15766,15766,1
2021-02-03,15:01:08.547000,15764,15766,15764,1
2021-02-03,15:01:09.145000,15764,15766,15766,1
2021-02-03,15:01:09.187000,15764,15766,15766,1
2021-02-03,15:01:09.188000,15764,15766,15766,1
2021-02-03,15:01:09.188000,15764,15766,15766,1
2021-02-03,15:01:09.879000,15765,15766,15765,1
2021-02-03,15:01:14.111000,15763,15765,15763,5
2021-02-03,15:01:14.640000,15763,15765,15765,4
2021-02-03,15:01:14.640000,15763,15765,15766,1
2021-02-03,15:01:16.573000,15765,15766,15765,1
2021-02-03,15:01:16.882000,15763,15766,15763,2
2021-02-03,15:01:21.191000,15764,15766,15766,1
2021-02-03,15:01:21.312000,15764,15766,15766,1
2021-02-03,15:01:21.314000,15764,15766,15766,1
2021-02-03,15:01:21.897000,15764,15766,15766,2
2021-02-03,15:01:25.528000,15765,15766,15766,1
2021-02-03,15:01:26.704000,15765,15766,15766,1
2021-02-03,15:01:27.299000,15765,15766,15766,1
2021-02-03,15:01:27.312000,15765,15766,15766,1
2021-02-03,15:01:27.313000,15765,15766,15766,1
2021-02-03,15:01:27.313000,15765,15766,15766,1
2021-02-03,15:01:27.313000,15765,15766,15766,1
2021-02-03,15:01:27.313000,15765,15766,15766,1
2021-02-03,15:01:27.314000,15765,15766,15767,1
2021-02-03,15:01:29.160000,15765,15767,15767,1
2021-02-03,15:01:31.598000,15767,15768,15767,4
2021-02-03,15:01:31.600000,15767,15768,15766,1
2021-02-03,15:01:32.021000,15766,15767,15767,1
2021-02-03,15:01:32.940000,15766,15767,15767,15
2021-02-03,15:01:34.184000,15767,15768,15768,2
2021-02-03,15:01:35.692000,15768,15769,15768,1
2021-02-03,15:01:36.563000,15768,15769,15768,1
2021-02-03,15:01:41.164000,15768,15769,15768,1
2021-02-03,15:01:41.188000,15768,15769,15769,1
2021-02-03,15:01:41.188000,15768,15769,15769,1
2021-02-03,15:01:41.188000,15768,15769,15769,1
2021-02-03,15:01:41.189000,15768,15769,15769,1
2021-02-03,15:01:41.189000,15768,15769,15770,1
2021-02-03,15:01:41.189000,15768,15769,15770,1
2021-02-03,15:01:41.429000,15768,15770,15770,1
2021-02-03,15:01:42.068000,15768,15770,15768,1
2021-02-03,15:01:42.168000,15768,15770,15768,2
2021-02-03,15:01:42.567000,15768,15770,15770,1
2021-02-03,15:01:43.672000,15768,15769,15769,1
2021-02-03,15:01:44.185000,15768,15770,15768,1
2021-02-03,15:01:44.318000,15768,15770,15770,1
2021-02-03,15:01:45.228000,15768,15770,15770,1
2021-02-03,15:01:47.413000,15768,15769,15769,1
2021-02-03,15:01:47.989000,15768,15770,15770,1
2021-02-03,15:01:52.629000,15768,15770,15770,1
2021-02-03,15:01:53.117000,15768,15770,15770,1
2021-02-03,15:01:53.749000,15768,15770,15770,1
2021-02-03,15:01:53.827000,15769,15770,15770,20
2021-02-03,15:01:53.827000,15769,15770,15770,1
2021-02-03,15:01:53.827000,15769,15770,15770,2
2021-02-03,15:01:53.827000,15769,15770,15770,1
2021-02-03,15:01:53.827000,15769,15770,15770,1
2021-02-03,15:01:53.827000,15769,15770,15770,2
2021-02-03,15:01:53.827000,15769,15770,15770,1
2021-02-03,15:01:53.827000,15769,15770,15770,1
2021-02-03,15:01:53.827000,15769,15770,15770,4
2021-02-03,15:01:53.827000,15769,15770,15770,1
2021-02-03,15:01:53.827000,15769,15770,15770,1
2021-02-03,15:01:53.827000,15769,15770,15770,14
2021-02-03,15:01:53.828000,15769,15770,15770,1
2021-02-03,15:01:53.828000,15769,15770,15770,1
2021-02-03,15:01:53.828000,15769,15770,15770,2
2021-02-03,15:01:53.828000,15769,15770,15770,12
2021-02-03,15:01:53.830000,15769,15770,15771,1
2021-02-03,15:01:53.845000,15769,15770,15772,3
2021-02-03,15:01:54.396000,15772,15773,15773,1
2021-02-03,15:01:54.396000,15772,15773,15773,1
2021-02-03,15:01:55.715000,15772,15773,15773,1
2021-02-03,15:01:55.716000,15772,15773,15773,1
2021-02-03,15:02:00.038000,15772,15773,15773,1
2021-02-03,15:02:00.038000,15772,15773,15772,1
2021-02-03,15:02:00.041000,15772,15773,15772,1
2021-02-03,15:02:00.041000,15772,15773,15772,1
2021-02-03,15:02:00.062000,15771,15773,15771,8
2021-02-03,15:02:00.309000,15770,15772,15773,1
2021-02-03,15:02:02.564000,15771,15772,15771,2
2021-02-03,15:02:02.565000,15771,15772,15771,1
2021-02-03,15:02:02.967000,15771,15772,15772,1
2021-02-03,15:02:04.378000,15771,15772,15771,1
2021-02-03,15:02:04.378000,15771,15772,15771,1
2021-02-03,15:02:05.041000,15770,15772,15772,1
2021-02-03,15:02:07.957000,15770,15771,15771,1
2021-02-03,15:02:07.957000,15770,15771,15772,1
2021-02-03,15:02:10.103000,15770,15771,15771,1
2021-02-03,15:02:10.660000,15770,15772,15770,2
2021-02-03,15:02:10.951000,15770,15771,15771,1
2021-02-03,15:02:11.663000,15770,15772,15772,1
2021-02-03,15:02:12.468000,15770,15772,15772,1
2021-02-03,15:02:12.899000,15770,15771,15771,1
2021-02-03,15:02:14.613000,15769,15772,15772,1
2021-02-03,15:02:20.521000,15770,15771,15771,1
2021-02-03,15:02:22.050000,15770,15771,15770,1
2021-02-03,15:02:22.436000,15770,15771,15770,2
2021-02-03,15:02:24.178000,15769,15771,15769,1
2021-02-03,15:02:36.966000,15769,15770,15769,1
2021-02-03,15:02:42.767000,15768,15769,15769,1
2021-02-03,15:02:57.525000,15768,15769,15768,1
2021-02-03,15:03:01.563000,15768,15769,15769,1
2021-02-03,15:03:02.963000,15768,15769,15768,1
2021-02-03,15:03:03.972000,15768,15769,15769,1
2021-02-03,15:03:07.934000,15768,15769,15769,1
2021-02-03,15:03:08.361000,15768,15770,15769,1
2021-02-03,15:03:09.361000,15768,15770,15768,1
2021-02-03,15:03:13.805000,15769,15770,15770,1
2021-02-03,15:03:14.525000,15769,15770,15770,1
2021-02-03,15:03:24.431000,15769,15770,15770,1
2021-02-03,15:03:24.431000,15769,15770,15770,1
2021-02-03,15:03:28.541000,15769,15771,15771,3
2021-02-03,15:03:39.883000,15769,15771,15770,1
2021-02-03,15:03:55.258000,15770,15771,15771,1
2021-02-03,15:03:58.581000,15770,15771,15770,3
2021-02-03,15:03:58.581000,15770,15771,15769,2
2021-02-03,15:04:18.760000,15769,15770,15769,5
2021-02-03,15:04:19.515000,15768,15770,15768,1
2021-02-03,15:04:25.748000,15768,15769,15768,1
2021-02-03,15:04:28.448000,15767,15768,15767,3
2021-02-03,15:04:28.448000,15767,15768,15767,1
2021-02-03,15:04:28.448000,15767,15768,15767,1
2021-02-03,15:04:28.448000,15767,15768,15767,1
2021-02-03,15:04:28.548000,15767,15768,15766,3
2021-02-03,15:04:31.002000,15766,15767,15766,1
2021-02-03,15:04:32.747000,15766,15767,15766,1
2021-02-03,15:04:33.988000,15766,15767,15766,1
2021-02-03,15:04:34.258000,15766,15767,15766,1
2021-02-03,15:04:36.925000,15766,15767,15766,1
2021-02-03,15:04:37.660000,15766,15767,15766,1
2021-02-03,15:04:38.268000,15766,15767,15766,1
2021-02-03,15:04:38.612000,15765,15767,15766,1
2021-02-03,15:04:42.135000,15765,15766,15766,1
2021-02-03,15:04:44.509000,15765,15766,15766,3
2021-02-03,15:04:51.550000,15766,15767,15766,1
2021-02-03,15:04:52.382000,15766,15767,15766,1
2021-02-03,15:04:56.396000,15765,15766,15766,1
2021-02-03,15:04:59.986000,15766,15767,15766,1
2021-02-03,15:05:00.214000,15765,15766,15766,1
2021-02-03,15:05:00.214000,15765,15766,15766,1
2021-02-03,15:05:07.822000,15765,15767,15765,1
2021-02-03,15:05:09.175000,15765,15767,15765,1
2021-02-03,15:05:10.025000,15765,15766,15766,1
2021-02-03,15:05:15.089000,15765,15766,15766,1
2021-02-03,15:05:16.417000,15765,15766,15766,1
2021-02-03,15:05:21.010000,15766,15767,15766,1
2021-02-03,15:05:21.848000,15765,15766,15766,1
2021-02-03,15:05:22.201000,15765,15766,15766,1
2021-02-03,15:05:29.301000,15765,15766,15765,4
2021-02-03,15:05:29.302000,15765,15766,15765,7
2021-02-03,15:05:37.827000,15764,15765,15765,1
2021-02-03,15:05:39.904000,15764,15765,15764,1
2021-02-03,15:05:41.627000,15764,15765,15764,1
2021-02-03,15:05:42.379000,15763,15764,15764,1
2021-02-03,15:05:43.863000,15764,15765,15764,1
2021-02-03,15:05:49.678000,15763,15764,15764,2
2021-02-03,15:05:50.001000,15763,15764,15764,1
2021-02-03,15:05:58.026000,15763,15764,15764,1
2021-02-03,15:05:59.963000,15763,15764,15763,10
2021-02-03,15:06:04.179000,15762,15763,15763,1
2021-02-03,15:06:04.345000,15762,15763,15762,3
2021-02-03,15:06:04.346000,15762,15763,15762,2
2021-02-03,15:06:04.353000,15762,15763,15761,28
2021-02-03,15:06:04.353000,15762,15763,15760,2
2021-02-03,15:06:04.370000,15762,15763,15760,13
2021-02-03,15:06:04.370000,15762,15763,15759,2
2021-02-03,15:06:04.371000,15762,15763,15759,1
2021-02-03,15:06:04.532000,15758,15760,15758,2
2021-02-03,15:06:05.031000,15758,15760,15758,1
2021-02-03,15:06:08.425000,15758,15760,15758,3
2021-02-03,15:06:09.938000,15759,15760,15760,1
2021-02-03,15:06:10.367000,15759,15761,15759,1
2021-02-03,15:06:12.884000,15758,15759,15759,1
2021-02-03,15:06:13.334000,15758,15759,15758,5
2021-02-03,15:06:13.334000,15758,15759,15757,2
2021-02-03,15:06:13.745000,15757,15759,15757,1
2021-02-03,15:06:14.112000,15758,15759,15758,1
2021-02-03,15:06:15.822000,15757,15759,15758,1
2021-02-03,15:06:18.205000,15757,15758,15758,1
2021-02-03,15:06:18.613000,15757,15758,15757,3
2021-02-03,15:06:18.660000,15757,15758,15757,1
2021-02-03,15:06:18.862000,15756,15758,15758,1
2021-02-03,15:06:19.782000,15757,15758,15758,1
2021-02-03,15:06:20.052000,15757,15758,15758,2
2021-02-03,15:06:25.006000,15758,15759,15758,2
2021-02-03,15:06:25.008000,15758,15759,15758,4
2021-02-03,15:06:27.211000,15758,15759,15759,1
2021-02-03,15:06:30.894000,15758,15759,15758,1
2021-02-03,15:06:31.385000,15758,15759,15758,1
2021-02-03,15:06:32.411000,15758,15759,15759,1
2021-02-03,15:06:32.559000,15758,15759,15759,1
2021-02-03,15:06:35.020000,15758,15759,15759,6
2021-02-03,15:06:35.224000,15758,15760,15758,1
2021-02-03,15:06:35.236000,15758,15760,15759,1
2021-02-03,15:06:39.084000,15758,15759,15758,1
2021-02-03,15:06:39.264000,15757,15759,15759,1
2021-02-03,15:06:40.022000,15758,15759,15759,1
2021-02-03,15:06:40.457000,15758,15760,15758,1
2021-02-03,15:06:42.760000,15758,15759,15759,1
2021-02-03,15:06:43.463000,15758,15760,15758,1
2021-02-03,15:06:43.464000,15758,15760,15758,4
2021-02-03,15:06:45.762000,15757,15759,15758,1
2021-02-03,15:06:47.019000,15757,15759,15757,1
2021-02-03,15:06:47.780000,15757,15758,15758,1
2021-02-03,15:06:49.027000,15758,15759,15758,1
2021-02-03,15:06:49.028000,15758,15759,15758,1
2021-02-03,15:06:50.764000,15757,15758,15758,1
2021-02-03,15:06:50.872000,15757,15759,15758,1
2021-02-03,15:06:51.045000,15757,15759,15757,2
2021-02-03,15:06:54.692000,15758,15759,15758,1
2021-02-03,15:06:56.777000,15757,15759,15758,1
2021-02-03,15:07:00.366000,15757,15759,15759,1
2021-02-03,15:07:00.637000,15757,15759,15758,1
2021-02-03,15:07:02.592000,15757,15759,15759,1
2021-02-03,15:07:04.720000,15758,15760,15758,1
2021-02-03,15:07:05.264000,15757,15760,15757,1
2021-02-03,15:07:06.044000,15757,15760,15760,1
2021-02-03,15:07:08.748000,15758,15760,15760,14
2021-02-03,15:07:08.749000,15758,15760,15760,1
2021-02-03,15:07:08.967000,15759,15761,15761,2
2021-02-03,15:07:11.686000,15760,15761,15761,3
2021-02-03,15:07:19.763000,15761,15762,15762,1
2021-02-03,15:07:23.658000,15761,15764,15764,1
2021-02-03,15:07:23.687000,15761,15764,15761,1
2021-02-03,15:07:23.688000,15761,15764,15761,1
2021-02-03,15:07:23.688000,15761,15764,15761,1
2021-02-03,15:07:23.689000,15761,15764,15761,1
2021-02-03,15:07:23.689000,15761,15764,15761,1
2021-02-03,15:07:23.689000,15761,15764,15760,1
2021-02-03,15:07:23.950000,15760,15762,15762,1
2021-02-03,15:07:24.589000,15760,15763,15763,1
2021-02-03,15:07:27.220000,15761,15763,15761,1
2021-02-03,15:07:33.569000,15760,15762,15760,1
2021-02-03,15:07:56.825000,15761,15763,15761,3
2021-02-03,15:07:56.825000,15761,15763,15760,1
2021-02-03,15:08:07.399000,15760,15763,15763,1
2021-02-03,15:08:08.404000,15761,15763,15761,1
2021-02-03,15:08:12.807000,15761,15762,15762,1
2021-02-03,15:08:13.343000,15761,15763,15761,1
2021-02-03,15:08:19.071000,15761,15762,15761,1
2021-02-03,15:08:25.525000,15761,15762,15761,1
2021-02-03,15:08:35.939000,15761,15762,15761,1
2021-02-03,15:08:42.383000,15760,15761,15760,1
2021-02-03,15:08:44.621000,15760,15761,15761,1
2021-02-03,15:08:48.325000,15760,15761,15761,1
2021-02-03,15:09:09.392000,15761,15762,15761,2
2021-02-03,15:09:10.120000,15761,15762,15761,1
2021-02-03,15:09:11.517000,15761,15762,15761,1
2021-02-03,15:09:15.658000,15761,15762,15762,1
2021-02-03,15:09:15.659000,15761,15762,15762,2
2021-02-03,15:09:17.965000,15762,15763,15763,1
2021-02-03,15:09:20.143000,15762,15763,15763,1
2021-02-03,15:09:29.411000,15762,15764,15764,1
2021-02-03,15:09:29.626000,15762,15764,15762,3
2021-02-03,15:09:35.084000,15762,15764,15762,2
2021-02-03,15:09:49.329000,15762,15763,15762,1
2021-02-03,15:09:52.050000,15762,15763,15762,1
2021-02-03,15:09:55.564000,15762,15763,15762,1
2021-02-03,15:09:56.644000,15762,15763,15762,1
2021-02-03,15:10:02.844000,15762,15763,15763,2
2021-02-03,15:10:08.308000,15763,15764,15764,5
2021-02-03,15:10:08.309000,15763,15764,15764,1
2021-02-03,15:10:08.309000,15763,15764,15764,1
2021-02-03,15:10:08.309000,15763,15764,15764,2
2021-02-03,15:10:13.980000,15764,15765,15765,5
2021-02-03,15:10:13.981000,15764,15765,15765,1
2021-02-03,15:10:13.981000,15764,15765,15765,6
2021-02-03,15:10:13.985000,15764,15765,15766,1
2021-02-03,15:10:14.088000,15764,15766,15764,1
2021-02-03,15:10:14.373000,15765,15766,15765,2
2021-02-03,15:10:16.745000,15764,15765,15765,1
2021-02-03,15:10:16.885000,15764,15766,15766,5
2021-02-03,15:10:20.237000,15765,15767,15767,5
2021-02-03,15:10:20.922000,15765,15767,15766,1
2021-02-03,15:10:20.923000,15765,15767,15766,1
2021-02-03,15:10:24.364000,15765,15767,15767,6
2021-02-03,15:10:26.312000,15765,15768,15768,6
2021-02-03,15:10:26.668000,15766,15768,15766,1
2021-02-03,15:10:28.549000,15766,15767,15767,1
2021-02-03,15:10:28.549000,15766,15767,15768,1
2021-02-03,15:10:31.092000,15766,15768,15768,3
2021-02-03,15:10:31.092000,15766,15768,15769,2
2021-02-03,15:10:31.249000,15767,15769,15767,1
2021-02-03,15:10:33.789000,15767,15768,15767,1
2021-02-03,15:10:36.607000,15767,15768,15768,1
2021-02-03,15:10:39.936000,15767,15768,15768,1
2021-02-03,15:10:41.249000,15767,15768,15768,2
2021-02-03,15:10:43.293000,15767,15768,15767,4
2021-02-03,15:10:45.740000,15766,15768,15768,7
2021-02-03,15:10:45.740000,15766,15768,15769,9
2021-02-03,15:10:46.925000,15766,15768,15768,1
2021-02-03,15:10:47.008000,15766,15768,15767,1
2021-02-03,15:10:48.381000,15766,15768,15767,3
2021-02-03,15:10:48.562000,15766,15768,15768,1
2021-02-03,15:10:50.335000,15767,15769,15769,1
2021-02-03,15:10:53.998000,15768,15769,15769,1
2021-02-03,15:10:54.061000,15768,15769,15769,2
2021-02-03,15:10:54.120000,15768,15769,15768,1
2021-02-03,15:10:55.561000,15768,15769,15769,1
2021-02-03,15:10:58.480000,15769,15770,15769,2
2021-02-03,15:11:00.686000,15768,15769,15769,1
2021-02-03,15:11:00.828000,15768,15770,15770,3
2021-02-03,15:11:00.936000,15768,15770,15770,1
2021-02-03,15:11:02.942000,15769,15771,15771,1
2021-02-03,15:11:09.224000,15770,15771,15771,1
2021-02-03,15:11:09.341000,15770,15771,15771,1
2021-02-03,15:11:09.341000,15770,15771,15771,2
2021-02-03,15:11:12.473000,15770,15771,15771,1
2021-02-03,15:11:12.939000,15770,15771,15770,2
2021-02-03,15:11:14.399000,15770,15771,15770,1
2021-02-03,15:11:14.704000,15770,15771,15771,1
2021-02-03,15:11:14.811000,15770,15771,15771,2
2021-02-03,15:11:15.186000,15770,15771,15771,1
2021-02-03,15:11:20.414000,15771,15772,15771,1
2021-02-03,15:11:20.591000,15771,15772,15772,1
2021-02-03,15:11:21.885000,15771,15772,15772,1
2021-02-03,15:11:22.615000,15771,15772,15772,1
2021-02-03,15:11:22.813000,15771,15772,15772,1
2021-02-03,15:11:23.068000,15771,15772,15772,1
2021-02-03,15:11:24.815000,15771,15772,15772,1
2021-02-03,15:11:25.494000,15771,15772,15772,1
2021-02-03,15:11:25.630000,15771,15772,15772,1
2021-02-03,15:11:25.745000,15771,15772,15772,1
2021-02-03,15:11:27.457000,15772,15773,15772,1
2021-02-03,15:11:27.457000,15772,15773,15772,1
2021-02-03,15:11:27.457000,15772,15773,15772,1
2021-02-03,15:11:27.457000,15772,15773,15772,1
2021-02-03,15:11:28.833000,15771,15773,15773,1
2021-02-03,15:11:28.955000,15771,15773,15773,1
2021-02-03,15:11:29.239000,15771,15773,15772,1
2021-02-03,15:11:33.123000,15771,15772,15772,2
2021-02-03,15:11:33.441000,15771,15772,15772,4
2021-02-03,15:11:33.441000,15771,15772,15773,11
2021-02-03,15:11:34.796000,15772,15773,15772,1
2021-02-03,15:11:34.963000,15771,15772,15772,1
2021-02-03,15:11:34.963000,15771,15772,15773,1
2021-02-03,15:11:39.492000,15772,15773,15772,2
2021-02-03,15:11:39.495000,15772,15773,15772,1
2021-02-03,15:11:42.735000,15772,15773,15772,1
2021-02-03,15:11:44.269000,15771,15773,15772,1
2021-02-03,15:11:46.886000,15772,15773,15772,2
2021-02-03,15:11:47.130000,15771,15772,15771,14
2021-02-03,15:11:47.267000,15770,15772,15772,1
2021-02-03,15:11:50.330000,15770,15772,15772,2
2021-02-03,15:11:59.260000,15770,15772,15770,2
2021-02-03,15:11:59.336000,15770,15772,15772,1
2021-02-03,15:11:59.897000,15770,15772,15772,1
2021-02-03,15:12:08.939000,15770,15771,15771,1
2021-02-03,15:12:09.665000,15770,15771,15770,1
2021-02-03,15:12:10.019000,15770,15771,15770,1
2021-02-03,15:12:10.020000,15770,15771,15770,1
2021-02-03,15:12:10.021000,15770,15771,15770,1
2021-02-03,15:12:10.021000,15770,15771,15770,1
2021-02-03,15:12:10.641000,15769,15770,15769,1
2021-02-03,15:12:10.642000,15769,15770,15769,2
2021-02-03,15:12:10.642000,15769,15770,15769,2
2021-02-03,15:12:19.688000,15768,15769,15769,1
2021-02-03,15:12:28.831000,15769,15770,15770,8
2021-02-03,15:12:28.936000,15770,15771,15771,2
2021-02-03,15:12:28.938000,15770,15771,15770,1
2021-02-03,15:12:28.938000,15770,15771,15770,1
2021-02-03,15:12:32.686000,15771,15772,15772,1
2021-02-03,15:12:32.812000,15771,15772,15771,1
2021-02-03,15:12:33.184000,15771,15772,15772,2
2021-02-03,15:12:33.184000,15771,15772,15772,5
2021-02-03,15:12:33.945000,15772,15773,15772,2
2021-02-03,15:12:43.543000,15771,15772,15772,1
2021-02-03,15:12:48.251000,15771,15772,15772,1
2021-02-03,15:12:48.251000,15771,15772,15772,1
2021-02-03,15:12:51.800000,15772,15773,15772,1
2021-02-03,15:12:57.920000,15772,15773,15772,1
2021-02-03,15:12:57.943000,15771,15772,15772,1
2021-02-03,15:12:57.957000,15771,15772,15772,1
2021-02-03,15:12:57.957000,15771,15772,15773,16
2021-02-03,15:12:57.957000,15771,15772,15774,3
2021-02-03,15:12:58.037000,15771,15772,15772,1
2021-02-03,15:13:01.473000,15773,15774,15774,1
2021-02-03,15:13:01.742000,15773,15774,15774,2
2021-02-03,15:13:02.738000,15773,15775,15775,3
2021-02-03,15:13:02.738000,15773,15775,15775,1
2021-02-03,15:13:02.909000,15773,15775,15775,1
2021-02-03,15:13:02.909000,15773,15775,15775,1
2021-02-03,15:13:04.086000,15773,15775,15774,2
2021-02-03,15:13:04.763000,15773,15775,15775,3
2021-02-03,15:13:04.763000,15773,15775,15776,2
2021-02-03,15:13:08.023000,15773,15775,15775,1
2021-02-03,15:13:19.688000,15773,15775,15774,3
2021-02-03,15:13:22.154000,15773,15775,15773,1
2021-02-03,15:13:22.194000,15773,15775,15773,1
2021-02-03,15:13:22.631000,15773,15774,15773,1
2021-02-03,15:13:24.197000,15772,15773,15772,1
2021-02-03,15:13:24.927000,15772,15773,15772,1
2021-02-03,15:13:30.127000,15771,15772,15771,3
2021-02-03,15:13:37.349000,15770,15772,15772,1
2021-02-03,15:13:49.891000,15771,15772,15771,1
2021-02-03,15:13:53.748000,15770,15772,15772,6
2021-02-03,15:14:00.355000,15771,15772,15772,1
2021-02-03,15:14:04.320000,15771,15773,15771,2
2021-02-03,15:14:10.818000,15771,15772,15771,1
2021-02-03,15:14:17.625000,15771,15772,15771,5
2021-02-03,15:14:18.147000,15770,15771,15771,1
2021-02-03,15:14:20.486000,15770,15771,15771,2
2021-02-03,15:14:20.486000,15770,15771,15772,1
2021-02-03,15:14:33.394000,15770,15772,15770,1
2021-02-03,15:14:33.696000,15770,15772,15770,1
2021-02-03,15:14:35.175000,15770,15772,15772,1
2021-02-03,15:14:38.180000,15770,15772,15771,1
2021-02-03,15:14:52.704000,15770,15771,15770,1
2021-02-03,15:14:54.299000,15770,15771,15770,1
2021-02-03,15:14:55.138000,15769,15771,15769,13
2021-02-03,15:14:58.685000,15768,15769,15768,5
2021-02-03,15:15:00.451000,15767,15769,15769,3
2021-02-03,15:15:00.774000,15767,15769,15767,3
2021-02-03,15:15:00.774000,15767,15769,15767,2
2021-02-03,15:15:00.876000,15767,15769,15767,3
2021-02-03,15:15:01.268000,15766,15768,15766,5
2021-02-03,15:15:01.312000,15766,15767,15767,1
2021-02-03,15:15:05.139000,15766,15767,15767,1
2021-02-03,15:15:06.027000,15766,15768,15768,1
2021-02-03,15:15:11.647000,15767,15768,15767,1
2021-02-03,15:15:11.688000,15767,15768,15768,1
2021-02-03,15:15:11.688000,15767,15768,15768,1
2021-02-03,15:15:13.112000,15767,15768,15767,1
2021-02-03,15:15:20.221000,15766,15767,15767,1
2021-02-03,15:15:22.501000,15766,15767,15766,1
2021-02-03,15:15:22.562000,15766,15767,15767,1
2021-02-03,15:15:22.563000,15766,15767,15767,1
2021-02-03,15:15:22.563000,15766,15767,15768,1
2021-02-03,15:15:22.564000,15766,15767,15768,1
2021-02-03,15:15:22.564000,15766,15767,15769,1
2021-02-03,15:15:22.564000,15766,15767,15769,1
2021-02-03,15:15:23.238000,15767,15769,15767,1
2021-02-03,15:15:25.446000,15767,15769,15767,2
2021-02-03,15:15:25.446000,15767,15769,15766,3
2021-02-03,15:15:42.961000,15766,15767,15766,1
2021-02-03,15:15:45.109000,15766,15767,15766,3
2021-02-03,15:15:46.373000,15766,15767,15767,1
2021-02-03,15:15:46.548000,15766,15767,15766,1
2021-02-03,15:15:46.685000,15766,15767,15767,1
2021-02-03,15:15:46.706000,15766,15767,15766,1
2021-02-03,15:15:50.543000,15766,15767,15767,1
2021-02-03,15:16:03.976000,15766,15768,15767,1
2021-02-03,15:16:08.879000,15767,15768,15768,4
2021-02-03,15:16:08.937000,15768,15769,15769,1
2021-02-03,15:16:08.939000,15768,15769,15769,1
2021-02-03,15:16:25.062000,15768,15769,15768,1
2021-02-03,15:16:25.187000,15768,15769,15769,1
2021-02-03,15:16:25.188000,15768,15769,15769,1
2021-02-03,15:16:25.188000,15768,15769,15769,1
2021-02-03,15:16:25.190000,15768,15769,15769,1
2021-02-03,15:16:25.190000,15768,15769,15769,4
2021-02-03,15:16:27.568000,15769,15770,15770,1
2021-02-03,15:16:27.689000,15769,15771,15771,1
2021-02-03,15:16:41.705000,15770,15771,15770,5
2021-02-03,15:16:41.813000,15769,15771,15771,1
2021-02-03,15:16:41.813000,15769,15771,15771,1
2021-02-03,15:16:51,15770,15771,15771,1
2021-02-03,15:16:51.063000,15770,15771,15771,1
2021-02-03,15:16:51.064000,15770,15771,15771,1
2021-02-03,15:16:51.064000,15770,15771,15771,5
2021-02-03,15:17:08.502000,15771,15772,15771,1
2021-02-03,15:17:11.574000,15770,15771,15771,1
2021-02-03,15:17:11.575000,15770,15771,15771,1
2021-02-03,15:17:11.575000,15770,15771,15771,1
2021-02-03,15:17:11.575000,15770,15771,15771,1
2021-02-03,15:17:11.575000,15770,15771,15771,1
2021-02-03,15:17:18.969000,15770,15772,15772,3
2021-02-03,15:17:34.649000,15771,15772,15772,2
2021-02-03,15:17:39.816000,15771,15772,15772,1
2021-02-03,15:17:43.022000,15771,15772,15771,1
2021-02-03,15:17:43.022000,15771,15772,15771,1
2021-02-03,15:17:43.040000,15771,15772,15770,10
2021-02-03,15:17:46.869000,15769,15770,15770,2
2021-02-03,15:17:52.064000,15769,15770,15769,1
2021-02-03,15:18:21.457000,15769,15770,15769,1
2021-02-03,15:18:21.457000,15769,15770,15769,2
2021-02-03,15:18:21.457000,15769,15770,15769,5
2021-02-03,15:18:21.457000,15769,15770,15769,1
2021-02-03,15:18:21.457000,15769,15770,15769,1
2021-02-03,15:19:07.046000,15768,15769,15769,1
2021-02-03,15:19:10.476000,15768,15769,15768,1
2021-02-03,15:19:10.561000,15768,15769,15768,5
2021-02-03,15:19:33.713000,15767,15768,15767,2
2021-02-03,15:19:35.934000,15766,15767,15766,1
2021-02-03,15:19:35.934000,15766,15767,15766,1
2021-02-03,15:19:35.934000,15766,15767,15766,1
2021-02-03,15:19:35.934000,15766,15767,15766,4
2021-02-03,15:19:37.882000,15765,15767,15767,1
2021-02-03,15:19:41.133000,15765,15766,15765,1
2021-02-03,15:19:41.261000,15765,15766,15765,1
2021-02-03,15:19:41.320000,15765,15766,15766,1
2021-02-03,15:19:41.874000,15765,15766,15766,1
2021-02-03,15:19:44.474000,15765,15766,15765,1
2021-02-03,15:19:46.399000,15765,15766,15765,1
2021-02-03,15:19:51.038000,15765,15766,15765,1
2021-02-03,15:19:52.360000,15765,15766,15765,1
2021-02-03,15:19:54.491000,15765,15766,15765,1
2021-02-03,15:19:57.767000,15765,15766,15765,1
2021-02-03,15:20:09.025000,15764,15766,15765,1
2021-02-03,15:20:12.346000,15765,15766,15765,2
2021-02-03,15:20:14.126000,15764,15765,15764,1
2021-02-03,15:20:17.265000,15764,15765,15765,2
2021-02-03,15:20:20.293000,15764,15765,15765,1
2021-02-03,15:20:20.346000,15764,15765,15764,1
2021-02-03,15:20:21.143000,15764,15765,15765,7
2021-02-03,15:20:21.186000,15765,15766,15766,5
2021-02-03,15:20:21.187000,15765,15766,15766,1
2021-02-03,15:20:21.187000,15765,15766,15766,1
2021-02-03,15:20:21.187000,15765,15766,15766,1
2021-02-03,15:20:36.337000,15766,15767,15766,1
2021-02-03,15:20:45.234000,15765,15767,15767,1
2021-02-03,15:20:48.701000,15766,15767,15766,1
2021-02-03,15:20:49.629000,15766,15767,15767,2
2021-02-03,15:21:10.610000,15766,15767,15767,1
2021-02-03,15:21:15.088000,15766,15767,15767,1
2021-02-03,15:21:24.764000,15767,15768,15767,2
2021-02-03,15:21:24.764000,15767,15768,15767,5
2021-02-03,15:21:45.004000,15767,15768,15768,1
2021-02-03,15:22:02.352000,15767,15768,15768,1
2021-02-03,15:22:05.781000,15767,15768,15768,1
2021-02-03,15:22:05.781000,15767,15768,15768,1
2021-02-03,15:22:11.899000,15768,15769,15768,3
2021-02-03,15:22:17.500000,15767,15768,15767,1
2021-02-03,15:22:17.928000,15766,15768,15768,1
2021-02-03,15:22:48.011000,15766,15767,15767,1
2021-02-03,15:22:57.382000,15766,15767,15767,1
2021-02-03,15:23:44.670000,15766,15767,15767,3
2021-02-03,15:23:47.686000,15766,15768,15768,2
2021-02-03,15:23:47.866000,15767,15768,15768,5
2021-02-03,15:23:47.867000,15767,15768,15768,1
2021-02-03,15:23:47.867000,15767,15768,15768,2
2021-02-03,15:23:48.089000,15767,15769,15769,5
2021-02-03,15:23:48.163000,15767,15769,15769,2
2021-02-03,15:23:48.163000,15767,15769,15769,5
2021-02-03,15:23:48.203000,15768,15770,15770,2
2021-02-03,15:23:48.697000,15769,15770,15770,1
2021-02-03,15:23:48.936000,15769,15770,15770,1
2021-02-03,15:24:00.407000,15769,15770,15769,1
2021-02-03,15:24:12.738000,15769,15770,15769,1
2021-02-03,15:24:15.342000,15769,15770,15770,1
2021-02-03,15:24:15.342000,15769,15770,15770,1
2021-02-03,15:24:15.342000,15769,15770,15770,6
2021-02-03,15:24:25.125000,15770,15771,15770,1
2021-02-03,15:24:25.495000,15770,15771,15770,1
2021-02-03,15:24:32.621000,15770,15771,15770,1
2021-02-03,15:24:32.733000,15769,15771,15770,1
2021-02-03,15:25:01.240000,15770,15771,15771,1
2021-02-03,15:25:01.844000,15770,15771,15770,1
2021-02-03,15:25:02.778000,15770,15771,15771,1
2021-02-03,15:25:04.829000,15770,15771,15771,1
2021-02-03,15:25:07.147000,15770,15771,15771,1
2021-02-03,15:25:07.148000,15770,15771,15771,12
2021-02-03,15:25:22.708000,15771,15772,15771,3
2021-02-03,15:25:22.776000,15771,15772,15772,1
2021-02-03,15:25:29.253000,15770,15772,15771,1
2021-02-03,15:25:31.285000,15770,15772,15772,1
2021-02-03,15:25:34.119000,15770,15771,15770,12
2021-02-03,15:25:52.145000,15769,15770,15770,1
2021-02-03,15:25:57.363000,15769,15770,15769,1
2021-02-03,15:26:13.281000,15769,15770,15769,1
2021-02-03,15:26:17.223000,15769,15770,15769,1
2021-02-03,15:26:17.224000,15769,15770,15769,1
2021-02-03,15:26:22.425000,15768,15769,15769,4
2021-02-03,15:26:22.425000,15768,15769,15770,1
2021-02-03,15:26:36.739000,15769,15770,15769,1
2021-02-03,15:26:49.424000,15769,15770,15770,2
2021-02-03,15:26:49.425000,15769,15770,15770,4
2021-02-03,15:26:58.575000,15769,15771,15771,4
2021-02-03,15:27:08.499000,15771,15772,15771,1
2021-02-03,15:27:09.555000,15770,15772,15772,1
2021-02-03,15:27:10.839000,15770,15772,15772,1
2021-02-03,15:27:13.528000,15770,15771,15771,1
2021-02-03,15:27:29.440000,15771,15772,15772,2
2021-02-03,15:27:29.441000,15771,15772,15772,8
2021-02-03,15:27:29.617000,15771,15773,15773,2
2021-02-03,15:27:29.955000,15771,15773,15773,2
2021-02-03,15:27:33.932000,15771,15773,15771,1
2021-02-03,15:27:58.954000,15771,15772,15772,1
2021-02-03,15:28:15.740000,15771,15772,15772,3
2021-02-03,15:28:19.652000,15771,15772,15771,1
2021-02-03,15:28:28.507000,15771,15772,15772,1
2021-02-03,15:28:29.318000,15771,15772,15772,1
2021-02-03,15:28:29.318000,15771,15772,15772,1
2021-02-03,15:28:29.318000,15771,15772,15772,4
2021-02-03,15:28:29.318000,15771,15772,15772,4
2021-02-03,15:28:51.200000,15772,15773,15772,1
2021-02-03,15:29:08.355000,15772,15773,15772,1
2021-02-03,15:29:15.933000,15772,15773,15772,1
2021-02-03,15:29:30.880000,15772,15773,15772,1
2021-02-03,15:29:47.577000,15772,15773,15773,1
2021-02-03,15:29:52.923000,15772,15773,15772,1
2021-02-03,15:29:57.174000,15772,15773,15772,1
2021-02-03,15:30:06.569000,15772,15773,15772,7
2021-02-03,15:30:07.014000,15771,15773,15773,1
2021-02-03,15:30:07.014000,15771,15773,15773,1
2021-02-03,15:30:07.031000,15771,15773,15773,1
2021-02-03,15:30:07.062000,15771,15773,15773,1
2021-02-03,15:30:10.023000,15771,15772,15772,1
2021-02-03,15:30:10.898000,15772,15773,15772,1
2021-02-03,15:30:12.239000,15771,15773,15772,1
2021-02-03,15:30:12.533000,15771,15773,15772,1
2021-02-03,15:30:12.562000,15772,15773,15772,1
2021-02-03,15:30:13.563000,15772,15773,15772,1
2021-02-03,15:30:16.301000,15772,15773,15772,1
2021-02-03,15:30:16.487000,15771,15773,15771,1
2021-02-03,15:30:16.955000,15771,15772,15772,2
2021-02-03,15:30:21.740000,15772,15773,15772,1
2021-02-03,15:30:24.016000,15771,15772,15771,7
2021-02-03,15:30:24.016000,15771,15772,15771,2
2021-02-03,15:30:30.993000,15770,15771,15770,1
2021-02-03,15:30:30.993000,15770,15771,15770,5
2021-02-03,15:30:33.112000,15769,15771,15771,2
2021-02-03,15:30:40.376000,15770,15771,15771,2
2021-02-03,15:30:50.734000,15770,15771,15771,2
2021-02-03,15:30:58.775000,15770,15771,15771,1
2021-02-03,15:31:04.006000,15771,15772,15772,5
2021-02-03,15:31:23.370000,15771,15773,15772,1
2021-02-03,15:31:54.859000,15771,15772,15772,1
2021-02-03,15:31:55.886000,15771,15772,15772,1
2021-02-03,15:31:56.595000,15771,15772,15772,1
2021-02-03,15:32:02.953000,15771,15772,15772,1
2021-02-03,15:32:18.099000,15772,15773,15773,4
2021-02-03,15:32:18.099000,15772,15773,15773,1
2021-02-03,15:32:18.100000,15772,15773,15773,6
2021-02-03,15:32:21.076000,15772,15774,15774,3
2021-02-03,15:32:27.865000,15773,15774,15774,1
2021-02-03,15:32:27.865000,15773,15774,15774,4
2021-02-03,15:32:27.865000,15773,15774,15774,1
2021-02-03,15:32:27.865000,15773,15774,15774,2
2021-02-03,15:32:39.565000,15773,15774,15774,1
2021-02-03,15:32:42.717000,15773,15774,15774,1
2021-02-03,15:32:48.193000,15773,15775,15775,2
2021-02-03,15:32:49.471000,15773,15775,15774,1
2021-02-03,15:32:49.611000,15773,15775,15773,3
2021-02-03,15:32:57.599000,15773,15775,15774,1
2021-02-03,15:33:05.864000,15774,15775,15774,1
2021-02-03,15:33:06.131000,15774,15775,15775,1
2021-02-03,15:33:12.668000,15774,15775,15775,1
2021-02-03,15:33:13.888000,15774,15775,15775,2
2021-02-03,15:33:13.889000,15774,15775,15775,12
2021-02-03,15:33:18.108000,15775,15776,15775,2
2021-02-03,15:33:18.715000,15775,15776,15776,1
2021-02-03,15:33:19.007000,15775,15776,15776,1
2021-02-03,15:33:19.643000,15775,15776,15776,4
2021-02-03,15:33:21.512000,15775,15776,15776,1
2021-02-03,15:33:23.925000,15775,15776,15776,3
2021-02-03,15:33:23.925000,15775,15776,15776,9
2021-02-03,15:33:23.925000,15775,15776,15776,1
2021-02-03,15:33:23.986000,15776,15777,15776,1
2021-02-03,15:33:24.152000,15775,15777,15777,1
2021-02-03,15:33:24.206000,15775,15777,15777,1
2021-02-03,15:33:24.342000,15775,15777,15777,1
2021-02-03,15:33:24.389000,15775,15777,15777,1
2021-02-03,15:33:24.439000,15775,15777,15777,1
2021-02-03,15:33:24.527000,15775,15777,15777,2
2021-02-03,15:33:24.528000,15775,15777,15777,1
2021-02-03,15:33:24.826000,15776,15777,15776,1
2021-02-03,15:33:25.010000,15776,15777,15776,1
2021-02-03,15:33:28.792000,15776,15777,15777,1
2021-02-03,15:33:31.572000,15776,15777,15777,1
2021-02-03,15:33:32.740000,15776,15777,15777,1
2021-02-03,15:33:34.835000,15776,15777,15777,1
2021-02-03,15:33:34.835000,15776,15777,15777,1
2021-02-03,15:33:37.253000,15776,15777,15777,1
2021-02-03,15:33:37.405000,15776,15778,15778,1
2021-02-03,15:33:38.273000,15776,15778,15777,1
2021-02-03,15:33:42.388000,15776,15778,15778,1
2021-02-03,15:33:42.822000,15776,15778,15778,1
2021-02-03,15:33:44.489000,15776,15777,15777,1
2021-02-03,15:33:45.494000,15776,15777,15777,1
2021-02-03,15:33:47.091000,15777,15778,15777,1
2021-02-03,15:33:47.091000,15777,15778,15777,3
2021-02-03,15:33:47.092000,15777,15778,15777,8
2021-02-03,15:33:47.183000,15777,15778,15778,1
2021-02-03,15:33:51.645000,15776,15778,15778,1
2021-02-03,15:33:58.174000,15776,15777,15777,1
2021-02-03,15:34:24.856000,15776,15778,15776,2
2021-02-03,15:34:24.856000,15776,15778,15776,10
2021-02-03,15:34:24.857000,15776,15778,15776,2
2021-02-03,15:34:24.857000,15776,15778,15776,1
2021-02-03,15:34:24.857000,15776,15778,15776,1
2021-02-03,15:34:25.029000,15775,15776,15775,9
2021-02-03,15:34:25.979000,15774,15775,15775,1
2021-02-03,15:34:32.408000,15774,15775,15775,1
2021-02-03,15:34:32.737000,15774,15775,15775,1
2021-02-03,15:34:37.601000,15774,15776,15776,2
2021-02-03,15:34:41.393000,15775,15776,15775,1
2021-02-03,15:35:08.771000,15774,15776,15775,1
2021-02-03,15:35:25.650000,15774,15775,15775,1
2021-02-03,15:35:32.550000,15774,15775,15775,1
2021-02-03,15:35:32.550000,15774,15775,15775,1
2021-02-03,15:35:40.443000,15774,15775,15775,1
2021-02-03,15:35:42.247000,15774,15775,15775,1
2021-02-03,15:35:54.725000,15774,15776,15775,1
2021-02-03,15:36:24.631000,15774,15775,15775,1
2021-02-03,15:36:25.435000,15774,15775,15774,2
2021-02-03,15:36:30.425000,15774,15775,15774,2
2021-02-03,15:36:33.215000,15773,15775,15773,1
2021-02-03,15:36:35.868000,15773,15774,15773,5
2021-02-03,15:36:45.250000,15772,15773,15773,1
2021-02-03,15:36:48.053000,15772,15773,15772,1
2021-02-03,15:36:48.053000,15772,15773,15772,2
2021-02-03,15:36:48.053000,15772,15773,15772,1
2021-02-03,15:36:55.758000,15771,15772,15772,3
2021-02-03,15:36:59.613000,15771,15773,15773,1
2021-02-03,15:37:01.585000,15771,15773,15773,1
2021-02-03,15:37:16.733000,15771,15772,15771,2
2021-02-03,15:37:20.147000,15771,15772,15772,1
2021-02-03,15:37:20.203000,15771,15772,15771,1
2021-02-03,15:37:20.244000,15771,15772,15772,1
2021-02-03,15:37:25.763000,15771,15772,15771,6
2021-02-03,15:37:27.115000,15770,15772,15772,1
2021-02-03,15:37:33.736000,15771,15772,15772,2
2021-02-03,15:37:38.379000,15771,15772,15772,3
2021-02-03,15:37:40.476000,15771,15773,15773,1
2021-02-03,15:37:42.046000,15771,15773,15773,1
2021-02-03,15:37:42.362000,15772,15773,15773,1
2021-02-03,15:37:44.128000,15772,15773,15773,1
2021-02-03,15:37:45.638000,15772,15773,15773,1
2021-02-03,15:37:57.240000,15772,15774,15774,1
2021-02-03,15:38:02.686000,15773,15774,15774,1
2021-02-03,15:38:11.583000,15773,15774,15773,1
2021-02-03,15:38:13.307000,15773,15774,15774,2
2021-02-03,15:38:15.759000,15773,15774,15773,1
2021-02-03,15:38:36.375000,15772,15773,15772,9
2021-02-03,15:38:44.630000,15771,15772,15772,1
2021-02-03,15:38:44.630000,15771,15772,15772,1
2021-02-03,15:38:44.630000,15771,15772,15772,2
2021-02-03,15:38:44.630000,15771,15772,15772,1
2021-02-03,15:38:45.295000,15772,15773,15773,2
2021-02-03,15:39:01.016000,15772,15773,15773,1
2021-02-03,15:39:01.061000,15772,15773,15773,1
2021-02-03,15:39:13.676000,15772,15773,15773,1
2021-02-03,15:39:24.409000,15772,15773,15773,1
2021-02-03,15:39:50.002000,15772,15773,15772,3
2021-02-03,15:40:09.875000,15771,15772,15771,6
2021-02-03,15:40:09.875000,15771,15772,15771,2
2021-02-03,15:40:16.498000,15770,15771,15770,2
2021-02-03,15:40:16.654000,15770,15771,15770,1
2021-02-03,15:40:18.413000,15770,15771,15770,3
2021-02-03,15:40:22.540000,15770,15771,15770,1
2021-02-03,15:40:25.501000,15770,15771,15770,13
2021-02-03,15:40:25.621000,15769,15770,15769,1
2021-02-03,15:40:25.621000,15769,15770,15769,1
2021-02-03,15:40:25.621000,15769,15770,15769,1
2021-02-03,15:40:26.611000,15769,15770,15769,1
2021-02-03,15:40:26.658000,15769,15770,15770,1
2021-02-03,15:40:29.152000,15768,15770,15768,2
2021-02-03,15:40:31.138000,15768,15770,15768,1
2021-02-03,15:40:32.319000,15768,15770,15768,1
2021-02-03,15:40:38.452000,15768,15770,15769,1
2021-02-03,15:40:46.682000,15769,15770,15769,1
2021-02-03,15:40:46.682000,15769,15770,15769,1
2021-02-03,15:41:02.501000,15768,15769,15769,3
2021-02-03,15:41:03.697000,15769,15770,15769,1
2021-02-03,15:41:30.801000,15769,15770,15769,1
2021-02-03,15:41:38.834000,15769,15770,15770,7
2021-02-03,15:41:54.063000,15770,15771,15771,1
2021-02-03,15:42:51.873000,15770,15771,15770,1
2021-02-03,15:42:52.277000,15770,15771,15770,1
2021-02-03,15:42:55.857000,15770,15771,15770,1
2021-02-03,15:42:59.144000,15769,15771,15769,1
2021-02-03,15:43:08.331000,15769,15770,15769,1
2021-02-03,15:43:16.258000,15769,15770,15769,1
2021-02-03,15:43:25.311000,15769,15770,15770,1
2021-02-03,15:43:41.275000,15770,15771,15770,2
2021-02-03,15:44:38.145000,15769,15770,15770,1
2021-02-03,15:44:45.658000,15769,15770,15770,1
2021-02-03,15:44:45.658000,15769,15770,15770,2
2021-02-03,15:44:45.659000,15769,15770,15770,2
2021-02-03,15:44:55.104000,15770,15771,15770,2
2021-02-03,15:44:55.105000,15770,15771,15770,1
2021-02-03,15:45:17.950000,15770,15771,15770,1
2021-02-03,15:45:19.942000,15770,15771,15770,1
2021-02-03,15:45:27.811000,15769,15770,15770,1
2021-02-03,15:45:33.205000,15770,15771,15770,3
2021-02-03,15:45:33.205000,15770,15771,15770,1
2021-02-03,15:45:33.205000,15770,15771,15770,1
2021-02-03,15:45:39.896000,15770,15771,15770,1
2021-02-03,15:45:45.098000,15769,15770,15770,1
2021-02-03,15:45:45.098000,15769,15770,15771,1
2021-02-03,15:45:46.746000,15769,15771,15770,1
2021-02-03,15:46:18.932000,15770,15771,15770,1
2021-02-03,15:47:05.936000,15770,15771,15771,1
2021-02-03,15:47:15.987000,15770,15771,15771,1
2021-02-03,15:47:29.901000,15771,15772,15772,6
2021-02-03,15:47:32.312000,15772,15773,15773,3
2021-02-03,15:48:03.236000,15773,15774,15774,1
2021-02-03,15:48:06.334000,15774,15775,15774,1
2021-02-03,15:48:08.499000,15774,15775,15774,5
2021-02-03,15:48:12.532000,15773,15774,15774,1
2021-02-03,15:48:14.238000,15773,15774,15773,1
2021-02-03,15:48:14.238000,15773,15774,15773,3
2021-02-03,15:48:14.239000,15773,15774,15773,4
2021-02-03,15:48:16.760000,15772,15773,15772,3
2021-02-03,15:48:20.145000,15771,15773,15773,2
2021-02-03,15:48:28.179000,15772,15773,15773,1
2021-02-03,15:48:30.276000,15772,15773,15772,4
2021-02-03,15:48:31.955000,15772,15773,15773,1
2021-02-03,15:48:41.723000,15773,15774,15773,2
2021-02-03,15:48:41.851000,15772,15773,15773,1
2021-02-03,15:49:04.148000,15772,15773,15772,1
2021-02-03,15:50:01.187000,15772,15773,15773,2
2021-02-03,15:50:01.187000,15772,15773,15773,4
2021-02-03,15:50:23.908000,15773,15774,15773,2
2021-02-03,15:50:45.467000,15772,15773,15773,2
2021-02-03,15:50:45.467000,15772,15773,15773,2
2021-02-03,15:51:24.165000,15773,15774,15774,1
2021-02-03,15:51:24.165000,15773,15774,15774,3
2021-02-03,15:51:31.057000,15773,15775,15775,1
2021-02-03,15:51:54.032000,15774,15775,15775,1
2021-02-03,15:51:54.033000,15774,15775,15775,2
2021-02-03,15:51:54.033000,15774,15775,15775,2
2021-02-03,15:51:54.033000,15774,15775,15775,2
2021-02-03,15:51:54.033000,15774,15775,15775,1
2021-02-03,15:51:54.033000,15774,15775,15775,5
2021-02-03,15:51:54.437000,15775,15776,15776,13
2021-02-03,15:52:01.424000,15776,15777,15777,1
2021-02-03,15:52:01.719000,15776,15777,15777,1
2021-02-03,15:52:01.730000,15776,15777,15777,2
2021-02-03,15:52:01.730000,15776,15777,15777,2
2021-02-03,15:52:03.222000,15776,15777,15777,1
2021-02-03,15:52:03.222000,15776,15777,15777,4
2021-02-03,15:52:03.222000,15776,15777,15777,1
2021-02-03,15:52:03.222000,15776,15777,15777,1
2021-02-03,15:52:03.222000,15776,15777,15777,1
2021-02-03,15:52:03.222000,15776,15777,15777,1
2021-02-03,15:52:03.222000,15776,15777,15777,7
2021-02-03,15:52:10.025000,15777,15778,15778,2
2021-02-03,15:52:16.699000,15777,15778,15777,1
2021-02-03,15:52:19.992000,15777,15778,15777,3
2021-02-03,15:52:20.062000,15777,15778,15778,1
2021-02-03,15:52:20.064000,15777,15778,15778,1
2021-02-03,15:52:20.064000,15777,15778,15778,1
2021-02-03,15:52:20.064000,15777,15778,15778,1
2021-02-03,15:52:20.066000,15777,15778,15778,1
2021-02-03,15:52:20.066000,15777,15778,15778,1
2021-02-03,15:52:20.067000,15777,15778,15778,1
2021-02-03,15:52:20.067000,15777,15778,15778,1
2021-02-03,15:52:21.027000,15777,15778,15777,2
2021-02-03,15:52:24.289000,15776,15778,15778,2
2021-02-03,15:52:24.342000,15776,15778,15778,10
2021-02-03,15:52:29.331000,15778,15779,15779,1
2021-02-03,15:52:29.332000,15778,15779,15779,1
2021-02-03,15:52:29.332000,15778,15779,15779,2
2021-02-03,15:52:29.332000,15778,15779,15779,2
2021-02-03,15:52:30.474000,15779,15780,15780,8
2021-02-03,15:52:30.475000,15779,15780,15780,2
2021-02-03,15:52:30.475000,15779,15780,15780,12
2021-02-03,15:52:30.564000,15780,15781,15781,1
2021-02-03,15:52:30.682000,15780,15781,15780,1
2021-02-03,15:52:31.229000,15780,15781,15781,1
2021-02-03,15:52:31.230000,15780,15781,15781,2
2021-02-03,15:52:31.232000,15780,15781,15781,15
2021-02-03,15:52:31.232000,15780,15781,15781,1
2021-02-03,15:52:31.548000,15781,15782,15782,11
2021-02-03,15:52:31.575000,15782,15783,15783,1
2021-02-03,15:52:31.637000,15782,15783,15783,1
2021-02-03,15:52:31.637000,15782,15783,15783,1
2021-02-03,15:52:31.637000,15782,15783,15783,7
2021-02-03,15:52:31.720000,15783,15784,15784,3
2021-02-03,15:52:31.753000,15783,15784,15784,1
2021-02-03,15:52:31.886000,15782,15784,15784,1
2021-02-03,15:52:32.157000,15782,15784,15784,1
2021-02-03,15:52:32.340000,15782,15784,15784,1
2021-02-03,15:52:32.473000,15782,15784,15784,1
2021-02-03,15:52:32.506000,15782,15784,15784,1
2021-02-03,15:52:32.562000,15782,15784,15782,1
2021-02-03,15:52:32.637000,15782,15784,15782,1
2021-02-03,15:52:33.285000,15781,15783,15783,1
2021-02-03,15:52:33.326000,15781,15784,15784,1
2021-02-03,15:52:33.412000,15781,15784,15784,1
2021-02-03,15:52:33.455000,15782,15784,15784,1
2021-02-03,15:52:35.531000,15782,15783,15783,1
2021-02-03,15:52:35.798000,15782,15783,15782,1
2021-02-03,15:52:36.843000,15782,15783,15783,1
2021-02-03,15:52:36.844000,15782,15783,15783,2
2021-02-03,15:52:37.009000,15782,15784,15784,2
2021-02-03,15:52:40.664000,15783,15784,15783,1
2021-02-03,15:52:41.017000,15782,15784,15784,1
2021-02-03,15:52:42.358000,15783,15785,15785,1
2021-02-03,15:52:45.268000,15783,15784,15784,3
2021-02-03,15:52:46.573000,15783,15785,15783,5
2021-02-03,15:52:49.090000,15782,15784,15784,2
2021-02-03,15:52:49.187000,15782,15784,15784,1
2021-02-03,15:52:51.632000,15782,15784,15783,5
2021-02-03,15:52:52.826000,15782,15784,15782,1
2021-02-03,15:52:54.892000,15783,15784,15783,1
2021-02-03,15:53:04.040000,15782,15783,15782,2
2021-02-03,15:53:04.040000,15782,15783,15781,2
2021-02-03,15:53:04.256000,15781,15782,15782,1
2021-02-03,15:53:04.357000,15782,15783,15783,1
2021-02-03,15:53:04.558000,15782,15784,15784,2
2021-02-03,15:53:05.475000,15782,15783,15783,2
2021-02-03,15:53:05.962000,15782,15783,15783,1
2021-02-03,15:53:09.698000,15782,15783,15783,1
2021-02-03,15:53:12.242000,15782,15783,15783,1
2021-02-03,15:53:12.313000,15782,15783,15783,1
2021-02-03,15:53:12.313000,15782,15783,15783,1
2021-02-03,15:53:13.339000,15782,15783,15782,7
2021-02-03,15:53:13.754000,15781,15782,15781,1
2021-02-03,15:53:14.976000,15780,15782,15782,1
2021-02-03,15:53:22.456000,15782,15783,15783,4
2021-02-03,15:53:22.456000,15782,15783,15784,2
2021-02-03,15:53:25.344000,15782,15784,15784,1
2021-02-03,15:53:25.438000,15782,15784,15784,1
2021-02-03,15:53:25.439000,15782,15784,15784,1
2021-02-03,15:53:25.439000,15782,15784,15784,1
2021-02-03,15:53:25.439000,15782,15784,15784,1
2021-02-03,15:53:25.440000,15782,15784,15784,1
2021-02-03,15:53:27.578000,15783,15784,15784,1
2021-02-03,15:53:28.580000,15783,15784,15784,1
2021-02-03,15:53:28.687000,15783,15784,15784,1
2021-02-03,15:53:28.689000,15783,15784,15784,1
2021-02-03,15:53:29.002000,15783,15784,15784,1
2021-02-03,15:53:32.766000,15783,15784,15784,1
2021-02-03,15:53:33.358000,15783,15784,15783,3
2021-02-03,15:53:33.994000,15782,15784,15784,2
2021-02-03,15:53:38.495000,15782,15783,15783,1
2021-02-03,15:53:40.591000,15782,15783,15782,1
2021-02-03,15:53:43.235000,15782,15783,15782,1
2021-02-03,15:53:46.474000,15782,15783,15782,1
2021-02-03,15:53:48.382000,15782,15783,15783,1
2021-02-03,15:53:50.211000,15782,15783,15783,1
2021-02-03,15:53:50.453000,15782,15784,15784,2
2021-02-03,15:53:50.712000,15782,15784,15784,1
2021-02-03,15:53:50.931000,15782,15783,15783,1
2021-02-03,15:53:52.276000,15782,15783,15783,2
2021-02-03,15:53:54.299000,15782,15783,15783,1
2021-02-03,15:54:04.555000,15782,15783,15782,1
2021-02-03,15:54:07.762000,15782,15783,15783,1
2021-02-03,15:54:10.686000,15782,15783,15783,1
2021-02-03,15:54:10.813000,15783,15784,15784,1
2021-02-03,15:54:10.813000,15783,15784,15784,1
2021-02-03,15:54:11.826000,15783,15784,15784,1
2021-02-03,15:54:12.074000,15783,15784,15784,1
2021-02-03,15:54:13.129000,15783,15784,15783,1
2021-02-03,15:54:15.842000,15783,15784,15784,1
2021-02-03,15:54:22.623000,15783,15784,15784,2
2021-02-03,15:54:33.217000,15783,15784,15784,4
2021-02-03,15:54:39.278000,15783,15784,15784,2
2021-02-03,15:54:40.232000,15784,15785,15784,2
2021-02-03,15:54:43.171000,15783,15785,15784,1
2021-02-03,15:54:43.497000,15783,15785,15784,1
2021-02-03,15:54:44.756000,15784,15785,15785,1
2021-02-03,15:54:44.756000,15784,15785,15785,5
2021-02-03,15:54:44.757000,15784,15785,15785,11
2021-02-03,15:54:44.975000,15785,15786,15785,1
2021-02-03,15:54:45.589000,15784,15786,15786,2
2021-02-03,15:54:46.854000,15785,15786,15786,1
2021-02-03,15:54:47.250000,15785,15786,15786,3
2021-02-03,15:54:48.844000,15785,15786,15786,3
2021-02-03,15:54:48.844000,15785,15786,15786,1
2021-02-03,15:54:48.844000,15785,15786,15786,1
2021-02-03,15:54:48.844000,15785,15786,15786,3
2021-02-03,15:54:48.969000,15785,15787,15785,1
2021-02-03,15:54:50.036000,15785,15787,15787,1
2021-02-03,15:54:50.241000,15785,15787,15787,1
2021-02-03,15:54:50.941000,15785,15787,15787,2
2021-02-03,15:54:51.006000,15785,15787,15787,1
2021-02-03,15:54:54.123000,15786,15787,15787,2
2021-02-03,15:54:54.124000,15786,15787,15787,1
2021-02-03,15:54:55.891000,15787,15788,15788,14
2021-02-03,15:54:55.891000,15787,15788,15788,2
2021-02-03,15:54:55.891000,15787,15788,15788,2
2021-02-03,15:54:55.891000,15787,15788,15788,1
2021-02-03,15:54:55.947000,15787,15789,15789,3
2021-02-03,15:54:56.060000,15787,15789,15788,1
2021-02-03,15:54:56.083000,15787,15789,15789,6
2021-02-03,15:54:56.085000,15787,15789,15789,14
2021-02-03,15:54:56.085000,15787,15789,15789,1
2021-02-03,15:54:56.092000,15787,15789,15790,1
2021-02-03,15:54:56.224000,15787,15790,15790,1
2021-02-03,15:54:56.240000,15787,15790,15790,1
2021-02-03,15:54:57.339000,15787,15789,15787,1
2021-02-03,15:55:00.761000,15787,15788,15788,1
2021-02-03,15:55:02.466000,15787,15789,15787,1
2021-02-03,15:55:06.853000,15787,15788,15788,1
2021-02-03,15:55:07.419000,15787,15788,15788,1
2021-02-03,15:55:09.023000,15788,15789,15789,3
2021-02-03,15:55:09.653000,15788,15789,15788,1
2021-02-03,15:55:11.883000,15788,15789,15789,5
2021-02-03,15:55:11.883000,15788,15789,15790,10
2021-02-03,15:55:13.288000,15788,15790,15790,1
2021-02-03,15:55:14.214000,15789,15790,15790,2
2021-02-03,15:55:15.312000,15789,15790,15790,2
2021-02-03,15:55:16.307000,15789,15790,15790,1
2021-02-03,15:55:19.998000,15789,15790,15790,1
2021-02-03,15:55:22.924000,15789,15790,15790,2
2021-02-03,15:55:22.924000,15789,15790,15790,1
2021-02-03,15:55:22.924000,15789,15790,15790,4
2021-02-03,15:55:23.584000,15789,15791,15790,1
2021-02-03,15:55:25.061000,15789,15791,15789,1
2021-02-03,15:55:26.964000,15790,15791,15790,1
2021-02-03,15:55:28.587000,15789,15790,15789,8
2021-02-03,15:55:29.003000,15788,15789,15789,2
2021-02-03,15:55:29.003000,15788,15789,15789,1
2021-02-03,15:55:29.029000,15788,15789,15790,3
2021-02-03,15:55:30.237000,15788,15790,15789,2
2021-02-03,15:55:30.967000,15788,15790,15790,1
2021-02-03,15:55:31.357000,15788,15790,15790,2
2021-02-03,15:55:33.175000,15788,15790,15790,3
2021-02-03,15:55:34.862000,15788,15789,15789,2
2021-02-03,15:55:34.862000,15788,15789,15789,1
2021-02-03,15:55:36.066000,15788,15790,15789,1
2021-02-03,15:55:36.711000,15788,15790,15788,1
2021-02-03,15:55:37.779000,15788,15789,15788,1
2021-02-03,15:55:38.938000,15788,15789,15788,1
2021-02-03,15:55:39.263000,15787,15789,15788,1
2021-02-03,15:55:41.841000,15787,15788,15787,1
2021-02-03,15:55:41.927000,15787,15788,15788,3
2021-02-03,15:55:41.927000,15787,15788,15789,2
2021-02-03,15:55:43.769000,15787,15789,15788,1
2021-02-03,15:55:45.432000,15787,15788,15788,1
2021-02-03,15:55:48.631000,15789,15790,15790,2
2021-02-03,15:55:48.631000,15789,15790,15791,4
2021-02-03,15:55:48.723000,15789,15791,15791,1
2021-02-03,15:55:48.723000,15789,15791,15791,1
2021-02-03,15:55:48.723000,15789,15791,15791,1
2021-02-03,15:55:48.878000,15790,15792,15792,3
2021-02-03,15:55:49.089000,15790,15792,15790,1
2021-02-03,15:55:49.376000,15789,15792,15792,1
2021-02-03,15:55:50.115000,15790,15792,15792,1
2021-02-03,15:55:50.133000,15790,15792,15792,1
2021-02-03,15:55:50.267000,15790,15792,15792,1
2021-02-03,15:55:50.326000,15790,15792,15792,1
2021-02-03,15:55:50.463000,15790,15792,15792,2
2021-02-03,15:55:50.465000,15790,15792,15792,4
2021-02-03,15:55:54.631000,15792,15793,15793,4
2021-02-03,15:55:54.631000,15792,15793,15793,5
2021-02-03,15:55:55.839000,15793,15794,15793,6
2021-02-03,15:55:56.868000,15792,15794,15792,2
2021-02-03,15:55:57.262000,15792,15794,15794,2
2021-02-03,15:55:57.961000,15792,15793,15793,1
2021-02-03,15:55:58.255000,15792,15794,15794,6
2021-02-03,15:55:58.758000,15793,15794,15794,1
2021-02-03,15:56:00.418000,15793,15794,15794,2
2021-02-03,15:56:00.440000,15794,15795,15795,1
2021-02-03,15:56:00.440000,15794,15795,15795,1
2021-02-03,15:56:00.440000,15794,15795,15795,1
2021-02-03,15:56:00.559000,15794,15795,15795,2
2021-02-03,15:56:01.110000,15794,15795,15795,1
2021-02-03,15:56:01.187000,15794,15795,15795,2
2021-02-03,15:56:01.188000,15794,15795,15795,1
2021-02-03,15:56:01.189000,15794,15795,15795,1
2021-02-03,15:56:01.756000,15794,15795,15795,1
2021-02-03,15:56:02.032000,15794,15795,15794,4
2021-02-03,15:56:02.196000,15793,15795,15795,1
2021-02-03,15:56:03.690000,15793,15794,15794,1
2021-02-03,15:56:03.690000,15793,15794,15795,5
2021-02-03,15:56:03.894000,15793,15795,15795,2
2021-02-03,15:56:04.787000,15793,15795,15795,2
2021-02-03,15:56:05.008000,15793,15795,15795,1
2021-02-03,15:56:05.940000,15794,15795,15795,1
2021-02-03,15:56:06.109000,15793,15795,15795,1
2021-02-03,15:56:06.895000,15793,15795,15795,1
2021-02-03,15:56:08.380000,15794,15795,15795,2
2021-02-03,15:56:08.382000,15794,15795,15795,3
2021-02-03,15:56:08.437000,15794,15796,15796,2
2021-02-03,15:56:08.438000,15794,15796,15796,1
2021-02-03,15:56:08.438000,15794,15796,15796,1
2021-02-03,15:56:08.438000,15794,15796,15796,1
2021-02-03,15:56:08.438000,15794,15796,15796,1
2021-02-03,15:56:08.440000,15794,15796,15796,1
2021-02-03,15:56:08.440000,15794,15796,15796,1
2021-02-03,15:56:08.441000,15794,15796,15796,1
2021-02-03,15:56:08.441000,15794,15796,15796,1
2021-02-03,15:56:08.441000,15794,15796,15796,1
2021-02-03,15:56:08.441000,15794,15796,15796,1
2021-02-03,15:56:08.442000,15794,15796,15796,1
2021-02-03,15:56:08.443000,15794,15796,15796,1
2021-02-03,15:56:08.443000,15794,15796,15796,1
2021-02-03,15:56:08.594000,15795,15796,15795,1
2021-02-03,15:56:09.054000,15794,15796,15794,1
2021-02-03,15:56:09.054000,15794,15796,15794,1
2021-02-03,15:56:09.055000,15794,15796,15794,1
2021-02-03,15:56:09.055000,15794,15796,15794,5
2021-02-03,15:56:09.055000,15794,15796,15794,2
2021-02-03,15:56:09.592000,15793,15795,15795,3
2021-02-03,15:56:09.593000,15793,15795,15795,3
2021-02-03,15:56:11.193000,15793,15795,15795,1
2021-02-03,15:56:12.130000,15793,15795,15793,1
2021-02-03,15:56:12.130000,15793,15795,15793,2
2021-02-03,15:56:12.130000,15793,15795,15793,2
2021-02-03,15:56:12.131000,15793,15795,15793,2
2021-02-03,15:56:12.132000,15793,15795,15794,4
2021-02-03,15:56:12.680000,15792,15794,15794,1
2021-02-03,15:56:14.699000,15792,15794,15792,5
2021-02-03,15:56:14.865000,15791,15793,15793,1
2021-02-03,15:56:15.027000,15792,15793,15794,1
2021-02-03,15:56:15.742000,15793,15794,15794,1
2021-02-03,15:56:15.972000,15793,15795,15795,1
2021-02-03,15:56:17.699000,15793,15794,15794,1
2021-02-03,15:56:17.777000,15793,15794,15793,1
2021-02-03,15:56:20.251000,15793,15794,15794,1
2021-02-03,15:56:20.313000,15793,15794,15794,2
2021-02-03,15:56:20.313000,15793,15794,15794,1
2021-02-03,15:56:20.313000,15793,15794,15795,1
2021-02-03,15:56:20.313000,15793,15794,15795,1
2021-02-03,15:56:20.313000,15793,15794,15795,1
2021-02-03,15:56:20.313000,15793,15794,15795,1
2021-02-03,15:56:20.313000,15793,15794,15795,1
2021-02-03,15:56:20.314000,15793,15794,15795,1
2021-02-03,15:56:20.314000,15793,15794,15795,1
2021-02-03,15:56:20.314000,15793,15794,15796,1
2021-02-03,15:56:20.435000,15793,15794,15795,6
2021-02-03,15:56:22.417000,15794,15795,15795,1
2021-02-03,15:56:22.991000,15794,15796,15796,3
2021-02-03,15:56:22.991000,15794,15796,15797,1
2021-02-03,15:56:24.047000,15795,15797,15795,1
2021-02-03,15:56:24.947000,15795,15796,15796,2
2021-02-03,15:56:25.455000,15795,15797,15795,6
2021-02-03,15:56:25.558000,15795,15797,15797,1
2021-02-03,15:56:26.069000,15795,15797,15795,1
2021-02-03,15:56:29.003000,15795,15797,15797,1
2021-02-03,15:56:29.062000,15795,15797,15797,2
2021-02-03,15:56:29.063000,15795,15797,15797,1
2021-02-03,15:56:29.063000,15795,15797,15797,1
2021-02-03,15:56:29.063000,15795,15797,15797,1
2021-02-03,15:56:29.064000,15795,15797,15797,1
2021-02-03,15:56:29.064000,15795,15797,15797,1
2021-02-03,15:56:29.065000,15795,15797,15798,1
2021-02-03,15:56:29.066000,15795,15797,15798,1
2021-02-03,15:56:30.183000,15796,15798,15798,2
2021-02-03,15:56:32.937000,15796,15797,15796,1
2021-02-03,15:56:33.629000,15795,15797,15796,1
2021-02-03,15:56:34.967000,15795,15797,15797,1
2021-02-03,15:56:35.593000,15796,15797,15797,1
2021-02-03,15:56:36.817000,15796,15797,15796,1
2021-02-03,15:56:37.075000,15796,15797,15797,4
2021-02-03,15:56:37.187000,15797,15798,15798,1
2021-02-03,15:56:37.188000,15797,15798,15798,1
2021-02-03,15:56:37.189000,15797,15798,15798,1
2021-02-03,15:56:37.939000,15797,15798,15797,1
2021-02-03,15:56:40.409000,15797,15798,15798,3
2021-02-03,15:56:40.410000,15797,15798,15798,2
2021-02-03,15:56:40.410000,15797,15798,15798,2
2021-02-03,15:56:40.410000,15797,15798,15798,1
2021-02-03,15:56:40.410000,15797,15798,15798,2
2021-02-03,15:56:45.149000,15797,15799,15798,1
2021-02-03,15:56:45.561000,15798,15799,15798,1
2021-02-03,15:56:45.650000,15798,15799,15798,1
2021-02-03,15:56:46.827000,15797,15799,15799,1
2021-02-03,15:56:46.992000,15797,15799,15799,9
2021-02-03,15:56:48.165000,15798,15799,15798,1
2021-02-03,15:56:48.186000,15798,15799,15798,1
2021-02-03,15:56:48.188000,15798,15799,15799,1
2021-02-03,15:56:48.188000,15798,15799,15799,1
2021-02-03,15:56:51.260000,15798,15799,15799,1
2021-02-03,15:56:51.289000,15798,15799,15799,1
2021-02-03,15:56:51.541000,15798,15799,15799,1
2021-02-03,15:56:52.568000,15798,15799,15798,1
2021-02-03,15:56:54.380000,15797,15798,15798,2
2021-02-03,15:56:58.434000,15797,15799,15798,1
2021-02-03,15:56:59.942000,15797,15799,15797,20
2021-02-03,15:56:59.943000,15797,15799,15796,1
2021-02-03,15:56:59.943000,15797,15799,15796,1
2021-02-03,15:56:59.944000,15797,15799,15795,1
2021-02-03,15:56:59.944000,15797,15799,15795,1
2021-02-03,15:56:59.944000,15797,15799,15795,1
2021-02-03,15:56:59.944000,15797,15799,15795,1
2021-02-03,15:56:59.945000,15797,15799,15795,1
2021-02-03,15:56:59.945000,15797,15799,15795,1
2021-02-03,15:56:59.945000,15797,15799,15795,1
2021-02-03,15:57:00.062000,15795,15796,15795,1
2021-02-03,15:57:00.543000,15795,15796,15796,2
2021-02-03,15:57:00.785000,15795,15797,15797,2
2021-02-03,15:57:01.044000,15795,15798,15798,4
2021-02-03,15:57:01.066000,15796,15798,15798,2
2021-02-03,15:57:01.066000,15796,15798,15799,2
2021-02-03,15:57:01.266000,15797,15799,15799,5
2021-02-03,15:57:01.266000,15797,15799,15800,2
2021-02-03,15:57:01.351000,15798,15800,15800,1
2021-02-03,15:57:01.388000,15798,15800,15800,2
2021-02-03,15:57:01.429000,15798,15800,15800,2
2021-02-03,15:57:04.786000,15798,15800,15799,3
2021-02-03,15:57:05.557000,15798,15800,15798,1
2021-02-03,15:57:11.052000,15798,15799,15798,2
2021-02-03,15:57:11.297000,15797,15799,15799,2
2021-02-03,15:57:15.255000,15798,15800,15800,1
2021-02-03,15:57:16.913000,15798,15800,15798,4
2021-02-03,15:57:18.212000,15798,15799,15798,6
2021-02-03,15:57:18.313000,15797,15799,15799,1
2021-02-03,15:57:18.313000,15797,15799,15799,1
2021-02-03,15:57:20.532000,15797,15799,15798,1
2021-02-03,15:57:23.457000,15797,15799,15798,1
2021-02-03,15:57:23.929000,15797,15800,15800,5
2021-02-03,15:57:27.065000,15797,15799,15799,1
2021-02-03,15:57:27.617000,15797,15799,15799,3
2021-02-03,15:57:27.617000,15797,15799,15800,2
2021-02-03,15:57:28.383000,15797,15800,15797,5
2021-02-03,15:57:29.340000,15797,15799,15797,1
2021-02-03,15:57:29.351000,15797,15799,15798,4
2021-02-03,15:57:29.724000,15796,15799,15799,1
2021-02-03,15:57:33.701000,15798,15799,15797,5
2021-02-03,15:57:38.910000,15797,15799,15798,1
2021-02-03,15:57:43.430000,15797,15799,15797,1
2021-02-03,15:57:43.438000,15797,15799,15799,1
2021-02-03,15:57:47.032000,15797,15799,15797,2
2021-02-03,15:57:47.729000,15797,15799,15797,4
2021-02-03,15:57:48.698000,15797,15798,15797,2
2021-02-03,15:57:49.924000,15796,15798,15798,1
2021-02-03,15:57:53.166000,15797,15799,15797,1
2021-02-03,15:57:55.334000,15797,15798,15797,1
2021-02-03,15:57:55.633000,15796,15798,15796,1
2021-02-03,15:57:55.741000,15796,15798,15796,3
2021-02-03,15:57:55.741000,15796,15798,15795,1
2021-02-03,15:57:55.975000,15795,15797,15797,2
2021-02-03,15:57:56.514000,15796,15798,15797,1
2021-02-03,15:57:56.574000,15796,15798,15796,1
2021-02-03,15:58:01.872000,15796,15797,15796,1
2021-02-03,15:58:03.426000,15795,15796,15795,1
2021-02-03,15:58:06.193000,15795,15796,15795,1
2021-02-03,15:58:09.374000,15795,15796,15795,2
2021-02-03,15:58:12.274000,15795,15796,15795,1
2021-02-03,15:58:13.843000,15795,15796,15796,3
2021-02-03,15:58:13.843000,15795,15796,15797,4
2021-02-03,15:58:15.758000,15796,15797,15796,1
2021-02-03,15:58:20.033000,15796,15797,15797,4
2021-02-03,15:58:23.625000,15796,15798,15796,1
2021-02-03,15:58:23.625000,15796,15798,15795,3
2021-02-03,15:58:24.277000,15796,15797,15797,1
2021-02-03,15:58:28.507000,15796,15798,15796,1
2021-02-03,15:58:30.505000,15796,15798,15798,2
2021-02-03,15:58:30.563000,15796,15798,15798,1
2021-02-03,15:58:31.104000,15797,15798,15797,1
2021-02-03,15:58:35.953000,15797,15798,15797,1
2021-02-03,15:58:38.831000,15797,15798,15797,1
2021-02-03,15:58:40.263000,15796,15798,15798,1
2021-02-03,15:58:41.919000,15797,15799,15798,1
2021-02-03,15:58:42.019000,15798,15799,15799,2
2021-02-03,15:58:42.283000,15798,15799,15799,1
2021-02-03,15:58:42.283000,15798,15799,15799,4
2021-02-03,15:58:42.283000,15798,15799,15799,1
2021-02-03,15:58:42.856000,15799,15800,15799,1
2021-02-03,15:58:43.612000,15798,15800,15800,7
2021-02-03,15:58:43.614000,15798,15800,15800,1
2021-02-03,15:58:45.106000,15799,15800,15800,1
2021-02-03,15:58:46.327000,15799,15800,15799,1
2021-02-03,15:58:49.145000,15799,15800,15799,1
2021-02-03,15:58:49.319000,15799,15800,15799,1
2021-02-03,15:58:52.632000,15798,15800,15800,1
2021-02-03,15:58:54.746000,15798,15799,15799,1
2021-02-03,15:58:57.034000,15799,15800,15800,8
2021-02-03,15:58:57.035000,15799,15800,15800,18
2021-02-03,15:58:57.035000,15799,15800,15800,2
2021-02-03,15:58:57.035000,15799,15800,15800,1
2021-02-03,15:58:57.035000,15799,15800,15800,2
2021-02-03,15:58:57.035000,15799,15800,15800,10
2021-02-03,15:58:57.035000,15799,15800,15800,4
2021-02-03,15:58:57.036000,15799,15800,15800,1
2021-02-03,15:58:57.045000,15799,15800,15801,10
2021-02-03,15:58:57.045000,15799,15800,15801,1
2021-02-03,15:58:57.046000,15799,15800,15801,1
2021-02-03,15:58:57.046000,15799,15800,15801,4
2021-02-03,15:58:57.046000,15799,15800,15801,2
2021-02-03,15:58:57.046000,15799,15800,15801,1
2021-02-03,15:58:57.046000,15799,15800,15801,1
2021-02-03,15:58:57.046000,15799,15800,15801,12
2021-02-03,15:58:57.057000,15799,15800,15801,2
2021-02-03,15:58:57.254000,15800,15802,15802,1
2021-02-03,15:58:57.307000,15800,15802,15802,4
2021-02-03,15:58:57.436000,15800,15802,15802,2
2021-02-03,15:58:57.436000,15800,15802,15802,2
2021-02-03,15:58:57.436000,15800,15802,15802,1
2021-02-03,15:58:57.767000,15801,15802,15801,1
2021-02-03,15:58:58.691000,15799,15800,15800,1
2021-02-03,15:59:01.058000,15799,15801,15801,1
2021-02-03,15:59:01.818000,15800,15801,15800,1
2021-02-03,15:59:03.942000,15800,15802,15802,1
2021-02-03,15:59:06.119000,15801,15802,15801,1
2021-02-03,15:59:06.949000,15800,15801,15800,1
2021-02-03,15:59:06.950000,15800,15801,15800,4
2021-02-03,15:59:07.309000,15799,15801,15801,1
2021-02-03,15:59:08.499000,15799,15801,15801,5
2021-02-03,15:59:08.946000,15799,15801,15801,1
2021-02-03,15:59:09.591000,15799,15801,15801,3
2021-02-03,15:59:09.591000,15799,15801,15802,2
2021-02-03,15:59:11.162000,15800,15801,15800,3
2021-02-03,15:59:11.162000,15800,15801,15800,1
2021-02-03,15:59:12.175000,15800,15801,15800,3
2021-02-03,15:59:12.795000,15799,15800,15800,1
2021-02-03,15:59:16.463000,15800,15801,15801,1
2021-02-03,15:59:18.492000,15800,15802,15800,1
2021-02-03,15:59:18.519000,15800,15802,15800,1
2021-02-03,15:59:21.437000,15800,15801,15800,1
2021-02-03,15:59:21.934000,15800,15801,15801,1
2021-02-03,15:59:22.521000,15800,15801,15800,1
2021-02-03,15:59:23.229000,15800,15801,15800,1
2021-02-03,15:59:25.669000,15799,15800,15800,2
2021-02-03,15:59:25.669000,15799,15800,15801,1
2021-02-03,15:59:26.399000,15799,15801,15799,1
2021-02-03,15:59:30.412000,15799,15800,15799,5
2021-02-03,15:59:33.528000,15799,15800,15799,2
2021-02-03,15:59:33.924000,15799,15800,15799,1
2021-02-03,15:59:35.205000,15799,15800,15800,1
2021-02-03,15:59:43.312000,15799,15800,15799,4
2021-02-03,15:59:52.716000,15798,15800,15799,1
2021-02-03,15:59:52.833000,15798,15799,15798,13
2021-02-03,15:59:53.007000,15797,15798,15797,2
2021-02-03,16:00:00.164000,15796,15797,15796,2
2021-02-03,16:00:00.190000,15795,15797,15797,2
2021-02-03,16:00:00.190000,15795,15797,15797,2
2021-02-03,16:00:00.191000,15795,15797,15797,1
2021-02-03,16:00:00.837000,15795,15797,15795,1
2021-02-03,16:00:00.991000,15795,15797,15797,1
2021-02-03,16:00:01.080000,15795,15797,15797,1
2021-02-03,16:00:01.187000,15796,15798,15798,2
2021-02-03,16:00:01.188000,15796,15798,15798,1
2021-02-03,16:00:01.189000,15796,15798,15798,1
2021-02-03,16:00:01.189000,15796,15798,15798,1
2021-02-03,16:00:01.189000,15796,15798,15798,1
2021-02-03,16:00:01.189000,15796,15798,15798,1
2021-02-03,16:00:01.189000,15796,15798,15799,1
2021-02-03,16:00:01.324000,15798,15799,15798,1
2021-02-03,16:00:01.324000,15798,15799,15797,2
2021-02-03,16:00:01.456000,15797,15799,15799,1
2021-02-03,16:00:01.641000,15797,15799,15799,1
2021-02-03,16:00:01.694000,15798,15800,15800,1
2021-02-03,16:00:01.765000,15798,15800,15798,2
2021-02-03,16:00:02.279000,15798,15800,15800,2
2021-02-03,16:00:02.311000,15799,15800,15800,1
2021-02-03,16:00:02.312000,15799,15800,15800,1
2021-02-03,16:00:05.729000,15800,15801,15801,2
2021-02-03,16:00:05.729000,15800,15801,15801,1
2021-02-03,16:00:05.729000,15800,15801,15801,3
2021-02-03,16:00:05.996000,15801,15802,15801,1
2021-02-03,16:00:08.432000,15801,15802,15801,1
2021-02-03,16:00:11.959000,15800,15802,15801,1
2021-02-03,16:00:12.049000,15800,15802,15801,1
2021-02-03,16:00:12.062000,15800,15802,15802,2
2021-02-03,16:00:12.063000,15800,15802,15802,1
2021-02-03,16:00:12.063000,15800,15802,15802,1
2021-02-03,16:00:12.063000,15800,15802,15802,1
2021-02-03,16:00:12.063000,15800,15802,15802,1
2021-02-03,16:00:12.064000,15800,15802,15802,1
2021-02-03,16:00:12.064000,15800,15802,15802,1
2021-02-03,16:00:12.064000,15800,15802,15802,1
2021-02-03,16:00:12.065000,15800,15802,15802,1
2021-02-03,16:00:12.065000,15800,15802,15802,1
2021-02-03,16:00:12.065000,15800,15802,15803,1
2021-02-03,16:00:12.303000,15801,15803,15803,17
2021-02-03,16:00:12.303000,15801,15803,15804,33
2021-02-03,16:00:12.303000,15801,15803,15805,10
2021-02-03,16:00:12.304000,15801,15803,15805,6
2021-02-03,16:00:12.305000,15801,15803,15803,1
2021-02-03,16:00:12.311000,15801,15803,15805,1
2021-02-03,16:00:12.320000,15801,15803,15805,4
2021-02-03,16:00:12.320000,15801,15803,15806,19
2021-02-03,16:00:12.320000,15801,15803,15807,7
2021-02-03,16:00:12.464000,15804,15806,15806,1
2021-02-03,16:00:12.514000,15804,15806,15807,1
2021-02-03,16:00:12.573000,15805,15807,15807,1
2021-02-03,16:00:12.815000,15805,15807,15805,2
2021-02-03,16:00:12.821000,15805,15807,15806,4
2021-02-03,16:00:12.889000,15805,15807,15807,1
2021-02-03,16:00:12.907000,15805,15807,15807,2
2021-02-03,16:00:12.917000,15805,15807,15807,2
2021-02-03,16:00:12.949000,15805,15807,15805,2
2021-02-03,16:00:13.469000,15805,15807,15807,1
2021-02-03,16:00:13.510000,15805,15807,15807,1
2021-02-03,16:00:13.729000,15805,15807,15807,1
2021-02-03,16:00:13.756000,15805,15807,15805,1
2021-02-03,16:00:13.758000,15805,15807,15805,1
2021-02-03,16:00:13.891000,15804,15807,15807,1
2021-02-03,16:00:13.997000,15805,15807,15807,1
2021-02-03,16:00:14.662000,15805,15807,15805,2
2021-02-03,16:00:14.681000,15805,15807,15805,1
2021-02-03,16:00:15.158000,15805,15807,15807,3
2021-02-03,16:00:15.445000,15805,15807,15807,1
2021-02-03,16:00:15.525000,15805,15807,15807,2
2021-02-03,16:00:15.525000,15805,15807,15808,4
2021-02-03,16:00:15.583000,15806,15808,15808,1
2021-02-03,16:00:19.015000,15806,15807,15806,2
2021-02-03,16:00:19.083000,15805,15807,15807,1
2021-02-03,16:00:19.811000,15806,15807,15806,1
2021-02-03,16:00:20.982000,15805,15807,15807,1
2021-02-03,16:00:21.062000,15806,15807,15807,3
2021-02-03,16:00:21.063000,15806,15807,15808,1
2021-02-03,16:00:21.063000,15806,15807,15808,1
2021-02-03,16:00:21.064000,15806,15807,15808,1
2021-02-03,16:00:21.064000,15806,15807,15808,1
2021-02-03,16:00:21.064000,15806,15807,15808,1
2021-02-03,16:00:22.154000,15805,15808,15805,1
2021-02-03,16:00:22.807000,15805,15806,15805,2
2021-02-03,16:00:23.263000,15804,15805,15805,1
2021-02-03,16:00:23.284000,15804,15805,15804,1
2021-02-03,16:00:23.284000,15804,15805,15804,8
2021-02-03,16:00:24.075000,15803,15805,15805,1
2021-02-03,16:00:24.521000,15803,15805,15805,1
2021-02-03,16:00:24.521000,15803,15805,15806,3
2021-02-03,16:00:24.979000,15804,15806,15804,3
2021-02-03,16:00:26.142000,15803,15806,15806,1
2021-02-03,16:00:28.347000,15803,15806,15806,1
2021-02-03,16:00:28.437000,15803,15806,15806,2
2021-02-03,16:00:28.437000,15803,15806,15807,1
2021-02-03,16:00:28.438000,15803,15806,15807,1
2021-02-03,16:00:28.438000,15803,15806,15807,1
2021-02-03,16:00:28.438000,15803,15806,15807,1
2021-02-03,16:00:28.438000,15803,15806,15808,1
2021-02-03,16:00:28.438000,15803,15806,15808,1
2021-02-03,16:00:28.439000,15803,15806,15808,1
2021-02-03,16:00:28.439000,15803,15806,15808,1
2021-02-03,16:00:28.439000,15803,15806,15808,1
2021-02-03,16:00:28.439000,15803,15806,15808,1
2021-02-03,16:00:28.439000,15803,15806,15808,1
2021-02-03,16:00:28.439000,15803,15806,15808,1
2021-02-03,16:00:28.439000,15803,15806,15808,1
2021-02-03,16:00:28.439000,15803,15806,15808,1
2021-02-03,16:00:28.440000,15803,15806,15808,1
2021-02-03,16:00:28.440000,15803,15806,15806,1
2021-02-03,16:00:28.440000,15803,15806,15808,1
2021-02-03,16:00:28.441000,15803,15806,15809,1
2021-02-03,16:00:28.442000,15803,15806,15809,1
2021-02-03,16:00:28.442000,15803,15806,15809,1
2021-02-03,16:00:28.442000,15803,15806,15809,1
2021-02-03,16:00:28.442000,15803,15806,15809,1
2021-02-03,16:00:28.443000,15803,15806,15809,1
2021-02-03,16:00:28.445000,15803,15806,15809,1
2021-02-03,16:00:28.446000,15803,15806,15810,1
2021-02-03,16:00:28.446000,15803,15806,15810,1
2021-02-03,16:00:28.447000,15803,15806,15810,1
2021-02-03,16:00:28.752000,15808,15810,15808,1
2021-02-03,16:00:28.920000,15807,15810,15810,6
2021-02-03,16:00:28.925000,15807,15810,15810,4
2021-02-03,16:00:28.925000,15807,15810,15810,1
2021-02-03,16:00:28.930000,15807,15810,15808,1
2021-02-03,16:00:29.013000,15808,15811,15811,6
2021-02-03,16:00:29.021000,15808,15811,15811,1
2021-02-03,16:00:29.436000,15809,15811,15809,1
2021-02-03,16:00:29.438000,15809,15811,15809,1
2021-02-03,16:00:30.116000,15808,15810,15808,4
2021-02-03,16:00:30.223000,15807,15809,15809,2
2021-02-03,16:00:34.281000,15807,15809,15809,1
2021-02-03,16:00:34.292000,15807,15809,15809,1
2021-02-03,16:00:36.713000,15807,15808,15808,1
2021-02-03,16:00:36.713000,15807,15808,15809,3
2021-02-03,16:00:37.330000,15807,15810,15810,2
2021-02-03,16:00:37.437000,15808,15810,15810,1
2021-02-03,16:00:37.658000,15808,15810,15808,1
2021-02-03,16:00:38.269000,15807,15809,15807,1
2021-02-03,16:00:39.078000,15807,15809,15809,1
2021-02-03,16:00:39.664000,15808,15809,15809,1
2021-02-03,16:00:39.936000,15808,15809,15808,1
2021-02-03,16:00:40.531000,15808,15809,15808,1
2021-02-03,16:00:42.660000,15807,15809,15807,1
2021-02-03,16:00:44.199000,15807,15809,15809,1
2021-02-03,16:00:46.707000,15807,15809,15807,1
2021-02-03,16:00:47.287000,15807,15809,15809,1
2021-02-03,16:00:49.802000,15807,15808,15808,1
2021-02-03,16:00:49.804000,15807,15808,15808,1
2021-02-03,16:00:50.706000,15808,15809,15809,2
2021-02-03,16:00:50.707000,15808,15809,15809,1
2021-02-03,16:00:50.707000,15808,15809,15809,5
2021-02-03,16:00:53.977000,15808,15810,15808,1
2021-02-03,16:00:55.622000,15808,15809,15808,4
2021-02-03,16:01:04.137000,15807,15809,15808,2
2021-02-03,16:01:04.246000,15807,15809,15807,4
2021-02-03,16:01:04.311000,15807,15809,15807,1
2021-02-03,16:01:04.619000,15807,15809,15809,5
2021-02-03,16:01:04.619000,15807,15809,15810,1
2021-02-03,16:01:05.012000,15807,15810,15810,1
2021-02-03,16:01:05.063000,15807,15810,15810,1
2021-02-03,16:01:05.063000,15807,15810,15810,1
2021-02-03,16:01:05.064000,15807,15810,15810,1
2021-02-03,16:01:05.196000,15807,15810,15810,4
2021-02-03,16:01:07.222000,15807,15810,15810,1
2021-02-03,16:01:07.436000,15808,15810,15808,1
2021-02-03,16:01:08.093000,15807,15810,15810,1
2021-02-03,16:01:08.189000,15807,15810,15810,1
2021-02-03,16:01:09.126000,15807,15810,15807,1
2021-02-03,16:01:10.554000,15807,15809,15808,1
2021-02-03,16:01:12.911000,15807,15808,15807,1
2021-02-03,16:01:13.793000,15806,15808,15806,1
2021-02-03,16:01:14.153000,15806,15808,15808,5
2021-02-03,16:01:14.625000,15806,15808,15808,4
2021-02-03,16:01:14.811000,15807,15808,15807,1
2021-02-03,16:01:15.092000,15807,15808,15808,1
2021-02-03,16:01:17.600000,15807,15808,15808,1
2021-02-03,16:01:19.405000,15808,15809,15809,2
2021-02-03,16:01:19.437000,15808,15810,15810,1
2021-02-03,16:01:19.438000,15808,15810,15810,1
2021-02-03,16:01:21.668000,15808,15810,15809,1
2021-02-03,16:01:25.162000,15807,15810,15810,2
2021-02-03,16:01:27.949000,15807,15809,15807,1
2021-02-03,16:01:32.057000,15807,15809,15809,1
2021-02-03,16:01:34.062000,15808,15809,15809,1
2021-02-03,16:01:36.479000,15808,15810,15808,5
2021-02-03,16:01:42.851000,15809,15810,15810,20
2021-02-03,16:01:42.852000,15809,15810,15811,6
2021-02-03,16:01:42.852000,15809,15810,15811,10
2021-02-03,16:01:42.853000,15809,15810,15811,1
2021-02-03,16:01:42.938000,15811,15812,15812,1
2021-02-03,16:01:42.938000,15811,15812,15812,1
2021-02-03,16:01:42.938000,15811,15812,15812,16
2021-02-03,16:01:43.087000,15812,15813,15813,1
2021-02-03,16:01:43.087000,15812,15813,15813,1
2021-02-03,16:01:43.087000,15812,15813,15813,7
2021-02-03,16:01:43.391000,15813,15814,15814,1
2021-02-03,16:01:43.391000,15813,15814,15814,8
2021-02-03,16:01:43.392000,15813,15814,15815,1
2021-02-03,16:01:43.392000,15813,15814,15815,1
2021-02-03,16:01:43.392000,15813,15814,15815,1
2021-02-03,16:01:43.392000,15813,15814,15815,2
2021-02-03,16:01:43.392000,15813,15814,15815,1
2021-02-03,16:01:43.394000,15813,15814,15815,1
2021-02-03,16:01:43.400000,15813,15814,15816,4
2021-02-03,16:01:43.460000,15814,15816,15816,1
2021-02-03,16:01:43.479000,15814,15816,15816,1
2021-02-03,16:01:43.647000,15814,15816,15815,1
2021-02-03,16:01:43.647000,15814,15816,15816,2
2021-02-03,16:01:43.647000,15814,15816,15816,1
2021-02-03,16:01:43.850000,15815,15817,15817,1
2021-02-03,16:01:43.981000,15814,15817,15816,1
2021-02-03,16:01:44.178000,15814,15816,15815,2
2021-02-03,16:01:44.957000,15814,15816,15814,1
2021-02-03,16:01:45.285000,15814,15816,15816,3
2021-02-03,16:01:47.125000,15814,15816,15814,2
2021-02-03,16:01:47.449000,15814,15816,15816,1
2021-02-03,16:01:47.581000,15814,15817,15817,1
2021-02-03,16:01:47.754000,15814,15817,15816,1
2021-02-03,16:01:47.916000,15814,15817,15816,1
2021-02-03,16:01:48.085000,15815,15817,15817,1
2021-02-03,16:01:48.404000,15815,15817,15817,1
2021-02-03,16:01:48.436000,15815,15817,15815,1
2021-02-03,16:01:48.579000,15815,15817,15817,1
2021-02-03,16:01:49.009000,15815,15817,15817,1
2021-02-03,16:01:49.372000,15815,15817,15817,1
2021-02-03,16:01:49.784000,15815,15817,15817,1
2021-02-03,16:01:50.739000,15814,15817,15814,1
2021-02-03,16:01:51.066000,15814,15817,15817,1
2021-02-03,16:01:51.266000,15815,15817,15817,1
2021-02-03,16:01:52.421000,15815,15817,15817,1
2021-02-03,16:01:52.552000,15815,15817,15817,1
2021-02-03,16:01:53.561000,15816,15817,15816,1
2021-02-03,16:01:54.638000,15815,15817,15817,2
2021-02-03,16:01:55.168000,15816,15817,15816,1
2021-02-03,16:01:55.168000,15816,15817,15815,1
2021-02-03,16:01:55.449000,15815,15817,15817,1
2021-02-03,16:01:55.695000,15816,15817,15816,1
2021-02-03,16:01:55.695000,15816,15817,15815,4
2021-02-03,16:01:55.699000,15816,15817,15815,1
2021-02-03,16:01:56.330000,15815,15817,15817,1
2021-02-03,16:01:58.811000,15816,15817,15816,1
2021-02-03,16:02:00.211000,15815,15817,15816,1
2021-02-03,16:02:00.988000,15815,15816,15815,9
2021-02-03,16:02:03.422000,15814,15816,15813,1
2021-02-03,16:02:03.439000,15813,15815,15815,1
2021-02-03,16:02:06.044000,15814,15816,15816,1
2021-02-03,16:02:06.049000,15814,15816,15816,1
2021-02-03,16:02:06.049000,15814,15816,15816,1
2021-02-03,16:02:09.379000,15815,15816,15816,2
2021-02-03,16:02:09.381000,15815,15816,15816,2
2021-02-03,16:02:09.438000,15815,15817,15817,1
2021-02-03,16:02:09.439000,15815,15817,15817,1
2021-02-03,16:02:11.207000,15815,15817,15815,1
2021-02-03,16:02:12.975000,15815,15816,15816,1
2021-02-03,16:02:13.704000,15815,15816,15815,4
2021-02-03,16:02:17.930000,15814,15816,15816,1
2021-02-03,16:02:21.028000,15815,15817,15815,1
2021-02-03,16:02:21.063000,15815,15817,15817,1
2021-02-03,16:02:21.064000,15815,15817,15817,1
2021-02-03,16:02:21.287000,15815,15817,15815,1
2021-02-03,16:02:21.811000,15815,15817,15815,1
2021-02-03,16:02:27.754000,15815,15816,15815,2
2021-02-03,16:02:29.081000,15814,15815,15815,1
2021-02-03,16:02:29.187000,15815,15816,15816,1
2021-02-03,16:02:29.188000,15815,15816,15816,1
2021-02-03,16:02:29.188000,15815,15816,15816,1
2021-02-03,16:02:32.102000,15815,15817,15816,1
2021-02-03,16:02:33.134000,15815,15817,15815,1
2021-02-03,16:02:33.831000,15815,15816,15816,1
2021-02-03,16:02:34.007000,15816,15817,15817,2
2021-02-03,16:02:34.007000,15816,15817,15817,1
2021-02-03,16:02:34.008000,15816,15817,15817,5
2021-02-03,16:02:34.223000,15816,15818,15818,6
2021-02-03,16:02:34.223000,15816,15818,15818,1
2021-02-03,16:02:34.224000,15816,15818,15818,1
2021-02-03,16:02:34.224000,15816,15818,15818,3
2021-02-03,16:02:34.224000,15816,15818,15818,1
2021-02-03,16:02:34.464000,15817,15819,15819,3
2021-02-03,16:02:34.513000,15817,15819,15819,1
2021-02-03,16:02:34.590000,15817,15819,15819,1
2021-02-03,16:02:34.617000,15817,15819,15819,1
2021-02-03,16:02:34.932000,15817,15819,15817,2
2021-02-03,16:02:36.199000,15816,15817,15817,1
2021-02-03,16:02:37.492000,15816,15817,15816,1
2021-02-03,16:02:37.563000,15816,15817,15817,1
2021-02-03,16:02:38.531000,15816,15818,15818,1
2021-02-03,16:02:40.080000,15816,15817,15817,1
2021-02-03,16:02:40.657000,15816,15817,15817,2
2021-02-03,16:02:41.018000,15816,15817,15817,3
2021-02-03,16:02:41.019000,15816,15817,15817,2
2021-02-03,16:02:41.324000,15816,15818,15816,1
2021-02-03,16:02:42.753000,15816,15818,15818,1
2021-02-03,16:02:44.841000,15816,15818,15818,2
2021-02-03,16:02:45.395000,15817,15818,15818,1
2021-02-03,16:02:45.940000,15817,15818,15817,1
2021-02-03,16:02:46.941000,15817,15818,15817,1
2021-02-03,16:02:46.976000,15817,15818,15817,1
2021-02-03,16:02:47.283000,15817,15818,15817,1
2021-02-03,16:02:48.140000,15817,15818,15817,5
2021-02-03,16:02:50.553000,15816,15818,15818,1
2021-02-03,16:02:50.749000,15816,15818,15818,1
2021-02-03,16:02:53.003000,15816,15818,15817,1
2021-02-03,16:02:56.222000,15816,15817,15816,4
2021-02-03,16:02:56.311000,15815,15816,15815,2
2021-02-03,16:02:56.459000,15814,15816,15816,1
2021-02-03,16:02:56.674000,15814,15816,15816,1
2021-02-03,16:02:56.685000,15814,15816,15817,2
2021-02-03,16:03:02.201000,15815,15816,15816,4
2021-02-03,16:03:02.201000,15815,15816,15816,1
2021-02-03,16:03:02.728000,15815,15816,15816,1
2021-02-03,16:03:02.728000,15815,15816,15817,5
2021-02-03,16:03:02.879000,15816,15817,15817,1
2021-02-03,16:03:02.879000,15816,15817,15818,7
2021-02-03,16:03:02.921000,15816,15817,15818,1
2021-02-03,16:03:02.921000,15816,15817,15819,7
2021-02-03,16:03:03.023000,15817,15819,15819,1
2021-02-03,16:03:03.069000,15817,15819,15819,2
2021-02-03,16:03:04.223000,15818,15820,15818,1
2021-02-03,16:03:10.377000,15818,15819,15818,1
2021-02-03,16:03:10.770000,15818,15819,15818,1
2021-02-03,16:03:10.770000,15818,15819,15818,1
2021-02-03,16:03:10.771000,15818,15819,15818,1
2021-02-03,16:03:12.726000,15818,15819,15819,2
2021-02-03,16:03:12.726000,15818,15819,15820,2
2021-02-03,16:03:12.842000,15818,15820,15820,1
2021-02-03,16:03:13.798000,15818,15820,15820,1
2021-02-03,16:03:14.418000,15818,15820,15820,1
2021-02-03,16:03:15.157000,15818,15819,15819,1
2021-02-03,16:03:16.189000,15818,15819,15818,5
2021-02-03,16:03:16.290000,15818,15819,15817,2
2021-02-03,16:03:18.316000,15816,15818,15816,2
2021-02-03,16:03:18.645000,15815,15817,15817,1
2021-02-03,16:03:20.293000,15815,15817,15817,1
2021-02-03,16:03:21.619000,15815,15817,15815,1
2021-02-03,16:03:22.925000,15815,15817,15817,1
2021-02-03,16:03:24.014000,15815,15817,15817,4
2021-02-03,16:03:27.166000,15815,15817,15815,1
2021-02-03,16:03:33.946000,15816,15817,15817,1
2021-02-03,16:03:34.063000,15816,15818,15818,1
2021-02-03,16:03:34.064000,15816,15818,15818,1
2021-02-03,16:03:34.064000,15816,15818,15818,1
2021-02-03,16:03:34.064000,15816,15818,15818,1
2021-02-03,16:03:34.321000,15817,15819,15817,1
2021-02-03,16:03:37.695000,15817,15819,15817,1
2021-02-03,16:03:38.960000,15817,15818,15818,1
2021-02-03,16:03:39.821000,15818,15819,15819,5
2021-02-03,16:03:43.782000,15818,15819,15819,2
2021-02-03,16:03:43.782000,15818,15819,15819,2
2021-02-03,16:03:46.110000,15818,15819,15819,1
2021-02-03,16:03:48.134000,15818,15819,15819,1
2021-02-03,16:03:49.763000,15818,15820,15820,1
2021-02-03,16:03:53.042000,15818,15819,15818,9
2021-02-03,16:03:53.064000,15817,15818,15817,2
2021-02-03,16:03:53.064000,15817,15818,15817,1
2021-02-03,16:03:53.064000,15817,15818,15817,6
2021-02-03,16:03:53.064000,15817,15818,15817,1
2021-02-03,16:03:53.077000,15817,15818,15816,11
2021-02-03,16:03:55.059000,15815,15817,15817,2
2021-02-03,16:03:55.146000,15815,15818,15818,1
2021-02-03,16:03:58.876000,15816,15817,15816,2
2021-02-03,16:04:01.664000,15816,15818,15816,1
2021-02-03,16:04:08.405000,15816,15818,15816,3
2021-02-03,16:04:08.406000,15816,15818,15816,2
2021-02-03,16:04:10.874000,15815,15817,15817,1
2021-02-03,16:04:17.023000,15815,15817,15817,1
2021-02-03,16:04:23.936000,15815,15816,15816,1
2021-02-03,16:04:24.775000,15815,15817,15815,1
2021-02-03,16:04:26.746000,15815,15817,15815,32
2021-02-03,16:04:26.757000,15815,15817,15814,11
2021-02-03,16:04:26.757000,15815,15817,15814,5
2021-02-03,16:04:29.049000,15814,15815,15814,1
2021-02-03,16:04:29.062000,15813,15815,15815,1
2021-02-03,16:04:29.575000,15813,15815,15815,1
2021-02-03,16:04:30.719000,15814,15816,15814,1
2021-02-03,16:04:32.856000,15814,15816,15814,2
2021-02-03,16:04:33,15813,15815,15815,1
2021-02-03,16:04:33,15813,15815,15815,1
2021-02-03,16:04:37.586000,15814,15816,15814,1
2021-02-03,16:04:39.404000,15814,15815,15814,1
2021-02-03,16:04:39.439000,15814,15815,15815,1
2021-02-03,16:04:39.542000,15814,15815,15814,1
2021-02-03,16:04:40.400000,15814,15815,15814,1
2021-02-03,16:04:41.560000,15814,15815,15814,1
2021-02-03,16:04:43.690000,15813,15814,15814,2
2021-02-03,16:04:44.598000,15814,15815,15814,1
2021-02-03,16:04:48.278000,15814,15815,15814,1
2021-02-03,16:04:48.835000,15813,15815,15815,1
2021-02-03,16:04:51.128000,15813,15815,15813,1
2021-02-03,16:04:51.287000,15813,15815,15813,1
2021-02-03,16:04:57.290000,15814,15815,15815,13
2021-02-03,16:05:01.392000,15815,15817,15815,2
2021-02-03,16:05:02.023000,15815,15817,15815,1
2021-02-03,16:05:02.105000,15815,15817,15817,3
2021-02-03,16:05:02.624000,15815,15817,15817,1
2021-02-03,16:05:03.719000,15815,15817,15815,1
2021-02-03,16:05:06.872000,15816,15817,15817,8
2021-02-03,16:05:06.936000,15817,15818,15818,1
2021-02-03,16:05:07.180000,15817,15818,15817,1
2021-02-03,16:05:07.533000,15817,15818,15817,1
2021-02-03,16:05:10.979000,15816,15818,15817,1
2021-02-03,16:05:11.463000,15816,15817,15816,22
2021-02-03,16:05:11.464000,15816,15817,15815,7
2021-02-03,16:05:11.465000,15816,15817,15815,1
2021-02-03,16:05:11.600000,15814,15816,15816,1
2021-02-03,16:05:12.686000,15813,15815,15815,1
2021-02-03,16:05:14.969000,15813,15815,15813,1
2021-02-03,16:05:15.957000,15813,15815,15815,1
2021-02-03,16:05:19.914000,15814,15816,15814,1
2021-02-03,16:05:19.914000,15814,15816,15813,3
2021-02-03,16:05:20.836000,15813,15815,15814,1
2021-02-03,16:05:21.622000,15814,15815,15815,1
2021-02-03,16:05:26.485000,15813,15814,15813,1
2021-02-03,16:05:27.774000,15813,15814,15813,1
2021-02-03,16:05:28.148000,15813,15814,15813,1
2021-02-03,16:05:28.148000,15813,15814,15813,1
2021-02-03,16:05:28.148000,15813,15814,15813,1
2021-02-03,16:05:28.148000,15813,15814,15813,2
2021-02-03,16:05:28.148000,15813,15814,15813,1
2021-02-03,16:05:28.148000,15813,15814,15813,1
2021-02-03,16:05:28.148000,15813,15814,15813,1
2021-02-03,16:05:28.149000,15813,15814,15813,2
2021-02-03,16:05:29.064000,15812,15814,15812,1
2021-02-03,16:05:29.405000,15812,15814,15813,1
2021-02-03,16:05:30.178000,15812,15814,15813,1
2021-02-03,16:05:30.764000,15812,15814,15813,1
2021-02-03,16:05:31.186000,15812,15813,15813,1
2021-02-03,16:05:32.141000,15813,15814,15813,1
2021-02-03,16:05:33.237000,15812,15813,15812,1
2021-02-03,16:05:34.676000,15812,15813,15813,1
2021-02-03,16:05:36.232000,15812,15813,15812,20
2021-02-03,16:05:36.332000,15811,15812,15811,1
2021-02-03,16:05:36.333000,15811,15812,15811,1
2021-02-03,16:05:36.333000,15811,15812,15811,1
2021-02-03,16:05:36.333000,15811,15812,15811,1
2021-02-03,16:05:36.333000,15811,15812,15811,3
2021-02-03,16:05:36.333000,15811,15812,15811,1
2021-02-03,16:05:36.333000,15811,15812,15811,2
2021-02-03,16:05:36.623000,15810,15811,15810,2
2021-02-03,16:05:36.623000,15810,15811,15809,2
2021-02-03,16:05:36.726000,15809,15810,15809,5
2021-02-03,16:05:36.726000,15809,15810,15809,2
2021-02-03,16:05:36.866000,15809,15810,15809,2
2021-02-03,16:05:36.984000,15808,15810,15808,1
2021-02-03,16:05:36.984000,15808,15810,15808,2
2021-02-03,16:05:36.985000,15808,15810,15808,1
2021-02-03,16:05:36.985000,15808,15810,15808,1
2021-02-03,16:05:37.081000,15807,15809,15809,1
2021-02-03,16:05:37.436000,15807,15808,15808,1
2021-02-03,16:05:37.744000,15807,15809,15809,1
2021-02-03,16:05:37.907000,15807,15809,15807,1
2021-02-03,16:05:37.907000,15807,15809,15806,2
2021-02-03,16:05:38.451000,15806,15808,15806,1
2021-02-03,16:05:38.722000,15806,15808,15806,1
2021-02-03,16:05:39.853000,15806,15808,15808,1
2021-02-03,16:05:39.975000,15806,15809,15806,1
2021-02-03,16:05:41.551000,15806,15808,15806,1
2021-02-03,16:05:42.107000,15807,15809,15807,1
2021-02-03,16:05:42.475000,15807,15809,15807,1
2021-02-03,16:05:42.521000,15807,15809,15807,1
2021-02-03,16:05:42.861000,15808,15809,15808,1
2021-02-03,16:05:42.861000,15808,15809,15807,4
2021-02-03,16:05:43.198000,15807,15809,15807,1
2021-02-03,16:05:43.816000,15808,15809,15808,1
2021-02-03,16:05:44.717000,15808,15809,15809,1
2021-02-03,16:05:44.804000,15808,15809,15808,1
2021-02-03,16:05:44.811000,15808,15810,15810,1
2021-02-03,16:05:46.030000,15808,15810,15808,1
2021-02-03,16:05:49.232000,15808,15810,15808,1
2021-02-03,16:05:51.272000,15807,15809,15808,1
2021-02-03,16:05:53.438000,15807,15809,15807,1
2021-02-03,16:05:53.536000,15807,15809,15807,2
2021-02-03,16:05:53.591000,15807,15809,15807,2
2021-02-03,16:05:54.398000,15807,15809,15807,1
2021-02-03,16:05:54.686000,15807,15809,15809,1
2021-02-03,16:05:55.644000,15807,15809,15809,2
2021-02-03,16:05:56.199000,15808,15810,15808,1
2021-02-03,16:05:56.955000,15808,15809,15809,1
2021-02-03,16:06:02.192000,15808,15810,15810,1
2021-02-03,16:06:02.304000,15808,15810,15810,1
2021-02-03,16:06:02.304000,15808,15810,15811,3
2021-02-03,16:06:02.837000,15809,15811,15811,1
2021-02-03,16:06:02.847000,15809,15811,15811,1
2021-02-03,16:06:10.550000,15810,15812,15812,1
2021-02-03,16:06:10.564000,15810,15812,15812,1
2021-02-03,16:06:10.564000,15810,15812,15812,1
2021-02-03,16:06:10.686000,15811,15812,15812,1
2021-02-03,16:06:10.733000,15811,15812,15811,1
2021-02-03,16:06:11.060000,15811,15812,15812,1
2021-02-03,16:06:11.063000,15811,15813,15813,1
2021-02-03,16:06:11.063000,15811,15813,15813,1
2021-02-03,16:06:11.063000,15811,15813,15813,1
2021-02-03,16:06:11.064000,15811,15813,15813,1
2021-02-03,16:06:13.894000,15811,15814,15811,1
2021-02-03,16:06:14.431000,15811,15813,15813,1
2021-02-03,16:06:26.944000,15812,15813,15812,2
2021-02-03,16:06:35.589000,15810,15812,15810,2
2021-02-03,16:06:35.687000,15809,15811,15811,2
2021-02-03,16:06:35.688000,15809,15811,15811,1
2021-02-03,16:06:35.688000,15809,15811,15812,1
2021-02-03,16:06:35.688000,15809,15811,15812,1
2021-02-03,16:06:35.689000,15809,15811,15811,1
2021-02-03,16:06:35.689000,15809,15811,15812,1
2021-02-03,16:06:35.689000,15809,15811,15812,1
2021-02-03,16:06:38.296000,15809,15811,15811,1
2021-02-03,16:06:39.925000,15809,15811,15809,1
2021-02-03,16:06:39.937000,15809,15811,15811,1
2021-02-03,16:06:39.938000,15809,15811,15811,1
2021-02-03,16:06:39.938000,15809,15811,15811,1
2021-02-03,16:06:39.940000,15809,15811,15812,1
2021-02-03,16:06:39.940000,15809,15811,15812,1
2021-02-03,16:06:45.202000,15810,15812,15812,1
2021-02-03,16:06:46.290000,15810,15812,15810,2
2021-02-03,16:06:47.254000,15809,15811,15809,4
2021-02-03,16:06:47.254000,15809,15811,15808,1
2021-02-03,16:06:47.254000,15809,15811,15809,1
2021-02-03,16:06:48.403000,15808,15810,15808,4
2021-02-03,16:06:49.561000,15807,15808,15808,1
2021-02-03,16:06:49.798000,15807,15808,15808,1
2021-02-03,16:06:50.277000,15807,15809,15807,6
2021-02-03,16:06:50.278000,15807,15809,15806,2
2021-02-03,16:06:50.543000,15806,15807,15807,2
2021-02-03,16:06:54.088000,15807,15808,15808,1
2021-02-03,16:06:54.656000,15807,15809,15807,1
2021-02-03,16:06:56.907000,15808,15810,15808,1
2021-02-03,16:07:00.945000,15808,15810,15808,1
2021-02-03,16:07:02.025000,15808,15810,15810,4
2021-02-03,16:07:02.348000,15809,15811,15809,3
2021-02-03,16:07:02.411000,15809,15811,15808,2
2021-02-03,16:07:02.412000,15809,15811,15808,2
2021-02-03,16:07:02.441000,15808,15809,15808,1
2021-02-03,16:07:02.557000,15808,15809,15807,1
2021-02-03,16:07:02.575000,15807,15808,15807,1
2021-02-03,16:07:02.617000,15807,15808,15808,2
2021-02-03,16:07:11.062000,15808,15810,15808,2
2021-02-03,16:07:11.735000,15808,15810,15808,1
2021-02-03,16:07:12.902000,15808,15810,15808,1
2021-02-03,16:07:14.046000,15808,15810,15810,1
2021-02-03,16:07:14.046000,15808,15810,15810,2
2021-02-03,16:07:14.526000,15809,15811,15809,1
2021-02-03,16:07:14.987000,15809,15811,15809,1
2021-02-03,16:07:15.692000,15809,15812,15809,1
2021-02-03,16:07:16.906000,15809,15810,15810,2
2021-02-03,16:07:16.908000,15809,15810,15810,2
2021-02-03,16:07:22.530000,15810,15812,15812,9
2021-02-03,16:07:26.591000,15810,15812,15812,1
2021-02-03,16:07:36.196000,15811,15812,15811,1
2021-02-03,16:07:42.907000,15811,15812,15811,1
2021-02-03,16:07:43.318000,15810,15812,15810,1
2021-02-03,16:07:45.460000,15810,15811,15810,1
2021-02-03,16:07:47.785000,15810,15811,15810,1
2021-02-03,16:07:47.797000,15810,15811,15811,2
2021-02-03,16:07:49.826000,15810,15811,15810,14
2021-02-03,16:07:49.827000,15810,15811,15809,11
2021-02-03,16:07:49.968000,15808,15809,15808,1
2021-02-03,16:07:50.035000,15808,15809,15808,2
2021-02-03,16:07:55.601000,15808,15809,15809,2
2021-02-03,16:07:55.986000,15808,15809,15809,2
2021-02-03,16:07:57.529000,15809,15810,15809,2
2021-02-03,16:07:58.826000,15809,15810,15809,2
2021-02-03,16:07:58.827000,15809,15810,15809,1
2021-02-03,16:08:01.389000,15809,15810,15809,2
2021-02-03,16:08:01.637000,15808,15809,15809,5
2021-02-03,16:08:04.268000,15808,15810,15809,3
2021-02-03,16:08:05.886000,15809,15810,15809,2
2021-02-03,16:08:06.086000,15808,15810,15810,2
2021-02-03,16:08:11.136000,15809,15810,15809,2
2021-02-03,16:08:11.299000,15808,15809,15808,1
2021-02-03,16:08:14.105000,15808,15810,15808,1
2021-02-03,16:08:17.564000,15809,15810,15810,2
2021-02-03,16:08:17.564000,15809,15810,15810,1
2021-02-03,16:08:22.095000,15810,15811,15810,1
2021-02-03,16:08:25.081000,15809,15810,15809,3
2021-02-03,16:08:25.186000,15808,15809,15808,11
2021-02-03,16:08:25.212000,15808,15809,15808,1
2021-02-03,16:08:30.561000,15808,15809,15809,1
2021-02-03,16:08:34.227000,15807,15808,15808,1
2021-02-03,16:08:42.065000,15808,15809,15809,4
2021-02-03,16:08:42.787000,15809,15810,15809,2
2021-02-03,16:08:46.154000,15809,15810,15809,1
2021-02-03,16:08:48.949000,15809,15810,15810,2
2021-02-03,16:08:48.949000,15809,15810,15810,4
2021-02-03,16:08:52.477000,15809,15810,15810,2
2021-02-03,16:08:57.097000,15810,15811,15810,1
2021-02-03,16:08:58.587000,15809,15811,15811,1
2021-02-03,16:09:00.722000,15810,15811,15811,3
2021-02-03,16:09:11.336000,15810,15812,15810,2
2021-02-03,16:09:19.061000,15810,15811,15811,1
2021-02-03,16:09:20.062000,15810,15811,15810,1
2021-02-03,16:09:21.057000,15810,15812,15810,1
2021-02-03,16:09:25.367000,15809,15812,15810,1
2021-02-03,16:09:33.912000,15810,15811,15810,1
2021-02-03,16:09:34.824000,15809,15811,15810,1
2021-02-03,16:09:36.126000,15809,15811,15811,1
2021-02-03,16:09:38.981000,15809,15811,15809,2
2021-02-03,16:09:53.875000,15808,15810,15808,1
2021-02-03,16:09:59.272000,15808,15810,15809,2
2021-02-03,16:09:59.272000,15808,15810,15809,1
2021-02-03,16:10:00.126000,15808,15810,15808,1
2021-02-03,16:10:00.953000,15808,15810,15810,1
2021-02-03,16:10:01.022000,15808,15810,15810,1
2021-02-03,16:10:01.093000,15808,15810,15810,2
2021-02-03,16:10:01.619000,15808,15810,15810,1
2021-02-03,16:10:01.974000,15808,15810,15810,3
2021-02-03,16:10:02.041000,15808,15810,15810,2
2021-02-03,16:10:09.670000,15808,15809,15809,1
2021-02-03,16:10:19.790000,15809,15810,15810,2
2021-02-03,16:10:19.790000,15809,15810,15810,2
2021-02-03,16:10:20.576000,15810,15811,15811,3
2021-02-03,16:10:21.027000,15810,15812,15810,1
2021-02-03,16:10:24.958000,15809,15811,15810,1
2021-02-03,16:10:32.144000,15808,15811,15808,2
2021-02-03,16:10:36.323000,15809,15811,15809,1
2021-02-03,16:10:37.843000,15809,15811,15810,1
2021-02-03,16:10:48.051000,15808,15810,15808,4
2021-02-03,16:10:53.514000,15808,15809,15808,1
2021-02-03,16:11:00.290000,15808,15809,15808,1
2021-02-03,16:11:01.030000,15808,15809,15809,3
2021-02-03,16:11:06.469000,15809,15810,15810,1
2021-02-03,16:11:06.497000,15809,15810,15810,1
2021-02-03,16:11:18.599000,15809,15810,15809,1
2021-02-03,16:11:21.494000,15809,15810,15809,1
2021-02-03,16:11:21.531000,15809,15810,15808,2
2021-02-03,16:11:24.718000,15807,15809,15808,1
2021-02-03,16:11:25.073000,15807,15809,15808,2
2021-02-03,16:11:27.569000,15807,15809,15809,1
2021-02-03,16:11:29.744000,15807,15809,15809,4
2021-02-03,16:11:29.744000,15807,15809,15809,1
2021-02-03,16:11:29.744000,15807,15809,15809,1
2021-02-03,16:11:29.744000,15807,15809,15809,1
2021-02-03,16:11:37.436000,15808,15809,15808,2
2021-02-03,16:11:37.592000,15807,15809,15808,1
2021-02-03,16:11:39.061000,15807,15808,15807,10
2021-02-03,16:11:39.083000,15807,15808,15807,1
2021-02-03,16:11:45.297000,15806,15808,15807,1
2021-02-03,16:11:46.747000,15806,15808,15806,1
2021-02-03,16:11:47.630000,15806,15808,15807,1
2021-02-03,16:11:49.820000,15806,15807,15806,2
2021-02-03,16:11:50.438000,15806,15807,15806,1
2021-02-03,16:11:50.475000,15806,15807,15807,1
2021-02-03,16:11:51.458000,15806,15807,15806,5
2021-02-03,16:11:51.632000,15805,15807,15807,1
2021-02-03,16:11:51.700000,15805,15807,15807,1
2021-02-03,16:11:57.286000,15805,15807,15806,1
2021-02-03,16:12:00.482000,15805,15807,15805,1
2021-02-03,16:12:05.841000,15805,15807,15806,1
2021-02-03,16:12:06.311000,15806,15807,15807,1
2021-02-03,16:12:06.311000,15806,15807,15807,1
2021-02-03,16:12:06.586000,15806,15808,15808,1
2021-02-03,16:12:07.926000,15806,15808,15806,1
2021-02-03,16:12:16.477000,15807,15808,15807,1
2021-02-03,16:12:16.573000,15807,15808,15808,4
2021-02-03,16:12:16.829000,15807,15809,15807,1
2021-02-03,16:12:21.156000,15808,15809,15808,1
2021-02-03,16:12:25.599000,15808,15809,15808,1
2021-02-03,16:12:26.972000,15808,15809,15808,1
2021-02-03,16:12:46.850000,15808,15809,15808,7
2021-02-03,16:12:46.881000,15808,15809,15807,1
2021-02-03,16:12:48.042000,15806,15808,15808,1
