2020-02-21,15:00:00,11664,11665,11666,27
2020-02-21,15:00:00,11665,11667,11667,1
2020-02-21,15:00:00,11665,11667,11665,1
2020-02-21,15:00:00,11665,11667,11665,1
2020-02-21,15:00:00,11665,11667,11665,1
2020-02-21,15:00:00,11665,11667,11665,1
2020-02-21,15:00:00,11665,11666,11665,4
2020-02-21,15:00:00,11665,11666,11664,1
2020-02-21,15:00:00,11665,11666,11665,1
2020-02-21,15:00:00,11664,11665,11664,4
2020-02-21,15:00:00,11664,11665,11665,1
2020-02-21,15:00:00,11664,11665,11664,3
2020-02-21,15:00:01,11663,11664,11664,1
2020-02-21,15:00:01,11663,11664,11664,1
2020-02-21,15:00:01,11663,11664,11665,1
2020-02-21,15:00:01,11663,11664,11663,1
2020-02-21,15:00:01,11663,11664,11662,1
2020-02-21,15:00:02,11663,11664,11663,1
2020-02-21,15:00:02,11663,11664,11663,1
2020-02-21,15:00:02,11663,11664,11663,1
2020-02-21,15:00:02,11663,11664,11663,1
2020-02-21,15:00:02,11663,11664,11664,1
2020-02-21,15:00:02,11663,11664,11663,1
2020-02-21,15:00:02,11663,11664,11663,1
2020-02-21,15:00:03,11663,11664,11663,1
2020-02-21,15:00:03,11663,11664,11664,1
2020-02-21,15:00:03,11663,11665,11664,1
2020-02-21,15:00:03,11664,11665,11664,1
2020-02-21,15:00:04,11663,11664,11664,1
2020-02-21,15:00:05,11663,11664,11664,1
2020-02-21,15:00:05,11663,11664,11663,1
2020-02-21,15:00:05,11663,11664,11663,2
2020-02-21,15:00:06,11663,11664,11664,1
2020-02-21,15:00:07,11663,11664,11663,2
2020-02-21,15:00:07,11663,11664,11664,11
2020-02-21,15:00:08,11663,11665,11665,1
2020-02-21,15:00:08,11663,11665,11663,8
2020-02-21,15:00:08,11662,11663,11663,4
2020-02-21,15:00:09,11664,11665,11664,1
2020-02-21,15:00:10,11664,11665,11664,1
2020-02-21,15:00:11,11663,11664,11664,1
2020-02-21,15:00:12,11663,11664,11664,1
2020-02-21,15:00:15,11663,11664,11664,2
2020-02-21,15:00:15,11663,11664,11664,1
2020-02-21,15:00:15,11663,11664,11664,2
2020-02-21,15:00:15,11663,11664,11664,1
2020-02-21,15:00:20,11663,11664,11664,1
2020-02-21,15:00:20,11663,11664,11664,1
2020-02-21,15:00:20,11663,11664,11664,2
2020-02-21,15:00:21,11664,11665,11664,1
2020-02-21,15:00:21,11664,11665,11664,1
2020-02-21,15:00:22,11664,11665,11664,1
2020-02-21,15:00:22,11664,11665,11664,1
2020-02-21,15:00:22,11664,11665,11664,1
2020-02-21,15:00:24,11664,11665,11665,1
2020-02-21,15:00:24,11664,11665,11664,2
2020-02-21,15:00:27,11664,11665,11664,1
2020-02-21,15:00:29,11663,11664,11664,1
2020-02-21,15:00:31,11663,11664,11664,3
2020-02-21,15:00:34,11663,11664,11663,1
2020-02-21,15:00:36,11663,11664,11664,1
2020-02-21,15:00:37,11663,11664,11664,2
2020-02-21,15:00:39,11663,11664,11663,2
2020-02-21,15:00:40,11663,11664,11663,1
2020-02-21,15:00:40,11663,11664,11663,3
2020-02-21,15:00:40,11663,11664,11663,3
2020-02-21,15:00:40,11663,11664,11663,5
2020-02-21,15:00:41,11662,11663,11662,2
2020-02-21,15:00:42,11662,11663,11662,1
2020-02-21,15:00:42,11662,11663,11662,1
2020-02-21,15:00:42,11662,11663,11662,1
2020-02-21,15:00:42,11662,11663,11662,1
2020-02-21,15:00:42,11661,11662,11661,1
2020-02-21,15:00:43,11661,11662,11662,2
2020-02-21,15:00:43,11662,11663,11662,2
2020-02-21,15:00:43,11662,11663,11662,1
2020-02-21,15:00:44,11662,11663,11662,1
2020-02-21,15:00:44,11662,11663,11662,9
2020-02-21,15:00:44,11662,11663,11662,4
2020-02-21,15:00:46,11660,11661,11661,1
2020-02-21,15:00:46,11660,11661,11662,1
2020-02-21,15:00:47,11661,11662,11661,1
2020-02-21,15:00:48,11661,11662,11661,1
2020-02-21,15:00:49,11661,11662,11662,1
2020-02-21,15:00:50,11662,11663,11663,1
2020-02-21,15:00:50,11662,11663,11663,1
2020-02-21,15:00:50,11662,11663,11663,1
2020-02-21,15:00:50,11662,11663,11662,1
2020-02-21,15:00:52,11661,11663,11661,1
2020-02-21,15:00:53,11661,11662,11662,1
2020-02-21,15:00:56,11662,11663,11662,1
2020-02-21,15:00:58,11662,11663,11662,1
2020-02-21,15:01:00,11662,11663,11662,1
2020-02-21,15:01:00,11662,11663,11663,1
2020-02-21,15:01:00,11662,11663,11663,3
2020-02-21,15:01:00,11662,11663,11664,2
2020-02-21,15:01:00,11663,11664,11663,1
2020-02-21,15:01:00,11663,11664,11664,1
2020-02-21,15:01:00,11663,11664,11662,1
2020-02-21,15:01:00,11663,11664,11663,4
2020-02-21,15:01:03,11663,11664,11663,1
2020-02-21,15:01:14,11663,11664,11663,1
2020-02-21,15:01:15,11663,11664,11663,1
2020-02-21,15:01:15,11663,11664,11663,7
2020-02-21,15:01:15,11663,11664,11663,1
2020-02-21,15:01:15,11663,11664,11663,1
2020-02-21,15:01:15,11663,11664,11663,3
2020-02-21,15:01:16,11662,11663,11662,1
2020-02-21,15:01:16,11662,11663,11662,1
2020-02-21,15:01:30,11662,11663,11662,1
2020-02-21,15:01:30,11662,11663,11662,1
2020-02-21,15:01:35,11662,11663,11663,1
2020-02-21,15:01:36,11662,11663,11663,1
2020-02-21,15:01:36,11662,11663,11663,1
2020-02-21,15:01:39,11662,11663,11662,5
2020-02-21,15:01:41,11662,11663,11662,1
2020-02-21,15:01:43,11662,11663,11662,1
2020-02-21,15:01:44,11662,11663,11662,1
2020-02-21,15:01:47,11662,11663,11662,2
2020-02-21,15:01:50,11662,11663,11662,1
2020-02-21,15:01:54,11662,11663,11662,1
2020-02-21,15:01:58,11662,11663,11662,2
2020-02-21,15:01:58,11662,11663,11662,1
2020-02-21,15:01:59,11662,11663,11662,1
2020-02-21,15:01:59,11662,11663,11662,1
2020-02-21,15:01:59,11662,11663,11663,1
2020-02-21,15:02:00,11662,11663,11662,1
2020-02-21,15:02:01,11661,11662,11662,2
2020-02-21,15:02:02,11661,11662,11662,1
2020-02-21,15:02:03,11661,11662,11661,1
2020-02-21,15:02:08,11661,11662,11661,1
2020-02-21,15:02:13,11661,11662,11661,2
2020-02-21,15:02:13,11661,11662,11661,3
2020-02-21,15:02:20,11660,11661,11660,4
2020-02-21,15:02:21,11658,11660,11658,1
2020-02-21,15:02:21,11658,11660,11658,1
2020-02-21,15:02:21,11658,11660,11658,1
2020-02-21,15:02:21,11658,11660,11658,1
2020-02-21,15:02:23,11659,11660,11659,1
2020-02-21,15:02:23,11659,11660,11660,2
2020-02-21,15:02:26,11659,11660,11659,2
2020-02-21,15:02:26,11659,11660,11659,2
2020-02-21,15:02:26,11658,11659,11658,8
2020-02-21,15:02:26,11658,11659,11658,3
2020-02-21,15:02:28,11657,11658,11656,12
2020-02-21,15:02:28,11657,11658,11657,3
2020-02-21,15:02:29,11656,11657,11656,2
2020-02-21,15:02:29,11656,11657,11657,1
2020-02-21,15:02:30,11656,11657,11656,4
2020-02-21,15:02:31,11656,11657,11656,1
2020-02-21,15:02:31,11656,11657,11656,8
2020-02-21,15:02:32,11655,11656,11656,1
2020-02-21,15:02:32,11655,11656,11656,6
2020-02-21,15:02:32,11655,11656,11656,1
2020-02-21,15:02:34,11656,11657,11657,1
2020-02-21,15:02:35,11656,11657,11656,3
2020-02-21,15:02:35,11656,11657,11657,1
2020-02-21,15:02:36,11656,11657,11656,2
2020-02-21,15:02:36,11656,11657,11657,3
2020-02-21,15:02:36,11656,11657,11657,1
2020-02-21,15:02:36,11656,11657,11656,2
2020-02-21,15:02:37,11656,11657,11656,1
2020-02-21,15:02:37,11656,11657,11656,2
2020-02-21,15:02:42,11656,11657,11656,1
2020-02-21,15:02:43,11656,11657,11657,1
2020-02-21,15:02:43,11656,11657,11656,1
2020-02-21,15:02:45,11656,11657,11657,1
2020-02-21,15:02:48,11656,11657,11656,2
2020-02-21,15:02:49,11656,11657,11656,1
2020-02-21,15:02:50,11656,11657,11656,1
2020-02-21,15:02:50,11656,11657,11657,1
2020-02-21,15:02:50,11656,11657,11657,1
2020-02-21,15:02:53,11656,11657,11657,1
2020-02-21,15:02:53,11656,11657,11657,1
2020-02-21,15:02:53,11656,11657,11657,1
2020-02-21,15:02:53,11656,11657,11657,1
2020-02-21,15:02:54,11656,11657,11657,1
2020-02-21,15:02:55,11656,11657,11656,2
2020-02-21,15:02:58,11656,11657,11657,1
2020-02-21,15:03:01,11656,11657,11656,4
2020-02-21,15:03:01,11656,11657,11656,5
2020-02-21,15:03:03,11656,11657,11656,1
2020-02-21,15:03:03,11656,11657,11656,1
2020-02-21,15:03:03,11656,11657,11656,2
2020-02-21,15:03:04,11656,11657,11656,15
2020-02-21,15:03:06,11656,11657,11656,5
2020-02-21,15:03:06,11655,11656,11656,1
2020-02-21,15:03:07,11655,11656,11655,1
2020-02-21,15:03:12,11655,11656,11655,1
2020-02-21,15:03:12,11655,11656,11655,2
2020-02-21,15:03:15,11655,11656,11655,1
2020-02-21,15:03:15,11655,11656,11655,1
2020-02-21,15:03:15,11655,11656,11655,6
2020-02-21,15:03:18,11654,11655,11654,1
2020-02-21,15:03:18,11654,11655,11654,2
2020-02-21,15:03:19,11654,11655,11654,1
2020-02-21,15:03:19,11653,11654,11653,1
2020-02-21,15:03:20,11653,11654,11653,1
2020-02-21,15:03:20,11653,11654,11653,1
2020-02-21,15:03:21,11653,11654,11653,2
2020-02-21,15:03:21,11653,11654,11653,1
2020-02-21,15:03:21,11653,11654,11653,1
2020-02-21,15:03:21,11653,11654,11653,1
2020-02-21,15:03:21,11652,11653,11651,7
2020-02-21,15:03:21,11652,11653,11652,13
2020-02-21,15:03:21,11651,11652,11651,4
2020-02-21,15:03:23,11651,11652,11651,1
2020-02-21,15:03:23,11651,11652,11651,1
2020-02-21,15:03:23,11651,11652,11651,2
2020-02-21,15:03:24,11651,11652,11652,6
2020-02-21,15:03:29,11652,11653,11652,8
2020-02-21,15:03:29,11651,11652,11652,2
2020-02-21,15:03:31,11652,11653,11653,1
2020-02-21,15:03:31,11652,11653,11652,1
2020-02-21,15:03:31,11652,11653,11652,1
2020-02-21,15:03:32,11652,11653,11652,1
2020-02-21,15:03:32,11652,11653,11652,1
2020-02-21,15:03:32,11652,11653,11652,1
2020-02-21,15:03:33,11652,11653,11652,1
2020-02-21,15:03:38,11652,11653,11653,3
2020-02-21,15:03:39,11652,11653,11653,1
2020-02-21,15:03:39,11652,11653,11653,1
2020-02-21,15:03:40,11652,11653,11653,1
2020-02-21,15:03:42,11652,11653,11652,1
2020-02-21,15:03:42,11652,11653,11653,1
2020-02-21,15:03:43,11652,11653,11653,1
2020-02-21,15:03:43,11652,11653,11653,1
2020-02-21,15:03:43,11652,11653,11653,1
2020-02-21,15:03:44,11652,11653,11652,10
2020-02-21,15:03:45,11652,11653,11652,1
2020-02-21,15:03:45,11652,11653,11652,1
2020-02-21,15:03:45,11652,11653,11652,3
2020-02-21,15:03:45,11652,11653,11652,2
2020-02-21,15:03:45,11652,11653,11652,1
2020-02-21,15:03:45,11652,11653,11652,7
2020-02-21,15:03:46,11651,11652,11652,1
2020-02-21,15:03:46,11651,11652,11651,33
2020-02-21,15:03:47,11650,11651,11651,1
2020-02-21,15:03:50,11650,11651,11651,1
2020-02-21,15:03:51,11650,11651,11651,3
2020-02-21,15:03:51,11650,11652,11652,1
2020-02-21,15:03:53,11651,11652,11651,1
2020-02-21,15:03:54,11651,11652,11652,1
2020-02-21,15:03:56,11651,11652,11652,3
2020-02-21,15:03:56,11651,11652,11652,1
2020-02-21,15:03:57,11651,11652,11652,1
2020-02-21,15:03:58,11651,11652,11651,1
2020-02-21,15:03:58,11651,11652,11652,1
2020-02-21,15:03:58,11651,11652,11651,2
2020-02-21,15:03:58,11651,11652,11651,1
2020-02-21,15:03:58,11651,11652,11652,1
2020-02-21,15:04:00,11651,11652,11652,1
2020-02-21,15:04:00,11651,11652,11651,2
2020-02-21,15:04:01,11651,11652,11651,1
2020-02-21,15:04:02,11651,11652,11652,1
2020-02-21,15:04:02,11651,11652,11651,1
2020-02-21,15:04:02,11651,11652,11651,1
2020-02-21,15:04:02,11651,11652,11651,1
2020-02-21,15:04:02,11651,11652,11651,1
2020-02-21,15:04:02,11651,11652,11651,3
2020-02-21,15:04:02,11651,11652,11651,1
2020-02-21,15:04:02,11651,11652,11651,1
2020-02-21,15:04:02,11651,11652,11651,1
2020-02-21,15:04:02,11651,11652,11651,1
2020-02-21,15:04:02,11651,11652,11651,1
2020-02-21,15:04:02,11651,11652,11651,1
2020-02-21,15:04:02,11651,11652,11651,2
2020-02-21,15:04:04,11651,11652,11651,1
2020-02-21,15:04:05,11651,11652,11651,1
2020-02-21,15:04:06,11651,11652,11651,1
2020-02-21,15:04:08,11651,11652,11651,4
2020-02-21,15:04:08,11651,11652,11652,1
2020-02-21,15:04:09,11651,11652,11652,2
2020-02-21,15:04:09,11651,11652,11651,5
2020-02-21,15:04:11,11651,11652,11651,1
2020-02-21,15:04:15,11651,11652,11652,1
2020-02-21,15:04:18,11651,11652,11651,5
2020-02-21,15:04:18,11651,11652,11651,1
2020-02-21,15:04:19,11650,11651,11651,2
2020-02-21,15:04:19,11651,11652,11651,2
2020-02-21,15:04:19,11651,11652,11652,10
2020-02-21,15:04:20,11651,11652,11652,1
2020-02-21,15:04:20,11651,11652,11651,1
2020-02-21,15:04:22,11651,11652,11651,2
2020-02-21,15:04:24,11651,11652,11651,1
2020-02-21,15:04:24,11651,11652,11651,3
2020-02-21,15:04:29,11651,11652,11652,2
2020-02-21,15:04:30,11651,11652,11652,1
2020-02-21,15:04:34,11651,11652,11652,1
2020-02-21,15:04:39,11651,11652,11652,1
2020-02-21,15:04:40,11651,11652,11652,1
2020-02-21,15:04:43,11651,11652,11652,11
2020-02-21,15:04:44,11652,11653,11652,1
2020-02-21,15:04:45,11652,11653,11653,1
2020-02-21,15:04:45,11652,11653,11653,1
2020-02-21,15:04:45,11652,11653,11653,7
2020-02-21,15:04:49,11652,11654,11652,2
2020-02-21,15:04:51,11652,11653,11653,2
2020-02-21,15:04:52,11653,11654,11654,2
2020-02-21,15:04:55,11653,11654,11653,10
2020-02-21,15:04:57,11653,11654,11653,2
2020-02-21,15:04:58,11653,11654,11653,2
2020-02-21,15:04:58,11653,11654,11653,2
2020-02-21,15:04:58,11653,11654,11653,2
2020-02-21,15:04:58,11653,11654,11653,2
2020-02-21,15:05:00,11652,11653,11653,1
2020-02-21,15:05:01,11652,11653,11652,3
2020-02-21,15:05:03,11652,11653,11653,1
2020-02-21,15:05:07,11652,11653,11653,1
2020-02-21,15:05:07,11652,11653,11653,1
2020-02-21,15:05:09,11653,11654,11654,2
2020-02-21,15:05:10,11653,11654,11653,12
2020-02-21,15:05:12,11653,11654,11654,17
2020-02-21,15:05:13,11654,11655,11654,1
2020-02-21,15:05:13,11654,11655,11654,5
2020-02-21,15:05:16,11653,11655,11655,2
2020-02-21,15:05:16,11653,11655,11655,2
2020-02-21,15:05:17,11653,11654,11654,2
2020-02-21,15:05:20,11654,11655,11655,10
2020-02-21,15:05:20,11654,11655,11655,2
2020-02-21,15:05:20,11654,11655,11655,8
2020-02-21,15:05:20,11654,11656,11656,1
2020-02-21,15:05:22,11655,11656,11655,2
2020-02-21,15:05:23,11655,11656,11656,5
2020-02-21,15:05:23,11655,11656,11655,1
2020-02-21,15:05:25,11655,11656,11656,1
2020-02-21,15:05:27,11655,11656,11656,2
2020-02-21,15:05:27,11655,11656,11656,1
2020-02-21,15:05:27,11655,11656,11655,10
2020-02-21,15:05:28,11655,11656,11656,1
2020-02-21,15:05:29,11655,11656,11655,2
2020-02-21,15:05:29,11655,11656,11655,1
2020-02-21,15:05:29,11654,11655,11655,2
2020-02-21,15:05:29,11654,11655,11655,2
2020-02-21,15:05:32,11654,11655,11655,1
2020-02-21,15:05:34,11654,11655,11655,1
2020-02-21,15:05:36,11655,11656,11655,1
2020-02-21,15:05:37,11654,11656,11654,1
2020-02-21,15:05:46,11655,11656,11655,1
2020-02-21,15:05:46,11655,11656,11655,1
2020-02-21,15:05:46,11655,11656,11655,1
2020-02-21,15:05:46,11655,11656,11655,1
2020-02-21,15:05:47,11654,11655,11654,1
2020-02-21,15:05:49,11654,11655,11654,2
2020-02-21,15:05:51,11654,11655,11655,1
2020-02-21,15:05:53,11654,11655,11655,1
2020-02-21,15:05:56,11654,11655,11654,5
2020-02-21,15:05:59,11654,11655,11654,2
2020-02-21,15:06:00,11653,11654,11653,1
2020-02-21,15:06:07,11653,11654,11653,1
2020-02-21,15:06:28,11653,11654,11653,1
2020-02-21,15:06:30,11653,11654,11653,2
2020-02-21,15:06:32,11653,11654,11653,3
2020-02-21,15:06:32,11653,11654,11653,1
2020-02-21,15:06:32,11653,11654,11653,4
2020-02-21,15:06:32,11653,11654,11653,1
2020-02-21,15:06:32,11653,11654,11653,3
2020-02-21,15:06:32,11653,11654,11653,1
2020-02-21,15:06:32,11653,11654,11653,1
2020-02-21,15:06:37,11652,11653,11652,1
2020-02-21,15:06:39,11652,11653,11652,1
2020-02-21,15:06:41,11652,11653,11652,2
2020-02-21,15:06:42,11652,11653,11652,1
2020-02-21,15:06:43,11652,11653,11652,1
2020-02-21,15:06:44,11652,11653,11652,1
2020-02-21,15:06:45,11652,11653,11652,1
2020-02-21,15:06:46,11652,11653,11653,3
2020-02-21,15:06:48,11652,11653,11653,1
2020-02-21,15:06:53,11652,11653,11652,3
2020-02-21,15:06:54,11652,11653,11653,1
2020-02-21,15:06:56,11652,11653,11652,2
2020-02-21,15:07:05,11652,11653,11652,7
2020-02-21,15:07:06,11651,11652,11652,1
2020-02-21,15:07:08,11651,11652,11652,2
2020-02-21,15:07:08,11651,11652,11651,5
2020-02-21,15:07:08,11651,11652,11651,1
2020-02-21,15:07:10,11651,11652,11651,29
2020-02-21,15:07:11,11650,11651,11650,2
2020-02-21,15:07:11,11650,11651,11650,1
2020-02-21,15:07:11,11650,11651,11650,1
2020-02-21,15:07:11,11650,11651,11650,2
2020-02-21,15:07:12,11650,11651,11650,1
2020-02-21,15:07:12,11650,11651,11650,3
2020-02-21,15:07:12,11650,11651,11651,2
2020-02-21,15:07:12,11650,11651,11650,2
2020-02-21,15:07:12,11650,11651,11650,2
2020-02-21,15:07:12,11650,11651,11649,1
2020-02-21,15:07:12,11649,11651,11649,1
2020-02-21,15:07:12,11649,11651,11649,1
2020-02-21,15:07:12,11649,11650,11649,1
2020-02-21,15:07:12,11649,11650,11649,1
2020-02-21,15:07:12,11648,11649,11649,1
2020-02-21,15:07:12,11649,11650,11649,2
2020-02-21,15:07:12,11649,11650,11649,2
2020-02-21,15:07:13,11648,11650,11648,2
2020-02-21,15:07:13,11648,11650,11648,1
2020-02-21,15:07:15,11648,11649,11649,1
2020-02-21,15:07:20,11648,11649,11648,1
2020-02-21,15:07:21,11648,11649,11648,1
2020-02-21,15:07:21,11648,11649,11648,1
2020-02-21,15:07:21,11648,11649,11648,7
2020-02-21,15:07:21,11648,11649,11648,12
2020-02-21,15:07:22,11647,11648,11647,1
2020-02-21,15:07:22,11647,11648,11648,1
2020-02-21,15:07:22,11647,11648,11646,1
2020-02-21,15:07:22,11647,11648,11647,1
2020-02-21,15:07:22,11646,11648,11646,1
2020-02-21,15:07:23,11647,11648,11648,1
2020-02-21,15:07:23,11647,11648,11648,1
2020-02-21,15:07:23,11647,11648,11648,1
2020-02-21,15:07:23,11647,11648,11648,1
2020-02-21,15:07:24,11647,11648,11647,1
2020-02-21,15:07:28,11648,11649,11648,1
2020-02-21,15:07:28,11648,11649,11648,2
2020-02-21,15:07:28,11648,11649,11648,1
2020-02-21,15:07:29,11648,11649,11648,1
2020-02-21,15:07:33,11648,11649,11648,2
2020-02-21,15:07:35,11648,11649,11648,2
2020-02-21,15:07:35,11648,11649,11649,1
2020-02-21,15:07:36,11648,11649,11648,2
2020-02-21,15:07:36,11648,11649,11649,10
2020-02-21,15:07:36,11648,11650,11650,9
2020-02-21,15:07:38,11648,11649,11648,1
2020-02-21,15:07:38,11648,11649,11649,1
2020-02-21,15:07:40,11649,11650,11649,1
2020-02-21,15:07:40,11649,11650,11649,1
2020-02-21,15:07:42,11648,11649,11649,1
2020-02-21,15:07:43,11648,11649,11648,2
2020-02-21,15:07:44,11648,11649,11649,2
2020-02-21,15:07:47,11648,11649,11649,1
2020-02-21,15:07:49,11648,11649,11649,2
2020-02-21,15:07:50,11648,11649,11648,15
2020-02-21,15:07:50,11648,11649,11648,2
2020-02-21,15:07:52,11648,11649,11648,1
2020-02-21,15:07:53,11648,11649,11648,2
2020-02-21,15:07:54,11647,11649,11647,1
2020-02-21,15:07:55,11648,11649,11648,1
2020-02-21,15:07:55,11648,11649,11648,1
2020-02-21,15:08:00,11648,11649,11648,1
2020-02-21,15:08:02,11647,11648,11648,1
2020-02-21,15:08:02,11647,11648,11647,1
2020-02-21,15:08:03,11647,11648,11646,26
2020-02-21,15:08:03,11647,11648,11647,4
2020-02-21,15:08:03,11646,11647,11646,1
2020-02-21,15:08:04,11645,11647,11645,1
2020-02-21,15:08:05,11645,11647,11647,1
2020-02-21,15:08:06,11645,11646,11645,1
2020-02-21,15:08:06,11645,11646,11645,10
2020-02-21,15:08:06,11645,11646,11645,2
2020-02-21,15:08:10,11645,11646,11645,6
2020-02-21,15:08:10,11645,11646,11646,1
2020-02-21,15:08:11,11644,11645,11645,6
2020-02-21,15:08:12,11644,11645,11645,15
2020-02-21,15:08:12,11644,11645,11645,1
2020-02-21,15:08:12,11645,11646,11645,2
2020-02-21,15:08:13,11645,11646,11645,2
2020-02-21,15:08:14,11645,11646,11645,1
2020-02-21,15:08:14,11645,11646,11645,1
2020-02-21,15:08:14,11645,11646,11645,5
2020-02-21,15:08:15,11645,11646,11645,1
2020-02-21,15:08:17,11645,11646,11646,1
2020-02-21,15:08:19,11645,11646,11646,4
2020-02-21,15:08:23,11645,11646,11645,1
2020-02-21,15:08:23,11645,11646,11645,2
2020-02-21,15:08:26,11645,11646,11645,6
2020-02-21,15:08:26,11645,11646,11645,25
2020-02-21,15:08:26,11644,11645,11645,1
2020-02-21,15:08:27,11644,11645,11645,1
2020-02-21,15:08:27,11644,11645,11645,2
2020-02-21,15:08:28,11644,11645,11644,2
2020-02-21,15:08:29,11644,11645,11644,1
2020-02-21,15:08:29,11644,11645,11643,1
2020-02-21,15:08:29,11643,11645,11643,2
2020-02-21,15:08:33,11644,11645,11645,1
2020-02-21,15:08:34,11644,11645,11645,12
2020-02-21,15:08:34,11644,11645,11645,12
2020-02-21,15:08:36,11645,11646,11645,1
2020-02-21,15:08:37,11645,11646,11645,1
2020-02-21,15:08:37,11645,11646,11646,50
2020-02-21,15:08:37,11646,11647,11647,1
2020-02-21,15:08:38,11647,11648,11648,10
2020-02-21,15:08:39,11647,11648,11647,1
2020-02-21,15:08:42,11647,11648,11647,20
2020-02-21,15:08:42,11647,11648,11647,3
2020-02-21,15:08:42,11647,11648,11647,1
2020-02-21,15:08:44,11647,11648,11647,2
2020-02-21,15:08:46,11646,11647,11647,1
2020-02-21,15:08:48,11645,11647,11647,1
2020-02-21,15:08:49,11645,11647,11645,1
2020-02-21,15:08:49,11645,11646,11646,2
2020-02-21,15:08:51,11645,11646,11646,3
2020-02-21,15:08:54,11645,11646,11646,1
2020-02-21,15:08:58,11645,11646,11645,4
2020-02-21,15:08:58,11644,11645,11645,2
2020-02-21,15:08:59,11644,11645,11645,2
2020-02-21,15:08:59,11644,11645,11645,1
2020-02-21,15:08:59,11644,11645,11645,1
2020-02-21,15:09:00,11644,11645,11645,1
2020-02-21,15:09:01,11644,11645,11645,1
2020-02-21,15:09:01,11644,11646,11646,1
2020-02-21,15:09:04,11645,11646,11645,1
2020-02-21,15:09:08,11645,11646,11646,1
2020-02-21,15:09:08,11646,11647,11646,2
2020-02-21,15:09:10,11645,11647,11647,1
2020-02-21,15:09:11,11645,11646,11645,3
2020-02-21,15:09:18,11646,11647,11646,2
2020-02-21,15:09:22,11645,11647,11645,30
2020-02-21,15:09:22,11645,11646,11645,4
2020-02-21,15:09:23,11644,11645,11645,1
2020-02-21,15:09:26,11644,11646,11646,1
2020-02-21,15:09:29,11645,11646,11646,1
2020-02-21,15:09:33,11645,11646,11645,1
2020-02-21,15:09:34,11645,11646,11646,1
2020-02-21,15:09:36,11645,11646,11645,1
2020-02-21,15:09:41,11645,11646,11646,1
2020-02-21,15:09:43,11645,11646,11646,6
2020-02-21,15:09:43,11646,11647,11646,4
2020-02-21,15:09:44,11646,11647,11646,1
2020-02-21,15:09:45,11645,11646,11645,1
2020-02-21,15:09:45,11645,11646,11646,1
2020-02-21,15:09:49,11645,11646,11646,1
2020-02-21,15:09:51,11645,11646,11646,1
2020-02-21,15:09:53,11646,11647,11646,1
2020-02-21,15:09:57,11646,11647,11646,1
2020-02-21,15:09:58,11646,11647,11646,1
2020-02-21,15:10:02,11645,11646,11646,1
2020-02-21,15:10:02,11645,11646,11645,4
2020-02-21,15:10:02,11645,11646,11645,2
2020-02-21,15:10:02,11645,11646,11645,1
2020-02-21,15:10:02,11645,11646,11645,2
2020-02-21,15:10:02,11645,11646,11645,1
2020-02-21,15:10:02,11645,11646,11645,1
2020-02-21,15:10:02,11645,11646,11645,1
2020-02-21,15:10:08,11645,11646,11645,1
2020-02-21,15:10:08,11645,11646,11645,3
2020-02-21,15:10:08,11645,11646,11645,1
2020-02-21,15:10:08,11644,11645,11645,2
2020-02-21,15:10:08,11644,11645,11644,1
2020-02-21,15:10:08,11644,11645,11644,1
2020-02-21,15:10:08,11644,11645,11644,1
2020-02-21,15:10:08,11644,11645,11644,1
2020-02-21,15:10:08,11644,11645,11644,1
2020-02-21,15:10:08,11644,11645,11644,2
2020-02-21,15:10:08,11644,11645,11644,1
2020-02-21,15:10:08,11644,11645,11644,5
2020-02-21,15:10:08,11644,11645,11644,1
2020-02-21,15:10:08,11644,11645,11644,1
2020-02-21,15:10:08,11644,11645,11644,2
2020-02-21,15:10:08,11644,11645,11644,1
2020-02-21,15:10:08,11644,11645,11644,2
2020-02-21,15:10:08,11644,11645,11644,1
2020-02-21,15:10:08,11644,11645,11644,2
2020-02-21,15:10:08,11644,11645,11644,1
2020-02-21,15:10:08,11644,11645,11644,1
2020-02-21,15:10:08,11644,11645,11644,2
2020-02-21,15:10:08,11644,11645,11644,1
2020-02-21,15:10:08,11644,11645,11644,1
2020-02-21,15:10:08,11644,11645,11643,1
2020-02-21,15:10:09,11643,11645,11645,2
2020-02-21,15:10:09,11643,11645,11644,1
2020-02-21,15:10:09,11643,11645,11645,2
2020-02-21,15:10:11,11644,11645,11644,1
2020-02-21,15:10:13,11644,11645,11645,1
2020-02-21,15:10:15,11644,11645,11645,5
2020-02-21,15:10:16,11644,11645,11644,1
2020-02-21,15:10:16,11644,11645,11645,1
2020-02-21,15:10:17,11644,11645,11645,1
2020-02-21,15:10:19,11644,11645,11644,2
2020-02-21,15:10:20,11644,11645,11644,1
2020-02-21,15:10:24,11644,11645,11644,5
2020-02-21,15:10:29,11644,11645,11644,1
2020-02-21,15:10:29,11644,11645,11644,1
2020-02-21,15:10:30,11644,11645,11644,1
2020-02-21,15:10:33,11643,11644,11643,1
2020-02-21,15:10:34,11643,11644,11643,1
2020-02-21,15:10:34,11643,11644,11643,1
2020-02-21,15:10:35,11643,11644,11644,1
2020-02-21,15:10:39,11643,11644,11643,1
2020-02-21,15:10:40,11643,11644,11643,1
2020-02-21,15:10:41,11643,11644,11643,4
2020-02-21,15:10:41,11643,11644,11643,10
2020-02-21,15:10:42,11643,11644,11643,1
2020-02-21,15:10:43,11642,11643,11643,2
2020-02-21,15:10:44,11642,11643,11642,5
2020-02-21,15:10:44,11642,11643,11642,5
2020-02-21,15:10:44,11642,11643,11642,5
2020-02-21,15:10:44,11642,11643,11642,1
2020-02-21,15:10:44,11642,11643,11642,1
2020-02-21,15:10:44,11642,11643,11642,2
2020-02-21,15:10:44,11642,11643,11641,1
2020-02-21,15:10:45,11641,11642,11641,2
2020-02-21,15:10:45,11641,11642,11641,1
2020-02-21,15:10:45,11641,11642,11642,1
2020-02-21,15:10:45,11641,11642,11641,1
2020-02-21,15:10:45,11641,11642,11641,1
2020-02-21,15:10:46,11641,11642,11641,1
2020-02-21,15:10:49,11642,11643,11642,2
2020-02-21,15:10:50,11642,11643,11642,1
2020-02-21,15:10:51,11642,11643,11643,1
2020-02-21,15:10:51,11642,11643,11643,6
2020-02-21,15:10:52,11643,11644,11643,1
2020-02-21,15:10:52,11643,11644,11644,3
2020-02-21,15:10:52,11643,11644,11643,20
2020-02-21,15:10:55,11642,11643,11643,1
2020-02-21,15:10:58,11642,11643,11643,1
2020-02-21,15:10:59,11642,11643,11643,1
2020-02-21,15:10:59,11642,11643,11643,2
2020-02-21,15:11:00,11642,11643,11643,1
2020-02-21,15:11:00,11642,11643,11642,2
2020-02-21,15:11:00,11642,11643,11643,27
2020-02-21,15:11:00,11642,11643,11643,1
2020-02-21,15:11:02,11643,11644,11644,1
2020-02-21,15:11:06,11643,11644,11644,2
2020-02-21,15:11:07,11644,11645,11644,1
2020-02-21,15:11:07,11643,11645,11644,2
2020-02-21,15:11:08,11644,11645,11645,1
2020-02-21,15:11:12,11644,11645,11644,1
2020-02-21,15:11:13,11644,11645,11644,7
2020-02-21,15:11:14,11644,11645,11644,2
2020-02-21,15:11:14,11644,11645,11644,1
2020-02-21,15:11:14,11644,11645,11644,2
2020-02-21,15:11:14,11644,11645,11644,1
2020-02-21,15:11:14,11644,11645,11644,1
2020-02-21,15:11:20,11643,11644,11644,1
2020-02-21,15:11:22,11643,11645,11643,1
2020-02-21,15:11:25,11644,11645,11645,1
2020-02-21,15:11:25,11644,11645,11645,1
2020-02-21,15:11:25,11644,11645,11645,1
2020-02-21,15:11:25,11644,11645,11645,1
2020-02-21,15:11:25,11644,11645,11645,1
2020-02-21,15:11:25,11644,11645,11645,1
2020-02-21,15:11:25,11644,11645,11645,1
2020-02-21,15:11:25,11644,11645,11645,1
2020-02-21,15:11:25,11644,11645,11645,2
2020-02-21,15:11:25,11644,11645,11645,2
2020-02-21,15:11:25,11644,11645,11645,9
2020-02-21,15:11:25,11644,11645,11645,2
2020-02-21,15:11:25,11644,11645,11644,1
2020-02-21,15:11:26,11644,11645,11644,3
2020-02-21,15:11:27,11644,11645,11644,1
2020-02-21,15:11:31,11644,11645,11645,2
2020-02-21,15:11:32,11644,11645,11644,1
2020-02-21,15:11:34,11644,11645,11644,1
2020-02-21,15:11:40,11644,11645,11644,2
2020-02-21,15:11:41,11644,11645,11644,1
2020-02-21,15:11:44,11644,11645,11645,1
2020-02-21,15:11:47,11644,11645,11644,3
2020-02-21,15:11:47,11644,11645,11644,2
2020-02-21,15:11:47,11643,11644,11644,1
2020-02-21,15:11:47,11643,11644,11644,1
2020-02-21,15:11:48,11643,11644,11644,2
2020-02-21,15:11:49,11643,11644,11644,4
2020-02-21,15:11:50,11643,11644,11643,2
2020-02-21,15:11:51,11643,11644,11643,1
2020-02-21,15:11:52,11643,11644,11643,1
2020-02-21,15:11:54,11643,11644,11644,1
2020-02-21,15:11:58,11643,11644,11644,5
2020-02-21,15:12:01,11643,11644,11644,1
2020-02-21,15:12:04,11643,11644,11644,4
2020-02-21,15:12:11,11644,11645,11645,1
2020-02-21,15:12:13,11644,11645,11645,2
2020-02-21,15:12:15,11644,11645,11644,2
2020-02-21,15:12:15,11644,11645,11645,1
2020-02-21,15:12:17,11644,11645,11645,1
2020-02-21,15:12:18,11644,11645,11645,1
2020-02-21,15:12:21,11644,11645,11644,4
2020-02-21,15:12:21,11644,11645,11644,8
2020-02-21,15:12:21,11644,11645,11644,4
2020-02-21,15:12:21,11643,11645,11644,1
2020-02-21,15:12:23,11643,11645,11643,1
2020-02-21,15:12:25,11643,11644,11643,1
2020-02-21,15:12:29,11643,11644,11643,2
2020-02-21,15:12:33,11643,11644,11644,1
2020-02-21,15:12:35,11643,11644,11644,2
2020-02-21,15:12:35,11643,11644,11644,2
2020-02-21,15:12:36,11643,11644,11643,6
2020-02-21,15:12:36,11643,11644,11643,4
2020-02-21,15:12:38,11642,11643,11643,7
2020-02-21,15:12:38,11642,11643,11642,1
2020-02-21,15:12:39,11642,11643,11642,1
2020-02-21,15:12:39,11642,11643,11642,2
2020-02-21,15:12:39,11642,11643,11642,8
2020-02-21,15:12:39,11642,11643,11642,3
2020-02-21,15:12:39,11642,11643,11642,3
2020-02-21,15:12:39,11642,11643,11642,1
2020-02-21,15:12:39,11642,11643,11642,2
2020-02-21,15:12:39,11642,11643,11642,2
2020-02-21,15:12:39,11642,11643,11642,21
2020-02-21,15:12:39,11641,11642,11641,15
2020-02-21,15:12:39,11641,11642,11641,1
2020-02-21,15:12:40,11641,11642,11642,1
2020-02-21,15:12:41,11641,11642,11641,1
2020-02-21,15:12:41,11641,11642,11641,3
2020-02-21,15:12:41,11641,11642,11641,1
2020-02-21,15:12:41,11640,11641,11640,1
2020-02-21,15:12:41,11640,11641,11640,1
2020-02-21,15:12:41,11640,11641,11640,3
2020-02-21,15:12:41,11640,11641,11640,4
2020-02-21,15:12:41,11640,11641,11640,2
2020-02-21,15:12:42,11640,11641,11641,1
2020-02-21,15:12:42,11640,11641,11640,2
2020-02-21,15:12:42,11640,11641,11640,2
2020-02-21,15:12:44,11640,11641,11640,2
2020-02-21,15:12:44,11640,11641,11640,1
2020-02-21,15:12:48,11640,11641,11641,1
2020-02-21,15:12:49,11640,11642,11640,10
2020-02-21,15:12:49,11640,11642,11640,1
2020-02-21,15:12:49,11640,11642,11640,1
2020-02-21,15:12:50,11641,11642,11640,5
2020-02-21,15:12:50,11641,11642,11641,5
2020-02-21,15:12:51,11641,11642,11641,4
2020-02-21,15:12:53,11640,11641,11640,1
2020-02-21,15:12:53,11640,11641,11640,14
2020-02-21,15:12:53,11639,11640,11639,1
2020-02-21,15:12:53,11639,11640,11639,1
2020-02-21,15:12:53,11639,11640,11640,1
2020-02-21,15:12:54,11639,11641,11639,1
2020-02-21,15:12:56,11640,11641,11640,1
2020-02-21,15:12:57,11639,11641,11641,1
2020-02-21,15:12:59,11639,11641,11641,1
2020-02-21,15:13:01,11639,11640,11640,1
2020-02-21,15:13:06,11639,11640,11640,1
2020-02-21,15:13:06,11639,11640,11640,5
2020-02-21,15:13:06,11639,11640,11640,1
2020-02-21,15:13:07,11640,11641,11640,1
2020-02-21,15:13:11,11640,11641,11640,1
2020-02-21,15:13:11,11640,11641,11640,1
2020-02-21,15:13:11,11640,11641,11640,1
2020-02-21,15:13:11,11640,11641,11640,1
2020-02-21,15:13:11,11640,11641,11640,1
2020-02-21,15:13:11,11640,11641,11640,2
2020-02-21,15:13:11,11640,11641,11640,3
2020-02-21,15:13:11,11640,11641,11640,1
2020-02-21,15:13:11,11640,11641,11640,1
2020-02-21,15:13:11,11640,11641,11640,1
2020-02-21,15:13:11,11640,11641,11640,1
2020-02-21,15:13:11,11640,11641,11639,1
2020-02-21,15:13:11,11640,11641,11640,3
2020-02-21,15:13:13,11640,11641,11640,1
2020-02-21,15:13:13,11640,11641,11640,1
2020-02-21,15:13:13,11640,11641,11640,1
2020-02-21,15:13:14,11640,11641,11641,1
2020-02-21,15:13:15,11640,11641,11641,1
2020-02-21,15:13:16,11640,11641,11640,6
2020-02-21,15:13:17,11639,11640,11640,1
2020-02-21,15:13:19,11639,11640,11639,11
2020-02-21,15:13:20,11638,11639,11638,1
2020-02-21,15:13:20,11638,11639,11638,2
2020-02-21,15:13:20,11638,11639,11639,1
2020-02-21,15:13:22,11638,11639,11639,1
2020-02-21,15:13:25,11639,11640,11639,1
2020-02-21,15:13:25,11639,11640,11639,1
2020-02-21,15:13:27,11639,11640,11639,1
2020-02-21,15:13:27,11639,11640,11639,1
2020-02-21,15:13:27,11639,11640,11639,5
2020-02-21,15:13:28,11639,11640,11639,1
2020-02-21,15:13:28,11638,11640,11640,1
2020-02-21,15:13:31,11638,11639,11639,1
2020-02-21,15:13:31,11638,11639,11639,2
2020-02-21,15:13:32,11639,11640,11639,1
2020-02-21,15:13:37,11639,11640,11639,10
2020-02-21,15:13:41,11639,11640,11640,1
2020-02-21,15:13:41,11639,11640,11640,1
2020-02-21,15:13:41,11639,11640,11640,2
2020-02-21,15:13:41,11639,11640,11640,8
2020-02-21,15:13:41,11639,11640,11640,1
2020-02-21,15:13:41,11639,11640,11640,1
2020-02-21,15:13:41,11639,11640,11640,2
2020-02-21,15:13:41,11639,11640,11640,1
2020-02-21,15:13:41,11639,11640,11640,2
2020-02-21,15:13:41,11639,11640,11640,4
2020-02-21,15:13:41,11639,11640,11640,1
2020-02-21,15:13:41,11639,11640,11640,1
2020-02-21,15:13:41,11639,11640,11640,1
2020-02-21,15:13:41,11639,11640,11640,13
2020-02-21,15:13:43,11640,11641,11641,1
2020-02-21,15:13:45,11640,11641,11640,5
2020-02-21,15:13:47,11640,11641,11641,1
2020-02-21,15:13:48,11640,11641,11641,3
2020-02-21,15:13:52,11640,11641,11641,1
2020-02-21,15:13:53,11640,11641,11641,2
2020-02-21,15:13:54,11640,11641,11640,1
2020-02-21,15:13:55,11640,11641,11641,1
2020-02-21,15:13:56,11640,11641,11641,1
2020-02-21,15:13:57,11640,11641,11641,1
2020-02-21,15:13:57,11640,11641,11640,10
2020-02-21,15:14:09,11640,11641,11641,5
2020-02-21,15:14:09,11641,11642,11642,24
2020-02-21,15:14:09,11641,11642,11642,1
2020-02-21,15:14:09,11641,11642,11642,2
2020-02-21,15:14:09,11641,11642,11642,1
2020-02-21,15:14:09,11641,11642,11642,1
2020-02-21,15:14:09,11641,11642,11642,1
2020-02-21,15:14:09,11641,11642,11642,1
2020-02-21,15:14:09,11641,11642,11642,1
2020-02-21,15:14:09,11641,11642,11642,1
2020-02-21,15:14:09,11642,11643,11642,2
2020-02-21,15:14:09,11642,11643,11642,1
2020-02-21,15:14:09,11642,11643,11642,1
2020-02-21,15:14:12,11642,11643,11642,2
2020-02-21,15:14:14,11642,11643,11642,1
2020-02-21,15:14:14,11642,11643,11642,2
2020-02-21,15:14:17,11642,11643,11642,1
2020-02-21,15:14:18,11642,11643,11643,1
2020-02-21,15:14:21,11642,11643,11642,1
2020-02-21,15:14:21,11642,11643,11642,2
2020-02-21,15:14:25,11640,11642,11642,1
2020-02-21,15:14:25,11640,11642,11642,2
2020-02-21,15:14:32,11641,11642,11642,1
2020-02-21,15:14:34,11641,11642,11642,1
2020-02-21,15:14:35,11641,11642,11642,1
2020-02-21,15:14:37,11641,11642,11642,1
2020-02-21,15:14:41,11642,11643,11642,1
2020-02-21,15:14:43,11641,11643,11643,1
2020-02-21,15:14:46,11641,11643,11641,27
2020-02-21,15:14:46,11640,11641,11641,3
2020-02-21,15:14:46,11640,11641,11641,18
2020-02-21,15:14:46,11640,11642,11641,1
2020-02-21,15:14:47,11641,11642,11642,2
2020-02-21,15:14:47,11641,11642,11642,1
2020-02-21,15:14:51,11640,11642,11641,2
2020-02-21,15:14:54,11641,11642,11641,2
2020-02-21,15:14:54,11641,11642,11641,6
2020-02-21,15:14:54,11640,11641,11641,2
2020-02-21,15:14:56,11641,11642,11641,1
2020-02-21,15:15:01,11641,11642,11642,1
2020-02-21,15:15:01,11641,11642,11641,1
2020-02-21,15:15:01,11641,11642,11641,1
2020-02-21,15:15:01,11641,11642,11641,1
2020-02-21,15:15:01,11641,11642,11642,1
2020-02-21,15:15:01,11641,11642,11641,3
2020-02-21,15:15:03,11641,11642,11641,1
2020-02-21,15:15:03,11641,11642,11641,2
2020-02-21,15:15:03,11641,11642,11641,2
2020-02-21,15:15:05,11640,11641,11640,1
2020-02-21,15:15:06,11640,11641,11641,1
2020-02-21,15:15:16,11640,11641,11640,2
2020-02-21,15:15:17,11640,11641,11641,1
2020-02-21,15:15:19,11640,11641,11641,1
2020-02-21,15:15:19,11640,11641,11641,1
2020-02-21,15:15:19,11640,11641,11641,1
2020-02-21,15:15:19,11640,11641,11641,1
2020-02-21,15:15:20,11641,11642,11641,2
2020-02-21,15:15:22,11641,11642,11642,1
2020-02-21,15:15:22,11641,11642,11641,1
2020-02-21,15:15:25,11641,11642,11642,2
2020-02-21,15:15:38,11642,11643,11642,1
2020-02-21,15:15:42,11642,11643,11642,3
2020-02-21,15:15:44,11642,11643,11643,1
2020-02-21,15:15:48,11642,11643,11642,1
2020-02-21,15:15:52,11642,11643,11642,2
2020-02-21,15:15:52,11642,11643,11643,1
2020-02-21,15:15:53,11642,11643,11643,1
2020-02-21,15:15:53,11642,11643,11642,1
2020-02-21,15:15:54,11642,11643,11642,1
2020-02-21,15:15:56,11642,11643,11642,6
2020-02-21,15:16:00,11642,11643,11643,9
2020-02-21,15:16:02,11643,11644,11643,1
2020-02-21,15:16:03,11643,11644,11643,1
2020-02-21,15:16:08,11643,11644,11642,1
2020-02-21,15:16:08,11643,11644,11643,1
2020-02-21,15:16:09,11643,11644,11643,1
2020-02-21,15:16:13,11642,11643,11643,1
2020-02-21,15:16:16,11642,11643,11643,1
2020-02-21,15:16:18,11642,11643,11642,2
2020-02-21,15:16:19,11642,11643,11643,1
2020-02-21,15:16:20,11642,11643,11643,1
2020-02-21,15:16:20,11642,11643,11643,9
2020-02-21,15:16:23,11643,11644,11644,4
2020-02-21,15:16:23,11643,11644,11644,3
2020-02-21,15:16:24,11643,11645,11644,1
2020-02-21,15:16:24,11644,11645,11644,1
2020-02-21,15:16:24,11643,11644,11644,1
2020-02-21,15:16:29,11643,11644,11644,1
2020-02-21,15:16:30,11643,11644,11644,1
2020-02-21,15:16:30,11643,11644,11644,1
2020-02-21,15:16:31,11643,11644,11644,1
2020-02-21,15:16:31,11643,11644,11644,2
2020-02-21,15:16:33,11643,11644,11644,1
2020-02-21,15:16:34,11643,11644,11644,4
2020-02-21,15:16:34,11643,11644,11645,1
2020-02-21,15:16:34,11643,11645,11643,6
2020-02-21,15:16:34,11643,11645,11644,1
2020-02-21,15:16:37,11643,11644,11644,5
2020-02-21,15:16:39,11643,11645,11643,1
2020-02-21,15:16:39,11643,11645,11645,1
2020-02-21,15:16:42,11644,11645,11644,1
2020-02-21,15:16:43,11644,11645,11645,1
2020-02-21,15:16:43,11644,11645,11644,5
2020-02-21,15:16:44,11644,11645,11644,2
2020-02-21,15:16:45,11644,11645,11645,8
2020-02-21,15:16:46,11644,11645,11645,8
2020-02-21,15:16:49,11645,11646,11645,15
2020-02-21,15:16:50,11645,11646,11646,1
2020-02-21,15:16:50,11645,11646,11646,1
2020-02-21,15:16:51,11645,11646,11646,2
2020-02-21,15:16:51,11645,11646,11646,3
2020-02-21,15:16:51,11645,11646,11646,12
2020-02-21,15:16:54,11646,11647,11646,1
2020-02-21,15:16:56,11646,11647,11647,1
2020-02-21,15:16:56,11646,11647,11647,2
2020-02-21,15:16:56,11646,11647,11647,1
2020-02-21,15:16:57,11646,11647,11646,5
2020-02-21,15:16:57,11646,11647,11646,3
2020-02-21,15:17:00,11646,11647,11646,5
2020-02-21,15:17:01,11646,11647,11646,1
2020-02-21,15:17:02,11646,11647,11646,1
2020-02-21,15:17:03,11646,11647,11646,1
2020-02-21,15:17:04,11646,11647,11646,5
2020-02-21,15:17:04,11646,11647,11646,3
2020-02-21,15:17:09,11645,11646,11646,1
2020-02-21,15:17:10,11645,11646,11646,1
2020-02-21,15:17:12,11645,11646,11646,2
2020-02-21,15:17:13,11645,11646,11646,2
2020-02-21,15:17:14,11645,11646,11646,1
2020-02-21,15:17:14,11645,11646,11646,1
2020-02-21,15:17:14,11645,11646,11646,1
2020-02-21,15:17:14,11645,11646,11646,2
2020-02-21,15:17:16,11646,11647,11646,1
2020-02-21,15:17:16,11646,11647,11646,3
2020-02-21,15:17:22,11645,11646,11646,1
2020-02-21,15:17:22,11645,11646,11646,3
2020-02-21,15:17:23,11645,11646,11646,2
2020-02-21,15:17:23,11646,11647,11647,2
2020-02-21,15:17:28,11646,11647,11647,5
2020-02-21,15:17:29,11646,11647,11647,1
2020-02-21,15:17:30,11646,11647,11647,1
2020-02-21,15:17:31,11646,11647,11647,1
2020-02-21,15:17:33,11646,11647,11647,1
2020-02-21,15:17:35,11646,11647,11647,3
2020-02-21,15:17:39,11647,11648,11647,2
2020-02-21,15:17:39,11647,11648,11648,1
2020-02-21,15:17:39,11647,11648,11648,1
2020-02-21,15:17:39,11647,11648,11648,1
2020-02-21,15:17:41,11647,11648,11647,2
2020-02-21,15:17:43,11647,11648,11647,1
2020-02-21,15:17:44,11647,11648,11647,1
2020-02-21,15:17:47,11647,11648,11647,1
2020-02-21,15:17:47,11647,11648,11647,5
2020-02-21,15:17:49,11647,11648,11647,5
2020-02-21,15:17:50,11646,11648,11648,1
2020-02-21,15:17:53,11647,11648,11648,19
2020-02-21,15:17:53,11647,11648,11648,2
2020-02-21,15:17:53,11647,11648,11648,1
2020-02-21,15:17:53,11648,11649,11648,2
2020-02-21,15:17:53,11648,11649,11648,2
2020-02-21,15:17:53,11648,11649,11648,2
2020-02-21,15:17:53,11648,11649,11648,2
2020-02-21,15:17:54,11648,11649,11648,2
2020-02-21,15:17:58,11647,11648,11648,1
2020-02-21,15:17:58,11647,11648,11648,1
2020-02-21,15:17:59,11647,11648,11648,2
2020-02-21,15:17:59,11647,11648,11648,2
2020-02-21,15:18:01,11647,11648,11648,2
2020-02-21,15:18:02,11647,11648,11648,3
2020-02-21,15:18:07,11647,11648,11648,1
2020-02-21,15:18:08,11647,11648,11648,2
2020-02-21,15:18:09,11648,11649,11649,30
2020-02-21,15:18:09,11649,11650,11649,1
2020-02-21,15:18:10,11649,11650,11650,20
2020-02-21,15:18:10,11649,11650,11650,2
2020-02-21,15:18:11,11649,11650,11650,1
2020-02-21,15:18:11,11649,11650,11650,1
2020-02-21,15:18:12,11649,11650,11650,1
2020-02-21,15:18:12,11649,11650,11651,1
2020-02-21,15:18:12,11649,11651,11651,1
2020-02-21,15:18:12,11649,11651,11649,1
2020-02-21,15:18:13,11650,11651,11651,4
2020-02-21,15:18:16,11650,11651,11651,2
2020-02-21,15:18:18,11650,11651,11651,10
2020-02-21,15:18:18,11650,11651,11652,10
2020-02-21,15:18:18,11650,11651,11651,2
2020-02-21,15:18:20,11650,11651,11651,1
2020-02-21,15:18:21,11650,11651,11651,1
2020-02-21,15:18:21,11650,11651,11651,2
2020-02-21,15:18:22,11650,11651,11651,1
2020-02-21,15:18:22,11650,11651,11651,1
2020-02-21,15:18:23,11650,11651,11650,5
2020-02-21,15:18:23,11650,11651,11650,1
2020-02-21,15:18:23,11650,11651,11650,1
2020-02-21,15:18:23,11649,11650,11650,3
2020-02-21,15:18:26,11649,11650,11649,2
2020-02-21,15:18:26,11649,11650,11650,1
2020-02-21,15:18:26,11649,11650,11649,2
2020-02-21,15:18:27,11649,11650,11650,1
2020-02-21,15:18:32,11649,11650,11650,15
2020-02-21,15:18:33,11649,11650,11649,1
2020-02-21,15:18:34,11649,11650,11650,1
2020-02-21,15:18:38,11649,11650,11650,1
2020-02-21,15:18:39,11649,11650,11650,2
2020-02-21,15:18:41,11649,11650,11649,1
2020-02-21,15:18:43,11649,11650,11649,1
2020-02-21,15:18:43,11649,11650,11649,5
2020-02-21,15:18:44,11649,11650,11649,5
2020-02-21,15:18:44,11649,11650,11650,2
2020-02-21,15:18:44,11649,11650,11649,1
2020-02-21,15:18:46,11649,11650,11649,1
2020-02-21,15:18:48,11648,11649,11649,1
2020-02-21,15:18:49,11648,11649,11649,1
2020-02-21,15:18:49,11648,11649,11649,1
2020-02-21,15:18:54,11648,11649,11648,1
2020-02-21,15:18:55,11648,11649,11648,1
2020-02-21,15:18:57,11648,11649,11649,1
2020-02-21,15:18:58,11648,11649,11648,6
2020-02-21,15:18:58,11648,11649,11648,2
2020-02-21,15:18:58,11648,11649,11648,3
2020-02-21,15:18:58,11648,11649,11648,1
2020-02-21,15:18:58,11647,11648,11648,1
2020-02-21,15:18:58,11647,11648,11648,11
2020-02-21,15:18:58,11647,11648,11647,1
2020-02-21,15:18:59,11647,11648,11648,1
2020-02-21,15:19:02,11647,11648,11648,5
2020-02-21,15:19:11,11647,11648,11648,1
2020-02-21,15:19:12,11647,11648,11648,2
2020-02-21,15:19:15,11647,11648,11648,7
2020-02-21,15:19:19,11647,11648,11648,1
2020-02-21,15:19:22,11647,11648,11648,1
2020-02-21,15:19:24,11647,11648,11648,14
2020-02-21,15:19:24,11647,11648,11649,33
2020-02-21,15:19:25,11648,11649,11649,2
2020-02-21,15:19:25,11648,11649,11649,5
2020-02-21,15:19:27,11648,11649,11648,4
2020-02-21,15:19:29,11647,11648,11647,12
2020-02-21,15:19:29,11647,11648,11647,5
2020-02-21,15:19:33,11647,11648,11647,1
2020-02-21,15:19:35,11647,11648,11647,1
2020-02-21,15:19:35,11647,11648,11648,3
2020-02-21,15:19:39,11647,11648,11648,4
2020-02-21,15:20:04,11647,11648,11648,2
2020-02-21,15:20:04,11647,11648,11648,1
2020-02-21,15:20:04,11647,11648,11647,2
2020-02-21,15:20:05,11647,11648,11648,2
2020-02-21,15:20:05,11647,11648,11647,7
2020-02-21,15:20:10,11646,11647,11647,1
2020-02-21,15:20:14,11646,11647,11646,1
2020-02-21,15:20:16,11646,11647,11646,2
2020-02-21,15:20:17,11646,11647,11646,1
2020-02-21,15:20:18,11646,11647,11646,18
2020-02-21,15:20:19,11645,11646,11645,2
2020-02-21,15:20:20,11645,11646,11645,1
2020-02-21,15:20:20,11645,11646,11646,1
2020-02-21,15:20:21,11645,11646,11645,24
2020-02-21,15:20:22,11644,11645,11644,2
2020-02-21,15:20:23,11644,11645,11644,7
2020-02-21,15:20:23,11643,11644,11643,2
2020-02-21,15:20:24,11643,11644,11643,2
2020-02-21,15:20:26,11643,11644,11643,1
2020-02-21,15:20:26,11643,11644,11643,1
2020-02-21,15:20:27,11643,11644,11643,1
2020-02-21,15:20:27,11643,11644,11643,1
2020-02-21,15:20:27,11643,11644,11642,16
2020-02-21,15:20:27,11643,11644,11643,4
2020-02-21,15:20:28,11642,11643,11643,1
2020-02-21,15:20:28,11642,11643,11643,1
2020-02-21,15:20:28,11642,11643,11643,1
2020-02-21,15:20:28,11642,11643,11643,1
2020-02-21,15:20:28,11643,11644,11644,1
2020-02-21,15:20:28,11643,11644,11644,6
2020-02-21,15:20:28,11643,11644,11644,1
2020-02-21,15:20:31,11644,11645,11644,4
2020-02-21,15:20:32,11644,11645,11645,1
2020-02-21,15:20:32,11644,11645,11645,1
2020-02-21,15:20:32,11644,11645,11645,1
2020-02-21,15:20:32,11644,11645,11645,3
2020-02-21,15:20:33,11645,11646,11646,4
2020-02-21,15:20:48,11646,11647,11647,1
2020-02-21,15:20:48,11646,11647,11647,5
2020-02-21,15:20:51,11647,11648,11648,1
2020-02-21,15:20:51,11647,11648,11648,1
2020-02-21,15:20:51,11647,11648,11648,1
2020-02-21,15:20:51,11648,11649,11648,1
2020-02-21,15:20:51,11648,11649,11648,1
2020-02-21,15:20:53,11648,11649,11648,1
2020-02-21,15:20:57,11648,11649,11649,1
2020-02-21,15:21:02,11648,11649,11649,1
2020-02-21,15:21:02,11648,11649,11648,1
2020-02-21,15:21:04,11647,11648,11648,2
2020-02-21,15:21:05,11647,11648,11647,1
2020-02-21,15:21:05,11647,11648,11648,1
2020-02-21,15:21:05,11647,11648,11648,2
2020-02-21,15:21:06,11647,11648,11648,3
2020-02-21,15:21:08,11648,11649,11649,2
2020-02-21,15:21:08,11648,11649,11649,2
2020-02-21,15:21:15,11648,11649,11649,2
2020-02-21,15:21:16,11648,11649,11649,2
2020-02-21,15:21:17,11648,11649,11648,1
2020-02-21,15:21:17,11648,11649,11649,5
2020-02-21,15:21:22,11648,11649,11648,1
2020-02-21,15:21:24,11648,11649,11649,5
2020-02-21,15:21:24,11648,11649,11649,1
2020-02-21,15:21:27,11649,11650,11649,4
2020-02-21,15:21:31,11648,11649,11649,2
2020-02-21,15:21:37,11648,11649,11649,1
2020-02-21,15:21:42,11648,11649,11649,1
2020-02-21,15:21:44,11648,11649,11649,1
2020-02-21,15:21:45,11648,11649,11649,1
2020-02-21,15:21:52,11648,11649,11649,1
2020-02-21,15:21:53,11648,11649,11648,20
2020-02-21,15:21:56,11648,11649,11648,2
2020-02-21,15:22:04,11648,11649,11648,19
2020-02-21,15:22:10,11647,11648,11648,1
2020-02-21,15:22:11,11648,11649,11648,3
2020-02-21,15:22:15,11648,11649,11648,2
2020-02-21,15:22:18,11648,11649,11649,12
2020-02-21,15:22:19,11648,11650,11648,1
2020-02-21,15:22:21,11648,11649,11648,1
2020-02-21,15:22:25,11648,11649,11648,1
2020-02-21,15:22:30,11648,11649,11648,1
2020-02-21,15:22:31,11648,11649,11648,1
2020-02-21,15:22:33,11648,11649,11648,1
2020-02-21,15:22:33,11648,11649,11648,6
2020-02-21,15:22:37,11647,11648,11646,5
2020-02-21,15:22:37,11647,11648,11647,7
2020-02-21,15:22:53,11647,11648,11647,1
2020-02-21,15:22:55,11647,11648,11647,1
2020-02-21,15:23:03,11647,11648,11647,1
2020-02-21,15:23:05,11647,11648,11647,1
2020-02-21,15:23:07,11647,11648,11647,1
2020-02-21,15:23:11,11647,11648,11647,1
2020-02-21,15:23:16,11647,11649,11647,2
2020-02-21,15:23:26,11647,11648,11647,2
2020-02-21,15:23:42,11646,11647,11646,3
2020-02-21,15:23:45,11646,11647,11646,3
2020-02-21,15:23:48,11646,11647,11646,2
2020-02-21,15:23:51,11646,11647,11646,1
2020-02-21,15:23:51,11646,11647,11646,3
2020-02-21,15:23:53,11646,11647,11646,1
2020-02-21,15:24:00,11646,11647,11646,1
2020-02-21,15:24:00,11646,11647,11646,1
2020-02-21,15:24:04,11646,11647,11647,6
2020-02-21,15:24:04,11646,11647,11647,2
2020-02-21,15:24:04,11646,11647,11646,5
2020-02-21,15:24:05,11646,11647,11647,1
2020-02-21,15:24:06,11646,11647,11647,2
2020-02-21,15:24:07,11646,11648,11646,1
2020-02-21,15:24:11,11647,11648,11648,2
2020-02-21,15:24:17,11647,11648,11647,16
2020-02-21,15:24:17,11646,11647,11647,1
2020-02-21,15:24:19,11646,11647,11646,4
2020-02-21,15:24:30,11646,11647,11647,1
2020-02-21,15:24:38,11646,11647,11647,2
2020-02-21,15:24:43,11646,11647,11647,1
2020-02-21,15:24:44,11646,11647,11647,5
2020-02-21,15:24:49,11647,11648,11647,1
2020-02-21,15:24:52,11647,11648,11647,2
2020-02-21,15:25:16,11646,11647,11647,4
2020-02-21,15:25:17,11646,11647,11646,2
2020-02-21,15:25:17,11646,11647,11646,2
2020-02-21,15:25:21,11646,11647,11647,2
2020-02-21,15:25:24,11647,11648,11647,1
2020-02-21,15:25:25,11647,11648,11647,1
2020-02-21,15:25:29,11647,11648,11647,1
2020-02-21,15:25:30,11647,11648,11647,1
2020-02-21,15:25:34,11647,11648,11647,1
2020-02-21,15:25:34,11647,11648,11647,1
2020-02-21,15:25:34,11647,11648,11647,1
2020-02-21,15:25:42,11646,11647,11647,1
2020-02-21,15:25:58,11647,11648,11647,1
2020-02-21,15:25:58,11646,11647,11647,1
2020-02-21,15:26:03,11646,11647,11647,1
2020-02-21,15:26:03,11646,11647,11647,2
2020-02-21,15:26:03,11646,11647,11647,6
2020-02-21,15:26:03,11646,11647,11647,1
2020-02-21,15:26:03,11646,11647,11647,1
2020-02-21,15:26:04,11647,11648,11647,1
2020-02-21,15:26:04,11647,11648,11647,1
2020-02-21,15:26:09,11646,11647,11646,1
2020-02-21,15:26:10,11646,11647,11646,1
2020-02-21,15:26:16,11646,11647,11647,1
2020-02-21,15:26:24,11647,11648,11647,2
2020-02-21,15:26:26,11646,11647,11647,2
2020-02-21,15:26:38,11646,11647,11647,3
2020-02-21,15:26:40,11646,11647,11647,1
2020-02-21,15:26:48,11646,11647,11646,1
2020-02-21,15:26:53,11646,11647,11647,1
2020-02-21,15:26:53,11646,11647,11647,2
2020-02-21,15:26:59,11647,11648,11648,4
2020-02-21,15:27:01,11647,11648,11647,1
2020-02-21,15:27:05,11647,11648,11648,1
2020-02-21,15:27:08,11647,11648,11648,1
2020-02-21,15:27:09,11647,11648,11648,1
2020-02-21,15:27:09,11647,11648,11648,1
2020-02-21,15:27:09,11647,11648,11648,2
2020-02-21,15:27:09,11647,11648,11648,2
2020-02-21,15:27:17,11648,11649,11649,1
2020-02-21,15:27:17,11648,11649,11649,1
2020-02-21,15:27:22,11649,11650,11650,1
2020-02-21,15:27:27,11649,11650,11650,4
2020-02-21,15:27:27,11649,11650,11650,2
2020-02-21,15:27:29,11649,11650,11650,4
2020-02-21,15:27:31,11649,11650,11650,1
2020-02-21,15:27:36,11649,11650,11650,1
2020-02-21,15:27:39,11649,11650,11650,2
2020-02-21,15:27:43,11649,11650,11650,7
2020-02-21,15:27:44,11650,11651,11651,3
2020-02-21,15:27:44,11650,11651,11651,3
2020-02-21,15:27:45,11650,11651,11651,2
2020-02-21,15:27:48,11650,11651,11651,1
2020-02-21,15:27:49,11650,11651,11651,1
2020-02-21,15:27:51,11650,11651,11651,1
2020-02-21,15:27:51,11650,11651,11651,1
2020-02-21,15:28:00,11651,11652,11652,1
2020-02-21,15:28:03,11651,11652,11651,3
2020-02-21,15:28:04,11650,11651,11651,1
2020-02-21,15:28:05,11650,11651,11651,1
2020-02-21,15:28:09,11650,11651,11650,1
2020-02-21,15:28:10,11650,11651,11651,3
2020-02-21,15:28:10,11650,11651,11651,1
2020-02-21,15:28:10,11650,11651,11651,1
2020-02-21,15:28:11,11650,11651,11651,1
2020-02-21,15:28:13,11650,11651,11651,1
2020-02-21,15:28:14,11651,11652,11650,8
2020-02-21,15:28:14,11651,11652,11651,2
2020-02-21,15:28:20,11651,11652,11651,1
2020-02-21,15:28:21,11651,11652,11652,2
2020-02-21,15:28:23,11651,11652,11651,1
2020-02-21,15:28:23,11651,11652,11651,1
2020-02-21,15:28:31,11651,11652,11651,1
2020-02-21,15:28:33,11650,11651,11651,1
2020-02-21,15:28:38,11650,11651,11651,1
2020-02-21,15:28:47,11651,11652,11651,1
2020-02-21,15:28:48,11651,11652,11651,1
2020-02-21,15:28:54,11651,11652,11652,14
2020-02-21,15:28:54,11651,11652,11653,6
2020-02-21,15:29:01,11651,11652,11652,1
2020-02-21,15:29:03,11651,11652,11651,6
2020-02-21,15:29:03,11651,11652,11651,1
2020-02-21,15:29:04,11651,11652,11651,11
2020-02-21,15:29:04,11651,11652,11651,4
2020-02-21,15:29:04,11651,11652,11651,3
2020-02-21,15:29:14,11650,11652,11652,1
2020-02-21,15:29:15,11651,11652,11651,1
2020-02-21,15:29:16,11650,11651,11651,1
2020-02-21,15:29:16,11650,11652,11650,1
2020-02-21,15:29:20,11650,11651,11651,1
2020-02-21,15:29:24,11650,11651,11651,1
2020-02-21,15:29:28,11650,11652,11650,1
2020-02-21,15:29:29,11650,11651,11651,1
2020-02-21,15:29:44,11650,11651,11651,1
2020-02-21,15:29:52,11650,11651,11651,2
2020-02-21,15:30:00,11651,11652,11651,1
2020-02-21,15:30:00,11651,11652,11652,2
2020-02-21,15:30:00,11651,11652,11652,4
2020-02-21,15:30:01,11651,11652,11652,2
2020-02-21,15:30:01,11651,11652,11652,4
2020-02-21,15:30:01,11651,11652,11653,16
2020-02-21,15:30:01,11651,11653,11653,1
2020-02-21,15:30:01,11651,11653,11653,1
2020-02-21,15:30:01,11651,11653,11653,1
2020-02-21,15:30:01,11651,11653,11653,1
2020-02-21,15:30:01,11651,11653,11653,1
2020-02-21,15:30:01,11651,11653,11653,1
2020-02-21,15:30:01,11651,11653,11653,1
2020-02-21,15:30:01,11651,11653,11653,1
2020-02-21,15:30:01,11651,11653,11653,1
2020-02-21,15:30:01,11651,11653,11653,1
2020-02-21,15:30:01,11651,11653,11653,1
2020-02-21,15:30:01,11651,11653,11653,1
2020-02-21,15:30:01,11651,11653,11653,3
2020-02-21,15:30:01,11651,11653,11653,1
2020-02-21,15:30:01,11651,11653,11653,1
2020-02-21,15:30:01,11652,11654,11654,2
2020-02-21,15:30:02,11652,11654,11652,1
2020-02-21,15:30:04,11652,11654,11652,2
2020-02-21,15:30:07,11652,11653,11653,1
2020-02-21,15:30:09,11652,11654,11654,1
2020-02-21,15:30:09,11652,11653,11653,2
2020-02-21,15:30:13,11652,11653,11653,1
2020-02-21,15:30:18,11651,11653,11653,2
2020-02-21,15:30:22,11651,11652,11652,2
2020-02-21,15:30:25,11651,11652,11652,1
2020-02-21,15:30:26,11651,11652,11652,1
2020-02-21,15:30:27,11652,11653,11652,1
2020-02-21,15:30:33,11652,11653,11652,1
2020-02-21,15:30:33,11652,11653,11652,1
2020-02-21,15:30:35,11652,11653,11652,2
2020-02-21,15:30:37,11652,11653,11652,1
2020-02-21,15:30:44,11652,11653,11652,1
2020-02-21,15:30:49,11652,11653,11652,1
2020-02-21,15:31:01,11652,11653,11653,1
2020-02-21,15:31:01,11652,11653,11652,1
2020-02-21,15:31:03,11652,11653,11653,1
2020-02-21,15:31:06,11652,11653,11652,1
2020-02-21,15:31:06,11652,11653,11652,1
2020-02-21,15:31:09,11652,11653,11652,1
2020-02-21,15:31:10,11652,11653,11653,1
2020-02-21,15:31:12,11652,11653,11652,2
2020-02-21,15:31:16,11651,11652,11652,1
2020-02-21,15:31:23,11652,11653,11653,1
2020-02-21,15:31:23,11652,11653,11653,2
2020-02-21,15:31:23,11652,11653,11653,1
2020-02-21,15:31:23,11652,11653,11653,9
2020-02-21,15:31:25,11653,11654,11653,2
2020-02-21,15:31:26,11653,11654,11654,2
2020-02-21,15:31:26,11653,11654,11654,2
2020-02-21,15:31:26,11653,11654,11654,2
2020-02-21,15:31:26,11653,11654,11654,11
2020-02-21,15:31:26,11653,11654,11654,2
2020-02-21,15:31:27,11654,11655,11654,2
2020-02-21,15:31:27,11654,11655,11655,1
2020-02-21,15:31:27,11654,11655,11655,1
2020-02-21,15:31:33,11654,11655,11655,2
2020-02-21,15:31:35,11654,11655,11655,2
2020-02-21,15:31:37,11654,11655,11655,24
2020-02-21,15:31:39,11654,11655,11655,2
2020-02-21,15:31:43,11654,11655,11655,1
2020-02-21,15:31:43,11654,11655,11655,1
2020-02-21,15:31:43,11654,11655,11655,2
2020-02-21,15:31:43,11654,11655,11655,2
2020-02-21,15:31:48,11654,11655,11655,2
2020-02-21,15:31:50,11654,11655,11655,1
2020-02-21,15:31:51,11654,11655,11655,1
2020-02-21,15:31:51,11654,11655,11655,1
2020-02-21,15:31:51,11654,11655,11654,2
2020-02-21,15:31:52,11654,11655,11655,1
2020-02-21,15:31:53,11654,11655,11654,17
2020-02-21,15:31:54,11653,11654,11653,1
2020-02-21,15:31:54,11652,11653,11652,2
2020-02-21,15:31:54,11652,11653,11652,1
2020-02-21,15:31:55,11652,11653,11653,1
2020-02-21,15:31:59,11652,11653,11652,2
2020-02-21,15:32:01,11651,11652,11652,7
2020-02-21,15:32:01,11652,11653,11652,1
2020-02-21,15:32:02,11652,11653,11652,2
2020-02-21,15:32:04,11651,11652,11652,1
2020-02-21,15:32:06,11652,11653,11652,1
2020-02-21,15:32:13,11652,11653,11652,1
2020-02-21,15:32:17,11652,11653,11653,1
2020-02-21,15:32:17,11652,11653,11653,7
2020-02-21,15:32:18,11653,11654,11654,2
2020-02-21,15:32:29,11653,11654,11654,1
2020-02-21,15:32:29,11653,11655,11653,1
2020-02-21,15:32:29,11653,11654,11654,1
2020-02-21,15:32:29,11653,11654,11655,1
2020-02-21,15:32:32,11654,11655,11654,1
2020-02-21,15:32:35,11653,11654,11654,1
2020-02-21,15:32:36,11653,11654,11654,1
2020-02-21,15:32:36,11653,11655,11655,1
2020-02-21,15:32:41,11653,11655,11654,1
2020-02-21,15:32:42,11654,11655,11654,1
2020-02-21,15:32:54,11653,11654,11654,1
2020-02-21,15:32:58,11653,11654,11653,1
2020-02-21,15:32:58,11653,11654,11653,1
2020-02-21,15:32:58,11653,11654,11653,2
2020-02-21,15:32:58,11652,11653,11652,1
2020-02-21,15:32:59,11652,11653,11653,1
2020-02-21,15:32:59,11652,11653,11653,1
2020-02-21,15:33:01,11652,11653,11653,1
2020-02-21,15:33:02,11652,11653,11652,2
2020-02-21,15:33:02,11652,11653,11652,2
2020-02-21,15:33:02,11652,11653,11652,1
2020-02-21,15:33:02,11652,11653,11652,2
2020-02-21,15:33:02,11652,11653,11652,1
2020-02-21,15:33:04,11651,11652,11651,9
2020-02-21,15:33:05,11650,11651,11651,1
2020-02-21,15:33:05,11650,11651,11650,5
2020-02-21,15:33:08,11649,11650,11649,1
2020-02-21,15:33:13,11649,11651,11649,1
2020-02-21,15:33:13,11649,11650,11649,1
2020-02-21,15:33:16,11649,11651,11650,1
2020-02-21,15:33:17,11649,11651,11649,2
2020-02-21,15:33:20,11649,11650,11650,1
2020-02-21,15:33:21,11649,11650,11650,1
2020-02-21,15:33:24,11650,11651,11650,1
2020-02-21,15:33:32,11650,11651,11651,1
2020-02-21,15:33:36,11650,11651,11651,3
2020-02-21,15:33:36,11650,11651,11652,1
2020-02-21,15:33:36,11651,11652,11651,1
2020-02-21,15:33:42,11650,11651,11651,1
2020-02-21,15:33:49,11650,11651,11651,1
2020-02-21,15:34:01,11650,11651,11650,5
2020-02-21,15:34:03,11650,11651,11650,1
2020-02-21,15:34:05,11650,11651,11650,1
2020-02-21,15:34:08,11649,11650,11650,1
2020-02-21,15:34:08,11649,11650,11649,6
2020-02-21,15:34:09,11648,11650,11648,24
2020-02-21,15:34:09,11648,11649,11647,1
2020-02-21,15:34:09,11647,11648,11647,2
2020-02-21,15:34:16,11647,11648,11648,1
2020-02-21,15:34:23,11648,11649,11648,1
2020-02-21,15:34:23,11648,11649,11648,1
2020-02-21,15:34:30,11647,11648,11647,1
2020-02-21,15:34:32,11647,11648,11648,1
2020-02-21,15:34:34,11647,11648,11647,3
2020-02-21,15:34:35,11647,11648,11647,1
2020-02-21,15:34:39,11647,11648,11647,1
2020-02-21,15:34:42,11647,11648,11648,1
2020-02-21,15:34:47,11648,11649,11648,1
2020-02-21,15:34:48,11648,11649,11649,1
2020-02-21,15:34:50,11649,11650,11650,6
2020-02-21,15:35:08,11649,11650,11650,1
2020-02-21,15:35:21,11650,11651,11650,1
2020-02-21,15:35:38,11649,11650,11650,1
2020-02-21,15:35:43,11650,11651,11650,1
2020-02-21,15:35:54,11649,11651,11651,1
2020-02-21,15:36:00,11650,11651,11650,3
2020-02-21,15:36:01,11649,11651,11649,1
2020-02-21,15:36:02,11649,11650,11649,1
2020-02-21,15:36:02,11649,11650,11649,1
2020-02-21,15:36:06,11649,11650,11649,7
2020-02-21,15:36:14,11648,11649,11648,1
2020-02-21,15:36:14,11648,11649,11648,1
2020-02-21,15:36:14,11648,11649,11648,3
2020-02-21,15:36:14,11648,11649,11648,2
2020-02-21,15:36:31,11648,11649,11648,10
2020-02-21,15:36:32,11648,11649,11648,3
2020-02-21,15:36:36,11648,11649,11649,1
2020-02-21,15:36:49,11649,11650,11650,5
2020-02-21,15:36:56,11650,11651,11650,1
2020-02-21,15:36:58,11649,11650,11649,1
2020-02-21,15:37:01,11649,11650,11649,1
2020-02-21,15:37:05,11648,11649,11649,1
2020-02-21,15:37:22,11649,11650,11649,2
2020-02-21,15:37:24,11649,11650,11649,1
2020-02-21,15:37:40,11649,11650,11650,1
2020-02-21,15:37:49,11649,11650,11650,1
2020-02-21,15:38:02,11649,11650,11649,1
2020-02-21,15:38:02,11649,11650,11649,3
2020-02-21,15:38:02,11649,11650,11649,4
2020-02-21,15:38:02,11649,11650,11649,1
2020-02-21,15:38:02,11649,11650,11649,1
2020-02-21,15:38:03,11648,11649,11649,1
2020-02-21,15:38:12,11648,11649,11648,2
2020-02-21,15:38:12,11648,11649,11648,9
2020-02-21,15:38:18,11647,11648,11648,1
2020-02-21,15:38:23,11647,11648,11648,1
2020-02-21,15:38:34,11647,11648,11648,1
2020-02-21,15:38:43,11647,11648,11648,1
2020-02-21,15:38:44,11647,11648,11647,6
2020-02-21,15:38:51,11646,11647,11646,1
2020-02-21,15:38:51,11646,11647,11646,2
2020-02-21,15:38:51,11646,11647,11646,8
2020-02-21,15:38:54,11646,11647,11646,1
2020-02-21,15:38:54,11646,11647,11646,2
2020-02-21,15:38:54,11646,11647,11646,1
2020-02-21,15:38:54,11646,11647,11646,7
2020-02-21,15:38:54,11646,11647,11646,4
2020-02-21,15:38:54,11646,11647,11646,1
2020-02-21,15:38:54,11645,11646,11645,1
2020-02-21,15:38:56,11645,11646,11645,1
2020-02-21,15:38:58,11645,11647,11645,10
2020-02-21,15:39:00,11645,11646,11646,1
2020-02-21,15:39:02,11645,11646,11645,3
2020-02-21,15:39:02,11645,11646,11645,2
2020-02-21,15:39:02,11645,11646,11646,1
2020-02-21,15:39:05,11645,11646,11645,1
2020-02-21,15:39:07,11645,11646,11646,1
2020-02-21,15:39:09,11645,11647,11645,13
2020-02-21,15:39:09,11645,11647,11645,2
2020-02-21,15:39:12,11644,11645,11644,1
2020-02-21,15:39:13,11644,11645,11644,2
2020-02-21,15:39:16,11644,11645,11645,1
2020-02-21,15:39:18,11644,11645,11645,1
2020-02-21,15:39:19,11644,11645,11645,1
2020-02-21,15:39:20,11644,11645,11645,2
2020-02-21,15:39:21,11644,11645,11645,1
2020-02-21,15:39:26,11645,11646,11646,1
2020-02-21,15:39:26,11646,11647,11645,11
2020-02-21,15:39:26,11646,11647,11646,4
2020-02-21,15:39:42,11646,11647,11646,2
2020-02-21,15:39:42,11646,11647,11646,2
2020-02-21,15:39:46,11645,11646,11646,1
2020-02-21,15:39:47,11645,11646,11645,1
2020-02-21,15:39:47,11645,11646,11645,3
2020-02-21,15:39:48,11644,11645,11645,1
2020-02-21,15:39:58,11644,11645,11645,1
2020-02-21,15:39:58,11644,11645,11645,1
2020-02-21,15:39:59,11644,11645,11645,3
2020-02-21,15:39:59,11645,11646,11645,2
2020-02-21,15:40:02,11644,11645,11644,10
2020-02-21,15:40:02,11644,11645,11644,3
2020-02-21,15:40:02,11644,11645,11644,1
2020-02-21,15:40:04,11644,11645,11644,1
2020-02-21,15:40:08,11644,11645,11644,8
2020-02-21,15:40:09,11644,11645,11644,1
2020-02-21,15:40:13,11644,11645,11644,1
2020-02-21,15:40:14,11644,11645,11644,1
2020-02-21,15:40:16,11644,11645,11644,1
2020-02-21,15:40:17,11644,11645,11644,6
2020-02-21,15:40:18,11644,11645,11644,7
2020-02-21,15:40:23,11643,11644,11643,1
2020-02-21,15:40:24,11643,11644,11644,2
2020-02-21,15:40:27,11643,11644,11644,2
2020-02-21,15:40:28,11643,11645,11643,2
2020-02-21,15:40:29,11643,11645,11643,1
2020-02-21,15:40:29,11643,11644,11643,1
2020-02-21,15:40:45,11643,11644,11644,2
2020-02-21,15:40:45,11644,11645,11644,1
2020-02-21,15:40:46,11644,11645,11644,1
2020-02-21,15:40:49,11644,11645,11645,1
2020-02-21,15:40:49,11644,11645,11644,1
2020-02-21,15:40:52,11644,11645,11644,3
2020-02-21,15:41:00,11644,11645,11644,2
2020-02-21,15:41:02,11644,11645,11644,3
2020-02-21,15:41:04,11643,11644,11644,1
2020-02-21,15:41:05,11643,11644,11644,4
2020-02-21,15:41:09,11644,11645,11644,1
2020-02-21,15:41:21,11644,11645,11645,1
2020-02-21,15:41:21,11644,11645,11645,2
2020-02-21,15:41:21,11644,11645,11645,3
2020-02-21,15:41:22,11645,11646,11645,1
2020-02-21,15:41:25,11644,11645,11644,1
2020-02-21,15:41:32,11644,11645,11644,1
2020-02-21,15:41:47,11644,11645,11644,1
2020-02-21,15:41:54,11644,11645,11644,2
2020-02-21,15:41:54,11644,11645,11644,1
2020-02-21,15:41:54,11644,11645,11644,1
2020-02-21,15:41:54,11644,11645,11644,4
2020-02-21,15:42:00,11643,11644,11644,10
2020-02-21,15:42:00,11643,11644,11644,1
2020-02-21,15:42:32,11644,11645,11644,1
2020-02-21,15:42:33,11644,11645,11644,1
2020-02-21,15:42:33,11644,11645,11644,4
2020-02-21,15:42:35,11644,11645,11644,1
2020-02-21,15:42:46,11644,11645,11645,6
2020-02-21,15:42:54,11645,11646,11646,1
2020-02-21,15:42:54,11645,11646,11646,1
2020-02-21,15:43:06,11646,11647,11647,1
2020-02-21,15:43:21,11646,11647,11647,2
2020-02-21,15:43:27,11646,11647,11646,1
2020-02-21,15:43:39,11646,11647,11646,2
2020-02-21,15:43:44,11646,11647,11646,1
2020-02-21,15:43:53,11646,11647,11647,3
2020-02-21,15:43:53,11646,11647,11647,1
2020-02-21,15:43:53,11646,11647,11647,4
2020-02-21,15:43:53,11646,11647,11647,1
2020-02-21,15:43:53,11646,11647,11647,6
2020-02-21,15:43:53,11646,11647,11647,3
2020-02-21,15:43:53,11646,11647,11647,1
2020-02-21,15:43:53,11646,11648,11647,1
2020-02-21,15:43:53,11647,11648,11647,1
2020-02-21,15:43:55,11647,11648,11648,2
2020-02-21,15:43:55,11647,11648,11647,3
2020-02-21,15:44:05,11647,11648,11648,1
2020-02-21,15:44:06,11647,11648,11648,2
2020-02-21,15:44:29,11648,11649,11648,1
2020-02-21,15:44:31,11647,11648,11648,1
2020-02-21,15:44:44,11647,11648,11647,5
2020-02-21,15:44:50,11647,11648,11647,1
2020-02-21,15:45:02,11647,11648,11647,3
2020-02-21,15:45:02,11647,11648,11647,2
2020-02-21,15:45:05,11647,11648,11648,4
2020-02-21,15:45:11,11648,11649,11649,1
2020-02-21,15:45:29,11648,11649,11649,2
2020-02-21,15:45:29,11648,11649,11649,4
2020-02-21,15:45:31,11649,11650,11650,2
2020-02-21,15:45:34,11649,11650,11650,1
2020-02-21,15:45:34,11649,11650,11650,4
2020-02-21,15:45:34,11649,11650,11650,1
2020-02-21,15:45:34,11649,11650,11650,2
2020-02-21,15:45:34,11649,11650,11650,2
2020-02-21,15:45:34,11649,11650,11650,1
2020-02-21,15:45:34,11649,11650,11650,1
2020-02-21,15:45:36,11650,11651,11650,1
2020-02-21,15:45:37,11650,11651,11650,1
2020-02-21,15:45:38,11650,11651,11650,1
2020-02-21,15:45:45,11650,11651,11651,2
2020-02-21,15:45:45,11650,11651,11650,1
2020-02-21,15:45:46,11650,11651,11650,1
2020-02-21,15:45:55,11650,11651,11650,10
2020-02-21,15:45:57,11650,11651,11650,1
2020-02-21,15:45:57,11650,11651,11651,10
2020-02-21,15:45:58,11650,11652,11650,1
2020-02-21,15:45:58,11650,11651,11650,8
2020-02-21,15:45:58,11650,11651,11650,1
2020-02-21,15:45:58,11649,11650,11650,1
2020-02-21,15:45:59,11649,11650,11650,2
2020-02-21,15:46:00,11650,11651,11650,7
2020-02-21,15:46:01,11649,11650,11650,3
2020-02-21,15:46:04,11649,11650,11650,1
2020-02-21,15:46:06,11649,11650,11650,1
2020-02-21,15:46:06,11649,11650,11650,1
2020-02-21,15:46:06,11649,11650,11651,9
2020-02-21,15:46:07,11650,11651,11650,1
2020-02-21,15:46:15,11650,11651,11651,3
2020-02-21,15:46:16,11650,11652,11650,1
2020-02-21,15:46:18,11651,11652,11651,1
2020-02-21,15:46:18,11651,11652,11652,8
2020-02-21,15:46:18,11651,11652,11653,2
2020-02-21,15:46:18,11652,11653,11653,6
2020-02-21,15:46:18,11652,11653,11653,1
2020-02-21,15:46:19,11652,11654,11654,2
2020-02-21,15:46:19,11652,11654,11654,30
2020-02-21,15:46:19,11652,11654,11655,15
2020-02-21,15:46:19,11654,11655,11655,2
2020-02-21,15:46:19,11654,11655,11654,1
2020-02-21,15:46:19,11654,11655,11655,1
2020-02-21,15:46:20,11654,11655,11655,2
2020-02-21,15:46:20,11654,11655,11654,1
2020-02-21,15:46:21,11654,11655,11654,1
2020-02-21,15:46:28,11654,11655,11654,1
2020-02-21,15:46:28,11654,11655,11654,1
2020-02-21,15:46:29,11653,11654,11654,2
2020-02-21,15:46:31,11653,11655,11655,10
2020-02-21,15:46:31,11653,11655,11654,1
2020-02-21,15:46:33,11654,11655,11655,5
2020-02-21,15:46:33,11654,11655,11654,2
2020-02-21,15:46:36,11654,11655,11654,2
2020-02-21,15:46:36,11653,11654,11654,1
2020-02-21,15:46:36,11653,11654,11655,3
2020-02-21,15:46:38,11653,11654,11654,1
2020-02-21,15:47:00,11653,11654,11654,1
2020-02-21,15:47:01,11653,11654,11654,4
2020-02-21,15:47:06,11653,11654,11654,2
2020-02-21,15:47:13,11653,11654,11653,9
2020-02-21,15:47:25,11652,11653,11653,10
2020-02-21,15:47:27,11652,11653,11653,2
2020-02-21,15:47:27,11652,11653,11652,1
2020-02-21,15:47:32,11652,11653,11653,1
2020-02-21,15:47:35,11652,11653,11653,13
2020-02-21,15:47:35,11652,11653,11653,2
2020-02-21,15:47:35,11652,11653,11653,1
2020-02-21,15:47:41,11653,11654,11653,1
2020-02-21,15:47:41,11653,11654,11654,10
2020-02-21,15:47:45,11653,11654,11653,1
2020-02-21,15:47:45,11653,11654,11653,7
2020-02-21,15:47:45,11652,11653,11653,3
2020-02-21,15:47:45,11652,11653,11654,1
2020-02-21,15:47:49,11652,11653,11653,1
2020-02-21,15:47:52,11652,11654,11653,1
2020-02-21,15:47:52,11652,11654,11653,1
2020-02-21,15:47:55,11652,11653,11653,1
2020-02-21,15:47:59,11652,11653,11653,1
2020-02-21,15:47:59,11652,11653,11654,1
2020-02-21,15:48:01,11653,11654,11653,1
2020-02-21,15:48:02,11653,11654,11653,2
2020-02-21,15:48:02,11653,11654,11652,1
2020-02-21,15:48:02,11653,11654,11653,1
2020-02-21,15:48:03,11652,11654,11652,2
2020-02-21,15:48:19,11652,11653,11653,1
2020-02-21,15:48:40,11652,11653,11653,1
2020-02-21,15:48:41,11652,11653,11653,2
2020-02-21,15:48:58,11652,11653,11653,11
2020-02-21,15:48:58,11652,11653,11654,14
2020-02-21,15:49:02,11653,11654,11653,2
2020-02-21,15:49:03,11653,11654,11653,1
2020-02-21,15:49:13,11653,11654,11654,13
2020-02-21,15:49:15,11654,11655,11654,1
2020-02-21,15:49:23,11654,11655,11655,2
2020-02-21,15:49:26,11654,11655,11654,1
2020-02-21,15:49:55,11654,11655,11655,5
2020-02-21,15:49:55,11654,11655,11655,5
2020-02-21,15:49:55,11654,11655,11655,10
2020-02-21,15:50:02,11654,11655,11655,1
2020-02-21,15:50:03,11654,11655,11654,2
2020-02-21,15:50:03,11654,11655,11654,2
2020-02-21,15:50:03,11654,11655,11655,1
2020-02-21,15:50:07,11654,11655,11655,2
2020-02-21,15:50:09,11654,11655,11654,1
2020-02-21,15:50:09,11654,11655,11655,3
2020-02-21,15:50:10,11655,11656,11655,1
2020-02-21,15:50:12,11655,11656,11655,1
2020-02-21,15:50:16,11655,11656,11655,8
2020-02-21,15:50:17,11654,11655,11655,2
2020-02-21,15:50:19,11654,11655,11655,1
2020-02-21,15:50:24,11655,11656,11656,1
2020-02-21,15:50:24,11655,11656,11656,1
2020-02-21,15:50:24,11655,11656,11656,1
2020-02-21,15:50:24,11655,11656,11656,1
2020-02-21,15:50:24,11655,11656,11656,2
2020-02-21,15:50:24,11655,11656,11656,1
2020-02-21,15:50:26,11655,11656,11656,4
2020-02-21,15:50:26,11656,11657,11656,2
2020-02-21,15:50:26,11656,11657,11657,1
2020-02-21,15:50:26,11656,11657,11657,1
2020-02-21,15:50:26,11656,11657,11657,1
2020-02-21,15:50:27,11656,11657,11656,1
2020-02-21,15:50:28,11656,11657,11657,1
2020-02-21,15:50:28,11657,11658,11658,6
2020-02-21,15:50:36,11656,11657,11657,2
2020-02-21,15:50:38,11657,11658,11658,10
2020-02-21,15:50:38,11657,11658,11657,1
2020-02-21,15:50:38,11657,11658,11658,8
2020-02-21,15:50:38,11657,11658,11659,2
2020-02-21,15:50:38,11657,11659,11657,1
2020-02-21,15:50:39,11658,11659,11658,1
2020-02-21,15:50:42,11657,11658,11657,2
2020-02-21,15:50:43,11657,11658,11658,1
2020-02-21,15:50:43,11657,11658,11658,1
2020-02-21,15:50:44,11657,11658,11658,2
2020-02-21,15:50:45,11657,11658,11658,1
2020-02-21,15:50:48,11657,11658,11658,4
2020-02-21,15:50:52,11657,11658,11658,1
2020-02-21,15:50:52,11657,11658,11658,1
2020-02-21,15:50:53,11657,11658,11658,1
2020-02-21,15:50:56,11657,11658,11658,1
2020-02-21,15:50:56,11657,11658,11658,10
2020-02-21,15:50:57,11657,11658,11657,1
2020-02-21,15:51:00,11657,11658,11658,1
2020-02-21,15:51:01,11657,11658,11658,3
2020-02-21,15:51:04,11657,11658,11658,3
2020-02-21,15:51:08,11658,11659,11658,1
2020-02-21,15:51:10,11658,11659,11659,1
2020-02-21,15:51:11,11658,11659,11659,2
2020-02-21,15:51:11,11658,11659,11659,10
2020-02-21,15:51:11,11658,11659,11659,1
2020-02-21,15:51:11,11658,11659,11659,1
2020-02-21,15:51:11,11658,11659,11659,4
2020-02-21,15:51:11,11658,11659,11659,1
2020-02-21,15:51:11,11658,11659,11659,2
2020-02-21,15:51:13,11658,11660,11660,2
2020-02-21,15:51:13,11658,11660,11660,2
2020-02-21,15:51:13,11658,11660,11660,1
2020-02-21,15:51:13,11658,11660,11660,1
2020-02-21,15:51:14,11659,11660,11660,5
2020-02-21,15:51:14,11659,11660,11660,1
2020-02-21,15:51:14,11659,11660,11659,1
2020-02-21,15:51:18,11659,11660,11659,2
2020-02-21,15:51:18,11658,11660,11659,1
2020-02-21,15:51:19,11658,11660,11660,1
2020-02-21,15:51:23,11658,11659,11659,1
2020-02-21,15:51:24,11658,11659,11659,1
2020-02-21,15:51:26,11658,11659,11659,1
2020-02-21,15:51:26,11658,11659,11659,1
2020-02-21,15:51:29,11658,11659,11659,1
2020-02-21,15:51:31,11658,11659,11659,1
2020-02-21,15:51:32,11658,11659,11659,1
2020-02-21,15:51:33,11658,11659,11658,1
2020-02-21,15:51:33,11658,11659,11658,3
2020-02-21,15:51:33,11658,11659,11658,1
2020-02-21,15:51:33,11658,11659,11658,2
2020-02-21,15:51:33,11658,11659,11658,3
2020-02-21,15:51:34,11657,11658,11657,1
2020-02-21,15:51:34,11657,11658,11658,1
2020-02-21,15:51:35,11657,11658,11657,1
2020-02-21,15:51:41,11657,11658,11657,1
2020-02-21,15:51:41,11657,11658,11657,3
2020-02-21,15:51:41,11657,11658,11657,5
2020-02-21,15:51:41,11657,11658,11657,1
2020-02-21,15:51:41,11657,11658,11657,1
2020-02-21,15:51:41,11657,11658,11657,1
2020-02-21,15:51:42,11656,11657,11656,3
2020-02-21,15:51:43,11656,11657,11656,2
2020-02-21,15:51:43,11655,11656,11655,1
2020-02-21,15:51:48,11655,11656,11656,2
2020-02-21,15:51:56,11656,11657,11656,1
2020-02-21,15:51:59,11656,11657,11656,1
2020-02-21,15:52:01,11656,11657,11656,1
2020-02-21,15:52:02,11656,11657,11656,1
2020-02-21,15:52:15,11656,11657,11656,1
2020-02-21,15:52:16,11656,11657,11656,1
2020-02-21,15:52:16,11656,11657,11656,1
2020-02-21,15:52:16,11656,11657,11656,2
2020-02-21,15:52:16,11656,11657,11656,1
2020-02-21,15:52:16,11656,11657,11656,1
2020-02-21,15:52:16,11656,11657,11656,12
2020-02-21,15:52:16,11656,11657,11656,6
2020-02-21,15:52:16,11656,11657,11656,1
2020-02-21,15:52:16,11656,11657,11656,3
2020-02-21,15:52:18,11655,11656,11656,1
2020-02-21,15:52:21,11655,11656,11656,1
2020-02-21,15:52:24,11655,11656,11656,3
2020-02-21,15:52:24,11655,11657,11655,1
2020-02-21,15:52:27,11655,11656,11656,2
2020-02-21,15:52:27,11655,11656,11656,2
2020-02-21,15:52:29,11656,11657,11656,1
2020-02-21,15:52:29,11656,11657,11656,2
2020-02-21,15:52:34,11655,11656,11656,2
2020-02-21,15:52:34,11655,11656,11656,2
2020-02-21,15:52:36,11655,11656,11656,1
2020-02-21,15:52:42,11655,11656,11656,1
2020-02-21,15:52:54,11655,11656,11656,1
2020-02-21,15:52:54,11655,11656,11655,1
2020-02-21,15:52:57,11655,11656,11655,1
2020-02-21,15:52:57,11655,11656,11655,6
2020-02-21,15:53:00,11654,11655,11654,7
2020-02-21,15:53:00,11654,11655,11654,3
2020-02-21,15:53:00,11654,11655,11654,4
2020-02-21,15:53:00,11654,11655,11654,1
2020-02-21,15:53:00,11654,11655,11654,2
2020-02-21,15:53:00,11654,11655,11654,2
2020-02-21,15:53:00,11653,11654,11653,1
2020-02-21,15:53:02,11653,11654,11653,4
2020-02-21,15:53:02,11653,11654,11653,1
2020-02-21,15:53:05,11653,11654,11653,1
2020-02-21,15:53:05,11653,11654,11654,1
2020-02-21,15:53:06,11653,11654,11653,1
2020-02-21,15:53:06,11653,11654,11653,1
2020-02-21,15:53:07,11653,11654,11653,1
2020-02-21,15:53:08,11653,11654,11654,5
2020-02-21,15:53:08,11654,11655,11654,2
2020-02-21,15:53:10,11654,11655,11654,1
2020-02-21,15:53:13,11654,11655,11655,2
2020-02-21,15:53:13,11654,11655,11655,4
2020-02-21,15:53:33,11655,11656,11656,1
2020-02-21,15:53:40,11655,11656,11655,1
2020-02-21,15:53:44,11655,11656,11655,10
2020-02-21,15:53:53,11655,11656,11656,8
2020-02-21,15:53:53,11655,11656,11656,2
2020-02-21,15:53:56,11655,11656,11656,1
2020-02-21,15:54:03,11655,11656,11655,10
2020-02-21,15:54:07,11655,11656,11655,10
2020-02-21,15:54:12,11654,11655,11655,1
2020-02-21,15:54:12,11654,11655,11655,1
2020-02-21,15:54:13,11654,11655,11655,1
2020-02-21,15:54:20,11654,11655,11655,2
2020-02-21,15:54:25,11654,11655,11654,2
2020-02-21,15:54:35,11654,11655,11654,1
2020-02-21,15:54:38,11654,11655,11654,1
2020-02-21,15:54:45,11654,11655,11655,4
2020-02-21,15:54:48,11654,11655,11655,2
2020-02-21,15:55:23,11654,11655,11654,1
2020-02-21,15:55:27,11654,11655,11654,1
2020-02-21,15:55:31,11653,11654,11654,1
2020-02-21,15:55:35,11653,11654,11654,1
2020-02-21,15:55:47,11653,11654,11654,1
2020-02-21,15:55:47,11653,11654,11653,1
2020-02-21,15:55:47,11653,11654,11653,1
2020-02-21,15:55:47,11653,11654,11653,1
2020-02-21,15:55:47,11653,11654,11653,2
2020-02-21,15:55:47,11653,11654,11653,2
2020-02-21,15:55:47,11653,11654,11653,2
2020-02-21,15:55:47,11653,11654,11653,1
2020-02-21,15:55:50,11652,11653,11653,1
2020-02-21,15:56:03,11652,11653,11652,2
2020-02-21,15:56:03,11652,11653,11653,1
2020-02-21,15:56:03,11652,11653,11653,3
2020-02-21,15:56:03,11652,11653,11653,3
2020-02-21,15:56:03,11652,11653,11653,3
2020-02-21,15:56:03,11652,11653,11653,2
2020-02-21,15:56:03,11652,11653,11653,1
2020-02-21,15:56:06,11653,11654,11653,1
2020-02-21,15:56:06,11653,11654,11653,1
2020-02-21,15:56:06,11653,11654,11653,1
2020-02-21,15:56:07,11652,11654,11652,1
2020-02-21,15:56:07,11652,11654,11652,1
2020-02-21,15:56:07,11652,11654,11652,1
2020-02-21,15:56:07,11652,11653,11652,1
2020-02-21,15:56:07,11652,11653,11652,1
2020-02-21,15:56:08,11652,11653,11652,1
2020-02-21,15:56:08,11652,11653,11652,1
2020-02-21,15:56:08,11652,11653,11652,1
2020-02-21,15:56:08,11652,11653,11652,1
2020-02-21,15:56:08,11651,11653,11651,5
2020-02-21,15:56:09,11651,11653,11651,1
2020-02-21,15:56:11,11651,11652,11651,2
2020-02-21,15:56:13,11651,11652,11651,5
2020-02-21,15:56:14,11651,11652,11651,1
2020-02-21,15:56:15,11651,11652,11652,1
2020-02-21,15:56:18,11652,11653,11652,1
2020-02-21,15:56:20,11652,11653,11652,8
2020-02-21,15:56:36,11652,11653,11652,2
2020-02-21,15:56:40,11652,11653,11653,1
2020-02-21,15:56:45,11652,11653,11652,1
2020-02-21,15:56:50,11652,11654,11652,2
2020-02-21,15:56:59,11653,11654,11653,2
2020-02-21,15:57:06,11653,11654,11653,1
2020-02-21,15:57:10,11652,11653,11653,1
2020-02-21,15:57:45,11652,11653,11653,6
2020-02-21,15:57:51,11652,11653,11653,1
2020-02-21,15:57:55,11652,11653,11653,1
2020-02-21,15:57:59,11653,11654,11653,1
2020-02-21,15:58:19,11652,11653,11653,1
2020-02-21,15:58:22,11652,11653,11652,1
2020-02-21,15:58:22,11652,11653,11652,1
2020-02-21,15:58:22,11652,11653,11652,1
2020-02-21,15:58:23,11652,11653,11652,6
2020-02-21,15:58:23,11652,11653,11652,2
2020-02-21,15:58:23,11652,11653,11652,2
2020-02-21,15:58:23,11652,11653,11652,4
2020-02-21,15:58:23,11652,11653,11652,1
2020-02-21,15:58:23,11652,11653,11652,1
2020-02-21,15:58:23,11651,11652,11651,1
2020-02-21,15:58:23,11651,11652,11651,2
2020-02-21,15:58:23,11651,11652,11651,1
2020-02-21,15:58:23,11651,11652,11651,1
2020-02-21,15:58:24,11651,11652,11651,1
2020-02-21,15:58:24,11651,11652,11651,6
2020-02-21,15:58:24,11651,11652,11651,1
2020-02-21,15:58:24,11651,11652,11651,1
2020-02-21,15:58:26,11651,11652,11651,1
2020-02-21,15:58:26,11651,11652,11651,1
2020-02-21,15:58:26,11651,11652,11651,1
2020-02-21,15:58:26,11651,11652,11651,6
2020-02-21,15:58:26,11651,11652,11650,1
2020-02-21,15:58:26,11650,11652,11650,1
2020-02-21,15:58:26,11650,11651,11651,1
2020-02-21,15:58:26,11650,11651,11650,1
2020-02-21,15:58:27,11650,11651,11650,2
2020-02-21,15:58:27,11650,11651,11650,6
2020-02-21,15:58:27,11650,11651,11650,1
2020-02-21,15:58:27,11650,11651,11650,1
2020-02-21,15:58:28,11650,11651,11650,1
2020-02-21,15:58:28,11650,11651,11650,1
2020-02-21,15:58:28,11650,11651,11650,6
2020-02-21,15:58:28,11650,11651,11650,1
2020-02-21,15:58:28,11650,11651,11650,1
2020-02-21,15:58:28,11650,11651,11650,1
2020-02-21,15:58:29,11650,11651,11650,2
2020-02-21,15:58:29,11650,11651,11650,1
2020-02-21,15:58:29,11650,11651,11650,1
2020-02-21,15:58:29,11650,11651,11650,6
2020-02-21,15:58:29,11650,11651,11650,1
2020-02-21,15:58:29,11650,11651,11649,1
2020-02-21,15:58:30,11649,11650,11649,4
2020-02-21,15:58:34,11649,11650,11649,1
2020-02-21,15:58:36,11649,11650,11650,5
2020-02-21,15:58:36,11649,11650,11649,1
2020-02-21,15:58:39,11649,11650,11650,1
2020-02-21,15:58:41,11649,11650,11650,2
2020-02-21,15:58:42,11650,11651,11650,1
2020-02-21,15:58:42,11649,11650,11650,2
2020-02-21,15:58:46,11650,11651,11650,1
2020-02-21,15:58:50,11650,11651,11650,5
2020-02-21,15:58:50,11650,11651,11651,1
2020-02-21,15:58:51,11650,11651,11651,1
2020-02-21,15:58:52,11650,11651,11651,1
2020-02-21,15:58:52,11650,11652,11650,5
2020-02-21,15:58:53,11650,11652,11652,2
2020-02-21,15:58:57,11651,11652,11652,1
2020-02-21,15:58:57,11651,11652,11652,1
2020-02-21,15:58:58,11651,11652,11652,2
2020-02-21,15:59:05,11651,11652,11651,2
2020-02-21,15:59:08,11651,11652,11651,1
2020-02-21,15:59:09,11651,11652,11652,2
2020-02-21,15:59:12,11651,11653,11651,1
2020-02-21,15:59:26,11651,11652,11651,1
2020-02-21,15:59:31,11651,11652,11651,1
2020-02-21,15:59:53,11651,11652,11651,2
2020-02-21,15:59:54,11651,11652,11651,10
2020-02-21,15:59:59,11650,11651,11650,1
2020-02-21,16:00:00,11650,11651,11651,1
2020-02-21,16:00:00,11650,11651,11651,1
2020-02-21,16:00:00,11651,11652,11650,1
2020-02-21,16:00:00,11651,11652,11650,1
2020-02-21,16:00:01,11650,11651,11650,1
2020-02-21,16:00:01,11650,11651,11650,1
2020-02-21,16:00:01,11650,11651,11650,1
2020-02-21,16:00:02,11650,11651,11650,1
2020-02-21,16:00:02,11650,11651,11650,1
2020-02-21,16:00:02,11650,11651,11651,1
2020-02-21,16:00:02,11650,11651,11650,1
2020-02-21,16:00:03,11650,11651,11650,7
2020-02-21,16:00:03,11649,11650,11650,3
2020-02-21,16:00:03,11649,11651,11649,5
2020-02-21,16:00:03,11649,11651,11650,1
2020-02-21,16:00:04,11649,11651,11649,5
2020-02-21,16:00:06,11650,11651,11650,1
2020-02-21,16:00:18,11649,11650,11649,1
2020-02-21,16:00:18,11649,11650,11649,1
2020-02-21,16:00:18,11649,11650,11649,1
2020-02-21,16:00:18,11649,11650,11649,2
2020-02-21,16:00:18,11649,11650,11649,11
2020-02-21,16:00:18,11649,11650,11649,7
2020-02-21,16:00:22,11649,11650,11649,2
2020-02-21,16:00:26,11648,11649,11649,1
2020-02-21,16:00:26,11648,11649,11649,1
2020-02-21,16:00:26,11648,11649,11649,4
2020-02-21,16:00:26,11648,11649,11649,1
2020-02-21,16:00:26,11648,11649,11649,1
2020-02-21,16:00:26,11649,11650,11649,1
2020-02-21,16:00:26,11649,11650,11650,5
2020-02-21,16:00:28,11649,11650,11650,2
2020-02-21,16:00:28,11650,11651,11650,1
2020-02-21,16:00:28,11650,11651,11650,3
2020-02-21,16:00:28,11650,11651,11650,1
2020-02-21,16:00:30,11649,11650,11650,5
2020-02-21,16:00:32,11649,11650,11649,2
2020-02-21,16:00:32,11649,11650,11649,10
2020-02-21,16:00:32,11648,11649,11648,2
2020-02-21,16:00:32,11648,11649,11648,1
2020-02-21,16:00:32,11648,11649,11648,13
2020-02-21,16:00:32,11648,11649,11648,1
2020-02-21,16:00:32,11648,11649,11648,7
2020-02-21,16:00:32,11648,11649,11648,3
2020-02-21,16:00:32,11647,11648,11648,1
2020-02-21,16:00:34,11647,11648,11648,1
2020-02-21,16:00:34,11647,11648,11648,1
2020-02-21,16:00:34,11647,11648,11648,1
2020-02-21,16:00:34,11647,11648,11648,7
2020-02-21,16:00:37,11647,11648,11648,1
2020-02-21,16:00:37,11647,11648,11648,4
2020-02-21,16:00:37,11647,11648,11648,1
2020-02-21,16:00:37,11647,11648,11648,3
2020-02-21,16:00:37,11647,11648,11648,1
2020-02-21,16:00:38,11647,11648,11648,1
2020-02-21,16:00:39,11647,11648,11647,2
2020-02-21,16:00:39,11647,11648,11648,1
2020-02-21,16:00:40,11647,11648,11648,1
2020-02-21,16:00:44,11647,11648,11648,1
2020-02-21,16:00:45,11647,11648,11647,22
2020-02-21,16:00:45,11646,11647,11646,1
2020-02-21,16:00:47,11646,11647,11646,1
2020-02-21,16:00:47,11646,11647,11647,1
2020-02-21,16:00:49,11646,11647,11647,4
2020-02-21,16:00:54,11647,11648,11647,1
2020-02-21,16:01:00,11647,11648,11647,10
2020-02-21,16:01:01,11647,11648,11647,1
2020-02-21,16:01:01,11647,11648,11647,1
2020-02-21,16:01:07,11647,11648,11647,6
2020-02-21,16:01:10,11647,11648,11647,1
2020-02-21,16:01:11,11646,11647,11646,1
2020-02-21,16:01:15,11646,11647,11646,1
2020-02-21,16:01:15,11646,11647,11646,3
2020-02-21,16:01:15,11646,11647,11646,4
2020-02-21,16:01:15,11646,11647,11646,2
2020-02-21,16:01:17,11645,11646,11645,13
2020-02-21,16:01:17,11645,11646,11645,1
2020-02-21,16:01:17,11645,11646,11645,5
2020-02-21,16:01:17,11645,11646,11645,3
2020-02-21,16:01:17,11645,11646,11645,2
2020-02-21,16:01:17,11644,11645,11644,1
2020-02-21,16:01:17,11644,11645,11644,4
2020-02-21,16:01:17,11644,11645,11644,1
2020-02-21,16:01:17,11644,11645,11644,3
2020-02-21,16:01:17,11644,11645,11644,2
2020-02-21,16:01:17,11643,11644,11643,1
2020-02-21,16:01:17,11643,11644,11643,1
2020-02-21,16:01:18,11643,11644,11643,1
2020-02-21,16:01:18,11643,11644,11643,1
2020-02-21,16:01:18,11643,11644,11643,1
2020-02-21,16:01:18,11643,11644,11643,1
2020-02-21,16:01:18,11643,11644,11643,1
2020-02-21,16:01:18,11643,11644,11643,8
2020-02-21,16:01:18,11643,11644,11643,7
2020-02-21,16:01:18,11643,11644,11643,2
2020-02-21,16:01:18,11643,11644,11643,1
2020-02-21,16:01:18,11642,11644,11642,1
2020-02-21,16:01:18,11642,11643,11642,3
2020-02-21,16:01:18,11642,11643,11643,4
2020-02-21,16:01:20,11643,11644,11643,5
2020-02-21,16:01:20,11643,11644,11643,1
2020-02-21,16:01:23,11643,11644,11644,4
2020-02-21,16:01:25,11644,11645,11645,1
2020-02-21,16:01:26,11644,11646,11644,1
2020-02-21,16:01:27,11644,11645,11645,1
2020-02-21,16:01:35,11644,11645,11645,1
2020-02-21,16:01:35,11644,11645,11645,1
2020-02-21,16:01:35,11644,11645,11645,2
2020-02-21,16:01:35,11645,11646,11645,3
2020-02-21,16:01:38,11645,11646,11646,1
2020-02-21,16:01:39,11645,11646,11646,1
2020-02-21,16:01:40,11645,11646,11645,1
2020-02-21,16:01:40,11645,11646,11645,1
2020-02-21,16:01:44,11644,11645,11644,5
2020-02-21,16:01:45,11644,11645,11644,3
2020-02-21,16:01:45,11644,11645,11645,5
2020-02-21,16:01:46,11644,11645,11645,2
2020-02-21,16:01:48,11644,11645,11644,3
2020-02-21,16:01:49,11644,11645,11643,19
2020-02-21,16:01:49,11644,11645,11644,5
2020-02-21,16:01:49,11643,11644,11643,2
2020-02-21,16:01:50,11643,11644,11644,1
2020-02-21,16:01:51,11644,11645,11644,2
2020-02-21,16:01:52,11644,11645,11645,1
2020-02-21,16:01:55,11643,11644,11643,1
2020-02-21,16:01:55,11643,11644,11643,3
2020-02-21,16:01:56,11642,11644,11644,1
2020-02-21,16:01:58,11643,11644,11643,1
2020-02-21,16:02:00,11643,11644,11643,2
2020-02-21,16:02:00,11643,11644,11644,1
2020-02-21,16:02:00,11643,11644,11643,5
2020-02-21,16:02:01,11643,11644,11643,2
2020-02-21,16:02:01,11643,11644,11643,3
2020-02-21,16:02:02,11642,11644,11643,1
2020-02-21,16:02:03,11642,11643,11642,45
2020-02-21,16:02:03,11641,11642,11641,8
2020-02-21,16:02:03,11641,11642,11641,1
2020-02-21,16:02:03,11641,11642,11641,1
2020-02-21,16:02:03,11641,11642,11641,2
2020-02-21,16:02:03,11641,11642,11641,1
2020-02-21,16:02:04,11641,11642,11641,5
2020-02-21,16:02:07,11641,11642,11642,2
2020-02-21,16:02:07,11641,11642,11641,1
2020-02-21,16:02:07,11641,11642,11641,2
2020-02-21,16:02:08,11641,11642,11641,1
2020-02-21,16:02:08,11641,11642,11642,1
2020-02-21,16:02:08,11641,11642,11642,2
2020-02-21,16:02:13,11642,11643,11643,1
2020-02-21,16:02:14,11642,11643,11642,1
2020-02-21,16:02:19,11642,11643,11642,1
2020-02-21,16:02:20,11642,11643,11643,1
2020-02-21,16:02:20,11642,11643,11642,1
2020-02-21,16:02:21,11642,11643,11642,1
2020-02-21,16:02:22,11642,11643,11642,1
2020-02-21,16:02:22,11642,11643,11642,1
2020-02-21,16:02:23,11642,11643,11642,1
2020-02-21,16:02:27,11642,11643,11642,1
2020-02-21,16:02:27,11642,11643,11642,1
2020-02-21,16:02:28,11642,11643,11643,1
2020-02-21,16:02:28,11642,11643,11642,1
2020-02-21,16:02:29,11642,11643,11642,1
2020-02-21,16:02:30,11642,11643,11642,1
2020-02-21,16:02:33,11642,11643,11642,1
2020-02-21,16:02:33,11642,11643,11642,1
2020-02-21,16:02:33,11642,11643,11643,1
2020-02-21,16:02:33,11642,11643,11643,2
2020-02-21,16:02:33,11642,11643,11643,3
2020-02-21,16:02:33,11642,11643,11643,13
2020-02-21,16:02:34,11643,11644,11643,5
2020-02-21,16:02:35,11642,11643,11643,2
2020-02-21,16:02:44,11643,11644,11643,1
2020-02-21,16:02:46,11643,11644,11643,2
2020-02-21,16:02:48,11643,11644,11643,3
2020-02-21,16:02:48,11643,11644,11643,1
2020-02-21,16:02:58,11643,11644,11643,2
2020-02-21,16:03:02,11642,11643,11642,7
2020-02-21,16:03:05,11642,11643,11643,2
2020-02-21,16:03:08,11642,11643,11643,5
2020-02-21,16:03:14,11643,11644,11643,1
2020-02-21,16:03:20,11643,11644,11643,1
2020-02-21,16:03:21,11643,11644,11643,2
2020-02-21,16:03:29,11643,11644,11644,10
2020-02-21,16:03:29,11643,11644,11644,9
2020-02-21,16:03:31,11644,11645,11644,1
2020-02-21,16:03:31,11644,11645,11645,1
2020-02-21,16:03:35,11644,11645,11645,2
2020-02-21,16:03:35,11644,11645,11645,2
2020-02-21,16:03:35,11644,11645,11645,5
2020-02-21,16:03:35,11644,11645,11645,1
2020-02-21,16:03:35,11644,11645,11645,2
2020-02-21,16:03:38,11645,11646,11646,3
2020-02-21,16:03:39,11646,11647,11647,1
2020-02-21,16:03:41,11646,11647,11647,1
2020-02-21,16:04:05,11646,11647,11647,5
2020-02-21,16:04:08,11646,11647,11646,1
2020-02-21,16:04:11,11645,11646,11646,1
2020-02-21,16:04:12,11645,11646,11646,1
2020-02-21,16:04:12,11645,11646,11646,1
2020-02-21,16:04:13,11645,11646,11645,6
2020-02-21,16:04:21,11644,11645,11645,3
2020-02-21,16:04:21,11645,11646,11645,1
2020-02-21,16:04:22,11644,11645,11645,1
2020-02-21,16:04:26,11645,11646,11645,4
2020-02-21,16:04:27,11644,11645,11645,1
2020-02-21,16:04:29,11644,11645,11645,5
2020-02-21,16:04:38,11645,11646,11646,2
2020-02-21,16:04:44,11645,11646,11646,1
2020-02-21,16:04:49,11645,11646,11646,1
2020-02-21,16:04:53,11645,11646,11646,3
2020-02-21,16:04:53,11646,11647,11647,3
2020-02-21,16:05:01,11647,11648,11647,1
2020-02-21,16:05:01,11647,11648,11647,3
2020-02-21,16:05:01,11647,11648,11647,1
2020-02-21,16:05:01,11646,11647,11647,2
2020-02-21,16:05:01,11646,11647,11647,2
2020-02-21,16:05:02,11646,11647,11647,1
2020-02-21,16:05:06,11646,11647,11647,1
2020-02-21,16:05:06,11647,11648,11648,2
2020-02-21,16:05:06,11647,11648,11647,2
2020-02-21,16:05:07,11647,11648,11647,2
2020-02-21,16:05:09,11647,11648,11647,4
2020-02-21,16:05:09,11646,11647,11646,2
2020-02-21,16:05:13,11646,11647,11647,1
2020-02-21,16:05:17,11646,11647,11647,1
2020-02-21,16:05:18,11646,11647,11646,1
2020-02-21,16:05:18,11646,11647,11647,1
2020-02-21,16:05:19,11646,11647,11647,1
2020-02-21,16:05:29,11647,11648,11647,2
2020-02-21,16:05:30,11647,11648,11648,8
2020-02-21,16:05:30,11647,11648,11647,2
2020-02-21,16:05:31,11647,11648,11648,3
2020-02-21,16:05:48,11647,11648,11647,5
2020-02-21,16:05:51,11646,11647,11647,1
2020-02-21,16:05:55,11646,11647,11646,9
2020-02-21,16:05:56,11645,11646,11646,1
2020-02-21,16:06:00,11645,11646,11646,1
2020-02-21,16:06:02,11645,11646,11645,9
2020-02-21,16:06:02,11645,11646,11646,2
2020-02-21,16:06:04,11645,11646,11645,3
2020-02-21,16:06:14,11644,11645,11645,1
2020-02-21,16:06:16,11644,11645,11645,1
2020-02-21,16:06:16,11645,11646,11645,1
2020-02-21,16:06:22,11645,11646,11645,1
2020-02-21,16:06:23,11645,11646,11645,1
2020-02-21,16:06:34,11645,11646,11645,1
2020-02-21,16:06:36,11645,11646,11645,2
2020-02-21,16:06:39,11644,11645,11644,2
2020-02-21,16:06:39,11644,11645,11644,2
2020-02-21,16:06:40,11643,11644,11643,1
2020-02-21,16:06:40,11643,11644,11644,1
2020-02-21,16:06:40,11643,11644,11644,2
2020-02-21,16:06:40,11644,11645,11644,1
2020-02-21,16:06:42,11644,11645,11644,1
2020-02-21,16:06:42,11644,11645,11645,1
2020-02-21,16:06:42,11644,11645,11645,1
2020-02-21,16:06:43,11644,11645,11645,1
2020-02-21,16:06:45,11644,11645,11645,5
2020-02-21,16:06:57,11645,11646,11645,1
2020-02-21,16:06:58,11645,11646,11645,1
2020-02-21,16:06:58,11644,11645,11645,1
2020-02-21,16:07:04,11643,11644,11644,4
2020-02-21,16:07:07,11643,11644,11643,7
2020-02-21,16:07:08,11642,11643,11642,1
2020-02-21,16:07:08,11642,11643,11643,2
2020-02-21,16:07:08,11642,11643,11642,8
2020-02-21,16:07:09,11642,11643,11643,1
2020-02-21,16:07:13,11642,11643,11642,1
2020-02-21,16:07:13,11642,11643,11642,5
2020-02-21,16:07:13,11642,11643,11642,4
2020-02-21,16:07:13,11642,11643,11643,5
2020-02-21,16:07:15,11642,11643,11643,6
2020-02-21,16:07:15,11642,11643,11642,6
2020-02-21,16:07:17,11641,11642,11641,1
2020-02-21,16:07:17,11641,11642,11642,1
2020-02-21,16:07:17,11641,11642,11642,3
2020-02-21,16:07:19,11642,11643,11643,2
2020-02-21,16:07:25,11642,11643,11642,10
2020-02-21,16:07:26,11642,11643,11642,2
2020-02-21,16:07:26,11642,11643,11642,5
2020-02-21,16:07:27,11641,11642,11641,10
2020-02-21,16:07:28,11641,11642,11642,14
2020-02-21,16:07:30,11642,11643,11642,1
2020-02-21,16:07:30,11641,11642,11641,1
2020-02-21,16:07:31,11641,11642,11642,1
2020-02-21,16:07:31,11641,11642,11642,3
2020-02-21,16:07:31,11642,11643,11642,1
2020-02-21,16:07:31,11642,11643,11642,1
2020-02-21,16:07:32,11642,11643,11642,1
2020-02-21,16:07:34,11642,11643,11643,3
2020-02-21,16:07:35,11642,11644,11642,2
2020-02-21,16:07:35,11642,11644,11644,1
2020-02-21,16:07:36,11642,11643,11642,1
2020-02-21,16:07:38,11642,11643,11642,1
2020-02-21,16:07:39,11642,11643,11642,1
2020-02-21,16:07:41,11641,11643,11641,1
2020-02-21,16:07:42,11641,11642,11642,1
2020-02-21,16:07:43,11641,11642,11641,1
2020-02-21,16:07:44,11641,11642,11642,2
2020-02-21,16:07:44,11641,11642,11642,1
2020-02-21,16:07:46,11642,11643,11642,2
2020-02-21,16:07:49,11642,11643,11642,2
2020-02-21,16:07:50,11642,11643,11642,2
2020-02-21,16:07:52,11642,11643,11643,10
2020-02-21,16:07:55,11642,11643,11642,3
2020-02-21,16:07:56,11642,11643,11642,2
2020-02-21,16:07:56,11642,11644,11642,10
2020-02-21,16:07:56,11642,11643,11642,2
2020-02-21,16:07:56,11642,11643,11642,1
2020-02-21,16:07:57,11641,11642,11642,2
2020-02-21,16:07:58,11642,11643,11642,5
2020-02-21,16:07:59,11642,11643,11642,1
2020-02-21,16:08:00,11642,11643,11642,3
2020-02-21,16:08:00,11642,11643,11642,1
2020-02-21,16:08:01,11642,11643,11642,3
2020-02-21,16:08:04,11641,11642,11641,30
2020-02-21,16:08:04,11641,11642,11642,1
2020-02-21,16:08:06,11641,11642,11642,5
2020-02-21,16:08:08,11641,11642,11641,1
2020-02-21,16:08:11,11641,11642,11642,4
2020-02-21,16:08:14,11642,11643,11641,1
2020-02-21,16:08:14,11642,11643,11642,4
2020-02-21,16:08:15,11641,11642,11642,8
2020-02-21,16:08:15,11641,11642,11642,1
2020-02-21,16:08:15,11641,11642,11642,1
2020-02-21,16:08:15,11641,11642,11642,1
2020-02-21,16:08:15,11641,11642,11642,2
2020-02-21,16:08:22,11641,11642,11641,1
2020-02-21,16:08:22,11641,11642,11641,8
2020-02-21,16:08:22,11641,11642,11641,1
2020-02-21,16:08:22,11641,11642,11641,1
2020-02-21,16:08:22,11641,11642,11641,1
2020-02-21,16:08:22,11641,11642,11641,1
2020-02-21,16:08:22,11641,11642,11641,3
2020-02-21,16:08:22,11640,11641,11640,1
2020-02-21,16:08:22,11640,11641,11640,1
2020-02-21,16:08:22,11640,11641,11640,37
2020-02-21,16:08:22,11640,11641,11640,5
2020-02-21,16:08:22,11640,11641,11639,5
2020-02-21,16:08:22,11639,11640,11639,1
2020-02-21,16:08:22,11639,11640,11639,4
2020-02-21,16:08:22,11639,11640,11639,1
2020-02-21,16:08:22,11639,11640,11639,4
2020-02-21,16:08:22,11639,11640,11639,1
2020-02-21,16:08:22,11639,11640,11638,1
2020-02-21,16:08:22,11639,11640,11638,1
2020-02-21,16:08:22,11639,11640,11638,1
2020-02-21,16:08:22,11639,11640,11639,4
2020-02-21,16:08:22,11638,11640,11638,1
2020-02-21,16:08:22,11638,11640,11639,4
2020-02-21,16:08:22,11638,11640,11638,1
2020-02-21,16:08:22,11638,11640,11638,1
2020-02-21,16:08:23,11638,11640,11639,1
2020-02-21,16:08:23,11639,11640,11638,1
2020-02-21,16:08:23,11638,11640,11639,1
2020-02-21,16:08:23,11639,11640,11639,2
2020-02-21,16:08:23,11639,11640,11638,1
2020-02-21,16:08:23,11638,11640,11640,2
2020-02-21,16:08:24,11639,11640,11640,1
2020-02-21,16:08:24,11639,11640,11640,3
2020-02-21,16:08:24,11639,11640,11640,1
2020-02-21,16:08:24,11639,11640,11640,1
2020-02-21,16:08:24,11639,11640,11640,1
2020-02-21,16:08:28,11639,11640,11639,1
2020-02-21,16:08:28,11639,11640,11639,14
2020-02-21,16:08:29,11639,11640,11639,8
2020-02-21,16:08:34,11639,11640,11639,1
2020-02-21,16:08:36,11638,11639,11639,1
2020-02-21,16:08:38,11638,11639,11639,2
2020-02-21,16:08:40,11639,11640,11639,1
2020-02-21,16:08:41,11639,11640,11639,1
2020-02-21,16:08:52,11639,11640,11640,5
2020-02-21,16:08:52,11639,11640,11639,1
2020-02-21,16:08:54,11639,11640,11639,2
2020-02-21,16:08:59,11639,11640,11639,1
2020-02-21,16:08:59,11639,11640,11639,1
2020-02-21,16:09:02,11639,11640,11639,5
2020-02-21,16:09:12,11639,11640,11640,15
2020-02-21,16:09:13,11640,11641,11640,1
2020-02-21,16:09:14,11640,11641,11641,1
2020-02-21,16:09:15,11640,11641,11640,1
2020-02-21,16:09:16,11640,11641,11640,4
2020-02-21,16:09:16,11640,11641,11640,1
2020-02-21,16:09:17,11640,11641,11640,1
2020-02-21,16:09:17,11640,11641,11640,2
2020-02-21,16:09:17,11640,11641,11640,5
2020-02-21,16:09:17,11639,11640,11639,12
2020-02-21,16:09:17,11638,11640,11638,12
2020-02-21,16:09:17,11638,11640,11638,4
2020-02-21,16:09:17,11638,11640,11638,2
2020-02-21,16:09:17,11638,11640,11638,4
2020-02-21,16:09:17,11638,11640,11638,2
2020-02-21,16:09:17,11638,11640,11638,4
2020-02-21,16:09:17,11638,11640,11638,2
2020-02-21,16:09:17,11638,11640,11638,4
2020-02-21,16:09:17,11638,11640,11638,2
2020-02-21,16:09:17,11638,11640,11638,4
2020-02-21,16:09:17,11638,11639,11638,6
2020-02-21,16:09:17,11637,11638,11637,20
2020-02-21,16:09:17,11637,11638,11637,1
2020-02-21,16:09:17,11637,11638,11637,1
2020-02-21,16:09:17,11637,11638,11637,1
2020-02-21,16:09:17,11637,11638,11637,1
2020-02-21,16:09:18,11637,11638,11637,1
2020-02-21,16:09:18,11637,11638,11637,1
2020-02-21,16:09:18,11637,11638,11637,2
2020-02-21,16:09:18,11637,11638,11637,1
2020-02-21,16:09:18,11637,11638,11637,1
2020-02-21,16:09:18,11637,11638,11637,1
2020-02-21,16:09:18,11637,11638,11637,1
2020-02-21,16:09:18,11637,11638,11637,1
2020-02-21,16:09:18,11637,11638,11637,1
2020-02-21,16:09:18,11637,11638,11638,1
2020-02-21,16:09:18,11637,11638,11637,1
2020-02-21,16:09:18,11637,11638,11638,4
2020-02-21,16:09:18,11637,11638,11638,6
2020-02-21,16:09:19,11637,11639,11639,14
2020-02-21,16:09:19,11637,11639,11639,2
2020-02-21,16:09:19,11638,11639,11639,2
2020-02-21,16:09:19,11638,11639,11639,4
2020-02-21,16:09:19,11638,11639,11639,1
2020-02-21,16:09:19,11638,11639,11639,1
2020-02-21,16:09:19,11638,11639,11639,1
2020-02-21,16:09:19,11638,11639,11639,4
2020-02-21,16:09:19,11638,11639,11639,2
2020-02-21,16:09:19,11638,11639,11639,2
2020-02-21,16:09:19,11638,11639,11639,3
2020-02-21,16:09:19,11638,11639,11639,4
2020-02-21,16:09:19,11638,11639,11639,2
2020-02-21,16:09:19,11638,11639,11639,1
2020-02-21,16:09:20,11639,11640,11639,1
2020-02-21,16:09:22,11638,11639,11638,10
2020-02-21,16:09:24,11637,11638,11637,9
2020-02-21,16:09:24,11637,11638,11637,1
2020-02-21,16:09:24,11637,11638,11638,1
2020-02-21,16:09:25,11637,11638,11637,8
2020-02-21,16:09:25,11636,11637,11637,2
2020-02-21,16:09:26,11637,11638,11637,10
2020-02-21,16:09:27,11636,11638,11636,1
2020-02-21,16:09:27,11636,11638,11636,3
2020-02-21,16:09:27,11636,11638,11636,2
2020-02-21,16:09:27,11636,11638,11636,2
2020-02-21,16:09:27,11636,11638,11636,2
2020-02-21,16:09:27,11637,11638,11637,1
2020-02-21,16:09:27,11637,11638,11637,1
2020-02-21,16:09:27,11637,11638,11636,2
2020-02-21,16:09:27,11636,11638,11636,2
2020-02-21,16:09:27,11636,11638,11636,1
2020-02-21,16:09:27,11636,11638,11636,1
2020-02-21,16:09:27,11636,11638,11636,1
2020-02-21,16:09:27,11636,11638,11636,7
2020-02-21,16:09:27,11636,11638,11636,1
2020-02-21,16:09:27,11636,11638,11636,1
2020-02-21,16:09:27,11636,11638,11636,1
2020-02-21,16:09:27,11636,11638,11636,1
2020-02-21,16:09:27,11636,11638,11636,1
2020-02-21,16:09:27,11636,11637,11636,1
2020-02-21,16:09:27,11636,11637,11635,3
2020-02-21,16:09:27,11636,11637,11636,4
2020-02-21,16:09:27,11636,11637,11635,3
2020-02-21,16:09:27,11636,11637,11635,1
2020-02-21,16:09:27,11636,11637,11635,8
2020-02-21,16:09:27,11636,11637,11635,8
2020-02-21,16:09:27,11635,11636,11635,1
2020-02-21,16:09:27,11635,11636,11635,1
2020-02-21,16:09:27,11635,11636,11635,7
2020-02-21,16:09:27,11635,11636,11635,2
2020-02-21,16:09:27,11635,11636,11634,1
2020-02-21,16:09:27,11635,11636,11634,1
2020-02-21,16:09:27,11635,11636,11634,1
2020-02-21,16:09:27,11635,11636,11634,2
2020-02-21,16:09:27,11635,11636,11634,30
2020-02-21,16:09:27,11635,11636,11634,3
2020-02-21,16:09:27,11635,11636,11633,1
2020-02-21,16:09:27,11635,11636,11633,5
2020-02-21,16:09:27,11635,11636,11634,1
2020-02-21,16:09:27,11635,11636,11633,2
2020-02-21,16:09:27,11635,11636,11633,2
2020-02-21,16:09:27,11635,11636,11633,1
2020-02-21,16:09:27,11633,11635,11633,2
2020-02-21,16:09:27,11633,11635,11634,3
2020-02-21,16:09:27,11633,11635,11633,1
2020-02-21,16:09:27,11633,11635,11633,1
2020-02-21,16:09:27,11633,11635,11633,2
2020-02-21,16:09:27,11633,11635,11633,1
2020-02-21,16:09:28,11633,11634,11634,1
2020-02-21,16:09:28,11633,11634,11634,1
2020-02-21,16:09:28,11633,11634,11633,5
2020-02-21,16:09:28,11633,11634,11633,2
2020-02-21,16:09:28,11633,11634,11633,1
2020-02-21,16:09:28,11633,11634,11633,1
2020-02-21,16:09:28,11633,11634,11633,1
2020-02-21,16:09:28,11633,11634,11633,1
2020-02-21,16:09:28,11633,11634,11633,1
2020-02-21,16:09:28,11633,11634,11634,2
2020-02-21,16:09:28,11633,11634,11633,1
2020-02-21,16:09:28,11633,11634,11633,2
2020-02-21,16:09:28,11633,11634,11633,1
2020-02-21,16:09:28,11633,11634,11634,1
2020-02-21,16:09:28,11633,11634,11634,5
2020-02-21,16:09:28,11633,11634,11633,1
2020-02-21,16:09:28,11633,11634,11633,1
2020-02-21,16:09:28,11633,11634,11634,2
2020-02-21,16:09:28,11633,11634,11634,2
2020-02-21,16:09:28,11633,11634,11633,4
2020-02-21,16:09:28,11633,11634,11634,1
2020-02-21,16:09:28,11633,11634,11633,1
2020-02-21,16:09:28,11633,11635,11633,1
2020-02-21,16:09:28,11633,11635,11633,5
2020-02-21,16:09:28,11633,11635,11634,1
2020-02-21,16:09:28,11633,11635,11634,1
2020-02-21,16:09:28,11633,11635,11634,1
2020-02-21,16:09:28,11633,11635,11635,1
2020-02-21,16:09:28,11633,11635,11635,5
2020-02-21,16:09:28,11633,11635,11634,1
2020-02-21,16:09:28,11634,11635,11634,1
2020-02-21,16:09:28,11634,11635,11634,1
2020-02-21,16:09:28,11634,11635,11634,1
2020-02-21,16:09:28,11634,11635,11634,1
2020-02-21,16:09:28,11634,11635,11634,2
2020-02-21,16:09:29,11634,11635,11634,1
2020-02-21,16:09:29,11634,11635,11634,1
2020-02-21,16:09:29,11634,11635,11634,1
2020-02-21,16:09:29,11634,11635,11634,1
2020-02-21,16:09:29,11634,11635,11634,1
2020-02-21,16:09:29,11634,11635,11635,2
2020-02-21,16:09:29,11634,11635,11635,2
2020-02-21,16:09:30,11634,11635,11634,2
2020-02-21,16:09:30,11634,11635,11635,2
2020-02-21,16:09:30,11634,11635,11634,4
2020-02-21,16:09:30,11634,11635,11634,1
2020-02-21,16:09:30,11634,11635,11635,1
2020-02-21,16:09:31,11634,11636,11634,1
2020-02-21,16:09:32,11634,11636,11634,1
2020-02-21,16:09:32,11634,11635,11634,1
2020-02-21,16:09:33,11634,11635,11635,1
2020-02-21,16:09:33,11634,11635,11634,1
2020-02-21,16:09:33,11634,11636,11634,1
2020-02-21,16:09:33,11634,11636,11634,5
2020-02-21,16:09:33,11634,11636,11634,1
2020-02-21,16:09:33,11634,11635,11634,1
2020-02-21,16:09:35,11634,11635,11634,1
2020-02-21,16:09:36,11634,11635,11634,1
2020-02-21,16:09:36,11634,11635,11634,1
2020-02-21,16:09:36,11634,11635,11634,1
2020-02-21,16:09:36,11634,11635,11634,2
2020-02-21,16:09:36,11634,11635,11634,3
2020-02-21,16:09:36,11634,11635,11634,12
2020-02-21,16:09:36,11634,11635,11634,4
2020-02-21,16:09:37,11633,11634,11634,1
2020-02-21,16:09:38,11633,11634,11633,5
2020-02-21,16:09:40,11633,11634,11634,2
2020-02-21,16:09:41,11633,11634,11633,1
2020-02-21,16:09:42,11633,11634,11634,2
2020-02-21,16:09:42,11633,11634,11633,5
2020-02-21,16:09:43,11633,11634,11633,1
2020-02-21,16:09:43,11633,11634,11633,1
2020-02-21,16:09:43,11633,11634,11633,1
2020-02-21,16:09:43,11633,11634,11634,15
2020-02-21,16:09:43,11633,11635,11634,1
2020-02-21,16:09:44,11634,11635,11635,2
2020-02-21,16:09:45,11635,11636,11635,1
2020-02-21,16:09:45,11634,11636,11634,1
2020-02-21,16:09:46,11634,11636,11636,2
2020-02-21,16:09:46,11634,11635,11635,5
2020-02-21,16:09:46,11634,11635,11634,1
2020-02-21,16:09:47,11634,11636,11636,10
2020-02-21,16:09:47,11634,11636,11636,4
2020-02-21,16:09:47,11634,11636,11637,6
2020-02-21,16:09:47,11634,11636,11636,1
2020-02-21,16:09:51,11635,11636,11636,1
2020-02-21,16:09:54,11636,11637,11636,1
2020-02-21,16:09:54,11636,11637,11636,2
2020-02-21,16:09:56,11636,11637,11636,2
2020-02-21,16:09:56,11636,11637,11636,1
2020-02-21,16:09:57,11636,11637,11636,1
