2019-11-18,15:00:00.098000,11595,11596,11595,34
2019-11-18,15:00:00.170000,11595,11596,11596,4
2019-11-18,15:00:00.309000,11595,11596,11595,1
2019-11-18,15:00:00.633000,11595,11596,11596,1
2019-11-18,15:00:00.653000,11595,11596,11596,1
2019-11-18,15:00:00.678000,11595,11596,11596,2
2019-11-18,15:00:00.720000,11595,11596,11595,1
2019-11-18,15:00:00.752000,11595,11596,11596,5
2019-11-18,15:00:00.775000,11595,11596,11596,1
2019-11-18,15:00:00.846000,11595,11596,11595,1
2019-11-18,15:00:00.846000,11595,11596,11596,14
2019-11-18,15:00:00.906000,11595,11596,11597,1
2019-11-18,15:00:00.917000,11595,11596,11597,1
2019-11-18,15:00:00.944000,11595,11596,11597,2
2019-11-18,15:00:00.971000,11596,11597,11597,11
2019-11-18,15:00:01.092000,11597,11598,11598,2
2019-11-18,15:00:01.095000,11597,11598,11598,7
2019-11-18,15:00:01.100000,11597,11598,11598,5
2019-11-18,15:00:01.219000,11598,11599,11599,6
2019-11-18,15:00:01.343000,11598,11599,11599,5
2019-11-18,15:00:01.434000,11598,11599,11600,1
2019-11-18,15:00:01.516000,11598,11600,11600,1
2019-11-18,15:00:01.719000,11599,11600,11600,8
2019-11-18,15:00:01.823000,11599,11600,11600,1
2019-11-18,15:00:01.845000,11599,11600,11600,1
2019-11-18,15:00:01.850000,11599,11600,11600,1
2019-11-18,15:00:01.906000,11599,11600,11599,1
2019-11-18,15:00:01.914000,11599,11600,11599,2
2019-11-18,15:00:01.982000,11599,11600,11599,2
2019-11-18,15:00:02.046000,11599,11600,11599,1
2019-11-18,15:00:02.210000,11598,11600,11600,1
2019-11-18,15:00:02.242000,11598,11600,11600,1
2019-11-18,15:00:02.377000,11598,11600,11598,5
2019-11-18,15:00:02.377000,11598,11600,11597,11
2019-11-18,15:00:02.377000,11598,11600,11596,2
2019-11-18,15:00:02.593000,11596,11598,11597,2
2019-11-18,15:00:02.609000,11596,11598,11597,1
2019-11-18,15:00:02.609000,11596,11598,11598,7
2019-11-18,15:00:02.780000,11597,11598,11597,5
2019-11-18,15:00:02.894000,11596,11598,11597,1
2019-11-18,15:00:02.906000,11596,11598,11597,1
2019-11-18,15:00:02.909000,11596,11598,11597,1
2019-11-18,15:00:02.911000,11596,11598,11597,1
2019-11-18,15:00:03.378000,11597,11598,11598,1
2019-11-18,15:00:03.379000,11597,11598,11598,1
2019-11-18,15:00:04.482000,11597,11598,11598,2
2019-11-18,15:00:05.208000,11597,11598,11597,5
2019-11-18,15:00:06.944000,11597,11598,11597,1
2019-11-18,15:00:07.037000,11597,11598,11597,1
2019-11-18,15:00:09.398000,11597,11598,11598,1
2019-11-18,15:00:12.983000,11597,11598,11598,5
2019-11-18,15:00:13.034000,11597,11598,11597,1
2019-11-18,15:00:14.673000,11597,11598,11597,1
2019-11-18,15:00:14.864000,11597,11598,11597,1
2019-11-18,15:00:15.480000,11597,11598,11598,2
2019-11-18,15:00:15.480000,11597,11598,11599,3
2019-11-18,15:00:15.719000,11597,11598,11598,1
2019-11-18,15:00:15.768000,11597,11598,11598,1
2019-11-18,15:00:16.767000,11597,11598,11597,1
2019-11-18,15:00:17.985000,11597,11598,11598,3
2019-11-18,15:00:18.311000,11597,11598,11598,1
2019-11-18,15:00:18.650000,11597,11598,11598,1
2019-11-18,15:00:20.238000,11597,11598,11598,1
2019-11-18,15:00:20.344000,11597,11598,11598,1
2019-11-18,15:00:20.360000,11597,11598,11598,3
2019-11-18,15:00:20.370000,11597,11598,11598,2
2019-11-18,15:00:20.470000,11598,11599,11599,2
2019-11-18,15:00:22.268000,11598,11599,11598,1
2019-11-18,15:00:23.624000,11598,11599,11598,1
2019-11-18,15:00:24.737000,11598,11599,11599,7
2019-11-18,15:00:25.612000,11599,11600,11600,5
2019-11-18,15:00:25.936000,11599,11600,11600,1
2019-11-18,15:00:25.936000,11599,11600,11600,1
2019-11-18,15:00:25.937000,11599,11600,11600,1
2019-11-18,15:00:25.968000,11599,11600,11600,2
2019-11-18,15:00:26.343000,11600,11601,11600,1
2019-11-18,15:00:27.741000,11600,11601,11601,1
2019-11-18,15:00:28.244000,11600,11601,11601,1
2019-11-18,15:00:28.801000,11600,11601,11601,1
2019-11-18,15:00:28.885000,11600,11601,11601,10
2019-11-18,15:00:28.886000,11600,11601,11601,1
2019-11-18,15:00:28.967000,11600,11601,11601,1
2019-11-18,15:00:29.557000,11600,11601,11601,2
2019-11-18,15:00:29.563000,11600,11601,11601,1
2019-11-18,15:00:29.563000,11600,11601,11602,4
2019-11-18,15:00:31.070000,11600,11601,11600,2
2019-11-18,15:00:34.682000,11600,11601,11601,1
2019-11-18,15:00:34.852000,11600,11601,11601,1
2019-11-18,15:00:35.236000,11600,11601,11600,1
2019-11-18,15:00:35.422000,11600,11601,11601,1
2019-11-18,15:00:35.594000,11600,11601,11601,9
2019-11-18,15:00:35.594000,11600,11601,11601,1
2019-11-18,15:00:35.747000,11601,11602,11602,19
2019-11-18,15:00:35.843000,11602,11603,11602,2
2019-11-18,15:00:35.858000,11602,11603,11603,2
2019-11-18,15:00:35.967000,11602,11603,11602,2
2019-11-18,15:00:36.092000,11602,11603,11602,1
2019-11-18,15:00:36.092000,11602,11603,11602,1
2019-11-18,15:00:36.120000,11602,11603,11601,12
2019-11-18,15:00:36.120000,11602,11603,11600,9
2019-11-18,15:00:36.167000,11602,11603,11602,1
2019-11-18,15:00:36.196000,11602,11603,11602,1
2019-11-18,15:00:36.947000,11600,11602,11600,1
2019-11-18,15:00:38.630000,11600,11602,11602,1
2019-11-18,15:00:39.970000,11600,11602,11602,2
2019-11-18,15:00:40.063000,11600,11602,11602,1
2019-11-18,15:00:43.137000,11601,11602,11601,1
2019-11-18,15:00:47.001000,11601,11602,11601,1
2019-11-18,15:00:47.553000,11601,11602,11602,1
2019-11-18,15:00:49.404000,11601,11602,11602,5
2019-11-18,15:00:49.961000,11601,11602,11601,4
2019-11-18,15:00:52.336000,11601,11602,11601,2
2019-11-18,15:00:54.092000,11601,11602,11601,1
2019-11-18,15:00:55.799000,11601,11602,11601,2
2019-11-18,15:00:56.623000,11601,11602,11601,1
2019-11-18,15:00:57.726000,11601,11602,11601,1
2019-11-18,15:00:58.596000,11601,11602,11601,1
2019-11-18,15:00:59.726000,11601,11602,11602,4
2019-11-18,15:01:00.021000,11601,11602,11601,2
2019-11-18,15:01:00.035000,11601,11602,11601,2
2019-11-18,15:01:00.042000,11601,11602,11602,1
2019-11-18,15:01:00.053000,11601,11602,11602,1
2019-11-18,15:01:00.053000,11601,11602,11602,1
2019-11-18,15:01:00.074000,11601,11602,11602,1
2019-11-18,15:01:00.394000,11601,11602,11602,3
2019-11-18,15:01:00.404000,11601,11602,11602,1
2019-11-18,15:01:00.559000,11601,11602,11602,1
2019-11-18,15:01:00.593000,11601,11602,11602,1
2019-11-18,15:01:00.593000,11601,11602,11602,1
2019-11-18,15:01:00.593000,11601,11602,11602,1
2019-11-18,15:01:00.710000,11601,11602,11602,1
2019-11-18,15:01:00.718000,11602,11603,11602,1
2019-11-18,15:01:00.967000,11602,11603,11602,2
2019-11-18,15:01:00.993000,11602,11603,11602,2
2019-11-18,15:01:01.018000,11602,11603,11602,2
2019-11-18,15:01:01.483000,11601,11602,11602,1
2019-11-18,15:01:01.483000,11601,11602,11603,1
2019-11-18,15:01:01.565000,11601,11602,11603,2
2019-11-18,15:01:01.599000,11601,11603,11603,4
2019-11-18,15:01:01.601000,11601,11603,11603,1
2019-11-18,15:01:01.601000,11601,11603,11603,2
2019-11-18,15:01:01.601000,11601,11603,11603,1
2019-11-18,15:01:01.601000,11601,11603,11603,2
2019-11-18,15:01:01.602000,11601,11603,11603,2
2019-11-18,15:01:01.608000,11601,11603,11603,1
2019-11-18,15:01:01.609000,11601,11603,11603,2
2019-11-18,15:01:01.611000,11601,11603,11603,2
2019-11-18,15:01:01.612000,11601,11603,11603,2
2019-11-18,15:01:01.617000,11601,11603,11603,2
2019-11-18,15:01:01.665000,11601,11603,11601,2
2019-11-18,15:01:02.127000,11602,11603,11602,1
2019-11-18,15:01:02.272000,11602,11603,11603,1
2019-11-18,15:01:03.729000,11603,11604,11603,1
2019-11-18,15:01:04.029000,11603,11604,11603,1
2019-11-18,15:01:04.648000,11602,11604,11604,1
2019-11-18,15:01:04.804000,11602,11604,11604,1
2019-11-18,15:01:04.895000,11602,11604,11602,2
2019-11-18,15:01:05.146000,11602,11604,11604,5
2019-11-18,15:01:06.949000,11602,11604,11604,1
2019-11-18,15:01:08.764000,11602,11604,11602,2
2019-11-18,15:01:08.961000,11602,11604,11604,1
2019-11-18,15:01:09.147000,11602,11604,11603,1
2019-11-18,15:01:09.267000,11602,11604,11604,1
2019-11-18,15:01:09.315000,11602,11604,11604,5
2019-11-18,15:01:09.770000,11603,11604,11603,1
2019-11-18,15:01:09.870000,11603,11604,11603,1
2019-11-18,15:01:10.655000,11602,11603,11603,1
2019-11-18,15:01:10.794000,11603,11604,11604,1
2019-11-18,15:01:11.434000,11603,11604,11604,1
2019-11-18,15:01:11.596000,11603,11604,11604,5
2019-11-18,15:01:11.677000,11603,11604,11603,1
2019-11-18,15:01:13.244000,11603,11604,11603,1
2019-11-18,15:01:13.270000,11603,11604,11604,1
2019-11-18,15:01:13.674000,11603,11604,11604,1
2019-11-18,15:01:13.859000,11603,11604,11604,1
2019-11-18,15:01:13.983000,11603,11604,11603,4
2019-11-18,15:01:14.292000,11603,11604,11604,1
2019-11-18,15:01:14.990000,11603,11604,11604,2
2019-11-18,15:01:15.234000,11604,11605,11605,1
2019-11-18,15:01:15.379000,11604,11605,11605,1
2019-11-18,15:01:15.448000,11604,11605,11604,1
2019-11-18,15:01:15.529000,11604,11605,11605,2
2019-11-18,15:01:15.768000,11604,11605,11604,1
2019-11-18,15:01:15.782000,11604,11605,11604,5
2019-11-18,15:01:17.016000,11604,11605,11604,1
2019-11-18,15:01:17.609000,11604,11605,11605,1
2019-11-18,15:01:18.019000,11604,11605,11605,5
2019-11-18,15:01:18.987000,11604,11605,11604,2
2019-11-18,15:01:19.272000,11604,11605,11604,4
2019-11-18,15:01:19.861000,11604,11605,11605,10
2019-11-18,15:01:20.380000,11604,11605,11605,1
2019-11-18,15:01:21.042000,11604,11605,11604,1
2019-11-18,15:01:21.219000,11604,11605,11604,1
2019-11-18,15:01:21.367000,11604,11605,11605,1
2019-11-18,15:01:21.491000,11604,11605,11605,1
2019-11-18,15:01:22.484000,11604,11605,11604,1
2019-11-18,15:01:22.547000,11604,11605,11605,2
2019-11-18,15:01:23.045000,11604,11605,11605,2
2019-11-18,15:01:23.187000,11604,11606,11605,1
2019-11-18,15:01:24.181000,11604,11605,11605,1
2019-11-18,15:01:25.332000,11604,11605,11605,2
2019-11-18,15:01:25.613000,11604,11605,11605,1
2019-11-18,15:01:25.825000,11604,11605,11605,5
2019-11-18,15:01:26.651000,11604,11605,11604,1
2019-11-18,15:01:27.947000,11604,11605,11604,1
2019-11-18,15:01:32.618000,11604,11605,11604,1
2019-11-18,15:01:32.710000,11604,11605,11605,1
2019-11-18,15:01:34.528000,11604,11605,11604,1
2019-11-18,15:01:35.430000,11604,11605,11604,1
2019-11-18,15:01:36.143000,11604,11605,11604,1
2019-11-18,15:01:36.144000,11604,11605,11604,1
2019-11-18,15:01:37.335000,11603,11604,11604,1
2019-11-18,15:01:40.138000,11603,11604,11604,1
2019-11-18,15:01:42.752000,11603,11604,11603,1
2019-11-18,15:01:44.661000,11603,11604,11603,5
2019-11-18,15:01:44.740000,11603,11604,11604,1
2019-11-18,15:01:45.088000,11603,11604,11604,1
2019-11-18,15:01:49.098000,11603,11604,11603,2
2019-11-18,15:01:50.717000,11603,11604,11603,1
2019-11-18,15:01:52.536000,11603,11604,11604,2
2019-11-18,15:01:53.054000,11603,11604,11603,2
2019-11-18,15:01:54.377000,11602,11603,11603,1
2019-11-18,15:01:58.634000,11602,11603,11603,5
2019-11-18,15:01:59.574000,11602,11603,11603,1
2019-11-18,15:01:59.574000,11602,11603,11604,2
2019-11-18,15:01:59.664000,11602,11604,11603,1
2019-11-18,15:01:59.664000,11602,11604,11604,9
2019-11-18,15:01:59.718000,11602,11604,11603,2
2019-11-18,15:01:59.743000,11602,11604,11603,2
2019-11-18,15:01:59.810000,11602,11604,11603,1
2019-11-18,15:02:04.199000,11602,11603,11602,1
2019-11-18,15:02:04.415000,11602,11603,11603,3
2019-11-18,15:02:04.499000,11603,11604,11603,1
2019-11-18,15:02:04.980000,11603,11604,11604,5
2019-11-18,15:02:05.214000,11603,11604,11604,1
2019-11-18,15:02:08.321000,11604,11605,11604,1
2019-11-18,15:02:08.324000,11604,11605,11604,1
2019-11-18,15:02:09.893000,11603,11605,11603,2
2019-11-18,15:02:09.942000,11603,11605,11603,1
2019-11-18,15:02:10.320000,11603,11605,11603,1
2019-11-18,15:02:12.561000,11603,11604,11604,1
2019-11-18,15:02:18.583000,11603,11604,11603,14
2019-11-18,15:02:18.592000,11603,11604,11603,10
2019-11-18,15:02:23.504000,11602,11603,11603,1
2019-11-18,15:02:31.425000,11602,11603,11603,1
2019-11-18,15:02:32.730000,11602,11603,11603,1
2019-11-18,15:02:33.699000,11602,11603,11602,1
2019-11-18,15:02:34.179000,11602,11603,11603,1
2019-11-18,15:02:34.910000,11602,11603,11603,1
2019-11-18,15:02:39.496000,11602,11603,11603,12
2019-11-18,15:02:45.157000,11602,11603,11603,1
2019-11-18,15:02:48.371000,11602,11603,11603,1
2019-11-18,15:02:49.342000,11602,11603,11603,2
2019-11-18,15:02:49.598000,11602,11603,11603,5
2019-11-18,15:02:55.380000,11602,11603,11602,1
2019-11-18,15:02:55.520000,11602,11603,11602,1
2019-11-18,15:02:55.630000,11602,11603,11602,1
2019-11-18,15:02:57.537000,11602,11603,11602,1
2019-11-18,15:02:57.677000,11602,11603,11602,1
2019-11-18,15:02:57.812000,11602,11603,11602,1
2019-11-18,15:03:00.098000,11602,11603,11603,5
2019-11-18,15:03:00.255000,11602,11603,11603,1
2019-11-18,15:03:02.819000,11602,11603,11603,1
2019-11-18,15:03:03.277000,11602,11603,11603,2
2019-11-18,15:03:05.059000,11602,11603,11602,2
2019-11-18,15:03:13.212000,11602,11603,11602,1
2019-11-18,15:03:14.525000,11602,11603,11602,2
2019-11-18,15:03:18.929000,11602,11603,11602,1
2019-11-18,15:03:20.368000,11602,11603,11602,1
2019-11-18,15:03:21.510000,11602,11603,11603,1
2019-11-18,15:03:26.780000,11602,11603,11602,1
2019-11-18,15:03:29.514000,11602,11603,11603,1
2019-11-18,15:03:33.133000,11602,11603,11603,8
2019-11-18,15:03:33.218000,11603,11604,11603,2
2019-11-18,15:03:33.959000,11602,11603,11603,1
2019-11-18,15:03:34.059000,11602,11603,11603,1
2019-11-18,15:03:40.269000,11602,11603,11603,5
2019-11-18,15:03:40.591000,11602,11603,11602,1
2019-11-18,15:03:49.017000,11602,11603,11603,1
2019-11-18,15:03:49.115000,11602,11603,11603,6
2019-11-18,15:03:49.504000,11603,11604,11603,5
2019-11-18,15:03:52.377000,11603,11604,11604,5
2019-11-18,15:03:57.663000,11603,11604,11603,12
2019-11-18,15:04:00.428000,11603,11604,11604,1
2019-11-18,15:04:01.604000,11603,11604,11604,3
2019-11-18,15:04:01.953000,11603,11604,11603,1
2019-11-18,15:04:04.388000,11603,11604,11603,1
2019-11-18,15:04:04.692000,11603,11604,11603,1
2019-11-18,15:04:04.984000,11603,11604,11604,1
2019-11-18,15:04:06.742000,11603,11604,11603,2
2019-11-18,15:04:07.635000,11603,11604,11604,10
2019-11-18,15:04:07.719000,11603,11604,11604,3
2019-11-18,15:04:08.217000,11604,11605,11604,2
2019-11-18,15:04:08.243000,11604,11605,11604,2
2019-11-18,15:04:09.945000,11603,11604,11603,1
2019-11-18,15:04:13.843000,11603,11604,11604,3
2019-11-18,15:04:16.455000,11603,11604,11604,1
2019-11-18,15:04:19.015000,11603,11604,11604,8
2019-11-18,15:04:19.092000,11603,11604,11604,1
2019-11-18,15:04:19.093000,11603,11604,11604,1
2019-11-18,15:04:19.118000,11603,11604,11604,2
2019-11-18,15:04:23.509000,11604,11605,11605,5
2019-11-18,15:04:24.016000,11604,11605,11605,44
2019-11-18,15:04:24.416000,11605,11606,11606,1
2019-11-18,15:04:24.467000,11605,11606,11606,7
2019-11-18,15:04:24.467000,11605,11606,11606,1
2019-11-18,15:04:24.468000,11605,11606,11606,4
2019-11-18,15:04:24.593000,11605,11606,11606,1
2019-11-18,15:04:24.782000,11605,11607,11607,4
2019-11-18,15:04:24.942000,11605,11607,11607,1
2019-11-18,15:04:25.092000,11606,11607,11606,2
2019-11-18,15:04:25.095000,11606,11607,11607,4
2019-11-18,15:04:26.612000,11606,11607,11606,1
2019-11-18,15:04:29.968000,11606,11607,11607,8
2019-11-18,15:04:30.405000,11606,11608,11608,1
2019-11-18,15:04:30.838000,11606,11608,11607,1
2019-11-18,15:04:30.979000,11606,11608,11606,3
2019-11-18,15:04:35.135000,11606,11607,11607,1
2019-11-18,15:04:38.414000,11606,11607,11607,1
2019-11-18,15:04:38.889000,11606,11607,11606,3
2019-11-18,15:04:39.383000,11606,11607,11607,2
2019-11-18,15:04:39.384000,11606,11607,11607,1
2019-11-18,15:04:39.480000,11606,11607,11607,1
2019-11-18,15:04:39.496000,11606,11607,11607,1
2019-11-18,15:04:39.673000,11606,11607,11608,1
2019-11-18,15:04:39.686000,11606,11607,11608,1
2019-11-18,15:04:41.419000,11606,11607,11607,1
2019-11-18,15:04:42.264000,11606,11607,11607,1
2019-11-18,15:04:42.784000,11606,11607,11607,1
2019-11-18,15:04:42.944000,11606,11607,11607,1
2019-11-18,15:04:43.505000,11607,11608,11607,1
2019-11-18,15:04:43.790000,11607,11608,11608,5
2019-11-18,15:04:44.707000,11607,11608,11608,1
2019-11-18,15:04:45.342000,11607,11608,11607,1
2019-11-18,15:04:46.121000,11607,11608,11607,1
2019-11-18,15:04:47.906000,11607,11608,11608,1
2019-11-18,15:04:51.006000,11607,11608,11607,1
2019-11-18,15:04:53.778000,11607,11608,11608,1
2019-11-18,15:04:56.485000,11607,11608,11608,1
2019-11-18,15:04:56.680000,11607,11608,11608,1
2019-11-18,15:04:56.703000,11607,11608,11608,1
2019-11-18,15:04:56.717000,11607,11608,11608,1
2019-11-18,15:04:56.722000,11607,11608,11608,1
2019-11-18,15:04:56.724000,11607,11608,11608,1
2019-11-18,15:04:56.806000,11607,11608,11608,2
2019-11-18,15:04:56.814000,11607,11608,11608,1
2019-11-18,15:04:56.814000,11607,11608,11608,1
2019-11-18,15:04:56.843000,11607,11608,11608,5
2019-11-18,15:04:56.843000,11607,11608,11608,4
2019-11-18,15:04:57.557000,11607,11608,11607,1
2019-11-18,15:04:58.813000,11607,11608,11608,1
2019-11-18,15:04:59.190000,11607,11608,11607,1
2019-11-18,15:04:59.444000,11607,11608,11607,2
2019-11-18,15:04:59.444000,11607,11608,11607,1
2019-11-18,15:04:59.449000,11607,11608,11607,1
2019-11-18,15:04:59.496000,11607,11608,11608,10
2019-11-18,15:04:59.744000,11607,11608,11608,1
2019-11-18,15:05:00.096000,11607,11608,11608,3
2019-11-18,15:05:01.971000,11607,11608,11607,1
2019-11-18,15:05:02.102000,11607,11608,11608,2
2019-11-18,15:05:02.687000,11607,11608,11608,1
2019-11-18,15:05:02.806000,11607,11608,11608,1
2019-11-18,15:05:02.953000,11607,11608,11608,1
2019-11-18,15:05:02.968000,11607,11608,11608,4
2019-11-18,15:05:03.093000,11608,11609,11608,1
2019-11-18,15:05:03.142000,11608,11609,11609,1
2019-11-18,15:05:03.144000,11608,11609,11609,1
2019-11-18,15:05:03.274000,11608,11609,11609,5
2019-11-18,15:05:03.535000,11608,11609,11608,1
2019-11-18,15:05:03.734000,11608,11609,11608,1
2019-11-18,15:05:07.367000,11608,11609,11609,1
2019-11-18,15:05:08.101000,11608,11609,11609,1
2019-11-18,15:05:08.218000,11608,11609,11609,17
2019-11-18,15:05:08.634000,11608,11610,11610,1
2019-11-18,15:05:09.515000,11608,11610,11610,1
2019-11-18,15:05:09.551000,11608,11610,11610,1
2019-11-18,15:05:11.291000,11609,11610,11609,1
2019-11-18,15:05:12.063000,11609,11610,11610,10
2019-11-18,15:05:12.201000,11609,11610,11610,1
2019-11-18,15:05:12.204000,11609,11610,11610,2
2019-11-18,15:05:12.222000,11609,11610,11610,1
2019-11-18,15:05:12.265000,11609,11610,11610,1
2019-11-18,15:05:12.330000,11609,11610,11610,1
2019-11-18,15:05:12.409000,11609,11610,11610,1
2019-11-18,15:05:12.725000,11609,11610,11610,1
2019-11-18,15:05:13.158000,11609,11610,11610,1
2019-11-18,15:05:13.566000,11609,11610,11610,2
2019-11-18,15:05:13.793000,11609,11610,11610,1
2019-11-18,15:05:14.875000,11609,11610,11609,1
2019-11-18,15:05:16.872000,11609,11610,11609,1
2019-11-18,15:05:17.972000,11609,11610,11610,5
2019-11-18,15:05:18.824000,11609,11610,11610,6
2019-11-18,15:05:20.710000,11610,11611,11610,1
2019-11-18,15:05:21.211000,11609,11611,11610,2
2019-11-18,15:05:22.215000,11610,11611,11610,1
2019-11-18,15:05:22.858000,11610,11611,11610,1
2019-11-18,15:05:23.777000,11610,11611,11611,1
2019-11-18,15:05:23.850000,11610,11611,11611,7
2019-11-18,15:05:23.968000,11611,11612,11611,3
2019-11-18,15:05:24.005000,11611,11612,11611,1
2019-11-18,15:05:24.595000,11611,11612,11611,1
2019-11-18,15:05:25.596000,11610,11611,11611,1
2019-11-18,15:05:25.596000,11610,11611,11612,1
2019-11-18,15:05:25.793000,11610,11612,11612,3
2019-11-18,15:05:25.974000,11610,11612,11612,5
2019-11-18,15:05:26.718000,11611,11612,11611,2
2019-11-18,15:05:26.816000,11611,11612,11611,2
2019-11-18,15:05:26.844000,11610,11611,11611,1
2019-11-18,15:05:26.906000,11610,11611,11612,1
2019-11-18,15:05:27.012000,11610,11612,11612,1
2019-11-18,15:05:27.040000,11610,11612,11612,1
2019-11-18,15:05:27.045000,11610,11612,11612,1
2019-11-18,15:05:27.048000,11610,11612,11612,1
2019-11-18,15:05:27.050000,11610,11612,11612,1
2019-11-18,15:05:27.139000,11610,11612,11612,2
2019-11-18,15:05:27.188000,11610,11612,11612,1
2019-11-18,15:05:27.292000,11611,11612,11612,5
2019-11-18,15:05:28.180000,11611,11612,11611,1
2019-11-18,15:05:29.282000,11611,11613,11613,2
2019-11-18,15:05:29.495000,11611,11612,11612,1
2019-11-18,15:05:29.703000,11611,11613,11613,1
2019-11-18,15:05:29.836000,11611,11613,11613,1
2019-11-18,15:05:29.915000,11611,11613,11611,4
2019-11-18,15:05:30.681000,11611,11612,11612,1
2019-11-18,15:05:30.681000,11611,11612,11613,2
2019-11-18,15:05:30.806000,11611,11613,11612,1
2019-11-18,15:05:30.876000,11612,11613,11612,1
2019-11-18,15:05:30.954000,11612,11613,11612,1
2019-11-18,15:05:32.120000,11612,11613,11612,1
2019-11-18,15:05:32.409000,11612,11613,11613,5
2019-11-18,15:05:32.462000,11612,11613,11613,4
2019-11-18,15:05:33.815000,11612,11613,11613,1
2019-11-18,15:05:34.510000,11612,11613,11613,1
2019-11-18,15:05:34.593000,11612,11613,11613,6
2019-11-18,15:05:36.118000,11613,11614,11614,1
2019-11-18,15:05:36.193000,11613,11614,11613,8
2019-11-18,15:05:36.224000,11613,11614,11614,10
2019-11-18,15:05:36.269000,11613,11614,11613,1
2019-11-18,15:05:36.477000,11613,11614,11613,2
2019-11-18,15:05:38.808000,11613,11614,11614,5
2019-11-18,15:05:38.918000,11613,11614,11613,2
2019-11-18,15:05:38.976000,11613,11614,11613,1
2019-11-18,15:05:39.221000,11613,11614,11614,2
2019-11-18,15:05:40.324000,11613,11614,11614,3
2019-11-18,15:05:40.362000,11613,11614,11613,1
2019-11-18,15:05:40.711000,11613,11614,11614,9
2019-11-18,15:05:40.712000,11613,11614,11614,1
2019-11-18,15:05:40.787000,11613,11614,11613,1
2019-11-18,15:05:41.217000,11613,11614,11613,1
2019-11-18,15:05:41.421000,11613,11614,11613,2
2019-11-18,15:05:42.073000,11613,11614,11614,4
2019-11-18,15:05:43.989000,11613,11615,11613,12
2019-11-18,15:05:43.989000,11613,11615,11613,1
2019-11-18,15:05:43.989000,11613,11615,11613,2
2019-11-18,15:05:43.990000,11613,11615,11613,1
2019-11-18,15:05:43.990000,11613,11615,11613,2
2019-11-18,15:05:44.048000,11613,11615,11613,1
2019-11-18,15:05:44.460000,11612,11613,11613,5
2019-11-18,15:05:45.553000,11612,11613,11613,1
2019-11-18,15:05:45.686000,11612,11613,11613,1
2019-11-18,15:05:45.796000,11612,11613,11613,1
2019-11-18,15:05:45.890000,11612,11613,11613,1
2019-11-18,15:05:45.955000,11612,11613,11613,1
2019-11-18,15:05:45.979000,11612,11613,11613,1
2019-11-18,15:05:45.980000,11612,11613,11613,1
2019-11-18,15:05:45.981000,11612,11613,11613,1
2019-11-18,15:05:46.038000,11612,11613,11613,2
2019-11-18,15:05:46.041000,11612,11613,11613,1
2019-11-18,15:05:46.105000,11612,11613,11612,2
2019-11-18,15:05:46.491000,11612,11613,11612,4
2019-11-18,15:05:47.219000,11612,11613,11613,1
2019-11-18,15:05:47.427000,11612,11613,11612,1
2019-11-18,15:05:47.437000,11612,11613,11613,1
2019-11-18,15:05:47.863000,11612,11613,11613,1
2019-11-18,15:05:48.260000,11612,11613,11612,4
2019-11-18,15:05:48.376000,11612,11613,11613,1
2019-11-18,15:05:50.489000,11612,11613,11613,1
2019-11-18,15:05:51.122000,11612,11613,11612,2
2019-11-18,15:05:51.189000,11612,11613,11613,2
2019-11-18,15:05:52.277000,11612,11613,11612,1
2019-11-18,15:05:52.537000,11612,11613,11612,2
2019-11-18,15:05:52.575000,11612,11613,11612,1
2019-11-18,15:05:52.672000,11611,11612,11612,1
2019-11-18,15:05:55.386000,11611,11612,11611,1
2019-11-18,15:05:55.601000,11611,11612,11612,2
2019-11-18,15:05:56.220000,11611,11612,11612,1
2019-11-18,15:05:56.595000,11611,11612,11611,1
2019-11-18,15:05:56.773000,11611,11612,11612,2
2019-11-18,15:06:00.002000,11611,11612,11612,1
2019-11-18,15:06:00.223000,11611,11612,11612,1
2019-11-18,15:06:00.329000,11611,11612,11611,1
2019-11-18,15:06:00.641000,11611,11612,11612,1
2019-11-18,15:06:00.903000,11611,11612,11611,3
2019-11-18,15:06:02.409000,11611,11612,11612,3
2019-11-18,15:06:03.168000,11611,11612,11611,5
2019-11-18,15:06:03.261000,11611,11612,11612,1
2019-11-18,15:06:04.011000,11611,11612,11611,1
2019-11-18,15:06:04.435000,11610,11612,11611,2
2019-11-18,15:06:04.435000,11610,11612,11612,2
2019-11-18,15:06:04.635000,11610,11611,11610,2
2019-11-18,15:06:04.892000,11610,11611,11610,1
2019-11-18,15:06:05.006000,11610,11611,11611,1
2019-11-18,15:06:06.182000,11610,11611,11611,1
2019-11-18,15:06:06.709000,11610,11612,11612,1
2019-11-18,15:06:06.801000,11610,11612,11612,1
2019-11-18,15:06:06.813000,11610,11612,11612,2
2019-11-18,15:06:06.814000,11610,11612,11612,1
2019-11-18,15:06:06.836000,11610,11612,11612,1
2019-11-18,15:06:06.913000,11611,11612,11612,1
2019-11-18,15:06:09.023000,11611,11612,11611,1
2019-11-18,15:06:10.477000,11611,11612,11612,1
2019-11-18,15:06:12.909000,11611,11612,11611,5
2019-11-18,15:06:13.470000,11611,11612,11611,4
2019-11-18,15:06:13.956000,11611,11612,11612,3
2019-11-18,15:06:18.036000,11611,11612,11611,1
2019-11-18,15:06:23.942000,11611,11612,11611,1
2019-11-18,15:06:27.002000,11611,11612,11611,5
2019-11-18,15:06:27.099000,11611,11612,11611,1
2019-11-18,15:06:28.116000,11611,11612,11611,1
2019-11-18,15:06:31.692000,11611,11612,11612,1
2019-11-18,15:06:31.701000,11611,11612,11612,1
2019-11-18,15:06:31.703000,11611,11612,11612,1
2019-11-18,15:06:31.779000,11611,11612,11612,2
2019-11-18,15:06:31.834000,11611,11612,11612,1
2019-11-18,15:06:31.892000,11611,11612,11612,1
2019-11-18,15:06:31.892000,11611,11612,11612,1
2019-11-18,15:06:31.908000,11611,11612,11612,1
2019-11-18,15:06:32.482000,11611,11612,11611,1
2019-11-18,15:06:34.500000,11611,11612,11611,15
2019-11-18,15:06:37.934000,11610,11611,11611,1
2019-11-18,15:06:38.939000,11610,11611,11611,3
2019-11-18,15:06:40.259000,11610,11611,11611,1
2019-11-18,15:06:41.982000,11610,11611,11610,1
2019-11-18,15:06:44.344000,11610,11611,11610,1
2019-11-18,15:06:46.076000,11610,11611,11611,7
2019-11-18,15:06:47.114000,11610,11611,11610,1
2019-11-18,15:06:47.134000,11610,11611,11610,1
2019-11-18,15:06:49.517000,11610,11611,11611,4
2019-11-18,15:06:51.624000,11610,11611,11610,1
2019-11-18,15:06:51.844000,11610,11611,11610,2
2019-11-18,15:06:52.660000,11610,11611,11611,1
2019-11-18,15:06:59.117000,11610,11611,11610,2
2019-11-18,15:06:59.118000,11610,11611,11610,2
2019-11-18,15:06:59.236000,11610,11611,11610,2
2019-11-18,15:06:59.364000,11610,11611,11610,2
2019-11-18,15:07:00.288000,11610,11611,11611,1
2019-11-18,15:07:04.775000,11610,11611,11610,1
2019-11-18,15:07:05.766000,11610,11611,11611,1
2019-11-18,15:07:05.825000,11610,11611,11611,1
2019-11-18,15:07:05.976000,11610,11611,11611,4
2019-11-18,15:07:09.203000,11610,11611,11611,1
2019-11-18,15:07:10.486000,11610,11611,11611,1
2019-11-18,15:07:10.486000,11610,11611,11611,2
2019-11-18,15:07:10.490000,11610,11611,11611,1
2019-11-18,15:07:10.505000,11610,11611,11611,1
2019-11-18,15:07:10.588000,11610,11611,11611,1
2019-11-18,15:07:10.598000,11610,11611,11611,1
2019-11-18,15:07:16.414000,11610,11611,11611,2
2019-11-18,15:07:18.616000,11610,11611,11610,1
2019-11-18,15:07:19.720000,11610,11611,11611,1
2019-11-18,15:07:21.945000,11610,11611,11610,1
2019-11-18,15:07:28.463000,11610,11611,11610,1
2019-11-18,15:07:33.498000,11610,11611,11611,2
2019-11-18,15:07:33.565000,11610,11611,11611,1
2019-11-18,15:07:33.603000,11610,11611,11611,1
2019-11-18,15:07:33.630000,11610,11611,11611,1
2019-11-18,15:07:33.637000,11610,11611,11611,1
2019-11-18,15:07:33.638000,11610,11611,11611,1
2019-11-18,15:07:33.727000,11610,11611,11611,1
2019-11-18,15:07:39.084000,11610,11611,11611,6
2019-11-18,15:07:41.027000,11610,11611,11611,5
2019-11-18,15:07:44.123000,11610,11611,11611,1
2019-11-18,15:07:45.132000,11610,11611,11611,3
2019-11-18,15:07:47.054000,11610,11611,11611,2
2019-11-18,15:07:48.181000,11610,11611,11611,2
2019-11-18,15:07:56.432000,11610,11611,11610,2
2019-11-18,15:07:57.519000,11610,11611,11610,1
2019-11-18,15:08:00.039000,11610,11611,11611,1
2019-11-18,15:08:00.049000,11610,11611,11611,1
2019-11-18,15:08:00.049000,11610,11611,11611,1
2019-11-18,15:08:00.074000,11610,11611,11611,1
2019-11-18,15:08:00.106000,11610,11611,11611,1
2019-11-18,15:08:00.260000,11610,11611,11611,1
2019-11-18,15:08:07.350000,11610,11611,11611,1
2019-11-18,15:08:07.821000,11610,11611,11611,4
2019-11-18,15:08:08.166000,11610,11611,11611,1
2019-11-18,15:08:09.171000,11610,11611,11611,1
2019-11-18,15:08:11.040000,11610,11611,11610,2
2019-11-18,15:08:12.121000,11610,11611,11611,1
2019-11-18,15:08:14.148000,11610,11611,11611,1
2019-11-18,15:08:16.187000,11610,11611,11611,2
2019-11-18,15:08:16.219000,11610,11611,11611,2
2019-11-18,15:08:16.284000,11610,11611,11612,2
2019-11-18,15:08:16.381000,11610,11612,11612,2
2019-11-18,15:08:16.382000,11610,11612,11612,1
2019-11-18,15:08:16.399000,11610,11612,11612,1
2019-11-18,15:08:16.404000,11610,11612,11612,1
2019-11-18,15:08:16.475000,11610,11612,11612,1
2019-11-18,15:08:16.831000,11611,11612,11611,1
2019-11-18,15:08:17.705000,11611,11612,11611,1
2019-11-18,15:08:42.078000,11611,11612,11611,1
2019-11-18,15:08:42.925000,11611,11612,11612,1
2019-11-18,15:08:46.839000,11611,11612,11612,1
2019-11-18,15:08:48.449000,11611,11612,11612,2
2019-11-18,15:08:50.373000,11611,11612,11612,2
2019-11-18,15:08:51.073000,11611,11612,11612,1
2019-11-18,15:08:51.156000,11611,11612,11612,1
2019-11-18,15:08:51.239000,11611,11612,11612,1
2019-11-18,15:08:51.272000,11611,11612,11612,1
2019-11-18,15:08:51.398000,11611,11612,11612,1
2019-11-18,15:08:51.417000,11611,11612,11612,1
2019-11-18,15:08:51.482000,11611,11612,11612,1
2019-11-18,15:08:51.592000,11611,11612,11612,4
2019-11-18,15:08:51.624000,11611,11612,11612,29
2019-11-18,15:08:53.618000,11612,11613,11613,3
2019-11-18,15:08:53.842000,11612,11613,11612,2
2019-11-18,15:08:53.868000,11612,11613,11612,2
2019-11-18,15:08:53.893000,11612,11613,11612,2
2019-11-18,15:08:53.918000,11612,11613,11612,2
2019-11-18,15:08:53.968000,11612,11613,11612,1
2019-11-18,15:08:58.878000,11612,11613,11613,1
2019-11-18,15:08:59.042000,11612,11613,11613,34
2019-11-18,15:08:59.092000,11612,11613,11613,1
2019-11-18,15:08:59.092000,11612,11613,11613,1
2019-11-18,15:08:59.093000,11612,11613,11613,1
2019-11-18,15:08:59.124000,11612,11613,11613,1
2019-11-18,15:08:59.124000,11612,11613,11612,1
2019-11-18,15:09:04.181000,11612,11613,11613,1
2019-11-18,15:09:05.106000,11612,11613,11613,1
2019-11-18,15:09:10.133000,11612,11613,11613,1
2019-11-18,15:09:13.080000,11612,11613,11613,2
2019-11-18,15:09:13.081000,11612,11613,11613,1
2019-11-18,15:09:13.257000,11612,11613,11613,1
2019-11-18,15:09:13.287000,11612,11613,11613,1
2019-11-18,15:09:13.290000,11612,11613,11613,1
2019-11-18,15:09:13.343000,11612,11613,11613,1
2019-11-18,15:09:13.343000,11612,11613,11613,1
2019-11-18,15:09:13.343000,11612,11613,11613,1
2019-11-18,15:09:13.357000,11612,11613,11614,2
2019-11-18,15:09:14.448000,11613,11614,11614,5
2019-11-18,15:09:14.503000,11613,11614,11614,1
2019-11-18,15:09:14.643000,11613,11614,11614,3
2019-11-18,15:09:14.778000,11613,11614,11614,1
2019-11-18,15:09:16.316000,11613,11614,11613,2
2019-11-18,15:09:17.206000,11612,11614,11614,4
2019-11-18,15:09:19.662000,11613,11614,11614,1
2019-11-18,15:09:19.798000,11613,11614,11614,1
2019-11-18,15:09:21.376000,11613,11614,11614,3
2019-11-18,15:09:25.184000,11613,11614,11614,1
2019-11-18,15:09:25.237000,11613,11614,11614,1
2019-11-18,15:09:25.485000,11613,11614,11614,7
2019-11-18,15:09:28.113000,11613,11614,11614,1
2019-11-18,15:09:29.923000,11613,11614,11614,2
2019-11-18,15:09:32.908000,11613,11614,11614,1
2019-11-18,15:09:32.942000,11613,11614,11614,1
2019-11-18,15:09:32.946000,11613,11614,11614,1
2019-11-18,15:09:32.969000,11613,11614,11614,1
2019-11-18,15:09:33.007000,11613,11614,11614,1
2019-11-18,15:09:33.063000,11613,11614,11614,1
2019-11-18,15:09:33.070000,11613,11614,11614,1
2019-11-18,15:09:34.243000,11613,11614,11613,3
2019-11-18,15:09:34.305000,11613,11614,11614,1
2019-11-18,15:09:38.473000,11613,11614,11613,1
2019-11-18,15:09:41.989000,11613,11614,11614,2
2019-11-18,15:09:42.058000,11613,11614,11614,1
2019-11-18,15:09:46.773000,11613,11614,11614,19
2019-11-18,15:09:47.627000,11614,11615,11615,1
2019-11-18,15:09:47.754000,11614,11615,11615,2
2019-11-18,15:09:47.784000,11614,11615,11615,1
2019-11-18,15:09:48.007000,11614,11615,11615,1
2019-11-18,15:09:50.802000,11614,11615,11615,1
2019-11-18,15:09:51.781000,11614,11615,11615,1
2019-11-18,15:09:52.019000,11614,11615,11615,2
2019-11-18,15:09:53.228000,11614,11615,11615,1
2019-11-18,15:09:53.380000,11614,11615,11614,1
2019-11-18,15:09:54.343000,11614,11615,11615,5
2019-11-18,15:09:55.534000,11614,11615,11614,1
2019-11-18,15:10:02.601000,11614,11615,11615,3
2019-11-18,15:10:02.818000,11614,11615,11614,1
2019-11-18,15:10:02.970000,11614,11615,11615,4
2019-11-18,15:10:03.319000,11614,11615,11615,1
2019-11-18,15:10:03.706000,11614,11615,11615,1
2019-11-18,15:10:04.106000,11614,11615,11615,1
2019-11-18,15:10:04.408000,11614,11615,11615,1
2019-11-18,15:10:07.060000,11614,11615,11615,1
2019-11-18,15:10:08.068000,11614,11615,11615,1
2019-11-18,15:10:08.529000,11614,11615,11615,4
2019-11-18,15:10:10.423000,11614,11615,11615,2
2019-11-18,15:10:10.634000,11614,11615,11615,1
2019-11-18,15:10:13.065000,11614,11615,11615,1
2019-11-18,15:10:15.209000,11614,11615,11615,1
2019-11-18,15:10:18.327000,11614,11615,11615,1
2019-11-18,15:10:21.353000,11614,11615,11615,1
2019-11-18,15:10:21.467000,11614,11615,11615,1
2019-11-18,15:10:21.468000,11614,11615,11615,1
2019-11-18,15:10:21.468000,11614,11615,11615,1
2019-11-18,15:10:22.569000,11614,11615,11614,1
2019-11-18,15:10:22.855000,11614,11615,11615,1
2019-11-18,15:10:22.897000,11614,11615,11615,2
2019-11-18,15:10:23.361000,11614,11615,11615,2
2019-11-18,15:10:24.236000,11614,11615,11614,1
2019-11-18,15:10:24.917000,11614,11615,11615,1
2019-11-18,15:10:25.176000,11614,11615,11614,1
2019-11-18,15:10:26.319000,11614,11615,11615,1
2019-11-18,15:10:27.863000,11614,11615,11615,1
2019-11-18,15:10:29.380000,11614,11615,11615,1
2019-11-18,15:10:29.564000,11614,11615,11615,1
2019-11-18,15:10:29.956000,11614,11615,11614,1
2019-11-18,15:10:32.984000,11614,11615,11615,5
2019-11-18,15:10:33.820000,11615,11616,11615,1
2019-11-18,15:10:35.028000,11615,11616,11615,1
2019-11-18,15:10:35.478000,11615,11616,11616,1
2019-11-18,15:10:35.696000,11615,11616,11615,2
2019-11-18,15:10:37.357000,11615,11616,11615,1
2019-11-18,15:10:40.480000,11615,11616,11615,2
2019-11-18,15:10:42.048000,11615,11616,11616,1
2019-11-18,15:10:42.194000,11615,11616,11615,1
2019-11-18,15:10:42.271000,11615,11616,11615,1
2019-11-18,15:10:44.112000,11615,11616,11615,3
2019-11-18,15:10:44.711000,11615,11616,11615,1
2019-11-18,15:10:46.021000,11615,11616,11615,1
2019-11-18,15:10:46.118000,11615,11616,11615,2
2019-11-18,15:10:47.249000,11615,11616,11615,2
2019-11-18,15:10:47.577000,11615,11616,11615,2
2019-11-18,15:10:47.633000,11614,11616,11615,2
2019-11-18,15:10:48.273000,11614,11615,11615,1
2019-11-18,15:10:50.598000,11614,11615,11614,2
2019-11-18,15:10:52.828000,11614,11615,11615,1
2019-11-18,15:10:56.149000,11614,11615,11615,1
2019-11-18,15:11:01.571000,11614,11615,11615,4
2019-11-18,15:11:02.909000,11614,11615,11615,1
2019-11-18,15:11:03.810000,11614,11615,11614,1
2019-11-18,15:11:03.855000,11614,11615,11614,1
2019-11-18,15:11:04.198000,11614,11615,11614,12
2019-11-18,15:11:04.210000,11614,11615,11614,2
2019-11-18,15:11:04.217000,11614,11615,11614,1
2019-11-18,15:11:04.217000,11614,11615,11614,23
2019-11-18,15:11:04.508000,11613,11614,11614,2
2019-11-18,15:11:04.533000,11613,11614,11614,2
2019-11-18,15:11:04.559000,11613,11614,11614,2
2019-11-18,15:11:04.584000,11613,11614,11614,2
2019-11-18,15:11:04.592000,11613,11614,11614,2
2019-11-18,15:11:04.598000,11613,11614,11614,1
2019-11-18,15:11:04.618000,11613,11614,11614,2
2019-11-18,15:11:04.643000,11613,11614,11614,2
2019-11-18,15:11:07.732000,11613,11614,11614,1
2019-11-18,15:11:17.763000,11613,11614,11614,4
2019-11-18,15:11:20.018000,11613,11614,11614,1
2019-11-18,15:11:20.528000,11613,11614,11614,14
2019-11-18,15:11:23.513000,11613,11614,11614,1
2019-11-18,15:11:23.513000,11613,11614,11615,3
2019-11-18,15:11:23.733000,11613,11615,11613,1
2019-11-18,15:11:24.910000,11613,11614,11614,1
2019-11-18,15:11:25.318000,11613,11614,11614,1
2019-11-18,15:11:26.533000,11613,11614,11614,2
2019-11-18,15:11:28.272000,11613,11614,11613,1
2019-11-18,15:11:30.535000,11613,11614,11614,1
2019-11-18,15:11:32.539000,11613,11614,11614,1
2019-11-18,15:11:35.771000,11613,11614,11614,1
2019-11-18,15:11:36.540000,11613,11614,11613,1
2019-11-18,15:11:36.956000,11613,11614,11613,2
2019-11-18,15:11:37.965000,11613,11614,11614,2
2019-11-18,15:11:41.720000,11613,11614,11614,1
2019-11-18,15:11:44.043000,11613,11614,11614,2
2019-11-18,15:11:44.493000,11613,11614,11614,1
2019-11-18,15:11:46.520000,11613,11614,11614,1
2019-11-18,15:11:47.709000,11613,11614,11614,2
2019-11-18,15:11:54.870000,11613,11614,11614,1
2019-11-18,15:11:55.368000,11613,11614,11613,1
2019-11-18,15:12:05.510000,11613,11614,11613,1
2019-11-18,15:12:11.111000,11613,11614,11613,1
2019-11-18,15:12:11.424000,11613,11614,11613,1
2019-11-18,15:12:12.341000,11613,11614,11613,1
2019-11-18,15:12:13.134000,11613,11614,11613,2
2019-11-18,15:12:17.726000,11613,11614,11613,1
2019-11-18,15:12:18.319000,11613,11614,11613,2
2019-11-18,15:12:19.627000,11613,11614,11613,1
2019-11-18,15:12:20.204000,11613,11614,11613,1
2019-11-18,15:12:21.399000,11613,11614,11614,1
2019-11-18,15:12:21.790000,11613,11614,11613,1
2019-11-18,15:12:22.132000,11613,11614,11614,2
2019-11-18,15:12:22.997000,11613,11614,11613,1
2019-11-18,15:12:23.977000,11613,11614,11613,1
2019-11-18,15:12:25.083000,11613,11614,11613,1
2019-11-18,15:12:26.718000,11612,11613,11613,1
2019-11-18,15:12:27.046000,11612,11614,11614,1
2019-11-18,15:12:27.448000,11612,11614,11614,1
2019-11-18,15:12:29.108000,11612,11614,11612,1
2019-11-18,15:12:29.388000,11612,11614,11612,1
2019-11-18,15:12:31.834000,11612,11613,11612,1
2019-11-18,15:12:34.914000,11612,11613,11613,1
2019-11-18,15:12:41.244000,11612,11613,11613,1
2019-11-18,15:12:43.757000,11612,11614,11612,2
2019-11-18,15:12:43.821000,11612,11614,11614,2
2019-11-18,15:12:45.416000,11612,11614,11612,1
2019-11-18,15:12:48.103000,11612,11613,11612,1
2019-11-18,15:12:51.169000,11612,11613,11613,1
2019-11-18,15:12:51.547000,11612,11613,11612,2
2019-11-18,15:12:55.521000,11612,11613,11613,3
2019-11-18,15:12:55.824000,11613,11614,11613,2
2019-11-18,15:12:55.974000,11613,11614,11613,1
2019-11-18,15:12:58.186000,11613,11614,11613,2
2019-11-18,15:13:07.919000,11613,11614,11613,2
2019-11-18,15:13:08.502000,11613,11614,11614,1
2019-11-18,15:13:20.408000,11613,11614,11614,1
2019-11-18,15:13:23.592000,11613,11614,11614,13
2019-11-18,15:13:23.717000,11613,11614,11614,5
2019-11-18,15:13:23.717000,11613,11614,11614,4
2019-11-18,15:13:23.718000,11613,11614,11614,2
2019-11-18,15:13:24.211000,11614,11615,11614,2
2019-11-18,15:13:27.442000,11614,11615,11614,2
2019-11-18,15:13:30.770000,11614,11615,11614,1
2019-11-18,15:13:33.657000,11614,11615,11614,1
2019-11-18,15:13:40.717000,11614,11615,11615,4
2019-11-18,15:13:40.843000,11614,11615,11615,4
2019-11-18,15:13:40.969000,11614,11615,11615,12
2019-11-18,15:13:41.092000,11614,11615,11615,3
2019-11-18,15:13:41.092000,11614,11615,11615,1
2019-11-18,15:13:41.092000,11614,11615,11615,6
2019-11-18,15:13:41.093000,11614,11615,11615,7
2019-11-18,15:13:41.488000,11615,11616,11615,1
2019-11-18,15:13:47.795000,11615,11616,11615,1
2019-11-18,15:13:50.877000,11615,11616,11615,1
2019-11-18,15:13:59.572000,11615,11616,11616,1
2019-11-18,15:13:59.856000,11615,11616,11616,3
2019-11-18,15:13:59.977000,11615,11616,11616,1
2019-11-18,15:14:00.658000,11615,11616,11615,1
2019-11-18,15:14:06.535000,11615,11616,11615,1
2019-11-18,15:14:07.449000,11615,11616,11616,1
2019-11-18,15:14:10.548000,11615,11616,11615,5
2019-11-18,15:14:10.690000,11615,11616,11616,2
2019-11-18,15:14:10.715000,11615,11616,11616,2
2019-11-18,15:14:10.717000,11615,11616,11616,2
2019-11-18,15:14:10.743000,11615,11616,11616,2
2019-11-18,15:14:10.768000,11615,11616,11616,2
2019-11-18,15:14:10.793000,11615,11616,11616,2
2019-11-18,15:14:10.819000,11615,11616,11616,2
2019-11-18,15:14:10.967000,11615,11616,11615,2
2019-11-18,15:14:10.993000,11615,11616,11615,2
2019-11-18,15:14:11.018000,11615,11616,11615,2
2019-11-18,15:14:11.043000,11615,11616,11615,2
2019-11-18,15:14:13.042000,11615,11616,11615,2
2019-11-18,15:14:16.524000,11615,11616,11615,1
2019-11-18,15:14:18.954000,11615,11616,11615,1
2019-11-18,15:14:19.249000,11615,11616,11616,3
2019-11-18,15:14:19.592000,11615,11616,11615,1
2019-11-18,15:14:21.747000,11615,11616,11615,3
2019-11-18,15:14:22.206000,11615,11616,11616,1
2019-11-18,15:14:23.007000,11615,11616,11615,1
2019-11-18,15:14:27.991000,11615,11616,11616,1
2019-11-18,15:14:35.750000,11615,11616,11616,4
2019-11-18,15:14:37.278000,11615,11616,11615,1
2019-11-18,15:14:40.071000,11615,11616,11615,1
2019-11-18,15:14:41.687000,11615,11616,11615,1
2019-11-18,15:14:47.760000,11615,11616,11615,1
2019-11-18,15:14:48.505000,11615,11616,11615,2
2019-11-18,15:14:51.904000,11615,11616,11616,1
2019-11-18,15:14:52.791000,11615,11616,11615,2
2019-11-18,15:14:53.787000,11615,11616,11615,1
2019-11-18,15:14:54.073000,11615,11616,11616,1
2019-11-18,15:15:00.094000,11615,11616,11615,1
2019-11-18,15:15:00.795000,11615,11616,11616,3
2019-11-18,15:15:01.103000,11615,11616,11616,6
2019-11-18,15:15:01.106000,11615,11616,11616,8
2019-11-18,15:15:01.130000,11615,11616,11616,1
2019-11-18,15:15:01.832000,11615,11616,11616,1
2019-11-18,15:15:01.909000,11615,11616,11616,2
2019-11-18,15:15:01.923000,11615,11616,11616,2
2019-11-18,15:15:02.070000,11615,11616,11616,5
2019-11-18,15:15:06.799000,11615,11616,11616,1
2019-11-18,15:15:09.886000,11615,11616,11615,1
2019-11-18,15:15:10.301000,11615,11616,11615,1
2019-11-18,15:15:16.238000,11615,11616,11615,1
2019-11-18,15:15:16.554000,11615,11616,11616,1
2019-11-18,15:15:18.135000,11615,11616,11616,1
2019-11-18,15:15:18.336000,11615,11616,11616,1
2019-11-18,15:15:19.858000,11615,11616,11616,2
2019-11-18,15:15:28.847000,11615,11616,11615,1
2019-11-18,15:15:30.165000,11615,11616,11615,3
2019-11-18,15:15:31.705000,11615,11616,11615,2
2019-11-18,15:15:33.686000,11615,11616,11616,2
2019-11-18,15:15:33.711000,11615,11616,11616,2
2019-11-18,15:15:33.717000,11615,11616,11616,2
2019-11-18,15:15:33.867000,11615,11616,11616,2
2019-11-18,15:15:33.871000,11615,11616,11616,1
2019-11-18,15:15:33.924000,11615,11616,11616,29
2019-11-18,15:15:35.878000,11616,11617,11616,5
2019-11-18,15:15:37.799000,11616,11617,11616,1
2019-11-18,15:15:41.447000,11616,11617,11616,1
2019-11-18,15:15:43.016000,11616,11617,11617,1
2019-11-18,15:15:43.101000,11616,11617,11617,10
2019-11-18,15:15:43.119000,11616,11617,11617,1
2019-11-18,15:15:43.359000,11616,11617,11616,1
2019-11-18,15:15:43.366000,11616,11617,11617,1
2019-11-18,15:15:43.422000,11616,11617,11616,4
2019-11-18,15:15:44.544000,11616,11617,11616,1
2019-11-18,15:15:55.114000,11616,11617,11617,3
2019-11-18,15:15:56.342000,11616,11617,11616,1
2019-11-18,15:15:57.103000,11616,11617,11617,1
2019-11-18,15:15:57.104000,11616,11617,11617,1
2019-11-18,15:15:57.104000,11616,11617,11617,1
2019-11-18,15:15:57.104000,11616,11617,11617,3
2019-11-18,15:15:57.104000,11616,11617,11617,1
2019-11-18,15:15:57.104000,11616,11617,11617,2
2019-11-18,15:15:57.104000,11616,11617,11617,1
2019-11-18,15:15:57.104000,11616,11617,11617,1
2019-11-18,15:15:57.104000,11616,11617,11617,3
2019-11-18,15:15:57.218000,11616,11617,11617,4
2019-11-18,15:15:57.342000,11616,11617,11617,1
2019-11-18,15:15:59.137000,11617,11618,11617,1
2019-11-18,15:16:00.693000,11617,11618,11618,1
2019-11-18,15:16:00.752000,11617,11618,11618,5
2019-11-18,15:16:00.755000,11617,11618,11618,5
2019-11-18,15:16:00.782000,11617,11618,11618,3
2019-11-18,15:16:01.009000,11617,11618,11618,2
2019-11-18,15:16:01.253000,11617,11618,11618,4
2019-11-18,15:16:01.298000,11617,11618,11618,1
2019-11-18,15:16:01.401000,11617,11618,11618,1
2019-11-18,15:16:01.470000,11617,11618,11618,1
2019-11-18,15:16:01.728000,11617,11618,11618,2
2019-11-18,15:16:01.728000,11617,11618,11618,1
2019-11-18,15:16:01.729000,11617,11618,11618,1
2019-11-18,15:16:01.729000,11617,11618,11618,2
2019-11-18,15:16:01.849000,11618,11619,11619,4
2019-11-18,15:16:01.853000,11618,11619,11619,2
2019-11-18,15:16:01.940000,11618,11619,11619,2
2019-11-18,15:16:02.055000,11618,11619,11619,1
2019-11-18,15:16:02.088000,11618,11619,11619,1
2019-11-18,15:16:02.136000,11618,11619,11619,2
2019-11-18,15:16:02.161000,11618,11619,11619,2
2019-11-18,15:16:02.186000,11618,11619,11619,2
2019-11-18,15:16:02.691000,11619,11620,11620,1
2019-11-18,15:16:02.724000,11619,11620,11620,10
2019-11-18,15:16:02.852000,11619,11620,11620,1
2019-11-18,15:16:03.326000,11619,11620,11619,3
2019-11-18,15:16:05.879000,11619,11620,11620,1
2019-11-18,15:16:06.217000,11619,11620,11619,1
2019-11-18,15:16:07.466000,11618,11619,11619,1
2019-11-18,15:16:08.907000,11618,11619,11619,1
2019-11-18,15:16:10.561000,11618,11619,11619,1
2019-11-18,15:16:11.303000,11618,11619,11619,3
2019-11-18,15:16:13.006000,11618,11619,11619,1
2019-11-18,15:16:13.146000,11618,11619,11619,1
2019-11-18,15:16:13.312000,11618,11619,11618,1
2019-11-18,15:16:13.772000,11618,11619,11619,2
2019-11-18,15:16:17.108000,11619,11620,11619,2
2019-11-18,15:16:23.464000,11619,11620,11620,1
2019-11-18,15:16:25.067000,11619,11620,11620,10
2019-11-18,15:16:26.882000,11619,11620,11620,1
2019-11-18,15:16:27.711000,11619,11620,11620,2
2019-11-18,15:16:27.831000,11619,11620,11620,10
2019-11-18,15:16:28.881000,11619,11620,11620,1
2019-11-18,15:16:29.465000,11619,11620,11620,1
2019-11-18,15:16:29.674000,11619,11620,11620,1
2019-11-18,15:16:31.298000,11619,11620,11620,4
2019-11-18,15:16:31.849000,11620,11621,11620,1
2019-11-18,15:16:32.502000,11620,11621,11620,1
2019-11-18,15:16:34.727000,11620,11621,11621,1
2019-11-18,15:16:34.875000,11620,11621,11621,1
2019-11-18,15:16:34.893000,11620,11621,11621,6
2019-11-18,15:16:36.428000,11620,11621,11621,2
2019-11-18,15:16:37.311000,11620,11621,11620,3
2019-11-18,15:16:37.348000,11620,11621,11621,1
2019-11-18,15:16:37.349000,11620,11621,11621,1
2019-11-18,15:16:37.361000,11620,11621,11621,4
2019-11-18,15:16:37.371000,11620,11621,11621,1
2019-11-18,15:16:38.314000,11621,11622,11621,1
2019-11-18,15:16:38.527000,11621,11622,11621,1
2019-11-18,15:16:38.843000,11621,11622,11621,1
2019-11-18,15:16:39.059000,11621,11622,11622,2
2019-11-18,15:16:39.120000,11620,11622,11622,1
2019-11-18,15:16:39.127000,11620,11622,11622,1
2019-11-18,15:16:39.142000,11620,11622,11622,2
2019-11-18,15:16:39.143000,11620,11622,11622,1
2019-11-18,15:16:39.150000,11620,11622,11622,2
2019-11-18,15:16:39.155000,11620,11622,11622,2
2019-11-18,15:16:39.162000,11620,11622,11622,5
2019-11-18,15:16:39.174000,11620,11622,11622,2
2019-11-18,15:16:39.218000,11621,11622,11622,2
2019-11-18,15:16:39.263000,11621,11622,11622,2
2019-11-18,15:16:39.434000,11621,11622,11621,1
2019-11-18,15:16:40.745000,11621,11622,11621,4
2019-11-18,15:16:41.646000,11621,11622,11621,4
2019-11-18,15:16:41.793000,11621,11622,11621,5
2019-11-18,15:16:43.217000,11621,11622,11621,1
2019-11-18,15:16:44.585000,11621,11622,11621,1
2019-11-18,15:16:44.794000,11621,11622,11621,1
2019-11-18,15:16:44.984000,11621,11622,11622,2
2019-11-18,15:16:45.917000,11621,11622,11622,1
2019-11-18,15:16:45.931000,11621,11622,11622,2
2019-11-18,15:16:46.094000,11621,11622,11622,2
2019-11-18,15:16:46.654000,11621,11622,11622,4
2019-11-18,15:16:47.881000,11621,11622,11622,1
2019-11-18,15:16:47.946000,11621,11622,11622,1
2019-11-18,15:16:47.946000,11621,11622,11622,1
2019-11-18,15:16:47.946000,11621,11622,11622,1
2019-11-18,15:16:47.946000,11621,11622,11622,1
2019-11-18,15:16:47.947000,11621,11622,11622,2
2019-11-18,15:16:47.947000,11621,11622,11622,1
2019-11-18,15:16:48.274000,11622,11623,11622,5
2019-11-18,15:16:50.617000,11622,11623,11623,1
2019-11-18,15:16:50.617000,11622,11623,11623,2
2019-11-18,15:16:50.617000,11622,11623,11623,2
2019-11-18,15:16:50.643000,11622,11623,11623,4
2019-11-18,15:16:50.671000,11622,11623,11623,2
2019-11-18,15:16:50.671000,11622,11623,11623,3
2019-11-18,15:16:50.671000,11622,11623,11623,2
2019-11-18,15:16:50.673000,11622,11623,11623,1
2019-11-18,15:16:50.718000,11622,11623,11623,1
2019-11-18,15:16:50.718000,11622,11623,11623,2
2019-11-18,15:16:50.718000,11622,11623,11623,1
2019-11-18,15:16:50.722000,11622,11623,11623,1
2019-11-18,15:16:50.722000,11622,11623,11622,1
2019-11-18,15:16:50.777000,11622,11623,11624,2
2019-11-18,15:16:50.862000,11623,11624,11624,2
2019-11-18,15:16:50.882000,11623,11624,11624,2
2019-11-18,15:16:50.910000,11623,11624,11624,10
2019-11-18,15:16:50.968000,11623,11624,11624,2
2019-11-18,15:16:50.968000,11623,11624,11624,2
2019-11-18,15:16:50.968000,11623,11624,11624,16
2019-11-18,15:16:50.986000,11623,11624,11625,1
2019-11-18,15:16:51.338000,11624,11625,11625,1
2019-11-18,15:16:51.369000,11624,11625,11624,1
2019-11-18,15:16:51.612000,11624,11625,11625,2
2019-11-18,15:16:51.705000,11624,11625,11624,1
2019-11-18,15:16:51.747000,11624,11625,11625,1
2019-11-18,15:16:51.824000,11624,11625,11625,2
2019-11-18,15:16:51.825000,11624,11625,11624,3
2019-11-18,15:16:52.514000,11624,11625,11625,1
2019-11-18,15:16:52.939000,11624,11625,11624,3
2019-11-18,15:16:52.950000,11624,11625,11624,1
2019-11-18,15:16:53.666000,11623,11624,11624,1
2019-11-18,15:16:54.190000,11623,11624,11624,1
2019-11-18,15:16:54.623000,11623,11624,11624,2
2019-11-18,15:16:55.282000,11623,11624,11623,1
2019-11-18,15:16:55.283000,11623,11624,11623,1
2019-11-18,15:16:56.653000,11623,11624,11623,4
2019-11-18,15:16:57.243000,11623,11624,11624,3
2019-11-18,15:16:57.579000,11623,11624,11624,1
2019-11-18,15:16:59.145000,11623,11624,11623,1
2019-11-18,15:17:00.686000,11623,11624,11623,5
2019-11-18,15:17:01.298000,11623,11624,11624,2
2019-11-18,15:17:01.333000,11623,11624,11625,3
2019-11-18,15:17:01.648000,11624,11625,11625,8
2019-11-18,15:17:01.663000,11624,11625,11625,1
2019-11-18,15:17:01.698000,11624,11625,11625,2
2019-11-18,15:17:01.833000,11625,11626,11625,1
2019-11-18,15:17:01.834000,11625,11626,11625,3
2019-11-18,15:17:01.834000,11625,11626,11625,1
2019-11-18,15:17:02.868000,11624,11626,11626,1
2019-11-18,15:17:02.974000,11624,11626,11626,10
2019-11-18,15:17:03.006000,11624,11626,11626,3
2019-11-18,15:17:03.245000,11624,11625,11625,1
2019-11-18,15:17:03.245000,11624,11625,11626,1
2019-11-18,15:17:03.894000,11624,11626,11626,1
2019-11-18,15:17:04.537000,11624,11625,11625,2
2019-11-18,15:17:04.537000,11624,11625,11625,1
2019-11-18,15:17:04.537000,11624,11625,11625,1
2019-11-18,15:17:04.538000,11624,11625,11625,1
2019-11-18,15:17:05.502000,11625,11626,11625,1
2019-11-18,15:17:06.124000,11625,11626,11626,3
2019-11-18,15:17:06.124000,11625,11626,11626,3
2019-11-18,15:17:06.125000,11625,11626,11626,3
2019-11-18,15:17:06.126000,11625,11626,11626,13
2019-11-18,15:17:06.145000,11625,11626,11627,3
2019-11-18,15:17:06.218000,11626,11627,11627,3
2019-11-18,15:17:06.218000,11626,11627,11627,1
2019-11-18,15:17:06.218000,11626,11627,11627,1
2019-11-18,15:17:06.218000,11626,11627,11627,6
2019-11-18,15:17:06.353000,11627,11628,11628,1
2019-11-18,15:17:06.523000,11627,11628,11628,11
2019-11-18,15:17:06.600000,11627,11628,11628,1
2019-11-18,15:17:06.602000,11627,11628,11627,1
2019-11-18,15:17:06.647000,11627,11628,11628,2
2019-11-18,15:17:06.656000,11627,11628,11627,4
2019-11-18,15:17:06.672000,11627,11628,11627,5
2019-11-18,15:17:06.677000,11627,11628,11628,2
2019-11-18,15:17:06.827000,11628,11629,11629,2
2019-11-18,15:17:06.859000,11628,11629,11629,10
2019-11-18,15:17:06.871000,11628,11629,11629,10
2019-11-18,15:17:07.023000,11628,11629,11630,2
2019-11-18,15:17:07.469000,11629,11630,11630,3
2019-11-18,15:17:07.469000,11629,11630,11630,1
2019-11-18,15:17:07.470000,11629,11630,11630,3
2019-11-18,15:17:07.470000,11629,11630,11630,7
2019-11-18,15:17:07.471000,11629,11630,11630,3
2019-11-18,15:17:07.718000,11630,11631,11631,1
2019-11-18,15:17:07.718000,11630,11631,11631,6
2019-11-18,15:17:07.719000,11630,11631,11631,1
2019-11-18,15:17:07.843000,11630,11631,11631,1
2019-11-18,15:17:07.898000,11630,11631,11632,3
2019-11-18,15:17:08.029000,11631,11632,11632,10
2019-11-18,15:17:08.086000,11631,11632,11631,1
2019-11-18,15:17:08.133000,11631,11632,11631,2
2019-11-18,15:17:08.221000,11630,11632,11631,1
2019-11-18,15:17:08.327000,11630,11632,11630,1
2019-11-18,15:17:08.343000,11630,11631,11630,4
2019-11-18,15:17:08.406000,11630,11631,11631,1
2019-11-18,15:17:08.422000,11630,11631,11631,1
2019-11-18,15:17:08.528000,11630,11632,11631,1
2019-11-18,15:17:08.607000,11630,11631,11631,1
2019-11-18,15:17:08.645000,11630,11631,11631,1
2019-11-18,15:17:08.682000,11630,11631,11631,3
2019-11-18,15:17:08.682000,11630,11631,11632,3
2019-11-18,15:17:08.804000,11630,11632,11631,2
2019-11-18,15:17:09.138000,11630,11631,11631,2
2019-11-18,15:17:09.210000,11630,11631,11631,1
2019-11-18,15:17:09.300000,11630,11631,11631,1
2019-11-18,15:17:09.318000,11630,11631,11631,1
2019-11-18,15:17:09.425000,11630,11631,11631,2
2019-11-18,15:17:09.442000,11630,11631,11631,1
2019-11-18,15:17:09.458000,11630,11631,11631,2
2019-11-18,15:17:09.473000,11630,11631,11631,1
2019-11-18,15:17:09.489000,11630,11631,11631,1
2019-11-18,15:17:09.556000,11630,11631,11630,3
2019-11-18,15:17:09.568000,11630,11631,11631,1
2019-11-18,15:17:09.580000,11630,11631,11631,1
2019-11-18,15:17:09.583000,11630,11631,11630,1
2019-11-18,15:17:09.592000,11629,11631,11630,1
2019-11-18,15:17:09.593000,11629,11631,11630,1
2019-11-18,15:17:09.594000,11629,11631,11630,2
2019-11-18,15:17:09.597000,11629,11631,11630,1
2019-11-18,15:17:09.634000,11629,11631,11630,2
2019-11-18,15:17:09.637000,11629,11631,11630,1
2019-11-18,15:17:09.675000,11629,11631,11630,2
2019-11-18,15:17:09.722000,11629,11630,11630,2
2019-11-18,15:17:09.787000,11629,11630,11630,1
2019-11-18,15:17:09.833000,11629,11630,11630,2
2019-11-18,15:17:09.970000,11629,11630,11630,1
2019-11-18,15:17:10.041000,11629,11630,11630,2
2019-11-18,15:17:10.103000,11629,11630,11629,1
2019-11-18,15:17:10.302000,11628,11629,11629,2
2019-11-18,15:17:10.302000,11628,11629,11629,1
2019-11-18,15:17:10.302000,11628,11629,11629,1
2019-11-18,15:17:10.343000,11629,11630,11629,5
2019-11-18,15:17:10.343000,11629,11630,11629,1
2019-11-18,15:17:10.366000,11629,11630,11629,1
2019-11-18,15:17:10.366000,11629,11630,11629,1
2019-11-18,15:17:10.366000,11629,11630,11629,1
2019-11-18,15:17:10.366000,11629,11630,11629,1
2019-11-18,15:17:10.416000,11629,11630,11630,1
2019-11-18,15:17:10.424000,11629,11630,11630,2
2019-11-18,15:17:10.583000,11629,11630,11630,5
2019-11-18,15:17:10.834000,11629,11630,11630,2
2019-11-18,15:17:10.953000,11629,11630,11630,1
2019-11-18,15:17:10.953000,11629,11630,11630,3
2019-11-18,15:17:10.967000,11630,11631,11630,1
2019-11-18,15:17:11.289000,11630,11631,11631,1
2019-11-18,15:17:11.306000,11630,11631,11631,2
2019-11-18,15:17:11.306000,11630,11631,11631,2
2019-11-18,15:17:11.310000,11630,11631,11631,1
2019-11-18,15:17:11.310000,11630,11631,11631,2
2019-11-18,15:17:11.341000,11630,11631,11631,1
2019-11-18,15:17:11.345000,11631,11632,11632,2
2019-11-18,15:17:11.345000,11631,11632,11632,3
2019-11-18,15:17:11.450000,11631,11632,11631,1
2019-11-18,15:17:11.718000,11632,11633,11633,4
2019-11-18,15:17:11.842000,11632,11633,11633,4
2019-11-18,15:17:12.037000,11632,11633,11633,1
2019-11-18,15:17:12.196000,11632,11633,11632,2
2019-11-18,15:17:12.238000,11631,11632,11631,1
2019-11-18,15:17:12.251000,11631,11632,11631,2
2019-11-18,15:17:12.405000,11631,11633,11633,1
2019-11-18,15:17:12.457000,11631,11633,11633,1
2019-11-18,15:17:12.703000,11632,11633,11633,5
2019-11-18,15:17:12.898000,11632,11633,11633,5
2019-11-18,15:17:13.173000,11632,11633,11632,1
2019-11-18,15:17:13.403000,11631,11633,11632,1
2019-11-18,15:17:13.447000,11631,11633,11632,2
2019-11-18,15:17:13.999000,11631,11632,11631,1
2019-11-18,15:17:14.108000,11631,11632,11632,2
2019-11-18,15:17:14.202000,11631,11632,11632,3
2019-11-18,15:17:14.205000,11631,11632,11632,2
2019-11-18,15:17:14.457000,11631,11633,11631,7
2019-11-18,15:17:14.457000,11631,11633,11631,3
2019-11-18,15:17:14.457000,11631,11633,11631,1
2019-11-18,15:17:14.457000,11631,11633,11631,3
2019-11-18,15:17:14.457000,11631,11633,11631,1
2019-11-18,15:17:14.458000,11631,11633,11631,1
2019-11-18,15:17:14.458000,11631,11633,11631,1
2019-11-18,15:17:14.462000,11631,11633,11631,1
2019-11-18,15:17:14.467000,11630,11631,11631,1
2019-11-18,15:17:14.522000,11630,11631,11631,1
2019-11-18,15:17:14.528000,11630,11631,11632,1
2019-11-18,15:17:14.716000,11631,11632,11632,2
2019-11-18,15:17:14.716000,11631,11632,11633,3
2019-11-18,15:17:15.477000,11632,11633,11632,1
2019-11-18,15:17:15.641000,11632,11633,11632,1
2019-11-18,15:17:15.865000,11632,11633,11632,1
2019-11-18,15:17:15.967000,11631,11632,11632,1
2019-11-18,15:17:16.446000,11632,11633,11632,1
2019-11-18,15:17:16.674000,11632,11633,11633,4
2019-11-18,15:17:16.674000,11632,11633,11634,3
2019-11-18,15:17:16.765000,11632,11634,11634,1
2019-11-18,15:17:17.810000,11634,11635,11634,1
2019-11-18,15:17:17.956000,11634,11635,11634,1
2019-11-18,15:17:18.847000,11633,11635,11633,1
2019-11-18,15:17:19.032000,11633,11635,11633,1
2019-11-18,15:17:19.122000,11633,11635,11634,1
2019-11-18,15:17:19.221000,11633,11634,11633,1
2019-11-18,15:17:19.392000,11633,11635,11635,1
2019-11-18,15:17:19.502000,11633,11635,11635,3
2019-11-18,15:17:19.614000,11634,11635,11635,1
2019-11-18,15:17:19.664000,11634,11635,11634,1
2019-11-18,15:17:19.713000,11634,11635,11633,2
2019-11-18,15:17:19.794000,11633,11634,11634,1
2019-11-18,15:17:19.851000,11633,11634,11634,2
2019-11-18,15:17:19.851000,11633,11634,11634,1
2019-11-18,15:17:19.851000,11633,11634,11634,2
2019-11-18,15:17:19.851000,11633,11634,11634,1
2019-11-18,15:17:19.860000,11633,11634,11634,2
2019-11-18,15:17:19.863000,11633,11634,11634,2
2019-11-18,15:17:19.863000,11633,11634,11634,1
2019-11-18,15:17:19.863000,11633,11634,11634,2
2019-11-18,15:17:19.863000,11633,11634,11634,1
2019-11-18,15:17:19.863000,11633,11634,11634,2
2019-11-18,15:17:20.661000,11633,11634,11633,2
2019-11-18,15:17:20.705000,11633,11634,11633,1
2019-11-18,15:17:20.747000,11632,11634,11633,1
2019-11-18,15:17:20.887000,11632,11633,11633,1
2019-11-18,15:17:21.092000,11632,11633,11632,12
2019-11-18,15:17:21.118000,11632,11633,11633,1
2019-11-18,15:17:21.126000,11632,11633,11633,1
2019-11-18,15:17:21.204000,11632,11633,11633,1
2019-11-18,15:17:21.455000,11631,11632,11632,2
2019-11-18,15:17:21.769000,11631,11632,11632,2
2019-11-18,15:17:21.817000,11631,11632,11633,2
2019-11-18,15:17:22.031000,11631,11632,11632,2
2019-11-18,15:17:22.169000,11631,11632,11632,5
2019-11-18,15:17:22.495000,11631,11632,11632,19
2019-11-18,15:17:22.495000,11631,11632,11633,11
2019-11-18,15:17:22.497000,11631,11632,11632,4
2019-11-18,15:17:22.534000,11631,11632,11632,1
2019-11-18,15:17:22.655000,11631,11632,11632,2
2019-11-18,15:17:22.844000,11632,11633,11633,1
2019-11-18,15:17:23.003000,11632,11633,11633,4
2019-11-18,15:17:23.533000,11632,11634,11634,1
2019-11-18,15:17:23.661000,11632,11634,11634,5
2019-11-18,15:17:23.984000,11633,11634,11633,1
2019-11-18,15:17:24.216000,11633,11634,11633,1
2019-11-18,15:17:24.216000,11633,11634,11633,1
2019-11-18,15:17:24.419000,11632,11634,11633,5
2019-11-18,15:17:24.584000,11632,11634,11632,1
2019-11-18,15:17:25.515000,11632,11633,11632,1
2019-11-18,15:17:26.044000,11632,11633,11633,3
2019-11-18,15:17:26.341000,11632,11633,11633,1
2019-11-18,15:17:27.234000,11632,11633,11633,1
2019-11-18,15:17:27.713000,11632,11633,11633,2
2019-11-18,15:17:27.900000,11632,11633,11633,1
2019-11-18,15:17:28.074000,11632,11633,11632,1
2019-11-18,15:17:29.056000,11632,11633,11632,1
2019-11-18,15:17:30.622000,11632,11633,11633,1
2019-11-18,15:17:31.392000,11632,11633,11633,3
2019-11-18,15:17:31.464000,11632,11633,11633,1
2019-11-18,15:17:32.645000,11632,11633,11633,1
2019-11-18,15:17:32.911000,11632,11633,11633,1
2019-11-18,15:17:33.024000,11632,11633,11633,2
2019-11-18,15:17:33.025000,11632,11633,11633,16
2019-11-18,15:17:33.025000,11632,11633,11633,5
2019-11-18,15:17:33.217000,11633,11634,11634,1
2019-11-18,15:17:33.217000,11633,11634,11634,11
2019-11-18,15:17:33.219000,11633,11634,11634,2
2019-11-18,15:17:33.219000,11633,11634,11634,3
2019-11-18,15:17:33.219000,11633,11634,11634,2
2019-11-18,15:17:33.343000,11634,11635,11635,4
2019-11-18,15:17:33.386000,11634,11635,11635,6
2019-11-18,15:17:33.468000,11634,11636,11636,3
2019-11-18,15:17:33.539000,11634,11636,11636,1
2019-11-18,15:17:33.612000,11635,11636,11636,2
2019-11-18,15:17:33.631000,11635,11636,11636,3
2019-11-18,15:17:33.663000,11635,11636,11635,1
2019-11-18,15:17:33.907000,11635,11636,11635,1
2019-11-18,15:17:33.974000,11635,11636,11635,1
2019-11-18,15:17:33.974000,11635,11636,11635,1
2019-11-18,15:17:34.068000,11635,11636,11636,1
2019-11-18,15:17:34.178000,11634,11636,11634,1
2019-11-18,15:17:34.188000,11634,11636,11634,1
2019-11-18,15:17:35.073000,11634,11635,11634,1
2019-11-18,15:17:35.537000,11634,11635,11634,2
2019-11-18,15:17:35.537000,11634,11635,11634,1
2019-11-18,15:17:35.548000,11634,11635,11634,1
2019-11-18,15:17:35.673000,11633,11634,11634,3
2019-11-18,15:17:36.274000,11634,11635,11634,1
2019-11-18,15:17:36.428000,11634,11635,11635,2
2019-11-18,15:17:36.978000,11634,11635,11635,1
2019-11-18,15:17:37.008000,11634,11635,11635,2
2019-11-18,15:17:37.093000,11635,11636,11635,8
2019-11-18,15:17:37.354000,11634,11635,11634,1
2019-11-18,15:17:37.593000,11634,11635,11634,4
2019-11-18,15:17:37.718000,11634,11635,11634,1
2019-11-18,15:17:38.520000,11633,11634,11634,1
2019-11-18,15:17:38.659000,11633,11634,11634,1
2019-11-18,15:17:39.592000,11633,11634,11634,1
2019-11-18,15:17:39.809000,11633,11634,11634,2
2019-11-18,15:17:39.849000,11633,11634,11634,1
2019-11-18,15:17:39.946000,11633,11634,11634,3
2019-11-18,15:17:39.946000,11633,11634,11635,2
2019-11-18,15:17:41.173000,11634,11635,11634,2
2019-11-18,15:17:41.176000,11634,11635,11634,2
2019-11-18,15:17:41.335000,11633,11634,11634,2
2019-11-18,15:17:41.382000,11633,11634,11634,4
2019-11-18,15:17:41.468000,11633,11634,11633,14
2019-11-18,15:17:41.506000,11633,11634,11634,2
2019-11-18,15:17:41.592000,11633,11634,11633,2
2019-11-18,15:17:41.593000,11633,11634,11633,28
2019-11-18,15:17:41.593000,11633,11634,11633,2
2019-11-18,15:17:41.593000,11633,11634,11633,1
2019-11-18,15:17:41.771000,11632,11634,11633,2
2019-11-18,15:17:42.517000,11632,11633,11633,5
2019-11-18,15:17:42.656000,11632,11633,11633,1
2019-11-18,15:17:42.686000,11632,11633,11633,1
2019-11-18,15:17:42.736000,11632,11633,11633,1
2019-11-18,15:17:42.939000,11632,11633,11633,1
2019-11-18,15:17:43.051000,11632,11633,11633,1
2019-11-18,15:17:43.118000,11632,11633,11633,1
2019-11-18,15:17:44.204000,11632,11633,11633,2
2019-11-18,15:17:44.530000,11632,11633,11633,1
2019-11-18,15:17:45.902000,11632,11633,11633,1
2019-11-18,15:17:46.213000,11632,11633,11633,1
2019-11-18,15:17:46.346000,11633,11634,11633,3
2019-11-18,15:17:46.598000,11633,11634,11633,1
2019-11-18,15:17:46.919000,11633,11634,11634,1
2019-11-18,15:17:47.568000,11634,11635,11634,1
2019-11-18,15:17:47.649000,11634,11635,11634,1
2019-11-18,15:17:49.194000,11634,11635,11635,3
2019-11-18,15:17:49.401000,11634,11635,11635,1
2019-11-18,15:17:49.403000,11634,11635,11635,1
2019-11-18,15:17:49.467000,11634,11635,11635,2
2019-11-18,15:17:49.467000,11634,11635,11635,2
2019-11-18,15:17:49.467000,11634,11635,11635,1
2019-11-18,15:17:49.467000,11634,11635,11635,2
2019-11-18,15:17:49.467000,11634,11635,11635,8
2019-11-18,15:17:49.468000,11634,11635,11635,1
2019-11-18,15:17:49.496000,11634,11635,11635,1
2019-11-18,15:17:49.593000,11634,11635,11635,1
2019-11-18,15:17:49.593000,11634,11635,11635,4
2019-11-18,15:17:50.434000,11634,11635,11635,2
2019-11-18,15:17:50.467000,11634,11635,11635,1
2019-11-18,15:17:51.342000,11635,11636,11635,2
2019-11-18,15:17:51.368000,11635,11636,11635,2
2019-11-18,15:17:51.393000,11635,11636,11635,2
2019-11-18,15:17:52.753000,11634,11635,11635,1
2019-11-18,15:17:52.753000,11634,11635,11636,1
2019-11-18,15:17:52.767000,11634,11635,11636,2
2019-11-18,15:17:52.897000,11634,11636,11636,1
2019-11-18,15:17:52.909000,11634,11636,11636,1
2019-11-18,15:17:54.023000,11635,11636,11635,2
2019-11-18,15:17:55.470000,11634,11635,11635,1
2019-11-18,15:17:55.511000,11634,11635,11635,3
2019-11-18,15:17:56.220000,11634,11635,11634,2
2019-11-18,15:17:56.290000,11634,11635,11635,10
2019-11-18,15:17:57.521000,11633,11634,11634,2
2019-11-18,15:17:57.523000,11633,11634,11634,2
2019-11-18,15:17:58.050000,11634,11635,11634,1
2019-11-18,15:17:58.050000,11634,11635,11634,1
2019-11-18,15:17:58.455000,11633,11634,11635,1
2019-11-18,15:17:58.575000,11633,11635,11634,1
2019-11-18,15:17:59.042000,11634,11635,11634,1
2019-11-18,15:17:59.744000,11633,11634,11634,1
2019-11-18,15:17:59.958000,11633,11634,11634,1
2019-11-18,15:18:00.001000,11634,11635,11634,1
2019-11-18,15:18:00.319000,11634,11635,11635,1
2019-11-18,15:18:00.396000,11634,11635,11635,1
2019-11-18,15:18:00.625000,11634,11635,11635,1
2019-11-18,15:18:00.647000,11634,11635,11635,1
2019-11-18,15:18:00.796000,11634,11635,11635,4
2019-11-18,15:18:01.106000,11634,11635,11635,1
2019-11-18,15:18:01.139000,11634,11635,11635,2
2019-11-18,15:18:01.169000,11634,11635,11635,1
2019-11-18,15:18:01.217000,11634,11635,11635,4
2019-11-18,15:18:01.445000,11634,11635,11635,2
2019-11-18,15:18:01.467000,11634,11635,11635,1
2019-11-18,15:18:01.718000,11635,11636,11635,2
2019-11-18,15:18:01.743000,11635,11636,11635,2
2019-11-18,15:18:01.768000,11635,11636,11635,2
2019-11-18,15:18:01.954000,11635,11636,11636,1
2019-11-18,15:18:02,11635,11636,11636,2
2019-11-18,15:18:03.653000,11635,11636,11635,3
2019-11-18,15:18:04.897000,11635,11636,11635,1
2019-11-18,15:18:05.092000,11635,11636,11635,1
2019-11-18,15:18:05.327000,11635,11636,11635,1
2019-11-18,15:18:05.342000,11635,11636,11635,3
2019-11-18,15:18:05.542000,11635,11636,11635,1
2019-11-18,15:18:05.786000,11635,11636,11635,3
2019-11-18,15:18:05.786000,11635,11636,11635,3
2019-11-18,15:18:06.559000,11634,11635,11634,2
2019-11-18,15:18:06.559000,11634,11635,11634,1
2019-11-18,15:18:06.592000,11634,11635,11634,2
2019-11-18,15:18:06.701000,11634,11635,11634,2
2019-11-18,15:18:06.717000,11634,11635,11634,1
2019-11-18,15:18:06.720000,11634,11635,11634,1
2019-11-18,15:18:06.870000,11633,11634,11634,1
2019-11-18,15:18:07.001000,11633,11634,11634,1
2019-11-18,15:18:09.503000,11633,11634,11634,3
2019-11-18,15:18:09.503000,11633,11634,11635,2
2019-11-18,15:18:09.560000,11633,11634,11635,4
2019-11-18,15:18:09.619000,11633,11635,11635,1
2019-11-18,15:18:11.097000,11634,11635,11634,3
2019-11-18,15:18:11.444000,11634,11635,11634,1
2019-11-18,15:18:12.397000,11634,11635,11634,1
2019-11-18,15:18:13.952000,11633,11634,11634,1
2019-11-18,15:18:14.079000,11633,11634,11634,1
2019-11-18,15:18:16.345000,11633,11634,11634,5
2019-11-18,15:18:16.743000,11633,11634,11634,1
2019-11-18,15:18:16.785000,11633,11634,11634,2
2019-11-18,15:18:16.825000,11633,11634,11633,1
2019-11-18,15:18:16.967000,11633,11634,11633,2
2019-11-18,15:18:16.993000,11633,11634,11633,2
2019-11-18,15:18:17.018000,11633,11634,11633,2
2019-11-18,15:18:17.241000,11633,11634,11634,2
2019-11-18,15:18:17.316000,11633,11634,11633,22
2019-11-18,15:18:17.474000,11632,11633,11633,1
2019-11-18,15:18:18.105000,11632,11633,11633,1
2019-11-18,15:18:18.241000,11632,11633,11633,2
2019-11-18,15:18:20.192000,11632,11633,11632,2
2019-11-18,15:18:20.217000,11632,11633,11632,14
2019-11-18,15:18:20.217000,11632,11633,11632,3
2019-11-18,15:18:20.342000,11632,11633,11632,5
2019-11-18,15:18:20.342000,11632,11633,11632,1
2019-11-18,15:18:20.342000,11632,11633,11632,3
2019-11-18,15:18:20.343000,11632,11633,11632,1
2019-11-18,15:18:20.343000,11632,11633,11632,1
2019-11-18,15:18:20.343000,11632,11633,11632,1
2019-11-18,15:18:20.382000,11632,11633,11632,2
2019-11-18,15:18:20.598000,11631,11632,11632,1
2019-11-18,15:18:21.559000,11631,11632,11631,1
2019-11-18,15:18:21.604000,11631,11632,11631,4
2019-11-18,15:18:21.604000,11631,11632,11630,7
2019-11-18,15:18:21.663000,11631,11632,11632,1
2019-11-18,15:18:21.768000,11630,11632,11630,1
2019-11-18,15:18:21.776000,11630,11632,11630,2
2019-11-18,15:18:22.319000,11630,11631,11631,3
2019-11-18,15:18:23.056000,11630,11631,11630,1
2019-11-18,15:18:23.587000,11631,11632,11631,1
2019-11-18,15:18:23.699000,11631,11632,11631,1
2019-11-18,15:18:25.595000,11631,11632,11632,1
2019-11-18,15:18:26.467000,11631,11632,11632,2
2019-11-18,15:18:26.510000,11631,11632,11631,1
2019-11-18,15:18:26.658000,11631,11633,11632,1
2019-11-18,15:18:26.658000,11631,11633,11632,1
2019-11-18,15:18:27.008000,11632,11633,11632,2
2019-11-18,15:18:27.518000,11632,11633,11633,1
2019-11-18,15:18:27.643000,11632,11633,11632,14
2019-11-18,15:18:27.643000,11632,11633,11631,7
2019-11-18,15:18:28.362000,11631,11632,11632,3
2019-11-18,15:18:30.173000,11631,11632,11632,1
2019-11-18,15:18:30.837000,11631,11632,11631,1
2019-11-18,15:18:30.837000,11631,11632,11630,1
2019-11-18,15:18:31.954000,11631,11632,11631,1
2019-11-18,15:18:33.634000,11631,11632,11632,3
2019-11-18,15:18:33.751000,11631,11632,11631,1
2019-11-18,15:18:34.180000,11631,11632,11632,1
2019-11-18,15:18:34.612000,11631,11632,11631,2
2019-11-18,15:18:34.612000,11631,11632,11631,3
2019-11-18,15:18:34.793000,11631,11632,11631,2
2019-11-18,15:18:35.576000,11631,11632,11631,2
2019-11-18,15:18:35.592000,11631,11632,11631,4
2019-11-18,15:18:35.619000,11631,11632,11631,1
2019-11-18,15:18:35.619000,11631,11632,11631,3
2019-11-18,15:18:35.619000,11631,11632,11631,2
2019-11-18,15:18:35.619000,11631,11632,11631,2
2019-11-18,15:18:35.619000,11631,11632,11631,2
2019-11-18,15:18:35.820000,11630,11631,11630,22
2019-11-18,15:18:35.877000,11629,11630,11630,2
2019-11-18,15:18:35.902000,11629,11630,11630,2
2019-11-18,15:18:35.928000,11629,11630,11630,2
2019-11-18,15:18:35.953000,11629,11630,11630,2
2019-11-18,15:18:35.968000,11629,11630,11630,2
2019-11-18,15:18:36.211000,11629,11630,11630,2
2019-11-18,15:18:36.302000,11629,11630,11630,1
2019-11-18,15:18:36.771000,11629,11630,11629,1
2019-11-18,15:18:37.150000,11629,11630,11630,10
2019-11-18,15:18:38.992000,11629,11631,11631,1
2019-11-18,15:18:39.998000,11630,11631,11631,9
2019-11-18,15:18:40.850000,11630,11631,11631,1
2019-11-18,15:18:41.570000,11630,11632,11630,1
2019-11-18,15:18:41.611000,11630,11632,11630,1
2019-11-18,15:18:41.913000,11630,11632,11631,3
2019-11-18,15:18:42.916000,11630,11632,11632,1
2019-11-18,15:18:43.342000,11630,11631,11631,1
2019-11-18,15:18:43.960000,11631,11632,11631,1
2019-11-18,15:18:44.065000,11631,11632,11631,1
2019-11-18,15:18:44.695000,11631,11632,11631,1
2019-11-18,15:18:44.793000,11631,11632,11632,1
2019-11-18,15:18:45.123000,11631,11632,11631,1
2019-11-18,15:18:46.468000,11631,11632,11631,1
2019-11-18,15:18:46.551000,11631,11632,11631,1
2019-11-18,15:18:47.715000,11631,11632,11632,1
2019-11-18,15:18:48.239000,11631,11632,11631,2
2019-11-18,15:18:49.821000,11631,11632,11632,1
2019-11-18,15:18:49.936000,11631,11632,11631,2
2019-11-18,15:18:50.162000,11631,11632,11631,4
2019-11-18,15:18:50.209000,11631,11632,11631,2
2019-11-18,15:18:50.458000,11631,11632,11631,1
2019-11-18,15:18:55.979000,11631,11632,11631,8
2019-11-18,15:18:56.056000,11631,11632,11631,2
2019-11-18,15:18:56.557000,11631,11632,11631,1
2019-11-18,15:18:57.033000,11630,11631,11631,1
2019-11-18,15:18:57.445000,11630,11632,11630,1
2019-11-18,15:18:57.717000,11631,11632,11631,1
2019-11-18,15:18:58.202000,11630,11631,11631,1
2019-11-18,15:18:58.600000,11630,11631,11631,1
2019-11-18,15:19:02.511000,11631,11632,11631,6
2019-11-18,15:19:02.511000,11631,11632,11631,2
2019-11-18,15:19:02.672000,11630,11632,11630,3
2019-11-18,15:19:03.411000,11630,11631,11631,1
2019-11-18,15:19:04.914000,11630,11631,11631,1
2019-11-18,15:19:06.514000,11630,11631,11630,1
2019-11-18,15:19:06.541000,11630,11631,11631,8
2019-11-18,15:19:06.593000,11631,11632,11631,2
2019-11-18,15:19:06.593000,11631,11632,11631,1
2019-11-18,15:19:06.593000,11631,11632,11631,2
2019-11-18,15:19:06.593000,11631,11632,11631,11
2019-11-18,15:19:08.322000,11630,11631,11631,5
2019-11-18,15:19:11.525000,11630,11631,11631,1
2019-11-18,15:19:11.807000,11630,11631,11631,1
2019-11-18,15:19:12.095000,11630,11631,11630,29
2019-11-18,15:19:12.095000,11630,11631,11629,20
2019-11-18,15:19:12.159000,11630,11631,11630,3
2019-11-18,15:19:13.615000,11629,11630,11630,4
2019-11-18,15:19:15.004000,11629,11630,11629,1
2019-11-18,15:19:16.944000,11628,11630,11630,1
2019-11-18,15:19:18.172000,11629,11630,11630,1
2019-11-18,15:19:18.352000,11629,11630,11629,1
2019-11-18,15:19:18.529000,11629,11630,11629,1
2019-11-18,15:19:19.080000,11629,11630,11630,5
2019-11-18,15:19:19.507000,11629,11630,11629,1
2019-11-18,15:19:19.800000,11629,11630,11630,1
2019-11-18,15:19:21.214000,11629,11630,11629,1
2019-11-18,15:19:22.629000,11629,11630,11630,2
2019-11-18,15:19:22.666000,11629,11630,11630,28
2019-11-18,15:19:22.874000,11630,11631,11631,1
2019-11-18,15:19:24.172000,11630,11631,11630,1
2019-11-18,15:19:24.723000,11630,11631,11630,1
2019-11-18,15:19:27.243000,11630,11631,11631,10
2019-11-18,15:19:28.466000,11630,11631,11631,1
2019-11-18,15:19:28.554000,11630,11631,11630,1
2019-11-18,15:19:28.817000,11630,11631,11630,1
2019-11-18,15:19:29.871000,11630,11631,11630,2
2019-11-18,15:19:34.556000,11630,11631,11630,1
2019-11-18,15:19:34.564000,11630,11631,11630,8
2019-11-18,15:19:34.592000,11630,11631,11630,6
2019-11-18,15:19:34.972000,11629,11630,11629,1
2019-11-18,15:19:36.231000,11629,11630,11630,10
2019-11-18,15:19:37.810000,11629,11630,11630,1
2019-11-18,15:19:40.202000,11629,11630,11629,1
2019-11-18,15:19:41.540000,11629,11630,11630,3
2019-11-18,15:19:42.103000,11629,11630,11630,2
2019-11-18,15:19:45.469000,11629,11630,11630,1
2019-11-18,15:19:52.250000,11629,11630,11630,1
2019-11-18,15:19:53.759000,11629,11630,11629,1
2019-11-18,15:19:53.849000,11629,11630,11629,1
2019-11-18,15:19:54.430000,11629,11630,11629,3
2019-11-18,15:19:57.012000,11629,11630,11629,1
2019-11-18,15:19:57.969000,11629,11630,11630,2
2019-11-18,15:19:58.092000,11629,11630,11630,18
2019-11-18,15:19:59.432000,11630,11631,11630,1
2019-11-18,15:19:59.463000,11630,11631,11631,1
2019-11-18,15:20:00.762000,11630,11631,11630,1
2019-11-18,15:20:01.168000,11630,11631,11631,3
2019-11-18,15:20:01.305000,11630,11631,11631,1
2019-11-18,15:20:01.341000,11630,11631,11630,1
2019-11-18,15:20:01.374000,11630,11632,11632,2
2019-11-18,15:20:03.808000,11631,11632,11631,2
2019-11-18,15:20:03.941000,11630,11631,11631,1
2019-11-18,15:20:04.369000,11630,11631,11631,1
2019-11-18,15:20:10.682000,11630,11631,11631,1
2019-11-18,15:20:12.479000,11630,11631,11631,6
2019-11-18,15:20:12.592000,11630,11631,11631,4
2019-11-18,15:20:16.826000,11631,11632,11631,3
2019-11-18,15:20:18.282000,11631,11632,11632,1
2019-11-18,15:20:18.320000,11631,11632,11632,1
2019-11-18,15:20:18.320000,11631,11632,11632,2
2019-11-18,15:20:18.342000,11631,11632,11632,2
2019-11-18,15:20:18.342000,11631,11632,11632,3
2019-11-18,15:20:18.342000,11631,11632,11632,4
2019-11-18,15:20:18.467000,11631,11632,11632,1
2019-11-18,15:20:18.467000,11631,11632,11632,1
2019-11-18,15:20:18.467000,11631,11632,11632,3
2019-11-18,15:20:18.468000,11631,11632,11632,2
2019-11-18,15:20:18.468000,11631,11632,11632,1
2019-11-18,15:20:18.468000,11631,11632,11632,1
2019-11-18,15:20:18.468000,11631,11632,11632,2
2019-11-18,15:20:18.468000,11631,11632,11632,1
2019-11-18,15:20:18.468000,11631,11632,11632,1
2019-11-18,15:20:18.468000,11631,11632,11632,1
2019-11-18,15:20:18.468000,11631,11632,11632,1
2019-11-18,15:20:18.468000,11631,11632,11632,1
2019-11-18,15:20:18.468000,11631,11632,11632,2
2019-11-18,15:20:19.374000,11632,11633,11632,1
2019-11-18,15:20:20.349000,11632,11633,11632,1
2019-11-18,15:20:25.073000,11632,11633,11632,3
2019-11-18,15:20:25.222000,11632,11633,11632,1
2019-11-18,15:20:25.841000,11632,11633,11632,3
2019-11-18,15:20:26.289000,11632,11633,11632,1
2019-11-18,15:20:26.845000,11631,11633,11633,2
2019-11-18,15:20:29.183000,11632,11633,11632,1
2019-11-18,15:20:32.266000,11632,11633,11632,5
2019-11-18,15:20:33.061000,11632,11633,11632,2
2019-11-18,15:20:33.552000,11632,11633,11632,3
2019-11-18,15:20:34.396000,11631,11632,11632,1
2019-11-18,15:20:35.616000,11631,11632,11631,1
2019-11-18,15:20:38.243000,11631,11632,11632,6
2019-11-18,15:20:39.052000,11631,11632,11632,1
2019-11-18,15:20:46.392000,11631,11632,11631,1
2019-11-18,15:20:46.994000,11631,11632,11632,10
2019-11-18,15:20:47.326000,11632,11633,11632,1
2019-11-18,15:20:47.351000,11632,11633,11632,5
2019-11-18,15:20:53.341000,11632,11633,11632,3
2019-11-18,15:21:01.725000,11631,11632,11632,1
2019-11-18,15:21:02.018000,11631,11632,11632,2
2019-11-18,15:21:02.533000,11631,11632,11632,1
2019-11-18,15:21:02.539000,11631,11632,11632,2
2019-11-18,15:21:02.539000,11631,11632,11632,3
2019-11-18,15:21:02.576000,11631,11632,11633,1
2019-11-18,15:21:02.662000,11632,11633,11633,1
2019-11-18,15:21:03.458000,11632,11633,11633,5
2019-11-18,15:21:07.218000,11632,11633,11633,4
2019-11-18,15:21:07.231000,11632,11633,11633,2
2019-11-18,15:21:07.256000,11632,11633,11633,2
2019-11-18,15:21:07.261000,11632,11633,11633,4
2019-11-18,15:21:07.343000,11632,11633,11633,1
2019-11-18,15:21:07.343000,11632,11633,11633,6
2019-11-18,15:21:07.712000,11633,11634,11634,4
2019-11-18,15:21:07.842000,11633,11634,11634,2
2019-11-18,15:21:07.868000,11633,11634,11634,2
2019-11-18,15:21:07.893000,11633,11634,11634,2
2019-11-18,15:21:07.918000,11633,11634,11634,2
2019-11-18,15:21:07.944000,11633,11634,11634,1
2019-11-18,15:21:08.936000,11634,11635,11635,20
2019-11-18,15:21:09.853000,11634,11635,11635,1
2019-11-18,15:21:10.060000,11634,11635,11635,1
2019-11-18,15:21:10.078000,11634,11635,11635,1
2019-11-18,15:21:12.850000,11634,11635,11635,1
2019-11-18,15:21:13.218000,11634,11635,11635,1
2019-11-18,15:21:13.634000,11634,11635,11635,1
2019-11-18,15:21:14.095000,11634,11635,11634,14
2019-11-18,15:21:14.095000,11634,11635,11633,73
2019-11-18,15:21:14.218000,11632,11633,11632,5
2019-11-18,15:21:15.081000,11632,11633,11633,1
2019-11-18,15:21:16.392000,11632,11633,11633,1
2019-11-18,15:21:17.281000,11632,11633,11633,1
2019-11-18,15:21:18.510000,11632,11633,11633,1
2019-11-18,15:21:21.417000,11632,11633,11633,1
2019-11-18,15:21:22.158000,11632,11633,11632,2
2019-11-18,15:21:23.569000,11632,11633,11632,1
2019-11-18,15:21:23.980000,11632,11633,11632,1
2019-11-18,15:21:24.756000,11632,11633,11632,1
2019-11-18,15:21:25.447000,11632,11633,11632,1
2019-11-18,15:21:31.963000,11632,11633,11633,1
2019-11-18,15:21:34.246000,11632,11633,11632,2
2019-11-18,15:21:35.304000,11632,11633,11632,1
2019-11-18,15:21:36.511000,11632,11633,11633,1
2019-11-18,15:21:36.514000,11632,11633,11633,2
2019-11-18,15:21:36.954000,11632,11633,11632,1
2019-11-18,15:21:38.106000,11632,11633,11633,3
2019-11-18,15:21:38.106000,11632,11633,11633,8
2019-11-18,15:21:40.892000,11633,11634,11633,3
2019-11-18,15:21:44.212000,11633,11634,11633,5
2019-11-18,15:21:45.364000,11633,11634,11633,1
2019-11-18,15:21:45.560000,11633,11634,11633,1
2019-11-18,15:21:50.044000,11633,11634,11634,3
2019-11-18,15:21:51.456000,11633,11634,11634,1
2019-11-18,15:21:55.604000,11633,11634,11634,5
2019-11-18,15:21:56.430000,11633,11634,11633,1
2019-11-18,15:21:57.430000,11633,11634,11633,2
2019-11-18,15:21:58.098000,11633,11634,11634,1
2019-11-18,15:21:58.592000,11633,11634,11633,11
2019-11-18,15:22:03.033000,11632,11633,11633,1
2019-11-18,15:22:04.028000,11632,11633,11633,1
2019-11-18,15:22:05.534000,11632,11634,11633,1
2019-11-18,15:22:05.595000,11632,11633,11633,1
2019-11-18,15:22:06.354000,11632,11633,11633,1
2019-11-18,15:22:09.495000,11632,11633,11633,2
2019-11-18,15:22:10.137000,11632,11633,11632,14
2019-11-18,15:22:10.137000,11632,11633,11632,4
2019-11-18,15:22:11.519000,11631,11632,11632,3
2019-11-18,15:22:13.213000,11631,11632,11631,28
2019-11-18,15:22:13.213000,11631,11632,11630,72
2019-11-18,15:22:13.218000,11630,11631,11630,1
2019-11-18,15:22:13.218000,11630,11631,11630,3
2019-11-18,15:22:13.218000,11630,11631,11630,1
2019-11-18,15:22:13.244000,11630,11631,11629,2
2019-11-18,15:22:13.454000,11629,11630,11629,1
2019-11-18,15:22:13.465000,11629,11630,11630,1
2019-11-18,15:22:15.774000,11629,11630,11630,3
2019-11-18,15:22:17.598000,11629,11630,11629,2
2019-11-18,15:22:18.067000,11629,11630,11630,1
2019-11-18,15:22:18.103000,11629,11630,11629,2
2019-11-18,15:22:19.167000,11629,11630,11630,1
2019-11-18,15:22:21.892000,11629,11630,11629,1
2019-11-18,15:22:22.318000,11629,11630,11630,3
2019-11-18,15:22:22.324000,11629,11630,11629,1
2019-11-18,15:22:22.621000,11629,11630,11629,17
2019-11-18,15:22:22.621000,11629,11630,11628,52
2019-11-18,15:22:22.717000,11628,11629,11628,6
2019-11-18,15:22:22.718000,11628,11629,11628,6
2019-11-18,15:22:22.718000,11628,11629,11628,5
2019-11-18,15:22:22.718000,11628,11629,11628,2
2019-11-18,15:22:22.718000,11628,11629,11628,3
2019-11-18,15:22:22.838000,11628,11629,11628,2
2019-11-18,15:22:22.864000,11627,11629,11627,1
2019-11-18,15:22:23.037000,11627,11628,11627,2
2019-11-18,15:22:23.069000,11627,11628,11627,2
2019-11-18,15:22:23.224000,11627,11628,11627,2
2019-11-18,15:22:23.717000,11627,11628,11628,1
2019-11-18,15:22:23.843000,11627,11628,11628,1
2019-11-18,15:22:26.137000,11627,11628,11627,5
2019-11-18,15:22:26.160000,11627,11628,11628,1
2019-11-18,15:22:26.786000,11627,11628,11628,10
2019-11-18,15:22:27.006000,11627,11628,11628,1
2019-11-18,15:22:27.702000,11628,11629,11628,6
2019-11-18,15:22:27.706000,11628,11629,11627,3
2019-11-18,15:22:28.124000,11627,11628,11628,1
2019-11-18,15:22:28.565000,11627,11628,11628,1
2019-11-18,15:22:28.607000,11627,11628,11627,5
2019-11-18,15:22:29.138000,11627,11628,11628,3
2019-11-18,15:22:29.372000,11627,11628,11628,2
2019-11-18,15:22:29.842000,11627,11628,11627,1
2019-11-18,15:22:31.608000,11627,11628,11628,1
2019-11-18,15:22:32.045000,11627,11628,11627,4
2019-11-18,15:22:34.295000,11627,11628,11628,1
2019-11-18,15:22:34.379000,11627,11628,11627,1
2019-11-18,15:22:35.475000,11627,11628,11628,4
2019-11-18,15:22:36.204000,11627,11628,11627,2
2019-11-18,15:22:39.355000,11627,11628,11627,2
2019-11-18,15:22:39.819000,11627,11628,11627,1
2019-11-18,15:22:40.317000,11627,11628,11628,1
2019-11-18,15:22:40.609000,11627,11628,11627,1
2019-11-18,15:22:40.993000,11627,11628,11627,2
2019-11-18,15:22:41.014000,11627,11628,11628,1
2019-11-18,15:22:41.247000,11627,11628,11627,1
2019-11-18,15:22:42.358000,11627,11628,11627,1
2019-11-18,15:22:43.039000,11627,11628,11627,5
2019-11-18,15:22:43.467000,11627,11628,11627,2
2019-11-18,15:22:43.592000,11627,11628,11627,15
2019-11-18,15:22:43.708000,11627,11628,11627,1
2019-11-18,15:22:44.518000,11626,11627,11626,1
2019-11-18,15:22:44.743000,11626,11627,11627,1
2019-11-18,15:22:45.228000,11626,11627,11627,1
2019-11-18,15:22:47.038000,11626,11627,11627,1
2019-11-18,15:22:47.094000,11626,11627,11627,1
2019-11-18,15:22:48.116000,11626,11627,11627,1
2019-11-18,15:22:50.937000,11626,11627,11626,1
2019-11-18,15:22:51.291000,11626,11627,11626,1
2019-11-18,15:22:52.841000,11626,11627,11627,1
2019-11-18,15:22:53.614000,11626,11627,11627,2
2019-11-18,15:23:02.162000,11626,11627,11626,1
2019-11-18,15:23:05.727000,11626,11627,11627,1
2019-11-18,15:23:07.367000,11626,11627,11627,1
2019-11-18,15:23:08.233000,11626,11627,11626,1
2019-11-18,15:23:08.621000,11626,11627,11626,1
2019-11-18,15:23:08.991000,11626,11627,11626,33
2019-11-18,15:23:09.093000,11626,11627,11626,1
2019-11-18,15:23:09.605000,11625,11626,11626,1
2019-11-18,15:23:10.071000,11625,11626,11626,1
2019-11-18,15:23:10.936000,11625,11626,11626,1
2019-11-18,15:23:11.759000,11625,11626,11626,1
2019-11-18,15:23:12.510000,11625,11626,11625,1
2019-11-18,15:23:12.510000,11625,11626,11625,11
2019-11-18,15:23:12.511000,11625,11626,11625,2
2019-11-18,15:23:12.511000,11625,11626,11625,4
2019-11-18,15:23:12.593000,11625,11626,11625,3
2019-11-18,15:23:12.593000,11625,11626,11625,1
2019-11-18,15:23:12.627000,11625,11626,11624,5
2019-11-18,15:23:12.794000,11624,11625,11624,1
2019-11-18,15:23:12.981000,11624,11625,11624,2
2019-11-18,15:23:13.077000,11624,11625,11625,1
2019-11-18,15:23:13.106000,11624,11625,11624,2
2019-11-18,15:23:13.338000,11624,11625,11625,1
2019-11-18,15:23:14.325000,11624,11625,11625,3
2019-11-18,15:23:15.058000,11624,11625,11624,5
2019-11-18,15:23:15.824000,11624,11625,11624,16
2019-11-18,15:23:15.825000,11624,11625,11624,3
2019-11-18,15:23:15.825000,11624,11625,11624,3
2019-11-18,15:23:15.825000,11624,11625,11624,1
2019-11-18,15:23:17.046000,11623,11624,11623,1
2019-11-18,15:23:17.128000,11623,11624,11623,3
2019-11-18,15:23:17.156000,11623,11624,11623,1
2019-11-18,15:23:17.228000,11623,11624,11624,1
2019-11-18,15:23:17.632000,11623,11624,11623,1
2019-11-18,15:23:17.690000,11623,11624,11624,1
2019-11-18,15:23:18.675000,11623,11624,11623,1
2019-11-18,15:23:20.251000,11623,11624,11623,5
2019-11-18,15:23:20.620000,11623,11624,11623,4
2019-11-18,15:23:20.948000,11623,11624,11623,1
2019-11-18,15:23:21.038000,11623,11624,11623,2
2019-11-18,15:23:21.943000,11622,11623,11622,2
2019-11-18,15:23:22.072000,11622,11623,11622,2
2019-11-18,15:23:22.622000,11622,11623,11622,1
2019-11-18,15:23:22.629000,11622,11623,11622,10
2019-11-18,15:23:22.971000,11622,11623,11622,2
2019-11-18,15:23:22.971000,11622,11623,11622,1
2019-11-18,15:23:22.971000,11622,11623,11622,2
2019-11-18,15:23:28.088000,11622,11623,11622,1
2019-11-18,15:23:28.819000,11622,11623,11622,1
2019-11-18,15:23:28.981000,11622,11623,11622,1
2019-11-18,15:23:29.687000,11622,11623,11622,1
2019-11-18,15:23:30.418000,11622,11623,11622,1
2019-11-18,15:23:31.187000,11622,11623,11622,1
2019-11-18,15:23:31.206000,11622,11623,11622,1
2019-11-18,15:23:31.659000,11622,11623,11622,2
2019-11-18,15:23:31.757000,11622,11623,11622,5
2019-11-18,15:23:31.757000,11622,11623,11621,11
2019-11-18,15:23:31.808000,11622,11623,11623,2
2019-11-18,15:23:31.834000,11622,11623,11623,2
2019-11-18,15:23:32.663000,11622,11623,11622,1
2019-11-18,15:23:32.770000,11621,11622,11622,1
2019-11-18,15:23:32.891000,11621,11622,11621,2
2019-11-18,15:23:32.969000,11621,11622,11622,1
2019-11-18,15:23:33.282000,11621,11622,11621,1
2019-11-18,15:23:33.775000,11621,11622,11621,1
2019-11-18,15:23:34.731000,11621,11622,11621,1
2019-11-18,15:23:35.627000,11621,11622,11622,1
2019-11-18,15:23:39.342000,11621,11622,11621,1
2019-11-18,15:23:39.467000,11621,11622,11621,20
2019-11-18,15:23:40.817000,11620,11621,11621,5
2019-11-18,15:23:40.930000,11620,11621,11621,1
2019-11-18,15:23:41.107000,11620,11621,11620,3
2019-11-18,15:23:41.346000,11620,11621,11621,1
2019-11-18,15:23:41.847000,11620,11621,11620,1
2019-11-18,15:23:42.040000,11620,11621,11620,1
2019-11-18,15:23:42.308000,11620,11621,11621,1
2019-11-18,15:23:42.441000,11620,11621,11620,1
2019-11-18,15:23:43.644000,11620,11621,11621,1
2019-11-18,15:23:44.761000,11620,11621,11621,1
2019-11-18,15:23:44.917000,11620,11621,11620,1
2019-11-18,15:23:45.842000,11620,11621,11621,4
2019-11-18,15:23:45.967000,11620,11621,11621,1
2019-11-18,15:23:46.613000,11621,11622,11621,1
2019-11-18,15:23:46.670000,11621,11622,11621,2
2019-11-18,15:23:47.895000,11621,11622,11621,1
2019-11-18,15:23:48.499000,11621,11622,11621,3
2019-11-18,15:23:48.589000,11621,11622,11621,1
2019-11-18,15:23:50.494000,11621,11622,11621,1
2019-11-18,15:23:51.376000,11621,11622,11621,1
2019-11-18,15:23:52.829000,11621,11622,11621,1
2019-11-18,15:23:53.110000,11621,11622,11622,10
2019-11-18,15:23:53.217000,11621,11622,11622,21
2019-11-18,15:23:53.307000,11621,11622,11622,1
2019-11-18,15:23:53.316000,11621,11622,11621,44
2019-11-18,15:23:53.316000,11621,11622,11620,5
2019-11-18,15:23:53.368000,11621,11622,11621,5
2019-11-18,15:23:54.431000,11621,11622,11622,10
2019-11-18,15:23:55.381000,11621,11622,11622,5
2019-11-18,15:23:56.965000,11621,11622,11622,1
2019-11-18,15:23:58.384000,11621,11622,11621,12
2019-11-18,15:24:01.340000,11621,11622,11622,1
2019-11-18,15:24:02.889000,11621,11622,11622,3
2019-11-18,15:24:04.214000,11621,11622,11622,3
2019-11-18,15:24:05.106000,11621,11622,11621,15
2019-11-18,15:24:06.423000,11620,11621,11621,1
2019-11-18,15:24:07.490000,11620,11621,11620,1
2019-11-18,15:24:07.592000,11620,11621,11620,7
2019-11-18,15:24:07.625000,11620,11621,11620,4
2019-11-18,15:24:07.717000,11620,11621,11620,9
2019-11-18,15:24:07.717000,11620,11621,11620,1
2019-11-18,15:24:07.967000,11619,11620,11620,1
2019-11-18,15:24:08.352000,11619,11620,11620,1
2019-11-18,15:24:09.741000,11619,11620,11620,2
2019-11-18,15:24:11.272000,11619,11620,11620,1
2019-11-18,15:24:12.149000,11619,11620,11619,1
2019-11-18,15:24:12.372000,11619,11620,11619,1
2019-11-18,15:24:14.348000,11619,11620,11620,5
2019-11-18,15:24:15.740000,11619,11620,11620,2
2019-11-18,15:24:17.007000,11619,11620,11619,2
2019-11-18,15:24:19.446000,11619,11620,11619,1
2019-11-18,15:24:21.482000,11619,11620,11619,2
2019-11-18,15:24:21.506000,11619,11620,11620,1
2019-11-18,15:24:22.990000,11619,11620,11619,2
2019-11-18,15:24:23.127000,11619,11620,11619,6
2019-11-18,15:24:23.226000,11618,11619,11619,3
2019-11-18,15:24:23.252000,11618,11619,11619,1
2019-11-18,15:24:23.252000,11618,11619,11620,1
2019-11-18,15:24:24.277000,11619,11620,11619,1
2019-11-18,15:24:25.388000,11619,11620,11619,1
2019-11-18,15:24:25.640000,11619,11620,11620,1
2019-11-18,15:24:26.889000,11619,11620,11619,1
2019-11-18,15:24:29.761000,11619,11620,11619,1
2019-11-18,15:24:32.085000,11619,11620,11620,5
2019-11-18,15:24:32.092000,11619,11620,11620,13
2019-11-18,15:24:33.922000,11620,11621,11621,2
2019-11-18,15:24:37.626000,11620,11621,11621,1
2019-11-18,15:24:38.514000,11620,11621,11621,5
2019-11-18,15:24:39.280000,11620,11621,11621,1
2019-11-18,15:24:39.847000,11620,11622,11620,1
2019-11-18,15:24:42.065000,11621,11622,11621,1
2019-11-18,15:24:45.237000,11620,11622,11620,5
2019-11-18,15:24:47.532000,11621,11622,11621,1
2019-11-18,15:24:47.741000,11621,11622,11621,1
2019-11-18,15:24:50.955000,11620,11621,11621,1
2019-11-18,15:24:51.176000,11621,11622,11621,10
2019-11-18,15:24:51.176000,11621,11622,11620,40
2019-11-18,15:24:52.078000,11620,11621,11621,1
2019-11-18,15:24:52.569000,11620,11621,11621,2
2019-11-18,15:24:56.713000,11620,11621,11621,1
2019-11-18,15:24:57.380000,11620,11621,11621,9
2019-11-18,15:25:06.676000,11621,11622,11621,1
2019-11-18,15:25:07.354000,11621,11622,11621,1
2019-11-18,15:25:07.392000,11621,11622,11621,1
2019-11-18,15:25:10.135000,11621,11622,11622,2
2019-11-18,15:25:10.135000,11621,11622,11622,3
2019-11-18,15:25:10.136000,11621,11622,11622,3
2019-11-18,15:25:10.136000,11621,11622,11622,3
2019-11-18,15:25:10.343000,11622,11623,11623,7
2019-11-18,15:25:10.531000,11622,11624,11623,1
2019-11-18,15:25:12.702000,11623,11624,11624,1
2019-11-18,15:25:12.769000,11623,11624,11623,5
2019-11-18,15:25:14.172000,11623,11624,11623,2
2019-11-18,15:25:14.197000,11623,11624,11623,2
2019-11-18,15:25:14.217000,11622,11623,11623,1
2019-11-18,15:25:17.168000,11623,11624,11623,1
2019-11-18,15:25:21.092000,11623,11624,11623,3
2019-11-18,15:25:22.943000,11623,11624,11623,1
2019-11-18,15:25:24.538000,11623,11624,11623,3
2019-11-18,15:25:26.791000,11623,11624,11624,1
2019-11-18,15:25:30.111000,11623,11624,11624,5
2019-11-18,15:25:30.218000,11624,11625,11624,1
2019-11-18,15:25:31.675000,11624,11625,11624,1
2019-11-18,15:25:33.402000,11624,11625,11625,1
2019-11-18,15:25:36.870000,11623,11624,11624,1
2019-11-18,15:25:38.854000,11624,11625,11625,1
2019-11-18,15:25:41.685000,11624,11625,11624,1
2019-11-18,15:25:44.978000,11623,11624,11624,1
2019-11-18,15:25:47.947000,11623,11624,11624,1
2019-11-18,15:25:50.004000,11623,11624,11624,4
2019-11-18,15:25:51.433000,11623,11624,11624,1
2019-11-18,15:26:04.890000,11623,11624,11624,1
2019-11-18,15:26:05.958000,11623,11624,11624,1
2019-11-18,15:26:05.969000,11623,11624,11624,1
2019-11-18,15:26:06.067000,11623,11624,11624,4
2019-11-18,15:26:12.088000,11623,11624,11624,5
2019-11-18,15:26:18.354000,11623,11625,11625,1
2019-11-18,15:26:19.562000,11623,11625,11625,1
2019-11-18,15:26:20.074000,11624,11625,11624,1
2019-11-18,15:26:23.199000,11624,11625,11624,2
2019-11-18,15:26:36.075000,11624,11625,11625,1
2019-11-18,15:26:36.647000,11624,11625,11624,1
2019-11-18,15:26:37.255000,11624,11625,11625,2
2019-11-18,15:26:52.636000,11624,11625,11625,2
2019-11-18,15:26:52.662000,11624,11625,11625,2
2019-11-18,15:26:52.687000,11624,11625,11625,2
2019-11-18,15:26:52.713000,11624,11625,11625,2
2019-11-18,15:26:52.717000,11624,11625,11625,2
2019-11-18,15:26:52.743000,11624,11625,11625,2
2019-11-18,15:26:57.847000,11624,11625,11624,1
2019-11-18,15:26:58.092000,11624,11625,11624,2
2019-11-18,15:26:58.118000,11624,11625,11624,2
2019-11-18,15:27:02.418000,11624,11625,11624,1
2019-11-18,15:27:03.579000,11624,11625,11624,1
2019-11-18,15:27:03.779000,11624,11625,11625,1
2019-11-18,15:27:08.336000,11624,11625,11624,1
2019-11-18,15:27:12.679000,11624,11625,11625,4
2019-11-18,15:27:12.717000,11624,11625,11625,12
2019-11-18,15:27:15.472000,11625,11626,11625,1
2019-11-18,15:27:20.505000,11624,11625,11625,1
2019-11-18,15:27:21.505000,11624,11625,11625,2
2019-11-18,15:27:23.505000,11624,11625,11625,1
2019-11-18,15:27:47.635000,11625,11626,11626,2
2019-11-18,15:27:47.660000,11625,11626,11626,2
2019-11-18,15:27:47.685000,11625,11626,11626,2
2019-11-18,15:27:47.711000,11625,11626,11626,2
2019-11-18,15:27:47.717000,11625,11626,11626,4
2019-11-18,15:28:06.561000,11626,11627,11626,3
2019-11-18,15:28:06.592000,11626,11627,11626,2
2019-11-18,15:28:06.729000,11625,11627,11625,1
2019-11-18,15:28:07.625000,11625,11627,11627,1
2019-11-18,15:28:08.592000,11625,11626,11626,1
2019-11-18,15:28:09.417000,11625,11626,11626,1
2019-11-18,15:28:09.850000,11626,11627,11627,1
2019-11-18,15:28:10.271000,11626,11627,11626,1
2019-11-18,15:28:14.875000,11626,11627,11627,1
2019-11-18,15:28:16.126000,11626,11627,11626,1
2019-11-18,15:28:22.626000,11626,11627,11627,11
2019-11-18,15:28:22.626000,11626,11627,11627,1
2019-11-18,15:28:22.740000,11627,11628,11628,3
2019-11-18,15:28:23.779000,11627,11628,11627,2
2019-11-18,15:28:25.646000,11627,11628,11627,9
2019-11-18,15:28:27.135000,11627,11628,11627,1
2019-11-18,15:28:31.361000,11627,11628,11627,1
2019-11-18,15:28:36.456000,11627,11628,11628,1
2019-11-18,15:28:39.484000,11627,11628,11627,7
2019-11-18,15:28:43.077000,11627,11628,11627,1
2019-11-18,15:28:43.842000,11627,11628,11628,2
2019-11-18,15:28:43.842000,11627,11628,11628,4
2019-11-18,15:28:45.230000,11627,11628,11628,1
2019-11-18,15:28:52.656000,11627,11628,11628,2
2019-11-18,15:28:53.026000,11627,11628,11628,1
2019-11-18,15:28:53.215000,11627,11628,11628,1
2019-11-18,15:28:53.215000,11627,11628,11628,3
2019-11-18,15:28:53.215000,11627,11628,11628,1
2019-11-18,15:28:53.215000,11627,11628,11628,3
2019-11-18,15:28:53.216000,11627,11628,11628,3
2019-11-18,15:28:53.216000,11627,11628,11628,5
2019-11-18,15:28:53.216000,11627,11628,11628,1
2019-11-18,15:28:53.216000,11627,11628,11628,1
2019-11-18,15:28:53.216000,11627,11628,11628,5
2019-11-18,15:28:53.216000,11627,11628,11628,3
2019-11-18,15:28:53.216000,11627,11628,11628,1
2019-11-18,15:28:53.216000,11627,11628,11628,1
2019-11-18,15:28:53.216000,11627,11628,11628,1
2019-11-18,15:28:53.216000,11627,11628,11628,3
2019-11-18,15:28:53.216000,11627,11628,11628,1
2019-11-18,15:28:53.216000,11627,11628,11628,1
2019-11-18,15:28:53.216000,11627,11628,11628,1
2019-11-18,15:28:54.660000,11628,11629,11629,1
2019-11-18,15:28:58.016000,11628,11629,11628,1
2019-11-18,15:28:58.151000,11628,11629,11629,2
2019-11-18,15:28:58.176000,11628,11629,11629,2
2019-11-18,15:28:58.462000,11629,11630,11629,1
2019-11-18,15:28:59.830000,11629,11630,11629,2
2019-11-18,15:29:00.784000,11628,11630,11628,1
2019-11-18,15:29:00.961000,11628,11630,11630,4
2019-11-18,15:29:01.082000,11628,11630,11630,4
2019-11-18,15:29:01.235000,11628,11630,11630,2
2019-11-18,15:29:02.670000,11628,11630,11630,1
2019-11-18,15:29:02.723000,11628,11630,11630,3
2019-11-18,15:29:02.723000,11628,11630,11630,2
2019-11-18,15:29:02.723000,11628,11630,11630,1
2019-11-18,15:29:02.725000,11628,11630,11630,1
2019-11-18,15:29:02.732000,11628,11630,11630,2
2019-11-18,15:29:02.732000,11628,11630,11630,2
2019-11-18,15:29:02.732000,11628,11630,11630,2
2019-11-18,15:29:02.733000,11628,11630,11630,2
2019-11-18,15:29:02.739000,11628,11630,11630,2
2019-11-18,15:29:04.767000,11629,11630,11630,3
2019-11-18,15:29:05.533000,11629,11630,11630,2
2019-11-18,15:29:10.556000,11629,11630,11629,10
2019-11-18,15:29:11.705000,11628,11629,11629,1
2019-11-18,15:29:11.846000,11628,11629,11629,2
2019-11-18,15:29:12.209000,11628,11629,11629,5
2019-11-18,15:29:17.025000,11628,11629,11629,1
2019-11-18,15:29:18.730000,11628,11629,11629,3
2019-11-18,15:29:19.823000,11628,11629,11629,1
2019-11-18,15:29:19.893000,11628,11629,11629,1
2019-11-18,15:29:21.807000,11628,11629,11629,1
2019-11-18,15:29:22.597000,11628,11629,11628,1
2019-11-18,15:29:29.767000,11628,11629,11629,3
2019-11-18,15:29:31.792000,11628,11629,11628,10
2019-11-18,15:29:31.792000,11628,11629,11628,3
2019-11-18,15:29:31.792000,11628,11629,11628,1
2019-11-18,15:29:38.325000,11628,11629,11628,2
2019-11-18,15:29:38.828000,11627,11629,11628,1
2019-11-18,15:29:40.765000,11627,11628,11628,1
2019-11-18,15:29:40.875000,11627,11628,11628,5
2019-11-18,15:29:41.182000,11627,11628,11627,1
2019-11-18,15:29:41.936000,11627,11628,11628,1
2019-11-18,15:29:42.243000,11627,11628,11628,1
2019-11-18,15:29:42.246000,11627,11628,11628,1
2019-11-18,15:29:42.415000,11627,11628,11628,3
2019-11-18,15:29:43.493000,11627,11628,11628,1
2019-11-18,15:29:45.754000,11627,11628,11627,4
2019-11-18,15:29:52.934000,11627,11628,11627,1
2019-11-18,15:29:52.994000,11627,11628,11628,5
2019-11-18,15:29:53.139000,11627,11628,11627,1
2019-11-18,15:29:53.575000,11627,11628,11627,1
2019-11-18,15:29:53.772000,11627,11628,11627,1
2019-11-18,15:29:53.922000,11627,11628,11627,1
2019-11-18,15:29:55.842000,11627,11628,11628,1
2019-11-18,15:29:57.129000,11627,11628,11627,1
2019-11-18,15:30:00.073000,11627,11628,11628,4
2019-11-18,15:30:00.261000,11627,11628,11627,1
2019-11-18,15:30:00.301000,11627,11628,11627,1
2019-11-18,15:30:00.382000,11627,11628,11627,1
2019-11-18,15:30:01.842000,11627,11628,11628,1
2019-11-18,15:30:01.855000,11627,11628,11628,1
2019-11-18,15:30:02.385000,11628,11629,11628,1
2019-11-18,15:30:02.455000,11628,11629,11629,1
2019-11-18,15:30:03.170000,11628,11629,11629,1
2019-11-18,15:30:03.258000,11628,11629,11629,1
2019-11-18,15:30:03.339000,11628,11629,11629,7
2019-11-18,15:30:03.467000,11628,11629,11629,2
2019-11-18,15:30:04.322000,11629,11630,11629,1
2019-11-18,15:30:07.223000,11627,11628,11628,2
2019-11-18,15:30:08.059000,11627,11628,11628,1
2019-11-18,15:30:08.059000,11627,11628,11629,1
2019-11-18,15:30:14.969000,11628,11629,11628,1
2019-11-18,15:30:19.717000,11628,11629,11629,1
2019-11-18,15:30:21.002000,11629,11630,11630,2
2019-11-18,15:30:21.092000,11629,11630,11630,6
2019-11-18,15:30:23.522000,11629,11631,11631,1
2019-11-18,15:30:31.118000,11629,11630,11629,1
2019-11-18,15:30:31.467000,11628,11629,11629,1
2019-11-18,15:30:32.674000,11628,11629,11628,1
2019-11-18,15:30:34.467000,11627,11628,11627,14
2019-11-18,15:30:38.572000,11626,11627,11627,1
2019-11-18,15:30:41.925000,11626,11627,11627,3
2019-11-18,15:30:43.245000,11626,11627,11626,2
2019-11-18,15:30:46.770000,11626,11627,11627,1
2019-11-18,15:30:52.574000,11626,11627,11627,1
2019-11-18,15:30:58.617000,11626,11627,11626,48
2019-11-18,15:30:58.617000,11626,11627,11625,1
2019-11-18,15:30:58.618000,11626,11627,11626,1
2019-11-18,15:30:58.824000,11625,11627,11627,3
2019-11-18,15:30:58.866000,11625,11627,11626,1
2019-11-18,15:31:06.249000,11626,11627,11627,2
2019-11-18,15:31:18.248000,11626,11627,11627,2
2019-11-18,15:31:22.403000,11626,11627,11627,1
2019-11-18,15:31:22.564000,11626,11627,11627,1
2019-11-18,15:31:29.996000,11626,11627,11627,4
2019-11-18,15:31:30.091000,11626,11627,11627,3
2019-11-18,15:31:35.927000,11626,11627,11627,1
2019-11-18,15:31:36.488000,11626,11627,11627,5
2019-11-18,15:31:36.488000,11626,11627,11628,15
2019-11-18,15:31:36.608000,11627,11628,11627,2
2019-11-18,15:31:36.718000,11627,11628,11627,1
2019-11-18,15:31:38.579000,11627,11628,11627,5
2019-11-18,15:31:44.468000,11627,11628,11627,4
2019-11-18,15:31:55.047000,11627,11628,11627,1
2019-11-18,15:31:55.358000,11627,11628,11628,2
2019-11-18,15:31:55.360000,11627,11628,11628,1
2019-11-18,15:31:55.366000,11627,11628,11628,1
2019-11-18,15:32:06.894000,11627,11628,11628,3
2019-11-18,15:32:08.284000,11627,11628,11628,1
2019-11-18,15:32:13.301000,11628,11629,11628,1
2019-11-18,15:32:15.243000,11628,11629,11629,1
2019-11-18,15:32:23.842000,11628,11629,11629,3
2019-11-18,15:32:24.856000,11629,11630,11629,1
2019-11-18,15:32:31.824000,11628,11629,11629,1
2019-11-18,15:32:33.021000,11628,11629,11629,1
2019-11-18,15:32:35.508000,11628,11629,11628,1
2019-11-18,15:32:48.869000,11628,11629,11629,2
2019-11-18,15:32:48.895000,11628,11629,11629,2
2019-11-18,15:32:48.920000,11628,11629,11629,2
2019-11-18,15:32:48.945000,11628,11629,11629,2
