2020-12-23,15:00:00.095000,14129,14130,14130,92
2020-12-23,15:00:00.097000,14130,14131,14131,5
2020-12-23,15:00:00.204000,14130,14132,14132,2
2020-12-23,15:00:00.255000,14131,14132,14131,1
2020-12-23,15:00:00.275000,14131,14132,14131,1
2020-12-23,15:00:00.332000,14131,14132,14131,1
2020-12-23,15:00:00.335000,14131,14132,14132,2
2020-12-23,15:00:00.335000,14131,14132,14132,7
2020-12-23,15:00:00.335000,14131,14132,14133,10
2020-12-23,15:00:00.335000,14131,14132,14134,13
2020-12-23,15:00:00.350000,14131,14133,14133,4
2020-12-23,15:00:00.350000,14131,14133,14134,3
2020-12-23,15:00:00.350000,14131,14133,14135,8
2020-12-23,15:00:00.377000,14131,14133,14134,3
2020-12-23,15:00:00.397000,14131,14133,14134,1
2020-12-23,15:00:00.397000,14131,14133,14135,2
2020-12-23,15:00:00.411000,14131,14133,14135,1
2020-12-23,15:00:00.430000,14131,14133,14135,2
2020-12-23,15:00:00.456000,14131,14133,14135,1
2020-12-23,15:00:00.506000,14131,14135,14131,1
2020-12-23,15:00:00.521000,14131,14135,14131,3
2020-12-23,15:00:00.521000,14131,14135,14130,2
2020-12-23,15:00:00.534000,14131,14135,14130,3
2020-12-23,15:00:00.534000,14131,14135,14129,2
2020-12-23,15:00:00.572000,14131,14135,14128,1
2020-12-23,15:00:00.589000,14128,14134,14134,1
2020-12-23,15:00:00.589000,14128,14134,14128,4
2020-12-23,15:00:00.589000,14128,14134,14134,1
2020-12-23,15:00:00.616000,14128,14134,14129,1
2020-12-23,15:00:00.665000,14128,14134,14129,1
2020-12-23,15:00:00.672000,14128,14134,14134,1
2020-12-23,15:00:00.688000,14128,14134,14134,1
2020-12-23,15:00:00.697000,14128,14134,14134,2
2020-12-23,15:00:00.697000,14128,14134,14134,2
2020-12-23,15:00:00.697000,14128,14134,14135,1
2020-12-23,15:00:00.716000,14129,14135,14135,1
2020-12-23,15:00:00.720000,14129,14135,14135,1
2020-12-23,15:00:00.740000,14129,14135,14135,3
2020-12-23,15:00:00.753000,14129,14135,14135,2
2020-12-23,15:00:00.784000,14129,14135,14134,1
2020-12-23,15:00:00.784000,14129,14135,14135,2
2020-12-23,15:00:00.786000,14129,14135,14135,2
2020-12-23,15:00:00.797000,14129,14135,14135,1
2020-12-23,15:00:00.803000,14129,14135,14135,1
2020-12-23,15:00:00.806000,14129,14135,14135,1
2020-12-23,15:00:00.810000,14129,14135,14135,1
2020-12-23,15:00:00.810000,14129,14135,14136,1
2020-12-23,15:00:00.820000,14129,14135,14135,1
2020-12-23,15:00:00.825000,14129,14135,14132,1
2020-12-23,15:00:00.832000,14129,14135,14131,2
2020-12-23,15:00:00.861000,14131,14135,14135,1
2020-12-23,15:00:00.867000,14131,14135,14135,1
2020-12-23,15:00:00.912000,14131,14135,14134,1
2020-12-23,15:00:01.062000,14132,14135,14132,1
2020-12-23,15:00:01.097000,14131,14134,14134,4
2020-12-23,15:00:01.097000,14131,14134,14135,1
2020-12-23,15:00:01.196000,14131,14134,14132,1
2020-12-23,15:00:01.385000,14131,14134,14134,1
2020-12-23,15:00:01.819000,14132,14133,14133,1
2020-12-23,15:00:02.469000,14133,14134,14134,1
2020-12-23,15:00:02.634000,14133,14135,14135,1
2020-12-23,15:00:02.634000,14133,14135,14135,1
2020-12-23,15:00:02.797000,14134,14135,14134,1
2020-12-23,15:00:02.951000,14134,14135,14135,1
2020-12-23,15:00:03.325000,14134,14135,14135,2
2020-12-23,15:00:03.458000,14134,14135,14134,5
2020-12-23,15:00:03.465000,14133,14135,14133,3
2020-12-23,15:00:03.465000,14133,14135,14132,2
2020-12-23,15:00:03.479000,14133,14135,14132,1
2020-12-23,15:00:03.479000,14133,14135,14131,1
2020-12-23,15:00:03.630000,14132,14134,14132,2
2020-12-23,15:00:03.707000,14132,14134,14134,4
2020-12-23,15:00:03.741000,14133,14135,14135,1
2020-12-23,15:00:03.838000,14134,14135,14135,6
2020-12-23,15:00:03.906000,14134,14135,14136,4
2020-12-23,15:00:03.907000,14134,14135,14136,1
2020-12-23,15:00:03.907000,14134,14135,14136,6
2020-12-23,15:00:04.243000,14135,14136,14135,1
2020-12-23,15:00:04.380000,14134,14135,14136,3
2020-12-23,15:00:04.724000,14135,14136,14135,1
2020-12-23,15:00:04.973000,14134,14136,14134,1
2020-12-23,15:00:05.043000,14134,14136,14134,1
2020-12-23,15:00:05.360000,14134,14135,14134,1
2020-12-23,15:00:05.981000,14134,14135,14135,1
2020-12-23,15:00:05.983000,14134,14135,14135,1
2020-12-23,15:00:05.990000,14134,14135,14136,1
2020-12-23,15:00:05.992000,14134,14135,14136,1
2020-12-23,15:00:06.013000,14134,14135,14136,2
2020-12-23,15:00:06.050000,14134,14135,14136,1
2020-12-23,15:00:06.078000,14134,14135,14134,2
2020-12-23,15:00:06.136000,14134,14136,14134,1
2020-12-23,15:00:06.136000,14134,14136,14133,3
2020-12-23,15:00:06.136000,14134,14136,14132,2
2020-12-23,15:00:06.201000,14134,14136,14135,1
2020-12-23,15:00:06.497000,14133,14135,14135,3
2020-12-23,15:00:06.776000,14133,14135,14134,1
2020-12-23,15:00:06.830000,14133,14135,14135,1
2020-12-23,15:00:07.200000,14133,14135,14135,1
2020-12-23,15:00:07.446000,14133,14135,14135,1
2020-12-23,15:00:07.828000,14133,14135,14134,1
2020-12-23,15:00:09.387000,14133,14134,14134,1
2020-12-23,15:00:09.387000,14133,14134,14135,1
2020-12-23,15:00:09.686000,14133,14134,14133,1
2020-12-23,15:00:09.713000,14133,14134,14133,2
2020-12-23,15:00:09.737000,14133,14134,14133,1
2020-12-23,15:00:09.867000,14132,14133,14133,4
2020-12-23,15:00:10.031000,14132,14134,14134,2
2020-12-23,15:00:10.594000,14133,14135,14133,1
2020-12-23,15:00:10.764000,14133,14135,14135,10
2020-12-23,15:00:10.824000,14133,14135,14134,1
2020-12-23,15:00:11.237000,14135,14136,14135,1
2020-12-23,15:00:11.535000,14134,14136,14135,1
2020-12-23,15:00:11.659000,14134,14136,14136,4
2020-12-23,15:00:11.659000,14134,14136,14136,1
2020-12-23,15:00:11.713000,14136,14137,14137,16
2020-12-23,15:00:11.728000,14136,14137,14136,5
2020-12-23,15:00:12.098000,14137,14138,14137,4
2020-12-23,15:00:12.101000,14137,14138,14137,2
2020-12-23,15:00:12.428000,14136,14137,14137,2
2020-12-23,15:00:12.428000,14136,14137,14136,3
2020-12-23,15:00:12.703000,14136,14137,14136,1
2020-12-23,15:00:12.703000,14136,14137,14135,2
2020-12-23,15:00:12.703000,14136,14137,14135,3
2020-12-23,15:00:12.968000,14136,14137,14137,5
2020-12-23,15:00:13.338000,14136,14137,14136,2
2020-12-23,15:00:13.518000,14135,14137,14137,5
2020-12-23,15:00:13.580000,14135,14137,14137,1
2020-12-23,15:00:13.580000,14135,14137,14137,4
2020-12-23,15:00:13.702000,14136,14138,14136,1
2020-12-23,15:00:14.379000,14136,14138,14138,1
2020-12-23,15:00:14.953000,14136,14138,14137,1
2020-12-23,15:00:15.434000,14136,14138,14136,1
2020-12-23,15:00:15.831000,14136,14138,14137,2
2020-12-23,15:00:16.046000,14136,14138,14136,10
2020-12-23,15:00:16.551000,14137,14138,14138,1
2020-12-23,15:00:16.563000,14137,14138,14138,1
2020-12-23,15:00:16.674000,14137,14138,14138,1
2020-12-23,15:00:16.917000,14137,14138,14137,1
2020-12-23,15:00:17.031000,14137,14138,14137,1
2020-12-23,15:00:17.684000,14137,14138,14138,1
2020-12-23,15:00:18.387000,14137,14138,14138,1
2020-12-23,15:00:18.571000,14137,14138,14138,5
2020-12-23,15:00:18.572000,14137,14138,14138,12
2020-12-23,15:00:18.572000,14137,14138,14138,25
2020-12-23,15:00:18.713000,14138,14139,14139,16
2020-12-23,15:00:18.713000,14138,14139,14139,2
2020-12-23,15:00:18.738000,14138,14139,14140,1
2020-12-23,15:00:19.065000,14138,14140,14138,1
2020-12-23,15:00:19.121000,14138,14140,14140,5
2020-12-23,15:00:19.414000,14138,14140,14140,2
2020-12-23,15:00:19.415000,14138,14140,14140,3
2020-12-23,15:00:19.468000,14138,14140,14140,1
2020-12-23,15:00:19.468000,14138,14140,14140,15
2020-12-23,15:00:19.469000,14138,14140,14140,1
2020-12-23,15:00:19.515000,14138,14140,14140,1
2020-12-23,15:00:19.516000,14138,14140,14140,2
2020-12-23,15:00:19.620000,14140,14141,14140,1
2020-12-23,15:00:20.036000,14139,14141,14141,1
2020-12-23,15:00:20.188000,14139,14141,14141,6
2020-12-23,15:00:20.188000,14139,14141,14141,1
2020-12-23,15:00:20.225000,14140,14141,14140,1
2020-12-23,15:00:20.339000,14140,14141,14140,1
2020-12-23,15:00:20.467000,14139,14141,14139,1
2020-12-23,15:00:20.470000,14139,14141,14139,1
2020-12-23,15:00:20.597000,14140,14141,14140,2
2020-12-23,15:00:20.655000,14140,14141,14141,2
2020-12-23,15:00:20.788000,14139,14141,14141,1
2020-12-23,15:00:20.799000,14139,14141,14141,1
2020-12-23,15:00:20.799000,14139,14141,14141,2
2020-12-23,15:00:20.910000,14140,14141,14140,1
2020-12-23,15:00:20.934000,14140,14141,14139,4
2020-12-23,15:00:20.934000,14140,14141,14138,1
2020-12-23,15:00:21.172000,14138,14140,14140,1
2020-12-23,15:00:21.256000,14138,14140,14140,1
2020-12-23,15:00:21.340000,14138,14140,14138,3
2020-12-23,15:00:21.622000,14139,14140,14140,2
2020-12-23,15:00:21.622000,14139,14140,14141,3
2020-12-23,15:00:22.122000,14140,14141,14141,5
2020-12-23,15:00:22.122000,14140,14141,14141,3
2020-12-23,15:00:22.629000,14140,14142,14140,3
2020-12-23,15:00:23.179000,14139,14140,14140,1
2020-12-23,15:00:23.965000,14139,14141,14140,1
2020-12-23,15:00:24.092000,14139,14141,14140,1
2020-12-23,15:00:24.473000,14139,14141,14141,1
2020-12-23,15:00:24.775000,14138,14140,14141,1
2020-12-23,15:00:26.280000,14139,14140,14140,1
2020-12-23,15:00:26.791000,14139,14140,14140,1
2020-12-23,15:00:27.486000,14139,14140,14139,2
2020-12-23,15:00:28.713000,14138,14139,14138,5
2020-12-23,15:00:28.838000,14137,14139,14137,3
2020-12-23,15:00:29.081000,14136,14139,14139,2
2020-12-23,15:00:29.188000,14136,14139,14137,1
2020-12-23,15:00:29.188000,14136,14139,14136,1
2020-12-23,15:00:29.390000,14136,14139,14139,2
2020-12-23,15:00:29.418000,14136,14139,14136,2
2020-12-23,15:00:30.104000,14136,14138,14138,1
2020-12-23,15:00:30.713000,14137,14138,14137,1
2020-12-23,15:00:31.712000,14136,14138,14136,9
2020-12-23,15:00:31.838000,14135,14136,14135,5
2020-12-23,15:00:35.664000,14135,14136,14136,4
2020-12-23,15:00:35.911000,14135,14137,14137,1
2020-12-23,15:00:35.940000,14135,14137,14136,1
2020-12-23,15:00:36.366000,14135,14137,14135,2
2020-12-23,15:00:36.522000,14136,14137,14136,1
2020-12-23,15:00:36.522000,14136,14137,14135,2
2020-12-23,15:00:36.903000,14135,14136,14136,1
2020-12-23,15:00:37.374000,14135,14136,14136,1
2020-12-23,15:00:37.977000,14135,14136,14136,1
2020-12-23,15:00:37.977000,14135,14136,14136,1
2020-12-23,15:00:38.240000,14135,14136,14135,3
2020-12-23,15:00:39.536000,14135,14136,14135,3
2020-12-23,15:00:40.049000,14135,14136,14136,1
2020-12-23,15:00:40.696000,14135,14136,14136,3
2020-12-23,15:00:41.463000,14136,14137,14137,2
2020-12-23,15:00:41.540000,14136,14137,14137,1
2020-12-23,15:00:41.722000,14137,14138,14137,1
2020-12-23,15:00:41.726000,14137,14138,14137,3
2020-12-23,15:00:41.867000,14137,14138,14137,1
2020-12-23,15:00:41.949000,14137,14138,14137,1
2020-12-23,15:00:41.949000,14137,14138,14137,1
2020-12-23,15:00:44.206000,14137,14138,14137,1
2020-12-23,15:00:44.206000,14137,14138,14137,1
2020-12-23,15:00:44.207000,14137,14138,14137,3
2020-12-23,15:00:44.767000,14136,14137,14136,1
2020-12-23,15:00:44.909000,14136,14137,14137,1
2020-12-23,15:00:45.249000,14136,14138,14137,1
2020-12-23,15:00:45.542000,14136,14138,14136,1
2020-12-23,15:00:46.648000,14136,14137,14137,1
2020-12-23,15:00:46.648000,14136,14137,14138,1
2020-12-23,15:00:47.102000,14136,14138,14136,1
2020-12-23,15:00:47.139000,14136,14138,14136,1
2020-12-23,15:00:47.315000,14136,14138,14138,3
2020-12-23,15:00:49.340000,14136,14137,14136,1
2020-12-23,15:00:49.867000,14136,14137,14137,1
2020-12-23,15:00:51.126000,14136,14137,14136,1
2020-12-23,15:00:53.009000,14135,14137,14137,1
2020-12-23,15:00:53.009000,14135,14137,14137,2
2020-12-23,15:00:53.630000,14136,14137,14136,1
2020-12-23,15:00:54.997000,14136,14137,14137,1
2020-12-23,15:00:55.105000,14136,14137,14136,1
2020-12-23,15:00:59.300000,14136,14137,14137,1
2020-12-23,15:01:00.033000,14136,14137,14136,4
2020-12-23,15:01:00.603000,14136,14137,14137,1
2020-12-23,15:01:01.839000,14136,14137,14137,2
2020-12-23,15:01:02.310000,14136,14137,14136,3
2020-12-23,15:01:03.322000,14135,14136,14136,1
2020-12-23,15:01:03.338000,14135,14136,14136,1
2020-12-23,15:01:03.838000,14135,14136,14135,7
2020-12-23,15:01:03.838000,14135,14136,14135,3
2020-12-23,15:01:03.838000,14135,14136,14135,2
2020-12-23,15:01:05.900000,14134,14136,14136,1
2020-12-23,15:01:08.202000,14134,14136,14135,5
2020-12-23,15:01:08.202000,14134,14136,14136,3
2020-12-23,15:01:10.422000,14135,14136,14136,2
2020-12-23,15:01:12.633000,14135,14137,14135,1
2020-12-23,15:01:12.942000,14135,14137,14135,1
2020-12-23,15:01:13.404000,14135,14137,14137,1
2020-12-23,15:01:13.668000,14136,14137,14136,2
2020-12-23,15:01:15.652000,14136,14137,14136,1
2020-12-23,15:01:15.798000,14136,14137,14136,1
2020-12-23,15:01:21.689000,14136,14137,14137,6
2020-12-23,15:01:21.690000,14136,14137,14137,1
2020-12-23,15:01:21.690000,14136,14137,14137,1
2020-12-23,15:01:21.943000,14137,14138,14137,1
2020-12-23,15:01:24.225000,14137,14138,14138,10
2020-12-23,15:01:24.603000,14137,14139,14138,1
2020-12-23,15:01:24.839000,14137,14139,14139,1
2020-12-23,15:01:25.666000,14137,14138,14138,1
2020-12-23,15:01:25.666000,14137,14138,14138,1
2020-12-23,15:01:25.666000,14137,14138,14138,1
2020-12-23,15:01:28.433000,14138,14139,14138,1
2020-12-23,15:01:29.124000,14137,14138,14138,1
2020-12-23,15:01:30.242000,14137,14138,14138,2
2020-12-23,15:01:30.242000,14137,14138,14139,2
2020-12-23,15:01:30.279000,14137,14138,14139,1
2020-12-23,15:01:31.135000,14138,14139,14138,1
2020-12-23,15:01:32.951000,14138,14139,14139,1
2020-12-23,15:01:33.225000,14138,14139,14139,1
2020-12-23,15:01:33.415000,14138,14139,14138,1
2020-12-23,15:01:34.867000,14138,14139,14139,1
2020-12-23,15:01:35.293000,14138,14139,14139,1
2020-12-23,15:01:40.220000,14138,14139,14139,2
2020-12-23,15:01:40.220000,14138,14139,14139,2
2020-12-23,15:01:40.220000,14138,14139,14139,1
2020-12-23,15:01:40.220000,14138,14139,14139,4
2020-12-23,15:01:40.220000,14138,14139,14139,6
2020-12-23,15:01:45.361000,14138,14139,14139,2
2020-12-23,15:01:45.361000,14138,14139,14140,6
2020-12-23,15:01:45.790000,14138,14140,14140,3
2020-12-23,15:01:47.455000,14139,14140,14139,1
2020-12-23,15:01:47.455000,14139,14140,14139,1
2020-12-23,15:01:48.500000,14138,14139,14139,1
2020-12-23,15:01:49.141000,14138,14139,14139,1
2020-12-23,15:01:49.975000,14138,14139,14139,1
2020-12-23,15:01:50.319000,14138,14139,14138,1
2020-12-23,15:01:52.967000,14138,14139,14139,3
2020-12-23,15:01:55.575000,14139,14140,14139,2
2020-12-23,15:01:56.354000,14139,14140,14140,1
2020-12-23,15:01:58.038000,14139,14140,14140,1
2020-12-23,15:02:00.095000,14139,14140,14140,1
2020-12-23,15:02:00.186000,14139,14140,14140,1
2020-12-23,15:02:01.584000,14139,14140,14140,1
2020-12-23,15:02:02.231000,14139,14140,14139,5
2020-12-23,15:02:02.511000,14139,14140,14140,1
2020-12-23,15:02:03.105000,14139,14140,14139,1
2020-12-23,15:02:03.438000,14139,14140,14140,1
2020-12-23,15:02:05.794000,14139,14140,14140,2
2020-12-23,15:02:05.987000,14139,14140,14140,1
2020-12-23,15:02:10.282000,14139,14140,14140,26
2020-12-23,15:02:12.036000,14140,14141,14140,1
2020-12-23,15:02:13.238000,14140,14141,14140,1
2020-12-23,15:02:13.238000,14140,14141,14140,1
2020-12-23,15:02:13.238000,14140,14141,14140,1
2020-12-23,15:02:13.238000,14140,14141,14140,1
2020-12-23,15:02:13.239000,14140,14141,14140,2
2020-12-23,15:02:14.962000,14139,14140,14140,1
2020-12-23,15:02:15.010000,14139,14140,14140,1
2020-12-23,15:02:15.027000,14139,14140,14140,1
2020-12-23,15:02:15.387000,14139,14140,14140,1
2020-12-23,15:02:15.548000,14139,14140,14140,1
2020-12-23,15:02:18.303000,14139,14140,14140,1
2020-12-23,15:02:18.417000,14139,14140,14139,1
2020-12-23,15:02:20.122000,14139,14140,14140,1
2020-12-23,15:02:22.279000,14139,14140,14139,1
2020-12-23,15:02:22.280000,14139,14140,14139,4
2020-12-23,15:02:26.122000,14138,14139,14138,3
2020-12-23,15:02:26.122000,14138,14139,14138,3
2020-12-23,15:02:26.122000,14138,14139,14138,22
2020-12-23,15:02:26.122000,14138,14139,14138,1
2020-12-23,15:02:26.800000,14137,14139,14138,1
2020-12-23,15:02:28.223000,14137,14138,14138,1
2020-12-23,15:02:29.894000,14137,14138,14137,1
2020-12-23,15:02:30.788000,14137,14138,14137,2
2020-12-23,15:02:41.685000,14136,14137,14137,3
2020-12-23,15:02:42.709000,14137,14138,14137,4
2020-12-23,15:02:43.908000,14136,14137,14137,1
2020-12-23,15:02:44.765000,14136,14137,14137,1
2020-12-23,15:02:44.768000,14136,14137,14137,1
2020-12-23,15:02:53.730000,14136,14137,14137,4
2020-12-23,15:02:54.018000,14136,14137,14137,1
2020-12-23,15:02:55.373000,14136,14137,14137,1
2020-12-23,15:02:57.555000,14136,14137,14136,1
2020-12-23,15:02:59.163000,14136,14137,14136,2
2020-12-23,15:03:01.573000,14136,14137,14136,1
2020-12-23,15:03:01.657000,14136,14137,14136,1
2020-12-23,15:03:02.183000,14136,14137,14136,1
2020-12-23,15:03:02.184000,14136,14137,14136,1
2020-12-23,15:03:02.184000,14136,14137,14136,2
2020-12-23,15:03:02.315000,14135,14136,14135,1
2020-12-23,15:03:02.383000,14135,14136,14135,1
2020-12-23,15:03:02.499000,14135,14136,14135,1
2020-12-23,15:03:02.830000,14135,14136,14136,3
2020-12-23,15:03:02.830000,14135,14136,14137,1
2020-12-23,15:03:04.694000,14135,14136,14136,1
2020-12-23,15:03:04.694000,14135,14136,14137,1
2020-12-23,15:03:06.584000,14136,14137,14136,1
2020-12-23,15:03:11.549000,14136,14137,14136,1
2020-12-23,15:03:12.917000,14136,14137,14136,1
2020-12-23,15:03:14.232000,14135,14136,14136,1
2020-12-23,15:03:17.604000,14135,14136,14135,7
2020-12-23,15:03:17.604000,14135,14136,14135,5
2020-12-23,15:03:18.698000,14134,14135,14134,2
2020-12-23,15:03:18.791000,14134,14135,14134,1
2020-12-23,15:03:18.799000,14134,14135,14135,1
2020-12-23,15:03:21.596000,14134,14135,14134,4
2020-12-23,15:03:21.596000,14134,14135,14134,1
2020-12-23,15:03:21.596000,14134,14135,14134,1
2020-12-23,15:03:21.596000,14134,14135,14134,5
2020-12-23,15:03:21.746000,14133,14134,14133,1
2020-12-23,15:03:24.846000,14133,14134,14133,1
2020-12-23,15:03:24.975000,14133,14134,14133,1
2020-12-23,15:03:31.245000,14133,14135,14133,1
2020-12-23,15:03:32.419000,14133,14135,14133,1
2020-12-23,15:03:32.473000,14133,14135,14133,12
2020-12-23,15:03:32.730000,14133,14134,14133,2
2020-12-23,15:03:32.739000,14133,14134,14133,1
2020-12-23,15:03:33.069000,14133,14134,14134,1
2020-12-23,15:03:36.350000,14133,14134,14133,2
2020-12-23,15:03:37.250000,14133,14134,14133,1
2020-12-23,15:03:37.250000,14133,14134,14133,1
2020-12-23,15:03:37.667000,14132,14133,14133,1
2020-12-23,15:03:40.058000,14133,14134,14134,1
2020-12-23,15:03:40.830000,14132,14134,14133,1
2020-12-23,15:03:45.126000,14132,14133,14133,2
2020-12-23,15:03:49.055000,14132,14133,14132,1
2020-12-23,15:03:50.388000,14132,14133,14133,8
2020-12-23,15:03:51.206000,14133,14134,14134,1
2020-12-23,15:03:51.207000,14133,14134,14134,2
2020-12-23,15:03:52.599000,14133,14134,14133,1
2020-12-23,15:03:52.750000,14133,14134,14134,1
2020-12-23,15:03:55.533000,14134,14135,14135,2
2020-12-23,15:03:56.713000,14134,14135,14134,1
2020-12-23,15:03:57.400000,14134,14135,14134,1
2020-12-23,15:03:59.627000,14133,14134,14134,1
2020-12-23,15:03:59.865000,14133,14135,14134,1
2020-12-23,15:03:59.883000,14133,14135,14135,1
2020-12-23,15:04:00.399000,14134,14135,14134,1
2020-12-23,15:04:00.491000,14134,14135,14134,1
2020-12-23,15:04:02.323000,14134,14135,14134,2
2020-12-23,15:04:02.702000,14133,14134,14134,2
2020-12-23,15:04:03.470000,14134,14135,14135,5
2020-12-23,15:04:03.471000,14134,14135,14135,1
2020-12-23,15:04:03.856000,14135,14136,14135,1
2020-12-23,15:04:03.928000,14135,14136,14135,1
2020-12-23,15:04:08.010000,14135,14136,14135,1
2020-12-23,15:04:12.933000,14135,14136,14135,1
2020-12-23,15:04:14.728000,14135,14136,14135,2
2020-12-23,15:04:15.716000,14135,14136,14135,1
2020-12-23,15:04:16.072000,14135,14136,14136,1
2020-12-23,15:04:16.093000,14135,14136,14135,1
2020-12-23,15:04:18.874000,14135,14136,14135,1
2020-12-23,15:04:20.024000,14135,14136,14136,6
2020-12-23,15:04:20.102000,14136,14137,14136,1
2020-12-23,15:04:20.690000,14136,14137,14136,1
2020-12-23,15:04:24.377000,14136,14137,14136,1
2020-12-23,15:04:24.424000,14136,14137,14136,1
2020-12-23,15:04:25.475000,14136,14137,14137,4
2020-12-23,15:04:25.475000,14136,14137,14137,5
2020-12-23,15:04:26.400000,14137,14138,14138,1
2020-12-23,15:04:27.672000,14137,14138,14138,1
2020-12-23,15:04:30.292000,14137,14138,14138,1
2020-12-23,15:04:30.879000,14137,14138,14138,1
2020-12-23,15:04:31.111000,14137,14138,14137,1
2020-12-23,15:04:36.256000,14137,14138,14137,2
2020-12-23,15:04:39.295000,14136,14137,14137,2
2020-12-23,15:04:39.861000,14136,14137,14136,1
2020-12-23,15:04:40.491000,14136,14137,14137,2
2020-12-23,15:04:41.313000,14136,14137,14136,1
2020-12-23,15:04:44.813000,14136,14137,14136,2
2020-12-23,15:04:45.647000,14135,14136,14136,1
2020-12-23,15:04:46.844000,14135,14136,14136,1
2020-12-23,15:04:49.268000,14135,14136,14136,1
2020-12-23,15:04:57.699000,14135,14136,14136,1
2020-12-23,15:04:58.641000,14135,14136,14136,1
2020-12-23,15:05:00.596000,14135,14136,14136,1
2020-12-23,15:05:02.240000,14135,14136,14135,1
2020-12-23,15:05:02.580000,14135,14136,14136,1
2020-12-23,15:05:02.580000,14135,14136,14137,2
2020-12-23,15:05:02.984000,14136,14137,14137,1
2020-12-23,15:05:03.058000,14136,14137,14137,1
2020-12-23,15:05:04.389000,14136,14137,14137,13
2020-12-23,15:05:05.179000,14137,14138,14137,1
2020-12-23,15:05:07.766000,14136,14137,14137,1
2020-12-23,15:05:09.435000,14136,14137,14137,1
2020-12-23,15:05:10.237000,14136,14137,14137,2
2020-12-23,15:05:13.816000,14136,14137,14137,3
2020-12-23,15:05:17.803000,14136,14137,14137,2
2020-12-23,15:05:21.196000,14136,14137,14136,2
2020-12-23,15:05:24.236000,14135,14136,14136,2
2020-12-23,15:05:26.313000,14135,14136,14136,1
2020-12-23,15:05:30.379000,14135,14136,14135,1
2020-12-23,15:05:30.964000,14135,14136,14136,4
2020-12-23,15:05:35.689000,14135,14136,14135,1
2020-12-23,15:05:37.470000,14135,14136,14136,3
2020-12-23,15:05:38.235000,14135,14136,14136,2
2020-12-23,15:05:49.441000,14135,14136,14136,1
2020-12-23,15:05:53.234000,14135,14137,14137,2
2020-12-23,15:05:57.662000,14136,14137,14136,1
2020-12-23,15:06:00.039000,14136,14137,14136,1
2020-12-23,15:06:00.043000,14136,14137,14135,1
2020-12-23,15:06:00.057000,14136,14137,14135,1
2020-12-23,15:06:01.730000,14135,14136,14136,2
2020-12-23,15:06:08.300000,14135,14136,14135,2
2020-12-23,15:06:08.346000,14135,14136,14135,2
2020-12-23,15:06:08.346000,14135,14136,14135,17
2020-12-23,15:06:08.488000,14134,14135,14135,1
2020-12-23,15:06:09.600000,14134,14135,14134,6
2020-12-23,15:06:12.942000,14133,14134,14133,1
2020-12-23,15:06:13.014000,14133,14134,14133,1
2020-12-23,15:06:14.242000,14133,14134,14133,2
2020-12-23,15:06:14.345000,14133,14134,14133,1
2020-12-23,15:06:15.368000,14132,14133,14132,3
2020-12-23,15:06:15.900000,14132,14133,14132,1
2020-12-23,15:06:16.154000,14132,14133,14132,1
2020-12-23,15:06:19.487000,14132,14133,14133,1
2020-12-23,15:06:19.769000,14132,14133,14132,1
2020-12-23,15:06:23.328000,14132,14133,14133,4
2020-12-23,15:06:23.328000,14132,14133,14133,1
2020-12-23,15:06:23.787000,14133,14134,14133,1
2020-12-23,15:06:25.238000,14133,14134,14133,1
2020-12-23,15:06:27.486000,14133,14134,14133,1
2020-12-23,15:06:39.140000,14133,14134,14134,1
2020-12-23,15:06:43.432000,14134,14135,14135,2
2020-12-23,15:06:45.246000,14134,14135,14135,2
2020-12-23,15:06:47.918000,14135,14136,14135,1
2020-12-23,15:06:48.233000,14134,14136,14134,1
2020-12-23,15:06:51.009000,14135,14136,14135,1
2020-12-23,15:06:55.702000,14134,14135,14135,1
2020-12-23,15:07:00.434000,14134,14135,14135,1
2020-12-23,15:07:02.319000,14134,14135,14134,3
2020-12-23,15:07:06.843000,14134,14135,14134,1
2020-12-23,15:07:10.374000,14134,14135,14134,2
2020-12-23,15:07:10.374000,14134,14135,14134,3
2020-12-23,15:07:13.673000,14133,14134,14133,1
2020-12-23,15:07:15.600000,14133,14134,14134,1
2020-12-23,15:07:15.939000,14133,14134,14133,1
2020-12-23,15:07:21.607000,14133,14134,14133,1
2020-12-23,15:07:24.666000,14133,14134,14133,1
2020-12-23,15:07:25.577000,14133,14134,14134,1
2020-12-23,15:07:36.884000,14133,14134,14134,3
2020-12-23,15:07:38.012000,14134,14135,14134,1
2020-12-23,15:07:39.280000,14134,14135,14135,2
2020-12-23,15:07:39.281000,14134,14135,14135,2
2020-12-23,15:07:42.399000,14135,14136,14135,4
2020-12-23,15:07:44.898000,14134,14135,14134,5
2020-12-23,15:07:47.860000,14134,14135,14135,1
2020-12-23,15:07:52.358000,14133,14134,14133,1
2020-12-23,15:07:56.956000,14133,14134,14134,1
2020-12-23,15:08:07.240000,14134,14135,14135,3
2020-12-23,15:08:07.241000,14134,14135,14135,4
2020-12-23,15:08:12.906000,14135,14136,14135,1
2020-12-23,15:08:12.913000,14135,14136,14135,1
2020-12-23,15:08:12.913000,14135,14136,14135,1
2020-12-23,15:08:12.920000,14135,14136,14135,2
2020-12-23,15:08:18.612000,14134,14135,14134,1
2020-12-23,15:08:19.990000,14134,14135,14134,2
2020-12-23,15:08:21.246000,14134,14135,14134,1
2020-12-23,15:08:25.032000,14134,14135,14135,5
2020-12-23,15:08:33.699000,14134,14135,14135,1
2020-12-23,15:08:34.570000,14134,14135,14135,1
2020-12-23,15:08:35.084000,14134,14135,14135,1
2020-12-23,15:08:43.329000,14134,14135,14135,1
2020-12-23,15:08:43.330000,14134,14135,14135,4
2020-12-23,15:08:44.493000,14135,14136,14135,5
2020-12-23,15:08:48.382000,14134,14135,14135,5
2020-12-23,15:08:48.555000,14135,14136,14135,1
2020-12-23,15:08:52.456000,14135,14136,14135,2
2020-12-23,15:08:53.993000,14134,14135,14135,2
2020-12-23,15:09:02.459000,14134,14135,14134,1
2020-12-23,15:09:03.261000,14134,14135,14134,6
2020-12-23,15:09:09.251000,14133,14134,14134,7
2020-12-23,15:09:14.740000,14133,14134,14133,1
2020-12-23,15:09:14.740000,14133,14134,14133,14
2020-12-23,15:09:14.741000,14133,14134,14133,1
2020-12-23,15:09:17.055000,14132,14133,14133,3
2020-12-23,15:09:25.988000,14133,14134,14133,1
2020-12-23,15:09:34.322000,14133,14134,14133,1
2020-12-23,15:09:35.879000,14132,14133,14133,1
2020-12-23,15:09:38.869000,14132,14133,14132,4
2020-12-23,15:09:44.393000,14132,14133,14133,2
2020-12-23,15:09:44.394000,14132,14133,14133,2
2020-12-23,15:09:47.601000,14133,14134,14134,1
2020-12-23,15:09:48.934000,14133,14134,14134,2
2020-12-23,15:09:48.935000,14133,14134,14134,2
2020-12-23,15:09:57.305000,14134,14135,14134,1
2020-12-23,15:09:58.614000,14134,14135,14134,1
2020-12-23,15:10:01.831000,14134,14135,14135,4
2020-12-23,15:10:01.832000,14134,14135,14135,3
2020-12-23,15:10:02.434000,14135,14136,14135,1
2020-12-23,15:10:09.231000,14135,14136,14136,13
2020-12-23,15:10:09.541000,14135,14137,14136,1
2020-12-23,15:10:14.094000,14136,14137,14136,1
2020-12-23,15:10:19.768000,14135,14136,14136,1
2020-12-23,15:10:22.844000,14135,14136,14135,1
2020-12-23,15:10:23.261000,14135,14136,14136,1
2020-12-23,15:10:24.217000,14135,14136,14136,3
2020-12-23,15:10:27.968000,14136,14137,14136,1
2020-12-23,15:10:28.925000,14136,14137,14136,1
2020-12-23,15:10:30.275000,14136,14137,14136,1
2020-12-23,15:10:32.620000,14135,14137,14137,1
2020-12-23,15:10:42.055000,14136,14137,14136,1
2020-12-23,15:10:44.452000,14136,14137,14136,2
2020-12-23,15:10:46.265000,14136,14137,14137,3
2020-12-23,15:10:46.679000,14136,14137,14136,1
2020-12-23,15:10:50.589000,14136,14137,14137,4
2020-12-23,15:10:50.589000,14136,14137,14137,17
2020-12-23,15:10:50.589000,14136,14137,14137,2
2020-12-23,15:10:50.624000,14136,14137,14137,1
2020-12-23,15:10:57.669000,14137,14138,14137,1
2020-12-23,15:11:01.982000,14137,14138,14138,2
2020-12-23,15:11:02.955000,14137,14138,14138,1
2020-12-23,15:11:04.937000,14137,14138,14138,2
2020-12-23,15:11:05.455000,14137,14138,14138,13
2020-12-23,15:11:05.456000,14137,14138,14138,1
2020-12-23,15:11:05.860000,14138,14139,14138,1
2020-12-23,15:11:06.872000,14138,14139,14138,2
2020-12-23,15:11:08.388000,14138,14139,14139,2
2020-12-23,15:11:12.076000,14138,14139,14139,1
2020-12-23,15:11:12.823000,14138,14139,14139,1
2020-12-23,15:11:13.812000,14138,14139,14139,1
2020-12-23,15:11:15.097000,14138,14139,14139,1
2020-12-23,15:11:15.098000,14138,14139,14139,4
2020-12-23,15:11:15.099000,14138,14139,14139,4
2020-12-23,15:11:15.099000,14138,14139,14139,1
2020-12-23,15:11:15.102000,14138,14139,14139,2
2020-12-23,15:11:15.120000,14138,14139,14139,1
2020-12-23,15:11:15.642000,14138,14140,14138,2
2020-12-23,15:11:17.233000,14138,14139,14139,2
2020-12-23,15:11:20.390000,14138,14139,14139,3
2020-12-23,15:11:25.297000,14138,14139,14139,1
2020-12-23,15:11:30.124000,14138,14139,14138,1
2020-12-23,15:11:31.233000,14138,14139,14139,1
2020-12-23,15:11:34.781000,14138,14139,14139,1
2020-12-23,15:11:37.605000,14139,14140,14139,1
2020-12-23,15:11:37.703000,14139,14140,14139,2
2020-12-23,15:11:37.703000,14139,14140,14138,8
2020-12-23,15:11:38.318000,14138,14139,14139,1
2020-12-23,15:11:39.153000,14138,14139,14138,1
2020-12-23,15:11:41.920000,14138,14139,14139,1
2020-12-23,15:11:44.182000,14138,14139,14139,1
2020-12-23,15:11:51.309000,14138,14139,14139,1
2020-12-23,15:11:56.661000,14139,14140,14140,1
2020-12-23,15:11:59.736000,14139,14140,14140,10
2020-12-23,15:12:01.807000,14139,14140,14140,1
2020-12-23,15:12:01.905000,14139,14140,14140,1
2020-12-23,15:12:02.052000,14139,14140,14139,1
2020-12-23,15:12:02.501000,14139,14140,14140,1
2020-12-23,15:12:02.522000,14139,14140,14140,2
2020-12-23,15:12:02.669000,14139,14140,14139,1
2020-12-23,15:12:03.096000,14139,14140,14140,20
2020-12-23,15:12:04.544000,14140,14141,14141,1
2020-12-23,15:12:04.596000,14140,14141,14141,2
2020-12-23,15:12:10.098000,14140,14141,14141,1
2020-12-23,15:12:10.859000,14140,14141,14141,1
2020-12-23,15:12:10.877000,14140,14141,14141,5
2020-12-23,15:12:12.155000,14140,14141,14141,1
2020-12-23,15:12:12.808000,14140,14141,14141,1
2020-12-23,15:12:13.809000,14140,14141,14140,1
2020-12-23,15:12:14.610000,14140,14141,14141,1
2020-12-23,15:12:14.711000,14140,14141,14141,1
2020-12-23,15:12:16.447000,14140,14141,14141,1
2020-12-23,15:12:16.473000,14140,14141,14141,1
2020-12-23,15:12:19.182000,14140,14142,14142,5
2020-12-23,15:12:19.304000,14140,14142,14142,1
2020-12-23,15:12:19.350000,14141,14142,14141,1
2020-12-23,15:12:24.405000,14141,14142,14141,1
2020-12-23,15:12:27.127000,14141,14142,14142,4
2020-12-23,15:12:27.132000,14141,14142,14142,4
2020-12-23,15:12:27.132000,14141,14142,14142,5
2020-12-23,15:12:27.132000,14141,14142,14142,11
2020-12-23,15:12:27.133000,14141,14142,14142,5
2020-12-23,15:12:27.140000,14141,14142,14142,43
2020-12-23,15:12:27.141000,14141,14142,14143,1
2020-12-23,15:12:27.429000,14142,14143,14143,1
2020-12-23,15:12:27.929000,14142,14143,14143,1
2020-12-23,15:12:27.932000,14142,14143,14143,1
2020-12-23,15:12:28.962000,14142,14143,14143,3
2020-12-23,15:12:29.473000,14142,14143,14143,1
2020-12-23,15:12:30.091000,14142,14143,14143,1
2020-12-23,15:12:31.370000,14142,14143,14143,2
2020-12-23,15:12:31.370000,14142,14143,14143,1
2020-12-23,15:12:31.370000,14142,14143,14143,5
2020-12-23,15:12:33.538000,14143,14144,14144,2
2020-12-23,15:12:36.314000,14143,14144,14144,2
2020-12-23,15:12:36.444000,14143,14144,14144,1
2020-12-23,15:12:36.670000,14143,14144,14144,1
2020-12-23,15:12:37.028000,14143,14144,14144,1
2020-12-23,15:12:38.587000,14143,14144,14144,6
2020-12-23,15:12:40.938000,14144,14145,14145,1
2020-12-23,15:12:41.310000,14144,14145,14144,1
2020-12-23,15:12:41.990000,14144,14145,14145,1
2020-12-23,15:12:42.900000,14144,14145,14145,31
2020-12-23,15:12:42.962000,14144,14145,14145,16
2020-12-23,15:12:43.087000,14145,14146,14146,8
2020-12-23,15:12:43.501000,14145,14146,14146,1
2020-12-23,15:12:43.828000,14145,14146,14146,1
2020-12-23,15:12:43.923000,14145,14146,14146,1
2020-12-23,15:12:44.930000,14145,14146,14146,5
2020-12-23,15:12:46.826000,14145,14146,14146,2
2020-12-23,15:12:46.996000,14145,14146,14146,1
2020-12-23,15:12:47.554000,14145,14146,14146,5
2020-12-23,15:12:47.855000,14145,14147,14147,5
2020-12-23,15:12:48.028000,14145,14147,14145,1
2020-12-23,15:12:48.201000,14145,14147,14146,1
2020-12-23,15:12:48.207000,14145,14147,14146,3
2020-12-23,15:12:48.219000,14145,14147,14147,2
2020-12-23,15:12:48.554000,14145,14147,14146,1
2020-12-23,15:12:49.063000,14146,14147,14146,1
2020-12-23,15:12:49.639000,14146,14147,14146,9
2020-12-23,15:12:49.683000,14146,14147,14146,2
2020-12-23,15:12:50.322000,14145,14146,14146,1
2020-12-23,15:12:52.105000,14145,14146,14146,1
2020-12-23,15:12:53.215000,14145,14146,14145,1
2020-12-23,15:12:53.431000,14145,14146,14146,1
2020-12-23,15:12:54.126000,14145,14146,14145,1
2020-12-23,15:12:55.260000,14145,14146,14146,3
2020-12-23,15:12:55.317000,14145,14146,14146,7
2020-12-23,15:12:55.400000,14145,14146,14145,1
2020-12-23,15:12:56.867000,14145,14146,14145,1
2020-12-23,15:12:57.279000,14145,14146,14145,18
2020-12-23,15:12:58.274000,14144,14145,14145,1
2020-12-23,15:12:58.741000,14144,14145,14145,3
2020-12-23,15:13:00.643000,14144,14145,14145,3
2020-12-23,15:13:00.748000,14144,14145,14144,1
2020-12-23,15:13:00.748000,14144,14145,14144,1
2020-12-23,15:13:00.748000,14144,14145,14144,1
2020-12-23,15:13:00.748000,14144,14145,14144,3
2020-12-23,15:13:00.748000,14144,14145,14144,1
2020-12-23,15:13:00.748000,14144,14145,14144,1
2020-12-23,15:13:00.749000,14144,14145,14144,10
2020-12-23,15:13:03.175000,14144,14145,14144,1
2020-12-23,15:13:05.171000,14144,14145,14145,2
2020-12-23,15:13:05.580000,14145,14146,14145,2
2020-12-23,15:13:10.490000,14144,14145,14145,1
2020-12-23,15:13:11.698000,14144,14145,14144,2
2020-12-23,15:13:11.699000,14144,14145,14144,1
2020-12-23,15:13:12.395000,14144,14145,14145,1
2020-12-23,15:13:13.505000,14144,14145,14144,1
2020-12-23,15:13:14.169000,14144,14145,14145,4
2020-12-23,15:13:14.170000,14144,14145,14145,3
2020-12-23,15:13:14.170000,14144,14145,14145,4
2020-12-23,15:13:16.719000,14145,14146,14145,1
2020-12-23,15:13:18.185000,14145,14146,14146,1
2020-12-23,15:13:18.359000,14145,14146,14145,1
2020-12-23,15:13:18.825000,14145,14146,14145,2
2020-12-23,15:13:21.688000,14144,14145,14145,1
2020-12-23,15:13:22.070000,14144,14145,14145,1
2020-12-23,15:13:23.870000,14144,14145,14145,1
2020-12-23,15:13:25.001000,14144,14145,14145,3
2020-12-23,15:13:25.493000,14145,14146,14145,1
2020-12-23,15:13:28.311000,14145,14146,14146,2
2020-12-23,15:13:30.101000,14145,14146,14146,1
2020-12-23,15:13:30.421000,14145,14146,14146,2
2020-12-23,15:13:33.969000,14145,14146,14146,1
2020-12-23,15:13:34.017000,14145,14146,14146,1
2020-12-23,15:13:35.164000,14145,14146,14146,1
2020-12-23,15:13:36.117000,14145,14146,14146,9
2020-12-23,15:13:36.282000,14145,14146,14146,1
2020-12-23,15:13:36.691000,14145,14146,14146,2
2020-12-23,15:13:40.172000,14146,14147,14146,1
2020-12-23,15:13:41.777000,14146,14147,14147,1
2020-12-23,15:13:44.350000,14146,14147,14146,8
2020-12-23,15:13:45.026000,14145,14146,14146,1
2020-12-23,15:13:48.157000,14145,14146,14146,5
2020-12-23,15:13:49.260000,14145,14146,14146,3
2020-12-23,15:13:51.073000,14145,14146,14146,1
2020-12-23,15:13:51.884000,14145,14146,14146,2
2020-12-23,15:13:53.552000,14145,14146,14146,5
2020-12-23,15:13:53.872000,14145,14146,14146,1
2020-12-23,15:13:54.093000,14145,14146,14146,1
2020-12-23,15:13:54.343000,14145,14146,14146,1
2020-12-23,15:13:57.973000,14145,14146,14146,1
2020-12-23,15:14:01.056000,14145,14146,14145,2
2020-12-23,15:14:01.057000,14145,14146,14145,2
2020-12-23,15:14:01.057000,14145,14146,14145,1
2020-12-23,15:14:01.057000,14145,14146,14145,1
2020-12-23,15:14:01.057000,14145,14146,14145,1
2020-12-23,15:14:01.057000,14145,14146,14145,24
2020-12-23,15:14:01.057000,14145,14146,14145,4
2020-12-23,15:14:01.057000,14145,14146,14145,6
2020-12-23,15:14:01.058000,14145,14146,14145,1
2020-12-23,15:14:02.082000,14144,14146,14146,1
2020-12-23,15:14:02.622000,14144,14146,14146,3
2020-12-23,15:14:02.998000,14145,14146,14145,6
2020-12-23,15:14:04.668000,14144,14145,14145,2
2020-12-23,15:14:05.419000,14144,14145,14145,2
2020-12-23,15:14:05.685000,14144,14146,14145,1
2020-12-23,15:14:07.393000,14144,14145,14144,1
2020-12-23,15:14:07.719000,14144,14145,14145,1
2020-12-23,15:14:07.719000,14144,14145,14146,1
2020-12-23,15:14:15.066000,14144,14145,14145,1
2020-12-23,15:14:15.899000,14144,14145,14145,1
2020-12-23,15:14:20.060000,14144,14145,14145,3
2020-12-23,15:14:20.062000,14144,14145,14145,7
2020-12-23,15:14:26.319000,14144,14145,14144,4
2020-12-23,15:14:26.319000,14144,14145,14144,2
2020-12-23,15:14:26.938000,14143,14144,14144,5
2020-12-23,15:14:26.938000,14143,14144,14145,5
2020-12-23,15:14:28.234000,14143,14144,14144,1
2020-12-23,15:14:28.842000,14143,14144,14144,1
2020-12-23,15:14:29.817000,14143,14144,14143,1
2020-12-23,15:14:31.182000,14143,14144,14143,1
2020-12-23,15:14:32.450000,14143,14144,14143,1
2020-12-23,15:14:34.402000,14143,14144,14143,3
2020-12-23,15:14:36.924000,14142,14143,14142,1
2020-12-23,15:14:37.270000,14142,14143,14143,5
2020-12-23,15:14:37.270000,14142,14143,14144,5
2020-12-23,15:14:40.603000,14142,14143,14142,3
2020-12-23,15:14:42.578000,14142,14144,14144,2
2020-12-23,15:14:54.549000,14143,14144,14144,1
2020-12-23,15:14:55.921000,14143,14144,14144,2
2020-12-23,15:15:00.914000,14143,14144,14144,1
2020-12-23,15:15:01.369000,14144,14145,14145,13
2020-12-23,15:15:01.369000,14144,14145,14145,3
2020-12-23,15:15:01.370000,14144,14145,14145,4
2020-12-23,15:15:02.193000,14145,14146,14145,1
2020-12-23,15:15:03.165000,14145,14146,14145,1
2020-12-23,15:15:05.670000,14144,14145,14145,3
2020-12-23,15:15:07.463000,14144,14145,14144,1
2020-12-23,15:15:09.543000,14143,14144,14144,1
2020-12-23,15:15:11.255000,14143,14145,14145,2
2020-12-23,15:15:12.777000,14143,14145,14145,3
2020-12-23,15:15:14.470000,14144,14145,14144,1
2020-12-23,15:15:15.333000,14144,14145,14145,8
2020-12-23,15:15:15.335000,14144,14145,14145,2
2020-12-23,15:15:17.957000,14144,14145,14145,1
2020-12-23,15:15:18.176000,14144,14145,14145,1
2020-12-23,15:15:21.626000,14144,14145,14145,4
2020-12-23,15:15:21.628000,14144,14145,14145,1
2020-12-23,15:15:22.475000,14145,14146,14145,1
2020-12-23,15:15:25.901000,14144,14145,14145,1
2020-12-23,15:15:26.234000,14144,14145,14144,11
2020-12-23,15:15:34.127000,14143,14144,14143,1
2020-12-23,15:15:36.237000,14143,14144,14144,1
2020-12-23,15:15:41.092000,14143,14144,14144,1
2020-12-23,15:15:46.611000,14143,14144,14143,10
2020-12-23,15:15:51.435000,14142,14143,14142,5
2020-12-23,15:15:51.435000,14142,14143,14141,5
2020-12-23,15:15:52.626000,14141,14142,14141,5
2020-12-23,15:15:55.502000,14141,14142,14141,1
2020-12-23,15:15:58.588000,14141,14142,14141,1
2020-12-23,15:16:01.869000,14141,14142,14142,1
2020-12-23,15:16:02.405000,14141,14142,14141,1
2020-12-23,15:16:08.737000,14141,14142,14142,6
2020-12-23,15:16:09.896000,14142,14143,14142,1
2020-12-23,15:16:13.385000,14142,14143,14142,1
2020-12-23,15:16:13.429000,14142,14143,14142,3
2020-12-23,15:16:17.343000,14141,14142,14142,1
2020-12-23,15:16:24.813000,14141,14142,14142,2
2020-12-23,15:16:31.781000,14141,14142,14142,1
2020-12-23,15:16:39.931000,14141,14142,14142,1
2020-12-23,15:16:43.098000,14141,14142,14141,3
2020-12-23,15:16:50.337000,14140,14142,14140,14
2020-12-23,15:16:50.603000,14139,14140,14140,1
2020-12-23,15:16:50.710000,14139,14140,14140,1
2020-12-23,15:16:52.615000,14139,14140,14140,1
2020-12-23,15:16:55.815000,14139,14140,14139,2
2020-12-23,15:16:57.787000,14139,14140,14140,1
2020-12-23,15:16:57.858000,14139,14140,14139,5
2020-12-23,15:16:58.506000,14139,14140,14140,3
2020-12-23,15:16:59.549000,14141,14142,14141,1
2020-12-23,15:17:01.592000,14141,14142,14142,5
2020-12-23,15:17:01.593000,14141,14142,14142,1
2020-12-23,15:17:01.593000,14141,14142,14142,3
2020-12-23,15:17:02.458000,14142,14143,14142,1
2020-12-23,15:17:04.019000,14142,14143,14143,5
2020-12-23,15:17:04.656000,14142,14143,14143,1
2020-12-23,15:17:04.872000,14143,14144,14144,1
2020-12-23,15:17:08.808000,14143,14144,14143,2
2020-12-23,15:17:08.855000,14143,14144,14144,5
2020-12-23,15:17:11.899000,14143,14144,14144,1
2020-12-23,15:17:12.183000,14143,14144,14144,1
2020-12-23,15:17:12.418000,14143,14144,14144,4
2020-12-23,15:17:12.418000,14143,14144,14144,8
2020-12-23,15:17:13.430000,14144,14145,14145,2
2020-12-23,15:17:13.457000,14144,14145,14144,1
2020-12-23,15:17:15.202000,14144,14145,14145,18
2020-12-23,15:17:15.213000,14144,14145,14145,1
2020-12-23,15:17:16.069000,14144,14145,14145,1
2020-12-23,15:17:16.881000,14144,14145,14145,1
2020-12-23,15:17:17.635000,14144,14145,14145,1
2020-12-23,15:17:17.635000,14144,14145,14146,1
2020-12-23,15:17:18.875000,14145,14146,14145,1
2020-12-23,15:17:21.479000,14145,14146,14146,1
2020-12-23,15:17:21.793000,14145,14146,14145,1
2020-12-23,15:17:25.019000,14145,14146,14145,1
2020-12-23,15:17:26.044000,14145,14146,14145,1
2020-12-23,15:17:35.517000,14145,14146,14145,1
2020-12-23,15:17:36.412000,14145,14146,14145,1
2020-12-23,15:17:36.417000,14145,14146,14145,12
2020-12-23,15:17:43.949000,14144,14145,14145,2
2020-12-23,15:17:45.151000,14144,14145,14145,3
2020-12-23,15:17:45.456000,14145,14146,14146,1
2020-12-23,15:17:47.724000,14145,14146,14146,1
2020-12-23,15:17:47.910000,14145,14146,14146,1
2020-12-23,15:17:48.106000,14145,14146,14146,2
2020-12-23,15:17:48.571000,14145,14146,14145,1
2020-12-23,15:17:50.031000,14144,14145,14145,1
2020-12-23,15:17:53.258000,14144,14145,14144,5
2020-12-23,15:17:56.729000,14144,14145,14145,1
2020-12-23,15:17:58.829000,14145,14146,14145,1
2020-12-23,15:18:00.150000,14145,14146,14146,2
2020-12-23,15:18:00.151000,14145,14146,14146,11
2020-12-23,15:18:00.718000,14146,14147,14147,4
2020-12-23,15:18:00.719000,14146,14147,14147,10
2020-12-23,15:18:00.719000,14146,14147,14147,9
2020-12-23,15:18:00.785000,14146,14147,14148,21
2020-12-23,15:18:00.852000,14147,14148,14148,6
2020-12-23,15:18:00.896000,14147,14148,14149,2
2020-12-23,15:18:01.995000,14148,14149,14148,1
2020-12-23,15:18:02.192000,14148,14149,14148,1
2020-12-23,15:18:02.578000,14148,14149,14149,1
2020-12-23,15:18:05.963000,14148,14149,14148,1
2020-12-23,15:18:06.361000,14147,14148,14148,2
2020-12-23,15:18:06.375000,14147,14148,14148,1
2020-12-23,15:18:06.803000,14147,14148,14147,1
2020-12-23,15:18:08.504000,14146,14148,14146,1
2020-12-23,15:18:08.938000,14147,14148,14148,1
2020-12-23,15:18:09.098000,14147,14148,14148,1
2020-12-23,15:18:12.207000,14147,14148,14147,1
2020-12-23,15:18:12.429000,14147,14148,14147,1
2020-12-23,15:18:13.415000,14147,14148,14147,1
2020-12-23,15:18:17.996000,14147,14148,14148,3
2020-12-23,15:18:20.446000,14148,14149,14148,1
2020-12-23,15:18:21.596000,14148,14149,14148,1
2020-12-23,15:18:21.638000,14148,14149,14148,2
2020-12-23,15:18:25.088000,14148,14149,14149,1
2020-12-23,15:18:25.968000,14148,14149,14148,1
2020-12-23,15:18:28.532000,14148,14149,14148,4
2020-12-23,15:18:30.825000,14147,14148,14148,2
2020-12-23,15:18:31.634000,14147,14148,14148,2
2020-12-23,15:18:32.558000,14147,14148,14148,1
2020-12-23,15:18:33.957000,14147,14148,14148,2
2020-12-23,15:18:35.805000,14147,14148,14148,1
2020-12-23,15:18:42.396000,14147,14148,14148,2
2020-12-23,15:18:48.193000,14147,14148,14147,14
2020-12-23,15:18:49.079000,14146,14147,14146,2
2020-12-23,15:18:53.675000,14145,14147,14146,1
2020-12-23,15:18:54.873000,14146,14147,14146,1
2020-12-23,15:18:56.997000,14146,14147,14146,2
2020-12-23,15:19:00.141000,14145,14147,14146,1
2020-12-23,15:19:04.800000,14145,14147,14147,1
2020-12-23,15:19:08.216000,14145,14147,14146,1
2020-12-23,15:19:10.567000,14145,14146,14146,1
2020-12-23,15:19:13.727000,14145,14146,14145,2
2020-12-23,15:19:14.860000,14145,14146,14145,11
2020-12-23,15:19:15.671000,14144,14145,14144,1
2020-12-23,15:19:15.994000,14144,14145,14144,1
2020-12-23,15:19:16.387000,14144,14145,14144,1
2020-12-23,15:19:20.457000,14143,14145,14143,1
2020-12-23,15:19:20.911000,14143,14144,14144,1
2020-12-23,15:19:23.837000,14143,14145,14143,1
2020-12-23,15:19:23.859000,14143,14145,14143,2
2020-12-23,15:19:25.675000,14143,14145,14144,1
2020-12-23,15:19:35.338000,14144,14145,14145,1
2020-12-23,15:19:39.390000,14145,14146,14145,5
2020-12-23,15:19:52.423000,14145,14146,14146,1
2020-12-23,15:20:03.587000,14145,14146,14146,1
2020-12-23,15:20:04.601000,14145,14146,14146,1
2020-12-23,15:20:05.203000,14145,14146,14145,2
2020-12-23,15:20:09.898000,14145,14146,14145,2
2020-12-23,15:20:12.464000,14145,14146,14146,1
2020-12-23,15:20:12.464000,14145,14146,14146,1
2020-12-23,15:20:12.464000,14145,14146,14146,4
2020-12-23,15:20:13.132000,14146,14147,14147,1
2020-12-23,15:20:13.132000,14146,14147,14147,2
2020-12-23,15:20:19.401000,14147,14148,14147,1
2020-12-23,15:20:20.209000,14146,14147,14147,1
2020-12-23,15:20:27.127000,14146,14147,14147,1
2020-12-23,15:20:27.128000,14146,14147,14147,1
2020-12-23,15:20:27.128000,14146,14147,14147,3
2020-12-23,15:20:27.548000,14146,14148,14146,5
2020-12-23,15:20:28.465000,14147,14148,14147,1
2020-12-23,15:20:32.322000,14147,14148,14147,2
2020-12-23,15:20:33.770000,14147,14148,14148,1
2020-12-23,15:20:36.007000,14147,14148,14147,2
2020-12-23,15:20:38.372000,14147,14148,14148,1
2020-12-23,15:20:39.644000,14147,14148,14148,1
2020-12-23,15:20:41.405000,14147,14148,14148,1
2020-12-23,15:20:45.493000,14147,14148,14148,1
2020-12-23,15:20:45.503000,14147,14148,14148,1
2020-12-23,15:20:47.213000,14147,14148,14148,1
2020-12-23,15:20:52.227000,14147,14148,14148,1
2020-12-23,15:20:52.395000,14147,14148,14148,3
2020-12-23,15:20:55.187000,14147,14148,14148,1
2020-12-23,15:21:02.204000,14147,14148,14147,3
2020-12-23,15:21:02.205000,14147,14148,14147,4
2020-12-23,15:21:02.205000,14147,14148,14147,30
2020-12-23,15:21:03.363000,14146,14147,14146,1
2020-12-23,15:21:03.364000,14146,14147,14146,4
2020-12-23,15:21:12.145000,14146,14147,14146,1
2020-12-23,15:21:22.056000,14146,14147,14146,2
2020-12-23,15:21:26.461000,14145,14146,14146,1
2020-12-23,15:21:34.087000,14145,14146,14145,26
2020-12-23,15:21:34.213000,14144,14145,14144,2
2020-12-23,15:21:35.212000,14144,14145,14144,1
2020-12-23,15:21:39.669000,14143,14145,14145,1
2020-12-23,15:21:47.128000,14144,14145,14144,2
2020-12-23,15:22:02.617000,14144,14145,14144,1
2020-12-23,15:22:08.325000,14144,14145,14144,1
2020-12-23,15:22:08.337000,14144,14145,14144,1
2020-12-23,15:22:08.338000,14144,14145,14144,4
2020-12-23,15:22:24.022000,14143,14144,14143,2
2020-12-23,15:22:24.102000,14143,14144,14143,1
2020-12-23,15:22:24.237000,14143,14144,14143,3
2020-12-23,15:22:28.993000,14143,14144,14144,1
2020-12-23,15:22:29.626000,14143,14144,14143,2
2020-12-23,15:22:31.899000,14143,14144,14144,1
2020-12-23,15:22:33.024000,14143,14144,14143,1
2020-12-23,15:22:34.841000,14143,14144,14143,1
2020-12-23,15:22:34.841000,14143,14144,14142,2
2020-12-23,15:22:35.868000,14142,14144,14142,2
2020-12-23,15:22:36.556000,14142,14144,14142,3
2020-12-23,15:22:39.343000,14143,14144,14143,1
2020-12-23,15:22:40.027000,14143,14144,14143,1
2020-12-23,15:22:57.668000,14142,14143,14142,1
2020-12-23,15:23:00.258000,14142,14143,14142,3
2020-12-23,15:23:01.688000,14141,14143,14143,1
2020-12-23,15:23:02.543000,14141,14142,14142,1
2020-12-23,15:23:06.565000,14141,14142,14141,6
2020-12-23,15:23:10.010000,14141,14142,14142,1
2020-12-23,15:23:12.285000,14141,14142,14141,2
2020-12-23,15:23:12.750000,14141,14142,14141,1
2020-12-23,15:23:16.298000,14141,14142,14142,1
2020-12-23,15:23:19.987000,14141,14142,14141,1
2020-12-23,15:23:20.443000,14140,14141,14140,2
2020-12-23,15:23:20.699000,14140,14141,14141,1
2020-12-23,15:23:20.804000,14140,14142,14140,1
2020-12-23,15:23:20.825000,14140,14142,14141,4
2020-12-23,15:23:28.127000,14140,14141,14140,1
2020-12-23,15:23:39.509000,14140,14141,14140,1
2020-12-23,15:23:40.722000,14140,14141,14140,2
2020-12-23,15:23:40.782000,14140,14141,14140,1
2020-12-23,15:23:40.837000,14140,14141,14140,1
2020-12-23,15:23:42.200000,14140,14141,14140,2
2020-12-23,15:23:43.298000,14140,14141,14140,1
2020-12-23,15:23:43.339000,14139,14140,14139,1
2020-12-23,15:23:43.879000,14139,14140,14140,1
2020-12-23,15:23:45.337000,14139,14140,14140,3
2020-12-23,15:23:49.761000,14140,14141,14140,1
2020-12-23,15:23:51.780000,14140,14141,14140,4
2020-12-23,15:23:51.781000,14140,14141,14140,2
2020-12-23,15:23:52.571000,14140,14141,14141,1
2020-12-23,15:23:52.571000,14140,14141,14141,1
2020-12-23,15:23:52.571000,14140,14141,14141,11
2020-12-23,15:23:53.930000,14141,14142,14141,1
2020-12-23,15:23:58.212000,14140,14141,14141,1
2020-12-23,15:24:00.977000,14141,14142,14141,1
2020-12-23,15:24:02.033000,14141,14142,14141,1
2020-12-23,15:24:02.211000,14140,14141,14141,1
2020-12-23,15:24:03.898000,14140,14141,14141,5
2020-12-23,15:24:07.572000,14140,14141,14140,17
2020-12-23,15:24:07.574000,14140,14141,14140,14
2020-12-23,15:24:07.622000,14139,14141,14141,1
2020-12-23,15:24:07.633000,14139,14141,14141,1
2020-12-23,15:24:09.708000,14140,14141,14140,1
2020-12-23,15:24:12.054000,14139,14141,14139,2
2020-12-23,15:24:13.266000,14140,14141,14140,1
2020-12-23,15:24:13.630000,14139,14141,14141,1
2020-12-23,15:24:19.338000,14140,14141,14140,3
2020-12-23,15:24:19.339000,14140,14141,14140,2
2020-12-23,15:24:29.077000,14139,14140,14139,1
2020-12-23,15:24:30.958000,14139,14140,14139,1
2020-12-23,15:24:34.108000,14139,14140,14139,1
2020-12-23,15:24:40.459000,14139,14140,14140,1
2020-12-23,15:24:40.462000,14139,14140,14140,7
2020-12-23,15:24:40.588000,14140,14141,14141,4
2020-12-23,15:24:40.980000,14140,14141,14140,1
2020-12-23,15:24:42.589000,14140,14141,14140,1
2020-12-23,15:24:44.845000,14140,14141,14140,1
2020-12-23,15:24:45.997000,14140,14142,14140,1
2020-12-23,15:24:46.462000,14140,14141,14141,1
2020-12-23,15:24:46.920000,14141,14142,14142,1
2020-12-23,15:24:47.018000,14141,14142,14142,1
2020-12-23,15:24:47.075000,14141,14142,14142,4
2020-12-23,15:24:47.393000,14141,14142,14142,4
2020-12-23,15:24:56.730000,14141,14142,14142,1
2020-12-23,15:24:58.150000,14141,14142,14142,2
2020-12-23,15:24:59.490000,14140,14142,14142,1
2020-12-23,15:25:00.115000,14140,14141,14141,1
2020-12-23,15:25:00.350000,14140,14142,14142,1
2020-12-23,15:25:00.852000,14140,14142,14142,5
2020-12-23,15:25:01.878000,14140,14142,14142,4
2020-12-23,15:25:02.406000,14141,14142,14142,1
2020-12-23,15:25:02.414000,14141,14142,14142,1
2020-12-23,15:25:09.323000,14141,14142,14142,1
2020-12-23,15:25:14.085000,14141,14142,14141,3
2020-12-23,15:25:16.020000,14140,14141,14140,1
2020-12-23,15:25:20.353000,14140,14141,14141,1
2020-12-23,15:25:20.380000,14140,14141,14141,1
2020-12-23,15:25:21.921000,14140,14141,14140,1
2020-12-23,15:25:23.676000,14140,14141,14141,2
2020-12-23,15:25:25.642000,14140,14141,14141,1
2020-12-23,15:25:25.882000,14140,14141,14141,1
2020-12-23,15:25:26.629000,14140,14142,14142,4
2020-12-23,15:25:57.129000,14141,14142,14142,2
2020-12-23,15:25:57.665000,14142,14143,14142,1
2020-12-23,15:26:01.333000,14142,14143,14142,1
2020-12-23,15:26:01.424000,14142,14143,14142,3
2020-12-23,15:26:02.109000,14142,14143,14143,1
2020-12-23,15:26:02.180000,14142,14143,14143,1
2020-12-23,15:26:02.219000,14142,14143,14143,1
2020-12-23,15:26:12.262000,14142,14143,14143,1
2020-12-23,15:26:12.611000,14142,14143,14143,4
2020-12-23,15:26:14.378000,14142,14143,14143,2
2020-12-23,15:26:17.248000,14142,14143,14143,2
2020-12-23,15:26:25.949000,14142,14143,14143,1
2020-12-23,15:26:43.002000,14142,14143,14143,4
2020-12-23,15:26:47.662000,14143,14144,14144,1
2020-12-23,15:26:48.489000,14143,14144,14144,1
2020-12-23,15:27:03.453000,14143,14144,14144,2
2020-12-23,15:27:10.423000,14143,14144,14144,3
2020-12-23,15:27:13.213000,14143,14144,14144,1
2020-12-23,15:27:14.849000,14143,14144,14144,6
2020-12-23,15:27:17.600000,14144,14145,14145,2
2020-12-23,15:27:20.304000,14144,14145,14145,1
2020-12-23,15:27:25.250000,14144,14145,14145,1
2020-12-23,15:27:42.859000,14144,14145,14144,2
2020-12-23,15:27:48.368000,14144,14145,14145,1
2020-12-23,15:27:48.464000,14144,14145,14144,2
2020-12-23,15:27:48.464000,14144,14145,14144,2
2020-12-23,15:27:48.466000,14144,14145,14144,1
2020-12-23,15:27:48.467000,14144,14145,14144,1
2020-12-23,15:27:48.467000,14144,14145,14144,1
2020-12-23,15:27:48.467000,14144,14145,14144,1
2020-12-23,15:27:48.467000,14144,14145,14144,1
2020-12-23,15:27:48.467000,14144,14145,14144,4
2020-12-23,15:27:48.467000,14144,14145,14144,12
2020-12-23,15:27:52.857000,14144,14145,14145,1
2020-12-23,15:27:57.273000,14144,14145,14145,1
2020-12-23,15:27:57.273000,14144,14145,14145,4
2020-12-23,15:27:58.241000,14145,14146,14146,1
2020-12-23,15:27:58.339000,14145,14146,14145,1
2020-12-23,15:28:08.261000,14143,14145,14145,1
2020-12-23,15:28:11.057000,14145,14146,14145,1
2020-12-23,15:28:17.442000,14144,14145,14145,1
2020-12-23,15:28:19.448000,14145,14146,14146,9
2020-12-23,15:28:19.463000,14146,14147,14147,7
2020-12-23,15:28:22.510000,14146,14147,14147,2
2020-12-23,15:28:22.510000,14146,14147,14148,1
2020-12-23,15:28:28.367000,14146,14147,14147,1
2020-12-23,15:28:28.892000,14146,14147,14147,1
2020-12-23,15:28:28.949000,14146,14147,14146,1
2020-12-23,15:28:38.672000,14145,14146,14146,1
2020-12-23,15:28:50.763000,14145,14147,14145,1
2020-12-23,15:28:51.786000,14145,14146,14146,2
2020-12-23,15:28:53.009000,14146,14147,14146,1
2020-12-23,15:28:54.963000,14145,14146,14146,1
2020-12-23,15:28:57.415000,14145,14146,14146,1
2020-12-23,15:29:04.653000,14146,14147,14147,1
2020-12-23,15:29:05.706000,14146,14147,14146,1
2020-12-23,15:29:15.125000,14146,14147,14146,2
2020-12-23,15:29:21.111000,14146,14147,14146,2
2020-12-23,15:29:23.902000,14145,14146,14145,1
2020-12-23,15:29:25.220000,14145,14146,14146,1
2020-12-23,15:29:25.921000,14145,14146,14145,7
2020-12-23,15:29:27.063000,14144,14145,14144,4
2020-12-23,15:29:27.063000,14144,14145,14144,1
2020-12-23,15:29:30.077000,14143,14144,14143,1
2020-12-23,15:29:31.986000,14142,14143,14142,1
2020-12-23,15:29:37.877000,14142,14143,14142,1
2020-12-23,15:29:40.070000,14141,14142,14142,1
2020-12-23,15:29:46.831000,14141,14142,14141,2
2020-12-23,15:29:49.017000,14141,14142,14141,1
2020-12-23,15:29:49.688000,14141,14142,14141,1
2020-12-23,15:29:56.038000,14141,14142,14142,1
2020-12-23,15:29:58.210000,14141,14142,14141,1
2020-12-23,15:30:01.503000,14141,14142,14142,1
2020-12-23,15:30:01.504000,14141,14142,14142,2
2020-12-23,15:30:01.504000,14141,14142,14142,1
2020-12-23,15:30:01.504000,14141,14142,14142,1
2020-12-23,15:30:02.226000,14142,14143,14143,1
2020-12-23,15:30:02.226000,14142,14143,14144,1
2020-12-23,15:30:02.290000,14142,14143,14144,2
2020-12-23,15:30:03.277000,14142,14144,14144,2
2020-12-23,15:30:12.173000,14141,14142,14142,1
2020-12-23,15:30:12.174000,14141,14142,14143,6
2020-12-23,15:30:12.315000,14142,14144,14143,1
2020-12-23,15:30:16.192000,14143,14144,14143,2
2020-12-23,15:30:34.410000,14142,14143,14142,1
2020-12-23,15:30:43.513000,14142,14143,14142,3
2020-12-23,15:30:58.053000,14142,14143,14142,1
2020-12-23,15:31:02.335000,14141,14142,14142,2
2020-12-23,15:31:02.335000,14141,14142,14142,1
2020-12-23,15:31:02.335000,14141,14142,14142,1
2020-12-23,15:31:02.335000,14141,14142,14142,1
2020-12-23,15:31:02.335000,14141,14142,14142,1
2020-12-23,15:31:08.039000,14142,14143,14142,1
2020-12-23,15:31:08.089000,14142,14143,14143,1
2020-12-23,15:31:09.043000,14142,14143,14142,4
2020-12-23,15:31:20.088000,14141,14142,14141,6
2020-12-23,15:31:26.225000,14140,14141,14141,1
2020-12-23,15:31:26.339000,14140,14141,14141,1
2020-12-23,15:31:32.857000,14140,14141,14141,1
2020-12-23,15:31:39.728000,14140,14141,14140,1
2020-12-23,15:31:39.860000,14140,14141,14140,1
2020-12-23,15:31:44.466000,14140,14141,14140,1
2020-12-23,15:31:44.590000,14140,14141,14141,1
2020-12-23,15:31:52.239000,14140,14141,14141,1
2020-12-23,15:31:53.240000,14140,14141,14140,4
2020-12-23,15:31:53.241000,14140,14141,14140,9
2020-12-23,15:31:53.241000,14140,14141,14140,1
2020-12-23,15:31:59.562000,14139,14140,14140,1
2020-12-23,15:32:01.872000,14139,14140,14139,2
2020-12-23,15:32:03.599000,14139,14140,14139,1
2020-12-23,15:32:04.776000,14139,14140,14140,1
2020-12-23,15:32:10.652000,14139,14140,14140,1
2020-12-23,15:32:18.368000,14139,14140,14140,1
2020-12-23,15:32:21.275000,14139,14140,14140,1
2020-12-23,15:32:22.480000,14139,14140,14140,4
2020-12-23,15:32:25.636000,14140,14141,14140,1
2020-12-23,15:32:30.756000,14140,14141,14140,1
2020-12-23,15:32:32.866000,14140,14141,14140,1
2020-12-23,15:32:46.664000,14140,14141,14140,1
2020-12-23,15:32:50.399000,14139,14140,14140,1
2020-12-23,15:32:51.020000,14139,14140,14140,5
2020-12-23,15:32:53.995000,14139,14140,14140,1
2020-12-23,15:32:54.489000,14139,14140,14140,1
2020-12-23,15:32:55.626000,14139,14140,14140,1
2020-12-23,15:33:02.198000,14139,14140,14139,1
2020-12-23,15:33:05.619000,14139,14140,14139,2
2020-12-23,15:33:05.620000,14139,14140,14139,2
2020-12-23,15:33:05.620000,14139,14140,14139,1
2020-12-23,15:33:05.620000,14139,14140,14139,4
2020-12-23,15:33:05.620000,14139,14140,14139,19
2020-12-23,15:33:05.620000,14139,14140,14139,8
2020-12-23,15:33:05.620000,14139,14140,14139,4
2020-12-23,15:33:05.620000,14139,14140,14139,2
2020-12-23,15:33:05.620000,14139,14140,14139,1
2020-12-23,15:33:05.621000,14139,14140,14139,1
2020-12-23,15:33:05.621000,14139,14140,14139,1
2020-12-23,15:33:05.621000,14139,14140,14139,1
2020-12-23,15:33:08.911000,14139,14140,14139,1
2020-12-23,15:33:10.801000,14138,14139,14138,1
2020-12-23,15:33:10.893000,14138,14139,14138,1
2020-12-23,15:33:10.992000,14138,14139,14138,1
2020-12-23,15:33:12.933000,14138,14139,14138,1
2020-12-23,15:33:13.026000,14138,14139,14138,4
2020-12-23,15:33:13.464000,14138,14139,14138,1
2020-12-23,15:33:13.465000,14138,14139,14138,5
2020-12-23,15:33:19.382000,14138,14139,14138,1
2020-12-23,15:33:20.845000,14137,14138,14138,1
2020-12-23,15:33:22.978000,14138,14139,14138,1
2020-12-23,15:33:23.069000,14138,14139,14138,1
2020-12-23,15:33:27.181000,14137,14138,14138,1
2020-12-23,15:33:27.948000,14137,14138,14138,1
2020-12-23,15:33:34.230000,14138,14139,14138,1
2020-12-23,15:33:43.986000,14138,14139,14138,2
2020-12-23,15:33:44.648000,14138,14139,14138,1
2020-12-23,15:33:49.475000,14138,14139,14139,4
2020-12-23,15:33:49.475000,14138,14139,14139,1
2020-12-23,15:33:49.475000,14138,14139,14139,3
2020-12-23,15:33:54.191000,14139,14140,14139,1
2020-12-23,15:33:58.973000,14139,14140,14139,1
2020-12-23,15:34:02.804000,14139,14140,14139,1
2020-12-23,15:34:06.477000,14139,14140,14139,5
2020-12-23,15:34:11.489000,14139,14140,14139,2
2020-12-23,15:34:11.962000,14138,14139,14139,3
2020-12-23,15:34:32.030000,14139,14140,14140,1
2020-12-23,15:34:32.030000,14139,14140,14140,1
2020-12-23,15:34:32.030000,14139,14140,14140,4
2020-12-23,15:34:42.111000,14139,14140,14139,1
2020-12-23,15:34:44.184000,14139,14140,14140,1
2020-12-23,15:34:44.853000,14139,14140,14140,3
2020-12-23,15:34:46.612000,14139,14140,14139,1
2020-12-23,15:34:55.375000,14139,14140,14140,2
2020-12-23,15:35:01.583000,14139,14140,14139,1
2020-12-23,15:35:09.721000,14139,14140,14140,1
2020-12-23,15:35:09.837000,14139,14140,14140,4
2020-12-23,15:35:19.635000,14140,14141,14141,4
2020-12-23,15:35:32.287000,14141,14142,14141,1
2020-12-23,15:35:39.020000,14141,14142,14142,2
2020-12-23,15:35:39.710000,14141,14142,14142,1
2020-12-23,15:35:41.104000,14140,14142,14142,1
2020-12-23,15:35:46.696000,14140,14141,14140,1
2020-12-23,15:35:54.439000,14140,14141,14141,1
2020-12-23,15:35:56.303000,14140,14141,14140,1
2020-12-23,15:36:00.253000,14140,14141,14140,1
2020-12-23,15:36:02.197000,14140,14141,14140,1
2020-12-23,15:36:16.301000,14140,14141,14140,1
2020-12-23,15:36:26.345000,14140,14141,14141,1
2020-12-23,15:36:26.379000,14140,14141,14140,1
2020-12-23,15:36:26.719000,14140,14141,14140,2
2020-12-23,15:36:31.324000,14140,14141,14141,1
2020-12-23,15:36:32.726000,14140,14141,14141,1
2020-12-23,15:36:43.818000,14141,14142,14141,1
2020-12-23,15:36:45.759000,14140,14142,14142,1
2020-12-23,15:36:48.806000,14140,14142,14142,1
2020-12-23,15:36:54.636000,14140,14142,14142,8
2020-12-23,15:37:03.972000,14141,14142,14142,1
2020-12-23,15:37:44.713000,14141,14142,14141,5
2020-12-23,15:38:06.008000,14140,14141,14140,1
2020-12-23,15:38:57.884000,14140,14141,14140,1
2020-12-23,15:39:00.978000,14140,14141,14140,1
2020-12-23,15:39:17.181000,14140,14141,14140,4
2020-12-23,15:39:17.181000,14140,14141,14140,1
2020-12-23,15:39:17.181000,14140,14141,14140,1
2020-12-23,15:39:17.181000,14140,14141,14140,8
2020-12-23,15:39:40.619000,14139,14140,14139,8
2020-12-23,15:39:40.619000,14139,14140,14139,2
2020-12-23,15:39:40.620000,14139,14140,14139,4
2020-12-23,15:39:58.310000,14138,14139,14139,2
2020-12-23,15:40:10.227000,14138,14139,14139,2
2020-12-23,15:40:11.516000,14138,14139,14139,2
2020-12-23,15:40:41.237000,14139,14140,14139,1
2020-12-23,15:40:41.290000,14139,14140,14139,9
2020-12-23,15:40:45.187000,14138,14139,14138,2
2020-12-23,15:40:48.093000,14138,14139,14138,1
2020-12-23,15:40:48.693000,14138,14139,14138,1
2020-12-23,15:40:48.693000,14138,14139,14138,1
2020-12-23,15:40:48.693000,14138,14139,14138,8
2020-12-23,15:40:52.173000,14137,14138,14138,1
2020-12-23,15:40:52.649000,14137,14138,14137,1
2020-12-23,15:40:52.785000,14137,14138,14137,1
2020-12-23,15:40:55.321000,14137,14138,14137,3
2020-12-23,15:40:57.341000,14137,14138,14137,1
2020-12-23,15:41:00.749000,14137,14138,14137,1
2020-12-23,15:41:02.564000,14137,14138,14137,1
2020-12-23,15:41:03.054000,14137,14138,14137,1
2020-12-23,15:41:03.413000,14137,14138,14137,2
2020-12-23,15:41:04.915000,14137,14138,14138,1
2020-12-23,15:41:06.652000,14137,14138,14137,2
2020-12-23,15:41:11.622000,14137,14138,14138,1
2020-12-23,15:41:11.818000,14137,14138,14137,1
2020-12-23,15:41:19.084000,14137,14138,14137,2
2020-12-23,15:41:20.054000,14137,14138,14137,1
2020-12-23,15:41:21.289000,14137,14138,14138,1
2020-12-23,15:41:22.980000,14137,14138,14137,2
2020-12-23,15:41:24.565000,14137,14138,14138,1
2020-12-23,15:41:30.533000,14137,14138,14137,1
2020-12-23,15:41:36.335000,14137,14138,14137,1
2020-12-23,15:41:38.994000,14137,14138,14137,29
2020-12-23,15:41:44.293000,14136,14137,14137,1
2020-12-23,15:41:44.954000,14136,14137,14137,3
2020-12-23,15:41:46.666000,14137,14138,14138,6
2020-12-23,15:41:49.639000,14138,14139,14138,1
2020-12-23,15:41:50.247000,14137,14139,14137,2
2020-12-23,15:42:00.716000,14137,14138,14137,1
2020-12-23,15:42:00.882000,14137,14138,14137,2
2020-12-23,15:42:15.416000,14137,14138,14138,1
2020-12-23,15:42:18.777000,14137,14138,14138,1
2020-12-23,15:42:18.801000,14137,14138,14138,1
2020-12-23,15:42:18.840000,14138,14139,14138,1
2020-12-23,15:42:19.071000,14138,14139,14138,1
2020-12-23,15:42:24.943000,14138,14139,14138,1
2020-12-23,15:42:29.140000,14138,14139,14138,1
2020-12-23,15:42:30.034000,14138,14139,14138,1
2020-12-23,15:42:32.304000,14137,14138,14138,1
2020-12-23,15:42:39.047000,14137,14138,14138,1
2020-12-23,15:42:44.085000,14138,14139,14138,2
2020-12-23,15:43:13.122000,14137,14138,14137,1
2020-12-23,15:43:13.122000,14137,14138,14137,7
2020-12-23,15:43:13.122000,14137,14138,14137,1
2020-12-23,15:43:17.537000,14136,14137,14137,2
2020-12-23,15:43:20.362000,14136,14137,14136,2
2020-12-23,15:43:20.546000,14136,14137,14136,1
2020-12-23,15:43:25.140000,14136,14137,14136,3
2020-12-23,15:43:26.650000,14136,14137,14136,2
2020-12-23,15:43:26.650000,14136,14137,14136,5
2020-12-23,15:43:26.651000,14136,14137,14136,9
2020-12-23,15:43:26.652000,14136,14137,14136,1
2020-12-23,15:43:26.909000,14135,14136,14136,1
2020-12-23,15:43:36.586000,14135,14136,14136,1
2020-12-23,15:43:44.517000,14135,14136,14136,2
2020-12-23,15:44:06.887000,14135,14136,14135,1
2020-12-23,15:44:07.082000,14135,14136,14135,1
2020-12-23,15:44:08.536000,14135,14136,14135,1
2020-12-23,15:44:14.489000,14135,14136,14135,1
2020-12-23,15:44:15.326000,14135,14136,14135,3
2020-12-23,15:44:16.021000,14135,14136,14135,4
2020-12-23,15:44:16.391000,14135,14136,14135,1
2020-12-23,15:44:16.672000,14135,14136,14135,1
2020-12-23,15:44:18.385000,14135,14136,14135,1
2020-12-23,15:44:18.730000,14135,14136,14135,1
2020-12-23,15:44:19.826000,14135,14136,14135,1
2020-12-23,15:44:22.273000,14135,14136,14135,1
2020-12-23,15:44:22.373000,14135,14136,14135,3
2020-12-23,15:44:22.373000,14135,14136,14134,1
2020-12-23,15:44:23.318000,14135,14136,14135,1
2020-12-23,15:44:24.290000,14135,14136,14135,1
2020-12-23,15:44:26.378000,14135,14136,14136,18
2020-12-23,15:44:26.378000,14135,14136,14136,1
2020-12-23,15:44:26.378000,14135,14136,14136,17
2020-12-23,15:44:27.482000,14136,14137,14137,1
2020-12-23,15:44:28.454000,14137,14138,14137,10
2020-12-23,15:44:45.721000,14136,14137,14137,1
2020-12-23,15:44:50.832000,14136,14138,14138,1
2020-12-23,15:44:51.113000,14136,14138,14138,1
2020-12-23,15:45:00.498000,14137,14138,14138,1
2020-12-23,15:45:02.568000,14137,14138,14138,1
2020-12-23,15:45:03.324000,14137,14138,14137,1
2020-12-23,15:45:03.735000,14137,14138,14138,1
2020-12-23,15:45:17.093000,14137,14138,14137,1
2020-12-23,15:45:22.410000,14137,14138,14137,1
2020-12-23,15:45:22.569000,14137,14138,14137,1
2020-12-23,15:45:24.861000,14137,14138,14138,1
2020-12-23,15:45:28.525000,14137,14138,14137,1
2020-12-23,15:45:35.847000,14136,14137,14136,1
2020-12-23,15:45:40.077000,14136,14137,14136,1
2020-12-23,15:45:47.932000,14136,14137,14136,3
2020-12-23,15:45:49.886000,14136,14137,14136,1
2020-12-23,15:45:51.430000,14136,14137,14136,1
2020-12-23,15:45:54.374000,14136,14137,14136,1
2020-12-23,15:45:57.594000,14136,14137,14136,1
2020-12-23,15:45:58.511000,14136,14137,14136,4
2020-12-23,15:46:04.982000,14135,14136,14136,1
2020-12-23,15:46:09.565000,14135,14136,14136,3
2020-12-23,15:46:13.396000,14136,14137,14137,3
2020-12-23,15:46:14.270000,14137,14138,14137,1
2020-12-23,15:46:18.241000,14137,14138,14138,5
2020-12-23,15:46:18.242000,14137,14138,14138,2
2020-12-23,15:46:18.242000,14137,14138,14138,1
2020-12-23,15:46:27.388000,14138,14139,14139,1
2020-12-23,15:47:06.841000,14139,14140,14139,1
2020-12-23,15:47:15.303000,14139,14140,14139,5
2020-12-23,15:47:16.814000,14139,14140,14139,5
2020-12-23,15:47:24.706000,14139,14140,14139,1
2020-12-23,15:47:31.299000,14138,14139,14139,1
2020-12-23,15:47:31.299000,14138,14139,14140,3
2020-12-23,15:47:31.511000,14139,14140,14140,1
2020-12-23,15:47:32.662000,14139,14140,14140,1
2020-12-23,15:47:33.449000,14139,14140,14140,3
2020-12-23,15:47:34.082000,14139,14141,14139,2
2020-12-23,15:47:40.243000,14140,14141,14140,1
2020-12-23,15:47:41.024000,14139,14140,14140,1
2020-12-23,15:47:48.026000,14140,14141,14141,3
2020-12-23,15:47:48.041000,14140,14141,14141,2
2020-12-23,15:47:48.647000,14140,14141,14140,1
2020-12-23,15:47:48.976000,14139,14141,14141,2
2020-12-23,15:47:52.344000,14140,14141,14141,1
2020-12-23,15:47:52.705000,14140,14141,14141,1
2020-12-23,15:47:52.966000,14140,14141,14141,1
2020-12-23,15:47:52.967000,14140,14141,14141,1
2020-12-23,15:47:53.429000,14141,14142,14142,1
2020-12-23,15:48:09.583000,14141,14142,14141,1
2020-12-23,15:48:28.860000,14141,14142,14141,1
2020-12-23,15:48:32.967000,14141,14142,14141,1
2020-12-23,15:48:35.761000,14141,14142,14141,1
2020-12-23,15:48:39.095000,14141,14142,14142,1
2020-12-23,15:48:44.733000,14141,14142,14142,1
2020-12-23,15:48:45.656000,14141,14142,14142,1
2020-12-23,15:48:46.741000,14141,14142,14142,1
2020-12-23,15:48:48.726000,14141,14142,14142,1
2020-12-23,15:48:58.388000,14141,14142,14142,4
2020-12-23,15:48:58.389000,14141,14142,14142,3
2020-12-23,15:49:01.359000,14142,14143,14142,4
2020-12-23,15:49:01.527000,14142,14143,14143,19
2020-12-23,15:49:02.247000,14143,14144,14144,3
2020-12-23,15:49:02.247000,14143,14144,14144,3
2020-12-23,15:49:03.118000,14143,14144,14144,4
2020-12-23,15:49:04.100000,14143,14144,14143,1
2020-12-23,15:49:05.860000,14143,14144,14144,2
2020-12-23,15:49:05.906000,14143,14144,14144,1
2020-12-23,15:49:06.707000,14142,14144,14144,1
2020-12-23,15:49:07.034000,14142,14144,14144,1
2020-12-23,15:49:09.670000,14143,14144,14144,1
2020-12-23,15:49:12.187000,14143,14144,14144,1
2020-12-23,15:49:15.730000,14143,14144,14143,1
2020-12-23,15:49:17.008000,14142,14144,14144,2
2020-12-23,15:49:21.375000,14144,14145,14144,1
2020-12-23,15:49:22.095000,14143,14145,14145,1
2020-12-23,15:49:23.427000,14143,14144,14144,1
2020-12-23,15:49:33.221000,14143,14144,14144,2
2020-12-23,15:50:06.280000,14144,14145,14145,5
2020-12-23,15:50:06.281000,14144,14145,14145,3
2020-12-23,15:50:06.281000,14144,14145,14145,10
2020-12-23,15:50:07.081000,14145,14146,14146,1
2020-12-23,15:50:11.817000,14145,14146,14146,2
2020-12-23,15:50:12.365000,14145,14146,14146,1
2020-12-23,15:50:13.589000,14145,14146,14146,1
2020-12-23,15:50:14.166000,14145,14146,14146,1
2020-12-23,15:50:17.907000,14145,14146,14146,1
2020-12-23,15:50:18.814000,14145,14146,14146,1
2020-12-23,15:50:18.874000,14145,14146,14146,1
2020-12-23,15:50:18.875000,14145,14146,14146,1
2020-12-23,15:50:18.935000,14145,14146,14146,1
2020-12-23,15:50:18.957000,14145,14146,14145,2
2020-12-23,15:50:18.995000,14145,14146,14146,1
2020-12-23,15:50:18.996000,14145,14146,14146,1
2020-12-23,15:50:19.056000,14145,14146,14146,1
2020-12-23,15:50:21.409000,14145,14146,14146,1
2020-12-23,15:50:23.083000,14146,14147,14146,1
2020-12-23,15:50:23.534000,14145,14146,14146,1
2020-12-23,15:50:25.878000,14145,14146,14146,1
2020-12-23,15:50:26.940000,14145,14146,14145,18
2020-12-23,15:50:26.940000,14145,14146,14145,1
2020-12-23,15:50:26.940000,14145,14146,14145,2
2020-12-23,15:50:26.940000,14145,14146,14145,4
2020-12-23,15:50:26.940000,14145,14146,14145,9
2020-12-23,15:50:26.940000,14145,14146,14145,1
2020-12-23,15:50:26.940000,14145,14146,14145,2
2020-12-23,15:50:26.941000,14145,14146,14145,2
2020-12-23,15:50:27.112000,14144,14145,14145,3
2020-12-23,15:50:29.776000,14144,14145,14144,1
2020-12-23,15:50:37.809000,14144,14145,14144,4
2020-12-23,15:50:37.810000,14144,14145,14144,2
2020-12-23,15:50:37.820000,14144,14145,14143,1
2020-12-23,15:50:38.839000,14142,14144,14144,1
2020-12-23,15:50:45.091000,14142,14143,14143,1
2020-12-23,15:50:46.371000,14142,14143,14143,1
2020-12-23,15:50:47.101000,14142,14143,14143,1
2020-12-23,15:50:50.065000,14142,14143,14143,1
2020-12-23,15:50:56.476000,14142,14143,14142,4
2020-12-23,15:50:57.536000,14141,14142,14142,1
2020-12-23,15:50:57.743000,14141,14143,14141,1
2020-12-23,15:51:01.105000,14141,14142,14142,1
2020-12-23,15:51:04.269000,14142,14143,14142,2
2020-12-23,15:51:04.270000,14142,14143,14142,1
2020-12-23,15:51:20.494000,14142,14143,14142,2
2020-12-23,15:51:28.794000,14142,14143,14142,1
2020-12-23,15:51:32.304000,14142,14143,14142,1
2020-12-23,15:51:32.909000,14142,14143,14142,3
2020-12-23,15:51:38.530000,14142,14143,14142,1
2020-12-23,15:51:42.835000,14142,14143,14142,1
2020-12-23,15:51:47.267000,14142,14143,14142,1
2020-12-23,15:51:49.511000,14142,14143,14142,1
2020-12-23,15:51:50.239000,14142,14143,14143,2
2020-12-23,15:51:53.465000,14142,14143,14142,1
2020-12-23,15:52:00.062000,14142,14143,14142,1
2020-12-23,15:52:03.631000,14142,14143,14142,1
2020-12-23,15:52:10.463000,14142,14143,14142,1
2020-12-23,15:52:12.955000,14142,14143,14142,1
2020-12-23,15:52:14.456000,14142,14143,14142,1
2020-12-23,15:52:15.846000,14142,14143,14143,1
2020-12-23,15:52:15.846000,14142,14143,14143,6
2020-12-23,15:52:21.783000,14143,14144,14144,1
2020-12-23,15:52:22.296000,14143,14145,14144,1
2020-12-23,15:52:25.445000,14144,14145,14145,3
2020-12-23,15:52:28.273000,14145,14146,14145,1
2020-12-23,15:52:29.512000,14145,14146,14145,1
2020-12-23,15:52:32.741000,14145,14146,14145,1
2020-12-23,15:52:40.587000,14145,14146,14146,2
2020-12-23,15:52:41.239000,14145,14147,14145,1
2020-12-23,15:52:45.678000,14146,14147,14147,1
2020-12-23,15:52:45.877000,14146,14147,14147,1
2020-12-23,15:52:51.392000,14146,14147,14147,1
2020-12-23,15:52:51.392000,14146,14147,14147,1
2020-12-23,15:52:51.392000,14146,14147,14147,3
2020-12-23,15:52:51.392000,14146,14147,14147,16
2020-12-23,15:52:52.436000,14147,14148,14147,1
2020-12-23,15:52:53.561000,14147,14148,14148,1
2020-12-23,15:52:54.347000,14147,14148,14148,1
2020-12-23,15:52:54.846000,14147,14148,14148,1
2020-12-23,15:52:59.053000,14147,14148,14148,2
2020-12-23,15:53:04.333000,14147,14148,14148,1
2020-12-23,15:53:04.401000,14147,14148,14148,2
2020-12-23,15:53:04.519000,14147,14148,14148,1
2020-12-23,15:53:07.739000,14147,14148,14148,1
2020-12-23,15:53:09.402000,14147,14148,14147,4
2020-12-23,15:53:09.402000,14147,14148,14147,3
2020-12-23,15:53:09.402000,14147,14148,14147,2
2020-12-23,15:53:11.160000,14145,14147,14147,1
2020-12-23,15:53:21.881000,14146,14147,14146,1
2020-12-23,15:53:23.140000,14146,14147,14146,1
2020-12-23,15:53:23.230000,14146,14147,14146,1
2020-12-23,15:53:24.694000,14145,14146,14145,4
2020-12-23,15:53:29.683000,14145,14146,14145,1
2020-12-23,15:53:36.011000,14145,14146,14145,2
2020-12-23,15:53:36.012000,14145,14146,14145,1
2020-12-23,15:53:36.430000,14143,14145,14145,1
2020-12-23,15:53:39.706000,14143,14145,14145,1
2020-12-23,15:53:47.093000,14143,14145,14145,1
2020-12-23,15:53:48.079000,14143,14145,14145,1
2020-12-23,15:53:52.036000,14144,14145,14145,2
2020-12-23,15:53:52.772000,14145,14146,14145,1
2020-12-23,15:53:53.848000,14145,14146,14146,1
2020-12-23,15:53:59.435000,14146,14147,14146,1
2020-12-23,15:54:02.816000,14146,14147,14146,1
2020-12-23,15:54:07.259000,14146,14147,14147,1
2020-12-23,15:54:07.960000,14146,14147,14147,2
2020-12-23,15:54:13.619000,14146,14147,14147,6
2020-12-23,15:54:17.273000,14147,14148,14147,1
2020-12-23,15:54:17.546000,14147,14148,14147,1
2020-12-23,15:54:29.983000,14147,14148,14148,1
2020-12-23,15:54:30.665000,14147,14148,14147,3
2020-12-23,15:54:36.265000,14147,14148,14147,1
2020-12-23,15:54:40.921000,14147,14148,14147,1
2020-12-23,15:54:46.135000,14146,14147,14147,2
2020-12-23,15:54:47.288000,14146,14147,14147,2
2020-12-23,15:55:01.726000,14146,14147,14147,3
2020-12-23,15:55:08.644000,14147,14148,14147,1
2020-12-23,15:55:15.447000,14146,14147,14147,1
2020-12-23,15:55:29.392000,14146,14147,14146,1
2020-12-23,15:55:33.509000,14146,14147,14147,1
2020-12-23,15:55:34.769000,14146,14147,14146,1
2020-12-23,15:55:34.770000,14146,14147,14146,4
2020-12-23,15:55:34.770000,14146,14147,14146,6
2020-12-23,15:55:38.220000,14145,14146,14145,1
2020-12-23,15:55:38.220000,14145,14146,14145,1
2020-12-23,15:55:38.220000,14145,14146,14145,2
2020-12-23,15:55:38.220000,14145,14146,14145,2
2020-12-23,15:55:38.220000,14145,14146,14145,1
2020-12-23,15:55:38.220000,14145,14146,14145,1
2020-12-23,15:55:38.220000,14145,14146,14145,1
2020-12-23,15:55:38.220000,14145,14146,14145,1
2020-12-23,15:55:38.220000,14145,14146,14145,2
2020-12-23,15:55:48.876000,14144,14145,14144,1
2020-12-23,15:56:02.286000,14143,14144,14143,3
2020-12-23,15:56:20.001000,14143,14144,14143,1
2020-12-23,15:56:29.077000,14143,14144,14144,1
2020-12-23,15:56:31.885000,14143,14144,14144,1
2020-12-23,15:56:31.886000,14143,14144,14144,1
2020-12-23,15:56:45.299000,14144,14145,14144,1
2020-12-23,15:56:52.945000,14144,14145,14144,2
2020-12-23,15:56:54.417000,14143,14144,14143,1
2020-12-23,15:57:24.829000,14143,14144,14143,1
2020-12-23,15:57:28.038000,14143,14144,14143,2
2020-12-23,15:57:28.038000,14143,14144,14142,2
2020-12-23,15:57:40.056000,14142,14143,14142,1
2020-12-23,15:57:46.672000,14142,14144,14142,1
2020-12-23,15:58:14.221000,14142,14143,14142,2
2020-12-23,15:58:15.437000,14142,14143,14142,2
2020-12-23,15:58:54.646000,14142,14143,14142,1
2020-12-23,15:59:22.353000,14142,14143,14143,2
2020-12-23,15:59:22.967000,14142,14143,14142,1
2020-12-23,15:59:29.203000,14142,14143,14142,1
2020-12-23,15:59:38.514000,14142,14143,14143,1
2020-12-23,15:59:41.478000,14142,14143,14143,1
2020-12-23,15:59:53.526000,14143,14144,14143,1
2020-12-23,15:59:55.629000,14143,14144,14144,2
2020-12-23,15:59:56.120000,14143,14144,14144,2
2020-12-23,16:00:00.415000,14143,14144,14143,2
2020-12-23,16:00:01.692000,14142,14143,14142,4
2020-12-23,16:00:02.012000,14141,14142,14142,2
2020-12-23,16:00:02.204000,14141,14142,14142,3
2020-12-23,16:00:07.835000,14141,14142,14141,2
2020-12-23,16:00:08.426000,14141,14142,14141,2
2020-12-23,16:00:11.360000,14141,14142,14141,4
2020-12-23,16:00:11.361000,14141,14142,14141,1
2020-12-23,16:00:11.515000,14140,14141,14140,1
2020-12-23,16:00:13.168000,14139,14140,14140,1
2020-12-23,16:00:21.673000,14140,14141,14140,2
2020-12-23,16:00:27.638000,14139,14140,14139,4
2020-12-23,16:00:27.639000,14139,14140,14139,3
2020-12-23,16:00:27.714000,14138,14139,14139,1
2020-12-23,16:00:27.715000,14138,14139,14139,1
2020-12-23,16:00:28.351000,14138,14140,14140,1
2020-12-23,16:00:28.464000,14138,14140,14140,1
2020-12-23,16:00:28.465000,14138,14140,14138,1
2020-12-23,16:00:28.478000,14138,14140,14138,1
2020-12-23,16:00:28.490000,14138,14140,14138,1
2020-12-23,16:00:28.501000,14138,14140,14138,1
2020-12-23,16:00:28.545000,14138,14140,14138,1
2020-12-23,16:00:28.709000,14138,14139,14138,1
2020-12-23,16:00:31.499000,14138,14140,14140,1
2020-12-23,16:00:31.938000,14139,14140,14139,1
2020-12-23,16:00:32.878000,14139,14140,14140,3
2020-12-23,16:00:37.667000,14139,14141,14140,1
2020-12-23,16:00:38.549000,14139,14140,14140,2
2020-12-23,16:00:43.495000,14139,14140,14140,1
2020-12-23,16:00:44.683000,14140,14141,14140,1
2020-12-23,16:01:14.769000,14139,14140,14140,1
2020-12-23,16:01:14.769000,14139,14140,14140,1
2020-12-23,16:01:14.769000,14139,14140,14140,1
2020-12-23,16:01:14.769000,14139,14140,14140,11
2020-12-23,16:01:30.356000,14141,14142,14141,1
2020-12-23,16:01:30.953000,14141,14142,14142,1
2020-12-23,16:02:00.112000,14141,14142,14142,2
2020-12-23,16:02:02.839000,14142,14143,14143,2
2020-12-23,16:02:02.840000,14142,14143,14143,1
2020-12-23,16:02:04.884000,14143,14144,14144,2
2020-12-23,16:02:05.126000,14144,14145,14144,1
2020-12-23,16:02:10.748000,14143,14144,14144,2
2020-12-23,16:02:10.748000,14143,14144,14145,8
2020-12-23,16:02:13.237000,14143,14144,14144,2
2020-12-23,16:02:13.237000,14143,14144,14145,2
2020-12-23,16:02:25.085000,14144,14145,14145,2
2020-12-23,16:02:25.108000,14144,14145,14145,1
2020-12-23,16:02:28.762000,14144,14145,14144,1
2020-12-23,16:02:30.072000,14144,14145,14145,1
2020-12-23,16:02:30.087000,14144,14145,14145,1
2020-12-23,16:02:30.105000,14144,14145,14145,1
2020-12-23,16:02:30.737000,14144,14145,14144,1
2020-12-23,16:02:32.120000,14144,14145,14145,4
2020-12-23,16:02:32.120000,14144,14145,14145,3
2020-12-23,16:02:32.120000,14144,14145,14145,8
2020-12-23,16:02:32.120000,14144,14145,14145,1
2020-12-23,16:02:33.449000,14145,14146,14146,1
2020-12-23,16:02:33.450000,14145,14146,14146,1
2020-12-23,16:02:33.462000,14145,14146,14147,1
2020-12-23,16:02:33.640000,14146,14147,14147,1
2020-12-23,16:02:33.779000,14146,14147,14147,1
2020-12-23,16:02:33.803000,14146,14147,14147,4
2020-12-23,16:02:33.805000,14146,14147,14148,2
2020-12-23,16:02:33.822000,14146,14147,14148,1
2020-12-23,16:02:34.382000,14146,14147,14147,2
2020-12-23,16:02:34.384000,14146,14147,14147,1
2020-12-23,16:02:34.439000,14146,14147,14147,1
2020-12-23,16:02:35.071000,14146,14148,14148,1
2020-12-23,16:02:35.103000,14146,14148,14148,2
2020-12-23,16:02:39.382000,14146,14147,14147,2
2020-12-23,16:02:42.603000,14146,14147,14147,1
2020-12-23,16:02:44.740000,14146,14147,14146,2
2020-12-23,16:03:00.287000,14145,14146,14145,1
2020-12-23,16:03:00.287000,14145,14146,14145,4
2020-12-23,16:03:00.288000,14145,14146,14145,1
2020-12-23,16:03:01.891000,14145,14146,14145,2
2020-12-23,16:03:01.891000,14145,14146,14144,7
2020-12-23,16:03:01.892000,14145,14146,14144,3
2020-12-23,16:03:23.974000,14143,14144,14144,1
2020-12-23,16:03:31.110000,14143,14144,14143,2
2020-12-23,16:03:40.010000,14142,14143,14142,2
2020-12-23,16:03:40.011000,14142,14143,14142,2
2020-12-23,16:03:54.246000,14141,14142,14142,1
2020-12-23,16:03:56.243000,14141,14142,14142,1
2020-12-23,16:04:07.302000,14141,14142,14141,1
2020-12-23,16:04:07.302000,14141,14142,14141,4
2020-12-23,16:04:07.303000,14141,14142,14141,1
2020-12-23,16:04:07.303000,14141,14142,14141,1
2020-12-23,16:04:07.303000,14141,14142,14141,1
2020-12-23,16:04:07.303000,14141,14142,14141,2
2020-12-23,16:04:08.785000,14141,14142,14141,1
2020-12-23,16:04:18.326000,14141,14142,14142,4
2020-12-23,16:04:18.327000,14141,14142,14142,1
2020-12-23,16:04:18.327000,14141,14142,14142,1
2020-12-23,16:04:18.327000,14141,14142,14142,1
2020-12-23,16:04:22.439000,14142,14143,14143,4
2020-12-23,16:04:22.439000,14142,14143,14143,6
2020-12-23,16:04:24.272000,14142,14144,14142,1
2020-12-23,16:04:27.207000,14143,14144,14143,1
2020-12-23,16:04:35.045000,14143,14144,14143,1
2020-12-23,16:04:49.818000,14143,14144,14143,1
2020-12-23,16:04:49.818000,14143,14144,14142,2
2020-12-23,16:04:56.357000,14141,14143,14143,1
2020-12-23,16:05:01.703000,14142,14143,14143,1
2020-12-23,16:05:09.936000,14143,14144,14143,1
2020-12-23,16:05:18.803000,14143,14144,14144,3
2020-12-23,16:05:23.374000,14144,14145,14145,1
2020-12-23,16:05:23.526000,14144,14145,14145,1
2020-12-23,16:05:23.526000,14144,14145,14145,2
2020-12-23,16:05:23.527000,14144,14145,14145,5
2020-12-23,16:05:31.538000,14145,14146,14145,1
2020-12-23,16:05:33.723000,14145,14146,14145,1
2020-12-23,16:05:39.892000,14145,14146,14146,4
2020-12-23,16:05:40.536000,14145,14146,14145,1
2020-12-23,16:06:02.260000,14145,14146,14145,1
2020-12-23,16:06:06.294000,14145,14146,14145,4
2020-12-23,16:06:14.287000,14144,14145,14145,1
2020-12-23,16:06:33.816000,14145,14146,14146,1
2020-12-23,16:06:51.535000,14145,14146,14145,2
2020-12-23,16:07:06.457000,14145,14146,14145,2
2020-12-23,16:07:30.883000,14144,14145,14144,2
2020-12-23,16:07:47.509000,14144,14145,14144,2
2020-12-23,16:08:20.037000,14143,14144,14144,4
2020-12-23,16:08:20.038000,14143,14144,14144,2
2020-12-23,16:08:30.510000,14144,14145,14145,1
2020-12-23,16:08:30.511000,14144,14145,14145,2
2020-12-23,16:08:30.511000,14144,14145,14145,4
2020-12-23,16:08:30.511000,14144,14145,14145,1
2020-12-23,16:08:30.511000,14144,14145,14145,3
2020-12-23,16:08:30.512000,14144,14145,14145,1
2020-12-23,16:09:00.660000,14144,14145,14145,1
2020-12-23,16:09:02.214000,14144,14145,14145,1
2020-12-23,16:09:40.558000,14145,14146,14146,1
2020-12-23,16:09:40.559000,14145,14146,14146,4
2020-12-23,16:09:40.559000,14145,14146,14146,2
2020-12-23,16:09:45.985000,14146,14147,14146,1
2020-12-23,16:09:55.286000,14146,14147,14147,1
2020-12-23,16:10:09.908000,14146,14147,14147,1
2020-12-23,16:10:09.908000,14146,14147,14147,4
2020-12-23,16:10:09.909000,14146,14147,14147,14
2020-12-23,16:10:10.456000,14146,14147,14147,2
2020-12-23,16:10:13.712000,14147,14148,14147,1
2020-12-23,16:10:14.281000,14147,14148,14147,1
2020-12-23,16:10:15.981000,14147,14148,14147,2
2020-12-23,16:10:19.214000,14147,14148,14148,1
2020-12-23,16:10:20.208000,14147,14148,14147,1
2020-12-23,16:10:24.749000,14147,14148,14148,5
2020-12-23,16:10:26.056000,14147,14148,14147,1
2020-12-23,16:10:26.598000,14147,14148,14148,1
2020-12-23,16:10:32.579000,14147,14148,14147,4
2020-12-23,16:10:33.199000,14146,14147,14147,1
2020-12-23,16:10:34.572000,14146,14147,14147,2
2020-12-23,16:10:39.367000,14146,14147,14147,1
2020-12-23,16:10:45.977000,14146,14147,14146,2
2020-12-23,16:10:55.926000,14145,14146,14145,1
2020-12-23,16:10:57.149000,14145,14146,14145,1
2020-12-23,16:10:57.558000,14145,14146,14145,7
2020-12-23,16:11:00.110000,14144,14145,14145,1
2020-12-23,16:11:02.486000,14144,14145,14145,2
2020-12-23,16:11:07.516000,14145,14146,14146,1
2020-12-23,16:11:17.788000,14145,14146,14145,1
2020-12-23,16:11:19.220000,14145,14146,14145,1
2020-12-23,16:11:20.152000,14144,14146,14145,1
2020-12-23,16:11:22.030000,14145,14146,14145,1
2020-12-23,16:11:23.771000,14144,14145,14145,1
2020-12-23,16:11:24.915000,14145,14146,14145,1
2020-12-23,16:11:27.843000,14145,14146,14145,1
2020-12-23,16:11:31.347000,14145,14146,14146,2
2020-12-23,16:11:31.347000,14145,14146,14146,1
2020-12-23,16:11:34.946000,14145,14146,14146,2
2020-12-23,16:11:56.252000,14145,14146,14145,2
2020-12-23,16:11:58.677000,14144,14145,14145,2
2020-12-23,16:12:13.883000,14145,14146,14146,10
2020-12-23,16:12:16.620000,14146,14147,14147,2
2020-12-23,16:12:16.620000,14146,14147,14147,5
2020-12-23,16:12:17.515000,14147,14148,14148,1
2020-12-23,16:12:22.337000,14147,14148,14147,1
2020-12-23,16:12:28.408000,14145,14147,14147,1
2020-12-23,16:12:44.089000,14146,14147,14146,2
2020-12-23,16:12:57.739000,14145,14147,14146,1
2020-12-23,16:13:18.811000,14145,14146,14146,2
2020-12-23,16:13:30.932000,14146,14147,14146,1
2020-12-23,16:13:35.054000,14145,14146,14145,4
2020-12-23,16:13:35.236000,14144,14145,14145,3
2020-12-23,16:13:56.449000,14144,14145,14145,1
2020-12-23,16:14:00.012000,14144,14145,14145,1
2020-12-23,16:14:02.299000,14144,14145,14144,2
2020-12-23,16:14:07.951000,14144,14145,14144,1
2020-12-23,16:14:18.501000,14144,14145,14145,4
2020-12-23,16:14:18.502000,14144,14145,14145,2
2020-12-23,16:14:25.980000,14145,14146,14146,3
2020-12-23,16:14:39.630000,14145,14146,14146,1
2020-12-23,16:15:03.890000,14145,14146,14146,1
2020-12-23,16:15:04.048000,14145,14146,14146,1
2020-12-23,16:15:26.547000,14145,14146,14146,1
2020-12-23,16:15:37.772000,14145,14146,14146,3
2020-12-23,16:15:46.974000,14145,14146,14145,1
2020-12-23,16:15:54.236000,14145,14146,14146,1
2020-12-23,16:15:54.237000,14145,14146,14146,1
2020-12-23,16:15:57.681000,14146,14147,14146,1
2020-12-23,16:16:01.075000,14146,14147,14147,1
2020-12-23,16:16:01.075000,14146,14147,14147,1
2020-12-23,16:16:01.076000,14146,14147,14147,4
2020-12-23,16:16:01.076000,14146,14147,14147,1
2020-12-23,16:16:01.076000,14146,14147,14147,1
2020-12-23,16:16:01.077000,14146,14147,14147,1
2020-12-23,16:16:01.925000,14147,14148,14148,1
2020-12-23,16:16:01.925000,14147,14148,14148,2
2020-12-23,16:16:01.925000,14147,14148,14148,4
2020-12-23,16:16:01.930000,14147,14148,14148,3
2020-12-23,16:16:01.930000,14147,14148,14148,16
2020-12-23,16:16:02.378000,14148,14149,14148,2
2020-12-23,16:16:03.852000,14148,14149,14149,3
2020-12-23,16:16:03.909000,14148,14149,14149,2
2020-12-23,16:16:03.995000,14148,14149,14149,1
2020-12-23,16:16:04.022000,14148,14149,14149,1
2020-12-23,16:16:04.145000,14148,14149,14149,1
2020-12-23,16:16:04.178000,14148,14149,14149,1
2020-12-23,16:16:04.181000,14148,14149,14149,1
2020-12-23,16:16:04.188000,14148,14149,14149,4
2020-12-23,16:16:04.199000,14148,14149,14149,1
2020-12-23,16:16:04.207000,14148,14149,14149,1
2020-12-23,16:16:04.220000,14148,14149,14149,1
2020-12-23,16:16:04.241000,14148,14149,14149,1
2020-12-23,16:16:04.261000,14148,14149,14149,1
2020-12-23,16:16:04.285000,14148,14149,14149,1
2020-12-23,16:16:04.286000,14148,14149,14149,1
2020-12-23,16:16:04.292000,14148,14149,14149,1
2020-12-23,16:16:04.293000,14148,14149,14149,1
2020-12-23,16:16:04.314000,14148,14149,14149,1
2020-12-23,16:16:04.318000,14148,14149,14149,1
2020-12-23,16:16:04.319000,14148,14149,14149,1
2020-12-23,16:16:04.322000,14148,14149,14149,1
2020-12-23,16:16:04.347000,14148,14149,14149,1
2020-12-23,16:16:04.352000,14148,14149,14149,1
2020-12-23,16:16:04.377000,14148,14149,14149,1
2020-12-23,16:16:04.388000,14148,14149,14150,2
2020-12-23,16:16:04.395000,14148,14149,14150,2
2020-12-23,16:16:04.414000,14148,14149,14150,1
2020-12-23,16:16:04.416000,14148,14149,14150,1
2020-12-23,16:16:04.430000,14148,14149,14150,1
2020-12-23,16:16:04.436000,14148,14149,14150,1
2020-12-23,16:16:04.452000,14148,14149,14150,1
2020-12-23,16:16:04.531000,14148,14150,14150,1
2020-12-23,16:16:04.542000,14148,14150,14150,1
2020-12-23,16:16:04.554000,14148,14150,14150,1
2020-12-23,16:16:04.631000,14148,14150,14149,5
2020-12-23,16:16:04.637000,14148,14150,14150,3
2020-12-23,16:16:04.663000,14148,14150,14150,2
2020-12-23,16:16:04.675000,14148,14150,14150,3
2020-12-23,16:16:04.782000,14149,14150,14150,1
2020-12-23,16:16:04.855000,14148,14149,14149,1
2020-12-23,16:16:04.885000,14148,14149,14150,1
2020-12-23,16:16:04.885000,14148,14149,14150,1
2020-12-23,16:16:04.887000,14148,14149,14150,1
2020-12-23,16:16:04.891000,14148,14149,14150,1
2020-12-23,16:16:04.892000,14148,14149,14150,1
2020-12-23,16:16:04.906000,14148,14149,14150,1
2020-12-23,16:16:04.908000,14148,14149,14150,1
2020-12-23,16:16:04.949000,14148,14149,14150,3
2020-12-23,16:16:04.958000,14148,14149,14150,1
2020-12-23,16:16:04.975000,14149,14150,14150,1
2020-12-23,16:16:05.163000,14149,14150,14150,1
2020-12-23,16:16:05.674000,14149,14150,14150,2
2020-12-23,16:16:05.694000,14149,14150,14150,2
2020-12-23,16:16:05.698000,14149,14150,14150,1
2020-12-23,16:16:05.708000,14149,14150,14150,1
2020-12-23,16:16:05.760000,14149,14150,14150,1
2020-12-23,16:16:05.767000,14149,14150,14150,1
2020-12-23,16:16:05.768000,14149,14150,14150,1
2020-12-23,16:16:05.772000,14149,14150,14150,1
2020-12-23,16:16:05.778000,14149,14150,14150,2
2020-12-23,16:16:05.813000,14149,14150,14150,1
2020-12-23,16:16:05.842000,14149,14150,14150,2
2020-12-23,16:16:05.900000,14149,14150,14150,1
2020-12-23,16:16:05.909000,14149,14150,14150,3
2020-12-23,16:16:05.923000,14149,14150,14150,1
2020-12-23,16:16:05.934000,14149,14150,14150,2
2020-12-23,16:16:05.969000,14149,14150,14150,3
2020-12-23,16:16:05.988000,14149,14150,14150,1
2020-12-23,16:16:06.029000,14149,14150,14150,2
2020-12-23,16:16:06.064000,14149,14150,14150,1
2020-12-23,16:16:06.072000,14149,14150,14150,2
2020-12-23,16:16:06.102000,14149,14150,14150,2
2020-12-23,16:16:06.103000,14149,14150,14150,4
2020-12-23,16:16:06.133000,14149,14150,14151,2
2020-12-23,16:16:06.262000,14149,14151,14151,2
2020-12-23,16:16:06.305000,14149,14151,14151,1
2020-12-23,16:16:06.313000,14149,14151,14151,1
2020-12-23,16:16:06.323000,14149,14151,14151,1
2020-12-23,16:16:06.328000,14149,14151,14151,1
2020-12-23,16:16:06.424000,14149,14151,14151,1
2020-12-23,16:16:06.888000,14149,14151,14151,1
2020-12-23,16:16:07,14149,14151,14151,1
2020-12-23,16:16:07.085000,14149,14151,14149,1
2020-12-23,16:16:08.033000,14150,14151,14150,1
2020-12-23,16:16:11.331000,14149,14150,14149,1
2020-12-23,16:16:15.110000,14148,14150,14148,2
2020-12-23,16:16:15.508000,14147,14148,14148,2
2020-12-23,16:16:16.879000,14148,14149,14149,1
2020-12-23,16:16:17.255000,14148,14149,14149,2
2020-12-23,16:16:22.685000,14148,14149,14149,2
2020-12-23,16:16:23.641000,14148,14149,14149,2
2020-12-23,16:16:25.571000,14148,14149,14149,1
2020-12-23,16:16:38.139000,14148,14149,14149,2
2020-12-23,16:16:40.654000,14149,14150,14149,1
2020-12-23,16:16:43.947000,14149,14150,14150,1
2020-12-23,16:16:45.791000,14149,14150,14149,10
2020-12-23,16:16:55.281000,14149,14150,14150,1
2020-12-23,16:16:57.977000,14149,14150,14150,8
2020-12-23,16:16:59.872000,14149,14150,14150,1
2020-12-23,16:17:01.437000,14149,14150,14150,8
2020-12-23,16:17:03.750000,14149,14150,14150,1
2020-12-23,16:17:03.768000,14149,14150,14150,1
2020-12-23,16:17:09.181000,14149,14150,14150,5
2020-12-23,16:17:09.181000,14149,14150,14150,4
2020-12-23,16:17:09.186000,14149,14150,14150,1
2020-12-23,16:17:10.105000,14149,14150,14150,1
2020-12-23,16:17:11.574000,14149,14150,14150,1
2020-12-23,16:17:14.771000,14149,14150,14149,6
2020-12-23,16:17:18.080000,14148,14149,14149,1
2020-12-23,16:17:19.657000,14148,14149,14149,2
2020-12-23,16:17:24.331000,14148,14149,14148,7
2020-12-23,16:17:24.332000,14148,14149,14148,2
2020-12-23,16:17:26.401000,14147,14148,14148,1
2020-12-23,16:17:31.446000,14147,14148,14148,1
2020-12-23,16:17:33.422000,14147,14148,14148,2
2020-12-23,16:17:35.628000,14147,14148,14148,1
2020-12-23,16:17:37.590000,14148,14149,14148,1
2020-12-23,16:17:38.563000,14148,14149,14148,2
2020-12-23,16:17:38.563000,14148,14149,14147,2
2020-12-23,16:17:48.783000,14148,14149,14149,1
2020-12-23,16:17:51.227000,14148,14149,14149,1
2020-12-23,16:17:51.502000,14148,14149,14149,1
2020-12-23,16:17:51.853000,14148,14149,14148,1
2020-12-23,16:17:55.634000,14148,14149,14149,1
2020-12-23,16:17:58.920000,14148,14149,14148,1
2020-12-23,16:17:58.920000,14148,14149,14148,1
2020-12-23,16:17:58.922000,14148,14149,14148,1
2020-12-23,16:18:02.858000,14147,14148,14148,1
2020-12-23,16:18:04.712000,14147,14148,14147,3
2020-12-23,16:18:16.326000,14146,14147,14147,1
2020-12-23,16:18:21.308000,14146,14147,14147,1
2020-12-23,16:18:22.278000,14146,14147,14146,2
2020-12-23,16:18:22.898000,14146,14147,14147,1
2020-12-23,16:18:24.489000,14146,14147,14147,1
2020-12-23,16:18:32.578000,14146,14147,14146,1
2020-12-23,16:18:32.703000,14146,14147,14146,3
2020-12-23,16:18:40.239000,14146,14147,14146,4
2020-12-23,16:18:40.239000,14146,14147,14146,4
2020-12-23,16:18:44.539000,14145,14146,14145,3
2020-12-23,16:18:44.642000,14145,14146,14145,1
2020-12-23,16:19:00.217000,14145,14146,14145,1
2020-12-23,16:19:03.970000,14145,14146,14145,2
2020-12-23,16:19:04.885000,14145,14146,14145,2
2020-12-23,16:19:05.279000,14144,14145,14145,1
2020-12-23,16:19:23.050000,14144,14145,14145,1
2020-12-23,16:19:32.369000,14144,14145,14145,1
2020-12-23,16:19:37.756000,14145,14146,14145,1
2020-12-23,16:19:39.088000,14145,14146,14146,4
2020-12-23,16:20:05.826000,14145,14146,14145,1
2020-12-23,16:20:21.614000,14145,14146,14145,1
2020-12-23,16:20:43.771000,14145,14146,14145,1
2020-12-23,16:20:45.352000,14145,14146,14145,1
2020-12-23,16:20:46.651000,14144,14146,14145,1
2020-12-23,16:20:55.827000,14145,14146,14145,1
2020-12-23,16:20:59.589000,14144,14146,14144,1
2020-12-23,16:20:59.790000,14144,14145,14144,1
2020-12-23,16:21:11.060000,14144,14145,14145,1
2020-12-23,16:21:18.807000,14144,14145,14144,10
2020-12-23,16:21:29.350000,14143,14144,14144,1
2020-12-23,16:21:31.689000,14144,14145,14144,1
2020-12-23,16:21:36.063000,14144,14145,14145,1
2020-12-23,16:21:36.063000,14144,14145,14145,1
2020-12-23,16:21:36.379000,14144,14145,14144,6
2020-12-23,16:21:36.558000,14144,14145,14144,2
2020-12-23,16:21:36.970000,14144,14145,14145,1
2020-12-23,16:21:38.202000,14144,14145,14145,1
2020-12-23,16:21:40.116000,14144,14145,14145,1
2020-12-23,16:21:45.240000,14144,14145,14145,1
2020-12-23,16:21:47.263000,14144,14145,14145,2
2020-12-23,16:21:47.317000,14144,14145,14145,1
2020-12-23,16:22:02.498000,14144,14145,14144,1
2020-12-23,16:22:19.204000,14144,14145,14144,1
2020-12-23,16:22:33.603000,14144,14145,14144,4
2020-12-23,16:22:33.604000,14144,14145,14144,5
2020-12-23,16:22:33.604000,14144,14145,14144,2
2020-12-23,16:22:40.814000,14143,14144,14144,1
2020-12-23,16:22:45.261000,14144,14145,14144,1
2020-12-23,16:22:45.889000,14144,14145,14144,1
2020-12-23,16:23:19.287000,14144,14145,14145,2
2020-12-23,16:23:19.287000,14144,14145,14145,4
2020-12-23,16:23:19.288000,14144,14145,14145,3
2020-12-23,16:23:26.253000,14145,14146,14146,1
2020-12-23,16:23:29.143000,14145,14146,14145,4
2020-12-23,16:23:29.144000,14145,14146,14145,1
2020-12-23,16:23:42.279000,14145,14146,14146,13
2020-12-23,16:23:49.602000,14145,14146,14146,1
2020-12-23,16:23:52.871000,14146,14147,14146,2
2020-12-23,16:23:58.229000,14145,14146,14146,1
2020-12-23,16:23:59.098000,14145,14146,14145,1
2020-12-23,16:24:10.236000,14145,14146,14145,6
2020-12-23,16:24:14.050000,14144,14145,14144,1
2020-12-23,16:24:16.304000,14144,14145,14144,1
2020-12-23,16:24:47.407000,14144,14145,14145,3
2020-12-23,16:24:48.636000,14144,14145,14145,2
2020-12-23,16:24:50.463000,14144,14145,14145,1
2020-12-23,16:24:57.137000,14144,14145,14145,1
2020-12-23,16:25:09.818000,14144,14145,14144,1
2020-12-23,16:25:09.818000,14144,14145,14143,1
2020-12-23,16:25:09.819000,14144,14145,14144,1
2020-12-23,16:25:12.774000,14143,14144,14144,3
2020-12-23,16:25:30.511000,14144,14145,14145,2
2020-12-23,16:25:36.275000,14145,14146,14146,2
2020-12-23,16:25:48.617000,14145,14146,14146,2
2020-12-23,16:25:54.572000,14146,14147,14146,2
2020-12-23,16:26:08.745000,14145,14147,14145,2
2020-12-23,16:26:25.753000,14146,14147,14147,3
2020-12-23,16:26:25.857000,14147,14148,14147,2
2020-12-23,16:26:31.829000,14146,14148,14148,1
2020-12-23,16:26:34.178000,14146,14148,14147,1
2020-12-23,16:26:37.275000,14145,14146,14146,5
2020-12-23,16:26:44.507000,14145,14146,14146,1
2020-12-23,16:27:01.339000,14145,14146,14145,7
2020-12-23,16:27:11.518000,14144,14145,14145,1
2020-12-23,16:27:24.890000,14146,14147,14147,1
2020-12-23,16:27:25.646000,14145,14147,14147,1
2020-12-23,16:27:29.978000,14145,14147,14147,1
2020-12-23,16:27:35.872000,14145,14146,14146,2
2020-12-23,16:27:48.873000,14144,14145,14145,1
2020-12-23,16:27:53.610000,14144,14146,14146,1
2020-12-23,16:27:55.081000,14144,14146,14145,1
2020-12-23,16:27:59.469000,14144,14145,14145,1
2020-12-23,16:28:26.643000,14144,14145,14144,1
2020-12-23,16:28:36.013000,14144,14145,14145,1
2020-12-23,16:28:45.817000,14144,14146,14146,1
2020-12-23,16:29:03.985000,14145,14146,14146,2
2020-12-23,16:29:06.900000,14145,14146,14146,2
2020-12-23,16:29:10.926000,14145,14146,14146,1
2020-12-23,16:29:25.809000,14145,14146,14145,1
2020-12-23,16:29:44.903000,14145,14146,14145,2
2020-12-23,16:29:57.885000,14144,14145,14145,1
2020-12-23,16:30:11.036000,14145,14146,14145,1
2020-12-23,16:30:11.037000,14145,14146,14145,1
2020-12-23,16:30:13.574000,14145,14146,14145,2
2020-12-23,16:30:13.574000,14145,14146,14144,12
2020-12-23,16:30:13.574000,14145,14146,14143,13
2020-12-23,16:30:14.022000,14144,14145,14144,1
2020-12-23,16:30:14.117000,14144,14145,14144,1
2020-12-23,16:30:14.117000,14144,14145,14144,1
2020-12-23,16:30:14.117000,14144,14145,14143,1
2020-12-23,16:30:14.119000,14144,14145,14144,1
2020-12-23,16:30:14.129000,14144,14145,14144,1
2020-12-23,16:30:27.804000,14143,14145,14143,2
2020-12-23,16:30:35.261000,14143,14145,14143,1
2020-12-23,16:30:35.424000,14143,14145,14143,1
2020-12-23,16:30:41.703000,14143,14144,14143,4
2020-12-23,16:30:42.871000,14142,14143,14143,1
2020-12-23,16:30:44.435000,14142,14143,14143,1
2020-12-23,16:30:46.483000,14142,14143,14142,1
2020-12-23,16:30:46.483000,14142,14143,14142,1
2020-12-23,16:30:46.483000,14142,14143,14142,8
2020-12-23,16:30:46.701000,14141,14142,14141,2
2020-12-23,16:30:54.017000,14141,14142,14141,2
2020-12-23,16:31:01.951000,14141,14142,14142,1
2020-12-23,16:31:02.360000,14141,14142,14141,1
2020-12-23,16:31:04.856000,14141,14142,14141,1
2020-12-23,16:31:06.616000,14141,14142,14142,1
2020-12-23,16:31:14.192000,14141,14142,14141,1
2020-12-23,16:31:14.192000,14141,14142,14141,1
2020-12-23,16:31:14.192000,14141,14142,14141,1
2020-12-23,16:31:14.192000,14141,14142,14141,1
2020-12-23,16:31:14.192000,14141,14142,14141,1
2020-12-23,16:31:14.192000,14141,14142,14141,6
2020-12-23,16:31:15.242000,14140,14141,14141,1
2020-12-23,16:31:15.337000,14140,14141,14141,3
2020-12-23,16:31:15.655000,14140,14141,14141,1
2020-12-23,16:31:15.656000,14140,14141,14141,1
2020-12-23,16:31:19.329000,14141,14142,14141,2
2020-12-23,16:31:19.385000,14140,14141,14141,2
2020-12-23,16:31:20.937000,14141,14142,14142,1
2020-12-23,16:31:21.299000,14141,14142,14142,1
2020-12-23,16:31:30.257000,14141,14142,14142,1
2020-12-23,16:31:35.446000,14141,14142,14143,1
2020-12-23,16:31:47.016000,14141,14142,14142,1
2020-12-23,16:31:52.194000,14142,14143,14143,2
2020-12-23,16:32:02.157000,14142,14143,14143,2
2020-12-23,16:32:08.977000,14142,14143,14143,1
2020-12-23,16:32:10.150000,14142,14143,14143,1
2020-12-23,16:32:10.150000,14142,14143,14143,1
2020-12-23,16:32:10.150000,14142,14143,14143,2
2020-12-23,16:32:10.150000,14142,14143,14143,1
2020-12-23,16:32:10.150000,14142,14143,14143,3
2020-12-23,16:32:15.291000,14143,14144,14143,1
2020-12-23,16:32:15.292000,14143,14144,14143,2
2020-12-23,16:32:17.148000,14142,14143,14143,1
2020-12-23,16:32:33.026000,14143,14144,14143,1
2020-12-23,16:32:47.308000,14143,14144,14144,2
2020-12-23,16:32:55.483000,14144,14145,14144,14
2020-12-23,16:33:03.166000,14143,14144,14144,1
2020-12-23,16:33:16.804000,14143,14144,14143,1
2020-12-23,16:33:21.339000,14143,14144,14143,10
2020-12-23,16:33:21.339000,14143,14144,14143,5
2020-12-23,16:33:21.822000,14142,14143,14143,1
2020-12-23,16:33:23.605000,14142,14143,14142,1
2020-12-23,16:33:28.723000,14142,14143,14143,1
2020-12-23,16:33:29.332000,14142,14143,14143,1
2020-12-23,16:34:01.153000,14142,14143,14143,2
2020-12-23,16:34:15.615000,14143,14144,14143,3
2020-12-23,16:34:29.101000,14142,14143,14143,1
2020-12-23,16:34:52.358000,14142,14143,14142,1
2020-12-23,16:35:09.507000,14142,14143,14142,1
2020-12-23,16:35:14.648000,14142,14143,14142,1
2020-12-23,16:35:34.792000,14142,14143,14142,1
2020-12-23,16:35:57.126000,14142,14143,14143,1
2020-12-23,16:35:57.126000,14142,14143,14143,1
2020-12-23,16:35:57.126000,14142,14143,14143,1
2020-12-23,16:35:57.126000,14142,14143,14143,1
2020-12-23,16:35:57.126000,14142,14143,14143,3
2020-12-23,16:36:01.548000,14143,14144,14144,1
2020-12-23,16:36:04.660000,14143,14144,14144,1
2020-12-23,16:36:13.272000,14143,14144,14144,1
2020-12-23,16:36:25.484000,14143,14144,14143,1
2020-12-23,16:36:36.890000,14142,14143,14142,1
2020-12-23,16:36:36.890000,14142,14143,14142,1
2020-12-23,16:36:36.890000,14142,14143,14142,1
2020-12-23,16:36:36.890000,14142,14143,14142,1
2020-12-23,16:36:36.890000,14142,14143,14142,1
2020-12-23,16:36:36.890000,14142,14143,14142,5
2020-12-23,16:36:36.891000,14142,14143,14142,1
2020-12-23,16:36:52.420000,14141,14142,14142,1
2020-12-23,16:36:52.487000,14142,14143,14142,2
2020-12-23,16:36:57.077000,14141,14142,14142,1
2020-12-23,16:36:57.078000,14141,14142,14142,2
2020-12-23,16:37:00.214000,14141,14142,14142,2
2020-12-23,16:37:36.492000,14141,14142,14141,15
2020-12-23,16:37:39.920000,14141,14142,14141,1
2020-12-23,16:37:39.922000,14141,14142,14141,2
2020-12-23,16:37:41.006000,14140,14142,14141,2
2020-12-23,16:37:41.478000,14141,14142,14141,1
2020-12-23,16:37:46.722000,14140,14141,14141,1
2020-12-23,16:37:48.133000,14140,14141,14140,3
2020-12-23,16:37:48.246000,14140,14141,14140,1
2020-12-23,16:37:48.337000,14140,14141,14140,2
2020-12-23,16:37:48.389000,14140,14141,14140,2
