2021-01-04,15:00:00.005000,14887,14888,14888,48
2021-01-04,15:00:00.094000,14887,14888,14888,2
2021-01-04,15:00:00.170000,14887,14888,14888,1
2021-01-04,15:00:00.191000,14887,14888,14888,3
2021-01-04,15:00:00.204000,14887,14888,14889,3
2021-01-04,15:00:00.218000,14887,14888,14890,1
2021-01-04,15:00:00.271000,14889,14890,14890,2
2021-01-04,15:00:00.279000,14889,14890,14890,1
2021-01-04,15:00:00.279000,14889,14890,14890,5
2021-01-04,15:00:00.303000,14889,14890,14891,3
2021-01-04,15:00:00.303000,14889,14890,14891,2
2021-01-04,15:00:00.335000,14889,14890,14891,1
2021-01-04,15:00:00.338000,14889,14890,14892,1
2021-01-04,15:00:00.342000,14889,14890,14892,1
2021-01-04,15:00:00.346000,14889,14890,14892,4
2021-01-04,15:00:00.372000,14891,14892,14892,1
2021-01-04,15:00:00.377000,14891,14892,14892,3
2021-01-04,15:00:00.403000,14891,14892,14892,1
2021-01-04,15:00:00.403000,14891,14892,14892,1
2021-01-04,15:00:00.417000,14891,14892,14893,3
2021-01-04,15:00:00.446000,14891,14892,14893,1
2021-01-04,15:00:00.449000,14891,14892,14891,2
2021-01-04,15:00:00.464000,14891,14892,14893,4
2021-01-04,15:00:00.485000,14891,14893,14893,1
2021-01-04,15:00:00.501000,14891,14893,14893,1
2021-01-04,15:00:00.502000,14891,14893,14893,1
2021-01-04,15:00:00.506000,14891,14893,14893,2
2021-01-04,15:00:00.508000,14891,14893,14893,5
2021-01-04,15:00:00.516000,14891,14893,14893,1
2021-01-04,15:00:00.544000,14891,14893,14894,2
2021-01-04,15:00:00.550000,14891,14893,14894,4
2021-01-04,15:00:00.553000,14891,14893,14894,1
2021-01-04,15:00:00.650000,14891,14894,14894,3
2021-01-04,15:00:00.658000,14891,14894,14894,1
2021-01-04,15:00:00.660000,14891,14894,14894,1
2021-01-04,15:00:00.734000,14891,14893,14893,1
2021-01-04,15:00:00.739000,14891,14893,14894,3
2021-01-04,15:00:00.747000,14891,14893,14894,1
2021-01-04,15:00:00.747000,14891,14893,14895,1
2021-01-04,15:00:00.783000,14891,14893,14891,2
2021-01-04,15:00:00.789000,14891,14893,14895,3
2021-01-04,15:00:00.789000,14891,14893,14894,1
2021-01-04,15:00:00.789000,14891,14893,14895,1
2021-01-04,15:00:00.794000,14891,14893,14895,1
2021-01-04,15:00:00.801000,14891,14893,14895,1
2021-01-04,15:00:00.801000,14891,14893,14896,1
2021-01-04,15:00:00.827000,14891,14893,14896,1
2021-01-04,15:00:00.831000,14891,14893,14896,2
2021-01-04,15:00:00.851000,14891,14893,14891,1
2021-01-04,15:00:00.855000,14891,14893,14891,1
2021-01-04,15:00:00.855000,14891,14893,14891,1
2021-01-04,15:00:00.860000,14890,14896,14896,1
2021-01-04,15:00:00.860000,14890,14896,14897,1
2021-01-04,15:00:00.864000,14890,14896,14890,1
2021-01-04,15:00:00.869000,14890,14896,14889,1
2021-01-04,15:00:00.898000,14890,14896,14896,1
2021-01-04,15:00:00.909000,14890,14896,14896,1
2021-01-04,15:00:00.929000,14890,14896,14889,1
2021-01-04,15:00:01.023000,14889,14892,14892,1
2021-01-04,15:00:01.028000,14889,14892,14890,1
2021-01-04,15:00:01.028000,14889,14892,14889,2
2021-01-04,15:00:01.060000,14889,14892,14894,1
2021-01-04,15:00:01.060000,14889,14892,14895,1
2021-01-04,15:00:01.261000,14890,14895,14895,1
2021-01-04,15:00:01.281000,14890,14895,14896,1
2021-01-04,15:00:01.302000,14890,14895,14896,1
2021-01-04,15:00:01.331000,14890,14895,14894,1
2021-01-04,15:00:01.382000,14890,14896,14893,1
2021-01-04,15:00:01.399000,14890,14896,14895,1
2021-01-04,15:00:01.503000,14890,14895,14895,1
2021-01-04,15:00:01.543000,14890,14895,14895,1
2021-01-04,15:00:01.574000,14890,14895,14896,1
2021-01-04,15:00:01.634000,14893,14896,14896,1
2021-01-04,15:00:01.640000,14893,14896,14896,1
2021-01-04,15:00:01.674000,14893,14896,14895,1
2021-01-04,15:00:01.924000,14892,14894,14894,1
2021-01-04,15:00:02.013000,14892,14894,14892,1
2021-01-04,15:00:02.109000,14892,14894,14894,1
2021-01-04,15:00:02.232000,14892,14894,14892,2
2021-01-04,15:00:02.325000,14892,14894,14893,1
2021-01-04,15:00:02.807000,14891,14894,14894,1
2021-01-04,15:00:02.938000,14892,14894,14894,3
2021-01-04,15:00:03.020000,14892,14894,14892,3
2021-01-04,15:00:03.039000,14892,14894,14894,1
2021-01-04,15:00:03.142000,14892,14894,14892,1
2021-01-04,15:00:03.143000,14892,14894,14891,3
2021-01-04,15:00:03.210000,14892,14894,14891,1
2021-01-04,15:00:03.212000,14892,14894,14894,1
2021-01-04,15:00:03.462000,14891,14894,14894,2
2021-01-04,15:00:03.773000,14891,14895,14895,1
2021-01-04,15:00:03.982000,14891,14894,14894,1
2021-01-04,15:00:04.068000,14891,14894,14894,1
2021-01-04,15:00:04.437000,14891,14895,14894,1
2021-01-04,15:00:04.487000,14891,14895,14894,1
2021-01-04,15:00:04.820000,14891,14894,14894,2
2021-01-04,15:00:05.701000,14891,14895,14895,8
2021-01-04,15:00:05.701000,14891,14895,14896,2
2021-01-04,15:00:05.755000,14893,14896,14893,2
2021-01-04,15:00:05.772000,14893,14896,14896,5
2021-01-04,15:00:05.772000,14893,14896,14897,5
2021-01-04,15:00:05.865000,14893,14896,14894,1
2021-01-04,15:00:06.018000,14892,14894,14894,1
2021-01-04,15:00:06.232000,14893,14895,14893,2
2021-01-04,15:00:06.321000,14893,14895,14893,1
2021-01-04,15:00:06.333000,14893,14895,14893,1
2021-01-04,15:00:06.434000,14892,14894,14894,5
2021-01-04,15:00:06.534000,14894,14896,14894,1
2021-01-04,15:00:06.884000,14893,14896,14893,1
2021-01-04,15:00:06.887000,14893,14896,14894,4
2021-01-04,15:00:07.020000,14893,14895,14893,1
2021-01-04,15:00:07.069000,14893,14895,14895,1
2021-01-04,15:00:07.192000,14893,14896,14894,1
2021-01-04,15:00:07.264000,14893,14896,14894,1
2021-01-04,15:00:07.571000,14893,14895,14895,1
2021-01-04,15:00:08.323000,14894,14896,14896,1
2021-01-04,15:00:08.496000,14895,14897,14895,5
2021-01-04,15:00:08.938000,14894,14896,14896,2
2021-01-04,15:00:08.951000,14894,14896,14896,3
2021-01-04,15:00:09.232000,14895,14896,14895,1
2021-01-04,15:00:09.236000,14895,14896,14894,1
2021-01-04,15:00:10.298000,14895,14896,14896,4
2021-01-04,15:00:10.424000,14896,14897,14896,1
2021-01-04,15:00:10.425000,14896,14897,14896,2
2021-01-04,15:00:10.425000,14896,14897,14896,1
2021-01-04,15:00:10.642000,14895,14896,14895,1
2021-01-04,15:00:11.157000,14895,14896,14895,1
2021-01-04,15:00:11.857000,14895,14896,14895,2
2021-01-04,15:00:11.861000,14895,14896,14895,2
2021-01-04,15:00:11.888000,14895,14896,14895,1
2021-01-04,15:00:12.107000,14894,14895,14894,9
2021-01-04,15:00:12.232000,14893,14895,14893,6
2021-01-04,15:00:12.267000,14893,14895,14895,1
2021-01-04,15:00:12.357000,14893,14895,14893,3
2021-01-04,15:00:12.358000,14893,14895,14893,1
2021-01-04,15:00:12.373000,14893,14895,14895,1
2021-01-04,15:00:12.578000,14893,14895,14895,1
2021-01-04,15:00:12.584000,14893,14895,14895,2
2021-01-04,15:00:12.693000,14893,14895,14895,1
2021-01-04,15:00:12.774000,14893,14895,14895,4
2021-01-04,15:00:13.040000,14895,14896,14896,1
2021-01-04,15:00:13.298000,14895,14896,14895,1
2021-01-04,15:00:13.314000,14895,14896,14895,1
2021-01-04,15:00:14.607000,14894,14895,14894,2
2021-01-04,15:00:15.023000,14893,14895,14893,1
2021-01-04,15:00:15.107000,14893,14895,14893,2
2021-01-04,15:00:15.724000,14893,14895,14894,1
2021-01-04,15:00:15.724000,14893,14895,14895,8
2021-01-04,15:00:15.724000,14893,14895,14896,1
2021-01-04,15:00:15.982000,14894,14895,14894,1
2021-01-04,15:00:18.841000,14892,14894,14892,2
2021-01-04,15:00:18.982000,14892,14893,14892,1
2021-01-04,15:00:19.914000,14891,14893,14893,1
2021-01-04,15:00:21.461000,14891,14893,14893,2
2021-01-04,15:00:22.324000,14891,14893,14891,1
2021-01-04,15:00:23.179000,14891,14892,14891,2
2021-01-04,15:00:24.099000,14890,14891,14890,1
2021-01-04,15:00:24.170000,14890,14891,14891,1
2021-01-04,15:00:24.945000,14891,14892,14892,1
2021-01-04,15:00:25.766000,14891,14893,14893,2
2021-01-04,15:00:26.233000,14891,14893,14891,1
2021-01-04,15:00:26.537000,14892,14893,14893,1
2021-01-04,15:00:26.959000,14892,14893,14892,5
2021-01-04,15:00:29.732000,14891,14893,14891,4
2021-01-04,15:00:29.857000,14890,14892,14892,3
2021-01-04,15:00:31.107000,14891,14892,14891,1
2021-01-04,15:00:32.298000,14890,14891,14891,1
2021-01-04,15:00:33.732000,14891,14892,14891,1
2021-01-04,15:00:34.132000,14890,14891,14891,1
2021-01-04,15:00:35.149000,14890,14891,14890,1
2021-01-04,15:00:36.009000,14890,14891,14890,1
2021-01-04,15:00:39.830000,14890,14891,14891,1
2021-01-04,15:00:40.774000,14891,14892,14891,1
2021-01-04,15:00:45.261000,14891,14892,14892,3
2021-01-04,15:00:45.261000,14891,14892,14892,4
2021-01-04,15:00:45.261000,14891,14892,14892,8
2021-01-04,15:00:46.562000,14892,14893,14892,1
2021-01-04,15:00:51.185000,14892,14893,14893,5
2021-01-04,15:00:51.299000,14893,14894,14893,1
2021-01-04,15:00:51.299000,14893,14894,14892,3
2021-01-04,15:00:52.266000,14892,14894,14894,1
2021-01-04,15:00:52.378000,14892,14894,14892,8
2021-01-04,15:00:52.378000,14892,14894,14892,1
2021-01-04,15:00:52.379000,14892,14894,14892,1
2021-01-04,15:00:52.534000,14892,14894,14892,1
2021-01-04,15:00:52.679000,14892,14894,14894,1
2021-01-04,15:00:53.283000,14892,14894,14894,1
2021-01-04,15:00:53.653000,14892,14894,14892,1
2021-01-04,15:00:54.107000,14893,14894,14894,8
2021-01-04,15:00:54.197000,14893,14894,14894,4
2021-01-04,15:00:54.197000,14893,14894,14893,4
2021-01-04,15:00:54.197000,14893,14894,14893,1
2021-01-04,15:00:54.198000,14893,14894,14893,1
2021-01-04,15:00:55.367000,14893,14895,14895,1
2021-01-04,15:00:55.551000,14893,14895,14895,1
2021-01-04,15:00:58.378000,14894,14895,14895,3
2021-01-04,15:00:58.816000,14894,14895,14895,1
2021-01-04,15:00:58.973000,14894,14895,14895,4
2021-01-04,15:00:59.812000,14894,14895,14894,1
2021-01-04,15:01:00.034000,14894,14895,14895,2
2021-01-04,15:01:00.034000,14894,14895,14896,5
2021-01-04,15:01:00.043000,14894,14895,14896,1
2021-01-04,15:01:00.048000,14894,14895,14896,1
2021-01-04,15:01:00.049000,14894,14895,14896,1
2021-01-04,15:01:00.049000,14894,14895,14896,1
2021-01-04,15:01:00.054000,14894,14895,14896,1
2021-01-04,15:01:00.054000,14894,14895,14896,1
2021-01-04,15:01:00.054000,14894,14895,14897,1
2021-01-04,15:01:00.055000,14894,14895,14896,1
2021-01-04,15:01:00.062000,14894,14895,14897,1
2021-01-04,15:01:00.066000,14894,14895,14897,1
2021-01-04,15:01:00.080000,14894,14895,14897,1
2021-01-04,15:01:00.090000,14894,14895,14895,2
2021-01-04,15:01:00.093000,14894,14895,14897,1
2021-01-04,15:01:00.094000,14894,14895,14897,1
2021-01-04,15:01:00.120000,14895,14897,14897,1
2021-01-04,15:01:00.121000,14895,14897,14895,1
2021-01-04,15:01:00.123000,14895,14897,14897,1
2021-01-04,15:01:00.136000,14895,14897,14895,1
2021-01-04,15:01:00.173000,14895,14897,14895,1
2021-01-04,15:01:00.178000,14895,14897,14897,1
2021-01-04,15:01:00.214000,14895,14897,14897,1
2021-01-04,15:01:00.229000,14895,14897,14897,1
2021-01-04,15:01:00.282000,14895,14897,14897,2
2021-01-04,15:01:00.344000,14895,14897,14897,1
2021-01-04,15:01:00.371000,14895,14897,14895,1
2021-01-04,15:01:00.927000,14895,14897,14897,2
2021-01-04,15:01:01.104000,14895,14897,14895,1
2021-01-04,15:01:01.106000,14895,14897,14895,1
2021-01-04,15:01:01.114000,14894,14896,14894,1
2021-01-04,15:01:01.161000,14894,14896,14896,1
2021-01-04,15:01:01.428000,14894,14896,14896,2
2021-01-04,15:01:01.575000,14894,14896,14896,1
2021-01-04,15:01:02.532000,14895,14896,14895,1
2021-01-04,15:01:02.723000,14895,14896,14895,3
2021-01-04,15:01:02.724000,14895,14896,14895,2
2021-01-04,15:01:02.724000,14895,14896,14895,1
2021-01-04,15:01:02.725000,14895,14896,14895,4
2021-01-04,15:01:02.755000,14895,14896,14895,1
2021-01-04,15:01:03.150000,14895,14896,14895,4
2021-01-04,15:01:04.965000,14894,14895,14895,3
2021-01-04,15:01:05.117000,14894,14895,14895,3
2021-01-04,15:01:05.117000,14894,14895,14896,3
2021-01-04,15:01:07.904000,14895,14896,14896,5
2021-01-04,15:01:09.900000,14895,14896,14896,1
2021-01-04,15:01:10.341000,14895,14896,14896,1
2021-01-04,15:01:10.906000,14895,14896,14896,1
2021-01-04,15:01:12.367000,14895,14896,14895,2
2021-01-04,15:01:13.972000,14895,14896,14896,2
2021-01-04,15:01:14.953000,14896,14897,14896,1
2021-01-04,15:01:19.828000,14896,14897,14897,5
2021-01-04,15:01:21.228000,14896,14897,14896,1
2021-01-04,15:01:21.330000,14896,14897,14897,1
2021-01-04,15:01:22.673000,14896,14897,14897,1
2021-01-04,15:01:22.927000,14896,14897,14896,1
2021-01-04,15:01:23.895000,14896,14897,14896,2
2021-01-04,15:01:24.250000,14896,14897,14897,1
2021-01-04,15:01:24.914000,14896,14897,14896,1
2021-01-04,15:01:25.202000,14895,14897,14897,2
2021-01-04,15:01:25.734000,14896,14897,14897,1
2021-01-04,15:01:26.217000,14896,14897,14896,1
2021-01-04,15:01:26.273000,14896,14897,14896,1
2021-01-04,15:01:26.482000,14896,14897,14896,2
2021-01-04,15:01:26.975000,14895,14897,14897,1
2021-01-04,15:01:28.331000,14895,14896,14896,2
2021-01-04,15:01:28.358000,14895,14897,14895,1
2021-01-04,15:01:30.228000,14895,14896,14896,1
2021-01-04,15:01:30.403000,14895,14897,14897,3
2021-01-04,15:01:32.622000,14895,14896,14896,2
2021-01-04,15:01:32.732000,14895,14896,14895,4
2021-01-04,15:01:33.982000,14895,14896,14895,1
2021-01-04,15:01:35.594000,14894,14895,14895,1
2021-01-04,15:01:37.181000,14894,14895,14895,1
2021-01-04,15:01:38.159000,14894,14895,14895,1
2021-01-04,15:01:38.239000,14894,14895,14894,1
2021-01-04,15:01:49.150000,14894,14895,14894,3
2021-01-04,15:01:49.452000,14894,14895,14895,1
2021-01-04,15:01:51.005000,14894,14895,14895,1
2021-01-04,15:01:53.663000,14894,14895,14895,3
2021-01-04,15:01:53.858000,14894,14895,14895,2
2021-01-04,15:01:54.781000,14895,14896,14895,2
2021-01-04,15:02:01.008000,14895,14896,14896,6
2021-01-04,15:02:01.124000,14895,14896,14895,1
2021-01-04,15:02:02.339000,14895,14896,14896,3
2021-01-04,15:02:02.482000,14896,14897,14896,3
2021-01-04,15:02:02.631000,14895,14897,14895,1
2021-01-04,15:02:02.732000,14895,14896,14895,3
2021-01-04,15:02:03.079000,14894,14896,14895,1
2021-01-04,15:02:04.107000,14895,14896,14895,1
2021-01-04,15:02:06.047000,14894,14896,14895,1
2021-01-04,15:02:07.945000,14894,14896,14894,1
2021-01-04,15:02:08.482000,14895,14896,14895,1
2021-01-04,15:02:09.928000,14894,14895,14895,1
2021-01-04,15:02:11.682000,14894,14895,14895,1
2021-01-04,15:02:14.665000,14895,14896,14895,1
2021-01-04,15:02:15.337000,14895,14896,14895,1
2021-01-04,15:02:15.674000,14894,14896,14894,1
2021-01-04,15:02:16.732000,14894,14896,14896,3
2021-01-04,15:02:19.828000,14894,14896,14896,1
2021-01-04,15:02:23.434000,14895,14896,14896,1
2021-01-04,15:02:28.357000,14895,14896,14895,2
2021-01-04,15:02:28.776000,14894,14896,14896,5
2021-01-04,15:02:28.776000,14894,14896,14896,1
2021-01-04,15:02:29.050000,14894,14896,14896,1
2021-01-04,15:02:30.071000,14895,14896,14895,1
2021-01-04,15:02:38.290000,14894,14895,14895,1
2021-01-04,15:02:38.291000,14894,14895,14895,2
2021-01-04,15:02:40.122000,14895,14896,14895,2
2021-01-04,15:02:40.745000,14894,14896,14896,1
2021-01-04,15:02:40.769000,14894,14896,14894,1
2021-01-04,15:02:42.910000,14895,14896,14896,1
2021-01-04,15:02:43.004000,14895,14896,14896,1
2021-01-04,15:02:43.005000,14895,14896,14896,1
2021-01-04,15:02:44.745000,14895,14896,14896,1
2021-01-04,15:02:44.796000,14895,14896,14897,1
2021-01-04,15:02:44.840000,14895,14896,14897,2
2021-01-04,15:02:45.353000,14896,14897,14896,1
2021-01-04,15:02:45.502000,14896,14897,14897,2
2021-01-04,15:02:45.688000,14896,14897,14896,1
2021-01-04,15:02:46.485000,14896,14897,14897,2
2021-01-04,15:02:46.517000,14896,14897,14897,1
2021-01-04,15:02:46.521000,14896,14897,14897,1
2021-01-04,15:02:47.066000,14896,14897,14896,1
2021-01-04,15:02:47.941000,14896,14897,14896,1
2021-01-04,15:02:48.993000,14896,14897,14897,1
2021-01-04,15:02:49.007000,14896,14897,14897,1
2021-01-04,15:02:49.019000,14896,14897,14897,1
2021-01-04,15:02:51.681000,14897,14898,14898,1
2021-01-04,15:02:51.701000,14897,14898,14898,1
2021-01-04,15:02:51.751000,14897,14898,14898,1
2021-01-04,15:02:51.772000,14897,14898,14898,3
2021-01-04,15:02:51.772000,14897,14898,14898,22
2021-01-04,15:02:52.849000,14897,14899,14899,1
2021-01-04,15:02:53.001000,14897,14899,14897,1
2021-01-04,15:02:53.266000,14897,14899,14899,1
2021-01-04,15:02:53.935000,14897,14899,14898,1
2021-01-04,15:02:54,14897,14899,14899,1
2021-01-04,15:02:54.590000,14897,14899,14899,1
2021-01-04,15:02:56.626000,14897,14898,14898,1
2021-01-04,15:02:57.232000,14898,14899,14899,11
2021-01-04,15:02:57.357000,14899,14900,14900,19
2021-01-04,15:02:57.358000,14899,14900,14900,4
2021-01-04,15:02:57.358000,14899,14900,14900,10
2021-01-04,15:02:57.719000,14899,14900,14900,2
2021-01-04,15:02:57.900000,14899,14900,14900,1
2021-01-04,15:02:57.900000,14899,14900,14900,1
2021-01-04,15:02:59.592000,14900,14901,14901,1
2021-01-04,15:02:59.846000,14900,14901,14900,1
2021-01-04,15:03:00.093000,14900,14901,14900,3
2021-01-04,15:03:00.093000,14900,14901,14899,3
2021-01-04,15:03:00.123000,14899,14901,14901,1
2021-01-04,15:03:00.127000,14899,14901,14899,1
2021-01-04,15:03:00.238000,14899,14901,14899,2
2021-01-04,15:03:00.261000,14899,14901,14901,1
2021-01-04,15:03:00.371000,14899,14901,14899,2
2021-01-04,15:03:00.702000,14899,14901,14899,1
2021-01-04,15:03:01.051000,14899,14901,14901,1
2021-01-04,15:03:01.311000,14899,14901,14901,1
2021-01-04,15:03:01.395000,14899,14901,14899,1
2021-01-04,15:03:01.575000,14899,14901,14899,1
2021-01-04,15:03:02.588000,14901,14902,14901,1
2021-01-04,15:03:02.615000,14901,14902,14901,1
2021-01-04,15:03:03.193000,14900,14902,14900,1
2021-01-04,15:03:04.389000,14900,14902,14902,1
2021-01-04,15:03:05.643000,14900,14902,14900,8
2021-01-04,15:03:05.643000,14900,14902,14899,2
2021-01-04,15:03:07.675000,14900,14901,14901,5
2021-01-04,15:03:07.785000,14900,14901,14900,1
2021-01-04,15:03:10.627000,14900,14901,14900,1
2021-01-04,15:03:12.921000,14900,14901,14901,1
2021-01-04,15:03:13.314000,14900,14901,14900,1
2021-01-04,15:03:15.887000,14900,14901,14901,1
2021-01-04,15:03:16.958000,14900,14901,14901,1
2021-01-04,15:03:17.226000,14900,14901,14901,1
2021-01-04,15:03:18.193000,14900,14901,14901,1
2021-01-04,15:03:21.164000,14900,14901,14900,1
2021-01-04,15:03:21.239000,14900,14901,14900,1
2021-01-04,15:03:21.929000,14900,14901,14900,1
2021-01-04,15:03:22.221000,14900,14901,14901,1
2021-01-04,15:03:22.413000,14900,14901,14900,1
2021-01-04,15:03:22.725000,14900,14901,14900,1
2021-01-04,15:03:22.822000,14900,14901,14900,3
2021-01-04,15:03:23.305000,14900,14901,14900,1
2021-01-04,15:03:26.257000,14900,14901,14900,1
2021-01-04,15:03:26.257000,14900,14901,14900,4
2021-01-04,15:03:26.258000,14900,14901,14900,5
2021-01-04,15:03:27.661000,14899,14900,14900,1
2021-01-04,15:03:28.758000,14899,14900,14900,1
2021-01-04,15:03:30.205000,14899,14900,14899,6
2021-01-04,15:03:30.469000,14898,14900,14898,1
2021-01-04,15:03:33.736000,14898,14899,14899,1
2021-01-04,15:03:39.070000,14898,14899,14899,1
2021-01-04,15:03:44.856000,14898,14899,14899,2
2021-01-04,15:03:44.856000,14898,14899,14899,1
2021-01-04,15:03:45.163000,14899,14900,14899,1
2021-01-04,15:03:46.988000,14899,14900,14899,2
2021-01-04,15:03:47.049000,14899,14900,14900,1
2021-01-04,15:03:50.278000,14899,14900,14900,1
2021-01-04,15:03:50.887000,14899,14900,14900,5
2021-01-04,15:03:50.887000,14899,14900,14900,11
2021-01-04,15:03:51.965000,14900,14901,14900,1
2021-01-04,15:03:52.452000,14900,14901,14900,1
2021-01-04,15:03:52.475000,14900,14901,14901,3
2021-01-04,15:03:54.757000,14900,14901,14900,1
2021-01-04,15:03:54.783000,14900,14901,14901,6
2021-01-04,15:03:54.783000,14900,14901,14901,2
2021-01-04,15:03:54.783000,14900,14901,14901,1
2021-01-04,15:03:54.783000,14900,14901,14901,2
2021-01-04,15:03:54.783000,14900,14901,14901,1
2021-01-04,15:03:54.783000,14900,14901,14901,3
2021-01-04,15:03:54.788000,14900,14901,14902,4
2021-01-04,15:03:54.796000,14900,14901,14902,15
2021-01-04,15:03:54.797000,14900,14901,14902,6
2021-01-04,15:03:54.827000,14900,14901,14903,4
2021-01-04,15:03:54.828000,14900,14901,14903,2
2021-01-04,15:03:54.828000,14900,14901,14903,2
2021-01-04,15:03:54.828000,14900,14901,14903,1
2021-01-04,15:03:54.834000,14900,14901,14903,1
2021-01-04,15:03:54.860000,14902,14903,14903,7
2021-01-04,15:03:54.863000,14902,14903,14903,1
2021-01-04,15:03:54.880000,14902,14903,14904,2
2021-01-04,15:03:54.923000,14902,14903,14904,1
2021-01-04,15:03:54.942000,14902,14903,14904,3
2021-01-04,15:03:54.948000,14902,14903,14904,2
2021-01-04,15:03:55.111000,14903,14904,14904,1
2021-01-04,15:03:55.172000,14903,14904,14904,2
2021-01-04,15:03:55.309000,14903,14904,14904,2
2021-01-04,15:03:55.407000,14903,14905,14905,1
2021-01-04,15:03:55.500000,14903,14905,14904,1
2021-01-04,15:03:55.702000,14903,14905,14905,3
2021-01-04,15:03:56.278000,14903,14905,14904,1
2021-01-04,15:03:56.586000,14903,14905,14903,1
2021-01-04,15:03:57.047000,14903,14904,14904,1
2021-01-04,15:03:57.513000,14903,14904,14904,1
2021-01-04,15:03:58.259000,14903,14904,14904,1
2021-01-04,15:03:58.541000,14903,14905,14903,1
2021-01-04,15:04:00.272000,14903,14904,14904,1
2021-01-04,15:04:00.375000,14903,14904,14903,1
2021-01-04,15:04:00.603000,14903,14904,14904,1
2021-01-04,15:04:00.658000,14903,14904,14904,1
2021-01-04,15:04:01.022000,14903,14904,14904,2
2021-01-04,15:04:01.273000,14903,14904,14904,1
2021-01-04,15:04:01.375000,14903,14905,14905,1
2021-01-04,15:04:01.485000,14903,14905,14903,1
2021-01-04,15:04:01.658000,14903,14904,14904,1
2021-01-04,15:04:01.885000,14903,14904,14903,1
2021-01-04,15:04:02.188000,14903,14904,14904,1
2021-01-04,15:04:02.364000,14903,14904,14904,1
2021-01-04,15:04:02.625000,14904,14905,14905,1
2021-01-04,15:04:03.258000,14904,14905,14904,2
2021-01-04,15:04:03.258000,14904,14905,14904,1
2021-01-04,15:04:03.390000,14903,14904,14904,1
2021-01-04,15:04:03.758000,14903,14904,14903,2
2021-01-04,15:04:03.759000,14903,14904,14903,3
2021-01-04,15:04:06.301000,14901,14902,14902,2
2021-01-04,15:04:06.702000,14901,14902,14902,1
2021-01-04,15:04:06.832000,14901,14902,14902,1
2021-01-04,15:04:07.091000,14901,14902,14902,2
2021-01-04,15:04:07.091000,14901,14902,14902,1
2021-01-04,15:04:08.035000,14901,14902,14902,1
2021-01-04,15:04:09.171000,14901,14902,14901,1
2021-01-04,15:04:09.285000,14901,14902,14902,2
2021-01-04,15:04:10.209000,14901,14902,14902,1
2021-01-04,15:04:11.561000,14902,14903,14903,2
2021-01-04,15:04:15.012000,14902,14903,14903,3
2021-01-04,15:04:15.228000,14903,14904,14904,6
2021-01-04,15:04:16.217000,14904,14905,14904,2
2021-01-04,15:04:16.217000,14904,14905,14904,1
2021-01-04,15:04:16.451000,14904,14905,14905,1
2021-01-04,15:04:17.776000,14904,14905,14905,1
2021-01-04,15:04:18.461000,14904,14905,14905,5
2021-01-04,15:04:18.754000,14904,14905,14905,2
2021-01-04,15:04:18.837000,14904,14905,14905,5
2021-01-04,15:04:20.228000,14904,14905,14905,1
2021-01-04,15:04:20.682000,14904,14905,14904,2
2021-01-04,15:04:21.122000,14903,14904,14904,3
2021-01-04,15:04:22.154000,14903,14904,14903,1
2021-01-04,15:04:23.045000,14903,14904,14904,2
2021-01-04,15:04:23.066000,14903,14904,14904,1
2021-01-04,15:04:23.242000,14903,14904,14903,1
2021-01-04,15:04:23.260000,14903,14904,14904,2
2021-01-04,15:04:25.039000,14903,14904,14904,1
2021-01-04,15:04:29.677000,14903,14904,14903,1
2021-01-04,15:04:29.821000,14903,14904,14904,1
2021-01-04,15:04:30.050000,14903,14904,14904,2
2021-01-04,15:04:30.050000,14903,14904,14904,1
2021-01-04,15:04:30.050000,14903,14904,14904,1
2021-01-04,15:04:32.916000,14904,14905,14905,2
2021-01-04,15:04:34.461000,14904,14905,14904,1
2021-01-04,15:04:34.646000,14904,14905,14905,1
2021-01-04,15:04:34.932000,14904,14905,14905,7
2021-01-04,15:04:34.933000,14904,14905,14905,3
2021-01-04,15:04:37.029000,14905,14906,14906,1
2021-01-04,15:04:37.352000,14905,14906,14906,2
2021-01-04,15:04:40.035000,14905,14906,14906,2
2021-01-04,15:04:40.183000,14905,14906,14905,1
2021-01-04,15:04:41.064000,14904,14905,14905,4
2021-01-04,15:04:41.128000,14905,14906,14906,15
2021-01-04,15:04:41.957000,14906,14907,14906,1
2021-01-04,15:04:43.018000,14906,14907,14907,1
2021-01-04,15:04:45.964000,14906,14907,14907,1
2021-01-04,15:04:46.119000,14906,14907,14907,4
2021-01-04,15:04:46.274000,14906,14907,14907,1
2021-01-04,15:04:47.316000,14906,14907,14907,1
2021-01-04,15:04:49.163000,14906,14907,14907,2
2021-01-04,15:04:49.892000,14906,14907,14907,1
2021-01-04,15:04:51.290000,14906,14907,14907,1
2021-01-04,15:04:51.921000,14906,14907,14907,1
2021-01-04,15:04:53.179000,14906,14907,14907,1
2021-01-04,15:04:53.734000,14906,14907,14907,1
2021-01-04,15:04:55.606000,14906,14907,14907,2
2021-01-04,15:04:55.793000,14906,14907,14907,1
2021-01-04,15:04:57.073000,14906,14907,14907,1
2021-01-04,15:04:57.081000,14906,14907,14907,10
2021-01-04,15:04:57.340000,14907,14908,14908,1
2021-01-04,15:04:57.436000,14907,14908,14907,1
2021-01-04,15:04:59.383000,14907,14908,14908,2
2021-01-04,15:04:59.395000,14907,14908,14907,3
2021-01-04,15:04:59.395000,14907,14908,14907,4
2021-01-04,15:04:59.396000,14907,14908,14907,2
2021-01-04,15:05:00.081000,14906,14907,14906,3
2021-01-04,15:05:00.125000,14906,14907,14906,1
2021-01-04,15:05:00.189000,14906,14907,14906,6
2021-01-04,15:05:00.243000,14906,14907,14907,1
2021-01-04,15:05:00.364000,14906,14907,14906,30
2021-01-04,15:05:00.365000,14906,14907,14905,3
2021-01-04,15:05:00.365000,14906,14907,14905,2
2021-01-04,15:05:00.365000,14906,14907,14905,2
2021-01-04,15:05:01.168000,14904,14905,14905,1
2021-01-04,15:05:01.538000,14904,14905,14905,1
2021-01-04,15:05:01.576000,14904,14905,14904,1
2021-01-04,15:05:02.095000,14904,14906,14904,3
2021-01-04,15:05:02.213000,14904,14906,14905,2
2021-01-04,15:05:02.226000,14904,14906,14904,2
2021-01-04,15:05:07.427000,14904,14905,14904,1
2021-01-04,15:05:07.829000,14904,14905,14905,6
2021-01-04,15:05:07.838000,14904,14905,14906,1
2021-01-04,15:05:08.079000,14905,14906,14906,2
2021-01-04,15:05:12.105000,14905,14906,14906,5
2021-01-04,15:05:12.106000,14905,14906,14906,1
2021-01-04,15:05:13.617000,14905,14906,14905,1
2021-01-04,15:05:13.676000,14905,14906,14906,1
2021-01-04,15:05:17.211000,14905,14906,14906,2
2021-01-04,15:05:18.833000,14905,14906,14905,4
2021-01-04,15:05:18.833000,14905,14906,14904,1
2021-01-04,15:05:25.442000,14905,14906,14906,5
2021-01-04,15:05:25.444000,14905,14906,14906,3
2021-01-04,15:05:25.452000,14905,14906,14907,1
2021-01-04,15:05:25.657000,14906,14907,14906,1
2021-01-04,15:05:29.432000,14906,14907,14907,1
2021-01-04,15:05:29.432000,14906,14907,14907,1
2021-01-04,15:05:31.188000,14906,14907,14907,1
2021-01-04,15:05:31.560000,14906,14907,14907,1
2021-01-04,15:05:40.152000,14906,14907,14907,1
2021-01-04,15:05:40.522000,14906,14907,14907,1
2021-01-04,15:05:41.446000,14906,14907,14907,3
2021-01-04,15:05:41.547000,14906,14907,14907,3
2021-01-04,15:05:43.523000,14906,14907,14906,3
2021-01-04,15:05:44.826000,14906,14907,14907,5
2021-01-04,15:05:52.140000,14906,14907,14907,1
2021-01-04,15:05:52.238000,14906,14907,14906,1
2021-01-04,15:05:52.239000,14906,14907,14906,1
2021-01-04,15:05:52.239000,14906,14907,14906,1
2021-01-04,15:05:52.324000,14906,14907,14905,1
2021-01-04,15:05:52.809000,14905,14906,14906,5
2021-01-04,15:05:52.809000,14905,14906,14907,14
2021-01-04,15:05:52.809000,14905,14906,14908,28
2021-01-04,15:05:52.810000,14905,14906,14908,3
2021-01-04,15:05:52.810000,14905,14906,14908,4
2021-01-04,15:05:52.811000,14905,14906,14908,1
2021-01-04,15:05:52.811000,14905,14906,14908,1
2021-01-04,15:05:52.811000,14905,14906,14908,1
2021-01-04,15:05:52.811000,14905,14906,14908,1
2021-01-04,15:05:52.982000,14907,14908,14907,1
2021-01-04,15:05:53.822000,14906,14908,14906,1
2021-01-04,15:05:56.631000,14906,14908,14908,1
2021-01-04,15:05:58.194000,14907,14908,14908,5
2021-01-04,15:05:58.249000,14907,14908,14908,2
2021-01-04,15:05:58.249000,14907,14908,14908,2
2021-01-04,15:05:58.250000,14907,14908,14908,5
2021-01-04,15:05:58.311000,14907,14908,14908,3
2021-01-04,15:05:58.554000,14907,14908,14908,3
2021-01-04,15:05:58.554000,14907,14908,14909,1
2021-01-04,15:05:59.154000,14907,14908,14908,1
2021-01-04,15:05:59.629000,14907,14908,14908,1
2021-01-04,15:06:00.004000,14907,14908,14908,1
2021-01-04,15:06:00.004000,14907,14908,14908,3
2021-01-04,15:06:00.127000,14907,14908,14907,1
2021-01-04,15:06:00.477000,14907,14908,14908,1
2021-01-04,15:06:01.188000,14907,14908,14907,2
2021-01-04,15:06:02.194000,14907,14908,14908,1
2021-01-04,15:06:02.351000,14907,14908,14907,1
2021-01-04,15:06:04.621000,14907,14908,14907,2
2021-01-04,15:06:08.435000,14907,14908,14907,1
2021-01-04,15:06:08.482000,14907,14908,14907,6
2021-01-04,15:06:08.723000,14906,14907,14907,1
2021-01-04,15:06:09.294000,14906,14907,14907,1
2021-01-04,15:06:09.480000,14906,14907,14907,1
2021-01-04,15:06:09.839000,14906,14908,14906,2
2021-01-04,15:06:10.175000,14906,14907,14907,1
2021-01-04,15:06:10.336000,14906,14907,14907,1
2021-01-04,15:06:10.982000,14906,14907,14906,21
2021-01-04,15:06:11.498000,14905,14907,14907,5
2021-01-04,15:06:11.857000,14906,14907,14906,2
2021-01-04,15:06:12.559000,14905,14906,14906,1
2021-01-04,15:06:20.547000,14905,14906,14906,1
2021-01-04,15:06:20.547000,14905,14906,14907,3
2021-01-04,15:06:20.589000,14905,14906,14905,4
2021-01-04,15:06:20.733000,14905,14906,14906,3
2021-01-04,15:06:21.576000,14905,14906,14906,1
2021-01-04,15:06:23.540000,14905,14906,14906,1
2021-01-04,15:06:23.540000,14905,14906,14907,8
2021-01-04,15:06:23.570000,14905,14906,14907,2
2021-01-04,15:06:23.763000,14907,14908,14908,5
2021-01-04,15:06:26.088000,14907,14908,14907,2
2021-01-04,15:06:26.466000,14907,14908,14907,1
2021-01-04,15:06:27.101000,14907,14908,14907,1
2021-01-04,15:06:29.861000,14907,14908,14907,5
2021-01-04,15:06:30.066000,14907,14908,14908,1
2021-01-04,15:06:30.803000,14907,14908,14907,1
2021-01-04,15:06:31.219000,14907,14908,14907,1
2021-01-04,15:06:31.220000,14907,14908,14907,4
2021-01-04,15:06:31.220000,14907,14908,14907,2
2021-01-04,15:06:31.220000,14907,14908,14907,4
2021-01-04,15:06:31.220000,14907,14908,14907,2
2021-01-04,15:06:31.220000,14907,14908,14907,2
2021-01-04,15:06:31.220000,14907,14908,14907,15
2021-01-04,15:06:32.969000,14906,14907,14906,1
2021-01-04,15:06:34.578000,14906,14907,14906,5
2021-01-04,15:06:37.758000,14905,14906,14906,10
2021-01-04,15:06:37.759000,14905,14906,14906,4
2021-01-04,15:06:37.759000,14905,14906,14906,11
2021-01-04,15:06:37.809000,14905,14906,14906,1
2021-01-04,15:06:38.137000,14906,14907,14907,1
2021-01-04,15:06:41.799000,14906,14908,14908,5
2021-01-04,15:06:43.623000,14906,14907,14907,1
2021-01-04,15:06:46.180000,14906,14907,14906,1
2021-01-04,15:06:48.158000,14906,14907,14907,1
2021-01-04,15:06:48.244000,14906,14907,14907,1
2021-01-04,15:06:48.764000,14906,14907,14906,1
2021-01-04,15:06:51.575000,14905,14906,14906,1
2021-01-04,15:06:52.627000,14905,14906,14906,1
2021-01-04,15:06:53.776000,14905,14906,14905,1
2021-01-04,15:06:54.196000,14905,14906,14906,5
2021-01-04,15:06:56.169000,14905,14906,14905,1
2021-01-04,15:06:56.169000,14905,14906,14905,1
2021-01-04,15:06:56.169000,14905,14906,14905,1
2021-01-04,15:06:56.169000,14905,14906,14905,4
2021-01-04,15:06:56.169000,14905,14906,14905,1
2021-01-04,15:06:56.169000,14905,14906,14905,2
2021-01-04,15:06:56.169000,14905,14906,14905,16
2021-01-04,15:06:57.608000,14904,14905,14904,1
2021-01-04,15:06:58.648000,14904,14905,14905,5
2021-01-04,15:07:00.493000,14905,14906,14905,2
2021-01-04,15:07:00.626000,14905,14906,14905,1
2021-01-04,15:07:01.982000,14905,14906,14905,1
2021-01-04,15:07:04.064000,14905,14906,14905,1
2021-01-04,15:07:05.121000,14905,14906,14905,1
2021-01-04,15:07:07.626000,14904,14906,14904,5
2021-01-04,15:07:15.344000,14904,14905,14904,1
2021-01-04,15:07:16.228000,14904,14905,14905,1
2021-01-04,15:07:17.533000,14904,14906,14904,2
2021-01-04,15:07:18.220000,14904,14906,14904,2
2021-01-04,15:07:25.767000,14905,14906,14905,1
2021-01-04,15:07:27.354000,14904,14906,14906,1
2021-01-04,15:07:36.614000,14904,14905,14904,1
2021-01-04,15:07:36.629000,14904,14905,14905,1
2021-01-04,15:07:38.259000,14904,14905,14905,2
2021-01-04,15:07:40.757000,14904,14905,14905,1
2021-01-04,15:07:41.503000,14904,14905,14905,1
2021-01-04,15:07:41.669000,14904,14905,14904,10
2021-01-04,15:07:41.709000,14904,14905,14904,1
2021-01-04,15:07:41.709000,14904,14905,14905,7
2021-01-04,15:07:42.357000,14904,14905,14904,1
2021-01-04,15:07:45.549000,14904,14905,14904,2
2021-01-04,15:07:45.559000,14904,14905,14903,4
2021-01-04,15:07:46.005000,14903,14904,14903,2
2021-01-04,15:07:47.029000,14903,14904,14904,1
2021-01-04,15:07:48.876000,14903,14904,14904,4
2021-01-04,15:07:48.969000,14903,14904,14904,5
2021-01-04,15:07:48.969000,14903,14904,14905,5
2021-01-04,15:07:49.169000,14903,14905,14905,8
2021-01-04,15:07:50.723000,14903,14905,14903,1
2021-01-04,15:08:01.651000,14904,14905,14905,1
2021-01-04,15:08:01.748000,14904,14905,14904,1
2021-01-04,15:08:03.960000,14904,14905,14905,1
2021-01-04,15:08:04.159000,14904,14905,14904,1
2021-01-04,15:08:07.495000,14904,14905,14904,1
2021-01-04,15:08:10.842000,14903,14904,14904,1
2021-01-04,15:08:11.563000,14903,14904,14903,4
2021-01-04,15:08:11.563000,14903,14904,14903,6
2021-01-04,15:08:11.563000,14903,14904,14903,7
2021-01-04,15:08:11.564000,14903,14904,14903,7
2021-01-04,15:08:11.564000,14903,14904,14903,1
2021-01-04,15:08:11.564000,14903,14904,14903,3
2021-01-04,15:08:11.564000,14903,14904,14903,4
2021-01-04,15:08:11.564000,14903,14904,14903,4
2021-01-04,15:08:16.884000,14902,14903,14903,1
2021-01-04,15:08:17.419000,14902,14904,14902,4
2021-01-04,15:08:18.109000,14903,14904,14903,1
2021-01-04,15:08:18.298000,14902,14904,14902,1
2021-01-04,15:08:28.383000,14903,14904,14903,1
2021-01-04,15:08:31.010000,14903,14904,14903,1
2021-01-04,15:08:32.510000,14903,14904,14903,2
2021-01-04,15:08:32.820000,14902,14903,14903,1
2021-01-04,15:08:39.373000,14902,14903,14903,1
2021-01-04,15:08:40.006000,14902,14903,14903,4
2021-01-04,15:08:40.007000,14902,14903,14903,5
2021-01-04,15:08:41.888000,14903,14904,14904,1
2021-01-04,15:08:43.428000,14903,14904,14903,3
2021-01-04,15:08:43.475000,14903,14904,14903,1
2021-01-04,15:08:45.998000,14903,14904,14904,4
2021-01-04,15:08:48.549000,14904,14905,14904,5
2021-01-04,15:08:48.665000,14903,14904,14903,1
2021-01-04,15:08:49.769000,14903,14904,14904,2
2021-01-04,15:08:57.403000,14904,14905,14904,1
2021-01-04,15:08:58.968000,14904,14905,14904,3
2021-01-04,15:09:00.151000,14903,14904,14904,1
2021-01-04,15:09:00.250000,14903,14904,14903,1
2021-01-04,15:09:01.844000,14903,14904,14904,2
2021-01-04,15:09:07.479000,14904,14905,14904,5
2021-01-04,15:09:08.108000,14903,14904,14904,1
2021-01-04,15:09:10.399000,14904,14905,14905,1
2021-01-04,15:09:10.636000,14904,14905,14904,2
2021-01-04,15:09:12.664000,14903,14904,14903,2
2021-01-04,15:09:13.163000,14903,14904,14904,1
2021-01-04,15:09:24.708000,14903,14904,14904,1
2021-01-04,15:09:24.708000,14903,14904,14904,2
2021-01-04,15:09:27.701000,14904,14905,14905,1
2021-01-04,15:09:43.725000,14904,14905,14904,1
2021-01-04,15:09:44.016000,14904,14905,14905,1
2021-01-04,15:09:45.362000,14904,14905,14905,1
2021-01-04,15:09:46.649000,14904,14905,14904,1
2021-01-04,15:09:48.795000,14904,14905,14905,1
2021-01-04,15:09:50.867000,14904,14905,14905,2
2021-01-04,15:09:50.868000,14904,14905,14905,4
2021-01-04,15:09:58.897000,14904,14905,14905,2
2021-01-04,15:09:59.330000,14904,14905,14904,1
2021-01-04,15:10:02.374000,14904,14905,14905,3
2021-01-04,15:10:02.498000,14904,14905,14904,1
2021-01-04,15:10:02.790000,14904,14905,14905,1
2021-01-04,15:10:02.790000,14904,14905,14905,1
2021-01-04,15:10:02.835000,14904,14905,14905,1
2021-01-04,15:10:03.047000,14904,14905,14905,2
2021-01-04,15:10:03.125000,14904,14905,14905,2
2021-01-04,15:10:03.252000,14904,14905,14905,1
2021-01-04,15:10:03.819000,14904,14905,14904,2
2021-01-04,15:10:05.793000,14904,14905,14904,2
2021-01-04,15:10:09.468000,14903,14904,14904,1
2021-01-04,15:10:10.098000,14903,14904,14904,1
2021-01-04,15:10:13.716000,14903,14904,14904,1
2021-01-04,15:10:14.114000,14903,14904,14904,1
2021-01-04,15:10:19.852000,14903,14904,14904,2
2021-01-04,15:10:20.982000,14903,14904,14903,1
2021-01-04,15:10:22.303000,14903,14904,14903,1
2021-01-04,15:10:22.304000,14903,14904,14903,4
2021-01-04,15:10:23.182000,14902,14903,14902,1
2021-01-04,15:10:25.836000,14902,14903,14903,1
2021-01-04,15:10:27.260000,14903,14904,14903,1
2021-01-04,15:10:28.156000,14902,14903,14903,1
2021-01-04,15:10:28.759000,14902,14903,14903,1
2021-01-04,15:10:32.433000,14902,14903,14902,1
2021-01-04,15:10:32.947000,14902,14903,14903,2
2021-01-04,15:10:35.922000,14902,14903,14903,1
2021-01-04,15:10:37.989000,14902,14903,14903,1
2021-01-04,15:10:38.238000,14902,14903,14903,2
2021-01-04,15:10:38.470000,14902,14903,14902,1
2021-01-04,15:10:39.467000,14902,14903,14903,1
2021-01-04,15:10:41.286000,14902,14904,14902,5
2021-01-04,15:10:46.972000,14902,14903,14902,2
2021-01-04,15:10:52.382000,14902,14903,14902,1
2021-01-04,15:10:54.089000,14902,14903,14903,1
2021-01-04,15:10:54.702000,14902,14903,14902,1
2021-01-04,15:10:58.672000,14902,14903,14902,1
2021-01-04,15:10:59.871000,14902,14903,14903,1
2021-01-04,15:11:00.622000,14902,14903,14902,1
2021-01-04,15:11:00.750000,14902,14903,14902,1
2021-01-04,15:11:00.826000,14902,14903,14903,1
2021-01-04,15:11:00.929000,14902,14904,14904,1
2021-01-04,15:11:01.746000,14903,14904,14904,2
2021-01-04,15:11:02.928000,14903,14904,14904,1
2021-01-04,15:11:03.352000,14903,14904,14904,1
2021-01-04,15:11:03.352000,14903,14904,14904,8
2021-01-04,15:11:05.902000,14904,14905,14904,1
2021-01-04,15:11:09.750000,14904,14905,14904,1
2021-01-04,15:11:13.257000,14904,14905,14904,2
2021-01-04,15:11:13.978000,14904,14905,14905,4
2021-01-04,15:11:13.978000,14904,14905,14905,1
2021-01-04,15:11:13.978000,14904,14905,14905,19
2021-01-04,15:11:13.978000,14904,14905,14905,19
2021-01-04,15:11:14.848000,14905,14906,14905,1
2021-01-04,15:11:18.271000,14905,14906,14905,2
2021-01-04,15:11:19.521000,14905,14906,14905,1
2021-01-04,15:11:23.226000,14904,14905,14905,1
2021-01-04,15:11:25.128000,14904,14905,14905,1
2021-01-04,15:11:26.412000,14904,14905,14905,5
2021-01-04,15:11:26.693000,14904,14905,14905,5
2021-01-04,15:11:26.992000,14904,14905,14905,5
2021-01-04,15:11:45.843000,14905,14906,14906,1
2021-01-04,15:11:48.949000,14905,14906,14906,2
2021-01-04,15:11:54.717000,14905,14906,14905,3
2021-01-04,15:11:54.717000,14905,14906,14905,9
2021-01-04,15:11:58.873000,14904,14905,14905,2
2021-01-04,15:12:00.164000,14904,14905,14904,3
2021-01-04,15:12:00.249000,14904,14905,14904,1
2021-01-04,15:12:00.249000,14904,14905,14904,4
2021-01-04,15:12:09.287000,14902,14904,14902,1
2021-01-04,15:12:12.570000,14902,14903,14902,4
2021-01-04,15:12:12.571000,14902,14903,14902,1
2021-01-04,15:12:13.643000,14901,14903,14903,1
2021-01-04,15:12:14.907000,14901,14902,14902,1
2021-01-04,15:12:15.768000,14901,14902,14901,1
2021-01-04,15:12:15.777000,14901,14902,14901,2
2021-01-04,15:12:20.650000,14901,14902,14901,2
2021-01-04,15:12:22.668000,14901,14902,14901,1
2021-01-04,15:12:27.624000,14901,14902,14901,2
2021-01-04,15:12:29.659000,14900,14902,14902,1
2021-01-04,15:12:31.733000,14900,14901,14901,1
2021-01-04,15:12:39.520000,14901,14902,14901,1
2021-01-04,15:12:41.786000,14901,14902,14902,1
2021-01-04,15:12:42.886000,14901,14903,14901,1
2021-01-04,15:12:46.172000,14901,14903,14901,1
2021-01-04,15:12:55.157000,14901,14902,14902,1
2021-01-04,15:12:57.679000,14901,14902,14902,1
2021-01-04,15:13:02.608000,14901,14902,14902,2
2021-01-04,15:13:02.748000,14901,14902,14901,1
2021-01-04,15:13:04.354000,14901,14902,14902,1
2021-01-04,15:13:05.752000,14901,14902,14902,2
2021-01-04,15:13:06.292000,14902,14903,14903,3
2021-01-04,15:13:06.843000,14902,14903,14903,7
2021-01-04,15:13:06.843000,14902,14903,14903,4
2021-01-04,15:13:06.843000,14902,14903,14903,1
2021-01-04,15:13:06.843000,14902,14903,14903,3
2021-01-04,15:13:08.702000,14903,14904,14903,1
2021-01-04,15:13:08.702000,14903,14904,14902,4
2021-01-04,15:13:21.432000,14902,14903,14902,1
2021-01-04,15:13:24.872000,14902,14903,14902,1
2021-01-04,15:13:25.381000,14902,14903,14902,1
2021-01-04,15:13:25.558000,14902,14903,14903,1
2021-01-04,15:13:34.258000,14902,14903,14903,1
2021-01-04,15:13:38.907000,14902,14903,14903,2
2021-01-04,15:13:45.275000,14903,14904,14903,2
2021-01-04,15:13:45.275000,14903,14904,14903,1
2021-01-04,15:13:52.960000,14903,14904,14904,1
2021-01-04,15:13:53.833000,14903,14904,14904,4
2021-01-04,15:13:53.995000,14904,14905,14904,1
2021-01-04,15:13:55.229000,14904,14905,14905,1
2021-01-04,15:13:55.471000,14904,14905,14905,1
2021-01-04,15:13:55.512000,14904,14905,14905,1
2021-01-04,15:14:02.281000,14904,14905,14905,1
2021-01-04,15:14:02.374000,14904,14905,14904,1
2021-01-04,15:14:02.650000,14904,14905,14905,3
2021-01-04,15:14:11.762000,14904,14905,14905,4
2021-01-04,15:14:20.489000,14904,14905,14904,4
2021-01-04,15:14:21.419000,14903,14905,14905,1
2021-01-04,15:14:28.667000,14903,14904,14904,1
2021-01-04,15:14:32.448000,14903,14905,14905,1
2021-01-04,15:14:47.877000,14904,14905,14904,2
2021-01-04,15:14:47.877000,14904,14905,14903,5
2021-01-04,15:14:56.640000,14904,14905,14904,1
2021-01-04,15:14:58.276000,14903,14905,14904,1
2021-01-04,15:15:00.986000,14904,14905,14904,1
2021-01-04,15:15:01.143000,14904,14905,14904,1
2021-01-04,15:15:01.241000,14904,14905,14905,1
2021-01-04,15:15:01.241000,14904,14905,14904,1
2021-01-04,15:15:01.333000,14904,14905,14904,1
2021-01-04,15:15:01.364000,14904,14905,14904,1
2021-01-04,15:15:01.585000,14904,14905,14905,4
2021-01-04,15:15:01.585000,14904,14905,14905,1
2021-01-04,15:15:01.589000,14904,14905,14905,1
2021-01-04,15:15:01.648000,14905,14906,14905,1
2021-01-04,15:15:02.411000,14905,14906,14906,1
2021-01-04,15:15:04.814000,14905,14906,14906,1
2021-01-04,15:15:06.191000,14905,14906,14906,1
2021-01-04,15:15:06.491000,14905,14906,14906,1
2021-01-04,15:15:07.262000,14905,14906,14905,3
2021-01-04,15:15:07.834000,14905,14906,14905,1
2021-01-04,15:15:16.350000,14905,14906,14905,1
2021-01-04,15:15:17.140000,14905,14906,14906,1
2021-01-04,15:15:18.118000,14905,14906,14906,1
2021-01-04,15:15:18.608000,14905,14906,14906,2
2021-01-04,15:15:19.365000,14905,14906,14906,7
2021-01-04,15:15:19.365000,14905,14906,14906,4
2021-01-04,15:15:19.366000,14905,14906,14906,1
2021-01-04,15:15:19.366000,14905,14906,14906,1
2021-01-04,15:15:19.366000,14905,14906,14906,20
2021-01-04,15:15:19.789000,14906,14907,14907,1
2021-01-04,15:15:19.883000,14906,14907,14907,1
2021-01-04,15:15:20.357000,14906,14907,14907,6
2021-01-04,15:15:22.273000,14905,14907,14907,2
2021-01-04,15:15:22.385000,14905,14907,14907,2
2021-01-04,15:15:27.453000,14905,14906,14906,1
2021-01-04,15:15:28.092000,14905,14906,14906,2
2021-01-04,15:15:29.214000,14905,14906,14906,1
2021-01-04,15:15:29.836000,14905,14906,14906,2
2021-01-04,15:15:29.836000,14905,14906,14907,1
2021-01-04,15:15:32.353000,14906,14907,14906,1
2021-01-04,15:15:32.948000,14906,14907,14906,1
2021-01-04,15:15:35.874000,14905,14906,14906,2
2021-01-04,15:15:36.801000,14905,14906,14906,1
2021-01-04,15:15:36.857000,14905,14906,14906,4
2021-01-04,15:15:37.447000,14905,14907,14906,1
2021-01-04,15:15:39.732000,14905,14906,14906,1
2021-01-04,15:15:41.061000,14906,14907,14906,1
2021-01-04,15:15:41.232000,14905,14906,14906,1
2021-01-04,15:15:45.062000,14905,14907,14907,1
2021-01-04,15:15:48.497000,14905,14907,14907,1
2021-01-04,15:15:51.271000,14906,14907,14907,2
2021-01-04,15:15:51.277000,14906,14907,14907,1
2021-01-04,15:15:52.188000,14907,14908,14907,1
2021-01-04,15:15:52.232000,14907,14908,14908,16
2021-01-04,15:15:53.874000,14908,14909,14909,1
2021-01-04,15:15:54.007000,14908,14909,14909,1
2021-01-04,15:15:54.223000,14908,14909,14909,1
2021-01-04,15:15:54.818000,14908,14909,14909,3
2021-01-04,15:15:58.152000,14908,14909,14909,6
2021-01-04,15:15:58.793000,14908,14909,14908,1
2021-01-04,15:15:59.407000,14908,14909,14908,1
2021-01-04,15:15:59.407000,14908,14909,14908,2
2021-01-04,15:16:00.484000,14907,14908,14908,5
2021-01-04,15:16:00.625000,14907,14908,14907,1
2021-01-04,15:16:03.794000,14907,14908,14908,2
2021-01-04,15:16:04.265000,14907,14908,14908,2
2021-01-04,15:16:06.004000,14908,14909,14908,1
2021-01-04,15:16:06.004000,14908,14909,14908,2
2021-01-04,15:16:06.739000,14907,14908,14908,2
2021-01-04,15:16:07.603000,14907,14908,14908,1
2021-01-04,15:16:08.847000,14907,14908,14908,2
2021-01-04,15:16:09.068000,14907,14908,14908,1
2021-01-04,15:16:09.467000,14907,14908,14908,1
2021-01-04,15:16:10.535000,14907,14908,14908,1
2021-01-04,15:16:10.723000,14907,14908,14908,1
2021-01-04,15:16:10.989000,14907,14908,14908,2
2021-01-04,15:16:11.811000,14907,14908,14908,2
2021-01-04,15:16:12.336000,14907,14908,14908,2
2021-01-04,15:16:12.654000,14907,14908,14908,2
2021-01-04,15:16:15.009000,14907,14908,14908,1
2021-01-04,15:16:15.009000,14907,14908,14909,2
2021-01-04,15:16:15.536000,14907,14908,14907,1
2021-01-04,15:16:20.567000,14907,14908,14908,2
2021-01-04,15:16:20.567000,14907,14908,14909,1
2021-01-04,15:16:21.026000,14907,14908,14907,1
2021-01-04,15:16:24.052000,14907,14908,14907,2
2021-01-04,15:16:24.053000,14907,14908,14907,2
2021-01-04,15:16:24.055000,14907,14908,14907,1
2021-01-04,15:16:24.055000,14907,14908,14907,1
2021-01-04,15:16:24.055000,14907,14908,14907,1
2021-01-04,15:16:24.055000,14907,14908,14907,1
2021-01-04,15:16:24.055000,14907,14908,14907,2
2021-01-04,15:16:27.258000,14906,14907,14907,1
2021-01-04,15:16:29.058000,14906,14907,14906,1
2021-01-04,15:16:29.108000,14905,14906,14906,2
2021-01-04,15:16:42.951000,14906,14907,14907,1
2021-01-04,15:16:46.409000,14906,14907,14907,1
2021-01-04,15:16:48.890000,14906,14907,14907,1
2021-01-04,15:16:51.704000,14906,14907,14906,1
2021-01-04,15:16:51.890000,14906,14907,14906,1
2021-01-04,15:16:52.105000,14906,14907,14907,1
2021-01-04,15:17:00.857000,14908,14909,14909,3
2021-01-04,15:17:00.857000,14908,14909,14909,2
2021-01-04,15:17:00.857000,14908,14909,14909,4
2021-01-04,15:17:00.857000,14908,14909,14909,3
2021-01-04,15:17:00.858000,14908,14909,14909,1
2021-01-04,15:17:01,14909,14910,14909,1
2021-01-04,15:17:05.758000,14909,14910,14910,2
2021-01-04,15:17:05.935000,14909,14910,14910,10
2021-01-04,15:17:06.098000,14909,14910,14910,10
2021-01-04,15:17:06.218000,14909,14910,14910,1
2021-01-04,15:17:07.353000,14909,14910,14910,1
2021-01-04,15:17:16.738000,14909,14910,14910,1
2021-01-04,15:17:17.512000,14909,14910,14910,5
2021-01-04,15:17:18.784000,14909,14910,14910,1
2021-01-04,15:17:20.680000,14909,14910,14910,1
2021-01-04,15:17:22.637000,14909,14910,14909,1
2021-01-04,15:17:24.051000,14909,14910,14910,1
2021-01-04,15:17:24.189000,14909,14910,14910,2
2021-01-04,15:17:24.628000,14909,14910,14910,1
2021-01-04,15:17:25.945000,14909,14910,14909,1
2021-01-04,15:17:29.181000,14909,14910,14910,1
2021-01-04,15:17:29.629000,14909,14910,14910,1
2021-01-04,15:17:30.650000,14909,14910,14909,1
2021-01-04,15:17:31.108000,14909,14910,14909,5
2021-01-04,15:17:32.837000,14909,14910,14909,5
2021-01-04,15:17:33.021000,14909,14910,14910,1
2021-01-04,15:17:35.174000,14909,14910,14909,1
2021-01-04,15:17:36.423000,14909,14910,14909,1
2021-01-04,15:17:36.473000,14909,14910,14909,3
2021-01-04,15:17:41.130000,14908,14909,14909,1
2021-01-04,15:17:43.497000,14908,14910,14910,1
2021-01-04,15:17:44.426000,14909,14910,14909,1
2021-01-04,15:17:48.804000,14908,14909,14909,1
2021-01-04,15:17:52.045000,14908,14909,14908,1
2021-01-04,15:17:52.164000,14908,14909,14909,1
2021-01-04,15:17:52.530000,14908,14910,14908,1
2021-01-04,15:18:00.078000,14909,14910,14909,1
2021-01-04,15:18:00.123000,14909,14910,14909,1
2021-01-04,15:18:01.129000,14909,14910,14909,1
2021-01-04,15:18:03.918000,14908,14910,14908,2
2021-01-04,15:18:04.056000,14908,14910,14910,2
2021-01-04,15:18:06.524000,14909,14910,14910,8
2021-01-04,15:18:09.517000,14909,14910,14910,1
2021-01-04,15:18:10.676000,14909,14910,14910,2
2021-01-04,15:18:15.117000,14909,14910,14909,1
2021-01-04,15:18:15.856000,14909,14910,14909,1
2021-01-04,15:18:18.983000,14909,14910,14909,2
2021-01-04,15:18:19.759000,14909,14910,14910,1
2021-01-04,15:18:26.481000,14909,14910,14909,2
2021-01-04,15:18:29.738000,14909,14910,14910,1
2021-01-04,15:18:34.818000,14909,14910,14910,1
2021-01-04,15:18:34.915000,14909,14910,14910,1
2021-01-04,15:18:36.220000,14909,14910,14910,1
2021-01-04,15:18:42.095000,14909,14910,14910,1
2021-01-04,15:18:46.268000,14909,14910,14909,2
2021-01-04,15:18:52.746000,14909,14910,14910,1
2021-01-04,15:18:59.856000,14909,14910,14910,1
2021-01-04,15:19:05.286000,14909,14910,14910,1
2021-01-04,15:19:05.376000,14909,14910,14909,1
2021-01-04,15:19:08.673000,14909,14910,14910,1
2021-01-04,15:19:08.857000,14909,14910,14909,1
2021-01-04,15:19:09.548000,14909,14910,14910,1
2021-01-04,15:19:09.783000,14909,14910,14910,1
2021-01-04,15:19:16.042000,14909,14910,14909,1
2021-01-04,15:19:19.681000,14909,14910,14910,1
2021-01-04,15:19:19.889000,14909,14910,14910,1
2021-01-04,15:19:19.926000,14909,14910,14910,4
2021-01-04,15:19:19.926000,14909,14910,14910,2
2021-01-04,15:19:19.926000,14909,14910,14910,1
2021-01-04,15:19:19.926000,14909,14910,14910,13
2021-01-04,15:19:19.927000,14909,14910,14910,6
2021-01-04,15:19:19.927000,14909,14910,14910,1
2021-01-04,15:19:24.441000,14910,14911,14911,2
2021-01-04,15:19:24.502000,14910,14911,14911,1
2021-01-04,15:19:24.934000,14910,14911,14911,1
2021-01-04,15:19:25.079000,14910,14911,14911,1
2021-01-04,15:19:26.228000,14910,14911,14910,1
2021-01-04,15:19:26.372000,14910,14911,14911,1
2021-01-04,15:19:28.714000,14910,14911,14911,1
2021-01-04,15:19:29.134000,14910,14911,14911,1
2021-01-04,15:19:36.972000,14910,14911,14910,1
2021-01-04,15:19:37.469000,14909,14911,14910,1
2021-01-04,15:19:37.469000,14909,14911,14911,1
2021-01-04,15:19:38.096000,14909,14911,14911,1
2021-01-04,15:19:39.491000,14909,14911,14911,1
2021-01-04,15:19:46.611000,14910,14911,14910,1
2021-01-04,15:19:48.857000,14910,14911,14910,3
2021-01-04,15:19:49.069000,14909,14910,14909,1
2021-01-04,15:19:49.178000,14909,14910,14910,2
2021-01-04,15:19:49.714000,14909,14910,14909,1
2021-01-04,15:19:52.732000,14909,14910,14909,16
2021-01-04,15:19:53.596000,14908,14909,14909,1
2021-01-04,15:19:58.846000,14908,14909,14908,1
2021-01-04,15:20:04.383000,14908,14909,14909,1
2021-01-04,15:20:04.500000,14908,14910,14908,1
2021-01-04,15:20:18.982000,14909,14910,14910,5
2021-01-04,15:20:19.354000,14910,14911,14911,1
2021-01-04,15:20:19.377000,14910,14911,14911,1
2021-01-04,15:20:19.540000,14910,14911,14911,1
2021-01-04,15:20:19.562000,14910,14911,14911,1
2021-01-04,15:20:22.684000,14910,14911,14910,1
2021-01-04,15:20:26.475000,14910,14911,14910,1
2021-01-04,15:20:27.115000,14910,14911,14910,1
2021-01-04,15:20:28.422000,14910,14911,14910,1
2021-01-04,15:20:30.599000,14910,14911,14910,1
2021-01-04,15:20:36.973000,14910,14911,14910,1
2021-01-04,15:20:36.974000,14910,14911,14910,4
2021-01-04,15:20:42.832000,14909,14910,14910,1
2021-01-04,15:20:44.879000,14909,14910,14909,2
2021-01-04,15:20:47.236000,14909,14910,14909,1
2021-01-04,15:20:50.586000,14908,14909,14909,1
2021-01-04,15:20:51.375000,14908,14909,14909,2
2021-01-04,15:20:56.679000,14908,14909,14909,1
2021-01-04,15:21:02.200000,14908,14909,14908,2
2021-01-04,15:21:06.213000,14908,14909,14908,1
2021-01-04,15:21:09.708000,14908,14909,14908,2
2021-01-04,15:21:11.003000,14908,14909,14908,1
2021-01-04,15:21:12.242000,14908,14909,14908,1
2021-01-04,15:21:16.982000,14908,14909,14908,16
2021-01-04,15:21:16.983000,14908,14909,14908,13
2021-01-04,15:21:17.088000,14908,14909,14908,1
2021-01-04,15:21:17.110000,14907,14908,14907,1
2021-01-04,15:21:23.504000,14907,14908,14907,1
2021-01-04,15:21:26.099000,14907,14908,14907,8
2021-01-04,15:21:32.724000,14907,14908,14907,1
2021-01-04,15:21:35.701000,14907,14908,14907,1
2021-01-04,15:21:36.293000,14907,14908,14908,5
2021-01-04,15:21:37.391000,14907,14908,14907,2
2021-01-04,15:21:37.892000,14907,14908,14908,1
2021-01-04,15:21:51.365000,14907,14908,14907,1
2021-01-04,15:22:20.017000,14907,14908,14907,1
2021-01-04,15:22:20.017000,14907,14908,14907,1
2021-01-04,15:22:20.017000,14907,14908,14907,7
2021-01-04,15:22:24.664000,14906,14907,14906,1
2021-01-04,15:22:34.604000,14906,14907,14907,1
2021-01-04,15:22:36.792000,14906,14907,14906,1
2021-01-04,15:22:37.396000,14906,14907,14906,2
2021-01-04,15:22:37.396000,14906,14907,14906,4
2021-01-04,15:22:51.310000,14906,14907,14906,5
2021-01-04,15:22:52.605000,14906,14907,14906,5
2021-01-04,15:22:54.808000,14906,14907,14906,1
2021-01-04,15:22:54.808000,14906,14907,14905,1
2021-01-04,15:23:04.691000,14905,14906,14906,1
2021-01-04,15:23:05.902000,14905,14906,14906,4
2021-01-04,15:23:06.305000,14906,14907,14907,1
2021-01-04,15:23:06.441000,14905,14907,14905,2
2021-01-04,15:23:09.603000,14905,14906,14906,1
2021-01-04,15:23:13.858000,14905,14906,14906,1
2021-01-04,15:23:13.859000,14905,14906,14906,3
2021-01-04,15:23:18.111000,14906,14907,14907,1
2021-01-04,15:23:23.972000,14906,14907,14906,1
2021-01-04,15:23:31.124000,14905,14906,14905,5
2021-01-04,15:23:36.394000,14905,14906,14906,1
2021-01-04,15:23:47.304000,14905,14906,14905,1
2021-01-04,15:23:47.305000,14905,14906,14905,5
2021-01-04,15:23:47.305000,14905,14906,14905,8
2021-01-04,15:23:48.622000,14905,14906,14905,1
2021-01-04,15:23:55.906000,14904,14905,14905,1
2021-01-04,15:24:02.204000,14904,14905,14904,1
2021-01-04,15:24:02.416000,14904,14905,14904,1
2021-01-04,15:24:02.417000,14904,14905,14904,4
2021-01-04,15:24:02.417000,14904,14905,14904,4
2021-01-04,15:24:07.275000,14903,14904,14903,1
2021-01-04,15:24:07.392000,14903,14904,14903,2
2021-01-04,15:24:07.538000,14903,14904,14903,1
2021-01-04,15:24:07.573000,14903,14904,14904,2
2021-01-04,15:24:07.586000,14903,14904,14903,2
2021-01-04,15:24:07.586000,14903,14904,14902,6
2021-01-04,15:24:07.772000,14902,14904,14902,1
2021-01-04,15:24:07.844000,14902,14904,14902,1
2021-01-04,15:24:11.945000,14902,14903,14902,4
2021-01-04,15:24:11.945000,14902,14903,14901,3
2021-01-04,15:24:12.039000,14901,14903,14903,1
2021-01-04,15:24:12.938000,14902,14903,14902,1
2021-01-04,15:24:17.743000,14901,14902,14902,1
2021-01-04,15:24:20.046000,14901,14902,14901,7
2021-01-04,15:24:22.197000,14901,14902,14901,3
2021-01-04,15:24:22.852000,14901,14902,14901,1
2021-01-04,15:24:23.600000,14901,14902,14902,1
2021-01-04,15:24:24.216000,14901,14902,14902,1
2021-01-04,15:24:24.994000,14901,14902,14902,2
2021-01-04,15:24:24.995000,14901,14902,14902,1
2021-01-04,15:24:25.583000,14901,14903,14903,2
2021-01-04,15:24:25.756000,14902,14904,14902,8
2021-01-04,15:24:26.254000,14901,14903,14902,1
2021-01-04,15:24:28.310000,14902,14903,14902,5
2021-01-04,15:24:28.310000,14902,14903,14901,15
2021-01-04,15:24:28.310000,14902,14903,14900,36
2021-01-04,15:24:28.312000,14902,14903,14901,1
2021-01-04,15:24:28.381000,14900,14902,14900,1
2021-01-04,15:24:28.876000,14900,14902,14900,4
2021-01-04,15:24:28.876000,14900,14902,14899,3
2021-01-04,15:24:29.137000,14900,14902,14900,1
2021-01-04,15:24:29.199000,14900,14902,14900,1
2021-01-04,15:24:29.217000,14900,14902,14900,1
2021-01-04,15:24:29.233000,14900,14902,14900,1
2021-01-04,15:24:29.239000,14900,14902,14900,1
2021-01-04,15:24:29.240000,14900,14902,14900,1
2021-01-04,15:24:29.247000,14900,14902,14900,1
2021-01-04,15:24:29.254000,14900,14902,14900,1
2021-01-04,15:24:29.254000,14900,14902,14900,1
2021-01-04,15:24:29.260000,14900,14902,14899,1
2021-01-04,15:24:29.260000,14900,14902,14899,1
2021-01-04,15:24:29.270000,14900,14902,14899,1
2021-01-04,15:24:29.281000,14900,14902,14899,1
2021-01-04,15:24:29.282000,14900,14902,14899,1
2021-01-04,15:24:29.315000,14900,14902,14899,1
2021-01-04,15:24:29.315000,14900,14902,14899,1
2021-01-04,15:24:29.317000,14900,14902,14900,4
2021-01-04,15:24:29.458000,14899,14901,14899,1
2021-01-04,15:24:31.004000,14899,14900,14900,2
2021-01-04,15:24:31.816000,14899,14900,14900,1
2021-01-04,15:24:34.388000,14899,14900,14899,1
2021-01-04,15:24:34.538000,14899,14900,14900,2
2021-01-04,15:24:35.060000,14899,14900,14899,10
2021-01-04,15:24:35.060000,14899,14900,14898,26
2021-01-04,15:24:35.062000,14899,14900,14899,2
2021-01-04,15:24:38.606000,14899,14900,14899,1
2021-01-04,15:24:41.154000,14899,14900,14899,1
2021-01-04,15:24:41.471000,14899,14900,14899,1
2021-01-04,15:24:43.029000,14899,14900,14899,1
2021-01-04,15:24:43.313000,14899,14900,14899,2
2021-01-04,15:24:43.321000,14899,14900,14899,1
2021-01-04,15:24:43.321000,14899,14900,14898,1
2021-01-04,15:24:47.635000,14899,14900,14900,1
2021-01-04,15:24:47.852000,14899,14900,14900,1
2021-01-04,15:24:48.544000,14899,14900,14900,12
2021-01-04,15:24:49.294000,14900,14901,14900,1
2021-01-04,15:24:50.888000,14900,14902,14900,1
2021-01-04,15:24:52.737000,14900,14902,14900,1
2021-01-04,15:25:00.692000,14900,14901,14900,3
2021-01-04,15:25:02.732000,14900,14901,14901,1
2021-01-04,15:25:02.732000,14900,14901,14902,4
2021-01-04,15:25:02.830000,14900,14901,14902,1
2021-01-04,15:25:02.918000,14900,14902,14902,1
2021-01-04,15:25:03.245000,14901,14902,14902,1
2021-01-04,15:25:03.256000,14901,14902,14903,1
2021-01-04,15:25:03.261000,14901,14902,14903,1
2021-01-04,15:25:03.286000,14901,14902,14903,1
2021-01-04,15:25:19.276000,14902,14903,14903,1
2021-01-04,15:25:21.985000,14902,14903,14902,1
2021-01-04,15:25:28.380000,14902,14903,14902,1
2021-01-04,15:25:29.653000,14902,14903,14902,1
2021-01-04,15:25:32.733000,14902,14903,14902,2
2021-01-04,15:25:34.968000,14902,14903,14902,1
2021-01-04,15:25:38.932000,14901,14902,14902,1
2021-01-04,15:25:40.766000,14901,14902,14901,1
2021-01-04,15:25:41.694000,14901,14902,14901,1
2021-01-04,15:25:46.613000,14901,14902,14901,1
2021-01-04,15:25:46.923000,14901,14902,14901,1
2021-01-04,15:25:48.526000,14901,14902,14901,1
2021-01-04,15:25:51.344000,14901,14902,14901,1
2021-01-04,15:25:56.917000,14901,14902,14901,1
2021-01-04,15:25:57.165000,14901,14902,14901,1
2021-01-04,15:26:02.188000,14900,14901,14901,1
2021-01-04,15:26:02.294000,14900,14901,14900,1
2021-01-04,15:26:02.753000,14900,14901,14901,1
2021-01-04,15:26:06.582000,14900,14901,14900,1
2021-01-04,15:26:11.232000,14900,14901,14900,1
2021-01-04,15:26:11.310000,14900,14901,14900,2
2021-01-04,15:26:11.355000,14900,14901,14900,1
2021-01-04,15:26:13.761000,14899,14900,14899,1
2021-01-04,15:26:14.240000,14899,14900,14899,1
2021-01-04,15:26:16.599000,14899,14900,14900,1
2021-01-04,15:26:19.974000,14899,14900,14899,1
2021-01-04,15:26:22.953000,14899,14900,14900,1
2021-01-04,15:26:23.146000,14899,14900,14899,1
2021-01-04,15:26:24.324000,14899,14900,14899,1
2021-01-04,15:26:26.335000,14899,14900,14900,5
2021-01-04,15:26:26.337000,14899,14900,14900,1
2021-01-04,15:26:26.337000,14899,14900,14900,1
2021-01-04,15:26:26.337000,14899,14900,14900,1
2021-01-04,15:26:26.337000,14899,14900,14900,1
2021-01-04,15:26:26.338000,14899,14900,14900,2
2021-01-04,15:26:27.753000,14900,14901,14900,5
2021-01-04,15:26:32.098000,14900,14901,14901,1
2021-01-04,15:26:32.869000,14900,14901,14900,1
2021-01-04,15:26:33.607000,14900,14901,14901,1
2021-01-04,15:26:34.924000,14900,14901,14901,2
2021-01-04,15:26:35.398000,14900,14902,14900,1
2021-01-04,15:26:47.895000,14900,14901,14901,2
2021-01-04,15:26:48.075000,14901,14902,14901,2
2021-01-04,15:26:52.384000,14901,14902,14902,1
2021-01-04,15:27:00.595000,14901,14902,14901,4
2021-01-04,15:27:03.853000,14901,14902,14901,3
2021-01-04,15:27:06.161000,14901,14902,14901,2
2021-01-04,15:27:07.185000,14901,14902,14902,2
2021-01-04,15:27:07.186000,14901,14902,14902,3
2021-01-04,15:27:07.186000,14901,14902,14902,1
2021-01-04,15:27:07.186000,14901,14902,14902,1
2021-01-04,15:27:09.551000,14902,14903,14902,2
2021-01-04,15:27:10.124000,14901,14903,14901,4
2021-01-04,15:27:17.570000,14901,14902,14901,2
2021-01-04,15:27:19.143000,14901,14902,14902,1
2021-01-04,15:27:19.726000,14901,14902,14901,2
2021-01-04,15:27:23.921000,14901,14902,14901,1
2021-01-04,15:27:23.921000,14901,14902,14900,7
2021-01-04,15:27:28.220000,14901,14902,14901,1
2021-01-04,15:27:29.971000,14900,14901,14900,5
2021-01-04,15:27:29.971000,14900,14901,14899,1
2021-01-04,15:27:38.717000,14900,14901,14900,2
2021-01-04,15:27:45.553000,14900,14901,14901,1
2021-01-04,15:27:46.004000,14900,14901,14900,6
2021-01-04,15:27:51.127000,14900,14901,14900,3
2021-01-04,15:27:51.366000,14899,14900,14900,1
2021-01-04,15:27:53.820000,14899,14900,14899,2
2021-01-04,15:27:53.865000,14899,14900,14899,1
2021-01-04,15:27:53.865000,14899,14900,14899,1
2021-01-04,15:27:53.865000,14899,14900,14899,4
2021-01-04,15:27:53.866000,14899,14900,14899,11
2021-01-04,15:27:53.866000,14899,14900,14899,4
2021-01-04,15:27:55.631000,14898,14900,14898,6
2021-01-04,15:28:02.139000,14898,14899,14899,1
2021-01-04,15:28:02.425000,14899,14900,14899,4
2021-01-04,15:28:02.425000,14899,14900,14898,8
2021-01-04,15:28:02.462000,14899,14900,14900,1
2021-01-04,15:28:03.014000,14899,14901,14899,2
2021-01-04,15:28:04.691000,14899,14900,14899,1
2021-01-04,15:28:06.636000,14899,14900,14899,2
2021-01-04,15:28:15.263000,14899,14900,14900,1
2021-01-04,15:28:16.756000,14899,14900,14900,1
2021-01-04,15:28:23.463000,14899,14900,14900,1
2021-01-04,15:28:28.837000,14899,14900,14900,1
2021-01-04,15:28:34.659000,14899,14900,14899,1
2021-01-04,15:28:34.660000,14899,14900,14899,1
2021-01-04,15:28:34.660000,14899,14900,14899,2
2021-01-04,15:28:34.831000,14898,14899,14899,2
2021-01-04,15:28:45.186000,14899,14900,14899,1
2021-01-04,15:28:50.484000,14899,14900,14900,1
2021-01-04,15:28:50.677000,14899,14900,14899,3
2021-01-04,15:28:54.004000,14899,14900,14899,2
2021-01-04,15:28:55.713000,14899,14900,14899,4
2021-01-04,15:28:56.482000,14898,14899,14899,1
2021-01-04,15:29:00.797000,14899,14900,14900,1
2021-01-04,15:29:02.311000,14899,14900,14899,3
2021-01-04,15:29:17.121000,14899,14900,14899,1
2021-01-04,15:29:35.495000,14899,14900,14900,1
2021-01-04,15:29:39.084000,14899,14900,14899,8
2021-01-04,15:29:40.609000,14899,14900,14899,1
2021-01-04,15:29:40.609000,14899,14900,14898,5
2021-01-04,15:29:42.726000,14899,14900,14899,1
2021-01-04,15:30:00.542000,14898,14899,14899,2
2021-01-04,15:30:00.542000,14898,14899,14899,1
2021-01-04,15:30:00.542000,14898,14899,14899,3
2021-01-04,15:30:01.099000,14899,14900,14900,1
2021-01-04,15:30:01.150000,14899,14900,14899,2
2021-01-04,15:30:01.489000,14899,14900,14900,2
2021-01-04,15:30:01.493000,14899,14900,14900,2
2021-01-04,15:30:10.002000,14899,14900,14900,8
2021-01-04,15:30:18.187000,14900,14901,14901,2
2021-01-04,15:30:18.188000,14900,14901,14901,4
2021-01-04,15:30:18.226000,14900,14901,14901,4
2021-01-04,15:30:23.595000,14901,14902,14902,1
2021-01-04,15:30:27.421000,14901,14902,14902,1
2021-01-04,15:30:31.638000,14901,14902,14902,3
2021-01-04,15:30:44.702000,14901,14902,14901,1
2021-01-04,15:30:49.911000,14901,14902,14902,1
2021-01-04,15:30:50.802000,14901,14902,14902,6
2021-01-04,15:30:50.803000,14901,14902,14902,2
2021-01-04,15:30:50.803000,14901,14902,14902,3
2021-01-04,15:30:51.982000,14902,14903,14902,1
2021-01-04,15:30:55.023000,14901,14903,14902,1
2021-01-04,15:30:55.023000,14901,14903,14903,1
2021-01-04,15:31:01.197000,14901,14902,14902,1
2021-01-04,15:31:10.680000,14901,14902,14902,1
2021-01-04,15:31:11.815000,14901,14902,14901,1
2021-01-04,15:31:12.705000,14901,14902,14901,5
2021-01-04,15:31:15.339000,14901,14902,14901,1
2021-01-04,15:31:17.255000,14901,14902,14902,1
2021-01-04,15:31:19.534000,14901,14902,14902,1
2021-01-04,15:31:28.838000,14901,14902,14901,1
2021-01-04,15:31:37.327000,14900,14901,14900,4
2021-01-04,15:31:38.298000,14900,14901,14900,1
2021-01-04,15:31:43.102000,14900,14901,14900,1
2021-01-04,15:31:44.960000,14900,14901,14900,1
2021-01-04,15:31:45.822000,14900,14901,14900,1
2021-01-04,15:31:49.464000,14900,14901,14900,1
2021-01-04,15:31:52.324000,14899,14901,14899,1
2021-01-04,15:31:57.908000,14900,14901,14900,1
2021-01-04,15:32:04.947000,14899,14900,14900,1
2021-01-04,15:32:07.730000,14899,14900,14900,1
2021-01-04,15:32:14.530000,14900,14901,14900,1
2021-01-04,15:32:15.307000,14900,14901,14900,1
2021-01-04,15:32:43.930000,14899,14900,14899,4
2021-01-04,15:32:43.931000,14899,14900,14899,1
2021-01-04,15:32:43.931000,14899,14900,14899,1
2021-01-04,15:32:43.931000,14899,14900,14899,1
2021-01-04,15:32:43.931000,14899,14900,14899,1
2021-01-04,15:32:46.683000,14898,14900,14898,1
2021-01-04,15:33:01.075000,14898,14900,14898,1
2021-01-04,15:33:11.610000,14898,14899,14898,1
2021-01-04,15:33:25.952000,14898,14899,14898,2
2021-01-04,15:33:26.407000,14898,14899,14898,1
2021-01-04,15:33:26.407000,14898,14899,14898,9
2021-01-04,15:33:41.516000,14897,14898,14898,2
2021-01-04,15:33:53.011000,14898,14899,14898,1
2021-01-04,15:33:56.279000,14898,14899,14898,1
2021-01-04,15:34:01.472000,14898,14899,14898,1
2021-01-04,15:34:01.862000,14898,14899,14899,2
2021-01-04,15:34:02.291000,14899,14900,14900,4
2021-01-04,15:34:16.015000,14899,14900,14900,1
2021-01-04,15:34:18.959000,14898,14900,14900,1
2021-01-04,15:34:20.412000,14898,14899,14899,1
2021-01-04,15:34:21.865000,14899,14900,14899,1
2021-01-04,15:34:37.643000,14899,14900,14899,1
2021-01-04,15:34:40.355000,14899,14900,14899,1
2021-01-04,15:34:48.605000,14899,14900,14899,1
2021-01-04,15:34:48.605000,14899,14900,14899,1
2021-01-04,15:34:48.605000,14899,14900,14899,1
2021-01-04,15:34:48.610000,14898,14899,14898,7
2021-01-04,15:35:01.158000,14898,14899,14898,1
2021-01-04,15:35:01.762000,14898,14899,14898,2
2021-01-04,15:35:04.021000,14897,14898,14897,1
2021-01-04,15:35:05.646000,14897,14898,14898,1
2021-01-04,15:35:09.743000,14897,14898,14898,1
2021-01-04,15:35:16.427000,14898,14899,14898,5
2021-01-04,15:35:16.427000,14898,14899,14897,35
2021-01-04,15:35:16.645000,14896,14897,14897,1
2021-01-04,15:35:22.266000,14896,14898,14898,1
2021-01-04,15:35:26.641000,14896,14898,14896,2
2021-01-04,15:35:27.057000,14896,14898,14896,1
2021-01-04,15:35:28.301000,14896,14898,14896,1
2021-01-04,15:35:46.523000,14896,14898,14896,1
2021-01-04,15:35:49.126000,14896,14898,14896,2
2021-01-04,15:35:50.314000,14897,14898,14897,1
2021-01-04,15:35:53.777000,14897,14898,14898,1
2021-01-04,15:35:56.768000,14897,14898,14898,1
2021-01-04,15:36:03.131000,14897,14898,14898,2
2021-01-04,15:36:03.432000,14897,14899,14899,3
2021-01-04,15:36:03.432000,14897,14899,14900,2
2021-01-04,15:36:03.573000,14898,14900,14900,1
2021-01-04,15:36:03.580000,14898,14900,14900,1
2021-01-04,15:36:19.674000,14898,14900,14900,1
2021-01-04,15:36:20.193000,14898,14900,14900,1
2021-01-04,15:36:32.632000,14899,14900,14899,1
2021-01-04,15:36:32.949000,14899,14900,14900,2
2021-01-04,15:36:32.959000,14899,14900,14900,2
2021-01-04,15:36:46.828000,14899,14900,14899,1
2021-01-04,15:37:30.767000,14899,14900,14900,1
2021-01-04,15:37:37.020000,14899,14900,14899,2
2021-01-04,15:37:37.905000,14899,14900,14899,1
2021-01-04,15:37:37.905000,14899,14900,14899,4
2021-01-04,15:37:38.120000,14898,14899,14899,6
2021-01-04,15:37:38.161000,14898,14899,14898,3
2021-01-04,15:37:38.165000,14898,14899,14897,1
2021-01-04,15:37:38.170000,14898,14899,14897,2
2021-01-04,15:37:42.607000,14896,14897,14897,1
2021-01-04,15:37:44.071000,14897,14898,14897,4
2021-01-04,15:37:44.763000,14896,14898,14896,2
2021-01-04,15:37:52.291000,14897,14898,14897,2
2021-01-04,15:37:56.168000,14897,14898,14898,2
2021-01-04,15:37:56.168000,14897,14898,14899,20
2021-01-04,15:37:56.171000,14897,14898,14899,2
2021-01-04,15:37:56.171000,14897,14898,14899,27
2021-01-04,15:37:56.274000,14898,14900,14900,1
2021-01-04,15:38:00.744000,14899,14900,14900,1
2021-01-04,15:38:02.318000,14899,14900,14899,1
2021-01-04,15:38:08.481000,14899,14900,14900,1
2021-01-04,15:38:08.482000,14899,14900,14900,2
2021-01-04,15:38:08.482000,14899,14900,14900,1
2021-01-04,15:38:08.482000,14899,14900,14900,11
2021-01-04,15:38:14.560000,14900,14901,14900,1
2021-01-04,15:38:15.594000,14900,14901,14900,1
2021-01-04,15:38:25.894000,14900,14901,14900,1
2021-01-04,15:38:28.083000,14900,14901,14901,1
2021-01-04,15:38:28.385000,14900,14901,14901,2
2021-01-04,15:38:31.810000,14900,14901,14900,1
2021-01-04,15:38:45.476000,14900,14901,14901,15
2021-01-04,15:38:50.402000,14901,14902,14902,7
2021-01-04,15:38:51.327000,14902,14903,14902,1
2021-01-04,15:39:04.498000,14902,14903,14903,2
2021-01-04,15:39:04.498000,14902,14903,14903,2
2021-01-04,15:39:04.498000,14902,14903,14903,1
2021-01-04,15:39:04.857000,14902,14903,14903,1
2021-01-04,15:39:07.370000,14902,14903,14903,1
2021-01-04,15:39:12.331000,14902,14903,14903,5
2021-01-04,15:39:19.968000,14903,14904,14904,4
2021-01-04,15:39:19.968000,14903,14904,14904,1
2021-01-04,15:39:19.969000,14903,14904,14904,1
2021-01-04,15:39:19.969000,14903,14904,14904,1
2021-01-04,15:39:20.352000,14904,14905,14905,1
2021-01-04,15:39:22.847000,14904,14905,14904,1
2021-01-04,15:39:24.686000,14904,14905,14905,1
2021-01-04,15:39:25.599000,14904,14905,14904,4
2021-01-04,15:39:25.607000,14903,14904,14904,1
2021-01-04,15:39:26.493000,14903,14905,14905,1
2021-01-04,15:39:39.906000,14904,14905,14905,4
2021-01-04,15:39:42.263000,14904,14905,14905,1
2021-01-04,15:39:47.286000,14904,14905,14904,1
2021-01-04,15:39:47.286000,14904,14905,14904,1
2021-01-04,15:39:47.286000,14904,14905,14904,4
2021-01-04,15:39:50.452000,14903,14904,14903,1
2021-01-04,15:39:50.452000,14903,14904,14903,1
2021-01-04,15:39:50.452000,14903,14904,14903,1
2021-01-04,15:39:50.452000,14903,14904,14903,1
2021-01-04,15:39:54.919000,14902,14904,14902,1
2021-01-04,15:40:06.704000,14902,14904,14902,6
2021-01-04,15:40:20.501000,14902,14903,14902,1
2021-01-04,15:40:49.303000,14901,14902,14902,1
2021-01-04,15:40:52.434000,14901,14902,14902,1
2021-01-04,15:41:14.014000,14901,14902,14902,1
2021-01-04,15:41:14.439000,14901,14902,14902,2
2021-01-04,15:41:24.094000,14902,14903,14902,3
2021-01-04,15:41:35.059000,14901,14902,14902,1
2021-01-04,15:42:25.130000,14902,14903,14902,4
2021-01-04,15:42:25.131000,14902,14903,14902,1
2021-01-04,15:42:25.447000,14901,14903,14903,5
2021-01-04,15:42:29,14903,14904,14903,1
2021-01-04,15:42:31.696000,14903,14904,14903,1
2021-01-04,15:42:34.885000,14902,14903,14903,1
2021-01-04,15:42:56.559000,14902,14903,14903,1
2021-01-04,15:43:02.482000,14902,14903,14903,2
2021-01-04,15:43:40.594000,14902,14903,14903,1
2021-01-04,15:43:45.563000,14902,14903,14903,1
2021-01-04,15:43:53.809000,14902,14903,14903,1
2021-01-04,15:43:54.204000,14902,14903,14903,1
2021-01-04,15:43:54.447000,14902,14903,14903,1
2021-01-04,15:43:54.760000,14902,14903,14903,1
2021-01-04,15:43:54.901000,14902,14904,14904,1
2021-01-04,15:43:55.066000,14902,14904,14904,1
2021-01-04,15:43:55.336000,14902,14904,14904,1
2021-01-04,15:44:11.232000,14903,14904,14904,9
2021-01-04,15:44:19.047000,14903,14905,14905,1
2021-01-04,15:44:19.047000,14903,14905,14905,5
2021-01-04,15:44:19.108000,14905,14906,14906,1
2021-01-04,15:44:19.109000,14905,14906,14906,1
2021-01-04,15:44:19.259000,14905,14906,14906,1
2021-01-04,15:44:19.278000,14905,14906,14906,1
2021-01-04,15:44:26.903000,14904,14905,14905,1
2021-01-04,15:44:29.684000,14904,14905,14905,1
2021-01-04,15:44:33.375000,14905,14906,14905,1
2021-01-04,15:44:39.388000,14905,14906,14905,1
2021-01-04,15:44:44.120000,14905,14906,14905,1
2021-01-04,15:44:44.237000,14905,14906,14906,1
2021-01-04,15:44:57.430000,14905,14906,14906,1
2021-01-04,15:45:00.790000,14905,14906,14905,1
2021-01-04,15:45:02.216000,14905,14906,14906,1
2021-01-04,15:45:03.061000,14905,14906,14905,1
2021-01-04,15:45:04.730000,14905,14906,14906,1
2021-01-04,15:45:06.142000,14905,14906,14906,1
2021-01-04,15:45:11.632000,14905,14906,14905,1
2021-01-04,15:45:11.632000,14905,14906,14905,2
2021-01-04,15:45:11.632000,14905,14906,14905,1
2021-01-04,15:45:13.850000,14904,14905,14905,1
2021-01-04,15:45:27.444000,14904,14905,14905,1
2021-01-04,15:45:36.046000,14905,14906,14905,1
2021-01-04,15:45:49.118000,14904,14905,14905,1
2021-01-04,15:45:50.972000,14904,14905,14905,3
2021-01-04,15:46:17.168000,14904,14905,14904,3
2021-01-04,15:46:17.169000,14904,14905,14904,1
2021-01-04,15:46:17.270000,14903,14904,14904,4
2021-01-04,15:46:17.410000,14904,14905,14905,1
2021-01-04,15:46:22.281000,14903,14904,14904,1
2021-01-04,15:46:22.358000,14903,14905,14903,1
2021-01-04,15:46:22.359000,14903,14905,14903,1
2021-01-04,15:46:22.505000,14903,14904,14903,1
2021-01-04,15:46:22.622000,14902,14904,14904,1
2021-01-04,15:46:34.755000,14903,14904,14903,2
2021-01-04,15:46:51.328000,14902,14903,14903,1
2021-01-04,15:46:51.365000,14903,14904,14903,1
2021-01-04,15:46:56.382000,14903,14904,14903,3
2021-01-04,15:46:56.484000,14903,14904,14903,1
2021-01-04,15:46:56.484000,14903,14904,14903,1
2021-01-04,15:46:56.484000,14903,14904,14903,1
2021-01-04,15:46:56.484000,14903,14904,14902,1
2021-01-04,15:46:56.485000,14903,14904,14902,1
2021-01-04,15:46:56.485000,14903,14904,14902,1
2021-01-04,15:46:56.485000,14903,14904,14902,1
2021-01-04,15:46:56.487000,14903,14904,14902,1
2021-01-04,15:46:56.487000,14903,14904,14902,1
2021-01-04,15:46:56.488000,14903,14904,14902,1
2021-01-04,15:46:56.495000,14903,14904,14902,1
2021-01-04,15:46:56.495000,14903,14904,14902,1
2021-01-04,15:46:56.495000,14903,14904,14902,1
2021-01-04,15:47:02.526000,14902,14903,14902,1
2021-01-04,15:47:05.326000,14902,14903,14903,1
2021-01-04,15:47:13.461000,14902,14903,14902,1
2021-01-04,15:47:14.680000,14902,14903,14903,2
2021-01-04,15:47:26.811000,14902,14903,14903,1
2021-01-04,15:47:54.010000,14903,14904,14903,1
2021-01-04,15:48:01.518000,14903,14904,14904,2
2021-01-04,15:48:05.429000,14903,14904,14904,1
2021-01-04,15:48:05.482000,14903,14904,14904,1
2021-01-04,15:48:24.651000,14904,14905,14905,3
2021-01-04,15:48:26.773000,14905,14906,14905,2
2021-01-04,15:48:51.201000,14905,14906,14905,2
2021-01-04,15:48:51.201000,14905,14906,14905,1
2021-01-04,15:48:51.201000,14905,14906,14905,2
2021-01-04,15:48:51.201000,14905,14906,14905,1
2021-01-04,15:48:51.201000,14905,14906,14905,1
2021-01-04,15:49:05.420000,14903,14905,14905,1
2021-01-04,15:49:17.870000,14904,14905,14905,1
2021-01-04,15:49:35.634000,14903,14904,14903,5
2021-01-04,15:49:35.634000,14903,14904,14903,2
2021-01-04,15:50:00.825000,14902,14903,14902,4
2021-01-04,15:50:00.825000,14902,14903,14902,3
2021-01-04,15:50:02.424000,14901,14902,14901,4
2021-01-04,15:50:02.425000,14901,14902,14901,1
2021-01-04,15:50:13.922000,14901,14903,14901,8
2021-01-04,15:50:14.011000,14901,14902,14901,1
2021-01-04,15:50:25.613000,14901,14903,14901,1
2021-01-04,15:50:31.546000,14901,14902,14901,1
2021-01-04,15:50:35.454000,14900,14902,14902,1
2021-01-04,15:51:02.263000,14901,14902,14901,1
2021-01-04,15:51:04.126000,14901,14902,14901,1
2021-01-04,15:51:49.913000,14901,14902,14902,1
2021-01-04,15:51:52.142000,14901,14902,14902,3
2021-01-04,15:52:35.430000,14901,14902,14902,3
2021-01-04,15:52:41.412000,14901,14902,14902,8
2021-01-04,15:53:17.708000,14902,14903,14903,4
2021-01-04,15:53:17.709000,14902,14903,14903,1
2021-01-04,15:53:17.761000,14903,14904,14904,1
2021-01-04,15:53:39.735000,14903,14904,14904,1
2021-01-04,15:53:39.736000,14903,14904,14904,1
2021-01-04,15:53:41.742000,14903,14904,14904,1
2021-01-04,15:53:43.780000,14903,14904,14904,1
2021-01-04,15:53:54.639000,14904,14905,14904,1
2021-01-04,15:54:09.241000,14903,14904,14904,1
2021-01-04,15:54:13.712000,14904,14905,14904,1
2021-01-04,15:54:40.907000,14903,14904,14903,1
2021-01-04,15:54:56.529000,14902,14903,14903,1
2021-01-04,15:55:02.440000,14902,14903,14902,6
2021-01-04,15:55:18.401000,14902,14903,14903,2
2021-01-04,15:55:18.401000,14902,14903,14903,1
2021-01-04,15:55:18.401000,14902,14903,14903,1
2021-01-04,15:55:50.841000,14903,14904,14904,5
2021-01-04,15:55:50.842000,14903,14904,14904,1
2021-01-04,15:55:56.610000,14904,14905,14904,1
2021-01-04,15:55:59.368000,14904,14905,14904,1
2021-01-04,15:56:02.331000,14904,14905,14904,2
2021-01-04,15:56:05.101000,14904,14905,14904,1
2021-01-04,15:56:24.677000,14904,14905,14905,14
2021-01-04,15:56:28.767000,14905,14906,14905,1
2021-01-04,15:56:49.102000,14905,14906,14906,25
2021-01-04,15:56:59.391000,14905,14907,14906,1
2021-01-04,15:57:04.144000,14905,14906,14906,1
2021-01-04,15:57:11.967000,14905,14906,14906,1
2021-01-04,15:57:12.792000,14905,14906,14906,1
2021-01-04,15:57:26.161000,14905,14906,14906,1
2021-01-04,15:57:30.060000,14905,14906,14905,1
2021-01-04,15:57:30.237000,14905,14906,14905,4
2021-01-04,15:57:30.238000,14905,14906,14905,5
2021-01-04,15:57:30.238000,14905,14906,14905,5
2021-01-04,15:57:31.828000,14904,14905,14905,1
2021-01-04,15:57:37.504000,14904,14905,14904,1
2021-01-04,15:57:37.504000,14904,14905,14904,1
2021-01-04,15:57:43.022000,14903,14904,14903,1
2021-01-04,15:58:24.550000,14904,14905,14905,1
2021-01-04,15:58:25.220000,14905,14906,14905,1
2021-01-04,15:58:47.928000,14905,14906,14906,2
2021-01-04,15:58:49.259000,14905,14906,14906,1
2021-01-04,15:58:53.750000,14905,14906,14905,1
2021-01-04,15:58:57.765000,14905,14906,14906,11
2021-01-04,15:58:57.765000,14905,14906,14906,4
2021-01-04,15:58:57.765000,14905,14906,14906,4
2021-01-04,15:59:02.355000,14906,14907,14907,1
2021-01-04,15:59:11.746000,14906,14907,14907,1
2021-01-04,15:59:17.402000,14905,14906,14905,1
2021-01-04,15:59:17.402000,14905,14906,14905,1
2021-01-04,15:59:17.402000,14905,14906,14905,1
2021-01-04,15:59:17.402000,14905,14906,14905,1
2021-01-04,15:59:18.661000,14905,14906,14905,1
2021-01-04,15:59:20.193000,14904,14905,14905,1
2021-01-04,15:59:26.599000,14904,14906,14906,1
2021-01-04,15:59:31.999000,14905,14906,14906,1
2021-01-04,15:59:35.499000,14906,14907,14907,5
2021-01-04,15:59:35.500000,14906,14907,14907,1
2021-01-04,15:59:35.500000,14906,14907,14907,1
2021-01-04,15:59:35.500000,14906,14907,14907,1
2021-01-04,15:59:35.500000,14906,14907,14907,1
2021-01-04,15:59:37.860000,14907,14908,14907,3
2021-01-04,15:59:53.942000,14907,14908,14907,1
2021-01-04,15:59:58.766000,14907,14908,14907,1
2021-01-04,15:59:59.119000,14907,14908,14908,27
2021-01-04,15:59:59.120000,14907,14908,14908,1
2021-01-04,15:59:59.120000,14907,14908,14908,1
2021-01-04,15:59:59.120000,14907,14908,14908,1
2021-01-04,15:59:59.120000,14907,14908,14908,1
2021-01-04,15:59:59.120000,14907,14908,14908,1
2021-01-04,15:59:59.225000,14907,14908,14909,3
2021-01-04,15:59:59.280000,14908,14909,14909,2
2021-01-04,15:59:59.320000,14908,14909,14909,4
2021-01-04,15:59:59.579000,14908,14909,14909,4
2021-01-04,16:00:00.356000,14908,14909,14909,24
2021-01-04,16:00:00.391000,14909,14910,14910,1
2021-01-04,16:00:00.454000,14909,14910,14910,2
2021-01-04,16:00:00.458000,14909,14910,14910,3
2021-01-04,16:00:00.515000,14909,14910,14910,1
2021-01-04,16:00:00.554000,14909,14910,14910,3
2021-01-04,16:00:00.607000,14909,14910,14910,16
2021-01-04,16:00:00.608000,14909,14910,14910,14
2021-01-04,16:00:00.608000,14909,14910,14910,39
2021-01-04,16:00:00.608000,14909,14910,14910,1
2021-01-04,16:00:00.608000,14909,14910,14910,1
2021-01-04,16:00:00.608000,14909,14910,14910,1
2021-01-04,16:00:00.608000,14909,14910,14910,2
2021-01-04,16:00:00.608000,14909,14910,14910,2
2021-01-04,16:00:00.885000,14910,14911,14911,3
2021-01-04,16:00:00.954000,14910,14911,14911,1
2021-01-04,16:00:00.968000,14910,14911,14910,1
2021-01-04,16:00:01.002000,14910,14911,14911,6
2021-01-04,16:00:01.015000,14910,14911,14911,1
2021-01-04,16:00:01.018000,14910,14911,14911,1
2021-01-04,16:00:01.023000,14910,14911,14911,1
2021-01-04,16:00:01.226000,14910,14911,14910,1
2021-01-04,16:00:01.243000,14910,14911,14910,1
2021-01-04,16:00:01.248000,14910,14911,14910,1
2021-01-04,16:00:01.255000,14910,14911,14910,1
2021-01-04,16:00:01.264000,14910,14911,14910,1
2021-01-04,16:00:01.613000,14909,14910,14910,1
2021-01-04,16:00:01.914000,14909,14910,14910,1
2021-01-04,16:00:02.406000,14909,14910,14909,1
2021-01-04,16:00:02.406000,14909,14910,14909,1
2021-01-04,16:00:03.816000,14909,14910,14909,1
2021-01-04,16:00:03.816000,14909,14910,14909,18
2021-01-04,16:00:03.817000,14909,14910,14909,1
2021-01-04,16:00:03.817000,14909,14910,14909,2
2021-01-04,16:00:03.817000,14909,14910,14909,2
2021-01-04,16:00:03.817000,14909,14910,14909,2
2021-01-04,16:00:03.817000,14909,14910,14909,1
2021-01-04,16:00:03.817000,14909,14910,14909,19
2021-01-04,16:00:07.289000,14909,14910,14910,2
2021-01-04,16:00:07.806000,14909,14911,14909,2
2021-01-04,16:00:14.921000,14909,14911,14910,1
2021-01-04,16:00:15.568000,14910,14911,14911,4
2021-01-04,16:00:15.674000,14910,14912,14912,13
2021-01-04,16:00:15.772000,14911,14912,14912,2
2021-01-04,16:00:15.927000,14911,14912,14912,1
2021-01-04,16:00:15.996000,14911,14912,14911,2
2021-01-04,16:00:16.324000,14911,14912,14912,7
2021-01-04,16:00:16.324000,14911,14912,14912,5
2021-01-04,16:00:20.926000,14911,14912,14911,1
2021-01-04,16:00:21.907000,14911,14912,14911,1
2021-01-04,16:00:21.907000,14911,14912,14911,2
2021-01-04,16:00:21.907000,14911,14912,14911,2
2021-01-04,16:00:22.703000,14910,14911,14911,2
2021-01-04,16:00:22.947000,14911,14912,14911,1
2021-01-04,16:00:23.718000,14911,14912,14912,4
2021-01-04,16:00:24.400000,14912,14913,14912,2
2021-01-04,16:00:28.717000,14910,14911,14911,1
2021-01-04,16:00:30.475000,14911,14912,14912,8
2021-01-04,16:00:30.794000,14911,14912,14911,1
2021-01-04,16:00:31.640000,14910,14912,14910,1
2021-01-04,16:00:35.082000,14910,14912,14912,2
2021-01-04,16:00:38.772000,14910,14912,14912,1
2021-01-04,16:00:39.284000,14910,14912,14912,3
2021-01-04,16:00:40.389000,14910,14911,14910,1
2021-01-04,16:00:40.479000,14910,14911,14911,1
2021-01-04,16:00:45.441000,14911,14912,14911,1
2021-01-04,16:00:46.812000,14911,14912,14911,1
2021-01-04,16:00:47.632000,14911,14912,14911,1
2021-01-04,16:00:48.241000,14910,14912,14912,1
2021-01-04,16:00:53.221000,14911,14912,14911,1
2021-01-04,16:00:54.251000,14911,14912,14911,1
2021-01-04,16:00:54.500000,14911,14912,14912,7
2021-01-04,16:00:54.634000,14912,14913,14912,1
2021-01-04,16:00:54.694000,14912,14913,14912,1
2021-01-04,16:00:54.733000,14912,14913,14912,1
2021-01-04,16:00:56.885000,14912,14913,14913,5
2021-01-04,16:00:57.208000,14912,14913,14913,1
2021-01-04,16:00:58.756000,14911,14913,14911,1
2021-01-04,16:01:01.646000,14912,14913,14912,1
2021-01-04,16:01:01.646000,14912,14913,14912,5
2021-01-04,16:01:05.670000,14911,14912,14912,1
2021-01-04,16:01:06.822000,14912,14913,14912,4
2021-01-04,16:01:08.392000,14911,14912,14912,1
2021-01-04,16:01:12.703000,14911,14912,14912,2
2021-01-04,16:01:16.785000,14911,14912,14912,3
2021-01-04,16:01:18.936000,14911,14912,14912,9
2021-01-04,16:01:23.725000,14912,14913,14912,1
2021-01-04,16:01:28.718000,14911,14912,14912,10
2021-01-04,16:01:28.718000,14911,14912,14912,1
2021-01-04,16:01:28.718000,14911,14912,14912,5
2021-01-04,16:01:28.718000,14911,14912,14912,1
2021-01-04,16:01:28.718000,14911,14912,14912,3
2021-01-04,16:01:28.843000,14912,14913,14913,18
2021-01-04,16:01:28.884000,14913,14914,14914,1
2021-01-04,16:01:28.976000,14913,14914,14914,2
2021-01-04,16:01:29.131000,14913,14914,14913,13
2021-01-04,16:01:29.131000,14913,14914,14912,7
2021-01-04,16:01:30.427000,14911,14912,14912,1
2021-01-04,16:01:30.951000,14911,14913,14913,1
2021-01-04,16:01:31.168000,14911,14913,14911,2
2021-01-04,16:01:34.112000,14911,14912,14912,1
2021-01-04,16:01:35.975000,14912,14913,14912,1
2021-01-04,16:01:41.811000,14911,14912,14912,5
2021-01-04,16:01:42.874000,14911,14912,14912,3
2021-01-04,16:01:44.570000,14911,14913,14912,1
2021-01-04,16:01:48.302000,14911,14912,14912,3
2021-01-04,16:01:50.806000,14911,14912,14911,4
2021-01-04,16:01:50.807000,14911,14912,14911,1
2021-01-04,16:01:50.807000,14911,14912,14911,1
2021-01-04,16:01:50.807000,14911,14912,14911,1
2021-01-04,16:01:50.807000,14911,14912,14911,1
2021-01-04,16:01:50.807000,14911,14912,14911,2
2021-01-04,16:01:53.166000,14910,14911,14910,2
2021-01-04,16:01:53.396000,14910,14911,14911,3
2021-01-04,16:01:54.097000,14910,14911,14910,1
2021-01-04,16:02:02.407000,14910,14911,14910,4
2021-01-04,16:02:02.747000,14910,14911,14910,29
2021-01-04,16:02:02.922000,14909,14910,14910,1
2021-01-04,16:02:03.546000,14909,14910,14910,1
2021-01-04,16:02:16.606000,14909,14910,14910,1
2021-01-04,16:02:19.738000,14909,14911,14910,1
2021-01-04,16:02:43.742000,14909,14910,14910,1
2021-01-04,16:02:54.372000,14909,14910,14910,1
2021-01-04,16:02:54.378000,14909,14910,14910,1
2021-01-04,16:02:54.378000,14909,14910,14910,1
2021-01-04,16:02:54.378000,14909,14910,14910,4
2021-01-04,16:02:54.379000,14909,14910,14910,3
2021-01-04,16:02:54.379000,14909,14910,14910,1
2021-01-04,16:02:54.379000,14909,14910,14910,4
2021-01-04,16:02:54.379000,14909,14910,14910,1
2021-01-04,16:03:02.270000,14910,14911,14911,2
2021-01-04,16:03:02.455000,14910,14911,14910,1
2021-01-04,16:03:14.794000,14910,14911,14910,1
2021-01-04,16:03:14.795000,14910,14911,14910,1
2021-01-04,16:03:14.795000,14910,14911,14910,3
2021-01-04,16:03:24.591000,14909,14910,14910,1
2021-01-04,16:03:25.766000,14909,14910,14910,1
2021-01-04,16:03:28.107000,14909,14910,14909,7
2021-01-04,16:03:36.517000,14908,14910,14910,2
2021-01-04,16:03:36.661000,14908,14910,14910,2
2021-01-04,16:03:36.812000,14908,14910,14910,2
2021-01-04,16:04:09.199000,14908,14909,14909,2
2021-01-04,16:04:09.903000,14909,14910,14910,1
2021-01-04,16:04:11.236000,14909,14910,14909,1
2021-01-04,16:04:17.349000,14908,14909,14909,1
2021-01-04,16:04:29.480000,14908,14909,14909,1
2021-01-04,16:04:31.937000,14908,14909,14908,1
2021-01-04,16:04:31.937000,14908,14909,14908,1
2021-01-04,16:04:31.937000,14908,14909,14908,1
2021-01-04,16:04:31.937000,14908,14909,14908,1
2021-01-04,16:04:31.937000,14908,14909,14908,7
2021-01-04,16:04:37.375000,14907,14908,14907,5
2021-01-04,16:04:37.542000,14906,14908,14908,1
2021-01-04,16:04:41.058000,14906,14907,14906,5
2021-01-04,16:04:47.735000,14906,14907,14907,1
2021-01-04,16:04:54.942000,14905,14907,14905,2
2021-01-04,16:04:55.634000,14905,14907,14905,5
2021-01-04,16:04:56.336000,14905,14906,14905,5
2021-01-04,16:04:58.861000,14905,14906,14905,5
2021-01-04,16:04:58.862000,14905,14906,14905,1
2021-01-04,16:04:58.923000,14905,14906,14905,4
2021-01-04,16:05:00.277000,14904,14906,14904,5
2021-01-04,16:05:00.541000,14904,14906,14904,1
2021-01-04,16:05:00.740000,14904,14906,14904,4
2021-01-04,16:05:00.740000,14904,14906,14903,1
2021-01-04,16:05:07.478000,14905,14906,14906,1
2021-01-04,16:05:09.385000,14905,14907,14906,1
2021-01-04,16:05:11.215000,14906,14907,14906,2
2021-01-04,16:05:18.718000,14906,14907,14906,1
2021-01-04,16:05:22.720000,14906,14907,14907,9
2021-01-04,16:05:23.029000,14907,14908,14908,2
2021-01-04,16:05:26.935000,14907,14908,14908,1
2021-01-04,16:05:34.149000,14908,14909,14909,1
2021-01-04,16:05:39.532000,14909,14910,14909,1
2021-01-04,16:05:50.393000,14909,14910,14910,2
2021-01-04,16:05:53.777000,14908,14910,14910,1
2021-01-04,16:06:02.273000,14909,14910,14910,2
2021-01-04,16:06:02.866000,14909,14910,14910,1
2021-01-04,16:06:04.794000,14909,14910,14910,1
2021-01-04,16:06:08.232000,14909,14910,14909,3
2021-01-04,16:06:17.700000,14909,14910,14910,7
2021-01-04,16:06:17.776000,14910,14911,14911,1
2021-01-04,16:06:17.822000,14910,14911,14911,1
2021-01-04,16:06:17.870000,14910,14911,14911,1
2021-01-04,16:06:17.887000,14910,14911,14911,2
2021-01-04,16:06:17.913000,14910,14911,14911,1
2021-01-04,16:06:19.099000,14910,14911,14911,23
2021-01-04,16:06:19.403000,14911,14912,14912,4
2021-01-04,16:06:21.369000,14911,14912,14911,1
2021-01-04,16:06:21.369000,14911,14912,14911,1
2021-01-04,16:06:21.369000,14911,14912,14911,2
2021-01-04,16:06:21.369000,14911,14912,14911,4
2021-01-04,16:06:23.444000,14910,14911,14911,1
2021-01-04,16:06:31.597000,14910,14911,14910,2
2021-01-04,16:06:32.525000,14909,14910,14910,3
2021-01-04,16:06:33.603000,14909,14911,14911,3
2021-01-04,16:06:43.753000,14910,14911,14910,1
2021-01-04,16:06:44.228000,14909,14910,14910,1
2021-01-04,16:06:45.036000,14909,14911,14911,2
2021-01-04,16:06:53.922000,14909,14910,14909,2
2021-01-04,16:07:04.457000,14909,14910,14909,3
2021-01-04,16:07:05.033000,14908,14909,14909,1
2021-01-04,16:07:08.607000,14908,14909,14908,2
2021-01-04,16:07:15.773000,14908,14909,14909,1
2021-01-04,16:07:20.092000,14908,14909,14909,1
2021-01-04,16:07:20.979000,14909,14910,14910,1
2021-01-04,16:07:21.082000,14909,14910,14910,2
2021-01-04,16:07:21.083000,14909,14910,14910,1
2021-01-04,16:07:21.507000,14909,14911,14909,1
2021-01-04,16:07:41.945000,14909,14910,14909,5
2021-01-04,16:07:43.531000,14907,14909,14909,1
2021-01-04,16:07:54.830000,14908,14909,14908,6
2021-01-04,16:07:56.377000,14907,14908,14908,1
2021-01-04,16:07:56.912000,14907,14908,14908,3
2021-01-04,16:08:02.893000,14906,14908,14908,1
2021-01-04,16:08:11.782000,14906,14907,14906,1
2021-01-04,16:08:11.782000,14906,14907,14906,1
2021-01-04,16:08:13.607000,14905,14906,14905,3
2021-01-04,16:08:13.620000,14905,14906,14904,1
2021-01-04,16:08:14.004000,14904,14905,14905,2
2021-01-04,16:08:21.191000,14904,14905,14904,2
2021-01-04,16:08:22.483000,14903,14904,14904,1
2021-01-04,16:08:36.607000,14905,14906,14905,10
2021-01-04,16:08:38.688000,14905,14906,14906,1
2021-01-04,16:08:40.121000,14906,14908,14906,1
2021-01-04,16:08:54.910000,14905,14906,14905,3
2021-01-04,16:09:01.209000,14905,14906,14905,1
2021-01-04,16:09:04.511000,14903,14905,14903,1
2021-01-04,16:09:05.466000,14903,14905,14903,10
2021-01-04,16:09:06.863000,14903,14905,14903,1
2021-01-04,16:09:15.463000,14904,14905,14904,2
2021-01-04,16:09:27.984000,14904,14905,14904,1
2021-01-04,16:09:47.973000,14904,14905,14905,4
2021-01-04,16:09:53.651000,14905,14907,14905,1
2021-01-04,16:09:54.435000,14905,14907,14905,1
2021-01-04,16:09:58.107000,14905,14907,14905,1
2021-01-04,16:10:03.192000,14906,14907,14907,1
2021-01-04,16:10:03.192000,14906,14907,14907,1
2021-01-04,16:10:03.192000,14906,14907,14907,1
2021-01-04,16:10:03.192000,14906,14907,14907,1
2021-01-04,16:10:03.192000,14906,14907,14907,2
2021-01-04,16:10:03.192000,14906,14907,14907,4
2021-01-04,16:10:03.192000,14906,14907,14907,1
2021-01-04,16:10:03.376000,14907,14908,14908,3
2021-01-04,16:10:03.436000,14907,14908,14908,1
2021-01-04,16:10:03.455000,14907,14908,14909,1
2021-01-04,16:10:03.745000,14907,14909,14909,1
2021-01-04,16:10:03.783000,14907,14909,14909,1
2021-01-04,16:10:03.917000,14907,14909,14909,1
2021-01-04,16:10:04.067000,14907,14909,14909,1
2021-01-04,16:10:13.439000,14906,14908,14908,7
2021-01-04,16:10:13.772000,14907,14909,14909,4
2021-01-04,16:10:13.773000,14907,14909,14909,2
2021-01-04,16:10:35.698000,14908,14910,14908,6
2021-01-04,16:10:35.699000,14908,14910,14908,1
2021-01-04,16:10:35.699000,14908,14910,14908,3
2021-01-04,16:10:40.605000,14908,14909,14908,1
2021-01-04,16:10:53.528000,14907,14909,14909,1
2021-01-04,16:10:59.786000,14907,14908,14907,1
2021-01-04,16:11:06.570000,14905,14907,14906,1
2021-01-04,16:11:11.580000,14905,14907,14907,1
2021-01-04,16:11:12.958000,14906,14907,14907,1
2021-01-04,16:11:13.145000,14907,14909,14909,2
2021-01-04,16:11:13.162000,14907,14909,14909,1
2021-01-04,16:11:13.271000,14908,14909,14909,2
2021-01-04,16:11:15.903000,14908,14909,14909,1
2021-01-04,16:11:53.345000,14907,14909,14907,1
2021-01-04,16:12:15.220000,14907,14908,14907,1
2021-01-04,16:12:25.641000,14906,14908,14907,3
2021-01-04,16:12:30.270000,14907,14908,14908,1
2021-01-04,16:12:36.735000,14907,14908,14908,4
2021-01-04,16:12:37.148000,14907,14909,14909,3
2021-01-04,16:12:44.513000,14907,14908,14907,1
2021-01-04,16:12:48.966000,14907,14908,14908,7
2021-01-04,16:13:02.201000,14908,14909,14908,2
2021-01-04,16:13:08.952000,14908,14909,14908,1
2021-01-04,16:13:12.446000,14907,14909,14909,1
2021-01-04,16:13:46.266000,14908,14909,14909,2
2021-01-04,16:13:47.529000,14908,14909,14909,1
2021-01-04,16:14:02.951000,14908,14909,14909,4
2021-01-04,16:14:17.433000,14909,14910,14909,1
2021-01-04,16:14:24.269000,14908,14909,14909,2
2021-01-04,16:14:28.335000,14909,14910,14909,2
2021-01-04,16:14:28.335000,14909,14910,14909,1
2021-01-04,16:14:28.335000,14909,14910,14909,1
2021-01-04,16:14:28.336000,14909,14910,14909,1
2021-01-04,16:14:36.176000,14908,14909,14909,1
2021-01-04,16:14:39.537000,14908,14909,14909,1
2021-01-04,16:14:42.579000,14908,14909,14909,1
2021-01-04,16:14:49.740000,14908,14909,14908,2
2021-01-04,16:14:57.408000,14908,14909,14909,1
2021-01-04,16:14:59.838000,14908,14909,14909,2
2021-01-04,16:14:59.838000,14908,14909,14909,5
2021-01-04,16:15:20.970000,14909,14910,14909,1
2021-01-04,16:15:21.632000,14909,14910,14909,1
2021-01-04,16:15:22.396000,14909,14910,14910,1
2021-01-04,16:15:26.442000,14909,14910,14910,9
2021-01-04,16:15:26.708000,14910,14911,14911,2
2021-01-04,16:15:27.380000,14910,14911,14910,1
2021-01-04,16:15:29.633000,14910,14911,14911,1
2021-01-04,16:15:39.588000,14910,14911,14911,1
2021-01-04,16:15:42.135000,14910,14911,14911,1
2021-01-04,16:15:45.348000,14910,14911,14911,1
2021-01-04,16:15:46.537000,14910,14911,14911,1
2021-01-04,16:15:48.872000,14910,14911,14911,1
2021-01-04,16:15:54.047000,14910,14911,14911,3
2021-01-04,16:15:59.277000,14910,14911,14911,1
2021-01-04,16:15:59.435000,14910,14911,14911,1
2021-01-04,16:16:04.652000,14910,14911,14910,3
2021-01-04,16:16:04.737000,14909,14910,14909,1
2021-01-04,16:16:04.738000,14909,14910,14909,1
2021-01-04,16:16:04.738000,14909,14910,14909,1
2021-01-04,16:16:04.738000,14909,14910,14909,1
2021-01-04,16:16:04.738000,14909,14910,14909,1
2021-01-04,16:16:04.742000,14909,14910,14908,1
2021-01-04,16:16:05.278000,14908,14910,14910,10
2021-01-04,16:16:22.478000,14908,14910,14908,1
2021-01-04,16:16:27.976000,14909,14910,14909,1
2021-01-04,16:16:27.983000,14908,14910,14908,1
2021-01-04,16:16:27.990000,14908,14910,14908,1
2021-01-04,16:16:27.990000,14908,14910,14908,1
2021-01-04,16:16:27.990000,14908,14910,14908,2
2021-01-04,16:16:33.353000,14908,14909,14909,2
2021-01-04,16:16:33.358000,14908,14909,14908,1
2021-01-04,16:16:33.365000,14908,14909,14907,1
2021-01-04,16:16:33.365000,14908,14909,14907,1
2021-01-04,16:16:33.365000,14908,14909,14907,1
2021-01-04,16:16:36.751000,14907,14909,14907,1
2021-01-04,16:16:49.405000,14908,14909,14909,1
2021-01-04,16:16:49.483000,14908,14909,14908,1
2021-01-04,16:16:49.484000,14908,14909,14908,1
2021-01-04,16:16:49.489000,14908,14909,14908,1
2021-01-04,16:17:00.878000,14907,14908,14908,1
2021-01-04,16:17:11.547000,14907,14908,14907,2
2021-01-04,16:17:11.547000,14907,14908,14907,5
2021-01-04,16:17:16.988000,14906,14907,14907,2
2021-01-04,16:17:23.761000,14906,14908,14908,3
2021-01-04,16:17:39.451000,14907,14908,14908,1
2021-01-04,16:18:02.854000,14907,14909,14909,2
2021-01-04,16:18:53.165000,14909,14910,14910,1
2021-01-04,16:19:13.658000,14909,14910,14909,3
2021-01-04,16:19:13.659000,14909,14910,14909,1
2021-01-04,16:19:49.207000,14908,14909,14909,1
2021-01-04,16:19:49.435000,14909,14910,14910,1
2021-01-04,16:19:49.679000,14909,14910,14910,1
2021-01-04,16:19:49.897000,14909,14910,14910,4
2021-01-04,16:19:49.898000,14909,14910,14910,1
2021-01-04,16:19:49.898000,14909,14910,14910,1
2021-01-04,16:19:50.024000,14909,14911,14911,1
2021-01-04,16:20:02.422000,14909,14911,14911,1
2021-01-04,16:20:11.717000,14909,14911,14911,2
2021-01-04,16:20:24.788000,14910,14911,14910,2
2021-01-04,16:20:35.456000,14910,14911,14910,1
2021-01-04,16:20:35.783000,14909,14910,14910,2
2021-01-04,16:20:37.217000,14909,14910,14909,1
2021-01-04,16:20:37.270000,14909,14910,14910,1
2021-01-04,16:20:41.808000,14909,14911,14909,2
2021-01-04,16:20:46.156000,14910,14911,14910,1
2021-01-04,16:20:50.949000,14910,14911,14911,1
2021-01-04,16:20:51.925000,14910,14911,14911,1
2021-01-04,16:20:57.528000,14910,14911,14911,1
2021-01-04,16:20:59.992000,14910,14911,14910,1
2021-01-04,16:21:04.162000,14910,14911,14911,14
2021-01-04,16:21:04.232000,14911,14912,14912,15
2021-01-04,16:21:04.233000,14911,14912,14912,2
2021-01-04,16:21:04.541000,14912,14913,14913,1
2021-01-04,16:21:05.213000,14912,14913,14913,1
2021-01-04,16:21:07.550000,14912,14913,14913,1
2021-01-04,16:21:13.296000,14910,14912,14911,1
2021-01-04,16:21:28.744000,14911,14912,14911,1
2021-01-04,16:21:31.646000,14911,14912,14912,4
2021-01-04,16:21:31.646000,14911,14912,14912,1
2021-01-04,16:21:31.646000,14911,14912,14912,1
2021-01-04,16:21:31.646000,14911,14912,14912,1
2021-01-04,16:21:38.239000,14911,14912,14911,1
2021-01-04,16:21:38.239000,14911,14912,14910,1
2021-01-04,16:21:40.099000,14910,14912,14910,1
2021-01-04,16:21:42.732000,14910,14911,14911,1
2021-01-04,16:21:44.043000,14910,14911,14911,1
2021-01-04,16:21:50.191000,14910,14911,14910,1
2021-01-04,16:21:51.514000,14909,14911,14911,2
2021-01-04,16:21:59.292000,14909,14910,14910,1
2021-01-04,16:22:00.347000,14909,14910,14909,3
2021-01-04,16:22:01.674000,14908,14909,14909,1
2021-01-04,16:22:02.890000,14908,14909,14909,3
2021-01-04,16:22:10.963000,14908,14909,14909,1
2021-01-04,16:22:15.355000,14908,14909,14908,1
2021-01-04,16:22:16.459000,14908,14909,14908,2
2021-01-04,16:22:42.340000,14907,14908,14908,1
2021-01-04,16:22:44.415000,14907,14909,14909,1
2021-01-04,16:22:53.541000,14908,14909,14909,1
2021-01-04,16:23:08.123000,14908,14909,14909,1
2021-01-04,16:23:09.480000,14908,14910,14909,1
2021-01-04,16:23:51.041000,14908,14909,14909,1
2021-01-04,16:23:57.872000,14908,14909,14908,22
2021-01-04,16:24:05.212000,14907,14908,14908,2
2021-01-04,16:24:05.213000,14907,14908,14908,1
2021-01-04,16:24:11.477000,14907,14908,14907,1
2021-01-04,16:24:11.477000,14907,14908,14907,11
2021-01-04,16:24:11.664000,14906,14907,14906,1
2021-01-04,16:24:11.669000,14906,14907,14906,1
2021-01-04,16:24:11.670000,14906,14907,14906,1
2021-01-04,16:24:11.679000,14906,14907,14906,1
2021-01-04,16:24:11.680000,14906,14907,14906,1
2021-01-04,16:24:11.742000,14906,14907,14906,1
2021-01-04,16:24:11.747000,14906,14907,14906,1
2021-01-04,16:24:11.748000,14906,14907,14906,1
2021-01-04,16:24:11.748000,14906,14907,14906,2
2021-01-04,16:24:11.748000,14906,14907,14906,1
2021-01-04,16:24:11.775000,14906,14907,14905,1
2021-01-04,16:24:11.775000,14906,14907,14905,1
2021-01-04,16:24:11.831000,14906,14907,14905,1
2021-01-04,16:24:12.361000,14905,14906,14905,1
2021-01-04,16:24:12.379000,14905,14906,14905,1
2021-01-04,16:24:12.382000,14905,14906,14905,1
2021-01-04,16:24:12.411000,14905,14906,14905,1
2021-01-04,16:24:12.431000,14905,14906,14905,1
2021-01-04,16:24:23.990000,14905,14906,14906,1
2021-01-04,16:24:26.053000,14905,14906,14906,1
2021-01-04,16:24:33.194000,14905,14906,14906,1
2021-01-04,16:24:42.073000,14905,14907,14905,2
2021-01-04,16:24:46.575000,14906,14907,14906,1
2021-01-04,16:25:10.137000,14906,14908,14906,8
2021-01-04,16:25:29.387000,14905,14906,14905,1
2021-01-04,16:26:11.949000,14905,14907,14905,6
2021-01-04,16:26:15.078000,14906,14907,14906,1
2021-01-04,16:26:15.622000,14906,14907,14906,1
2021-01-04,16:26:30.279000,14906,14907,14906,4
2021-01-04,16:26:31.940000,14906,14907,14906,1
2021-01-04,16:26:41.953000,14906,14907,14907,1
2021-01-04,16:26:41.953000,14906,14907,14908,1
2021-01-04,16:26:51.294000,14905,14907,14907,1
2021-01-04,16:26:53.578000,14906,14907,14907,1
2021-01-04,16:27:40.469000,14907,14908,14908,2
2021-01-04,16:27:50.532000,14907,14908,14907,1
2021-01-04,16:27:53.814000,14907,14908,14908,1
2021-01-04,16:27:53.814000,14907,14908,14908,1
2021-01-04,16:27:53.814000,14907,14908,14908,1
2021-01-04,16:27:57.175000,14907,14909,14909,18
2021-01-04,16:27:57.176000,14907,14909,14909,4
2021-01-04,16:27:57.176000,14907,14909,14909,4
2021-01-04,16:27:57.176000,14907,14909,14909,5
2021-01-04,16:27:57.176000,14907,14909,14909,2
2021-01-04,16:27:57.176000,14907,14909,14909,1
2021-01-04,16:27:57.176000,14907,14909,14909,7
2021-01-04,16:28:07.784000,14906,14908,14908,1
2021-01-04,16:28:13.222000,14906,14907,14907,3
2021-01-04,16:28:20.927000,14906,14907,14907,2
2021-01-04,16:28:20.940000,14906,14907,14907,3
2021-01-04,16:28:30.107000,14907,14908,14907,4
2021-01-04,16:28:54.727000,14906,14907,14907,1
2021-01-04,16:29:01.028000,14906,14907,14907,1
2021-01-04,16:29:02.386000,14906,14907,14907,3
2021-01-04,16:29:38.357000,14906,14907,14906,6
2021-01-04,16:29:51.570000,14906,14907,14906,1
2021-01-04,16:29:55.966000,14905,14906,14906,1
2021-01-04,16:29:57.161000,14905,14906,14905,5
2021-01-04,16:29:57.161000,14905,14906,14905,7
2021-01-04,16:29:57.161000,14905,14906,14905,7
2021-01-04,16:30:01.033000,14904,14905,14906,1
2021-01-04,16:30:01.246000,14904,14905,14905,2
2021-01-04,16:30:01.248000,14904,14905,14905,6
2021-01-04,16:30:01.248000,14904,14905,14906,21
2021-01-04,16:30:01.250000,14904,14905,14906,3
2021-01-04,16:30:01.250000,14904,14905,14906,2
2021-01-04,16:30:01.250000,14904,14905,14906,7
2021-01-04,16:30:01.251000,14904,14905,14906,3
2021-01-04,16:30:01.291000,14904,14905,14906,4
2021-01-04,16:30:01.292000,14904,14905,14906,12
2021-01-04,16:30:01.321000,14904,14905,14906,1
2021-01-04,16:30:01.321000,14904,14905,14907,1
2021-01-04,16:30:01.322000,14904,14905,14907,3
2021-01-04,16:30:01.433000,14905,14907,14907,3
2021-01-04,16:30:01.554000,14905,14907,14907,1
2021-01-04,16:30:02.430000,14905,14907,14906,2
2021-01-04,16:30:06.066000,14905,14906,14906,1
2021-01-04,16:30:16.571000,14905,14906,14905,4
2021-01-04,16:30:22.670000,14904,14905,14904,15
2021-01-04,16:30:30.689000,14903,14904,14903,19
2021-01-04,16:30:30.689000,14903,14904,14903,2
2021-01-04,16:30:30.898000,14903,14904,14904,1
2021-01-04,16:30:31.096000,14903,14904,14903,1
2021-01-04,16:30:31.165000,14903,14904,14903,1
2021-01-04,16:30:33.633000,14903,14904,14903,2
2021-01-04,16:30:35.481000,14902,14904,14903,2
2021-01-04,16:30:35.483000,14903,14904,14903,1
