2020-01-17,15:00:00.083000,12077,12079,12077,39
2020-01-17,15:00:00.233000,12076,12077,12077,1
2020-01-17,15:00:00.233000,12076,12077,12078,3
2020-01-17,15:00:00.258000,12076,12077,12078,2
2020-01-17,15:00:00.278000,12076,12078,12078,1
2020-01-17,15:00:00.285000,12076,12078,12078,1
2020-01-17,15:00:00.332000,12076,12078,12078,1
2020-01-17,15:00:00.341000,12076,12078,12078,1
2020-01-17,15:00:00.347000,12076,12078,12078,1
2020-01-17,15:00:00.408000,12076,12078,12078,1
2020-01-17,15:00:00.417000,12076,12078,12078,2
2020-01-17,15:00:00.533000,12076,12078,12078,1
2020-01-17,15:00:00.626000,12076,12078,12078,3
2020-01-17,15:00:00.780000,12076,12078,12078,2
2020-01-17,15:00:01.159000,12077,12078,12078,6
2020-01-17,15:00:01.372000,12077,12078,12077,1
2020-01-17,15:00:04.349000,12077,12079,12078,1
2020-01-17,15:00:04.718000,12077,12078,12078,1
2020-01-17,15:00:04.793000,12077,12078,12078,2
2020-01-17,15:00:04.833000,12077,12078,12078,1
2020-01-17,15:00:04.860000,12077,12078,12078,1
2020-01-17,15:00:05.155000,12077,12078,12078,2
2020-01-17,15:00:05.812000,12077,12078,12078,1
2020-01-17,15:00:06.142000,12077,12078,12077,3
2020-01-17,15:00:06.267000,12077,12078,12077,2
2020-01-17,15:00:08.332000,12077,12078,12078,1
2020-01-17,15:00:09.185000,12077,12078,12077,1
2020-01-17,15:00:09.599000,12077,12078,12077,2
2020-01-17,15:00:09.642000,12077,12078,12077,4
2020-01-17,15:00:09.683000,12077,12078,12077,1
2020-01-17,15:00:09.789000,12077,12078,12077,1
2020-01-17,15:00:10.267000,12076,12077,12076,2
2020-01-17,15:00:11.343000,12075,12077,12077,1
2020-01-17,15:00:11.755000,12075,12077,12077,5
2020-01-17,15:00:12.634000,12076,12077,12077,1
2020-01-17,15:00:13.210000,12076,12077,12076,1
2020-01-17,15:00:13.765000,12076,12077,12077,3
2020-01-17,15:00:14.272000,12076,12078,12076,1
2020-01-17,15:00:15.171000,12076,12078,12076,1
2020-01-17,15:00:16.612000,12076,12078,12076,6
2020-01-17,15:00:16.612000,12076,12078,12075,25
2020-01-17,15:00:16.660000,12074,12075,12075,3
2020-01-17,15:00:16.767000,12074,12075,12075,1
2020-01-17,15:00:16.767000,12074,12075,12075,1
2020-01-17,15:00:16.892000,12075,12076,12075,1
2020-01-17,15:00:17.004000,12075,12076,12076,3
2020-01-17,15:00:17.392000,12076,12077,12076,1
2020-01-17,15:00:19.072000,12075,12077,12075,1
2020-01-17,15:00:22.353000,12075,12076,12075,1
2020-01-17,15:00:22.420000,12075,12076,12076,6
2020-01-17,15:00:22.586000,12075,12076,12076,1
2020-01-17,15:00:22.796000,12075,12076,12075,1
2020-01-17,15:00:23.177000,12075,12076,12075,1
2020-01-17,15:00:23.633000,12074,12076,12076,1
2020-01-17,15:00:27.976000,12075,12076,12075,2
2020-01-17,15:00:27.976000,12075,12076,12074,3
2020-01-17,15:00:28.575000,12074,12075,12074,1
2020-01-17,15:00:28.767000,12074,12075,12074,1
2020-01-17,15:00:29.937000,12074,12075,12074,1
2020-01-17,15:00:31.631000,12073,12075,12074,1
2020-01-17,15:00:31.633000,12073,12075,12074,1
2020-01-17,15:00:31.636000,12073,12075,12074,1
2020-01-17,15:00:31.638000,12073,12075,12074,1
2020-01-17,15:00:31.646000,12073,12074,12074,1
2020-01-17,15:00:33.834000,12074,12075,12074,1
2020-01-17,15:00:35.240000,12074,12075,12074,1
2020-01-17,15:00:36.304000,12073,12074,12074,1
2020-01-17,15:00:37.085000,12073,12074,12074,1
2020-01-17,15:00:37.778000,12073,12074,12073,1
2020-01-17,15:00:38.548000,12073,12074,12073,5
2020-01-17,15:00:45.565000,12073,12074,12074,1
2020-01-17,15:00:47.657000,12073,12074,12073,1
2020-01-17,15:00:48.248000,12073,12074,12073,1
2020-01-17,15:00:49.464000,12073,12074,12073,1
2020-01-17,15:00:55.693000,12073,12074,12073,1
2020-01-17,15:00:57.691000,12073,12074,12073,5
2020-01-17,15:00:58.649000,12073,12074,12074,1
2020-01-17,15:00:59.098000,12073,12074,12074,1
2020-01-17,15:01:00.142000,12073,12074,12074,1
2020-01-17,15:01:00.427000,12073,12074,12074,1
2020-01-17,15:01:01.437000,12073,12074,12073,1
2020-01-17,15:01:02.346000,12073,12074,12074,10
2020-01-17,15:01:02.538000,12073,12074,12074,6
2020-01-17,15:01:03.784000,12073,12074,12074,2
2020-01-17,15:01:06.972000,12073,12074,12074,1
2020-01-17,15:01:07.431000,12073,12075,12075,1
2020-01-17,15:01:16.521000,12074,12075,12075,1
2020-01-17,15:01:17.906000,12074,12075,12074,1
2020-01-17,15:01:25.951000,12074,12075,12074,1
2020-01-17,15:01:26.877000,12074,12075,12074,1
2020-01-17,15:01:32.779000,12074,12075,12075,1
2020-01-17,15:01:32.857000,12074,12075,12074,7
2020-01-17,15:01:32.857000,12074,12075,12074,2
2020-01-17,15:01:32.857000,12074,12075,12074,2
2020-01-17,15:01:32.858000,12074,12075,12074,2
2020-01-17,15:01:32.879000,12074,12075,12074,1
2020-01-17,15:01:32.892000,12073,12074,12074,1
2020-01-17,15:01:38.829000,12073,12074,12074,1
2020-01-17,15:01:39.707000,12073,12074,12074,1
2020-01-17,15:01:40.006000,12073,12074,12074,1
2020-01-17,15:01:40.510000,12073,12074,12074,8
2020-01-17,15:01:44.194000,12074,12075,12074,1
2020-01-17,15:01:44.785000,12074,12075,12074,1
2020-01-17,15:01:59.384000,12074,12075,12075,3
2020-01-17,15:01:59.384000,12074,12075,12075,10
2020-01-17,15:01:59.384000,12074,12075,12076,1
2020-01-17,15:01:59.394000,12074,12076,12076,1
2020-01-17,15:01:59.844000,12074,12076,12076,1
2020-01-17,15:01:59.958000,12074,12076,12076,1
2020-01-17,15:01:59.971000,12074,12076,12076,2
2020-01-17,15:02:00.134000,12074,12076,12076,3
2020-01-17,15:02:02.240000,12075,12076,12076,1
2020-01-17,15:02:03.154000,12075,12076,12076,1
2020-01-17,15:02:03.284000,12075,12077,12077,1
2020-01-17,15:02:03.679000,12075,12077,12075,1
2020-01-17,15:02:03.851000,12075,12077,12075,1
2020-01-17,15:02:04.252000,12075,12077,12077,1
2020-01-17,15:02:06.354000,12076,12077,12077,3
2020-01-17,15:02:07.626000,12076,12077,12077,1
2020-01-17,15:02:12.005000,12076,12077,12076,1
2020-01-17,15:02:13.772000,12076,12077,12077,1
2020-01-17,15:02:25.071000,12076,12077,12077,1
2020-01-17,15:02:32.443000,12076,12077,12077,1
2020-01-17,15:02:42.710000,12076,12077,12076,3
2020-01-17,15:02:45.352000,12076,12077,12076,1
2020-01-17,15:02:45.712000,12076,12077,12076,1
2020-01-17,15:02:45.852000,12076,12077,12076,1
2020-01-17,15:02:54.484000,12075,12076,12076,1
2020-01-17,15:02:54.513000,12075,12076,12076,4
2020-01-17,15:03:01.489000,12076,12077,12076,1
2020-01-17,15:03:05.115000,12076,12077,12077,1
2020-01-17,15:03:07.209000,12076,12077,12076,1
2020-01-17,15:03:07.730000,12076,12077,12076,1
2020-01-17,15:03:20.008000,12076,12077,12076,1
2020-01-17,15:03:20.226000,12076,12077,12076,1
2020-01-17,15:03:26.414000,12076,12077,12076,1
2020-01-17,15:03:37.662000,12076,12077,12076,3
2020-01-17,15:03:40.757000,12076,12077,12076,1
2020-01-17,15:03:43.654000,12076,12077,12076,1
2020-01-17,15:03:49.145000,12076,12077,12076,10
2020-01-17,15:03:52.972000,12076,12077,12076,1
2020-01-17,15:03:53.661000,12076,12077,12077,1
2020-01-17,15:03:55.419000,12076,12077,12076,5
2020-01-17,15:03:55.502000,12076,12077,12076,1
2020-01-17,15:03:58.579000,12076,12077,12077,2
2020-01-17,15:03:58.601000,12076,12077,12077,1
2020-01-17,15:03:58.638000,12076,12077,12077,1
2020-01-17,15:03:58.650000,12076,12077,12077,4
2020-01-17,15:03:58.653000,12076,12077,12077,3
2020-01-17,15:03:58.655000,12076,12077,12077,1
2020-01-17,15:03:58.657000,12076,12077,12077,5
2020-01-17,15:03:58.739000,12076,12077,12077,4
2020-01-17,15:03:58.745000,12076,12077,12077,1
2020-01-17,15:03:58.756000,12076,12077,12077,2
2020-01-17,15:03:58.761000,12076,12077,12077,5
2020-01-17,15:03:58.761000,12076,12077,12078,1
2020-01-17,15:03:58.805000,12076,12078,12078,1
2020-01-17,15:03:59.187000,12077,12078,12078,2
2020-01-17,15:04:00.574000,12077,12078,12077,1
2020-01-17,15:04:02.294000,12077,12078,12078,10
2020-01-17,15:04:02.688000,12077,12078,12078,2
2020-01-17,15:04:02.776000,12077,12078,12078,1
2020-01-17,15:04:02.781000,12077,12078,12078,1
2020-01-17,15:04:07.020000,12077,12078,12078,1
2020-01-17,15:04:17.868000,12077,12078,12077,4
2020-01-17,15:04:22.885000,12076,12077,12077,1
2020-01-17,15:04:27.694000,12076,12077,12077,1
2020-01-17,15:05:00.349000,12076,12077,12076,2
2020-01-17,15:05:00.392000,12076,12077,12076,4
2020-01-17,15:05:00.533000,12076,12077,12076,1
2020-01-17,15:05:02.057000,12075,12076,12076,9
2020-01-17,15:05:08.828000,12075,12077,12077,1
2020-01-17,15:05:14.364000,12076,12077,12076,1
2020-01-17,15:05:15.269000,12076,12077,12076,1
2020-01-17,15:05:21.280000,12075,12076,12075,10
2020-01-17,15:05:24.504000,12075,12076,12076,1
2020-01-17,15:05:33.609000,12075,12076,12076,1
2020-01-17,15:05:36.019000,12075,12076,12076,1
2020-01-17,15:05:49.149000,12075,12076,12075,1
2020-01-17,15:06:04.364000,12075,12076,12075,1
2020-01-17,15:06:06.732000,12075,12076,12075,1
2020-01-17,15:06:09.809000,12075,12076,12075,1
2020-01-17,15:06:12.102000,12075,12076,12075,1
2020-01-17,15:06:17.451000,12075,12076,12076,1
2020-01-17,15:06:17.481000,12075,12076,12076,1
2020-01-17,15:06:47.968000,12075,12076,12075,1
2020-01-17,15:06:49.280000,12075,12076,12076,1
2020-01-17,15:06:56.608000,12075,12076,12075,1
2020-01-17,15:07:02.241000,12075,12076,12076,4
2020-01-17,15:07:02.373000,12075,12076,12075,10
2020-01-17,15:07:17.167000,12075,12076,12075,2
2020-01-17,15:07:18.668000,12075,12076,12075,1
2020-01-17,15:07:24.692000,12074,12075,12075,1
2020-01-17,15:07:28.493000,12075,12076,12076,10
2020-01-17,15:07:44.811000,12075,12076,12075,2
2020-01-17,15:07:49.941000,12075,12076,12075,10
2020-01-17,15:07:53.558000,12075,12076,12075,1
2020-01-17,15:07:56.424000,12075,12076,12075,2
2020-01-17,15:07:56.654000,12074,12075,12075,1
2020-01-17,15:08:02.379000,12074,12075,12075,1
2020-01-17,15:08:19.437000,12075,12076,12075,2
2020-01-17,15:08:19.748000,12074,12075,12075,2
2020-01-17,15:08:26.001000,12074,12075,12075,2
2020-01-17,15:08:54.545000,12075,12076,12075,1
2020-01-17,15:09:21.042000,12074,12075,12075,1
2020-01-17,15:09:23.114000,12075,12076,12075,1
2020-01-17,15:09:23.991000,12075,12076,12075,1
2020-01-17,15:09:27.297000,12075,12076,12075,2
2020-01-17,15:09:33.631000,12075,12076,12075,1
2020-01-17,15:09:46.524000,12074,12075,12075,1
2020-01-17,15:09:50.707000,12074,12075,12075,1
2020-01-17,15:09:55.726000,12074,12075,12075,4
2020-01-17,15:10:22.955000,12075,12076,12075,1
2020-01-17,15:10:23.017000,12075,12076,12075,1
2020-01-17,15:10:24.885000,12074,12075,12075,5
2020-01-17,15:10:31.583000,12075,12076,12075,1
2020-01-17,15:10:40.761000,12074,12075,12074,1
2020-01-17,15:10:44.734000,12074,12075,12075,2
2020-01-17,15:10:50.248000,12074,12075,12075,1
2020-01-17,15:11:20.367000,12074,12075,12074,16
2020-01-17,15:11:20.392000,12073,12074,12074,2
2020-01-17,15:11:25.917000,12073,12074,12074,1
2020-01-17,15:11:35.080000,12073,12074,12073,1
2020-01-17,15:11:35.121000,12073,12074,12074,1
2020-01-17,15:11:38.667000,12073,12074,12073,1
2020-01-17,15:11:38.882000,12073,12074,12073,2
2020-01-17,15:11:44.025000,12073,12074,12073,1
2020-01-17,15:11:49.136000,12073,12074,12073,2
2020-01-17,15:11:49.143000,12073,12074,12073,11
2020-01-17,15:11:49.267000,12073,12074,12073,4
2020-01-17,15:12:03.934000,12072,12073,12072,1
2020-01-17,15:12:04.058000,12072,12073,12072,4
2020-01-17,15:12:04.596000,12072,12073,12072,3
2020-01-17,15:12:04.602000,12072,12073,12072,3
2020-01-17,15:12:04.653000,12072,12073,12073,1
2020-01-17,15:12:14.146000,12072,12073,12073,1
2020-01-17,15:12:22.609000,12072,12073,12073,1
2020-01-17,15:12:35.010000,12072,12073,12073,1
2020-01-17,15:12:50.700000,12072,12073,12073,1
2020-01-17,15:13:06.570000,12072,12073,12073,2
2020-01-17,15:13:07.148000,12072,12073,12073,1
2020-01-17,15:13:10.107000,12072,12073,12073,1
2020-01-17,15:13:17.222000,12072,12073,12073,2
2020-01-17,15:13:17.964000,12072,12073,12073,3
2020-01-17,15:13:21.071000,12072,12073,12073,1
2020-01-17,15:13:22.251000,12072,12073,12073,2
2020-01-17,15:13:22.990000,12072,12073,12073,1
2020-01-17,15:13:23.239000,12072,12073,12073,1
2020-01-17,15:13:30.681000,12073,12074,12073,1
2020-01-17,15:13:38.911000,12073,12074,12073,1
2020-01-17,15:13:43.439000,12073,12074,12073,1
2020-01-17,15:13:51.128000,12073,12074,12074,1
2020-01-17,15:13:52.835000,12073,12074,12074,2
2020-01-17,15:14:06.311000,12073,12074,12074,3
2020-01-17,15:14:19.636000,12073,12074,12074,1
2020-01-17,15:14:26.914000,12073,12074,12074,1
2020-01-17,15:14:31.743000,12073,12074,12074,2
2020-01-17,15:14:46.063000,12073,12074,12073,1
2020-01-17,15:14:47.746000,12073,12074,12074,1
2020-01-17,15:14:53.572000,12074,12075,12075,1
2020-01-17,15:15:05.001000,12074,12075,12075,2
2020-01-17,15:15:43.099000,12074,12075,12074,1
2020-01-17,15:15:46.844000,12074,12075,12075,2
2020-01-17,15:16:06.573000,12074,12075,12075,5
2020-01-17,15:16:13.503000,12074,12075,12075,1
2020-01-17,15:16:25.494000,12074,12075,12075,1
2020-01-17,15:16:25.525000,12074,12075,12075,2
2020-01-17,15:16:25.525000,12074,12075,12075,1
2020-01-17,15:16:25.535000,12074,12075,12075,2
2020-01-17,15:16:25.535000,12074,12075,12076,1
2020-01-17,15:16:25.535000,12074,12075,12076,1
2020-01-17,15:16:25.535000,12074,12075,12076,3
2020-01-17,15:16:25.536000,12074,12075,12076,1
2020-01-17,15:16:25.536000,12074,12075,12076,2
2020-01-17,15:16:25.536000,12074,12075,12076,3
2020-01-17,15:16:25.537000,12074,12075,12076,4
2020-01-17,15:16:25.537000,12074,12075,12076,8
2020-01-17,15:16:25.537000,12074,12075,12076,3
2020-01-17,15:16:25.537000,12074,12075,12076,3
2020-01-17,15:16:25.538000,12074,12075,12076,1
2020-01-17,15:16:25.538000,12074,12075,12076,3
2020-01-17,15:16:25.538000,12074,12075,12076,3
2020-01-17,15:16:25.539000,12074,12075,12076,1
2020-01-17,15:16:25.539000,12074,12075,12076,3
2020-01-17,15:16:33.891000,12075,12076,12076,5
2020-01-17,15:16:36.812000,12075,12077,12077,1
2020-01-17,15:16:40.289000,12076,12077,12076,5
2020-01-17,15:16:40.622000,12075,12076,12076,2
2020-01-17,15:16:45.551000,12075,12076,12076,2
2020-01-17,15:16:46.848000,12075,12076,12076,6
2020-01-17,15:16:50.601000,12076,12077,12076,1
2020-01-17,15:16:53.028000,12076,12077,12076,1
2020-01-17,15:17:22.285000,12076,12077,12077,6
2020-01-17,15:17:28.779000,12076,12077,12076,1
2020-01-17,15:17:29.695000,12076,12077,12077,1
2020-01-17,15:17:29.775000,12076,12077,12077,2
2020-01-17,15:17:29.777000,12076,12077,12077,1
2020-01-17,15:17:29.778000,12076,12077,12077,1
2020-01-17,15:17:29.778000,12076,12077,12077,1
2020-01-17,15:17:29.783000,12076,12077,12077,1
2020-01-17,15:17:29.783000,12076,12077,12077,2
2020-01-17,15:17:29.783000,12076,12077,12077,1
2020-01-17,15:17:29.785000,12076,12077,12077,1
2020-01-17,15:17:29.785000,12076,12077,12077,2
2020-01-17,15:17:29.790000,12076,12077,12077,1
2020-01-17,15:17:29.790000,12076,12077,12077,1
2020-01-17,15:17:29.791000,12076,12077,12077,1
2020-01-17,15:17:29.791000,12076,12077,12077,4
2020-01-17,15:18:00.500000,12076,12077,12077,4
2020-01-17,15:18:04.066000,12076,12077,12077,1
2020-01-17,15:18:06.234000,12076,12077,12077,5
2020-01-17,15:18:25.188000,12076,12077,12077,1
2020-01-17,15:18:35.083000,12076,12077,12077,11
2020-01-17,15:18:35.142000,12077,12078,12077,2
2020-01-17,15:18:36.611000,12076,12077,12077,2
2020-01-17,15:18:41.805000,12076,12077,12077,1
2020-01-17,15:18:42.450000,12076,12077,12077,1
2020-01-17,15:18:43.336000,12076,12077,12076,2
2020-01-17,15:18:43.407000,12076,12077,12077,1
2020-01-17,15:18:44.039000,12076,12077,12077,1
2020-01-17,15:19:07.312000,12076,12077,12076,1
2020-01-17,15:19:16.802000,12076,12077,12077,1
2020-01-17,15:19:27.250000,12076,12077,12077,5
2020-01-17,15:19:27.250000,12076,12077,12077,1
2020-01-17,15:19:27.250000,12076,12077,12077,2
2020-01-17,15:19:27.286000,12077,12078,12078,1
2020-01-17,15:19:27.286000,12077,12078,12078,1
2020-01-17,15:19:27.336000,12077,12078,12078,4
2020-01-17,15:19:27.346000,12077,12078,12078,4
2020-01-17,15:19:30.513000,12077,12078,12078,1
2020-01-17,15:19:30.766000,12077,12078,12078,1
2020-01-17,15:19:31.235000,12077,12078,12077,1
2020-01-17,15:19:31.467000,12077,12078,12078,1
2020-01-17,15:19:31.810000,12077,12078,12078,1
2020-01-17,15:19:36.241000,12077,12078,12078,1
2020-01-17,15:19:37.219000,12077,12078,12078,4
2020-01-17,15:19:38.174000,12077,12078,12078,2
2020-01-17,15:19:45.707000,12078,12079,12079,1
2020-01-17,15:19:45.841000,12078,12079,12078,3
2020-01-17,15:20:02.293000,12078,12079,12078,1
2020-01-17,15:20:06.091000,12078,12079,12078,1
2020-01-17,15:20:06.668000,12078,12079,12078,1
2020-01-17,15:20:15.795000,12078,12079,12078,1
2020-01-17,15:20:17.012000,12078,12079,12078,1
2020-01-17,15:20:17.729000,12078,12079,12078,2
2020-01-17,15:20:18.373000,12078,12079,12078,1
2020-01-17,15:20:23.417000,12078,12079,12078,1
2020-01-17,15:20:25.473000,12078,12079,12078,1
2020-01-17,15:20:29.359000,12078,12079,12079,4
2020-01-17,15:20:29.962000,12078,12079,12079,1
2020-01-17,15:20:31.231000,12078,12079,12079,2
2020-01-17,15:20:34.264000,12078,12079,12078,4
2020-01-17,15:20:37.462000,12077,12079,12079,6
2020-01-17,15:20:40.698000,12077,12078,12078,1
2020-01-17,15:20:42.046000,12077,12078,12078,4
2020-01-17,15:20:47.850000,12078,12079,12078,1
2020-01-17,15:20:56.265000,12077,12078,12078,2
2020-01-17,15:21:06.489000,12077,12078,12078,1
2020-01-17,15:21:16.757000,12077,12078,12078,1
2020-01-17,15:21:29.008000,12077,12078,12078,1
2020-01-17,15:21:31.708000,12077,12078,12078,2
2020-01-17,15:21:31.767000,12077,12078,12078,3
2020-01-17,15:21:33.460000,12077,12079,12079,22
2020-01-17,15:21:39.868000,12078,12079,12079,5
2020-01-17,15:21:41.041000,12078,12079,12079,2
2020-01-17,15:21:47.093000,12078,12079,12079,1
2020-01-17,15:21:48.978000,12078,12079,12079,4
2020-01-17,15:21:49.116000,12078,12079,12079,6
2020-01-17,15:22:12.392000,12079,12080,12079,1
2020-01-17,15:22:21.894000,12078,12079,12079,1
2020-01-17,15:22:32.088000,12078,12079,12079,2
2020-01-17,15:22:32.672000,12078,12079,12079,1
2020-01-17,15:22:40.654000,12079,12080,12079,1
2020-01-17,15:22:41.876000,12079,12080,12079,1
2020-01-17,15:22:43.679000,12079,12080,12079,1
2020-01-17,15:22:44.876000,12079,12080,12080,1
2020-01-17,15:22:45.141000,12079,12080,12079,1
2020-01-17,15:22:47.051000,12079,12080,12079,1
2020-01-17,15:23:02.139000,12079,12080,12080,6
2020-01-17,15:23:05.372000,12079,12080,12080,15
2020-01-17,15:23:17.568000,12079,12080,12080,2
2020-01-17,15:23:19.567000,12079,12080,12080,2
2020-01-17,15:23:20.657000,12079,12080,12080,1
2020-01-17,15:23:20.757000,12079,12080,12080,11
2020-01-17,15:23:20.767000,12079,12080,12080,1
2020-01-17,15:23:27.247000,12080,12081,12080,1
2020-01-17,15:23:31.297000,12080,12081,12080,2
2020-01-17,15:23:38.981000,12080,12081,12081,2
2020-01-17,15:23:39.040000,12080,12081,12081,3
2020-01-17,15:23:39.087000,12080,12081,12080,1
2020-01-17,15:23:40.068000,12080,12081,12080,2
2020-01-17,15:23:41.735000,12080,12081,12080,1
2020-01-17,15:23:59.729000,12080,12081,12080,1
2020-01-17,15:24:03.070000,12080,12081,12081,10
2020-01-17,15:24:04.132000,12080,12081,12081,1
2020-01-17,15:24:04.459000,12080,12081,12081,1
2020-01-17,15:24:08.205000,12080,12081,12081,2
2020-01-17,15:24:08.698000,12080,12081,12081,2
2020-01-17,15:24:19.289000,12080,12081,12081,1
2020-01-17,15:24:19.786000,12080,12081,12081,1
2020-01-17,15:24:21.038000,12080,12081,12081,1
2020-01-17,15:24:23.267000,12080,12081,12081,2
2020-01-17,15:24:23.890000,12080,12081,12081,1
2020-01-17,15:24:24.722000,12080,12081,12081,1
2020-01-17,15:24:28.873000,12080,12081,12081,1
2020-01-17,15:24:32.193000,12080,12081,12081,3
2020-01-17,15:24:39.539000,12081,12082,12081,1
2020-01-17,15:24:44.173000,12081,12082,12081,5
2020-01-17,15:24:48.459000,12080,12081,12081,1
2020-01-17,15:24:50.121000,12080,12081,12081,1
2020-01-17,15:24:54.832000,12080,12081,12081,1
2020-01-17,15:25:02.188000,12080,12081,12081,8
2020-01-17,15:25:02.234000,12080,12081,12081,1
2020-01-17,15:25:06.826000,12080,12081,12080,1
2020-01-17,15:25:13.607000,12080,12081,12080,2
2020-01-17,15:25:18.403000,12080,12081,12081,1
2020-01-17,15:25:21.467000,12080,12081,12081,2
2020-01-17,15:25:25.265000,12080,12081,12081,1
2020-01-17,15:25:28.758000,12080,12081,12081,1
2020-01-17,15:25:30.380000,12080,12081,12081,4
2020-01-17,15:25:45.003000,12080,12081,12081,3
2020-01-17,15:25:46.649000,12080,12081,12081,1
2020-01-17,15:25:56.517000,12080,12081,12080,10
2020-01-17,15:25:56.563000,12080,12081,12080,1
2020-01-17,15:25:56.642000,12080,12081,12080,8
2020-01-17,15:25:56.642000,12080,12081,12080,3
2020-01-17,15:25:56.642000,12080,12081,12080,4
2020-01-17,15:25:56.642000,12080,12081,12080,1
2020-01-17,15:25:56.642000,12080,12081,12080,3
2020-01-17,15:25:56.768000,12079,12080,12080,1
2020-01-17,15:25:56.829000,12079,12080,12080,1
2020-01-17,15:26:01.499000,12079,12080,12079,1
2020-01-17,15:26:01.499000,12079,12080,12079,1
2020-01-17,15:26:01.500000,12079,12080,12079,2
2020-01-17,15:26:01.500000,12079,12080,12079,2
2020-01-17,15:26:01.500000,12079,12080,12079,2
2020-01-17,15:26:06.526000,12078,12079,12078,1
2020-01-17,15:26:09.094000,12078,12079,12078,2
2020-01-17,15:26:13.722000,12077,12078,12078,1
2020-01-17,15:26:14.545000,12077,12078,12077,1
2020-01-17,15:26:30.390000,12077,12078,12077,1
2020-01-17,15:26:55.915000,12077,12078,12078,6
2020-01-17,15:27:12.994000,12078,12079,12079,1
2020-01-17,15:27:16.400000,12078,12079,12079,2
2020-01-17,15:27:17.895000,12078,12079,12079,2
2020-01-17,15:27:18.395000,12079,12080,12079,1
2020-01-17,15:27:18.716000,12079,12080,12079,4
2020-01-17,15:27:20.416000,12079,12080,12079,2
2020-01-17,15:27:33.464000,12079,12080,12079,1
2020-01-17,15:27:39.833000,12079,12080,12079,1
2020-01-17,15:27:40.833000,12079,12080,12079,1
2020-01-17,15:27:44.033000,12079,12080,12079,1
2020-01-17,15:27:51.360000,12079,12080,12079,1
2020-01-17,15:27:51.933000,12078,12079,12079,1
2020-01-17,15:28:16.191000,12078,12079,12078,1
2020-01-17,15:28:16.897000,12078,12079,12079,2
2020-01-17,15:28:18.886000,12078,12079,12079,1
2020-01-17,15:28:23.068000,12078,12079,12079,1
2020-01-17,15:28:25.611000,12078,12080,12079,1
2020-01-17,15:28:28.503000,12078,12080,12080,1
2020-01-17,15:28:29.305000,12078,12080,12080,1
2020-01-17,15:28:29.667000,12078,12080,12080,1
2020-01-17,15:28:32.934000,12078,12079,12079,1
2020-01-17,15:28:38.941000,12078,12080,12080,1
2020-01-17,15:28:57.221000,12079,12080,12079,1
2020-01-17,15:29:09.532000,12079,12080,12079,1
2020-01-17,15:29:10.233000,12078,12079,12079,1
2020-01-17,15:29:24.768000,12078,12079,12079,2
2020-01-17,15:29:31.340000,12079,12080,12079,1
2020-01-17,15:29:45.706000,12078,12079,12079,2
2020-01-17,15:30:02.576000,12079,12080,12079,1
2020-01-17,15:30:22.009000,12079,12080,12080,2
2020-01-17,15:30:23.811000,12079,12080,12079,1
2020-01-17,15:30:24.468000,12079,12080,12079,1
2020-01-17,15:30:25.021000,12079,12080,12080,6
2020-01-17,15:30:44.152000,12079,12080,12080,1
2020-01-17,15:30:47.599000,12079,12080,12080,2
2020-01-17,15:30:47.990000,12079,12080,12080,5
2020-01-17,15:30:48.017000,12079,12080,12080,9
2020-01-17,15:31:05.425000,12080,12081,12080,1
2020-01-17,15:31:15.212000,12080,12081,12080,1
2020-01-17,15:31:15.507000,12080,12081,12080,1
2020-01-17,15:31:15.525000,12079,12080,12080,1
2020-01-17,15:31:15.526000,12079,12080,12081,1
2020-01-17,15:31:15.526000,12079,12080,12081,1
2020-01-17,15:31:15.529000,12079,12080,12081,1
2020-01-17,15:31:15.529000,12079,12080,12081,1
2020-01-17,15:31:15.530000,12079,12080,12081,1
2020-01-17,15:31:15.530000,12079,12080,12081,1
2020-01-17,15:31:15.530000,12079,12080,12081,1
2020-01-17,15:31:15.530000,12079,12080,12081,3
2020-01-17,15:31:15.531000,12079,12080,12081,1
2020-01-17,15:31:15.531000,12079,12080,12081,1
2020-01-17,15:31:15.532000,12079,12080,12081,1
2020-01-17,15:31:15.533000,12079,12080,12081,1
2020-01-17,15:31:15.533000,12079,12080,12081,1
2020-01-17,15:31:15.901000,12079,12081,12081,2
2020-01-17,15:31:28.692000,12079,12080,12080,1
2020-01-17,15:31:32.499000,12079,12080,12080,4
2020-01-17,15:31:37.493000,12079,12080,12080,1
2020-01-17,15:31:38.161000,12079,12080,12080,1
2020-01-17,15:31:47.473000,12079,12080,12080,1
2020-01-17,15:31:52.858000,12079,12080,12080,1
2020-01-17,15:31:58.105000,12079,12080,12080,1
2020-01-17,15:32:04.221000,12079,12080,12080,1
2020-01-17,15:32:21.771000,12079,12080,12080,1
2020-01-17,15:32:24.789000,12079,12080,12080,1
2020-01-17,15:32:27.070000,12079,12080,12080,1
2020-01-17,15:32:40.032000,12080,12081,12080,1
2020-01-17,15:33:04.253000,12080,12081,12080,1
2020-01-17,15:33:12.612000,12079,12080,12080,1
2020-01-17,15:33:18.472000,12079,12080,12080,3
2020-01-17,15:33:21.425000,12079,12080,12080,1
2020-01-17,15:33:35.494000,12080,12081,12080,1
2020-01-17,15:33:38.319000,12079,12081,12081,1
2020-01-17,15:33:44.876000,12080,12081,12081,1
2020-01-17,15:33:46.149000,12080,12081,12080,2
2020-01-17,15:33:46.531000,12080,12081,12081,2
2020-01-17,15:34:10.760000,12080,12081,12080,1
2020-01-17,15:34:20.298000,12080,12081,12080,1
2020-01-17,15:34:39.144000,12080,12081,12080,2
2020-01-17,15:34:53.677000,12080,12081,12080,1
2020-01-17,15:35:01.263000,12080,12081,12081,28
2020-01-17,15:35:11.204000,12081,12082,12082,5
2020-01-17,15:35:11.272000,12081,12082,12082,10
2020-01-17,15:35:11.282000,12081,12082,12081,1
2020-01-17,15:35:11.295000,12081,12082,12082,4
2020-01-17,15:35:11.325000,12081,12082,12082,2
2020-01-17,15:35:11.332000,12081,12082,12082,2
2020-01-17,15:35:11.335000,12081,12082,12082,2
2020-01-17,15:35:11.355000,12081,12082,12082,2
2020-01-17,15:35:11.392000,12081,12082,12082,9
2020-01-17,15:35:11.392000,12081,12082,12082,3
2020-01-17,15:35:11.392000,12081,12082,12082,2
2020-01-17,15:35:11.392000,12081,12082,12082,3
2020-01-17,15:35:11.392000,12081,12082,12082,4
2020-01-17,15:35:11.392000,12081,12082,12082,3
2020-01-17,15:35:11.404000,12081,12082,12083,2
2020-01-17,15:35:11.410000,12081,12082,12083,2
2020-01-17,15:35:11.476000,12081,12082,12083,1
2020-01-17,15:35:11.591000,12082,12083,12082,1
2020-01-17,15:35:11.597000,12082,12083,12083,6
2020-01-17,15:35:11.605000,12082,12083,12083,5
2020-01-17,15:35:11.617000,12082,12083,12083,6
2020-01-17,15:35:11.662000,12082,12083,12083,1
2020-01-17,15:35:11.663000,12082,12083,12083,1
2020-01-17,15:35:11.702000,12082,12083,12083,1
2020-01-17,15:35:11.725000,12082,12083,12083,1
2020-01-17,15:35:18.327000,12082,12083,12082,1
2020-01-17,15:35:18.640000,12082,12083,12082,4
2020-01-17,15:35:22.025000,12081,12083,12083,2
2020-01-17,15:35:22.699000,12081,12083,12081,1
2020-01-17,15:35:25.495000,12082,12083,12082,1
2020-01-17,15:35:29.560000,12082,12083,12083,2
2020-01-17,15:35:32.827000,12082,12083,12082,1
2020-01-17,15:35:44.209000,12082,12083,12082,1
2020-01-17,15:35:50.692000,12082,12083,12082,1
2020-01-17,15:35:52.385000,12082,12083,12082,2
2020-01-17,15:36:05.464000,12082,12083,12082,5
2020-01-17,15:36:05.852000,12082,12083,12083,2
2020-01-17,15:36:07.617000,12082,12083,12083,1
2020-01-17,15:36:16.805000,12082,12083,12083,2
2020-01-17,15:36:16.869000,12082,12083,12083,1
2020-01-17,15:36:19.489000,12082,12083,12083,3
2020-01-17,15:36:23.704000,12082,12083,12083,1
2020-01-17,15:36:24.584000,12082,12083,12083,1
2020-01-17,15:36:28.877000,12082,12083,12083,1
2020-01-17,15:36:37.853000,12082,12083,12083,1
2020-01-17,15:36:43.858000,12082,12083,12083,1
2020-01-17,15:36:50.549000,12082,12083,12082,1
2020-01-17,15:36:51.858000,12082,12083,12082,1
2020-01-17,15:36:58.262000,12082,12083,12082,8
2020-01-17,15:37:01.051000,12082,12083,12082,1
2020-01-17,15:37:01.190000,12082,12083,12082,1
2020-01-17,15:37:02.945000,12082,12083,12082,1
2020-01-17,15:37:15.856000,12082,12083,12082,1
2020-01-17,15:37:17.034000,12082,12083,12082,5
2020-01-17,15:37:19.423000,12082,12083,12082,1
2020-01-17,15:37:20.603000,12082,12083,12082,1
2020-01-17,15:37:28.017000,12082,12083,12082,4
2020-01-17,15:37:28.370000,12081,12082,12082,1
2020-01-17,15:37:38.436000,12081,12082,12082,1
2020-01-17,15:37:40.591000,12081,12082,12082,1
2020-01-17,15:37:44.114000,12081,12082,12082,1
2020-01-17,15:37:46.652000,12081,12082,12082,1
2020-01-17,15:37:50.910000,12081,12082,12082,1
2020-01-17,15:37:53.366000,12081,12082,12082,1
2020-01-17,15:38:23.584000,12081,12082,12082,1
2020-01-17,15:38:24.482000,12081,12082,12082,3
2020-01-17,15:38:26.828000,12081,12082,12082,1
2020-01-17,15:38:34.920000,12081,12082,12082,1
2020-01-17,15:38:35.262000,12081,12082,12081,1
2020-01-17,15:39:03.264000,12081,12082,12081,1
2020-01-17,15:39:28.898000,12081,12082,12082,1
2020-01-17,15:39:36.066000,12081,12082,12082,2
2020-01-17,15:39:39.586000,12081,12082,12082,4
2020-01-17,15:39:45.339000,12081,12082,12081,1
2020-01-17,15:40:04.703000,12081,12082,12081,10
2020-01-17,15:40:05.762000,12081,12082,12082,4
2020-01-17,15:40:05.998000,12081,12082,12082,4
2020-01-17,15:40:06.775000,12081,12082,12082,8
2020-01-17,15:40:07.001000,12081,12082,12082,2
2020-01-17,15:40:07.209000,12082,12083,12083,4
2020-01-17,15:40:07.233000,12082,12083,12083,4
2020-01-17,15:40:07.431000,12082,12083,12083,1
2020-01-17,15:40:07.807000,12082,12083,12083,1
2020-01-17,15:40:07.807000,12082,12083,12083,2
2020-01-17,15:40:07.903000,12082,12083,12083,1
2020-01-17,15:40:08.109000,12082,12083,12083,1
2020-01-17,15:40:08.402000,12082,12083,12083,1
2020-01-17,15:40:08.574000,12082,12083,12083,1
2020-01-17,15:40:09.313000,12082,12083,12083,2
2020-01-17,15:40:09.313000,12082,12083,12083,9
2020-01-17,15:40:12.623000,12083,12084,12083,1
2020-01-17,15:40:13.314000,12083,12084,12083,1
2020-01-17,15:40:13.448000,12083,12084,12083,1
2020-01-17,15:40:26.135000,12082,12083,12082,1
2020-01-17,15:40:27.418000,12082,12083,12083,1
2020-01-17,15:40:37.517000,12083,12084,12083,1
2020-01-17,15:40:40.465000,12083,12084,12083,2
2020-01-17,15:40:45.829000,12083,12084,12083,1
2020-01-17,15:41:08.436000,12083,12084,12083,1
2020-01-17,15:41:20.071000,12083,12084,12083,6
2020-01-17,15:41:20.369000,12083,12084,12084,3
2020-01-17,15:41:20.834000,12083,12084,12084,1
2020-01-17,15:41:20.889000,12083,12084,12084,1
2020-01-17,15:41:23.102000,12083,12084,12083,1
2020-01-17,15:41:34.030000,12083,12084,12083,2
2020-01-17,15:41:34.578000,12082,12083,12083,1
2020-01-17,15:41:35.182000,12082,12083,12083,1
2020-01-17,15:41:47.661000,12082,12083,12083,1
2020-01-17,15:41:59.608000,12083,12084,12083,1
2020-01-17,15:42:08.044000,12082,12083,12083,1
2020-01-17,15:42:11.088000,12082,12083,12083,1
2020-01-17,15:42:14.546000,12082,12083,12083,1
2020-01-17,15:42:14.759000,12082,12083,12083,1
2020-01-17,15:42:21.539000,12082,12083,12083,1
2020-01-17,15:42:21.539000,12082,12083,12083,1
2020-01-17,15:42:56.455000,12082,12083,12083,1
2020-01-17,15:43:08.798000,12082,12083,12083,5
2020-01-17,15:43:37.999000,12082,12083,12082,5
2020-01-17,15:43:38.017000,12082,12083,12082,2
2020-01-17,15:43:38.017000,12082,12083,12082,5
2020-01-17,15:44:01.518000,12081,12082,12081,18
2020-01-17,15:44:01.642000,12081,12082,12081,18
2020-01-17,15:44:03.343000,12080,12081,12080,13
2020-01-17,15:44:03.392000,12080,12081,12080,1
2020-01-17,15:44:03.392000,12080,12081,12080,1
2020-01-17,15:44:03.392000,12080,12081,12080,1
2020-01-17,15:44:03.392000,12080,12081,12080,1
2020-01-17,15:44:35.177000,12079,12080,12079,4
2020-01-17,15:44:35.381000,12079,12080,12079,5
2020-01-17,15:44:35.998000,12079,12080,12079,1
2020-01-17,15:44:36.727000,12079,12080,12080,2
2020-01-17,15:44:37.776000,12079,12080,12079,1
2020-01-17,15:44:43.758000,12079,12080,12079,5
2020-01-17,15:44:46.504000,12078,12079,12079,1
2020-01-17,15:45:17.775000,12079,12080,12080,1
2020-01-17,15:45:18.228000,12079,12080,12080,2
2020-01-17,15:45:19.054000,12079,12080,12079,1
2020-01-17,15:45:23.493000,12079,12080,12080,1
2020-01-17,15:45:30.307000,12079,12080,12080,1
2020-01-17,15:45:32.219000,12079,12080,12080,7
2020-01-17,15:45:36.043000,12080,12081,12080,1
2020-01-17,15:45:43.647000,12080,12081,12080,2
2020-01-17,15:45:54.426000,12080,12081,12081,3
2020-01-17,15:46:43.158000,12080,12081,12080,10
2020-01-17,15:46:43.392000,12080,12081,12080,1
2020-01-17,15:46:44.782000,12079,12080,12080,1
2020-01-17,15:46:48.691000,12079,12080,12079,1
2020-01-17,15:46:48.776000,12079,12080,12080,1
2020-01-17,15:46:48.776000,12079,12080,12080,1
2020-01-17,15:46:48.777000,12079,12080,12080,1
2020-01-17,15:46:48.778000,12079,12080,12080,1
2020-01-17,15:46:48.780000,12079,12080,12081,1
2020-01-17,15:46:48.780000,12079,12080,12081,1
2020-01-17,15:46:48.781000,12079,12080,12081,1
2020-01-17,15:46:48.782000,12079,12080,12081,2
2020-01-17,15:46:48.782000,12079,12080,12081,1
2020-01-17,15:46:48.783000,12079,12080,12081,1
2020-01-17,15:46:48.783000,12079,12080,12081,1
2020-01-17,15:46:48.783000,12079,12080,12081,1
2020-01-17,15:46:48.784000,12079,12080,12081,4
2020-01-17,15:46:48.794000,12079,12080,12081,1
2020-01-17,15:46:50.862000,12080,12081,12080,1
2020-01-17,15:47:09.212000,12079,12080,12079,2
2020-01-17,15:47:15.718000,12079,12080,12079,2
2020-01-17,15:47:23.834000,12079,12080,12079,2
2020-01-17,15:47:41.827000,12079,12080,12079,1
2020-01-17,15:47:47.427000,12079,12080,12079,2
2020-01-17,15:47:48.872000,12079,12080,12079,10
2020-01-17,15:47:58.736000,12079,12080,12079,1
2020-01-17,15:48:01.085000,12079,12080,12079,1
2020-01-17,15:48:01.586000,12079,12080,12080,2
2020-01-17,15:48:01.659000,12079,12080,12079,1
2020-01-17,15:48:02.277000,12078,12079,12079,1
2020-01-17,15:48:02.689000,12078,12079,12079,2
2020-01-17,15:48:14.909000,12078,12079,12079,1
2020-01-17,15:49:01.572000,12078,12079,12078,1
2020-01-17,15:49:02.828000,12078,12079,12078,1
2020-01-17,15:49:03.860000,12078,12079,12078,1
2020-01-17,15:49:24.393000,12078,12079,12078,1
2020-01-17,15:49:33.540000,12078,12079,12078,1
2020-01-17,15:50:14.931000,12078,12079,12078,1
2020-01-17,15:50:15.390000,12078,12079,12079,2
2020-01-17,15:50:16.281000,12078,12079,12078,1
2020-01-17,15:50:42.843000,12078,12079,12079,2
2020-01-17,15:50:46.065000,12078,12079,12079,2
2020-01-17,15:50:55.418000,12078,12079,12079,3
2020-01-17,15:51:04.958000,12078,12079,12079,1
2020-01-17,15:51:05.230000,12078,12079,12079,2
2020-01-17,15:51:46.527000,12078,12079,12079,1
2020-01-17,15:51:50.753000,12078,12079,12079,1
2020-01-17,15:52:35.906000,12078,12079,12079,1
2020-01-17,15:52:45.468000,12078,12079,12079,1
2020-01-17,15:52:48.011000,12078,12079,12079,1
2020-01-17,15:52:48.011000,12078,12079,12079,4
2020-01-17,15:52:48.011000,12078,12079,12079,3
2020-01-17,15:52:48.012000,12078,12079,12079,2
2020-01-17,15:52:48.102000,12079,12080,12080,4
2020-01-17,15:52:50.533000,12079,12080,12079,1
2020-01-17,15:53:31.542000,12079,12080,12079,1
2020-01-17,15:53:33.032000,12079,12080,12079,1
2020-01-17,15:53:33.884000,12078,12079,12079,1
2020-01-17,15:53:34.254000,12078,12079,12079,1
2020-01-17,15:53:42.863000,12078,12079,12079,1
2020-01-17,15:53:58.206000,12078,12079,12079,3
2020-01-17,15:53:58.206000,12078,12079,12079,3
2020-01-17,15:54:14.744000,12079,12080,12079,1
2020-01-17,15:54:44.187000,12079,12080,12079,1
2020-01-17,15:54:50.458000,12079,12080,12079,1
2020-01-17,15:55:01.387000,12079,12080,12079,1
2020-01-17,15:55:02.208000,12079,12080,12079,2
2020-01-17,15:55:04.797000,12079,12080,12079,1
2020-01-17,15:55:10.306000,12079,12080,12079,1
2020-01-17,15:55:11.890000,12079,12080,12079,1
2020-01-17,15:55:11.973000,12079,12080,12079,1
2020-01-17,15:55:16.775000,12079,12080,12079,1
2020-01-17,15:55:27.775000,12079,12080,12079,1
2020-01-17,15:55:45.332000,12079,12080,12079,1
2020-01-17,15:56:30.017000,12079,12080,12080,7
2020-01-17,15:56:30.142000,12079,12080,12080,5
2020-01-17,15:56:30.142000,12079,12080,12080,15
2020-01-17,15:56:30.142000,12079,12080,12080,1
2020-01-17,15:56:46.894000,12080,12081,12081,1
2020-01-17,15:56:55.698000,12080,12081,12081,4
2020-01-17,15:57:06.587000,12081,12082,12082,1
2020-01-17,15:57:06.746000,12081,12082,12081,1
2020-01-17,15:57:23.880000,12081,12082,12081,3
2020-01-17,15:57:25.559000,12081,12082,12082,1
2020-01-17,15:57:25.831000,12081,12082,12082,1
2020-01-17,15:57:36.332000,12081,12082,12081,9
2020-01-17,15:57:50.897000,12080,12081,12081,1
2020-01-17,15:57:55.853000,12080,12081,12081,1
2020-01-17,15:57:58.755000,12080,12081,12081,5
2020-01-17,15:57:59.918000,12080,12081,12081,1
2020-01-17,15:58:02.019000,12080,12081,12081,1
2020-01-17,15:58:02.056000,12080,12081,12081,1
2020-01-17,15:58:06.792000,12081,12082,12081,1
2020-01-17,15:58:13.057000,12080,12081,12081,3
2020-01-17,15:58:46.778000,12080,12081,12081,1
2020-01-17,15:59:04.356000,12080,12081,12081,2
2020-01-17,15:59:13.078000,12081,12082,12082,2
2020-01-17,15:59:15.041000,12081,12082,12082,4
2020-01-17,15:59:15.714000,12081,12082,12082,6
2020-01-17,15:59:15.767000,12081,12082,12082,12
2020-01-17,15:59:15.767000,12081,12082,12082,4
2020-01-17,15:59:15.892000,12081,12082,12082,6
2020-01-17,15:59:15.892000,12081,12082,12082,2
2020-01-17,15:59:16.017000,12081,12082,12082,3
2020-01-17,15:59:18.374000,12082,12083,12082,1
2020-01-17,15:59:24.034000,12082,12083,12082,1
2020-01-17,15:59:35.925000,12082,12083,12083,1
2020-01-17,15:59:36.168000,12082,12083,12083,1
2020-01-17,15:59:36.414000,12082,12083,12083,1
2020-01-17,15:59:36.623000,12082,12083,12083,1
2020-01-17,15:59:36.695000,12082,12083,12083,1
2020-01-17,15:59:37.748000,12082,12083,12082,1
2020-01-17,15:59:52.092000,12082,12083,12082,1
2020-01-17,15:59:52.861000,12082,12083,12083,5
2020-01-17,15:59:56.757000,12082,12083,12083,2
2020-01-17,16:00:01.332000,12082,12083,12083,2
2020-01-17,16:00:01.433000,12082,12083,12083,1
2020-01-17,16:00:01.434000,12082,12083,12083,10
2020-01-17,16:00:01.451000,12082,12083,12083,4
2020-01-17,16:00:01.688000,12082,12083,12083,1
2020-01-17,16:00:01.768000,12082,12083,12083,1
2020-01-17,16:00:01.779000,12082,12083,12083,1
2020-01-17,16:00:02.178000,12082,12083,12083,1
2020-01-17,16:00:02.304000,12082,12083,12083,1
2020-01-17,16:00:02.367000,12082,12083,12083,1
2020-01-17,16:00:02.367000,12082,12083,12083,1
2020-01-17,16:00:02.367000,12082,12083,12083,5
2020-01-17,16:00:02.367000,12082,12083,12083,2
2020-01-17,16:00:02.367000,12082,12083,12083,3
2020-01-17,16:00:02.367000,12082,12083,12083,1
2020-01-17,16:00:02.625000,12082,12084,12084,1
2020-01-17,16:00:02.725000,12082,12084,12084,1
2020-01-17,16:00:02.751000,12082,12084,12084,1
2020-01-17,16:00:02.853000,12082,12084,12084,1
2020-01-17,16:00:02.897000,12082,12084,12084,1
2020-01-17,16:00:02.902000,12082,12084,12084,1
2020-01-17,16:00:02.970000,12082,12084,12084,2
2020-01-17,16:00:02.981000,12082,12084,12084,3
2020-01-17,16:00:02.984000,12082,12084,12084,6
2020-01-17,16:00:03.173000,12083,12084,12084,4
2020-01-17,16:00:03.587000,12083,12084,12084,3
2020-01-17,16:00:03.724000,12083,12084,12084,1
2020-01-17,16:00:04.089000,12083,12084,12084,2
2020-01-17,16:00:04.095000,12083,12084,12084,4
2020-01-17,16:00:05.377000,12083,12084,12084,1
2020-01-17,16:00:05.959000,12083,12084,12084,1
2020-01-17,16:00:06.696000,12082,12084,12084,1
2020-01-17,16:00:07.180000,12082,12084,12084,1
2020-01-17,16:00:07.898000,12082,12084,12084,1
2020-01-17,16:00:17.355000,12083,12084,12083,1
2020-01-17,16:00:30.638000,12083,12084,12083,1
2020-01-17,16:00:31.023000,12083,12084,12083,1
2020-01-17,16:00:33.098000,12082,12084,12084,4
2020-01-17,16:00:35.652000,12083,12084,12084,1
2020-01-17,16:01:01.357000,12083,12084,12083,1
2020-01-17,16:01:02.577000,12083,12084,12084,3
2020-01-17,16:01:04.193000,12083,12084,12084,1
2020-01-17,16:01:05.406000,12083,12084,12084,3
2020-01-17,16:01:09.099000,12083,12084,12084,1
2020-01-17,16:01:22.913000,12083,12084,12084,4
2020-01-17,16:01:23.017000,12084,12085,12084,1
2020-01-17,16:01:31.258000,12083,12084,12083,1
2020-01-17,16:01:36.656000,12083,12084,12083,1
2020-01-17,16:01:43.825000,12083,12084,12083,1
2020-01-17,16:01:48.674000,12083,12084,12083,1
2020-01-17,16:02:06.731000,12083,12084,12083,1
2020-01-17,16:02:07.262000,12083,12084,12083,1
2020-01-17,16:02:15.364000,12083,12084,12084,2
2020-01-17,16:02:15.380000,12083,12084,12084,2
2020-01-17,16:02:20.164000,12083,12084,12083,2
2020-01-17,16:03:02.509000,12082,12083,12083,2
2020-01-17,16:03:11.135000,12083,12084,12084,21
2020-01-17,16:03:11.136000,12083,12084,12084,1
2020-01-17,16:03:11.646000,12084,12085,12085,1
2020-01-17,16:03:11.671000,12084,12085,12085,1
2020-01-17,16:03:11.776000,12084,12085,12085,2
2020-01-17,16:03:11.776000,12084,12085,12085,1
2020-01-17,16:03:11.811000,12084,12085,12085,1
2020-01-17,16:03:11.923000,12084,12085,12085,1
2020-01-17,16:03:11.969000,12084,12085,12085,1
2020-01-17,16:03:12.001000,12084,12085,12085,1
2020-01-17,16:03:12.916000,12084,12085,12085,2
2020-01-17,16:03:15.947000,12084,12085,12085,1
2020-01-17,16:03:17.815000,12084,12085,12085,1
2020-01-17,16:03:20.017000,12084,12085,12084,9
2020-01-17,16:03:47.232000,12083,12084,12083,1
2020-01-17,16:04:00.401000,12083,12084,12083,1
2020-01-17,16:04:01.380000,12083,12084,12083,1
2020-01-17,16:04:02.283000,12083,12084,12084,4
2020-01-17,16:04:18.941000,12083,12084,12083,3
2020-01-17,16:04:51.706000,12082,12083,12083,1
2020-01-17,16:05:00.015000,12082,12083,12083,1
2020-01-17,16:05:00.624000,12082,12083,12083,1
2020-01-17,16:05:02.220000,12082,12083,12083,1
2020-01-17,16:05:06.288000,12083,12084,12083,3
2020-01-17,16:05:11.573000,12083,12084,12084,2
2020-01-17,16:05:14.730000,12083,12084,12083,1
2020-01-17,16:05:41.142000,12083,12084,12083,5
2020-01-17,16:05:48.835000,12082,12083,12082,6
2020-01-17,16:06:04.465000,12082,12083,12082,1
2020-01-17,16:06:05.688000,12082,12083,12083,1
2020-01-17,16:06:13.572000,12083,12084,12083,1
2020-01-17,16:06:14.034000,12082,12083,12082,1
2020-01-17,16:06:25.046000,12082,12083,12083,1
2020-01-17,16:06:34.083000,12083,12084,12084,1
2020-01-17,16:06:46.046000,12083,12084,12084,2
2020-01-17,16:06:58.980000,12083,12084,12084,1
2020-01-17,16:07:04.410000,12083,12084,12083,1
2020-01-17,16:07:08.750000,12083,12084,12083,1
2020-01-17,16:07:12.267000,12083,12084,12083,6
2020-01-17,16:07:12.399000,12083,12084,12084,1
2020-01-17,16:07:13.062000,12083,12084,12083,1
2020-01-17,16:07:13.782000,12083,12084,12084,7
2020-01-17,16:07:18.022000,12083,12084,12083,1
2020-01-17,16:07:20.038000,12083,12084,12084,1
2020-01-17,16:07:25.523000,12083,12084,12083,1
2020-01-17,16:07:30.143000,12083,12084,12083,1
2020-01-17,16:07:30.630000,12083,12084,12083,4
2020-01-17,16:07:38.939000,12082,12083,12082,1
2020-01-17,16:07:49.520000,12082,12083,12083,1
2020-01-17,16:08:05.893000,12083,12084,12083,1
2020-01-17,16:08:37.903000,12082,12083,12083,4
2020-01-17,16:08:38.273000,12082,12083,12082,1
2020-01-17,16:08:56.125000,12082,12083,12082,1
2020-01-17,16:09:12.348000,12082,12083,12082,1
2020-01-17,16:09:12.473000,12082,12083,12082,1
2020-01-17,16:09:15.860000,12082,12083,12082,1
2020-01-17,16:09:16.305000,12082,12083,12082,5
2020-01-17,16:09:16.403000,12082,12083,12083,1
2020-01-17,16:09:16.403000,12082,12083,12083,1
2020-01-17,16:09:16.406000,12082,12083,12083,1
2020-01-17,16:09:16.406000,12082,12083,12083,1
2020-01-17,16:09:16.406000,12082,12083,12083,1
2020-01-17,16:09:16.406000,12082,12083,12083,1
2020-01-17,16:09:16.408000,12082,12083,12083,1
2020-01-17,16:09:16.409000,12082,12083,12083,1
2020-01-17,16:09:16.411000,12082,12083,12083,1
2020-01-17,16:09:16.411000,12082,12083,12083,1
2020-01-17,16:10:00.012000,12082,12083,12083,1
2020-01-17,16:10:04.338000,12082,12083,12083,2
2020-01-17,16:10:15.779000,12082,12083,12083,1
2020-01-17,16:10:15.900000,12082,12083,12083,1
2020-01-17,16:10:16.893000,12082,12083,12083,1
2020-01-17,16:10:37.033000,12082,12083,12083,5
2020-01-17,16:11:40.599000,12082,12083,12083,1
2020-01-17,16:11:47.409000,12082,12083,12083,1
2020-01-17,16:11:59.657000,12082,12083,12083,1
2020-01-17,16:12:22.040000,12082,12083,12082,1
2020-01-17,16:12:22.488000,12082,12083,12083,2
2020-01-17,16:12:22.541000,12082,12083,12083,2
2020-01-17,16:12:32.476000,12082,12083,12082,1
2020-01-17,16:12:32.559000,12082,12083,12082,1
2020-01-17,16:12:43.508000,12082,12083,12082,1
2020-01-17,16:12:48.771000,12082,12083,12082,2
2020-01-17,16:12:52.861000,12082,12083,12082,2
2020-01-17,16:12:53.915000,12082,12083,12082,3
2020-01-17,16:12:58.540000,12081,12083,12081,1
2020-01-17,16:13:05.595000,12082,12083,12082,1
2020-01-17,16:13:44.975000,12082,12083,12082,12
2020-01-17,16:14:02.523000,12082,12083,12082,1
2020-01-17,16:14:03.620000,12082,12083,12082,1
2020-01-17,16:14:54.772000,12082,12083,12083,1
2020-01-17,16:15:07.128000,12082,12083,12083,5
2020-01-17,16:15:07.128000,12082,12083,12083,7
2020-01-17,16:15:07.142000,12082,12083,12083,1
2020-01-17,16:15:11.979000,12083,12084,12083,1
2020-01-17,16:15:17.718000,12082,12083,12083,1
2020-01-17,16:15:17.954000,12082,12084,12084,1
2020-01-17,16:15:25.328000,12083,12084,12083,1
2020-01-17,16:15:26.064000,12083,12084,12084,2
2020-01-17,16:15:32.233000,12083,12084,12084,1
2020-01-17,16:15:51.020000,12083,12084,12083,5
2020-01-17,16:16:03.275000,12083,12084,12083,1
2020-01-17,16:16:23.172000,12083,12084,12083,3
2020-01-17,16:16:28.316000,12083,12084,12083,1
2020-01-17,16:16:28.316000,12083,12084,12083,5
2020-01-17,16:16:28.316000,12083,12084,12083,1
2020-01-17,16:16:58.852000,12082,12083,12083,1
2020-01-17,16:17:38.696000,12082,12083,12082,1
2020-01-17,16:17:41.193000,12082,12083,12082,1
2020-01-17,16:17:44.769000,12082,12083,12083,3
2020-01-17,16:18:06.596000,12082,12083,12082,1
2020-01-17,16:18:07.319000,12082,12083,12083,1
2020-01-17,16:18:34.097000,12082,12083,12083,1
2020-01-17,16:18:34.097000,12082,12083,12083,2
2020-01-17,16:18:34.097000,12082,12083,12083,5
2020-01-17,16:18:34.142000,12083,12084,12083,5
2020-01-17,16:18:40.027000,12082,12083,12083,1
2020-01-17,16:19:04.452000,12082,12083,12083,1
2020-01-17,16:19:14.720000,12082,12083,12083,1
2020-01-17,16:19:23.146000,12082,12083,12083,1
2020-01-17,16:19:52.308000,12083,12084,12083,1
2020-01-17,16:20:29.120000,12083,12084,12083,1
2020-01-17,16:20:30.659000,12083,12084,12083,1
2020-01-17,16:20:32.268000,12083,12084,12083,1
2020-01-17,16:20:37.549000,12083,12084,12083,2
2020-01-17,16:20:38.267000,12083,12084,12083,4
2020-01-17,16:20:38.439000,12082,12084,12084,1
2020-01-17,16:20:56.533000,12082,12083,12083,1
2020-01-17,16:20:56.533000,12082,12083,12084,1
2020-01-17,16:21:03.957000,12082,12084,12082,1
2020-01-17,16:22:09.867000,12082,12083,12083,1
2020-01-17,16:22:20.876000,12082,12083,12083,3
2020-01-17,16:22:39.348000,12082,12083,12082,1
2020-01-17,16:22:52.642000,12082,12083,12082,3
2020-01-17,16:22:52.767000,12082,12083,12082,8
2020-01-17,16:22:53.233000,12081,12082,12082,1
2020-01-17,16:22:53.252000,12081,12082,12082,2
2020-01-17,16:22:53.258000,12081,12082,12082,1
2020-01-17,16:23:07.903000,12081,12082,12081,1
2020-01-17,16:23:10.523000,12081,12082,12081,2
2020-01-17,16:23:15.473000,12081,12082,12082,1
2020-01-17,16:23:17.972000,12081,12082,12082,1
2020-01-17,16:23:27.981000,12081,12082,12081,1
2020-01-17,16:23:39.576000,12081,12082,12081,1
2020-01-17,16:24:11.652000,12081,12082,12081,1
2020-01-17,16:24:37.321000,12081,12082,12082,1
2020-01-17,16:24:42.645000,12081,12082,12082,1
2020-01-17,16:24:52.720000,12081,12082,12082,2
2020-01-17,16:24:52.921000,12082,12083,12083,4
2020-01-17,16:24:52.931000,12082,12083,12083,4
2020-01-17,16:24:53.408000,12082,12083,12083,7
2020-01-17,16:25:07.200000,12082,12083,12082,1
2020-01-17,16:25:56.026000,12082,12083,12082,3
2020-01-17,16:25:56.312000,12082,12083,12082,3
2020-01-17,16:25:57.164000,12082,12083,12082,3
2020-01-17,16:26:07.834000,12081,12082,12082,2
2020-01-17,16:26:22.421000,12082,12083,12082,1
2020-01-17,16:26:37.431000,12082,12083,12082,1
2020-01-17,16:26:40.086000,12082,12083,12082,1
2020-01-17,16:27:15.469000,12082,12083,12082,1
2020-01-17,16:27:30.572000,12082,12083,12082,1
2020-01-17,16:27:39.839000,12082,12083,12082,2
2020-01-17,16:27:40.631000,12082,12083,12082,2
2020-01-17,16:27:49.392000,12082,12083,12082,1
2020-01-17,16:27:53.739000,12081,12082,12081,2
2020-01-17,16:28:00.989000,12081,12082,12082,1
2020-01-17,16:28:45.881000,12081,12082,12081,1
2020-01-17,16:28:56.598000,12081,12082,12081,1
2020-01-17,16:28:58.085000,12081,12082,12082,1
2020-01-17,16:29:00.414000,12081,12082,12082,4
2020-01-17,16:29:09.526000,12082,12083,12082,1
2020-01-17,16:29:09.526000,12082,12083,12082,1
2020-01-17,16:29:44.040000,12081,12082,12082,1
2020-01-17,16:30:42.022000,12081,12082,12081,13
2020-01-17,16:30:42.142000,12081,12082,12081,8
2020-01-17,16:30:42.142000,12081,12082,12081,1
2020-01-17,16:30:42.538000,12080,12081,12080,2
2020-01-17,16:31:05.184000,12081,12082,12082,5
2020-01-17,16:31:07.933000,12081,12082,12082,2
2020-01-17,16:31:08.031000,12081,12083,12083,1
2020-01-17,16:31:10.971000,12082,12083,12082,1
2020-01-17,16:31:15.960000,12082,12083,12082,1
2020-01-17,16:32:46.758000,12081,12082,12081,1
2020-01-17,16:32:53.151000,12081,12082,12081,1
2020-01-17,16:32:54.981000,12081,12082,12081,1
2020-01-17,16:33:04.793000,12081,12082,12082,1
2020-01-17,16:33:32.944000,12081,12082,12081,1
2020-01-17,16:34:50.969000,12081,12082,12082,29
2020-01-17,16:35:27.068000,12082,12083,12083,21
2020-01-17,16:35:31.226000,12082,12083,12083,1
2020-01-17,16:35:32.322000,12082,12083,12083,1
2020-01-17,16:35:32.392000,12083,12084,12083,1
2020-01-17,16:35:56.712000,12082,12083,12083,1
2020-01-17,16:36:07.031000,12082,12083,12082,1
2020-01-17,16:36:13.843000,12082,12083,12083,1
2020-01-17,16:36:16.624000,12083,12084,12084,1
2020-01-17,16:36:16.639000,12083,12084,12084,2
2020-01-17,16:36:16.642000,12083,12084,12084,10
2020-01-17,16:36:16.642000,12083,12084,12084,3
2020-01-17,16:36:16.642000,12083,12084,12084,2
2020-01-17,16:36:16.671000,12083,12084,12084,33
2020-01-17,16:36:16.773000,12084,12085,12085,3
2020-01-17,16:36:16.837000,12084,12085,12084,6
2020-01-17,16:36:17.957000,12083,12085,12085,1
2020-01-17,16:36:18.362000,12083,12085,12085,1
2020-01-17,16:36:20.938000,12083,12085,12085,1
2020-01-17,16:36:20.963000,12083,12085,12085,1
2020-01-17,16:36:20.971000,12083,12085,12085,2
2020-01-17,16:36:20.972000,12083,12085,12085,1
2020-01-17,16:36:20.972000,12083,12085,12085,2
2020-01-17,16:36:42.005000,12084,12085,12085,1
2020-01-17,16:36:48.082000,12084,12085,12085,1
2020-01-17,16:36:49.684000,12084,12085,12085,1
2020-01-17,16:36:52.460000,12084,12085,12085,1
2020-01-17,16:36:53.437000,12084,12085,12085,1
2020-01-17,16:36:54.278000,12084,12085,12085,1
2020-01-17,16:37:00.067000,12084,12085,12085,2
2020-01-17,16:37:02.272000,12084,12085,12085,5
2020-01-17,16:37:05.332000,12084,12085,12085,16
2020-01-17,16:37:07.845000,12084,12085,12085,1
2020-01-17,16:37:08.847000,12084,12085,12085,4
2020-01-17,16:37:10.406000,12084,12085,12085,8
2020-01-17,16:37:10.517000,12084,12085,12085,9
2020-01-17,16:37:10.517000,12084,12085,12085,1
2020-01-17,16:37:13.117000,12085,12086,12085,1
2020-01-17,16:37:14.467000,12085,12086,12085,2
2020-01-17,16:37:14.912000,12084,12085,12085,2
2020-01-17,16:37:15.086000,12084,12085,12085,1
2020-01-17,16:37:19.140000,12085,12086,12086,1
2020-01-17,16:37:19.265000,12085,12086,12086,1
2020-01-17,16:37:20.080000,12085,12086,12086,2
2020-01-17,16:37:20.090000,12085,12086,12086,1
2020-01-17,16:37:20.311000,12085,12086,12086,2
2020-01-17,16:37:20.718000,12085,12086,12085,1
2020-01-17,16:37:20.965000,12085,12086,12086,4
2020-01-17,16:37:21.206000,12085,12086,12086,1
2020-01-17,16:37:21.542000,12085,12086,12086,2
2020-01-17,16:37:21.599000,12085,12086,12086,2
2020-01-17,16:37:24.040000,12085,12086,12085,1
2020-01-17,16:37:32.744000,12085,12086,12085,2
2020-01-17,16:37:49.345000,12085,12086,12085,1
2020-01-17,16:37:54.996000,12085,12086,12085,1
2020-01-17,16:38:01.689000,12085,12086,12085,2
2020-01-17,16:38:02.176000,12085,12086,12086,2
2020-01-17,16:38:04.671000,12085,12086,12085,1
2020-01-17,16:38:06.847000,12085,12086,12085,4
2020-01-17,16:38:06.847000,12085,12086,12085,6
2020-01-17,16:38:15.006000,12084,12085,12085,1
2020-01-17,16:38:20.658000,12085,12086,12086,19
2020-01-17,16:38:22.415000,12085,12086,12085,1
2020-01-17,16:38:24.157000,12084,12086,12086,13
2020-01-17,16:38:32.738000,12085,12086,12086,1
2020-01-17,16:38:45.141000,12085,12086,12086,1
2020-01-17,16:38:47.623000,12085,12086,12086,1
2020-01-17,16:38:50.157000,12085,12086,12086,1
2020-01-17,16:38:50.363000,12085,12086,12085,5
2020-01-17,16:38:58.230000,12085,12086,12085,1
2020-01-17,16:39:00.490000,12085,12086,12085,1
2020-01-17,16:39:00.490000,12085,12086,12085,11
2020-01-17,16:39:01.004000,12084,12085,12085,5
2020-01-17,16:39:18.865000,12084,12085,12085,2
2020-01-17,16:39:28.734000,12084,12085,12085,1
2020-01-17,16:39:31.073000,12084,12085,12085,1
2020-01-17,16:39:35.100000,12084,12085,12085,5
2020-01-17,16:39:36.827000,12084,12086,12086,5
2020-01-17,16:39:37.477000,12085,12086,12086,6
2020-01-17,16:39:37.659000,12085,12086,12086,6
2020-01-17,16:39:41.760000,12085,12086,12085,1
2020-01-17,16:39:45.117000,12085,12086,12085,1
2020-01-17,16:39:47.378000,12085,12086,12086,1
2020-01-17,16:39:48.883000,12085,12086,12086,1
2020-01-17,16:39:58.176000,12085,12086,12086,1
2020-01-17,16:40:41.564000,12085,12086,12086,3
2020-01-17,16:40:41.564000,12085,12086,12086,5
2020-01-17,16:40:41.564000,12085,12086,12086,3
2020-01-17,16:40:41.642000,12085,12086,12086,4
2020-01-17,16:40:41.642000,12085,12086,12086,2
2020-01-17,16:40:42.387000,12086,12087,12087,1
2020-01-17,16:40:42.418000,12086,12087,12087,1
2020-01-17,16:40:42.430000,12086,12087,12087,1
2020-01-17,16:40:42.699000,12086,12087,12087,1
2020-01-17,16:40:56.182000,12086,12087,12087,1
2020-01-17,16:41:00.258000,12086,12087,12086,5
2020-01-17,16:41:03.235000,12086,12087,12087,1
2020-01-17,16:41:14.412000,12086,12087,12087,1
2020-01-17,16:41:16.486000,12086,12087,12087,1
2020-01-17,16:41:18.077000,12086,12087,12087,1
2020-01-17,16:41:18.600000,12086,12087,12087,1
2020-01-17,16:41:20.010000,12086,12087,12086,5
2020-01-17,16:41:21.037000,12086,12087,12086,5
2020-01-17,16:41:21.970000,12086,12087,12087,1
2020-01-17,16:41:43.148000,12086,12087,12087,1
2020-01-17,16:41:48.165000,12086,12087,12087,2
2020-01-17,16:41:48.333000,12086,12087,12087,2
2020-01-17,16:41:51.089000,12086,12087,12087,2
2020-01-17,16:41:54.462000,12086,12087,12087,2
2020-01-17,16:42:01.180000,12086,12087,12087,1
2020-01-17,16:42:08.111000,12086,12087,12086,1
2020-01-17,16:42:12.304000,12086,12087,12086,1
2020-01-17,16:42:14.967000,12086,12087,12086,1
2020-01-17,16:42:17.737000,12086,12087,12086,1
2020-01-17,16:42:19.288000,12086,12087,12087,2
2020-01-17,16:42:22.175000,12086,12087,12086,1
2020-01-17,16:42:38.529000,12086,12087,12087,1
2020-01-17,16:42:51.060000,12086,12087,12087,1
2020-01-17,16:42:55.444000,12086,12087,12087,1
2020-01-17,16:42:57.592000,12086,12087,12086,5
2020-01-17,16:42:58.350000,12086,12087,12087,1
2020-01-17,16:43:02.710000,12086,12087,12087,1
2020-01-17,16:43:02.969000,12086,12087,12087,1
2020-01-17,16:43:04.989000,12086,12087,12086,5
2020-01-17,16:43:14.697000,12086,12087,12086,1
2020-01-17,16:43:16.232000,12086,12087,12086,2
2020-01-17,16:43:16.971000,12086,12087,12087,1
2020-01-17,16:43:17.787000,12086,12087,12086,1
2020-01-17,16:43:18.641000,12086,12087,12087,2
2020-01-17,16:43:35.826000,12086,12087,12086,1
2020-01-17,16:43:45.924000,12086,12087,12086,1
2020-01-17,16:43:46.803000,12086,12087,12086,1
2020-01-17,16:43:49.704000,12086,12087,12086,2
2020-01-17,16:43:52.124000,12086,12087,12086,1
2020-01-17,16:43:54.154000,12086,12087,12086,2
2020-01-17,16:43:59.757000,12086,12087,12086,1
2020-01-17,16:44:03.508000,12086,12087,12086,1
2020-01-17,16:44:14.734000,12086,12087,12086,1
2020-01-17,16:44:25.223000,12086,12087,12087,2
2020-01-17,16:44:27.173000,12086,12087,12086,1
2020-01-17,16:44:33.799000,12086,12087,12087,1
2020-01-17,16:44:33.836000,12086,12087,12086,1
2020-01-17,16:45:13.334000,12086,12087,12086,3
2020-01-17,16:45:15.809000,12086,12087,12086,1
2020-01-17,16:45:18.900000,12086,12087,12086,1
2020-01-17,16:45:43.561000,12086,12087,12086,4
2020-01-17,16:45:44.993000,12086,12087,12086,1
2020-01-17,16:45:48.254000,12086,12087,12086,1
2020-01-17,16:45:49.341000,12086,12087,12086,1
2020-01-17,16:45:51.658000,12086,12087,12086,2
2020-01-17,16:46:25.600000,12086,12087,12086,1
2020-01-17,16:46:28.654000,12086,12087,12086,16
2020-01-17,16:46:28.767000,12086,12087,12086,2
2020-01-17,16:46:28.950000,12086,12087,12086,6
2020-01-17,16:46:37.164000,12085,12086,12085,1
2020-01-17,16:46:38.390000,12085,12086,12085,1
2020-01-17,16:46:41.316000,12085,12086,12085,1
2020-01-17,16:46:43.202000,12085,12086,12085,1
2020-01-17,16:46:44.183000,12085,12086,12085,3
2020-01-17,16:46:44.184000,12085,12086,12085,1
2020-01-17,16:46:44.184000,12085,12086,12085,4
2020-01-17,16:46:44.184000,12085,12086,12085,2
2020-01-17,16:46:44.508000,12084,12085,12085,1
2020-01-17,16:46:57.005000,12084,12085,12085,1
2020-01-17,16:46:57.169000,12084,12085,12085,2
2020-01-17,16:46:57.716000,12084,12086,12086,5
2020-01-17,16:46:58.041000,12085,12086,12086,7
2020-01-17,16:47:25.313000,12084,12085,12085,1
2020-01-17,16:47:25.313000,12084,12085,12086,24
2020-01-17,16:47:30.842000,12085,12086,12086,1
2020-01-17,16:48:23.994000,12084,12085,12085,1
2020-01-17,16:48:38.781000,12085,12086,12086,25
2020-01-17,16:48:49.375000,12085,12086,12086,1
2020-01-17,16:49:00.600000,12085,12087,12086,1
2020-01-17,16:49:12.805000,12085,12086,12085,1
2020-01-17,16:49:13.800000,12085,12086,12086,1
2020-01-17,16:49:13.907000,12085,12086,12086,1
2020-01-17,16:49:14.346000,12085,12086,12086,1
2020-01-17,16:49:14.352000,12085,12086,12086,1
2020-01-17,16:49:24.394000,12085,12086,12086,1
2020-01-17,16:49:24.492000,12085,12086,12086,1
2020-01-17,16:49:26.950000,12086,12087,12086,8
2020-01-17,16:49:38.711000,12085,12086,12086,2
2020-01-17,16:49:59.700000,12085,12086,12085,1
2020-01-17,16:50:09.607000,12085,12086,12085,1
2020-01-17,16:50:15.644000,12085,12086,12086,2
2020-01-17,16:50:16.270000,12086,12087,12086,1
2020-01-17,16:50:28.494000,12086,12087,12086,1
2020-01-17,16:50:35.484000,12086,12087,12086,1
2020-01-17,16:50:51.530000,12085,12086,12086,1
2020-01-17,16:51:00.810000,12086,12087,12087,6
2020-01-17,16:51:01.177000,12086,12087,12087,2
2020-01-17,16:51:01.183000,12086,12087,12087,2
2020-01-17,16:51:01.195000,12086,12087,12087,2
2020-01-17,16:51:01.278000,12086,12087,12087,2
2020-01-17,16:51:01.415000,12086,12087,12087,1
2020-01-17,16:51:01.415000,12086,12087,12087,1
2020-01-17,16:51:01.490000,12086,12087,12087,2
2020-01-17,16:51:01.913000,12086,12087,12087,3
2020-01-17,16:51:03.007000,12086,12087,12087,2
2020-01-17,16:51:04.370000,12086,12087,12087,6
2020-01-17,16:51:04.392000,12086,12087,12087,3
2020-01-17,16:51:06.392000,12087,12088,12087,1
2020-01-17,16:51:06.392000,12087,12088,12087,1
2020-01-17,16:51:36.895000,12087,12088,12087,1
2020-01-17,16:51:36.895000,12087,12088,12087,2
2020-01-17,16:51:36.895000,12087,12088,12087,6
2020-01-17,16:51:39.438000,12086,12087,12086,1
2020-01-17,16:51:44.928000,12086,12087,12086,5
2020-01-17,16:52:01.942000,12086,12087,12086,1
2020-01-17,16:52:06.635000,12086,12087,12086,1
2020-01-17,16:52:15.776000,12086,12087,12087,1
2020-01-17,16:52:24.976000,12086,12087,12087,1
2020-01-17,16:52:27.656000,12086,12087,12086,1
2020-01-17,16:52:27.926000,12086,12087,12086,4
2020-01-17,16:52:31.664000,12086,12087,12086,1
2020-01-17,16:52:47.464000,12086,12087,12086,1
2020-01-17,16:52:59.986000,12086,12087,12086,2
2020-01-17,16:53:26.289000,12086,12087,12086,1
2020-01-17,16:53:43.847000,12086,12087,12086,1
2020-01-17,16:53:44.325000,12086,12087,12086,1
2020-01-17,16:53:44.617000,12086,12087,12086,1
2020-01-17,16:53:56.164000,12086,12087,12086,2
2020-01-17,16:53:56.267000,12086,12087,12086,3
2020-01-17,16:53:56.392000,12086,12087,12086,1
2020-01-17,16:54:18.838000,12085,12086,12086,1
2020-01-17,16:54:34.136000,12085,12086,12086,1
2020-01-17,16:54:57.252000,12085,12086,12085,1
2020-01-17,16:55:11.143000,12085,12086,12085,1
2020-01-17,16:55:24.570000,12085,12086,12085,3
2020-01-17,16:55:35.086000,12085,12086,12085,1
2020-01-17,16:55:39.281000,12085,12086,12086,1
2020-01-17,16:56:08.776000,12085,12086,12086,1
2020-01-17,16:56:57.196000,12085,12086,12086,1
2020-01-17,16:57:13.194000,12085,12086,12086,1
2020-01-17,16:57:13.273000,12085,12086,12086,1
2020-01-17,16:57:14.451000,12085,12086,12086,3
2020-01-17,16:57:14.451000,12085,12086,12087,2
2020-01-17,16:57:29.091000,12085,12086,12086,1
2020-01-17,16:57:29.152000,12086,12087,12087,1
2020-01-17,16:57:42.660000,12086,12087,12087,3
2020-01-17,16:57:51.857000,12086,12087,12087,1
2020-01-17,16:57:56.421000,12086,12087,12087,1
2020-01-17,16:57:56.489000,12086,12087,12087,1
2020-01-17,16:57:58.421000,12086,12087,12087,1
2020-01-17,16:58:02.247000,12086,12087,12087,1
2020-01-17,16:58:17.518000,12086,12087,12087,1
2020-01-17,16:58:39.108000,12086,12087,12087,2
2020-01-17,16:58:58.348000,12086,12087,12086,3
2020-01-17,16:58:58.393000,12086,12087,12086,11
2020-01-17,16:59:06.762000,12085,12086,12085,1
2020-01-17,16:59:06.762000,12085,12086,12085,4
2020-01-17,16:59:06.762000,12085,12086,12085,4
2020-01-17,16:59:06.764000,12085,12086,12085,2
2020-01-17,16:59:06.768000,12085,12086,12085,23
2020-01-17,16:59:10.843000,12084,12085,12085,1
2020-01-17,16:59:37.384000,12084,12085,12085,1
2020-01-17,16:59:41.478000,12085,12086,12085,1
2020-01-17,16:59:43.999000,12085,12086,12085,1
2020-01-17,16:59:46.024000,12085,12086,12085,5
2020-01-17,16:59:47.638000,12085,12086,12085,1
2020-01-17,16:59:53.536000,12084,12085,12084,2
2020-01-17,16:59:53.991000,12084,12085,12084,1
2020-01-17,16:59:58.939000,12084,12085,12085,2
2020-01-17,17:00:02.127000,12084,12085,12085,1
2020-01-17,17:00:02.743000,12084,12085,12085,1
2020-01-17,17:00:27.048000,12084,12085,12085,1
2020-01-17,17:00:41.461000,12084,12085,12085,1
2020-01-17,17:00:41.524000,12084,12085,12085,1
2020-01-17,17:00:41.529000,12084,12085,12085,1
2020-01-17,17:00:46.452000,12084,12085,12084,2
2020-01-17,17:00:56.878000,12084,12085,12084,9
2020-01-17,17:01:18.939000,12084,12085,12084,1
2020-01-17,17:01:21.991000,12084,12085,12084,1
2020-01-17,17:01:22.142000,12084,12085,12084,3
2020-01-17,17:01:57.892000,12083,12084,12083,5
2020-01-17,17:01:58.057000,12082,12084,12084,3
2020-01-17,17:02:25.145000,12082,12083,12083,1
2020-01-17,17:02:31.202000,12082,12083,12083,1
2020-01-17,17:02:33.638000,12082,12083,12083,2
2020-01-17,17:02:33.653000,12082,12083,12083,1
2020-01-17,17:02:33.653000,12082,12083,12083,1
2020-01-17,17:02:33.656000,12082,12083,12083,1
2020-01-17,17:02:33.657000,12082,12083,12083,1
2020-01-17,17:02:33.660000,12082,12083,12083,1
2020-01-17,17:02:33.662000,12082,12083,12084,1
2020-01-17,17:02:33.662000,12082,12083,12084,1
2020-01-17,17:02:33.663000,12082,12083,12084,1
2020-01-17,17:02:33.767000,12082,12083,12083,1
2020-01-17,17:02:35.191000,12082,12084,12082,1
2020-01-17,17:02:45.694000,12083,12084,12083,1
2020-01-17,17:02:53.683000,12083,12084,12083,1
2020-01-17,17:02:54.005000,12082,12083,12083,1
2020-01-17,17:03:10.874000,12082,12083,12083,2
2020-01-17,17:03:30.302000,12083,12084,12083,1
2020-01-17,17:03:43.357000,12083,12084,12083,1
2020-01-17,17:03:53.454000,12083,12084,12083,1
2020-01-17,17:03:57.605000,12083,12084,12083,1
2020-01-17,17:04:13.682000,12083,12084,12083,1
2020-01-17,17:04:22.637000,12083,12084,12083,1
2020-01-17,17:04:41.147000,12083,12084,12083,1
2020-01-17,17:04:57.456000,12083,12084,12083,1
2020-01-17,17:05:03.979000,12083,12084,12083,1
2020-01-17,17:05:12.519000,12083,12084,12083,1
2020-01-17,17:05:13.161000,12083,12084,12084,1
2020-01-17,17:05:13.274000,12083,12084,12083,1
2020-01-17,17:05:13.328000,12083,12084,12083,1
2020-01-17,17:05:19.268000,12083,12084,12084,1
2020-01-17,17:05:20.821000,12082,12084,12082,2
2020-01-17,17:05:27.046000,12082,12083,12083,1
2020-01-17,17:05:33.969000,12082,12083,12083,1
2020-01-17,17:05:34.761000,12083,12084,12083,1
2020-01-17,17:06:23.473000,12082,12083,12083,1
2020-01-17,17:06:24.157000,12082,12083,12083,2
2020-01-17,17:06:49.694000,12082,12083,12082,2
2020-01-17,17:06:51.451000,12082,12083,12083,1
2020-01-17,17:06:51.451000,12082,12083,12083,1
2020-01-17,17:06:54.411000,12083,12084,12083,1
2020-01-17,17:07:33.317000,12083,12084,12083,1
2020-01-17,17:07:39.639000,12083,12084,12083,5
2020-01-17,17:07:42.850000,12083,12084,12083,1
2020-01-17,17:07:48.487000,12083,12084,12083,2
2020-01-17,17:07:48.487000,12083,12084,12082,2
2020-01-17,17:08:08.084000,12082,12083,12082,1
2020-01-17,17:08:10.738000,12082,12083,12082,3
2020-01-17,17:08:16.326000,12082,12083,12082,1
2020-01-17,17:08:25.630000,12082,12083,12082,5
2020-01-17,17:08:32.957000,12082,12083,12082,4
2020-01-17,17:08:33.703000,12082,12083,12082,5
2020-01-17,17:08:35.400000,12082,12083,12082,4
2020-01-17,17:08:39.016000,12082,12083,12082,1
2020-01-17,17:08:42.294000,12082,12083,12082,1
2020-01-17,17:08:44.317000,12082,12083,12083,6
2020-01-17,17:08:57.487000,12082,12083,12083,1
2020-01-17,17:09:35.682000,12082,12083,12083,1
2020-01-17,17:10:27.052000,12082,12083,12083,1
2020-01-17,17:10:45.916000,12082,12083,12082,1
2020-01-17,17:10:46.037000,12082,12083,12083,1
2020-01-17,17:10:46.038000,12082,12083,12083,1
2020-01-17,17:11:02.370000,12082,12083,12082,5
2020-01-17,17:11:27.526000,12082,12083,12082,2
2020-01-17,17:12:13.264000,12082,12083,12082,1
2020-01-17,17:12:26.301000,12082,12083,12083,2
2020-01-17,17:12:26.392000,12082,12083,12083,7
2020-01-17,17:12:57.537000,12083,12084,12083,1
2020-01-17,17:12:59.206000,12083,12084,12083,1
2020-01-17,17:13:24.832000,12083,12084,12084,1
2020-01-17,17:13:24.833000,12083,12084,12084,1
2020-01-17,17:13:24.833000,12083,12084,12084,1
2020-01-17,17:13:24.892000,12083,12084,12084,17
2020-01-17,17:13:24.892000,12083,12084,12084,1
2020-01-17,17:13:24.892000,12083,12084,12084,1
2020-01-17,17:13:36.046000,12084,12085,12085,1
2020-01-17,17:13:36.046000,12084,12085,12085,1
2020-01-17,17:13:36.046000,12084,12085,12085,1
2020-01-17,17:13:36.047000,12084,12085,12085,4
2020-01-17,17:13:36.267000,12085,12086,12085,1
2020-01-17,17:13:42.529000,12085,12086,12085,1
2020-01-17,17:13:54.526000,12085,12086,12086,2
2020-01-17,17:14:26.158000,12085,12086,12086,5
2020-01-17,17:14:48.994000,12085,12086,12085,2
2020-01-17,17:15:01.387000,12085,12086,12086,2
2020-01-17,17:15:01.408000,12085,12086,12086,1
2020-01-17,17:15:01.749000,12085,12086,12086,2
2020-01-17,17:15:04.642000,12085,12086,12086,1
2020-01-17,17:15:21.162000,12086,12087,12087,1
2020-01-17,17:15:21.326000,12086,12087,12087,1
2020-01-17,17:15:21.478000,12086,12087,12087,1
2020-01-17,17:15:21.854000,12086,12087,12087,2
2020-01-17,17:15:21.861000,12086,12087,12087,2
2020-01-17,17:15:21.875000,12086,12087,12086,2
2020-01-17,17:15:21.881000,12086,12087,12087,4
2020-01-17,17:15:21.891000,12086,12087,12087,2
2020-01-17,17:15:21.900000,12086,12087,12087,6
2020-01-17,17:15:21.907000,12086,12087,12087,1
2020-01-17,17:15:21.912000,12086,12087,12087,1
2020-01-17,17:15:21.927000,12086,12087,12087,3
2020-01-17,17:15:21.933000,12086,12087,12087,6
2020-01-17,17:15:21.934000,12086,12087,12087,2
2020-01-17,17:15:21.942000,12086,12087,12087,3
2020-01-17,17:15:21.954000,12086,12087,12087,2
2020-01-17,17:15:22.017000,12086,12087,12087,1
2020-01-17,17:15:22.025000,12086,12087,12088,4
2020-01-17,17:15:22.038000,12086,12087,12088,2
2020-01-17,17:15:22.080000,12086,12087,12088,2
2020-01-17,17:15:22.215000,12086,12088,12088,5
2020-01-17,17:15:22.479000,12087,12088,12088,1
2020-01-17,17:15:22.599000,12087,12088,12088,1
2020-01-17,17:15:22.604000,12087,12088,12088,1
2020-01-17,17:15:22.619000,12087,12088,12088,1
2020-01-17,17:15:22.784000,12087,12088,12088,1
2020-01-17,17:15:22.873000,12087,12088,12088,2
2020-01-17,17:15:22.903000,12087,12088,12088,2
2020-01-17,17:15:22.960000,12087,12088,12088,1
2020-01-17,17:15:23.033000,12087,12088,12088,2
2020-01-17,17:15:23.055000,12087,12088,12088,1
2020-01-17,17:15:24.017000,12087,12088,12088,1
2020-01-17,17:15:25.772000,12087,12088,12087,1
2020-01-17,17:15:27.038000,12087,12088,12088,1
2020-01-17,17:15:38.583000,12087,12088,12088,1
2020-01-17,17:15:42.173000,12087,12088,12088,12
2020-01-17,17:15:46.115000,12087,12088,12087,1
2020-01-17,17:15:53.035000,12087,12088,12087,1
2020-01-17,17:15:59.603000,12087,12088,12088,1
2020-01-17,17:16:00.310000,12087,12088,12087,1
2020-01-17,17:16:00.956000,12087,12088,12088,1
2020-01-17,17:16:11.629000,12087,12088,12087,1
2020-01-17,17:16:15.901000,12087,12088,12087,1
2020-01-17,17:16:15.901000,12087,12088,12087,3
2020-01-17,17:16:16.412000,12086,12087,12087,4
2020-01-17,17:16:25.182000,12086,12087,12087,1
2020-01-17,17:16:30.085000,12086,12087,12087,3
2020-01-17,17:16:43.084000,12087,12088,12088,1
2020-01-17,17:17:02.306000,12087,12088,12087,2
2020-01-17,17:17:08.587000,12087,12088,12087,1
2020-01-17,17:17:10.559000,12087,12088,12087,4
2020-01-17,17:17:10.654000,12086,12087,12087,1
2020-01-17,17:17:10.656000,12086,12087,12087,1
2020-01-17,17:17:11.242000,12086,12087,12087,4
2020-01-17,17:17:12.437000,12086,12087,12087,4
2020-01-17,17:17:27.565000,12087,12088,12088,1
2020-01-17,17:17:28.963000,12087,12088,12087,1
2020-01-17,17:17:32.289000,12087,12088,12087,2
2020-01-17,17:17:33.182000,12087,12088,12087,1
2020-01-17,17:17:50.184000,12086,12087,12086,2
2020-01-17,17:17:53.382000,12086,12087,12087,1
2020-01-17,17:18:13.326000,12086,12087,12086,2
2020-01-17,17:18:41.324000,12086,12087,12087,1
2020-01-17,17:18:47.012000,12086,12087,12086,1
2020-01-17,17:18:54.713000,12086,12087,12086,2
2020-01-17,17:19:27.071000,12086,12087,12087,2
2020-01-17,17:19:30.647000,12086,12087,12086,1
2020-01-17,17:19:44.979000,12086,12087,12086,1
2020-01-17,17:19:46.049000,12086,12087,12087,2
2020-01-17,17:19:50.561000,12086,12087,12087,2
2020-01-17,17:19:54.652000,12086,12087,12087,30
2020-01-17,17:19:54.767000,12086,12087,12087,1
2020-01-17,17:19:55.320000,12087,12088,12087,1
2020-01-17,17:20:01.453000,12087,12088,12088,5
2020-01-17,17:20:02.083000,12087,12088,12088,2
2020-01-17,17:20:02.198000,12087,12088,12088,1
2020-01-17,17:20:09.335000,12087,12088,12088,10
2020-01-17,17:20:09.913000,12087,12088,12088,10
2020-01-17,17:20:11.096000,12087,12088,12088,5
2020-01-17,17:20:11.142000,12088,12089,12088,5
2020-01-17,17:20:12.799000,12087,12088,12088,2
2020-01-17,17:20:13.197000,12087,12089,12088,2
2020-01-17,17:20:18.086000,12088,12089,12088,1
2020-01-17,17:20:25.414000,12088,12089,12088,1
2020-01-17,17:20:27.038000,12088,12089,12089,1
2020-01-17,17:20:27.423000,12088,12089,12089,1
2020-01-17,17:20:27.660000,12088,12089,12089,1
2020-01-17,17:20:27.664000,12088,12089,12089,2
2020-01-17,17:20:28.158000,12088,12089,12089,1
2020-01-17,17:20:28.162000,12088,12089,12089,1
2020-01-17,17:20:34.900000,12088,12089,12089,1
2020-01-17,17:20:39.149000,12088,12089,12089,1
2020-01-17,17:20:43.515000,12088,12089,12088,2
2020-01-17,17:20:43.516000,12088,12089,12088,1
2020-01-17,17:20:43.517000,12088,12089,12088,3
2020-01-17,17:20:43.517000,12088,12089,12088,2
2020-01-17,17:20:43.999000,12087,12088,12087,2
2020-01-17,17:20:45.616000,12087,12088,12088,12
2020-01-17,17:22:33.720000,12087,12088,12087,2
2020-01-17,17:22:40.628000,12087,12088,12087,1
2020-01-17,17:22:46.235000,12086,12088,12086,1
2020-01-17,17:22:52.984000,12086,12088,12086,1
2020-01-17,17:23:02.560000,12086,12087,12086,1
2020-01-17,17:24:18.444000,12086,12087,12086,1
2020-01-17,17:24:41.464000,12086,12087,12086,1
2020-01-17,17:24:41.526000,12086,12087,12087,1
2020-01-17,17:25:01.083000,12086,12087,12087,9
2020-01-17,17:25:02.831000,12087,12088,12087,1
2020-01-17,17:25:27.038000,12086,12087,12087,1
2020-01-17,17:25:45.134000,12086,12087,12086,1
2020-01-17,17:26:18.551000,12086,12087,12087,1
2020-01-17,17:26:29.944000,12086,12087,12087,1
2020-01-17,17:26:47.834000,12086,12087,12087,1
2020-01-17,17:26:47.904000,12086,12087,12087,1
2020-01-17,17:26:47.916000,12086,12087,12087,1
2020-01-17,17:27:27.863000,12086,12087,12087,2
2020-01-17,17:27:27.870000,12086,12087,12087,1
2020-01-17,17:28:44.084000,12086,12087,12087,1
2020-01-17,17:28:59.492000,12086,12087,12087,1
2020-01-17,17:29:16.973000,12086,12087,12087,1
2020-01-17,17:29:17.382000,12086,12088,12088,2
2020-01-17,17:29:38.601000,12087,12088,12087,1
2020-01-17,17:29:38.651000,12086,12087,12087,1
2020-01-17,17:29:38.651000,12086,12087,12087,1
2020-01-17,17:29:38.656000,12086,12087,12087,1
2020-01-17,17:29:38.658000,12086,12087,12087,1
2020-01-17,17:29:38.658000,12086,12087,12087,1
2020-01-17,17:29:38.658000,12086,12087,12087,1
2020-01-17,17:29:38.659000,12086,12087,12088,1
2020-01-17,17:29:38.660000,12086,12087,12088,1
2020-01-17,17:29:47.974000,12086,12088,12086,1
2020-01-17,17:30:03.098000,12086,12087,12086,5
2020-01-17,17:30:03.098000,12086,12087,12086,6
2020-01-17,17:30:03.105000,12086,12087,12086,15
2020-01-17,17:30:03.734000,12085,12086,12085,20
2020-01-17,17:30:06.214000,12085,12086,12085,2
2020-01-17,17:30:07.335000,12085,12086,12085,2
2020-01-17,17:30:07.670000,12085,12086,12085,2
2020-01-17,17:30:22.181000,12085,12086,12085,12
2020-01-17,17:30:22.198000,12085,12086,12085,1
2020-01-17,17:30:27.045000,12085,12086,12086,1
2020-01-17,17:30:55.505000,12085,12086,12085,1
2020-01-17,17:31:26.974000,12085,12086,12085,1
2020-01-17,17:31:30.517000,12085,12086,12085,5
2020-01-17,17:31:30.517000,12085,12086,12085,2
2020-01-17,17:31:34.868000,12084,12085,12084,1
2020-01-17,17:31:50.095000,12084,12085,12085,1
2020-01-17,17:32:10.006000,12084,12085,12085,2
2020-01-17,17:32:10.926000,12084,12085,12084,3
2020-01-17,17:32:33.932000,12084,12085,12084,1
2020-01-17,17:33:13.674000,12084,12085,12084,2
2020-01-17,17:33:14.024000,12084,12085,12084,2
2020-01-17,17:33:15.005000,12083,12084,12084,1
2020-01-17,17:33:28.086000,12084,12085,12084,1
2020-01-17,17:33:36.051000,12084,12085,12084,1
2020-01-17,17:33:38.392000,12083,12084,12084,2
2020-01-17,17:33:39.100000,12083,12084,12084,1
2020-01-17,17:33:45.678000,12083,12084,12084,1
2020-01-17,17:33:58.704000,12084,12085,12084,2
2020-01-17,17:34:01.749000,12084,12085,12084,2
2020-01-17,17:34:27.730000,12084,12085,12084,1
2020-01-17,17:34:42.333000,12084,12085,12084,3
2020-01-17,17:34:42.406000,12084,12085,12085,1
2020-01-17,17:35:18.814000,12084,12085,12085,1
2020-01-17,17:35:27.039000,12084,12085,12085,1
2020-01-17,17:35:30.645000,12084,12085,12085,1
2020-01-17,17:36:54.538000,12084,12085,12085,1
2020-01-17,17:37:01.541000,12084,12085,12085,2
2020-01-17,17:37:13.276000,12084,12085,12085,1
2020-01-17,17:37:15.364000,12084,12085,12085,2
2020-01-17,17:37:15.364000,12084,12085,12085,1
2020-01-17,17:37:21.014000,12085,12086,12085,1
2020-01-17,17:39:19.530000,12084,12085,12085,1
2020-01-17,17:39:53.687000,12084,12085,12085,3
2020-01-17,17:40:02.623000,12084,12085,12085,1
2020-01-17,17:40:09.395000,12084,12085,12085,1
2020-01-17,17:40:23.452000,12084,12085,12085,1
2020-01-17,17:40:27.050000,12084,12085,12085,1
2020-01-17,17:41:17.180000,12084,12085,12084,1
2020-01-17,17:41:17.724000,12084,12085,12085,2
2020-01-17,17:41:55.146000,12084,12085,12085,7
2020-01-17,17:42:26.530000,12085,12086,12085,1
2020-01-17,17:42:54.031000,12085,12086,12085,1
2020-01-17,17:43:26.815000,12084,12085,12085,3
2020-01-17,17:43:29.505000,12084,12085,12085,1
2020-01-17,17:43:45.545000,12084,12085,12085,1
2020-01-17,17:43:45.656000,12084,12085,12085,1
2020-01-17,17:43:45.664000,12084,12085,12085,1
2020-01-17,17:44:46.705000,12084,12085,12084,3
2020-01-17,17:44:48.406000,12084,12085,12084,3
2020-01-17,17:44:50.872000,12084,12085,12084,2
2020-01-17,17:44:53.628000,12084,12085,12084,3
2020-01-17,17:45:14.707000,12084,12085,12084,1
2020-01-17,17:45:27.040000,12084,12085,12085,1
2020-01-17,17:45:27.176000,12084,12085,12085,2
2020-01-17,17:45:27.275000,12084,12085,12085,1
2020-01-17,17:45:27.279000,12084,12085,12086,1
2020-01-17,17:45:27.279000,12084,12085,12086,1
2020-01-17,17:45:27.281000,12084,12085,12086,1
2020-01-17,17:45:27.400000,12085,12086,12085,1
2020-01-17,17:45:35.400000,12085,12086,12085,1
2020-01-17,17:45:35.400000,12085,12086,12085,1
2020-01-17,17:46:24.089000,12084,12085,12085,10
2020-01-17,17:46:32.893000,12084,12086,12084,1
2020-01-17,17:46:35.812000,12084,12086,12084,4
2020-01-17,17:46:44.533000,12084,12085,12084,1
2020-01-17,17:47:05.015000,12084,12085,12084,1
2020-01-17,17:47:17.216000,12084,12085,12085,1
2020-01-17,17:47:17.216000,12084,12085,12085,1
2020-01-17,17:47:26.394000,12085,12086,12085,1
2020-01-17,17:47:45.187000,12085,12086,12085,2
2020-01-17,17:47:52.273000,12085,12086,12085,1
2020-01-17,17:47:57.397000,12085,12086,12085,1
2020-01-17,17:48:36.658000,12085,12086,12085,1
2020-01-17,17:49:15.612000,12085,12086,12086,3
2020-01-17,17:49:15.642000,12085,12086,12086,1
2020-01-17,17:49:15.777000,12085,12087,12087,1
2020-01-17,17:49:22.456000,12086,12087,12087,1
2020-01-17,17:50:27.040000,12086,12087,12087,1
2020-01-17,17:50:28.126000,12086,12087,12087,1
2020-01-17,17:50:35.331000,12086,12087,12087,2
2020-01-17,17:50:35.331000,12086,12087,12087,2
2020-01-17,17:50:35.331000,12086,12087,12087,1
2020-01-17,17:50:35.331000,12086,12087,12087,2
2020-01-17,17:50:35.331000,12086,12087,12087,4
2020-01-17,17:50:35.331000,12086,12087,12087,1
2020-01-17,17:50:35.561000,12087,12088,12088,3
2020-01-17,17:50:35.678000,12087,12088,12087,1
2020-01-17,17:50:35.770000,12087,12088,12088,3
2020-01-17,17:50:54.559000,12087,12088,12088,1
2020-01-17,17:51:04.682000,12087,12088,12087,1
2020-01-17,17:51:20.040000,12087,12088,12088,24
2020-01-17,17:51:21.022000,12087,12088,12088,2
2020-01-17,17:51:21.169000,12087,12088,12088,1
2020-01-17,17:51:21.454000,12087,12088,12088,2
2020-01-17,17:51:22.998000,12087,12088,12088,2
2020-01-17,17:51:26.495000,12087,12088,12088,1
2020-01-17,17:51:45.517000,12087,12088,12088,5
2020-01-17,17:51:54.013000,12087,12088,12088,1
2020-01-17,17:51:55.463000,12087,12088,12088,2
2020-01-17,17:51:55.468000,12087,12088,12088,2
2020-01-17,17:51:55.568000,12087,12088,12088,1
2020-01-17,17:51:55.925000,12087,12088,12088,1
2020-01-17,17:51:56.400000,12088,12089,12089,3
2020-01-17,17:51:56.551000,12088,12089,12089,2
2020-01-17,17:51:56.707000,12088,12089,12089,1
2020-01-17,17:51:56.818000,12088,12089,12089,1
2020-01-17,17:51:57.082000,12088,12089,12089,2
2020-01-17,17:51:57.082000,12088,12089,12089,1
2020-01-17,17:51:57.286000,12088,12089,12089,1
2020-01-17,17:51:57.488000,12088,12089,12089,2
2020-01-17,17:51:57.503000,12088,12089,12089,1
2020-01-17,17:51:58.139000,12088,12089,12089,1
2020-01-17,17:51:58.374000,12088,12089,12089,1
2020-01-17,17:51:59.670000,12088,12089,12089,1
2020-01-17,17:52:02.227000,12088,12089,12088,1
2020-01-17,17:52:02.785000,12088,12089,12089,1
2020-01-17,17:52:02.798000,12088,12089,12089,1
2020-01-17,17:52:02.814000,12088,12089,12089,1
2020-01-17,17:52:12.819000,12088,12089,12088,1
2020-01-17,17:52:18.217000,12088,12089,12088,1
2020-01-17,17:52:18.217000,12088,12089,12088,11
2020-01-17,17:52:18.217000,12088,12089,12088,1
2020-01-17,17:52:18.218000,12088,12089,12088,1
2020-01-17,17:52:18.682000,12087,12088,12088,2
2020-01-17,17:53:15.645000,12087,12088,12087,1
2020-01-17,17:53:25.567000,12087,12088,12088,1
2020-01-17,17:53:38.028000,12087,12088,12088,3
2020-01-17,17:53:38.157000,12087,12089,12089,1
2020-01-17,17:53:40.359000,12088,12089,12088,2
2020-01-17,17:53:44.321000,12088,12089,12088,1
2020-01-17,17:53:45.248000,12088,12089,12088,4
2020-01-17,17:53:45.499000,12087,12088,12088,1
2020-01-17,17:53:58.911000,12087,12088,12088,1
2020-01-17,17:54:02.423000,12087,12088,12088,4
2020-01-17,17:54:14.848000,12087,12088,12088,1
2020-01-17,17:54:40.892000,12087,12088,12087,8
2020-01-17,17:55:21.202000,12087,12088,12087,3
2020-01-17,17:55:21.662000,12086,12088,12088,10
2020-01-17,17:55:27.045000,12086,12088,12088,1
2020-01-17,17:55:43.225000,12087,12088,12087,1
2020-01-17,17:56:01.384000,12086,12087,12087,1
2020-01-17,17:56:01.384000,12086,12087,12088,1
2020-01-17,17:56:57.095000,12087,12088,12087,1
2020-01-17,17:57:10.017000,12087,12088,12087,1
2020-01-17,17:57:11.369000,12087,12088,12088,3
2020-01-17,17:57:11.516000,12087,12088,12088,4
2020-01-17,17:57:11.527000,12087,12089,12089,1
2020-01-17,17:57:11.528000,12087,12089,12089,1
2020-01-17,17:57:11.528000,12087,12089,12089,1
2020-01-17,17:57:11.529000,12087,12089,12089,1
2020-01-17,17:57:11.530000,12087,12089,12089,1
2020-01-17,17:57:11.535000,12087,12089,12089,1
2020-01-17,17:57:11.537000,12087,12089,12089,1
2020-01-17,17:57:11.539000,12087,12089,12089,1
2020-01-17,17:57:25.255000,12087,12089,12087,18
2020-01-17,17:57:25.255000,12087,12089,12087,1
2020-01-17,17:57:59.892000,12086,12087,12087,1
2020-01-17,17:59:07.466000,12086,12087,12087,4
2020-01-17,17:59:07.517000,12087,12088,12087,1
2020-01-17,17:59:20.211000,12086,12088,12086,1
2020-01-17,17:59:23.858000,12086,12087,12087,1
2020-01-17,17:59:35.501000,12086,12088,12086,1
2020-01-17,17:59:35.501000,12086,12088,12086,1
2020-01-17,17:59:36.501000,12086,12087,12086,1
2020-01-17,17:59:36.501000,12086,12087,12086,1
2020-01-17,17:59:51.330000,12086,12087,12087,1
2020-01-17,17:59:51.490000,12086,12087,12087,1
2020-01-17,17:59:55.386000,12086,12087,12087,1
2020-01-17,17:59:58.654000,12086,12087,12087,1
2020-01-17,18:00:03.683000,12086,12087,12087,1
2020-01-17,18:00:20.185000,12086,12087,12086,1
2020-01-17,18:00:27.045000,12086,12087,12087,1
2020-01-17,18:00:27.399000,12086,12087,12087,1
2020-01-17,18:00:27.405000,12086,12087,12087,1
2020-01-17,18:00:54.420000,12086,12087,12087,1
2020-01-17,18:01:25.719000,12086,12087,12086,1
2020-01-17,18:02:11.143000,12086,12087,12087,1
2020-01-17,18:02:11.143000,12086,12087,12087,1
2020-01-17,18:02:11.143000,12086,12087,12087,2
2020-01-17,18:02:21.503000,12087,12088,12087,1
2020-01-17,18:02:21.532000,12087,12088,12088,1
2020-01-17,18:02:21.538000,12087,12088,12088,1
2020-01-17,18:02:21.598000,12087,12088,12087,3
2020-01-17,18:02:26.962000,12087,12088,12087,1
2020-01-17,18:02:35.235000,12087,12088,12087,1
2020-01-17,18:03:37.499000,12087,12088,12087,8
2020-01-17,18:04:04.194000,12087,12088,12087,1
2020-01-17,18:04:11.758000,12087,12088,12087,3
2020-01-17,18:04:11.758000,12087,12088,12087,2
2020-01-17,18:04:11.758000,12087,12088,12087,7
2020-01-17,18:04:11.791000,12086,12087,12087,1
2020-01-17,18:04:23.824000,12087,12088,12087,1
2020-01-17,18:04:35.667000,12086,12087,12087,1
2020-01-17,18:05:11.988000,12086,12087,12087,1
2020-01-17,18:05:22.618000,12086,12087,12087,1
2020-01-17,18:05:27.039000,12086,12087,12087,1
2020-01-17,18:05:43.151000,12086,12087,12086,1
2020-01-17,18:06:08.171000,12086,12087,12087,1
2020-01-17,18:06:22.774000,12086,12087,12087,1
2020-01-17,18:07:04.700000,12087,12088,12087,1
2020-01-17,18:07:05.266000,12087,12088,12088,1
2020-01-17,18:07:29.744000,12087,12088,12087,5
2020-01-17,18:07:52.075000,12087,12088,12087,1
2020-01-17,18:08:19.425000,12087,12088,12087,2
2020-01-17,18:08:37.954000,12087,12088,12087,1
2020-01-17,18:09:22.376000,12086,12088,12088,2
2020-01-17,18:09:58.824000,12086,12088,12086,1
2020-01-17,18:10:27.039000,12087,12088,12088,1
2020-01-17,18:11:02.213000,12087,12088,12088,2
2020-01-17,18:11:02.982000,12087,12088,12088,2
2020-01-17,18:11:21.813000,12087,12088,12087,2
2020-01-17,18:11:41.159000,12087,12088,12088,29
2020-01-17,18:11:54.107000,12088,12089,12088,1
2020-01-17,18:12:02.365000,12088,12089,12089,3
2020-01-17,18:12:02.597000,12088,12089,12089,3
2020-01-17,18:12:02.696000,12088,12089,12089,1
2020-01-17,18:12:02.710000,12088,12089,12089,1
2020-01-17,18:12:02.868000,12088,12089,12089,1
2020-01-17,18:12:02.952000,12088,12089,12089,2
2020-01-17,18:12:02.952000,12088,12089,12089,1
2020-01-17,18:12:29.788000,12088,12089,12088,1
2020-01-17,18:12:42.736000,12088,12089,12088,1
2020-01-17,18:12:55.620000,12088,12089,12088,2
2020-01-17,18:13:01.773000,12088,12089,12088,1
2020-01-17,18:13:02.935000,12088,12089,12088,1
2020-01-17,18:13:10.274000,12088,12089,12088,4
2020-01-17,18:13:32.687000,12088,12089,12088,1
2020-01-17,18:13:32.687000,12088,12089,12088,7
2020-01-17,18:13:32.687000,12088,12089,12088,1
2020-01-17,18:13:33.162000,12087,12088,12088,3
2020-01-17,18:14:06.666000,12088,12089,12089,1
2020-01-17,18:14:07.012000,12088,12089,12089,1
2020-01-17,18:14:07.212000,12088,12089,12089,2
2020-01-17,18:14:07.223000,12088,12089,12089,1
2020-01-17,18:14:11.686000,12088,12089,12088,1
2020-01-17,18:14:14.345000,12088,12089,12089,1
2020-01-17,18:14:33.401000,12088,12089,12089,2
2020-01-17,18:14:33.806000,12088,12089,12089,1
2020-01-17,18:14:42.612000,12088,12089,12089,1
2020-01-17,18:15:17.933000,12088,12089,12089,1
2020-01-17,18:15:18.138000,12088,12089,12089,1
2020-01-17,18:15:18.403000,12088,12089,12089,2
2020-01-17,18:15:18.405000,12088,12089,12089,1
2020-01-17,18:15:18.424000,12088,12089,12089,2
2020-01-17,18:15:18.524000,12088,12089,12089,1
2020-01-17,18:15:18.528000,12088,12089,12089,1
2020-01-17,18:15:18.686000,12088,12089,12089,1
2020-01-17,18:15:18.983000,12088,12089,12089,1
2020-01-17,18:15:27.040000,12088,12089,12089,1
2020-01-17,18:15:40.331000,12088,12089,12089,1
2020-01-17,18:16:04.175000,12088,12089,12089,2
2020-01-17,18:16:04.678000,12088,12089,12089,1
2020-01-17,18:16:04.843000,12088,12089,12089,1
2020-01-17,18:16:18.060000,12088,12089,12088,1
2020-01-17,18:16:35.696000,12088,12089,12088,13
2020-01-17,18:16:35.780000,12087,12088,12088,1
2020-01-17,18:16:36.163000,12087,12088,12088,11
2020-01-17,18:17:02.366000,12087,12088,12088,1
2020-01-17,18:17:42.336000,12087,12088,12087,1
2020-01-17,18:17:46.736000,12087,12088,12087,13
2020-01-17,18:18:02.273000,12087,12088,12088,1
2020-01-17,18:18:11.129000,12087,12088,12088,1
2020-01-17,18:18:19.617000,12087,12088,12088,2
2020-01-17,18:18:19.618000,12087,12088,12088,2
2020-01-17,18:18:19.618000,12087,12088,12088,3
2020-01-17,18:19:01.932000,12088,12089,12088,3
2020-01-17,18:19:01.932000,12088,12089,12088,3
2020-01-17,18:19:02.170000,12087,12089,12088,2
2020-01-17,18:19:36.820000,12087,12088,12087,1
2020-01-17,18:19:45.300000,12087,12088,12087,4
2020-01-17,18:20:02.439000,12086,12087,12087,2
2020-01-17,18:20:14.224000,12086,12087,12087,1
2020-01-17,18:20:27.039000,12087,12088,12088,1
2020-01-17,18:20:38.767000,12087,12088,12087,2
2020-01-17,18:20:38.767000,12087,12088,12087,1
2020-01-17,18:20:47.676000,12086,12087,12087,1
2020-01-17,18:22:13.222000,12086,12087,12086,4
2020-01-17,18:22:13.267000,12086,12087,12086,19
2020-01-17,18:22:13.267000,12086,12087,12086,3
2020-01-17,18:22:21.520000,12085,12086,12085,1
2020-01-17,18:22:21.684000,12085,12086,12085,2
2020-01-17,18:22:26.160000,12085,12086,12085,1
2020-01-17,18:22:26.935000,12085,12086,12085,2
2020-01-17,18:22:32.070000,12085,12086,12085,2
2020-01-17,18:22:39.599000,12085,12086,12085,1
2020-01-17,18:22:45.686000,12085,12086,12086,2
2020-01-17,18:22:50.553000,12085,12086,12086,1
2020-01-17,18:22:53.494000,12085,12086,12085,1
2020-01-17,18:22:55.515000,12085,12086,12086,1
2020-01-17,18:23:07.528000,12085,12086,12086,1
2020-01-17,18:23:08.372000,12085,12086,12085,1
2020-01-17,18:23:42.307000,12085,12086,12085,1
2020-01-17,18:24:02.076000,12085,12086,12085,1
2020-01-17,18:24:08.754000,12085,12086,12085,1
2020-01-17,18:24:16.919000,12085,12086,12085,1
2020-01-17,18:24:20.922000,12085,12086,12085,2
2020-01-17,18:24:22.965000,12085,12086,12085,3
2020-01-17,18:24:24.879000,12084,12086,12084,13
2020-01-17,18:24:24.926000,12084,12086,12084,1
2020-01-17,18:24:27.971000,12084,12085,12084,1
2020-01-17,18:24:29.522000,12084,12085,12085,1
2020-01-17,18:24:29.523000,12084,12085,12085,1
2020-01-17,18:24:31.161000,12084,12085,12085,1
2020-01-17,18:24:44.308000,12084,12085,12085,1
2020-01-17,18:24:55.660000,12084,12085,12085,1
2020-01-17,18:24:59.915000,12084,12085,12085,1
2020-01-17,18:25:20.695000,12084,12085,12085,1
2020-01-17,18:25:27.039000,12084,12085,12085,1
2020-01-17,18:26:32.134000,12084,12085,12085,5
2020-01-17,18:26:52.872000,12084,12085,12085,2
2020-01-17,18:27:08.407000,12084,12085,12085,2
2020-01-17,18:27:16.629000,12084,12085,12085,1
2020-01-17,18:27:18.290000,12084,12085,12085,1
2020-01-17,18:27:21.153000,12084,12085,12085,1
2020-01-17,18:27:28.035000,12084,12085,12084,2
2020-01-17,18:27:30.202000,12084,12085,12084,2
2020-01-17,18:27:52.636000,12084,12085,12084,4
2020-01-17,18:27:53.036000,12084,12085,12084,1
2020-01-17,18:28:14.928000,12084,12085,12084,4
2020-01-17,18:29:37.428000,12083,12084,12083,1
2020-01-17,18:29:45.536000,12083,12084,12083,1
2020-01-17,18:30:16.500000,12083,12084,12083,1
2020-01-17,18:30:20.985000,12083,12084,12083,1
2020-01-17,18:30:21.155000,12083,12084,12083,2
2020-01-17,18:30:21.165000,12083,12084,12083,1
2020-01-17,18:30:21.267000,12083,12084,12083,1
2020-01-17,18:30:21.267000,12083,12084,12083,15
2020-01-17,18:30:27.040000,12082,12083,12083,1
2020-01-17,18:30:35.956000,12082,12083,12083,1
2020-01-17,18:30:49.003000,12082,12083,12083,1
2020-01-17,18:30:56.491000,12082,12083,12083,1
2020-01-17,18:30:57.385000,12082,12083,12083,1
2020-01-17,18:30:58.392000,12082,12083,12083,1
2020-01-17,18:31:06.126000,12083,12084,12083,1
2020-01-17,18:31:20.368000,12082,12083,12083,1
2020-01-17,18:31:25.767000,12082,12083,12083,1
2020-01-17,18:31:26.881000,12082,12084,12084,1
2020-01-17,18:31:27.950000,12083,12084,12083,1
2020-01-17,18:31:32.295000,12083,12084,12083,1
2020-01-17,18:31:41.117000,12083,12084,12083,1
2020-01-17,18:32:22.556000,12083,12084,12084,7
2020-01-17,18:32:22.642000,12083,12084,12084,3
2020-01-17,18:32:48.353000,12084,12085,12084,4
2020-01-17,18:32:53.084000,12083,12084,12084,1
2020-01-17,18:32:55.128000,12083,12084,12084,1
2020-01-17,18:32:55.462000,12083,12084,12084,4
2020-01-17,18:33:20.002000,12084,12085,12084,1
2020-01-17,18:33:26.852000,12084,12085,12085,1
2020-01-17,18:33:29.393000,12084,12085,12084,1
2020-01-17,18:35:27.039000,12084,12085,12085,1
2020-01-17,18:36:06.684000,12084,12085,12085,1
2020-01-17,18:37:59.660000,12084,12085,12085,1
2020-01-17,18:38:23.251000,12084,12085,12084,1
2020-01-17,18:39:34.436000,12084,12085,12084,1
2020-01-17,18:39:45.328000,12084,12085,12084,1
2020-01-17,18:40:24.877000,12084,12085,12084,1
2020-01-17,18:42:05.258000,12084,12085,12084,2
2020-01-17,18:43:26.193000,12084,12085,12084,3
2020-01-17,18:43:28.847000,12084,12085,12084,2
2020-01-17,18:44:01.126000,12084,12085,12084,3
2020-01-17,18:44:07.237000,12084,12085,12084,10
2020-01-17,18:44:39.523000,12083,12084,12083,1
2020-01-17,18:45:05.684000,12083,12084,12084,4
2020-01-17,18:45:06.213000,12084,12085,12085,2
2020-01-17,18:45:06.449000,12084,12085,12084,1
2020-01-17,18:45:38.046000,12083,12084,12084,2
2020-01-17,18:46:02.291000,12084,12085,12084,3
2020-01-17,18:46:18.345000,12083,12084,12084,1
2020-01-17,18:46:19.019000,12083,12084,12084,1
2020-01-17,18:46:33.126000,12083,12084,12084,2
2020-01-17,18:48:42.968000,12084,12085,12084,3
2020-01-17,18:49:08.054000,12084,12085,12084,1
2020-01-17,18:49:22.637000,12084,12085,12084,1
2020-01-17,18:49:37.377000,12083,12084,12084,1
2020-01-17,18:50:02.150000,12083,12084,12083,6
2020-01-17,18:50:07.308000,12083,12084,12083,1
2020-01-17,18:50:17.886000,12083,12084,12084,1
2020-01-17,18:50:34.871000,12084,12085,12084,1
2020-01-17,18:51:53.233000,12084,12085,12085,2
2020-01-17,18:51:53.659000,12084,12085,12085,2
2020-01-17,18:52:02.203000,12084,12085,12084,10
2020-01-17,18:52:02.395000,12084,12085,12084,1
2020-01-17,18:52:38.770000,12084,12085,12085,2
2020-01-17,18:52:39.109000,12084,12085,12085,2
2020-01-17,18:53:03.104000,12084,12085,12085,4
2020-01-17,18:53:26.135000,12084,12085,12084,1
2020-01-17,18:56:40.608000,12083,12084,12084,1
2020-01-17,18:56:55.042000,12083,12084,12084,2
2020-01-17,18:57:25.925000,12083,12084,12084,1
2020-01-17,18:58:09.498000,12083,12084,12083,1
2020-01-17,18:58:43.363000,12084,12085,12084,1
2020-01-17,18:58:51.790000,12084,12085,12084,1
2020-01-17,18:59:35.624000,12083,12084,12084,1
2020-01-17,18:59:55.142000,12083,12084,12084,1
2020-01-17,19:00:16.778000,12084,12085,12084,3
2020-01-17,19:00:17.650000,12083,12085,12085,1
2020-01-17,19:00:18.416000,12084,12085,12085,2
2020-01-17,19:00:19.319000,12084,12085,12084,1
2020-01-17,19:00:54.940000,12084,12085,12084,1
2020-01-17,19:01:23.013000,12084,12085,12084,2
2020-01-17,19:02:04.289000,12084,12085,12085,1
2020-01-17,19:02:21.650000,12084,12085,12085,1
2020-01-17,19:02:36.520000,12084,12085,12085,2
2020-01-17,19:02:36.642000,12084,12085,12085,3
2020-01-17,19:03:14.676000,12085,12086,12085,1
2020-01-17,19:03:29.820000,12085,12086,12086,1
2020-01-17,19:03:34.408000,12085,12086,12085,1
2020-01-17,19:04:06.948000,12085,12086,12086,3
2020-01-17,19:04:17.227000,12085,12086,12086,2
2020-01-17,19:04:36.456000,12085,12086,12085,1
2020-01-17,19:04:39.903000,12085,12086,12086,4
2020-01-17,19:04:55.130000,12085,12086,12086,1
2020-01-17,19:04:56.581000,12085,12086,12085,1
2020-01-17,19:04:57.174000,12085,12086,12086,1
2020-01-17,19:05:02.186000,12085,12086,12085,10
2020-01-17,19:05:02.378000,12085,12086,12085,1
2020-01-17,19:05:36.671000,12085,12086,12085,1
2020-01-17,19:06:38.180000,12085,12086,12085,1
2020-01-17,19:06:38.267000,12085,12086,12085,5
2020-01-17,19:06:38.267000,12085,12086,12085,9
2020-01-17,19:07:04.444000,12084,12085,12085,1
2020-01-17,19:07:46.271000,12084,12085,12084,1
2020-01-17,19:08:27.570000,12084,12085,12085,1
2020-01-17,19:08:36.975000,12084,12085,12084,1
2020-01-17,19:08:58.615000,12084,12085,12084,1
2020-01-17,19:09:09.678000,12084,12085,12085,1
2020-01-17,19:09:25.654000,12084,12085,12085,1
2020-01-17,19:10:08.280000,12084,12085,12085,1
2020-01-17,19:10:26.722000,12084,12085,12085,1
2020-01-17,19:10:30.563000,12084,12085,12085,1
2020-01-17,19:11:02.333000,12085,12086,12085,3
2020-01-17,19:11:02.392000,12085,12086,12085,1
2020-01-17,19:11:17.729000,12084,12085,12085,1
2020-01-17,19:11:35.993000,12084,12085,12085,1
2020-01-17,19:12:05.295000,12084,12085,12085,2
2020-01-17,19:12:05.916000,12084,12085,12084,2
2020-01-17,19:13:21.157000,12084,12085,12084,1
2020-01-17,19:14:35.024000,12084,12085,12084,1
2020-01-17,19:15:42.887000,12084,12085,12084,2
2020-01-17,19:17:38.135000,12084,12085,12084,5
2020-01-17,19:18:02.151000,12084,12085,12084,6
2020-01-17,19:18:02.803000,12084,12085,12084,2
2020-01-17,19:18:22.939000,12084,12085,12085,1
2020-01-17,19:18:54.069000,12084,12085,12085,3
2020-01-17,19:18:54.069000,12084,12085,12085,1
2020-01-17,19:18:54.069000,12084,12085,12085,3
2020-01-17,19:18:54.069000,12084,12085,12085,1
2020-01-17,19:18:54.069000,12084,12085,12085,8
2020-01-17,19:18:54.150000,12085,12086,12085,1
2020-01-17,19:21:30.267000,12085,12086,12085,2
2020-01-17,19:21:33.642000,12084,12086,12085,1
2020-01-17,19:22:30.324000,12085,12086,12085,1
2020-01-17,19:22:43.857000,12085,12086,12086,1
2020-01-17,19:23:35.894000,12085,12086,12085,1
2020-01-17,19:23:36.322000,12085,12086,12086,1
2020-01-17,19:23:38.143000,12085,12086,12085,3
2020-01-17,19:23:54.561000,12085,12086,12085,1
2020-01-17,19:23:54.711000,12085,12086,12085,2
2020-01-17,19:23:54.767000,12084,12085,12085,1
2020-01-17,19:25:49.953000,12084,12085,12085,1
2020-01-17,19:25:51.298000,12084,12086,12086,1
2020-01-17,19:29:24.528000,12085,12086,12086,1
2020-01-17,19:29:54.536000,12085,12086,12086,8
2020-01-17,19:31:25.147000,12085,12086,12086,1
2020-01-17,19:31:26.339000,12085,12086,12086,1
2020-01-17,19:31:26.610000,12085,12086,12086,2
2020-01-17,19:31:26.623000,12085,12086,12086,2
2020-01-17,19:31:26.757000,12085,12086,12086,1
2020-01-17,19:31:26.951000,12085,12086,12086,2
2020-01-17,19:31:26.993000,12085,12086,12086,2
2020-01-17,19:31:27.043000,12085,12086,12086,2
2020-01-17,19:31:27.055000,12085,12086,12086,1
2020-01-17,19:31:27.148000,12085,12086,12086,1
2020-01-17,19:31:27.228000,12085,12086,12087,2
2020-01-17,19:31:27.232000,12085,12086,12087,2
2020-01-17,19:31:27.234000,12085,12086,12087,1
2020-01-17,19:31:27.412000,12085,12087,12087,2
2020-01-17,19:31:27.883000,12085,12087,12087,1
2020-01-17,19:31:27.991000,12085,12087,12087,1
2020-01-17,19:31:28.017000,12085,12087,12087,1
2020-01-17,19:31:37.713000,12085,12086,12086,1
2020-01-17,19:31:38.163000,12085,12086,12086,1
2020-01-17,19:31:38.581000,12085,12086,12086,1
2020-01-17,19:31:44.094000,12085,12086,12086,1
2020-01-17,19:31:55.447000,12085,12086,12086,5
2020-01-17,19:32:26.346000,12085,12086,12086,1
2020-01-17,19:33:16.188000,12085,12086,12086,1
2020-01-17,19:33:20.652000,12085,12086,12086,1
2020-01-17,19:35:36.336000,12085,12086,12086,1
2020-01-17,19:35:44.937000,12085,12086,12086,1
2020-01-17,19:35:54.820000,12085,12086,12086,1
2020-01-17,19:37:05.895000,12085,12086,12086,1
2020-01-17,19:37:08.542000,12085,12086,12086,1
2020-01-17,19:37:33.416000,12085,12086,12086,1
2020-01-17,19:37:43.583000,12085,12086,12086,1
2020-01-17,19:37:59.533000,12085,12086,12086,2
2020-01-17,19:38:35.995000,12085,12087,12085,1
2020-01-17,19:38:36.172000,12085,12087,12085,1
2020-01-17,19:40:57.347000,12086,12087,12086,1
2020-01-17,19:43:34.340000,12085,12086,12085,1
2020-01-17,19:43:34.751000,12085,12086,12085,2
2020-01-17,19:43:45.520000,12085,12086,12085,1
2020-01-17,19:44:46.390000,12085,12086,12086,4
2020-01-17,19:44:46.390000,12085,12086,12087,1
2020-01-17,19:46:16.977000,12085,12086,12086,1
2020-01-17,19:46:17.698000,12085,12086,12086,2
2020-01-17,19:46:35.519000,12086,12087,12087,1
2020-01-17,19:46:35.650000,12086,12087,12087,3
2020-01-17,19:47:26.134000,12086,12087,12087,1
2020-01-17,19:48:35.526000,12086,12087,12087,1
2020-01-17,19:48:54.933000,12086,12087,12087,1
2020-01-17,19:49:41.191000,12086,12087,12087,1
2020-01-17,19:50:03.017000,12086,12087,12086,3
2020-01-17,19:50:03.142000,12086,12087,12086,1
2020-01-17,19:50:03.142000,12086,12087,12086,2
2020-01-17,19:50:03.142000,12086,12087,12086,3
2020-01-17,19:50:03.142000,12086,12087,12086,3
2020-01-17,19:50:03.658000,12085,12086,12086,2
2020-01-17,19:50:38.545000,12086,12087,12086,1
2020-01-17,19:50:38.546000,12086,12087,12086,2
2020-01-17,19:50:39.038000,12085,12086,12086,1
2020-01-17,19:50:39.414000,12085,12086,12086,1
2020-01-17,19:51:14.510000,12086,12087,12087,1
2020-01-17,19:51:14.702000,12086,12087,12087,1
2020-01-17,19:51:14.928000,12086,12087,12087,1
2020-01-17,19:51:15.128000,12086,12087,12087,1
2020-01-17,19:51:15.341000,12086,12087,12087,1
2020-01-17,19:51:24.704000,12086,12087,12087,2
2020-01-17,19:51:36.972000,12086,12087,12086,1
2020-01-17,19:51:51.294000,12086,12087,12087,1
2020-01-17,19:51:51.655000,12086,12087,12087,3
2020-01-17,19:53:44.954000,12086,12087,12086,4
2020-01-17,19:54:05.634000,12086,12087,12086,1
2020-01-17,19:54:08.637000,12086,12087,12086,3
2020-01-17,19:54:09.160000,12086,12087,12087,28
2020-01-17,19:54:09.226000,12086,12087,12086,1
2020-01-17,19:54:21.660000,12086,12087,12087,1
2020-01-17,19:54:27.536000,12086,12087,12087,1
2020-01-17,19:54:38.791000,12087,12088,12087,1
2020-01-17,19:55:02.018000,12086,12087,12086,2
2020-01-17,19:55:21.356000,12086,12087,12087,2
2020-01-17,19:55:21.885000,12087,12088,12088,4
2020-01-17,19:55:21.899000,12087,12088,12088,4
2020-01-17,19:55:21.957000,12087,12088,12088,3
2020-01-17,19:55:21.967000,12087,12088,12088,3
2020-01-17,19:55:21.973000,12087,12088,12088,3
2020-01-17,19:55:22.054000,12087,12088,12088,2
2020-01-17,19:55:22.063000,12087,12088,12088,2
2020-01-17,19:55:39.818000,12087,12088,12087,1
2020-01-17,19:56:31.500000,12087,12088,12087,2
2020-01-17,19:56:36.217000,12087,12088,12087,2
2020-01-17,19:56:37.813000,12087,12088,12087,1
2020-01-17,19:57:51.798000,12087,12088,12088,5
2020-01-17,19:58:08.978000,12087,12088,12088,4
2020-01-17,19:58:09.597000,12087,12088,12088,6
2020-01-17,19:58:10.036000,12087,12088,12088,4
2020-01-17,19:58:10.142000,12087,12088,12088,4
2020-01-17,19:58:11.823000,12087,12088,12088,2
2020-01-17,19:58:11.892000,12087,12088,12088,1
2020-01-17,19:58:14.929000,12088,12089,12089,4
2020-01-17,19:58:15.073000,12088,12089,12089,2
2020-01-17,19:58:15.078000,12088,12089,12089,2
2020-01-17,19:58:15.166000,12088,12089,12089,2
2020-01-17,19:58:15.292000,12088,12089,12089,2
2020-01-17,19:58:15.433000,12088,12089,12089,20
2020-01-17,19:58:15.459000,12088,12089,12089,1
2020-01-17,19:58:15.517000,12088,12089,12089,1
2020-01-17,19:58:15.648000,12088,12090,12090,1
2020-01-17,19:58:15.698000,12088,12090,12090,2
2020-01-17,19:58:15.716000,12088,12090,12090,1
2020-01-17,19:58:15.728000,12088,12090,12090,1
2020-01-17,19:58:15.764000,12088,12090,12090,1
2020-01-17,19:58:15.816000,12088,12090,12090,1
2020-01-17,19:58:15.870000,12088,12090,12090,1
2020-01-17,19:58:15.878000,12088,12090,12090,1
2020-01-17,19:58:15.893000,12088,12090,12090,2
2020-01-17,19:58:15.976000,12088,12090,12090,1
2020-01-17,19:58:15.979000,12088,12090,12090,3
2020-01-17,19:58:15.980000,12088,12090,12090,2
2020-01-17,19:58:16.017000,12088,12090,12090,1
2020-01-17,19:58:16.072000,12088,12090,12090,8
2020-01-17,19:58:16.076000,12088,12090,12090,1
2020-01-17,19:58:16.078000,12088,12090,12090,8
2020-01-17,19:58:16.083000,12088,12090,12090,1
2020-01-17,19:58:16.299000,12089,12090,12089,1
2020-01-17,19:58:16.313000,12089,12090,12089,1
2020-01-17,19:58:16.491000,12089,12090,12090,1
2020-01-17,19:58:16.552000,12089,12090,12090,1
2020-01-17,19:58:16.613000,12089,12090,12089,2
2020-01-17,19:58:21.658000,12089,12090,12089,2
2020-01-17,19:58:23.677000,12089,12090,12089,1
2020-01-17,19:58:25.056000,12089,12090,12089,1
2020-01-17,19:58:25.542000,12088,12089,12089,2
2020-01-17,19:58:42.976000,12089,12090,12090,1
2020-01-17,19:58:51.026000,12089,12090,12089,5
2020-01-17,19:58:53.694000,12089,12090,12089,1
