2020-02-10,15:00:00.003000,11564,11565,11565,45
2020-02-10,15:00:00.014000,11564,11565,11564,4
2020-02-10,15:00:00.096000,11563,11564,11564,4
2020-02-10,15:00:00.294000,11563,11564,11563,1
2020-02-10,15:00:00.311000,11563,11564,11563,1
2020-02-10,15:00:00.394000,11563,11564,11563,1
2020-02-10,15:00:00.428000,11563,11564,11563,1
2020-02-10,15:00:00.507000,11563,11564,11564,1
2020-02-10,15:00:00.547000,11563,11564,11564,9
2020-02-10,15:00:00.573000,11563,11564,11564,2
2020-02-10,15:00:00.610000,11563,11564,11564,6
2020-02-10,15:00:00.610000,11563,11564,11564,2
2020-02-10,15:00:00.681000,11563,11564,11564,1
2020-02-10,15:00:00.713000,11563,11564,11565,1
2020-02-10,15:00:00.720000,11563,11564,11565,1
2020-02-10,15:00:00.865000,11564,11565,11565,5
2020-02-10,15:00:00.867000,11564,11565,11565,5
2020-02-10,15:00:00.951000,11564,11565,11565,2
2020-02-10,15:00:01.038000,11564,11565,11565,1
2020-02-10,15:00:01.067000,11564,11565,11565,2
2020-02-10,15:00:01.109000,11564,11565,11565,5
2020-02-10,15:00:01.153000,11564,11565,11566,2
2020-02-10,15:00:01.251000,11563,11566,11566,2
2020-02-10,15:00:01.453000,11564,11566,11566,2
2020-02-10,15:00:01.681000,11565,11566,11566,1
2020-02-10,15:00:01.703000,11565,11566,11566,1
2020-02-10,15:00:01.735000,11565,11566,11566,1
2020-02-10,15:00:01.735000,11565,11566,11566,4
2020-02-10,15:00:01.886000,11566,11567,11566,1
2020-02-10,15:00:01.886000,11566,11567,11566,1
2020-02-10,15:00:02.055000,11566,11567,11567,4
2020-02-10,15:00:02.526000,11566,11567,11567,1
2020-02-10,15:00:02.556000,11566,11567,11567,1
2020-02-10,15:00:02.556000,11566,11567,11568,1
2020-02-10,15:00:02.883000,11567,11568,11568,1
2020-02-10,15:00:02.885000,11567,11568,11568,1
2020-02-10,15:00:02.985000,11567,11568,11568,2
2020-02-10,15:00:03.023000,11567,11568,11567,1
2020-02-10,15:00:03.610000,11567,11568,11568,1
2020-02-10,15:00:04.110000,11568,11569,11569,4
2020-02-10,15:00:04.110000,11568,11569,11569,1
2020-02-10,15:00:04.110000,11568,11569,11569,1
2020-02-10,15:00:04.234000,11568,11569,11569,5
2020-02-10,15:00:04.234000,11568,11569,11569,1
2020-02-10,15:00:04.234000,11568,11569,11569,5
2020-02-10,15:00:04.234000,11568,11569,11569,3
2020-02-10,15:00:04.449000,11569,11570,11569,2
2020-02-10,15:00:04.582000,11569,11570,11570,4
2020-02-10,15:00:04.609000,11569,11570,11570,1
2020-02-10,15:00:04.861000,11569,11570,11569,1
2020-02-10,15:00:05.438000,11569,11570,11569,1
2020-02-10,15:00:05.953000,11569,11570,11569,6
2020-02-10,15:00:05.960000,11569,11570,11570,2
2020-02-10,15:00:05.973000,11569,11570,11570,3
2020-02-10,15:00:05.980000,11569,11570,11570,2
2020-02-10,15:00:05.985000,11569,11570,11570,11
2020-02-10,15:00:06.036000,11569,11570,11570,5
2020-02-10,15:00:06.103000,11569,11570,11569,1
2020-02-10,15:00:06.971000,11570,11572,11570,1
2020-02-10,15:00:07.984000,11569,11571,11569,1
2020-02-10,15:00:08.018000,11569,11571,11571,1
2020-02-10,15:00:08.426000,11569,11571,11571,1
2020-02-10,15:00:08.730000,11569,11571,11570,1
2020-02-10,15:00:09.019000,11569,11571,11571,1
2020-02-10,15:00:09.235000,11569,11571,11571,5
2020-02-10,15:00:09.862000,11570,11571,11571,5
2020-02-10,15:00:09.862000,11570,11571,11572,1
2020-02-10,15:00:11.562000,11571,11572,11572,1
2020-02-10,15:00:11.944000,11571,11572,11572,1
2020-02-10,15:00:12.083000,11571,11572,11572,3
2020-02-10,15:00:12.182000,11571,11572,11572,1
2020-02-10,15:00:12.663000,11572,11573,11573,1
2020-02-10,15:00:12.898000,11572,11573,11572,3
2020-02-10,15:00:13.133000,11572,11573,11573,4
2020-02-10,15:00:14.984000,11572,11573,11572,3
2020-02-10,15:00:15.025000,11572,11573,11571,1
2020-02-10,15:00:15.051000,11572,11573,11573,1
2020-02-10,15:00:15.430000,11571,11573,11573,2
2020-02-10,15:00:15.948000,11571,11572,11571,1
2020-02-10,15:00:16.896000,11571,11572,11572,1
2020-02-10,15:00:17.959000,11571,11572,11571,1
2020-02-10,15:00:17.959000,11571,11572,11570,1
2020-02-10,15:00:18.019000,11570,11571,11570,1
2020-02-10,15:00:18.389000,11570,11571,11570,1
2020-02-10,15:00:18.422000,11570,11571,11570,1
2020-02-10,15:00:18.422000,11570,11571,11570,2
2020-02-10,15:00:18.684000,11569,11570,11569,1
2020-02-10,15:00:18.952000,11569,11570,11569,1
2020-02-10,15:00:21.255000,11568,11569,11569,5
2020-02-10,15:00:21.432000,11568,11570,11569,1
2020-02-10,15:00:21.801000,11568,11570,11568,1
2020-02-10,15:00:22.688000,11568,11570,11568,2
2020-02-10,15:00:23.720000,11569,11570,11569,2
2020-02-10,15:00:23.941000,11568,11570,11570,1
2020-02-10,15:00:24.116000,11568,11570,11570,3
2020-02-10,15:00:24.578000,11569,11570,11569,2
2020-02-10,15:00:24.907000,11569,11570,11569,1
2020-02-10,15:00:25.068000,11568,11569,11569,1
2020-02-10,15:00:25.496000,11568,11569,11569,3
2020-02-10,15:00:25.890000,11569,11570,11569,1
2020-02-10,15:00:28.391000,11569,11570,11569,1
2020-02-10,15:00:28.999000,11569,11570,11569,1
2020-02-10,15:00:29.618000,11569,11570,11569,2
2020-02-10,15:00:33.541000,11569,11570,11570,3
2020-02-10,15:00:33.634000,11570,11571,11570,1
2020-02-10,15:00:34.856000,11570,11572,11572,1
2020-02-10,15:00:36.510000,11570,11572,11572,1
2020-02-10,15:00:36.561000,11570,11572,11570,1
2020-02-10,15:00:37.936000,11570,11571,11571,2
2020-02-10,15:00:38.286000,11570,11571,11570,2
2020-02-10,15:00:42.607000,11570,11571,11570,2
2020-02-10,15:00:42.784000,11570,11571,11570,1
2020-02-10,15:00:46.096000,11570,11571,11571,1
2020-02-10,15:00:46.584000,11570,11571,11570,1
2020-02-10,15:00:48.517000,11570,11571,11571,1
2020-02-10,15:00:48.671000,11570,11571,11570,3
2020-02-10,15:00:49.177000,11570,11571,11570,2
2020-02-10,15:00:50.261000,11570,11571,11570,2
2020-02-10,15:00:50.261000,11570,11571,11570,3
2020-02-10,15:00:50.261000,11570,11571,11570,4
2020-02-10,15:00:50.694000,11569,11570,11569,6
2020-02-10,15:00:52.132000,11568,11569,11569,1
2020-02-10,15:00:53.775000,11568,11569,11569,1
2020-02-10,15:00:55.031000,11568,11569,11569,5
2020-02-10,15:00:55.853000,11568,11570,11568,10
2020-02-10,15:00:58.604000,11568,11569,11569,1
2020-02-10,15:00:59.818000,11568,11569,11569,1
2020-02-10,15:01:00.184000,11568,11570,11569,1
2020-02-10,15:01:00.232000,11568,11570,11570,1
2020-02-10,15:01:00.846000,11568,11569,11569,1
2020-02-10,15:01:00.961000,11569,11570,11569,6
2020-02-10,15:01:00.961000,11569,11570,11569,6
2020-02-10,15:01:00.961000,11569,11570,11569,1
2020-02-10,15:01:00.985000,11569,11570,11569,1
2020-02-10,15:01:02.532000,11568,11569,11568,4
2020-02-10,15:01:02.540000,11568,11569,11568,4
2020-02-10,15:01:02.544000,11568,11569,11568,8
2020-02-10,15:01:03.101000,11568,11569,11568,3
2020-02-10,15:01:05.451000,11567,11569,11567,2
2020-02-10,15:01:08.180000,11567,11569,11567,1
2020-02-10,15:01:11.987000,11567,11568,11567,1
2020-02-10,15:01:12.843000,11567,11568,11568,4
2020-02-10,15:01:13.654000,11568,11569,11568,7
2020-02-10,15:01:14.531000,11567,11568,11567,1
2020-02-10,15:01:15.405000,11567,11568,11567,1
2020-02-10,15:01:15.901000,11567,11568,11567,2
2020-02-10,15:01:16.545000,11567,11568,11567,1
2020-02-10,15:01:17.161000,11567,11568,11567,1
2020-02-10,15:01:22.855000,11566,11567,11567,4
2020-02-10,15:01:22.920000,11567,11568,11567,1
2020-02-10,15:01:22.986000,11567,11568,11567,1
2020-02-10,15:01:23.195000,11567,11568,11567,1
2020-02-10,15:01:23.608000,11567,11568,11567,3
2020-02-10,15:01:24.264000,11566,11567,11567,1
2020-02-10,15:01:24.888000,11566,11567,11567,2
2020-02-10,15:01:25.445000,11566,11567,11566,2
2020-02-10,15:01:28.174000,11566,11567,11566,1
2020-02-10,15:01:34.516000,11566,11567,11566,4
2020-02-10,15:01:39.027000,11565,11566,11565,1
2020-02-10,15:01:42.484000,11565,11566,11565,1
2020-02-10,15:01:46.572000,11565,11566,11565,3
2020-02-10,15:01:51.514000,11565,11566,11566,1
2020-02-10,15:01:54.833000,11565,11566,11565,2
2020-02-10,15:01:56.739000,11565,11566,11566,1
2020-02-10,15:01:56.989000,11565,11566,11566,1
2020-02-10,15:01:57.818000,11565,11566,11565,1
2020-02-10,15:01:58.679000,11565,11566,11566,4
2020-02-10,15:01:58.758000,11565,11566,11566,1
2020-02-10,15:01:59.957000,11565,11566,11566,3
2020-02-10,15:01:59.962000,11565,11566,11566,1
2020-02-10,15:01:59.989000,11565,11567,11567,1
2020-02-10,15:02:00.235000,11566,11567,11567,1
2020-02-10,15:02:00.318000,11566,11567,11567,1
2020-02-10,15:02:00.320000,11566,11567,11567,1
2020-02-10,15:02:03.342000,11566,11567,11567,2
2020-02-10,15:02:07.071000,11566,11567,11567,1
2020-02-10,15:02:07.072000,11566,11567,11567,2
2020-02-10,15:02:07.072000,11566,11567,11567,3
2020-02-10,15:02:07.127000,11567,11568,11568,1
2020-02-10,15:02:07.129000,11567,11568,11568,1
2020-02-10,15:02:07.301000,11567,11568,11568,1
2020-02-10,15:02:07.301000,11567,11568,11568,2
2020-02-10,15:02:07.616000,11568,11569,11568,1
2020-02-10,15:02:09.019000,11568,11569,11569,1
2020-02-10,15:02:09.019000,11568,11569,11570,1
2020-02-10,15:02:10.924000,11568,11570,11570,1
2020-02-10,15:02:18.533000,11568,11570,11570,1
2020-02-10,15:02:23.459000,11568,11570,11568,1
2020-02-10,15:02:24.422000,11569,11570,11570,1
2020-02-10,15:02:26.425000,11569,11570,11570,2
2020-02-10,15:02:26.728000,11569,11570,11569,4
2020-02-10,15:02:31.307000,11569,11570,11569,1
2020-02-10,15:02:38.970000,11569,11570,11569,2
2020-02-10,15:02:46.777000,11569,11570,11569,1
2020-02-10,15:02:47.075000,11569,11570,11569,3
2020-02-10,15:02:48.594000,11569,11570,11569,1
2020-02-10,15:02:48.947000,11569,11570,11569,6
2020-02-10,15:02:49.235000,11568,11569,11568,1
2020-02-10,15:02:49.237000,11568,11569,11568,1
2020-02-10,15:02:49.286000,11568,11569,11568,1
2020-02-10,15:02:53.168000,11566,11568,11568,1
2020-02-10,15:02:57.329000,11566,11567,11567,4
2020-02-10,15:02:57.666000,11566,11568,11566,1
2020-02-10,15:03:00.459000,11566,11568,11567,1
2020-02-10,15:03:04.493000,11566,11567,11567,1
2020-02-10,15:03:06.424000,11567,11568,11567,2
2020-02-10,15:03:13.365000,11566,11567,11566,1
2020-02-10,15:03:13.919000,11566,11567,11567,2
2020-02-10,15:03:14.330000,11566,11567,11567,1
2020-02-10,15:03:14.726000,11566,11567,11567,1
2020-02-10,15:03:24.054000,11566,11567,11566,25
2020-02-10,15:03:24.330000,11566,11567,11566,1
2020-02-10,15:03:30.323000,11566,11567,11566,1
2020-02-10,15:03:31.055000,11566,11567,11566,2
2020-02-10,15:03:34.462000,11566,11567,11566,1
2020-02-10,15:03:41.845000,11566,11567,11566,2
2020-02-10,15:03:47.343000,11565,11566,11566,1
2020-02-10,15:03:48.715000,11565,11566,11565,10
2020-02-10,15:03:49.167000,11564,11565,11564,8
2020-02-10,15:03:49.828000,11563,11564,11563,2
2020-02-10,15:03:49.828000,11563,11564,11563,2
2020-02-10,15:03:49.829000,11563,11564,11563,4
2020-02-10,15:03:49.895000,11562,11564,11562,6
2020-02-10,15:03:50.110000,11562,11563,11562,2
2020-02-10,15:03:50.245000,11562,11563,11562,1
2020-02-10,15:03:50.485000,11562,11563,11562,1
2020-02-10,15:03:50.591000,11562,11563,11563,1
2020-02-10,15:03:55.714000,11563,11564,11564,1
2020-02-10,15:03:55.722000,11563,11564,11564,1
2020-02-10,15:03:55.723000,11563,11564,11564,1
2020-02-10,15:03:55.725000,11563,11564,11565,1
2020-02-10,15:03:55.752000,11564,11565,11565,1
2020-02-10,15:03:55.768000,11564,11565,11565,1
2020-02-10,15:03:55.770000,11564,11565,11565,1
2020-02-10,15:03:56.186000,11564,11565,11565,1
2020-02-10,15:03:56.186000,11564,11565,11566,1
2020-02-10,15:03:56.485000,11564,11566,11565,1
2020-02-10,15:03:56.989000,11564,11565,11564,1
2020-02-10,15:04:08.354000,11563,11564,11564,2
2020-02-10,15:04:09.313000,11563,11564,11564,1
2020-02-10,15:04:10.936000,11563,11564,11564,5
2020-02-10,15:04:11.349000,11563,11564,11564,1
2020-02-10,15:04:13.701000,11564,11565,11564,1
2020-02-10,15:04:14.159000,11563,11564,11564,2
2020-02-10,15:04:14.221000,11563,11564,11564,2
2020-02-10,15:04:16.542000,11563,11564,11564,1
2020-02-10,15:04:16.985000,11563,11564,11563,9
2020-02-10,15:04:17.109000,11563,11564,11563,1
2020-02-10,15:04:17.468000,11562,11563,11563,1
2020-02-10,15:04:17.715000,11563,11564,11563,1
2020-02-10,15:04:22.592000,11562,11563,11562,1
2020-02-10,15:04:23.777000,11562,11563,11562,1
2020-02-10,15:04:23.827000,11562,11563,11562,1
2020-02-10,15:04:24.151000,11562,11563,11563,1
2020-02-10,15:04:25.734000,11562,11563,11562,1
2020-02-10,15:04:34.395000,11562,11563,11562,1
2020-02-10,15:04:34.980000,11562,11563,11563,2
2020-02-10,15:04:35.001000,11562,11563,11563,5
2020-02-10,15:04:35.693000,11563,11564,11563,3
2020-02-10,15:04:40.656000,11564,11565,11564,1
2020-02-10,15:04:41.971000,11564,11565,11564,1
2020-02-10,15:04:43.167000,11563,11564,11564,4
2020-02-10,15:05:02.366000,11563,11564,11563,1
2020-02-10,15:05:02.907000,11563,11564,11564,1
2020-02-10,15:05:03.438000,11563,11564,11564,1
2020-02-10,15:05:03.473000,11563,11564,11563,1
2020-02-10,15:05:03.850000,11563,11564,11564,1
2020-02-10,15:05:04.532000,11563,11564,11563,1
2020-02-10,15:05:06.734000,11563,11564,11563,1
2020-02-10,15:05:16.975000,11564,11565,11564,2
2020-02-10,15:05:20.699000,11564,11565,11564,1
2020-02-10,15:05:21.859000,11564,11565,11564,3
2020-02-10,15:05:22.003000,11564,11565,11564,1
2020-02-10,15:05:22.599000,11563,11564,11564,2
2020-02-10,15:05:22.955000,11563,11564,11563,1
2020-02-10,15:05:24.687000,11563,11564,11564,1
2020-02-10,15:05:26.905000,11563,11564,11563,1
2020-02-10,15:05:28.485000,11563,11564,11563,4
2020-02-10,15:05:28.808000,11562,11563,11562,1
2020-02-10,15:05:28.820000,11562,11563,11562,1
2020-02-10,15:05:28.936000,11562,11563,11563,1
2020-02-10,15:05:29.217000,11562,11563,11562,1
2020-02-10,15:05:29.501000,11562,11563,11563,5
2020-02-10,15:05:31.668000,11562,11563,11562,1
2020-02-10,15:05:35.115000,11562,11563,11562,3
2020-02-10,15:05:35.115000,11562,11563,11561,2
2020-02-10,15:05:35.278000,11561,11563,11561,1
2020-02-10,15:05:35.378000,11561,11563,11561,1
2020-02-10,15:05:38.994000,11561,11562,11561,3
2020-02-10,15:05:38.998000,11561,11562,11561,4
2020-02-10,15:05:38.998000,11561,11562,11561,5
2020-02-10,15:05:38.999000,11561,11562,11561,19
2020-02-10,15:05:38.999000,11561,11562,11561,1
2020-02-10,15:05:39.966000,11560,11561,11560,3
2020-02-10,15:05:40.020000,11560,11561,11560,1
2020-02-10,15:05:40.099000,11560,11561,11560,1
2020-02-10,15:05:40.235000,11560,11561,11560,1
2020-02-10,15:05:40.235000,11560,11561,11560,4
2020-02-10,15:05:40.235000,11560,11561,11560,1
2020-02-10,15:05:40.235000,11560,11561,11560,2
2020-02-10,15:05:40.360000,11560,11561,11560,13
2020-02-10,15:05:40.596000,11559,11560,11559,2
2020-02-10,15:05:45.046000,11558,11559,11558,1
2020-02-10,15:05:45.380000,11558,11559,11558,1
2020-02-10,15:05:45.461000,11558,11559,11558,2
2020-02-10,15:05:45.860000,11558,11559,11559,1
2020-02-10,15:05:46.998000,11559,11560,11559,1
2020-02-10,15:05:46.998000,11559,11560,11558,4
2020-02-10,15:05:47.610000,11559,11560,11559,1
2020-02-10,15:05:47.910000,11559,11560,11559,1
2020-02-10,15:05:48.213000,11559,11560,11559,1
2020-02-10,15:05:48.549000,11558,11559,11558,3
2020-02-10,15:05:48.805000,11558,11559,11559,1
2020-02-10,15:05:49.713000,11559,11560,11560,1
2020-02-10,15:05:50.313000,11559,11560,11560,1
2020-02-10,15:05:50.931000,11559,11560,11559,1
2020-02-10,15:05:54.108000,11559,11560,11559,5
2020-02-10,15:05:57.513000,11559,11560,11559,1
2020-02-10,15:05:57.593000,11559,11560,11559,2
2020-02-10,15:06:00.062000,11559,11560,11560,1
2020-02-10,15:06:00.068000,11559,11560,11560,1
2020-02-10,15:06:01.360000,11559,11560,11560,3
2020-02-10,15:06:02.572000,11560,11561,11560,5
2020-02-10,15:06:08.335000,11560,11561,11560,1
2020-02-10,15:06:08.387000,11560,11561,11560,7
2020-02-10,15:06:08.387000,11560,11561,11559,3
2020-02-10,15:06:08.399000,11560,11561,11560,1
2020-02-10,15:06:08.399000,11560,11561,11559,12
2020-02-10,15:06:08.848000,11559,11560,11560,7
2020-02-10,15:06:08.860000,11560,11561,11560,3
2020-02-10,15:06:11.921000,11559,11561,11559,1
2020-02-10,15:06:13.324000,11559,11560,11560,7
2020-02-10,15:06:13.360000,11560,11561,11560,2
2020-02-10,15:06:14.581000,11559,11560,11560,2
2020-02-10,15:06:15.235000,11560,11561,11560,3
2020-02-10,15:06:16.606000,11559,11560,11559,1
2020-02-10,15:06:16.650000,11559,11560,11559,5
2020-02-10,15:06:17.737000,11559,11560,11560,3
2020-02-10,15:06:21.735000,11559,11560,11560,6
2020-02-10,15:06:22.710000,11560,11561,11561,1
2020-02-10,15:06:25.200000,11559,11560,11560,1
2020-02-10,15:06:25.688000,11559,11560,11559,5
2020-02-10,15:06:29.149000,11559,11560,11560,1
2020-02-10,15:06:29.290000,11559,11560,11560,1
2020-02-10,15:06:34.538000,11559,11560,11560,10
2020-02-10,15:06:37.434000,11559,11560,11560,1
2020-02-10,15:06:38.010000,11559,11560,11559,5
2020-02-10,15:06:38.509000,11559,11560,11559,7
2020-02-10,15:06:38.714000,11558,11559,11558,2
2020-02-10,15:06:39.487000,11558,11559,11559,1
2020-02-10,15:06:43.664000,11558,11559,11558,1
2020-02-10,15:06:45.512000,11558,11559,11558,2
2020-02-10,15:06:46.388000,11558,11559,11558,1
2020-02-10,15:06:47.113000,11558,11559,11558,3
2020-02-10,15:06:49.387000,11557,11558,11557,5
2020-02-10,15:06:50.393000,11556,11557,11556,1
2020-02-10,15:06:50.503000,11556,11557,11557,7
2020-02-10,15:06:50.509000,11556,11557,11557,3
2020-02-10,15:06:50.632000,11556,11557,11556,2
2020-02-10,15:06:51.477000,11556,11557,11557,3
2020-02-10,15:06:52.857000,11556,11558,11556,1
2020-02-10,15:06:53.131000,11556,11558,11558,1
2020-02-10,15:07:05.827000,11557,11558,11557,1
2020-02-10,15:07:05.961000,11557,11558,11557,1
2020-02-10,15:07:06.339000,11557,11558,11558,1
2020-02-10,15:07:07.891000,11557,11558,11557,1
2020-02-10,15:07:11.454000,11557,11558,11558,1
2020-02-10,15:07:11.950000,11557,11558,11558,1
2020-02-10,15:07:11.984000,11557,11558,11558,1
2020-02-10,15:07:11.985000,11557,11558,11558,11
2020-02-10,15:07:13.542000,11558,11559,11559,1
2020-02-10,15:07:13.839000,11558,11559,11559,2
2020-02-10,15:07:15.391000,11558,11559,11559,1
2020-02-10,15:07:18.547000,11559,11560,11560,2
2020-02-10,15:07:20.136000,11559,11560,11559,1
2020-02-10,15:07:25.145000,11559,11560,11559,1
2020-02-10,15:07:26.971000,11559,11560,11559,1
2020-02-10,15:07:27.630000,11559,11560,11559,4
2020-02-10,15:07:32.432000,11558,11559,11559,2
2020-02-10,15:07:32.680000,11558,11559,11559,1
2020-02-10,15:07:33.203000,11558,11559,11559,1
2020-02-10,15:07:33.203000,11558,11559,11559,1
2020-02-10,15:07:33.203000,11558,11559,11559,1
2020-02-10,15:07:33.203000,11558,11559,11559,1
2020-02-10,15:07:33.203000,11558,11559,11559,1
2020-02-10,15:07:33.203000,11558,11559,11559,1
2020-02-10,15:07:33.203000,11558,11559,11559,1
2020-02-10,15:07:39.169000,11559,11560,11559,1
2020-02-10,15:07:40.229000,11559,11560,11559,1
2020-02-10,15:07:50.067000,11559,11560,11559,1
2020-02-10,15:07:50.450000,11559,11560,11559,1
2020-02-10,15:07:52.670000,11558,11559,11558,1
2020-02-10,15:07:52.840000,11558,11559,11559,1
2020-02-10,15:07:56.993000,11558,11559,11558,1
2020-02-10,15:08:00.819000,11558,11559,11558,1
2020-02-10,15:08:00.819000,11558,11559,11558,2
2020-02-10,15:08:00.819000,11558,11559,11558,1
2020-02-10,15:08:00.967000,11557,11558,11558,1
2020-02-10,15:08:01.536000,11557,11558,11558,2
2020-02-10,15:08:02.307000,11557,11558,11557,4
2020-02-10,15:08:02.307000,11557,11558,11556,21
2020-02-10,15:08:02.937000,11556,11557,11557,1
2020-02-10,15:08:08.673000,11556,11557,11557,1
2020-02-10,15:08:08.675000,11556,11557,11557,6
2020-02-10,15:08:15.901000,11557,11558,11557,1
2020-02-10,15:08:16.414000,11557,11558,11557,3
2020-02-10,15:08:18.816000,11556,11557,11557,1
2020-02-10,15:08:26.722000,11557,11558,11557,1
2020-02-10,15:08:28.286000,11557,11558,11557,2
2020-02-10,15:08:29.140000,11557,11558,11557,1
2020-02-10,15:08:29.775000,11557,11558,11557,1
2020-02-10,15:08:34.306000,11557,11558,11557,1
2020-02-10,15:08:34.431000,11557,11558,11557,1
2020-02-10,15:08:37.854000,11557,11558,11557,1
2020-02-10,15:08:39.409000,11557,11558,11557,1
2020-02-10,15:08:41.421000,11557,11558,11557,2
2020-02-10,15:08:45.431000,11557,11558,11557,4
2020-02-10,15:08:46.356000,11557,11558,11557,4
2020-02-10,15:08:46.356000,11557,11558,11556,16
2020-02-10,15:08:47.168000,11556,11557,11556,1
2020-02-10,15:08:48.109000,11556,11557,11557,5
2020-02-10,15:08:48.900000,11557,11558,11557,1
2020-02-10,15:08:49.072000,11557,11558,11557,1
2020-02-10,15:08:52.070000,11557,11558,11557,1
2020-02-10,15:08:54.061000,11557,11558,11557,1
2020-02-10,15:09:02.374000,11557,11558,11558,23
2020-02-10,15:09:05.572000,11558,11559,11559,1
2020-02-10,15:09:10.012000,11558,11559,11559,1
2020-02-10,15:09:15.516000,11559,11560,11559,1
2020-02-10,15:09:16.734000,11558,11559,11559,1
2020-02-10,15:09:25.123000,11558,11559,11559,1
2020-02-10,15:09:29.235000,11558,11559,11559,1
2020-02-10,15:09:33.384000,11558,11559,11559,1
2020-02-10,15:09:35.224000,11558,11559,11559,1
2020-02-10,15:09:37.164000,11558,11559,11559,2
2020-02-10,15:09:43.049000,11558,11559,11559,2
2020-02-10,15:09:46.207000,11559,11560,11560,1
2020-02-10,15:09:46.377000,11559,11560,11560,1
2020-02-10,15:09:49.291000,11559,11560,11559,1
2020-02-10,15:09:54.216000,11559,11560,11559,1
2020-02-10,15:10:10.080000,11559,11560,11560,1
2020-02-10,15:10:11.016000,11559,11560,11559,2
2020-02-10,15:10:11.236000,11559,11560,11560,1
2020-02-10,15:10:11.338000,11559,11560,11559,2
2020-02-10,15:10:18.051000,11559,11560,11559,1
2020-02-10,15:10:18.051000,11559,11560,11559,1
2020-02-10,15:10:18.051000,11559,11560,11559,3
2020-02-10,15:10:18.052000,11559,11560,11559,2
2020-02-10,15:10:18.052000,11559,11560,11559,1
2020-02-10,15:10:18.053000,11559,11560,11559,1
2020-02-10,15:10:25.106000,11558,11559,11559,1
2020-02-10,15:10:26.821000,11558,11559,11558,1
2020-02-10,15:10:34.109000,11558,11559,11559,3
2020-02-10,15:10:38.660000,11559,11560,11559,1
2020-02-10,15:10:42.389000,11559,11560,11559,2
2020-02-10,15:10:44.835000,11559,11560,11559,2
2020-02-10,15:10:49.859000,11559,11560,11559,4
2020-02-10,15:10:54.145000,11558,11559,11558,1
2020-02-10,15:10:54.936000,11558,11559,11559,1
2020-02-10,15:11:03.178000,11558,11559,11559,3
2020-02-10,15:11:11.593000,11558,11559,11559,2
2020-02-10,15:11:12.465000,11558,11559,11559,1
2020-02-10,15:11:27.031000,11559,11560,11559,1
2020-02-10,15:11:27.031000,11559,11560,11559,1
2020-02-10,15:11:27.031000,11559,11560,11559,2
2020-02-10,15:11:27.031000,11559,11560,11559,1
2020-02-10,15:11:27.031000,11559,11560,11559,1
2020-02-10,15:11:37.779000,11558,11559,11559,1
2020-02-10,15:11:40.836000,11558,11559,11558,1
2020-02-10,15:11:45.769000,11558,11559,11558,1
2020-02-10,15:11:51.193000,11558,11559,11558,5
2020-02-10,15:11:51.195000,11558,11559,11558,1
2020-02-10,15:11:51.196000,11558,11559,11558,1
2020-02-10,15:11:51.196000,11558,11559,11558,2
2020-02-10,15:11:51.196000,11558,11559,11558,2
2020-02-10,15:11:51.196000,11558,11559,11558,1
2020-02-10,15:11:51.593000,11557,11558,11558,2
2020-02-10,15:11:52.198000,11557,11558,11557,2
2020-02-10,15:11:59.642000,11557,11558,11557,1
2020-02-10,15:12:00.856000,11557,11558,11557,3
2020-02-10,15:12:00.859000,11557,11558,11557,2
2020-02-10,15:12:04.470000,11556,11557,11557,1
2020-02-10,15:12:05.157000,11556,11557,11557,1
2020-02-10,15:12:06.693000,11556,11557,11557,1
2020-02-10,15:12:08.121000,11556,11557,11556,1
2020-02-10,15:12:16.065000,11556,11557,11556,1
2020-02-10,15:12:16.109000,11556,11557,11556,2
2020-02-10,15:12:21.682000,11555,11556,11556,1
2020-02-10,15:12:22.163000,11555,11556,11556,1
2020-02-10,15:12:22.837000,11555,11556,11556,3
2020-02-10,15:12:22.912000,11555,11557,11555,1
2020-02-10,15:12:23.031000,11555,11557,11555,1
2020-02-10,15:12:28.804000,11555,11556,11555,1
2020-02-10,15:12:29.468000,11555,11556,11556,2
2020-02-10,15:12:29.609000,11555,11556,11555,1
2020-02-10,15:12:29.619000,11555,11556,11555,1
2020-02-10,15:12:29.735000,11555,11556,11555,4
2020-02-10,15:12:29.859000,11555,11556,11555,6
2020-02-10,15:12:29.859000,11555,11556,11555,2
2020-02-10,15:12:29.984000,11555,11556,11555,1
2020-02-10,15:12:29.984000,11555,11556,11555,6
2020-02-10,15:12:29.984000,11555,11556,11555,2
2020-02-10,15:12:29.985000,11555,11556,11555,1
2020-02-10,15:12:29.985000,11555,11556,11555,5
2020-02-10,15:12:30.383000,11554,11555,11555,2
2020-02-10,15:12:30.720000,11554,11555,11555,1
2020-02-10,15:12:35.708000,11554,11555,11554,3
2020-02-10,15:12:40.924000,11554,11555,11554,2
2020-02-10,15:12:42.691000,11554,11555,11554,1
2020-02-10,15:12:43.361000,11554,11555,11554,1
2020-02-10,15:12:43.870000,11554,11555,11554,2
2020-02-10,15:12:44.608000,11554,11555,11554,1
2020-02-10,15:12:47.986000,11554,11555,11554,1
2020-02-10,15:12:48.180000,11554,11555,11554,1
2020-02-10,15:12:50.239000,11554,11555,11555,1
2020-02-10,15:12:51.206000,11554,11555,11554,1
2020-02-10,15:12:53.336000,11554,11555,11554,5
2020-02-10,15:12:53.380000,11554,11555,11554,5
2020-02-10,15:12:53.903000,11554,11555,11554,1
2020-02-10,15:12:53.984000,11554,11555,11554,2
2020-02-10,15:12:55.223000,11553,11554,11553,1
2020-02-10,15:12:55.376000,11553,11554,11553,1
2020-02-10,15:12:57.413000,11553,11554,11553,1
2020-02-10,15:12:57.484000,11553,11554,11553,3
2020-02-10,15:13:00.443000,11552,11553,11552,8
2020-02-10,15:13:00.444000,11552,11553,11552,9
2020-02-10,15:13:00.618000,11551,11552,11552,1
2020-02-10,15:13:02.015000,11551,11552,11551,1
2020-02-10,15:13:02.985000,11551,11552,11552,4
2020-02-10,15:13:04.296000,11552,11553,11552,1
2020-02-10,15:13:04.380000,11552,11553,11552,1
2020-02-10,15:13:05.359000,11551,11553,11551,18
2020-02-10,15:13:05.359000,11550,11551,11551,1
2020-02-10,15:13:05.359000,11550,11551,11551,1
2020-02-10,15:13:05.360000,11550,11551,11551,5
2020-02-10,15:13:05.388000,11550,11551,11550,1
2020-02-10,15:13:05.485000,11550,11552,11551,1
2020-02-10,15:13:05.485000,11550,11552,11551,1
2020-02-10,15:13:05.485000,11550,11552,11551,3
2020-02-10,15:13:05.610000,11550,11552,11551,1
2020-02-10,15:13:06.484000,11550,11552,11550,1
2020-02-10,15:13:06.986000,11550,11551,11551,2
2020-02-10,15:13:07.110000,11550,11551,11551,1
2020-02-10,15:13:07.323000,11550,11552,11550,1
2020-02-10,15:13:09.972000,11550,11551,11550,4
2020-02-10,15:13:11.744000,11550,11551,11551,1
2020-02-10,15:13:12.507000,11550,11551,11550,1
2020-02-10,15:13:12.753000,11550,11551,11551,1
2020-02-10,15:13:12.854000,11550,11551,11550,1
2020-02-10,15:13:14.370000,11550,11551,11550,1
2020-02-10,15:13:14.428000,11550,11551,11550,1
2020-02-10,15:13:17.344000,11550,11551,11551,2
2020-02-10,15:13:17.759000,11550,11551,11550,1
2020-02-10,15:13:19.072000,11550,11551,11551,1
2020-02-10,15:13:20.017000,11550,11551,11551,4
2020-02-10,15:13:20.641000,11551,11552,11551,1
2020-02-10,15:13:21.217000,11551,11552,11551,1
2020-02-10,15:13:21.226000,11551,11552,11552,2
2020-02-10,15:13:21.240000,11551,11552,11551,1
2020-02-10,15:13:22.910000,11551,11552,11551,1
2020-02-10,15:13:23.216000,11551,11552,11552,2
2020-02-10,15:13:28.915000,11552,11553,11552,3
2020-02-10,15:13:31.985000,11552,11553,11552,1
2020-02-10,15:13:38.592000,11552,11553,11552,1
2020-02-10,15:13:38.676000,11552,11553,11552,1
2020-02-10,15:13:38.817000,11552,11553,11552,1
2020-02-10,15:13:43.332000,11552,11553,11552,6
2020-02-10,15:13:45.810000,11551,11552,11551,1
2020-02-10,15:13:50.142000,11551,11552,11551,1
2020-02-10,15:13:51.774000,11551,11552,11551,1
2020-02-10,15:13:55.755000,11551,11552,11552,1
2020-02-10,15:13:55.906000,11551,11552,11551,2
2020-02-10,15:13:56.105000,11551,11552,11551,1
2020-02-10,15:13:57.863000,11551,11552,11552,1
2020-02-10,15:13:59.214000,11551,11552,11551,1
2020-02-10,15:13:59.366000,11551,11552,11552,2
2020-02-10,15:14:04.824000,11551,11552,11552,1
2020-02-10,15:14:04.943000,11551,11552,11551,2
2020-02-10,15:14:09.963000,11551,11552,11551,1
2020-02-10,15:14:13.234000,11551,11552,11552,12
2020-02-10,15:14:18.403000,11552,11553,11552,1
2020-02-10,15:14:24.609000,11552,11553,11552,1
2020-02-10,15:14:32.188000,11552,11553,11552,1
2020-02-10,15:14:35.649000,11552,11553,11553,1
2020-02-10,15:14:37.161000,11552,11553,11553,1
2020-02-10,15:14:40.800000,11552,11553,11553,1
2020-02-10,15:14:40.970000,11552,11553,11553,1
2020-02-10,15:14:42.305000,11552,11553,11553,2
2020-02-10,15:14:42.305000,11552,11553,11553,1
2020-02-10,15:14:42.305000,11552,11553,11553,1
2020-02-10,15:14:51.350000,11553,11554,11553,1
2020-02-10,15:14:58.591000,11553,11554,11554,1
2020-02-10,15:15:01.172000,11553,11554,11554,2
2020-02-10,15:15:01.686000,11553,11554,11553,1
2020-02-10,15:15:02.376000,11553,11554,11554,3
2020-02-10,15:15:15.596000,11553,11554,11554,3
2020-02-10,15:15:15.974000,11553,11554,11554,1
2020-02-10,15:15:19.320000,11554,11555,11554,7
2020-02-10,15:15:19.466000,11553,11554,11554,1
2020-02-10,15:15:19.609000,11553,11554,11554,2
2020-02-10,15:15:20.373000,11553,11554,11554,5
2020-02-10,15:15:20.846000,11554,11555,11555,14
2020-02-10,15:15:20.930000,11554,11556,11555,1
2020-02-10,15:15:23.296000,11555,11556,11556,1
2020-02-10,15:15:24.724000,11555,11556,11555,2
2020-02-10,15:15:24.724000,11555,11556,11554,18
2020-02-10,15:15:24.735000,11554,11555,11554,1
2020-02-10,15:15:24.914000,11554,11555,11555,1
2020-02-10,15:15:27.786000,11553,11555,11555,1
2020-02-10,15:15:28.824000,11554,11555,11554,1
2020-02-10,15:15:34.954000,11553,11554,11554,1
2020-02-10,15:15:36.615000,11554,11555,11554,1
2020-02-10,15:15:39.414000,11553,11554,11554,1
2020-02-10,15:15:44.531000,11553,11554,11553,1
2020-02-10,15:15:46.526000,11553,11554,11553,1
2020-02-10,15:15:51.355000,11553,11554,11553,1
2020-02-10,15:15:53.860000,11552,11553,11553,1
2020-02-10,15:15:55.419000,11552,11553,11553,1
2020-02-10,15:15:56.283000,11552,11553,11552,4
2020-02-10,15:15:58.322000,11552,11553,11552,1
2020-02-10,15:15:59.362000,11552,11553,11552,1
2020-02-10,15:16:05.609000,11552,11553,11553,3
2020-02-10,15:16:07.215000,11552,11554,11552,1
2020-02-10,15:16:14.249000,11553,11554,11553,1
2020-02-10,15:16:14.249000,11553,11554,11552,3
2020-02-10,15:16:27.232000,11552,11553,11552,4
2020-02-10,15:16:28.661000,11552,11553,11552,1
2020-02-10,15:16:30.777000,11552,11553,11552,2
2020-02-10,15:16:33.705000,11552,11553,11552,3
2020-02-10,15:16:33.972000,11552,11553,11552,3
2020-02-10,15:16:36.610000,11551,11552,11552,6
2020-02-10,15:16:36.610000,11551,11552,11552,6
2020-02-10,15:16:36.610000,11551,11552,11552,1
2020-02-10,15:16:36.735000,11551,11552,11552,3
2020-02-10,15:16:36.735000,11551,11552,11552,2
2020-02-10,15:16:36.735000,11551,11552,11552,1
2020-02-10,15:16:36.735000,11551,11552,11552,3
2020-02-10,15:16:36.735000,11551,11552,11552,2
2020-02-10,15:16:37.833000,11552,11553,11553,1
2020-02-10,15:16:58.574000,11552,11553,11552,1
2020-02-10,15:16:58.574000,11552,11553,11552,2
2020-02-10,15:16:58.576000,11552,11553,11552,2
2020-02-10,15:16:58.731000,11551,11553,11551,2
2020-02-10,15:16:58.738000,11551,11552,11551,4
2020-02-10,15:16:59.016000,11551,11552,11552,1
2020-02-10,15:17:05.149000,11551,11552,11552,1
2020-02-10,15:17:07.182000,11551,11553,11553,1
2020-02-10,15:17:10.913000,11552,11553,11552,1
2020-02-10,15:17:22.672000,11552,11553,11552,2
2020-02-10,15:17:22.672000,11552,11553,11551,2
2020-02-10,15:17:30.539000,11552,11553,11552,1
2020-02-10,15:17:34.707000,11552,11553,11552,1
2020-02-10,15:17:39.280000,11552,11553,11552,1
2020-02-10,15:17:44.390000,11552,11553,11553,1
2020-02-10,15:17:45.106000,11552,11553,11553,11
2020-02-10,15:17:45.109000,11552,11553,11553,24
2020-02-10,15:17:45.360000,11553,11554,11554,1
2020-02-10,15:17:47.684000,11553,11554,11554,1
2020-02-10,15:17:49.096000,11553,11554,11553,9
2020-02-10,15:17:51.503000,11552,11553,11553,1
2020-02-10,15:17:58.533000,11552,11553,11553,1
2020-02-10,15:18:00.610000,11552,11553,11553,1
2020-02-10,15:18:01.081000,11552,11553,11553,1
2020-02-10,15:18:02.737000,11552,11553,11553,1
2020-02-10,15:18:02.887000,11552,11553,11553,1
2020-02-10,15:18:07.174000,11552,11553,11553,1
2020-02-10,15:18:08.359000,11552,11553,11552,7
2020-02-10,15:18:13.016000,11551,11552,11552,1
2020-02-10,15:18:14.599000,11551,11552,11552,1
2020-02-10,15:18:16.109000,11552,11553,11552,1
2020-02-10,15:18:21.597000,11551,11552,11552,2
2020-02-10,15:18:22.744000,11551,11552,11552,1
2020-02-10,15:18:23.661000,11552,11553,11552,1
2020-02-10,15:18:23.734000,11552,11553,11552,1
2020-02-10,15:18:36.690000,11552,11553,11552,5
2020-02-10,15:18:36.690000,11552,11553,11551,7
2020-02-10,15:18:50.177000,11552,11553,11552,2
2020-02-10,15:18:54.694000,11551,11553,11551,2
2020-02-10,15:18:59.893000,11552,11553,11552,1
2020-02-10,15:19:04.468000,11552,11553,11552,1
2020-02-10,15:19:08.116000,11552,11553,11553,1
2020-02-10,15:19:15.520000,11552,11553,11553,1
2020-02-10,15:19:15.991000,11552,11553,11553,3
2020-02-10,15:19:17.802000,11552,11553,11552,1
2020-02-10,15:19:19.113000,11552,11553,11553,1
2020-02-10,15:19:19.383000,11552,11553,11553,5
2020-02-10,15:19:19.609000,11552,11553,11553,1
2020-02-10,15:19:24.818000,11553,11554,11553,2
2020-02-10,15:19:25.116000,11552,11553,11553,1
2020-02-10,15:19:26.999000,11552,11553,11552,2
2020-02-10,15:19:27.822000,11552,11553,11552,2
2020-02-10,15:19:30.008000,11552,11553,11552,1
2020-02-10,15:19:32.910000,11552,11553,11552,2
2020-02-10,15:19:37.495000,11551,11552,11551,4
2020-02-10,15:19:38.465000,11551,11552,11551,1
2020-02-10,15:19:38.543000,11551,11552,11551,7
2020-02-10,15:19:39.285000,11550,11551,11551,1
2020-02-10,15:19:39.333000,11550,11551,11550,1
2020-02-10,15:19:39.971000,11550,11552,11550,1
2020-02-10,15:19:40.185000,11551,11552,11551,1
2020-02-10,15:19:40.558000,11550,11551,11550,1
2020-02-10,15:19:41.198000,11550,11551,11550,1
2020-02-10,15:19:44.885000,11550,11551,11551,1
2020-02-10,15:19:49.498000,11550,11551,11551,5
2020-02-10,15:19:50.652000,11550,11551,11550,2
2020-02-10,15:19:55.830000,11550,11551,11550,1
2020-02-10,15:20:00.118000,11550,11551,11551,1
2020-02-10,15:20:01.005000,11550,11551,11551,1
2020-02-10,15:20:02.359000,11550,11551,11551,1
2020-02-10,15:20:02.719000,11550,11552,11550,2
2020-02-10,15:20:03.213000,11550,11552,11552,1
2020-02-10,15:20:03.859000,11551,11552,11551,1
2020-02-10,15:20:06.333000,11550,11552,11550,1
2020-02-10,15:20:06.359000,11551,11552,11551,1
2020-02-10,15:20:06.609000,11551,11552,11551,1
2020-02-10,15:20:09.978000,11550,11552,11550,1
2020-02-10,15:20:11.984000,11551,11552,11551,2
2020-02-10,15:20:12.838000,11550,11551,11550,1
2020-02-10,15:20:16.455000,11550,11551,11550,1
2020-02-10,15:20:18.589000,11550,11551,11550,4
2020-02-10,15:20:18.857000,11550,11551,11551,1
2020-02-10,15:20:19.009000,11550,11552,11551,1
2020-02-10,15:20:19.734000,11550,11551,11551,2
2020-02-10,15:20:19.800000,11550,11551,11552,1
2020-02-10,15:20:20.489000,11551,11553,11551,1
2020-02-10,15:20:20.544000,11551,11553,11553,1
2020-02-10,15:20:22.890000,11551,11553,11553,4
2020-02-10,15:20:22.943000,11551,11553,11552,1
2020-02-10,15:20:22.943000,11551,11553,11551,5
2020-02-10,15:20:24.410000,11551,11552,11551,1
2020-02-10,15:20:24.905000,11551,11552,11552,1
2020-02-10,15:20:25.450000,11551,11552,11551,1
2020-02-10,15:20:27.989000,11551,11552,11552,1
2020-02-10,15:20:28.881000,11551,11553,11553,1
2020-02-10,15:20:29.605000,11551,11553,11553,1
2020-02-10,15:20:29.610000,11551,11553,11551,1
2020-02-10,15:20:30.747000,11551,11552,11552,1
2020-02-10,15:20:30.882000,11551,11552,11552,1
2020-02-10,15:20:35.083000,11551,11552,11552,1
2020-02-10,15:20:37.966000,11551,11552,11551,1
2020-02-10,15:20:39.954000,11551,11552,11552,5
2020-02-10,15:20:42.644000,11551,11552,11552,1
2020-02-10,15:20:44.220000,11552,11553,11552,1
2020-02-10,15:20:52.697000,11551,11552,11552,1
2020-02-10,15:20:52.699000,11551,11552,11552,1
2020-02-10,15:20:52.699000,11551,11552,11552,2
2020-02-10,15:20:52.734000,11551,11552,11552,5
2020-02-10,15:20:54.485000,11552,11553,11553,2
2020-02-10,15:20:54.485000,11552,11553,11554,3
2020-02-10,15:21:01.014000,11553,11554,11554,1
2020-02-10,15:21:05.888000,11553,11554,11553,4
2020-02-10,15:21:06.218000,11553,11554,11554,2
2020-02-10,15:21:06.722000,11553,11554,11554,2
2020-02-10,15:21:07.612000,11553,11554,11554,1
2020-02-10,15:21:08.698000,11553,11554,11554,2
2020-02-10,15:21:09.310000,11553,11554,11554,2
2020-02-10,15:21:09.384000,11553,11554,11554,1
2020-02-10,15:21:09.742000,11553,11554,11554,1
2020-02-10,15:21:15.516000,11553,11554,11554,1
2020-02-10,15:21:16.720000,11553,11554,11554,2
2020-02-10,15:21:23.588000,11553,11554,11554,2
2020-02-10,15:21:26.818000,11553,11554,11554,1
2020-02-10,15:21:34.664000,11553,11554,11554,1
2020-02-10,15:21:36.316000,11553,11554,11554,4
2020-02-10,15:21:36.593000,11553,11554,11554,2
2020-02-10,15:21:38.026000,11553,11555,11553,1
2020-02-10,15:21:44.466000,11553,11554,11554,2
2020-02-10,15:21:46.468000,11553,11555,11555,1
2020-02-10,15:21:46.618000,11553,11555,11555,1
2020-02-10,15:21:46.853000,11553,11555,11553,23
2020-02-10,15:21:46.853000,11553,11555,11553,1
2020-02-10,15:21:46.860000,11552,11553,11553,2
2020-02-10,15:21:46.860000,11552,11553,11553,2
2020-02-10,15:21:49.210000,11553,11554,11554,1
2020-02-10,15:21:49.373000,11553,11554,11554,1
2020-02-10,15:21:55.455000,11553,11554,11554,1
2020-02-10,15:21:57.038000,11554,11555,11554,1
2020-02-10,15:22:02.929000,11554,11555,11554,1
2020-02-10,15:22:02.929000,11554,11555,11553,17
2020-02-10,15:22:02.985000,11553,11554,11553,4
2020-02-10,15:22:08.409000,11553,11554,11554,4
2020-02-10,15:22:08.410000,11553,11554,11554,4
2020-02-10,15:22:08.938000,11554,11555,11554,8
2020-02-10,15:22:11.713000,11554,11555,11554,6
2020-02-10,15:22:11.969000,11554,11555,11554,3
2020-02-10,15:22:13.514000,11553,11554,11554,1
2020-02-10,15:22:13.515000,11553,11554,11554,5
2020-02-10,15:22:17.636000,11554,11555,11555,1
2020-02-10,15:22:18.078000,11554,11555,11554,1
2020-02-10,15:22:20.757000,11554,11555,11555,15
2020-02-10,15:22:20.783000,11554,11555,11555,2
2020-02-10,15:22:20.808000,11554,11555,11555,2
2020-02-10,15:22:20.833000,11554,11555,11555,2
2020-02-10,15:22:20.859000,11554,11555,11555,1
2020-02-10,15:22:23.129000,11554,11555,11555,1
2020-02-10,15:22:24.415000,11554,11555,11555,8
2020-02-10,15:22:24.447000,11554,11555,11554,1
2020-02-10,15:22:26.456000,11555,11556,11555,1
2020-02-10,15:22:26.815000,11554,11555,11555,1
2020-02-10,15:22:27.177000,11554,11555,11555,1
2020-02-10,15:22:29.227000,11554,11555,11555,1
2020-02-10,15:22:31.133000,11554,11555,11555,1
2020-02-10,15:22:34.221000,11554,11555,11555,2
2020-02-10,15:22:37.053000,11555,11556,11556,1
2020-02-10,15:22:37.850000,11555,11556,11556,5
2020-02-10,15:22:38.148000,11555,11556,11556,1
2020-02-10,15:22:41.333000,11555,11556,11556,8
2020-02-10,15:22:41.333000,11555,11556,11557,12
2020-02-10,15:22:43.260000,11556,11557,11556,1
2020-02-10,15:22:46.225000,11556,11557,11557,1
2020-02-10,15:22:47.712000,11556,11557,11556,1
2020-02-10,15:22:48.830000,11556,11557,11557,1
2020-02-10,15:22:50.626000,11556,11557,11557,3
2020-02-10,15:22:51.364000,11557,11558,11557,1
2020-02-10,15:22:51.376000,11557,11558,11558,12
2020-02-10,15:22:51.468000,11557,11558,11558,1
2020-02-10,15:22:51.484000,11558,11559,11558,1
2020-02-10,15:22:52.772000,11558,11559,11559,1
2020-02-10,15:22:53.245000,11558,11559,11559,1
2020-02-10,15:22:53.246000,11558,11559,11559,4
2020-02-10,15:22:53.252000,11558,11559,11559,4
2020-02-10,15:22:53.254000,11558,11559,11559,6
2020-02-10,15:22:53.585000,11559,11560,11559,1
2020-02-10,15:22:58.975000,11559,11560,11560,1
2020-02-10,15:22:59.313000,11559,11560,11560,1
2020-02-10,15:22:59.562000,11559,11560,11560,2
2020-02-10,15:22:59.961000,11559,11560,11560,3
2020-02-10,15:23:01.024000,11559,11560,11560,2
2020-02-10,15:23:01.044000,11559,11560,11560,2
2020-02-10,15:23:02.051000,11559,11560,11560,5
2020-02-10,15:23:05.806000,11559,11561,11561,1
2020-02-10,15:23:05.867000,11559,11561,11559,4
2020-02-10,15:23:05.868000,11559,11561,11559,4
2020-02-10,15:23:05.868000,11559,11561,11559,1
2020-02-10,15:23:05.868000,11559,11561,11558,4
2020-02-10,15:23:05.868000,11559,11561,11558,4
2020-02-10,15:23:05.869000,11559,11561,11558,1
2020-02-10,15:23:05.870000,11559,11561,11558,12
2020-02-10,15:23:05.870000,11559,11561,11558,1
2020-02-10,15:23:05.880000,11559,11561,11558,4
2020-02-10,15:23:05.880000,11559,11561,11558,4
2020-02-10,15:23:05.881000,11559,11561,11558,1
2020-02-10,15:23:05.882000,11559,11561,11558,1
2020-02-10,15:23:05.882000,11559,11561,11558,4
2020-02-10,15:23:05.882000,11559,11561,11558,1
2020-02-10,15:23:05.882000,11559,11561,11558,6
2020-02-10,15:23:05.883000,11559,11561,11558,4
2020-02-10,15:23:05.883000,11559,11561,11558,2
2020-02-10,15:23:05.884000,11559,11561,11557,1
2020-02-10,15:23:05.884000,11559,11561,11557,4
2020-02-10,15:23:05.885000,11559,11561,11557,1
2020-02-10,15:23:05.893000,11559,11561,11557,1
2020-02-10,15:23:06.036000,11557,11559,11557,2
2020-02-10,15:23:06.059000,11557,11559,11557,3
2020-02-10,15:23:06.236000,11557,11558,11557,1
2020-02-10,15:23:06.360000,11556,11557,11557,1
2020-02-10,15:23:06.610000,11556,11557,11557,2
2020-02-10,15:23:06.674000,11556,11557,11558,1
2020-02-10,15:23:07.749000,11556,11558,11558,1
2020-02-10,15:23:08.049000,11556,11558,11558,1
2020-02-10,15:23:08.410000,11556,11558,11558,1
2020-02-10,15:23:09.914000,11556,11558,11558,1
2020-02-10,15:23:10.859000,11557,11558,11558,1
2020-02-10,15:23:12.872000,11558,11559,11559,1
2020-02-10,15:23:14.360000,11558,11559,11559,1
2020-02-10,15:23:14.360000,11558,11559,11559,3
2020-02-10,15:23:14.406000,11558,11559,11559,1
2020-02-10,15:23:14.411000,11558,11559,11559,1
2020-02-10,15:23:14.440000,11558,11559,11560,5
2020-02-10,15:23:14.768000,11559,11560,11560,2
2020-02-10,15:23:16.405000,11559,11561,11559,2
2020-02-10,15:23:16.579000,11559,11561,11561,1
2020-02-10,15:23:17.051000,11559,11561,11559,1
2020-02-10,15:23:19.758000,11559,11560,11559,4
2020-02-10,15:23:20.255000,11559,11560,11559,1
2020-02-10,15:23:21.500000,11559,11560,11560,1
2020-02-10,15:23:21.723000,11559,11561,11559,1
2020-02-10,15:23:22.061000,11559,11560,11559,6
2020-02-10,15:23:22.712000,11559,11560,11559,4
2020-02-10,15:23:24.734000,11559,11560,11559,1
2020-02-10,15:23:24.767000,11559,11560,11559,1
2020-02-10,15:23:26.837000,11559,11560,11560,1
2020-02-10,15:23:27.755000,11559,11560,11559,1
2020-02-10,15:23:30.598000,11559,11560,11560,1
2020-02-10,15:23:31.069000,11559,11560,11559,1
2020-02-10,15:23:32.447000,11558,11559,11559,1
2020-02-10,15:23:33.620000,11558,11559,11559,2
2020-02-10,15:23:33.620000,11558,11559,11560,2
2020-02-10,15:23:34.306000,11559,11560,11559,2
2020-02-10,15:23:34.379000,11559,11560,11558,5
2020-02-10,15:23:34.919000,11558,11560,11560,1
2020-02-10,15:23:35.063000,11558,11560,11560,5
2020-02-10,15:23:37.750000,11558,11560,11560,2
2020-02-10,15:23:41.001000,11558,11560,11560,1
2020-02-10,15:23:41.430000,11558,11560,11560,2
2020-02-10,15:23:42.212000,11559,11560,11560,1
2020-02-10,15:23:44.970000,11559,11560,11560,1
2020-02-10,15:23:47.818000,11559,11560,11560,1
2020-02-10,15:23:51.485000,11559,11560,11559,1
2020-02-10,15:24:02.812000,11559,11560,11560,2
2020-02-10,15:24:02.859000,11559,11560,11560,2
2020-02-10,15:24:12.722000,11560,11561,11561,1
2020-02-10,15:24:13.532000,11560,11561,11561,2
2020-02-10,15:24:13.616000,11560,11561,11561,1
2020-02-10,15:24:13.617000,11560,11561,11561,1
2020-02-10,15:24:13.617000,11560,11561,11561,1
2020-02-10,15:24:13.617000,11560,11561,11561,1
2020-02-10,15:24:13.618000,11560,11561,11561,2
2020-02-10,15:24:13.618000,11560,11561,11561,1
2020-02-10,15:24:13.620000,11560,11561,11561,1
2020-02-10,15:24:13.621000,11560,11561,11561,1
2020-02-10,15:24:13.621000,11560,11561,11561,1
2020-02-10,15:24:13.622000,11560,11561,11561,1
2020-02-10,15:24:18.218000,11560,11561,11560,1
2020-02-10,15:24:19.414000,11560,11561,11561,1
2020-02-10,15:24:27.152000,11560,11561,11561,1
2020-02-10,15:24:28.366000,11560,11561,11560,4
2020-02-10,15:24:29.907000,11560,11561,11560,4
2020-02-10,15:24:35.529000,11560,11561,11560,1
2020-02-10,15:24:37.028000,11560,11561,11560,2
2020-02-10,15:24:38.734000,11560,11561,11560,10
2020-02-10,15:24:38.734000,11560,11561,11560,1
2020-02-10,15:24:39.819000,11559,11560,11560,1
2020-02-10,15:24:42.524000,11559,11560,11560,1
2020-02-10,15:24:42.646000,11559,11560,11559,2
2020-02-10,15:24:43.859000,11559,11560,11559,2
2020-02-10,15:24:43.984000,11559,11560,11559,1
2020-02-10,15:24:49.878000,11559,11560,11559,1
2020-02-10,15:24:51.430000,11558,11559,11559,1
2020-02-10,15:25:01.717000,11558,11559,11559,2
2020-02-10,15:25:02.234000,11558,11559,11559,1
2020-02-10,15:25:02.369000,11558,11559,11559,2
2020-02-10,15:25:05.359000,11558,11559,11559,1
2020-02-10,15:25:05.395000,11558,11559,11559,3
2020-02-10,15:25:09.734000,11558,11559,11559,1
2020-02-10,15:25:09.859000,11558,11559,11559,1
2020-02-10,15:25:14.886000,11558,11560,11560,1
2020-02-10,15:25:25.854000,11559,11560,11559,1
2020-02-10,15:25:32.908000,11559,11560,11559,1
2020-02-10,15:25:37.349000,11559,11560,11559,1
2020-02-10,15:25:40.181000,11559,11560,11559,2
2020-02-10,15:25:45.909000,11559,11560,11560,1
2020-02-10,15:25:46.108000,11559,11560,11560,1
2020-02-10,15:25:48.370000,11559,11560,11559,3
2020-02-10,15:25:48.370000,11559,11560,11559,1
2020-02-10,15:25:48.470000,11559,11560,11559,1
2020-02-10,15:25:52.407000,11558,11559,11559,1
2020-02-10,15:25:57.577000,11558,11559,11559,1
2020-02-10,15:25:58.014000,11558,11559,11559,1
2020-02-10,15:26:22.065000,11558,11559,11559,1
2020-02-10,15:26:36.886000,11558,11559,11558,6
2020-02-10,15:26:36.984000,11558,11559,11558,11
2020-02-10,15:26:36.984000,11558,11559,11558,1
2020-02-10,15:26:36.984000,11558,11559,11558,2
2020-02-10,15:26:37.010000,11558,11559,11558,1
2020-02-10,15:26:37.110000,11558,11559,11558,2
2020-02-10,15:26:37.135000,11558,11559,11558,2
2020-02-10,15:26:37.160000,11558,11559,11558,2
2020-02-10,15:26:37.235000,11558,11559,11558,2
2020-02-10,15:26:37.260000,11558,11559,11558,2
2020-02-10,15:27:01.085000,11557,11558,11557,1
2020-02-10,15:27:02.529000,11557,11558,11558,11
2020-02-10,15:27:02.568000,11557,11558,11558,2
2020-02-10,15:27:03.527000,11558,11559,11559,6
2020-02-10,15:27:13.783000,11558,11559,11559,1
2020-02-10,15:27:13.802000,11558,11559,11559,1
2020-02-10,15:27:14.801000,11558,11560,11560,2
2020-02-10,15:27:23.868000,11558,11560,11560,3
2020-02-10,15:27:32.097000,11558,11560,11560,1
2020-02-10,15:27:41.724000,11558,11559,11559,1
2020-02-10,15:27:59.532000,11559,11560,11559,2
2020-02-10,15:28:02.982000,11559,11560,11559,2
2020-02-10,15:28:06.924000,11559,11560,11559,1
2020-02-10,15:28:14.791000,11559,11560,11559,1
2020-02-10,15:28:24.734000,11558,11559,11559,1
2020-02-10,15:28:27.734000,11558,11559,11559,1
2020-02-10,15:29:04.499000,11558,11559,11558,1
2020-02-10,15:29:08.912000,11558,11559,11558,2
2020-02-10,15:29:09.345000,11558,11559,11558,1
2020-02-10,15:29:09.680000,11558,11559,11558,1
2020-02-10,15:29:12.264000,11557,11558,11557,1
2020-02-10,15:29:12.449000,11557,11558,11558,1
2020-02-10,15:29:16.689000,11557,11558,11557,5
2020-02-10,15:29:22.739000,11557,11558,11557,1
2020-02-10,15:29:27.933000,11557,11558,11557,1
2020-02-10,15:29:29.354000,11557,11558,11558,1
2020-02-10,15:29:30.641000,11557,11558,11558,1
2020-02-10,15:29:31.123000,11558,11559,11559,11
2020-02-10,15:29:48.810000,11559,11560,11560,1
2020-02-10,15:29:49.733000,11559,11560,11560,10
2020-02-10,15:29:49.734000,11559,11560,11560,2
2020-02-10,15:29:49.734000,11559,11560,11560,2
2020-02-10,15:29:49.734000,11559,11560,11560,4
2020-02-10,15:29:49.860000,11559,11560,11560,2
2020-02-10,15:29:55.037000,11560,11561,11560,5
2020-02-10,15:29:58.582000,11559,11560,11559,1
2020-02-10,15:29:59.184000,11559,11560,11560,1
2020-02-10,15:30:08.859000,11559,11560,11559,1
2020-02-10,15:30:09.792000,11559,11560,11560,2
2020-02-10,15:30:13.522000,11559,11560,11560,1
2020-02-10,15:30:17.259000,11559,11560,11560,1
2020-02-10,15:30:46.158000,11559,11560,11560,10
2020-02-10,15:30:48.609000,11559,11560,11560,4
2020-02-10,15:30:48.734000,11559,11560,11560,3
2020-02-10,15:30:54.151000,11560,11561,11561,2
2020-02-10,15:30:54.151000,11560,11561,11561,4
2020-02-10,15:30:54.488000,11561,11562,11562,1
2020-02-10,15:30:54.609000,11561,11562,11562,4
2020-02-10,15:30:54.610000,11561,11562,11562,2
2020-02-10,15:30:54.610000,11561,11562,11562,1
2020-02-10,15:30:55.482000,11562,11563,11563,2
2020-02-10,15:30:55.482000,11562,11563,11563,3
2020-02-10,15:30:56.948000,11563,11564,11563,5
2020-02-10,15:30:57.927000,11563,11564,11563,1
2020-02-10,15:31:00.688000,11563,11564,11564,1
2020-02-10,15:31:00.776000,11563,11564,11564,1
2020-02-10,15:31:03.003000,11563,11564,11564,1
2020-02-10,15:31:06.296000,11563,11564,11564,1
2020-02-10,15:31:06.296000,11563,11564,11564,7
2020-02-10,15:31:06.296000,11563,11564,11564,1
2020-02-10,15:31:06.360000,11564,11565,11565,20
2020-02-10,15:31:06.413000,11564,11565,11565,1
2020-02-10,15:31:06.415000,11564,11565,11565,1
2020-02-10,15:31:06.610000,11565,11566,11566,4
2020-02-10,15:31:06.610000,11565,11566,11566,4
2020-02-10,15:31:07.222000,11565,11566,11566,2
2020-02-10,15:31:07.535000,11565,11566,11566,1
2020-02-10,15:31:07.745000,11565,11567,11567,1
2020-02-10,15:31:08.936000,11565,11567,11567,3
2020-02-10,15:31:10.151000,11565,11567,11567,1
2020-02-10,15:31:13.081000,11565,11566,11566,1
2020-02-10,15:31:13.561000,11565,11567,11567,1
2020-02-10,15:31:15.762000,11565,11566,11566,2
2020-02-10,15:31:15.762000,11565,11566,11567,1
2020-02-10,15:31:16.334000,11565,11566,11566,1
2020-02-10,15:31:16.334000,11565,11566,11567,1
2020-02-10,15:31:18.594000,11566,11567,11566,1
2020-02-10,15:31:19.895000,11566,11567,11567,1
2020-02-10,15:31:20.366000,11566,11567,11566,1
2020-02-10,15:31:20.398000,11566,11567,11566,1
2020-02-10,15:31:21.368000,11566,11567,11567,1
2020-02-10,15:31:27.141000,11566,11567,11567,1
2020-02-10,15:31:27.633000,11566,11567,11567,1
2020-02-10,15:31:30.129000,11566,11567,11567,1
2020-02-10,15:31:31.679000,11566,11567,11567,3
2020-02-10,15:31:32.992000,11566,11567,11567,1
2020-02-10,15:31:32.992000,11566,11567,11567,4
2020-02-10,15:31:32.993000,11566,11567,11567,1
2020-02-10,15:31:32.993000,11566,11567,11567,1
2020-02-10,15:31:32.993000,11566,11567,11567,2
2020-02-10,15:31:32.993000,11566,11567,11567,5
2020-02-10,15:31:32.993000,11566,11567,11567,3
2020-02-10,15:31:32.993000,11566,11567,11567,1
2020-02-10,15:31:32.994000,11566,11567,11567,2
2020-02-10,15:31:32.994000,11566,11567,11567,1
2020-02-10,15:31:32.994000,11566,11567,11567,1
2020-02-10,15:31:32.994000,11566,11567,11567,1
2020-02-10,15:31:32.994000,11566,11567,11567,1
2020-02-10,15:31:33.110000,11566,11567,11567,4
2020-02-10,15:31:33.110000,11566,11567,11567,4
2020-02-10,15:31:33.234000,11566,11567,11567,1
2020-02-10,15:31:33.483000,11567,11568,11567,4
2020-02-10,15:31:33.483000,11567,11568,11566,8
2020-02-10,15:31:33.956000,11567,11568,11568,2
2020-02-10,15:31:36.780000,11566,11567,11565,1
2020-02-10,15:31:36.902000,11565,11567,11567,1
2020-02-10,15:31:43.179000,11566,11567,11566,1
2020-02-10,15:31:45.148000,11565,11567,11565,2
2020-02-10,15:31:45.707000,11565,11567,11566,1
2020-02-10,15:31:49.032000,11565,11566,11566,3
2020-02-10,15:32:00.071000,11565,11566,11566,1
2020-02-10,15:32:21.185000,11566,11567,11566,1
2020-02-10,15:32:22.172000,11566,11567,11567,1
2020-02-10,15:32:22.242000,11566,11567,11567,1
2020-02-10,15:32:22.244000,11566,11567,11567,4
2020-02-10,15:32:22.250000,11566,11567,11567,1
2020-02-10,15:32:22.250000,11566,11567,11567,4
2020-02-10,15:32:22.250000,11566,11567,11568,2
2020-02-10,15:32:22.251000,11566,11567,11568,4
2020-02-10,15:32:22.251000,11566,11567,11568,1
2020-02-10,15:32:22.252000,11566,11567,11568,4
2020-02-10,15:32:22.252000,11566,11567,11568,1
2020-02-10,15:32:22.252000,11566,11567,11568,3
2020-02-10,15:32:22.253000,11566,11567,11568,5
2020-02-10,15:32:22.253000,11566,11567,11568,4
2020-02-10,15:32:22.254000,11566,11567,11568,1
2020-02-10,15:32:22.255000,11566,11567,11568,2
2020-02-10,15:32:22.257000,11566,11567,11568,1
2020-02-10,15:32:22.257000,11566,11567,11568,4
2020-02-10,15:32:22.259000,11566,11567,11568,1
2020-02-10,15:32:22.259000,11566,11567,11568,2
2020-02-10,15:32:22.259000,11566,11567,11568,4
2020-02-10,15:32:22.260000,11566,11567,11568,11
2020-02-10,15:32:22.260000,11566,11567,11568,4
2020-02-10,15:32:22.361000,11567,11568,11568,13
2020-02-10,15:32:22.361000,11567,11568,11568,2
2020-02-10,15:32:24.392000,11568,11569,11569,1
2020-02-10,15:32:24.487000,11568,11569,11569,3
2020-02-10,15:32:27.521000,11568,11569,11569,1
2020-02-10,15:32:29.182000,11568,11569,11569,1
2020-02-10,15:32:31.923000,11568,11569,11569,1
2020-02-10,15:32:32.801000,11568,11569,11569,1
2020-02-10,15:32:34.568000,11568,11569,11569,3
2020-02-10,15:32:34.620000,11568,11569,11569,1
2020-02-10,15:32:42.059000,11568,11569,11568,1
2020-02-10,15:32:43.270000,11568,11569,11569,2
2020-02-10,15:32:43.516000,11568,11569,11569,4
2020-02-10,15:32:47.446000,11568,11569,11569,1
2020-02-10,15:32:49.237000,11568,11569,11569,2
2020-02-10,15:32:49.876000,11568,11569,11568,1
2020-02-10,15:32:54.144000,11568,11569,11569,1
2020-02-10,15:32:56.604000,11568,11569,11568,7
2020-02-10,15:32:56.674000,11568,11569,11568,1
2020-02-10,15:32:56.733000,11568,11569,11568,1
2020-02-10,15:33:00.097000,11568,11569,11568,2
2020-02-10,15:33:17.733000,11568,11569,11568,1
2020-02-10,15:33:18.691000,11568,11569,11568,1
2020-02-10,15:33:21.660000,11568,11569,11569,1
2020-02-10,15:33:26.226000,11568,11569,11568,1
2020-02-10,15:33:26.428000,11568,11569,11569,2
2020-02-10,15:33:27.701000,11568,11569,11569,3
2020-02-10,15:33:28.130000,11568,11569,11569,1
2020-02-10,15:33:33.132000,11568,11569,11568,1
2020-02-10,15:33:35.079000,11568,11569,11569,1
2020-02-10,15:33:42.111000,11568,11569,11568,1
2020-02-10,15:33:42.439000,11568,11569,11568,7
2020-02-10,15:33:42.492000,11567,11568,11568,2
2020-02-10,15:33:43.406000,11567,11568,11567,2
2020-02-10,15:33:54.275000,11566,11567,11566,1
2020-02-10,15:34:11.675000,11566,11567,11566,2
2020-02-10,15:34:11.675000,11566,11567,11566,4
2020-02-10,15:34:11.713000,11566,11567,11566,2
2020-02-10,15:34:11.735000,11565,11566,11566,2
2020-02-10,15:34:11.837000,11565,11566,11566,1
2020-02-10,15:34:11.860000,11566,11567,11566,2
2020-02-10,15:34:12.466000,11565,11566,11566,1
2020-02-10,15:34:13.487000,11566,11567,11566,1
2020-02-10,15:34:14.316000,11565,11566,11566,1
2020-02-10,15:34:14.831000,11565,11566,11565,1
2020-02-10,15:34:16.883000,11565,11566,11566,2
2020-02-10,15:34:20.051000,11565,11567,11566,1
2020-02-10,15:34:20.428000,11565,11567,11565,14
2020-02-10,15:34:20.428000,11565,11567,11565,5
2020-02-10,15:34:20.428000,11565,11567,11565,4
2020-02-10,15:34:20.429000,11565,11567,11565,3
2020-02-10,15:34:24.596000,11564,11565,11564,1
2020-02-10,15:34:26.885000,11564,11565,11565,2
2020-02-10,15:34:28.370000,11564,11565,11564,1
2020-02-10,15:34:29.623000,11563,11565,11563,5
2020-02-10,15:34:35.188000,11563,11564,11563,1
2020-02-10,15:34:37.832000,11563,11564,11563,2
2020-02-10,15:34:38.234000,11563,11564,11563,1
2020-02-10,15:34:44.516000,11562,11563,11562,1
2020-02-10,15:34:44.953000,11562,11563,11562,5
2020-02-10,15:34:45.093000,11562,11563,11562,3
2020-02-10,15:34:55.850000,11561,11562,11562,1
2020-02-10,15:34:56.535000,11561,11563,11561,1
2020-02-10,15:34:59.484000,11561,11562,11562,1
2020-02-10,15:35:01.493000,11561,11562,11561,2
2020-02-10,15:35:01.958000,11560,11561,11560,2
2020-02-10,15:35:02.078000,11560,11561,11560,4
2020-02-10,15:35:02.301000,11559,11560,11559,29
2020-02-10,15:35:03.261000,11558,11559,11558,1
2020-02-10,15:35:08.610000,11558,11560,11558,1
2020-02-10,15:35:10.487000,11559,11560,11559,1
2020-02-10,15:35:12.334000,11559,11560,11559,1
2020-02-10,15:35:14.564000,11559,11560,11559,1
2020-02-10,15:35:18.304000,11559,11560,11559,1
2020-02-10,15:35:18.984000,11559,11560,11559,7
2020-02-10,15:35:22.968000,11559,11560,11559,1
2020-02-10,15:35:24.234000,11559,11560,11559,4
2020-02-10,15:35:32.086000,11558,11559,11559,1
2020-02-10,15:35:35.298000,11558,11559,11559,1
2020-02-10,15:35:45.234000,11558,11559,11559,1
2020-02-10,15:35:46.667000,11559,11560,11559,1
2020-02-10,15:35:47.790000,11559,11560,11559,2
2020-02-10,15:35:48.715000,11559,11560,11559,1
2020-02-10,15:35:49.384000,11559,11560,11559,1
2020-02-10,15:35:54.130000,11559,11560,11559,1
2020-02-10,15:35:59.537000,11559,11560,11560,4
2020-02-10,15:35:59.863000,11560,11561,11560,2
2020-02-10,15:36:01.264000,11560,11561,11560,1
2020-02-10,15:36:02.352000,11560,11561,11561,1
2020-02-10,15:36:09.932000,11561,11562,11561,1
2020-02-10,15:36:17.985000,11561,11562,11561,1
2020-02-10,15:36:19.823000,11560,11561,11561,1
2020-02-10,15:36:21.181000,11560,11561,11561,1
2020-02-10,15:36:26.283000,11560,11561,11561,2
2020-02-10,15:36:27.068000,11560,11562,11560,1
2020-02-10,15:36:43.056000,11560,11561,11561,1
2020-02-10,15:36:55.227000,11560,11561,11561,1
2020-02-10,15:37:05.439000,11561,11562,11562,5
2020-02-10,15:37:06.153000,11562,11563,11563,2
2020-02-10,15:37:06.153000,11562,11563,11563,4
2020-02-10,15:37:06.153000,11562,11563,11563,1
2020-02-10,15:37:06.179000,11562,11563,11563,1
2020-02-10,15:37:06.179000,11562,11563,11563,1
2020-02-10,15:37:06.181000,11562,11563,11563,1
2020-02-10,15:37:17.365000,11563,11564,11563,1
2020-02-10,15:37:47.653000,11563,11564,11564,1
2020-02-10,15:37:48.092000,11563,11564,11564,1
2020-02-10,15:37:50.215000,11563,11564,11564,1
2020-02-10,15:37:52.283000,11563,11564,11564,1
2020-02-10,15:38:05.568000,11564,11565,11564,8
2020-02-10,15:38:05.881000,11563,11565,11563,4
2020-02-10,15:38:06.407000,11563,11564,11563,2
2020-02-10,15:38:06.428000,11563,11564,11563,10
2020-02-10,15:38:11.714000,11563,11564,11563,1
2020-02-10,15:38:13.359000,11562,11563,11563,1
2020-02-10,15:38:24.443000,11563,11564,11564,1
2020-02-10,15:38:37.615000,11563,11564,11563,8
2020-02-10,15:38:44.919000,11563,11564,11564,3
2020-02-10,15:38:45.265000,11564,11565,11565,25
2020-02-10,15:38:45.358000,11564,11565,11565,1
2020-02-10,15:38:45.358000,11564,11565,11565,1
2020-02-10,15:38:45.358000,11564,11565,11565,1
2020-02-10,15:38:49.986000,11565,11566,11566,1
2020-02-10,15:38:50.335000,11565,11566,11565,9
2020-02-10,15:38:50.335000,11565,11566,11565,1
2020-02-10,15:38:53.196000,11565,11566,11566,1
2020-02-10,15:38:55.134000,11565,11566,11566,1
2020-02-10,15:38:57.806000,11565,11566,11566,1
2020-02-10,15:38:59.646000,11565,11566,11565,1
2020-02-10,15:39:00.358000,11565,11566,11565,1
2020-02-10,15:39:00.502000,11565,11566,11566,1
2020-02-10,15:39:00.962000,11565,11566,11566,1
2020-02-10,15:39:01.845000,11565,11566,11566,1
2020-02-10,15:39:01.859000,11565,11566,11566,1
2020-02-10,15:39:03.500000,11565,11566,11566,1
2020-02-10,15:39:03.647000,11565,11566,11566,2
2020-02-10,15:39:04.022000,11565,11566,11566,1
2020-02-10,15:39:06.232000,11565,11566,11566,5
2020-02-10,15:39:07.220000,11566,11567,11567,2
2020-02-10,15:39:10.597000,11566,11567,11567,1
2020-02-10,15:39:24.463000,11567,11568,11568,2
2020-02-10,15:39:25.096000,11567,11568,11568,2
2020-02-10,15:39:26.305000,11567,11568,11567,1
2020-02-10,15:39:34.397000,11567,11568,11568,1
2020-02-10,15:39:45.368000,11567,11568,11568,1
2020-02-10,15:39:45.368000,11567,11568,11568,10
2020-02-10,15:39:45.369000,11567,11568,11568,1
2020-02-10,15:39:45.369000,11567,11568,11568,1
2020-02-10,15:39:45.484000,11567,11568,11568,2
2020-02-10,15:39:47.292000,11568,11569,11569,2
2020-02-10,15:39:47.359000,11568,11569,11569,6
2020-02-10,15:39:47.359000,11568,11569,11569,3
2020-02-10,15:39:47.484000,11568,11569,11569,3
2020-02-10,15:39:47.484000,11568,11569,11569,10
2020-02-10,15:39:50.437000,11569,11570,11569,1
2020-02-10,15:39:54.895000,11569,11570,11569,1
2020-02-10,15:39:55.301000,11569,11570,11570,1
2020-02-10,15:39:55.581000,11569,11570,11569,1
2020-02-10,15:39:56.492000,11569,11570,11569,4
2020-02-10,15:39:57.967000,11569,11570,11569,1
2020-02-10,15:39:57.967000,11569,11570,11568,1
2020-02-10,15:39:59.249000,11569,11570,11570,8
2020-02-10,15:39:59.249000,11569,11570,11570,1
2020-02-10,15:40:01.014000,11569,11570,11570,3
2020-02-10,15:40:01.015000,11569,11570,11570,1
2020-02-10,15:40:01.027000,11569,11570,11570,5
2020-02-10,15:40:01.588000,11570,11571,11571,1
2020-02-10,15:40:01.967000,11570,11571,11571,4
2020-02-10,15:40:02.287000,11570,11571,11571,1
2020-02-10,15:40:02.340000,11570,11571,11571,2
2020-02-10,15:40:03.445000,11570,11571,11570,3
2020-02-10,15:40:07.915000,11570,11571,11570,1
2020-02-10,15:40:08.729000,11570,11571,11570,1
2020-02-10,15:40:09.966000,11570,11571,11571,4
2020-02-10,15:40:10.985000,11570,11571,11570,10
2020-02-10,15:40:12.450000,11569,11571,11569,4
2020-02-10,15:40:14.002000,11570,11571,11570,1
2020-02-10,15:40:14.028000,11570,11571,11571,14
2020-02-10,15:40:14.028000,11570,11571,11572,26
2020-02-10,15:40:14.110000,11570,11572,11571,3
2020-02-10,15:40:14.110000,11570,11572,11571,1
2020-02-10,15:40:14.110000,11570,11572,11571,1
2020-02-10,15:40:14.391000,11571,11572,11572,1
2020-02-10,15:40:14.657000,11571,11572,11572,1
2020-02-10,15:40:15.900000,11571,11572,11571,1
2020-02-10,15:40:20.937000,11570,11571,11570,1
2020-02-10,15:40:22.044000,11570,11571,11571,1
2020-02-10,15:40:22.125000,11570,11571,11571,1
2020-02-10,15:40:22.206000,11570,11571,11570,3
2020-02-10,15:40:22.986000,11569,11570,11569,1
2020-02-10,15:40:22.991000,11569,11570,11569,1
2020-02-10,15:40:23.023000,11569,11570,11569,1
2020-02-10,15:40:23.086000,11569,11570,11570,1
2020-02-10,15:40:23.420000,11569,11570,11570,1
2020-02-10,15:40:23.698000,11569,11570,11569,2
2020-02-10,15:40:24.878000,11569,11570,11569,1
2020-02-10,15:40:26.781000,11569,11570,11569,1
2020-02-10,15:40:29.357000,11568,11569,11569,1
2020-02-10,15:40:29.577000,11568,11569,11568,1
2020-02-10,15:40:30.539000,11568,11569,11568,1
2020-02-10,15:40:31.642000,11568,11569,11568,8
2020-02-10,15:40:33.443000,11567,11569,11567,1
2020-02-10,15:40:33.710000,11567,11568,11568,1
2020-02-10,15:40:34.455000,11568,11569,11568,1
2020-02-10,15:40:35.863000,11567,11569,11567,1
2020-02-10,15:40:38.391000,11568,11569,11568,1
2020-02-10,15:40:43.984000,11568,11569,11568,1
2020-02-10,15:40:49.438000,11567,11568,11568,1
2020-02-10,15:40:50.199000,11567,11568,11567,3
2020-02-10,15:40:51.045000,11567,11568,11567,1
2020-02-10,15:40:54.822000,11567,11568,11567,1
2020-02-10,15:40:57,11567,11568,11567,8
2020-02-10,15:41:11.463000,11566,11567,11566,4
2020-02-10,15:41:14.859000,11565,11566,11566,1
2020-02-10,15:41:15.444000,11565,11567,11567,1
2020-02-10,15:41:20.088000,11565,11566,11566,1
2020-02-10,15:41:25.767000,11565,11566,11566,1
2020-02-10,15:41:25.922000,11565,11566,11566,1
2020-02-10,15:41:33.241000,11565,11566,11566,2
2020-02-10,15:41:34.753000,11566,11567,11567,1
2020-02-10,15:41:54.014000,11567,11568,11567,1
2020-02-10,15:42:05.198000,11567,11568,11567,2
2020-02-10,15:42:05.688000,11567,11568,11568,1
2020-02-10,15:42:05.695000,11567,11568,11568,3
2020-02-10,15:42:18.837000,11568,11569,11568,1
2020-02-10,15:42:25.878000,11568,11569,11569,1
2020-02-10,15:42:25.902000,11568,11569,11569,4
2020-02-10,15:42:39.380000,11569,11570,11569,1
2020-02-10,15:42:54.023000,11569,11570,11570,1
2020-02-10,15:43:03.808000,11568,11569,11569,1
2020-02-10,15:43:15.946000,11568,11569,11569,1
2020-02-10,15:43:16.049000,11569,11570,11569,1
2020-02-10,15:43:19.988000,11568,11570,11570,1
2020-02-10,15:43:22.001000,11568,11569,11569,2
2020-02-10,15:43:23.370000,11568,11569,11569,1
2020-02-10,15:43:25.466000,11568,11569,11569,1
2020-02-10,15:43:29.244000,11568,11569,11569,1
2020-02-10,15:43:30.128000,11568,11570,11568,1
2020-02-10,15:43:30.747000,11568,11570,11570,1
2020-02-10,15:43:47.976000,11568,11569,11569,1
2020-02-10,15:43:48.302000,11568,11569,11568,1
2020-02-10,15:43:48.373000,11568,11569,11569,1
2020-02-10,15:43:52.708000,11568,11569,11569,2
2020-02-10,15:43:56.410000,11568,11569,11569,1
2020-02-10,15:44:00.734000,11568,11569,11568,7
2020-02-10,15:44:01.629000,11567,11568,11568,1
2020-02-10,15:44:03.963000,11567,11568,11568,1
2020-02-10,15:44:04.168000,11567,11568,11568,7
2020-02-10,15:44:08.216000,11567,11568,11568,1
2020-02-10,15:44:16.351000,11568,11569,11569,1
2020-02-10,15:44:16.713000,11568,11569,11568,1
2020-02-10,15:44:17.772000,11568,11569,11568,1
2020-02-10,15:44:20.811000,11567,11568,11567,3
2020-02-10,15:44:21.609000,11567,11568,11567,1
2020-02-10,15:44:26.842000,11566,11567,11566,1
2020-02-10,15:44:30.133000,11566,11567,11566,10
2020-02-10,15:44:43.625000,11566,11567,11566,1
2020-02-10,15:44:43.859000,11566,11567,11566,1
2020-02-10,15:44:47.319000,11566,11567,11566,1
2020-02-10,15:44:51.908000,11566,11567,11566,1
2020-02-10,15:44:59.971000,11565,11566,11566,1
2020-02-10,15:45:00.011000,11565,11566,11565,30
2020-02-10,15:45:00.708000,11565,11566,11566,1
2020-02-10,15:45:11.106000,11565,11566,11566,1
2020-02-10,15:45:21.275000,11565,11566,11565,2
2020-02-10,15:45:21.275000,11565,11566,11565,1
2020-02-10,15:45:21.359000,11565,11566,11565,1
2020-02-10,15:45:26.712000,11564,11565,11565,1
2020-02-10,15:45:26.977000,11564,11566,11565,2
2020-02-10,15:45:29.867000,11565,11566,11565,1
2020-02-10,15:45:35.763000,11564,11565,11565,1
2020-02-10,15:45:52.487000,11564,11565,11564,2
2020-02-10,15:45:52.972000,11564,11565,11564,1
2020-02-10,15:45:56.879000,11564,11565,11564,1
2020-02-10,15:46:08.292000,11564,11565,11564,1
2020-02-10,15:46:10.275000,11564,11565,11564,1
2020-02-10,15:46:12.339000,11564,11565,11564,1
2020-02-10,15:46:16.680000,11564,11565,11564,1
2020-02-10,15:46:24.155000,11564,11565,11565,1
2020-02-10,15:46:26.326000,11564,11565,11565,1
2020-02-10,15:46:26.330000,11564,11565,11565,1
2020-02-10,15:46:26.330000,11564,11565,11565,1
2020-02-10,15:46:26.330000,11564,11565,11565,5
2020-02-10,15:46:26.331000,11564,11565,11565,1
2020-02-10,15:46:27.677000,11565,11566,11565,1
2020-02-10,15:46:31.968000,11565,11566,11565,1
2020-02-10,15:46:37.503000,11565,11566,11565,5
2020-02-10,15:46:46.378000,11564,11565,11565,1
2020-02-10,15:46:48.459000,11564,11565,11564,1
2020-02-10,15:46:48.484000,11564,11565,11564,2
2020-02-10,15:46:49.561000,11563,11565,11565,3
2020-02-10,15:46:49.597000,11563,11565,11564,1
2020-02-10,15:46:50.734000,11563,11564,11563,3
2020-02-10,15:46:50.879000,11563,11564,11563,2
2020-02-10,15:46:54.041000,11562,11563,11563,1
2020-02-10,15:46:55.153000,11562,11563,11563,1
2020-02-10,15:46:57.082000,11562,11563,11562,2
2020-02-10,15:46:59.293000,11562,11563,11562,1
2020-02-10,15:46:59.293000,11562,11563,11562,11
2020-02-10,15:46:59.293000,11562,11563,11562,2
2020-02-10,15:46:59.293000,11562,11563,11562,1
2020-02-10,15:46:59.360000,11561,11562,11561,2
2020-02-10,15:46:59.360000,11561,11562,11561,7
2020-02-10,15:46:59.484000,11561,11562,11561,5
2020-02-10,15:47:00.362000,11560,11562,11562,1
2020-02-10,15:47:01.527000,11561,11562,11561,1
2020-02-10,15:47:07.575000,11561,11562,11561,1
2020-02-10,15:47:09.581000,11561,11562,11561,2
2020-02-10,15:47:10.304000,11560,11561,11561,1
2020-02-10,15:47:15.079000,11561,11562,11561,1
2020-02-10,15:47:16.641000,11561,11562,11562,1
2020-02-10,15:47:20.038000,11562,11563,11562,13
2020-02-10,15:47:32.533000,11561,11562,11562,1
2020-02-10,15:47:35.191000,11561,11563,11563,1
2020-02-10,15:47:47.734000,11562,11563,11563,2
2020-02-10,15:47:58.470000,11562,11563,11562,1
2020-02-10,15:48:04.106000,11562,11563,11562,13
2020-02-10,15:48:21.630000,11562,11563,11563,2
2020-02-10,15:48:22.492000,11562,11563,11562,1
2020-02-10,15:48:24.859000,11562,11563,11562,1
2020-02-10,15:48:37.236000,11562,11563,11562,2
2020-02-10,15:48:49.769000,11562,11563,11563,1
2020-02-10,15:48:49.863000,11562,11563,11563,1
2020-02-10,15:48:50.057000,11562,11564,11564,2
2020-02-10,15:48:51.622000,11563,11564,11563,1
2020-02-10,15:48:52.352000,11562,11563,11563,2
2020-02-10,15:48:54.968000,11562,11563,11563,1
2020-02-10,15:48:59.240000,11563,11564,11564,1
2020-02-10,15:49:01.820000,11563,11564,11563,1
2020-02-10,15:49:15.367000,11563,11565,11563,10
2020-02-10,15:49:15.367000,11563,11565,11563,1
2020-02-10,15:49:15.485000,11562,11563,11563,1
2020-02-10,15:49:15.485000,11562,11563,11563,1
2020-02-10,15:49:18.877000,11563,11564,11564,1
2020-02-10,15:49:26.587000,11564,11565,11565,4
2020-02-10,15:49:33.484000,11565,11566,11565,1
2020-02-10,15:49:40.883000,11564,11566,11564,6
2020-02-10,15:50:01.273000,11564,11565,11564,1
2020-02-10,15:50:01.273000,11564,11565,11564,2
2020-02-10,15:50:02.600000,11563,11565,11563,1
2020-02-10,15:50:04.874000,11563,11565,11565,1
2020-02-10,15:50:05.489000,11563,11565,11565,1
2020-02-10,15:50:09.986000,11564,11565,11564,6
2020-02-10,15:50:09.986000,11564,11565,11563,7
2020-02-10,15:50:33.609000,11564,11565,11564,1
2020-02-10,15:50:33.846000,11564,11565,11564,1
2020-02-10,15:50:44.725000,11563,11564,11563,3
2020-02-10,15:50:44.725000,11563,11564,11563,2
2020-02-10,15:50:44.725000,11563,11564,11563,9
2020-02-10,15:50:44.725000,11563,11564,11563,1
2020-02-10,15:50:44.726000,11563,11564,11563,3
2020-02-10,15:50:44.726000,11563,11564,11563,3
2020-02-10,15:50:44.770000,11562,11563,11562,3
2020-02-10,15:50:44.903000,11561,11562,11561,6
2020-02-10,15:50:45.188000,11561,11562,11562,1
2020-02-10,15:50:46.216000,11561,11562,11561,2
2020-02-10,15:50:53.373000,11561,11562,11561,2
2020-02-10,15:50:53.373000,11561,11562,11561,1
2020-02-10,15:50:53.373000,11561,11562,11561,1
2020-02-10,15:51:13.719000,11562,11563,11563,1
2020-02-10,15:51:25.003000,11563,11564,11563,1
2020-02-10,15:51:27.593000,11563,11564,11563,3
2020-02-10,15:51:27.840000,11562,11563,11563,2
2020-02-10,15:51:30.590000,11562,11563,11563,2
2020-02-10,15:51:39.748000,11562,11563,11562,1
2020-02-10,15:51:40.537000,11562,11563,11562,1
2020-02-10,15:51:41.287000,11562,11563,11562,1
2020-02-10,15:51:44.778000,11562,11563,11562,1
2020-02-10,15:51:47.666000,11561,11562,11562,1
2020-02-10,15:51:47.910000,11561,11562,11562,1
2020-02-10,15:52:04.962000,11562,11563,11563,1
2020-02-10,15:52:22.063000,11562,11563,11562,1
2020-02-10,15:52:22.490000,11562,11563,11563,2
2020-02-10,15:52:24.477000,11562,11563,11563,2
2020-02-10,15:52:29.767000,11563,11564,11563,1
2020-02-10,15:52:40.117000,11563,11564,11563,2
2020-02-10,15:52:40.117000,11563,11564,11563,1
2020-02-10,15:53:07.753000,11563,11564,11564,2
2020-02-10,15:53:13.080000,11563,11564,11563,39
2020-02-10,15:53:13.082000,11563,11564,11563,1
2020-02-10,15:53:13.082000,11563,11564,11563,1
2020-02-10,15:53:13.083000,11563,11564,11563,4
2020-02-10,15:53:13.083000,11563,11564,11563,1
2020-02-10,15:53:13.083000,11563,11564,11563,1
2020-02-10,15:53:13.083000,11563,11564,11563,1
2020-02-10,15:53:13.083000,11563,11564,11563,2
2020-02-10,15:53:13.083000,11563,11564,11563,7
2020-02-10,15:53:13.083000,11563,11564,11563,3
2020-02-10,15:53:13.083000,11563,11564,11563,6
2020-02-10,15:53:13.083000,11563,11564,11563,3
2020-02-10,15:53:13.083000,11563,11564,11563,1
2020-02-10,15:53:13.111000,11562,11563,11562,6
2020-02-10,15:53:13.111000,11562,11563,11562,1
2020-02-10,15:53:13.156000,11562,11563,11562,3
2020-02-10,15:53:13.574000,11561,11562,11561,1
2020-02-10,15:53:21.193000,11561,11563,11561,6
2020-02-10,15:53:22.604000,11561,11563,11561,1
2020-02-10,15:53:24.060000,11561,11563,11563,1
2020-02-10,15:53:31.207000,11562,11563,11563,3
2020-02-10,15:53:33.295000,11562,11563,11562,4
2020-02-10,15:53:41.590000,11562,11563,11563,1
2020-02-10,15:54:01.498000,11562,11563,11562,1
2020-02-10,15:54:05.292000,11562,11563,11562,5
2020-02-10,15:54:08.055000,11562,11563,11562,2
2020-02-10,15:54:15.119000,11562,11563,11562,1
2020-02-10,15:54:16.208000,11562,11563,11562,1
2020-02-10,15:54:18.703000,11562,11563,11562,1
2020-02-10,15:54:44.788000,11562,11563,11562,1
2020-02-10,15:54:48.549000,11562,11563,11562,1
2020-02-10,15:55:03.991000,11562,11563,11562,1
2020-02-10,15:55:04.124000,11561,11562,11561,5
2020-02-10,15:55:19.266000,11561,11562,11561,6
2020-02-10,15:55:27.151000,11561,11562,11561,1
2020-02-10,15:55:27.503000,11561,11562,11561,1
2020-02-10,15:55:27.503000,11561,11562,11561,4
2020-02-10,15:55:27.503000,11561,11562,11561,1
2020-02-10,15:55:33.793000,11560,11561,11560,1
2020-02-10,15:55:33.896000,11560,11561,11560,1
2020-02-10,15:55:33.930000,11560,11561,11560,1
2020-02-10,15:55:35.827000,11560,11561,11561,1
2020-02-10,15:55:35.828000,11560,11561,11561,2
2020-02-10,15:55:41.971000,11561,11562,11562,1
2020-02-10,15:55:43.839000,11561,11562,11562,1
2020-02-10,15:55:56.016000,11561,11562,11562,1
2020-02-10,15:55:57.522000,11561,11562,11561,1
2020-02-10,15:55:59.611000,11561,11562,11561,1
2020-02-10,15:56:05.182000,11561,11562,11561,2
2020-02-10,15:56:05.251000,11560,11561,11560,3
2020-02-10,15:56:05.386000,11560,11561,11560,1
2020-02-10,15:56:08.527000,11560,11561,11561,1
2020-02-10,15:56:09.362000,11560,11561,11560,1
2020-02-10,15:56:12.626000,11560,11561,11560,1
2020-02-10,15:56:13.739000,11560,11561,11561,1
2020-02-10,15:56:14.370000,11560,11561,11561,1
2020-02-10,15:56:14.875000,11560,11561,11561,1
2020-02-10,15:56:15.179000,11560,11561,11560,1
2020-02-10,15:56:20.456000,11560,11561,11560,3
2020-02-10,15:56:20.540000,11560,11561,11560,2
2020-02-10,15:56:20.540000,11560,11561,11560,3
2020-02-10,15:56:20.540000,11560,11561,11560,1
2020-02-10,15:56:20.542000,11560,11561,11560,2
2020-02-10,15:56:23.141000,11559,11560,11560,1
2020-02-10,15:56:28.503000,11559,11560,11559,3
2020-02-10,15:56:28.504000,11559,11560,11559,9
2020-02-10,15:56:28.732000,11559,11560,11559,1
2020-02-10,15:56:29.359000,11559,11560,11559,6
2020-02-10,15:56:38.729000,11558,11559,11558,2
2020-02-10,15:56:41.506000,11558,11559,11558,1
2020-02-10,15:56:41.535000,11558,11559,11558,1
2020-02-10,15:56:41.598000,11558,11559,11558,1
2020-02-10,15:56:43.747000,11558,11559,11558,3
2020-02-10,15:56:45.573000,11558,11559,11558,1
2020-02-10,15:56:57.554000,11558,11559,11558,4
2020-02-10,15:56:57.621000,11558,11559,11558,6
2020-02-10,15:56:59.447000,11557,11558,11557,1
2020-02-10,15:57:00.967000,11557,11558,11557,1
2020-02-10,15:57:02.125000,11557,11558,11557,2
2020-02-10,15:57:05.496000,11556,11557,11557,1
2020-02-10,15:57:07.013000,11556,11558,11556,27
2020-02-10,15:57:07.110000,11555,11556,11556,3
2020-02-10,15:57:07.292000,11555,11557,11555,1
2020-02-10,15:57:07.477000,11555,11557,11555,2
2020-02-10,15:57:07.487000,11555,11557,11555,2
2020-02-10,15:57:11.003000,11555,11557,11557,1
2020-02-10,15:57:12.781000,11556,11557,11557,1
2020-02-10,15:57:12.937000,11556,11557,11557,1
2020-02-10,15:57:13.235000,11557,11558,11557,3
2020-02-10,15:57:14.120000,11557,11558,11557,1
2020-02-10,15:57:14.223000,11557,11558,11558,1
2020-02-10,15:57:14.223000,11557,11558,11558,4
2020-02-10,15:57:14.235000,11558,11559,11558,11
2020-02-10,15:57:18.343000,11558,11559,11559,2
2020-02-10,15:57:19.338000,11558,11559,11558,1
2020-02-10,15:57:20.524000,11558,11559,11558,1
2020-02-10,15:57:22.822000,11558,11559,11558,2
2020-02-10,15:57:26.058000,11557,11558,11558,1
2020-02-10,15:57:30.939000,11557,11558,11557,1
2020-02-10,15:57:34.266000,11557,11558,11558,1
2020-02-10,15:57:37.644000,11557,11558,11558,5
2020-02-10,15:57:37.794000,11557,11559,11558,1
2020-02-10,15:57:47.319000,11558,11559,11558,2
2020-02-10,15:57:54.112000,11557,11558,11557,1
2020-02-10,15:57:57.889000,11557,11558,11557,2
2020-02-10,15:57:59.695000,11557,11558,11558,1
2020-02-10,15:58:01.918000,11557,11558,11557,1
2020-02-10,15:58:02.785000,11557,11558,11557,1
2020-02-10,15:58:05.252000,11557,11558,11558,1
2020-02-10,15:58:06.108000,11557,11558,11557,1
2020-02-10,15:58:06.493000,11557,11558,11557,1
2020-02-10,15:58:08.845000,11557,11558,11557,1
2020-02-10,15:58:14.538000,11557,11558,11558,1
2020-02-10,15:58:16.584000,11557,11558,11557,1
2020-02-10,15:58:23.902000,11557,11558,11558,34
2020-02-10,15:58:23.944000,11557,11558,11558,1
2020-02-10,15:58:24.675000,11558,11559,11558,1
2020-02-10,15:58:25.067000,11558,11559,11558,1
2020-02-10,15:58:27.312000,11558,11559,11559,1
2020-02-10,15:58:36.975000,11558,11559,11559,2
2020-02-10,15:58:37.652000,11558,11559,11559,10
2020-02-10,15:58:54.169000,11559,11560,11559,1
2020-02-10,15:59:08.449000,11559,11560,11559,1
2020-02-10,15:59:10.472000,11559,11560,11559,1
2020-02-10,15:59:17.357000,11558,11559,11558,1
2020-02-10,15:59:17.357000,11558,11559,11558,2
2020-02-10,15:59:17.358000,11558,11559,11558,1
2020-02-10,15:59:35.173000,11557,11558,11557,10
2020-02-10,15:59:35.173000,11557,11558,11556,20
2020-02-10,15:59:39.994000,11556,11557,11556,1
2020-02-10,15:59:42.237000,11556,11557,11556,1
2020-02-10,15:59:43.145000,11556,11557,11556,1
2020-02-10,15:59:44.157000,11556,11557,11556,1
2020-02-10,15:59:46.173000,11556,11557,11557,1
2020-02-10,15:59:46.454000,11556,11557,11556,1
2020-02-10,15:59:46.706000,11556,11557,11556,2
2020-02-10,15:59:56.864000,11556,11557,11556,1
2020-02-10,16:00:00.125000,11556,11557,11556,1
2020-02-10,16:00:00.125000,11556,11557,11556,5
2020-02-10,16:00:00.576000,11555,11556,11555,2
2020-02-10,16:00:00.576000,11555,11556,11555,13
2020-02-10,16:00:00.637000,11554,11556,11554,4
2020-02-10,16:00:00.669000,11554,11556,11554,2
2020-02-10,16:00:00.799000,11554,11555,11555,1
2020-02-10,16:00:00.812000,11554,11555,11554,1
2020-02-10,16:00:02.444000,11555,11556,11556,1
2020-02-10,16:00:02.904000,11555,11557,11555,2
2020-02-10,16:00:03.009000,11555,11557,11555,1
2020-02-10,16:00:05.412000,11556,11557,11557,14
2020-02-10,16:00:05.906000,11557,11558,11558,5
2020-02-10,16:00:06.778000,11558,11559,11559,3
2020-02-10,16:00:06.778000,11558,11559,11559,1
2020-02-10,16:00:07.618000,11559,11560,11560,1
2020-02-10,16:00:10.501000,11559,11560,11559,2
2020-02-10,16:00:10.735000,11558,11559,11558,1
2020-02-10,16:00:11.152000,11558,11559,11558,2
2020-02-10,16:00:18.448000,11557,11558,11558,1
2020-02-10,16:00:20.240000,11557,11558,11558,1
2020-02-10,16:00:21.364000,11557,11558,11557,1
2020-02-10,16:00:21.760000,11556,11557,11557,1
2020-02-10,16:00:23.433000,11556,11557,11556,1
2020-02-10,16:00:24.162000,11555,11557,11555,1
2020-02-10,16:00:31.484000,11556,11557,11556,1
2020-02-10,16:00:38.904000,11555,11556,11555,4
2020-02-10,16:00:43.726000,11555,11556,11555,3
2020-02-10,16:00:50.309000,11555,11556,11556,1
2020-02-10,16:00:53.472000,11556,11557,11556,1
2020-02-10,16:00:54.646000,11555,11556,11556,1
2020-02-10,16:01:01.861000,11555,11556,11556,1
2020-02-10,16:01:08.734000,11555,11556,11555,2
2020-02-10,16:01:09.484000,11555,11556,11555,4
2020-02-10,16:01:14.984000,11555,11556,11555,1
2020-02-10,16:01:19.370000,11554,11555,11555,1
2020-02-10,16:01:20.339000,11554,11555,11554,3
2020-02-10,16:01:20.606000,11553,11554,11554,1
2020-02-10,16:01:21.699000,11553,11554,11553,1
2020-02-10,16:01:21.699000,11553,11554,11553,2
2020-02-10,16:01:21.699000,11553,11554,11553,2
2020-02-10,16:01:21.994000,11552,11553,11553,12
2020-02-10,16:01:21.994000,11552,11553,11554,8
2020-02-10,16:01:22.210000,11553,11554,11553,1
2020-02-10,16:01:23.280000,11553,11554,11553,1
2020-02-10,16:01:23.280000,11553,11554,11552,28
2020-02-10,16:01:24.757000,11551,11553,11551,1
2020-02-10,16:01:25.115000,11551,11553,11552,1
2020-02-10,16:01:25.159000,11551,11553,11552,1
2020-02-10,16:01:25.309000,11552,11553,11552,18
2020-02-10,16:01:26.542000,11551,11553,11551,1
2020-02-10,16:01:27.179000,11551,11553,11551,1
2020-02-10,16:01:27.595000,11551,11552,11551,1
2020-02-10,16:01:27.597000,11551,11552,11551,1
2020-02-10,16:01:28.075000,11551,11552,11552,1
2020-02-10,16:01:28.504000,11551,11552,11551,1
2020-02-10,16:01:29.770000,11551,11552,11551,1
2020-02-10,16:01:29.904000,11551,11552,11552,2
2020-02-10,16:01:30.882000,11551,11552,11551,1
2020-02-10,16:01:31.885000,11551,11552,11551,2
2020-02-10,16:01:32.615000,11551,11552,11552,2
2020-02-10,16:01:33.376000,11551,11552,11551,1
2020-02-10,16:01:33.542000,11551,11552,11551,1
2020-02-10,16:01:33.542000,11551,11552,11550,2
2020-02-10,16:01:33.746000,11551,11552,11551,2
2020-02-10,16:01:33.825000,11551,11552,11551,2
2020-02-10,16:01:33.825000,11551,11552,11550,1
2020-02-10,16:01:33.949000,11550,11552,11550,1
2020-02-10,16:01:34.113000,11550,11552,11550,1
2020-02-10,16:01:34.780000,11550,11551,11551,1
2020-02-10,16:01:35.202000,11550,11551,11551,1
2020-02-10,16:01:35.513000,11551,11552,11552,1
2020-02-10,16:01:37.770000,11551,11552,11551,1
2020-02-10,16:01:43.161000,11550,11551,11551,1
2020-02-10,16:01:43.390000,11550,11551,11550,1
2020-02-10,16:01:43.662000,11550,11551,11550,4
2020-02-10,16:01:44.325000,11550,11551,11550,1
2020-02-10,16:01:44.739000,11550,11551,11550,1
2020-02-10,16:01:46.192000,11550,11551,11551,1
2020-02-10,16:01:47.832000,11550,11551,11550,1
2020-02-10,16:01:49.175000,11550,11551,11550,2
2020-02-10,16:01:52.330000,11550,11551,11550,1
2020-02-10,16:01:53.109000,11550,11551,11551,1
2020-02-10,16:01:54.576000,11550,11551,11551,1
2020-02-10,16:01:55.030000,11550,11551,11551,1
2020-02-10,16:01:56.271000,11550,11551,11551,4
2020-02-10,16:01:57.666000,11551,11552,11551,5
2020-02-10,16:01:58.983000,11551,11552,11551,1
2020-02-10,16:01:59.600000,11550,11551,11551,2
2020-02-10,16:02:01.610000,11550,11551,11551,2
2020-02-10,16:02:05.928000,11551,11552,11552,1
2020-02-10,16:02:06.234000,11551,11552,11552,2
2020-02-10,16:02:06.906000,11552,11553,11552,1
2020-02-10,16:02:07.117000,11551,11553,11553,5
2020-02-10,16:02:07.364000,11552,11553,11552,1
2020-02-10,16:02:09.588000,11552,11553,11553,2
2020-02-10,16:02:10.678000,11552,11553,11552,3
2020-02-10,16:02:11.552000,11552,11553,11553,1
2020-02-10,16:02:12.479000,11551,11553,11551,2
2020-02-10,16:02:12.634000,11551,11553,11551,2
2020-02-10,16:02:16.415000,11552,11553,11552,1
2020-02-10,16:02:20.840000,11552,11553,11553,5
2020-02-10,16:02:24.068000,11553,11554,11553,3
2020-02-10,16:02:28.106000,11553,11554,11554,6
2020-02-10,16:02:39.728000,11554,11555,11555,1
2020-02-10,16:02:39.746000,11554,11555,11554,1
2020-02-10,16:02:42.351000,11554,11555,11555,2
2020-02-10,16:02:42.457000,11554,11556,11555,1
2020-02-10,16:02:43.255000,11555,11556,11555,1
2020-02-10,16:02:47.655000,11555,11556,11556,2
2020-02-10,16:02:47.655000,11555,11556,11556,2
2020-02-10,16:02:58.040000,11556,11557,11556,1
2020-02-10,16:02:58.740000,11556,11557,11557,1
2020-02-10,16:03:00.709000,11556,11557,11557,1
2020-02-10,16:03:01.769000,11556,11557,11557,1
2020-02-10,16:03:03.885000,11556,11557,11557,1
2020-02-10,16:03:05.020000,11556,11557,11557,1
2020-02-10,16:03:12.859000,11556,11557,11557,2
2020-02-10,16:03:14.797000,11557,11558,11558,1
2020-02-10,16:03:16.810000,11557,11558,11558,1
2020-02-10,16:03:16.948000,11557,11558,11558,4
2020-02-10,16:03:16.948000,11557,11558,11558,1
2020-02-10,16:03:16.949000,11557,11558,11558,2
2020-02-10,16:03:16.949000,11557,11558,11558,4
2020-02-10,16:03:18.159000,11558,11559,11559,5
2020-02-10,16:03:20.145000,11558,11560,11558,1
2020-02-10,16:03:22.935000,11558,11559,11559,4
2020-02-10,16:03:22.935000,11558,11559,11560,1
2020-02-10,16:03:23.002000,11558,11560,11560,1
2020-02-10,16:03:26.377000,11558,11559,11559,1
2020-02-10,16:03:28.950000,11558,11559,11559,2
2020-02-10,16:03:31.790000,11558,11559,11559,5
2020-02-10,16:03:45.371000,11558,11559,11559,2
2020-02-10,16:03:46.508000,11558,11559,11559,1
2020-02-10,16:03:50.882000,11558,11559,11558,1
2020-02-10,16:03:56.734000,11558,11559,11559,5
2020-02-10,16:04:04.304000,11558,11559,11559,2
2020-02-10,16:04:04.899000,11558,11559,11558,1
2020-02-10,16:04:24.569000,11558,11559,11559,2
2020-02-10,16:04:24.569000,11558,11559,11559,4
2020-02-10,16:04:28.309000,11559,11560,11560,3
2020-02-10,16:04:28.310000,11559,11560,11560,2
2020-02-10,16:04:29.801000,11560,11561,11560,2
2020-02-10,16:04:41.410000,11560,11561,11560,1
2020-02-10,16:04:43.166000,11559,11560,11559,1
2020-02-10,16:04:46.900000,11558,11559,11559,1
2020-02-10,16:04:50.627000,11558,11559,11559,4
2020-02-10,16:04:55.784000,11559,11560,11559,2
2020-02-10,16:04:57.468000,11558,11559,11559,1
2020-02-10,16:05:00.263000,11558,11559,11558,2
2020-02-10,16:05:00.263000,11558,11559,11558,6
2020-02-10,16:05:00.990000,11557,11558,11557,1
2020-02-10,16:05:01.609000,11557,11558,11557,2
2020-02-10,16:05:02.929000,11556,11557,11557,1
2020-02-10,16:05:04.981000,11557,11558,11558,1
2020-02-10,16:05:05.806000,11557,11559,11557,2
2020-02-10,16:05:15.938000,11558,11559,11559,1
2020-02-10,16:05:17.138000,11559,11560,11559,2
2020-02-10,16:05:19.218000,11559,11560,11560,1
2020-02-10,16:05:19.433000,11560,11561,11561,1
2020-02-10,16:05:20.267000,11560,11561,11560,1
2020-02-10,16:05:20.363000,11560,11561,11561,1
2020-02-10,16:05:21.929000,11560,11561,11560,1
2020-02-10,16:05:23.767000,11560,11561,11561,3
2020-02-10,16:05:24.713000,11560,11561,11560,2
2020-02-10,16:05:27.796000,11560,11561,11561,1
2020-02-10,16:05:27.984000,11560,11561,11561,2
2020-02-10,16:05:28.118000,11561,11562,11562,1
2020-02-10,16:05:28.786000,11561,11562,11561,1
2020-02-10,16:05:29.291000,11561,11562,11562,3
2020-02-10,16:05:29.398000,11561,11562,11562,1
2020-02-10,16:05:29.540000,11561,11562,11562,1
2020-02-10,16:05:30.234000,11561,11563,11561,5
2020-02-10,16:05:44.609000,11560,11561,11561,3
2020-02-10,16:05:45.900000,11560,11562,11560,1
2020-02-10,16:05:58.006000,11559,11561,11559,1
2020-02-10,16:06:05.285000,11559,11561,11561,1
2020-02-10,16:06:12.295000,11560,11561,11561,1
2020-02-10,16:06:12.296000,11560,11561,11561,1
2020-02-10,16:06:12.457000,11560,11562,11561,1
2020-02-10,16:06:12.469000,11560,11562,11561,1
2020-02-10,16:06:21.518000,11561,11562,11562,4
2020-02-10,16:06:22.499000,11562,11563,11563,3
2020-02-10,16:06:22.523000,11562,11563,11563,1
2020-02-10,16:06:22.569000,11562,11563,11563,4
2020-02-10,16:06:22.609000,11562,11563,11563,1
2020-02-10,16:06:24.180000,11563,11564,11564,5
2020-02-10,16:06:24.280000,11564,11565,11565,2
2020-02-10,16:06:24.317000,11564,11565,11565,1
2020-02-10,16:06:24.444000,11564,11565,11565,1
2020-02-10,16:06:28.935000,11564,11565,11565,1
2020-02-10,16:06:29.046000,11564,11565,11565,1
2020-02-10,16:06:30.924000,11564,11565,11564,7
2020-02-10,16:06:33.899000,11563,11564,11564,1
2020-02-10,16:06:34.267000,11563,11564,11563,1
2020-02-10,16:06:35.391000,11563,11564,11564,1
2020-02-10,16:06:38.999000,11563,11564,11564,1
2020-02-10,16:06:42.976000,11563,11564,11564,2
2020-02-10,16:06:43.507000,11564,11565,11564,1
2020-02-10,16:06:55.525000,11563,11564,11563,12
2020-02-10,16:06:55.525000,11563,11564,11563,1
2020-02-10,16:06:57.289000,11562,11563,11562,1
2020-02-10,16:06:58.352000,11561,11563,11561,1
2020-02-10,16:06:59.090000,11561,11562,11561,2
2020-02-10,16:06:59.116000,11560,11562,11561,4
2020-02-10,16:06:59.116000,11560,11562,11562,1
2020-02-10,16:07:02.132000,11561,11562,11562,2
2020-02-10,16:07:10.497000,11562,11563,11563,1
2020-02-10,16:07:18.685000,11562,11563,11563,1
2020-02-10,16:07:24.694000,11562,11563,11562,1
2020-02-10,16:07:26.154000,11562,11563,11562,6
2020-02-10,16:07:29.821000,11561,11562,11562,1
2020-02-10,16:07:30.248000,11561,11562,11562,1
2020-02-10,16:07:31.998000,11561,11562,11561,2
2020-02-10,16:07:37.373000,11560,11562,11562,1
2020-02-10,16:07:40.793000,11560,11561,11561,2
2020-02-10,16:07:40.859000,11560,11561,11561,1
2020-02-10,16:07:43.007000,11561,11562,11561,1
2020-02-10,16:07:45.361000,11561,11562,11561,1
2020-02-10,16:07:46.440000,11560,11561,11560,1
2020-02-10,16:07:54.716000,11561,11562,11561,2
2020-02-10,16:07:54.716000,11561,11562,11560,3
2020-02-10,16:08:00.574000,11560,11561,11560,1
2020-02-10,16:08:01.664000,11560,11561,11560,1
2020-02-10,16:08:07.531000,11560,11561,11560,1
2020-02-10,16:08:09.596000,11560,11561,11561,1
2020-02-10,16:08:16.281000,11561,11562,11562,1
2020-02-10,16:08:21.407000,11562,11564,11564,1
2020-02-10,16:08:24.724000,11562,11563,11562,2
2020-02-10,16:08:28.668000,11561,11562,11562,1
2020-02-10,16:08:45.182000,11561,11562,11561,1
2020-02-10,16:08:49.991000,11561,11562,11561,3
2020-02-10,16:08:52.624000,11560,11561,11561,1
2020-02-10,16:09:00.237000,11560,11561,11560,7
2020-02-10,16:09:00.237000,11560,11561,11560,2
2020-02-10,16:09:00.378000,11559,11560,11559,4
2020-02-10,16:09:00.383000,11559,11560,11559,1
2020-02-10,16:09:02.788000,11559,11560,11559,6
2020-02-10,16:09:02.789000,11559,11560,11559,4
2020-02-10,16:09:02.859000,11559,11560,11559,3
2020-02-10,16:09:25.245000,11559,11560,11559,7
2020-02-10,16:09:28.858000,11559,11560,11559,10
2020-02-10,16:09:35.032000,11558,11559,11559,1
2020-02-10,16:09:38.349000,11558,11559,11559,2
2020-02-10,16:09:39.435000,11559,11560,11559,1
2020-02-10,16:09:44.841000,11559,11560,11560,3
2020-02-10,16:09:46.755000,11559,11561,11559,1
2020-02-10,16:09:58.581000,11560,11561,11560,2
2020-02-10,16:10:09.569000,11559,11560,11559,2
2020-02-10,16:10:20.245000,11558,11559,11559,1
2020-02-10,16:10:22.877000,11558,11559,11559,3
2020-02-10,16:10:23.220000,11559,11560,11559,1
2020-02-10,16:10:33.278000,11559,11560,11559,4
2020-02-10,16:10:50.323000,11558,11559,11559,6
2020-02-10,16:10:57.870000,11558,11559,11559,1
2020-02-10,16:11:20.190000,11559,11560,11559,1
2020-02-10,16:11:22.841000,11559,11560,11559,2
2020-02-10,16:11:23.552000,11558,11560,11558,7
2020-02-10,16:11:26.071000,11558,11559,11558,1
2020-02-10,16:11:26.276000,11558,11559,11558,7
2020-02-10,16:11:36.751000,11557,11558,11558,1
2020-02-10,16:11:38.828000,11557,11558,11558,1
2020-02-10,16:11:39.032000,11557,11558,11557,1
2020-02-10,16:11:41.115000,11557,11558,11557,1
2020-02-10,16:11:47.274000,11557,11558,11557,1
2020-02-10,16:12:05.450000,11557,11558,11557,1
2020-02-10,16:12:06.242000,11557,11558,11557,1
2020-02-10,16:12:20.320000,11557,11558,11557,1
2020-02-10,16:12:22.244000,11557,11558,11558,1
2020-02-10,16:12:28.069000,11557,11558,11558,1
2020-02-10,16:12:28.069000,11557,11558,11559,1
2020-02-10,16:12:31.705000,11557,11558,11558,1
2020-02-10,16:12:34.682000,11557,11558,11557,5
2020-02-10,16:12:35.792000,11556,11557,11556,3
2020-02-10,16:12:41.840000,11555,11556,11555,1
2020-02-10,16:12:42.111000,11555,11556,11556,5
2020-02-10,16:12:47.751000,11555,11556,11556,2
2020-02-10,16:13:03.704000,11556,11557,11557,5
2020-02-10,16:13:10.298000,11557,11558,11558,8
2020-02-10,16:13:10.359000,11557,11558,11558,2
2020-02-10,16:13:10.674000,11558,11559,11559,1
2020-02-10,16:13:12.801000,11559,11560,11560,1
2020-02-10,16:13:14.578000,11559,11560,11560,1
2020-02-10,16:13:14.578000,11559,11560,11560,1
2020-02-10,16:13:16.339000,11559,11561,11559,2
2020-02-10,16:13:26.669000,11559,11560,11560,1
2020-02-10,16:13:35.271000,11560,11561,11561,1
2020-02-10,16:13:35.271000,11560,11561,11561,4
2020-02-10,16:13:47.733000,11560,11561,11560,5
2020-02-10,16:13:49.510000,11558,11560,11558,2
2020-02-10,16:13:49.519000,11558,11560,11558,4
2020-02-10,16:14:01.521000,11559,11560,11560,1
2020-02-10,16:14:01.521000,11559,11560,11560,7
2020-02-10,16:14:02.888000,11560,11561,11560,1
2020-02-10,16:14:05.802000,11560,11561,11560,2
2020-02-10,16:14:07.758000,11559,11561,11561,2
2020-02-10,16:14:10.916000,11559,11561,11559,1
2020-02-10,16:14:25.410000,11559,11561,11561,2
2020-02-10,16:14:27.463000,11559,11561,11559,12
2020-02-10,16:14:51.941000,11560,11561,11560,1
2020-02-10,16:14:54.628000,11560,11561,11560,1
2020-02-10,16:14:56.740000,11560,11561,11561,1
2020-02-10,16:15:02.749000,11560,11561,11561,1
2020-02-10,16:15:09.885000,11560,11561,11561,1
2020-02-10,16:15:13.992000,11560,11561,11560,3
2020-02-10,16:15:24.774000,11559,11560,11560,1
2020-02-10,16:16:08.484000,11559,11560,11559,7
2020-02-10,16:16:08.485000,11559,11560,11559,2
2020-02-10,16:16:10.446000,11558,11559,11558,4
2020-02-10,16:16:15.985000,11557,11558,11557,2
2020-02-10,16:16:15.985000,11557,11558,11557,2
2020-02-10,16:16:16.234000,11556,11557,11556,4
2020-02-10,16:16:16.401000,11555,11556,11555,9
2020-02-10,16:16:16.402000,11555,11556,11555,12
2020-02-10,16:16:16.610000,11554,11555,11554,23
2020-02-10,16:16:16.661000,11554,11555,11554,1
2020-02-10,16:16:16.877000,11553,11554,11554,2
2020-02-10,16:16:16.879000,11553,11554,11554,1
2020-02-10,16:16:22.773000,11555,11556,11556,1
2020-02-10,16:16:23.026000,11555,11557,11556,1
2020-02-10,16:16:25.735000,11556,11557,11556,1
2020-02-10,16:16:32.356000,11556,11557,11556,3
2020-02-10,16:16:35.593000,11555,11557,11556,1
2020-02-10,16:16:39.446000,11556,11557,11556,1
2020-02-10,16:16:40.277000,11556,11557,11557,2
2020-02-10,16:16:59.170000,11557,11558,11557,5
2020-02-10,16:17:00.747000,11556,11557,11556,2
2020-02-10,16:17:00.825000,11556,11557,11557,8
2020-02-10,16:17:00.965000,11556,11558,11556,1
2020-02-10,16:17:01.082000,11556,11558,11558,1
2020-02-10,16:17:01.119000,11556,11558,11558,1
2020-02-10,16:17:01.152000,11556,11558,11556,1
2020-02-10,16:17:01.279000,11556,11558,11556,2
2020-02-10,16:17:03.707000,11556,11557,11557,1
2020-02-10,16:17:04.098000,11556,11558,11556,2
2020-02-10,16:17:06.109000,11556,11557,11557,1
2020-02-10,16:17:07.507000,11556,11558,11556,2
2020-02-10,16:17:12.594000,11557,11558,11558,3
2020-02-10,16:17:15.113000,11557,11558,11558,1
2020-02-10,16:17:20.616000,11557,11558,11557,1
2020-02-10,16:17:27.349000,11557,11558,11558,1
2020-02-10,16:17:38.087000,11556,11558,11558,1
2020-02-10,16:17:49.340000,11557,11558,11557,1
2020-02-10,16:17:50.718000,11556,11557,11557,1
2020-02-10,16:17:56.630000,11556,11557,11556,1
2020-02-10,16:18:03.696000,11555,11556,11556,1
2020-02-10,16:18:06.113000,11556,11557,11556,1
2020-02-10,16:18:12.302000,11556,11557,11557,11
2020-02-10,16:18:12.832000,11557,11558,11558,1
2020-02-10,16:18:15.023000,11558,11559,11559,2
2020-02-10,16:18:15.024000,11558,11559,11559,1
2020-02-10,16:18:15.109000,11558,11559,11559,1
2020-02-10,16:18:24.210000,11558,11559,11559,1
2020-02-10,16:18:24.356000,11558,11559,11559,1
2020-02-10,16:18:45.609000,11559,11560,11559,2
2020-02-10,16:18:50.040000,11558,11559,11558,3
2020-02-10,16:19:07.996000,11556,11557,11556,2
2020-02-10,16:19:07.996000,11556,11557,11556,3
2020-02-10,16:19:09.563000,11555,11556,11555,2
2020-02-10,16:19:09.996000,11555,11556,11555,16
2020-02-10,16:19:10.956000,11554,11555,11554,1
2020-02-10,16:19:10.956000,11554,11555,11554,9
2020-02-10,16:19:10.956000,11554,11555,11554,1
2020-02-10,16:19:10.956000,11554,11555,11554,2
2020-02-10,16:19:10.956000,11554,11555,11554,3
2020-02-10,16:19:10.956000,11554,11555,11554,1
2020-02-10,16:19:11.024000,11553,11554,11553,1
2020-02-10,16:19:11.031000,11553,11554,11553,5
2020-02-10,16:19:13.619000,11552,11553,11553,1
2020-02-10,16:19:15.196000,11553,11554,11554,2
2020-02-10,16:19:18.489000,11553,11554,11553,12
2020-02-10,16:19:19.547000,11553,11554,11553,1
2020-02-10,16:19:27.670000,11552,11553,11552,2
2020-02-10,16:19:31.798000,11552,11553,11552,1
2020-02-10,16:19:32.803000,11552,11553,11553,1
2020-02-10,16:19:33.149000,11552,11553,11552,8
2020-02-10,16:19:34.943000,11552,11553,11552,1
2020-02-10,16:19:36.241000,11551,11552,11552,1
2020-02-10,16:19:38.622000,11551,11552,11551,4
2020-02-10,16:19:38.783000,11551,11552,11552,1
2020-02-10,16:19:38.940000,11551,11553,11551,1
2020-02-10,16:19:39.136000,11551,11552,11551,2
2020-02-10,16:19:41.825000,11551,11552,11552,1
2020-02-10,16:19:42.521000,11552,11553,11552,1
2020-02-10,16:19:45.435000,11551,11552,11551,1
2020-02-10,16:19:48.609000,11551,11552,11552,2
2020-02-10,16:19:55.034000,11552,11554,11552,1
2020-02-10,16:19:57.909000,11552,11554,11554,1
2020-02-10,16:19:58.300000,11552,11554,11552,1
2020-02-10,16:20:02.257000,11552,11553,11553,1
2020-02-10,16:20:04.256000,11553,11554,11553,5
2020-02-10,16:20:05.246000,11553,11554,11553,1
2020-02-10,16:20:07.665000,11553,11554,11554,1
2020-02-10,16:20:07.924000,11553,11554,11554,3
2020-02-10,16:20:14.893000,11553,11554,11554,1
2020-02-10,16:20:16.268000,11552,11554,11552,1
2020-02-10,16:20:16.360000,11553,11554,11553,1
2020-02-10,16:20:23.984000,11553,11554,11554,1
2020-02-10,16:20:26.071000,11554,11555,11554,1
2020-02-10,16:20:32.756000,11554,11555,11554,1
2020-02-10,16:20:38.859000,11553,11554,11554,1
2020-02-10,16:20:40.877000,11553,11554,11553,3
2020-02-10,16:20:47.778000,11553,11554,11553,1
2020-02-10,16:20:56.610000,11553,11554,11553,1
2020-02-10,16:20:58.734000,11553,11554,11553,1
2020-02-10,16:20:58.734000,11553,11554,11553,6
2020-02-10,16:21:01.597000,11552,11553,11553,1
2020-02-10,16:21:01.964000,11553,11554,11553,1
2020-02-10,16:21:02.220000,11552,11554,11554,2
2020-02-10,16:21:03.248000,11552,11553,11553,1
2020-02-10,16:21:04.368000,11553,11554,11553,1
2020-02-10,16:21:04.874000,11553,11554,11553,1
2020-02-10,16:21:05.037000,11553,11554,11553,1
2020-02-10,16:21:08.079000,11553,11554,11553,1
2020-02-10,16:21:08.165000,11553,11554,11553,1
2020-02-10,16:21:08.298000,11553,11554,11553,1
2020-02-10,16:21:09.623000,11553,11554,11553,1
2020-02-10,16:21:11.472000,11553,11554,11553,1
2020-02-10,16:21:13.365000,11553,11554,11553,1
2020-02-10,16:21:13.508000,11553,11554,11553,1
2020-02-10,16:21:14.253000,11553,11554,11553,1
2020-02-10,16:21:14.402000,11553,11554,11554,7
2020-02-10,16:21:15.754000,11554,11555,11554,1
2020-02-10,16:21:23.371000,11554,11555,11554,4
2020-02-10,16:21:26.572000,11554,11555,11555,2
2020-02-10,16:21:26.682000,11555,11556,11556,2
2020-02-10,16:21:26.806000,11555,11556,11556,2
2020-02-10,16:21:29.528000,11554,11555,11554,6
2020-02-10,16:21:32.504000,11554,11555,11554,1
2020-02-10,16:21:43.727000,11554,11555,11554,1
2020-02-10,16:22:04.994000,11554,11555,11554,2
2020-02-10,16:22:08.853000,11554,11555,11554,4
2020-02-10,16:22:17.337000,11553,11554,11554,1
2020-02-10,16:22:19.275000,11553,11554,11553,2
2020-02-10,16:22:19.276000,11553,11554,11553,1
2020-02-10,16:22:19.295000,11553,11554,11553,2
2020-02-10,16:22:19.296000,11553,11554,11553,3
2020-02-10,16:22:19.296000,11553,11554,11553,1
2020-02-10,16:22:19.297000,11553,11554,11553,1
2020-02-10,16:22:19.364000,11552,11553,11552,1
2020-02-10,16:22:19.366000,11552,11553,11552,1
2020-02-10,16:22:19.484000,11552,11553,11552,1
2020-02-10,16:22:19.484000,11552,11553,11552,7
2020-02-10,16:22:24.785000,11552,11553,11552,2
2020-02-10,16:22:25.802000,11552,11553,11553,1
2020-02-10,16:22:26.995000,11552,11553,11553,1
2020-02-10,16:22:28.147000,11552,11553,11553,1
2020-02-10,16:22:31.564000,11552,11553,11553,1
2020-02-10,16:22:31.567000,11552,11553,11553,1
2020-02-10,16:22:36.457000,11553,11554,11553,1
2020-02-10,16:22:42.187000,11552,11553,11553,3
2020-02-10,16:22:42.197000,11552,11553,11553,1
2020-02-10,16:22:42.197000,11552,11553,11554,6
2020-02-10,16:22:46.647000,11552,11553,11552,2
2020-02-10,16:22:47.905000,11552,11553,11552,5
2020-02-10,16:22:50.609000,11552,11553,11552,10
2020-02-10,16:22:52.358000,11551,11552,11551,2
2020-02-10,16:22:52.980000,11551,11552,11551,2
2020-02-10,16:22:52.981000,11551,11552,11551,1
2020-02-10,16:22:52.983000,11551,11552,11551,1
2020-02-10,16:22:52.984000,11551,11552,11551,3
2020-02-10,16:22:52.984000,11551,11552,11551,7
2020-02-10,16:22:53.193000,11550,11551,11550,1
2020-02-10,16:22:53.203000,11550,11551,11550,5
2020-02-10,16:22:53.297000,11550,11551,11550,1
2020-02-10,16:22:53.437000,11550,11551,11550,1
2020-02-10,16:22:53.437000,11550,11551,11550,4
2020-02-10,16:22:53.438000,11550,11551,11550,2
2020-02-10,16:22:53.438000,11550,11551,11550,1
2020-02-10,16:22:53.438000,11550,11551,11550,1
2020-02-10,16:22:53.439000,11550,11551,11550,1
2020-02-10,16:22:53.439000,11550,11551,11550,1
2020-02-10,16:22:53.439000,11550,11551,11550,1
2020-02-10,16:22:53.439000,11550,11551,11550,3
2020-02-10,16:22:53.439000,11550,11551,11550,1
2020-02-10,16:22:53.439000,11550,11551,11550,3
2020-02-10,16:22:53.485000,11550,11551,11550,6
2020-02-10,16:22:53.485000,11550,11551,11550,4
2020-02-10,16:22:53.485000,11550,11551,11550,5
2020-02-10,16:22:53.485000,11550,11551,11550,5
2020-02-10,16:22:53.485000,11550,11551,11550,1
2020-02-10,16:22:53.693000,11549,11551,11549,1
2020-02-10,16:22:53.856000,11549,11550,11549,1
2020-02-10,16:22:53.894000,11549,11550,11549,1
2020-02-10,16:22:53.946000,11549,11550,11549,1
2020-02-10,16:22:54.009000,11549,11550,11549,1
2020-02-10,16:22:54.067000,11549,11550,11549,1
2020-02-10,16:22:54.280000,11549,11550,11549,2
2020-02-10,16:22:54.288000,11549,11550,11549,6
2020-02-10,16:22:54.535000,11548,11550,11548,2
2020-02-10,16:22:54.611000,11548,11549,11548,1
2020-02-10,16:22:54.705000,11548,11549,11548,1
2020-02-10,16:22:54.720000,11548,11549,11548,2
2020-02-10,16:22:54.961000,11548,11549,11548,1
2020-02-10,16:22:56.138000,11548,11549,11548,12
2020-02-10,16:22:57.093000,11547,11548,11547,2
2020-02-10,16:22:57.140000,11547,11548,11548,3
2020-02-10,16:22:57.246000,11547,11548,11547,2
2020-02-10,16:22:57.320000,11547,11548,11547,1
2020-02-10,16:22:57.332000,11547,11548,11547,2
2020-02-10,16:22:57.567000,11547,11548,11547,2
2020-02-10,16:22:57.905000,11547,11548,11548,1
2020-02-10,16:22:58.139000,11547,11548,11547,1
2020-02-10,16:23:00.292000,11547,11548,11547,1
2020-02-10,16:23:00.302000,11547,11548,11548,1
2020-02-10,16:23:00.789000,11547,11548,11547,1
2020-02-10,16:23:02.626000,11547,11548,11547,1
2020-02-10,16:23:04.074000,11547,11548,11548,1
2020-02-10,16:23:11.038000,11548,11549,11548,1
2020-02-10,16:23:11.102000,11548,11549,11548,3
2020-02-10,16:23:14.121000,11548,11549,11549,1
2020-02-10,16:23:15.262000,11548,11549,11548,1
2020-02-10,16:23:15.368000,11548,11549,11549,1
2020-02-10,16:23:15.830000,11548,11549,11549,4
2020-02-10,16:23:17.110000,11549,11550,11549,1
2020-02-10,16:23:18.486000,11549,11550,11549,1
2020-02-10,16:23:18.871000,11548,11549,11549,1
