2020-07-29,15:00:00.039000,12450,12451,12450,128
2020-07-29,15:00:00.040000,12450,12451,12451,1
2020-07-29,15:00:00.041000,12450,12451,12451,3
2020-07-29,15:00:00.049000,12450,12451,12452,16
2020-07-29,15:00:00.050000,12450,12451,12452,2
2020-07-29,15:00:00.050000,12450,12451,12452,12
2020-07-29,15:00:00.068000,12450,12453,12453,1
2020-07-29,15:00:00.129000,12450,12453,12453,12
2020-07-29,15:00:00.130000,12450,12453,12453,1
2020-07-29,15:00:00.162000,12450,12453,12454,2
2020-07-29,15:00:00.177000,12450,12453,12455,1
2020-07-29,15:00:00.235000,12450,12453,12452,1
2020-07-29,15:00:00.318000,12452,12455,12452,1
2020-07-29,15:00:00.320000,12452,12455,12452,1
2020-07-29,15:00:00.369000,12453,12454,12453,1
2020-07-29,15:00:00.372000,12453,12454,12453,1
2020-07-29,15:00:00.394000,12453,12454,12453,3
2020-07-29,15:00:00.395000,12453,12454,12454,1
2020-07-29,15:00:00.591000,12452,12454,12455,2
2020-07-29,15:00:00.599000,12452,12454,12455,2
2020-07-29,15:00:00.599000,12452,12454,12455,6
2020-07-29,15:00:00.638000,12454,12455,12454,1
2020-07-29,15:00:00.681000,12454,12455,12454,3
2020-07-29,15:00:00.706000,12454,12455,12454,1
2020-07-29,15:00:00.752000,12454,12455,12454,1
2020-07-29,15:00:00.752000,12454,12455,12453,1
2020-07-29,15:00:00.759000,12454,12455,12453,1
2020-07-29,15:00:00.802000,12454,12455,12453,4
2020-07-29,15:00:00.897000,12453,12455,12453,1
2020-07-29,15:00:00.929000,12453,12455,12454,1
2020-07-29,15:00:00.947000,12453,12455,12455,16
2020-07-29,15:00:00.990000,12453,12455,12453,1
2020-07-29,15:00:01.004000,12453,12455,12455,1
2020-07-29,15:00:01.014000,12453,12455,12453,8
2020-07-29,15:00:01.019000,12453,12455,12452,2
2020-07-29,15:00:01.023000,12453,12455,12451,2
2020-07-29,15:00:01.191000,12451,12453,12453,4
2020-07-29,15:00:01.201000,12451,12453,12454,5
2020-07-29,15:00:01.218000,12451,12453,12452,5
2020-07-29,15:00:01.218000,12451,12453,12451,6
2020-07-29,15:00:01.218000,12451,12453,12450,10
2020-07-29,15:00:01.321000,12450,12452,12450,4
2020-07-29,15:00:01.362000,12450,12452,12450,1
2020-07-29,15:00:01.693000,12450,12452,12450,3
2020-07-29,15:00:01.694000,12450,12452,12450,5
2020-07-29,15:00:01.696000,12450,12452,12449,4
2020-07-29,15:00:01.703000,12450,12452,12448,1
2020-07-29,15:00:01.783000,12448,12449,12448,8
2020-07-29,15:00:01.961000,12447,12448,12448,8
2020-07-29,15:00:01.962000,12447,12448,12447,1
2020-07-29,15:00:01.985000,12447,12448,12449,1
2020-07-29,15:00:01.988000,12447,12448,12449,4
2020-07-29,15:00:01.988000,12447,12448,12450,2
2020-07-29,15:00:01.988000,12447,12448,12451,1
2020-07-29,15:00:02.104000,12449,12451,12450,4
2020-07-29,15:00:02.122000,12450,12451,12451,2
2020-07-29,15:00:02.497000,12451,12452,12452,1
2020-07-29,15:00:02.967000,12452,12453,12452,4
2020-07-29,15:00:02.973000,12452,12453,12453,10
2020-07-29,15:00:03.034000,12452,12453,12452,1
2020-07-29,15:00:03.302000,12452,12454,12453,4
2020-07-29,15:00:03.302000,12452,12454,12452,2
2020-07-29,15:00:03.303000,12452,12454,12453,2
2020-07-29,15:00:03.430000,12452,12453,12453,1
2020-07-29,15:00:03.430000,12452,12453,12454,1
2020-07-29,15:00:03.433000,12452,12453,12454,1
2020-07-29,15:00:03.602000,12453,12455,12453,2
2020-07-29,15:00:03.715000,12453,12455,12453,1
2020-07-29,15:00:03.767000,12453,12454,12453,1
2020-07-29,15:00:03.894000,12453,12454,12454,2
2020-07-29,15:00:03.895000,12453,12454,12455,1
2020-07-29,15:00:04.014000,12454,12455,12455,1
2020-07-29,15:00:04.031000,12454,12455,12455,1
2020-07-29,15:00:04.031000,12454,12455,12455,1
2020-07-29,15:00:04.098000,12454,12455,12454,2
2020-07-29,15:00:04.363000,12454,12456,12454,2
2020-07-29,15:00:04.601000,12454,12456,12454,2
2020-07-29,15:00:04.714000,12454,12455,12455,4
2020-07-29,15:00:04.785000,12454,12456,12454,1
2020-07-29,15:00:05.310000,12454,12455,12454,1
2020-07-29,15:00:05.310000,12454,12455,12453,1
2020-07-29,15:00:05.316000,12454,12455,12452,1
2020-07-29,15:00:05.924000,12451,12453,12453,11
2020-07-29,15:00:06.106000,12451,12453,12453,10
2020-07-29,15:00:06.368000,12451,12453,12451,2
2020-07-29,15:00:06.447000,12451,12453,12452,3
2020-07-29,15:00:06.659000,12450,12452,12452,6
2020-07-29,15:00:07.027000,12452,12453,12452,1
2020-07-29,15:00:07.069000,12452,12453,12452,1
2020-07-29,15:00:07.099000,12452,12453,12452,3
2020-07-29,15:00:07.099000,12452,12453,12451,7
2020-07-29,15:00:07.099000,12452,12453,12450,15
2020-07-29,15:00:07.262000,12449,12451,12451,2
2020-07-29,15:00:07.879000,12451,12452,12453,1
2020-07-29,15:00:08.106000,12451,12453,12452,2
2020-07-29,15:00:08.288000,12452,12453,12453,1
2020-07-29,15:00:08.452000,12452,12454,12454,7
2020-07-29,15:00:08.455000,12452,12454,12454,1
2020-07-29,15:00:08.614000,12453,12455,12453,1
2020-07-29,15:00:09.427000,12452,12454,12452,1
2020-07-29,15:00:10.254000,12452,12454,12454,1
2020-07-29,15:00:11.190000,12451,12453,12452,4
2020-07-29,15:00:11.435000,12452,12453,12453,1
2020-07-29,15:00:11.606000,12452,12454,12452,1
2020-07-29,15:00:12.075000,12451,12452,12451,12
2020-07-29,15:00:12.116000,12450,12451,12450,1
2020-07-29,15:00:12.204000,12450,12451,12451,3
2020-07-29,15:00:12.204000,12450,12451,12452,7
2020-07-29,15:00:12.214000,12450,12451,12452,2
2020-07-29,15:00:12.343000,12450,12452,12452,4
2020-07-29,15:00:12.618000,12451,12453,12451,2
2020-07-29,15:00:13.494000,12451,12453,12453,10
2020-07-29,15:00:13.775000,12452,12454,12452,1
2020-07-29,15:00:14.187000,12451,12453,12451,2
2020-07-29,15:00:14.228000,12451,12453,12451,1
2020-07-29,15:00:14.366000,12451,12453,12453,1
2020-07-29,15:00:14.605000,12452,12454,12454,1
2020-07-29,15:00:14.675000,12452,12454,12454,7
2020-07-29,15:00:14.716000,12452,12454,12453,1
2020-07-29,15:00:14.814000,12453,12455,12453,1
2020-07-29,15:00:15.019000,12453,12455,12454,1
2020-07-29,15:00:15.405000,12453,12455,12454,6
2020-07-29,15:00:15.405000,12453,12455,12454,4
2020-07-29,15:00:15.445000,12453,12455,12453,1
2020-07-29,15:00:15.609000,12453,12455,12453,3
2020-07-29,15:00:15.620000,12454,12455,12455,1
2020-07-29,15:00:15.628000,12454,12455,12455,2
2020-07-29,15:00:15.629000,12454,12455,12455,3
2020-07-29,15:00:15.629000,12454,12455,12455,2
2020-07-29,15:00:15.638000,12454,12455,12456,1
2020-07-29,15:00:15.666000,12454,12455,12456,2
2020-07-29,15:00:15.695000,12454,12455,12456,1
2020-07-29,15:00:15.718000,12454,12455,12456,1
2020-07-29,15:00:15.851000,12454,12456,12456,4
2020-07-29,15:00:15.853000,12454,12456,12456,2
2020-07-29,15:00:16.729000,12454,12456,12454,1
2020-07-29,15:00:16.853000,12454,12455,12454,2
2020-07-29,15:00:16.991000,12454,12455,12454,2
2020-07-29,15:00:17.016000,12454,12455,12454,6
2020-07-29,15:00:17.016000,12454,12455,12455,5
2020-07-29,15:00:17.230000,12454,12456,12454,1
2020-07-29,15:00:19.584000,12453,12455,12453,1
2020-07-29,15:00:19.616000,12453,12454,12453,1
2020-07-29,15:00:19.697000,12453,12454,12454,2
2020-07-29,15:00:21.089000,12453,12454,12453,2
2020-07-29,15:00:21.604000,12452,12454,12454,1
2020-07-29,15:00:21.608000,12452,12454,12454,1
2020-07-29,15:00:21.681000,12452,12454,12454,1
2020-07-29,15:00:21.714000,12452,12454,12454,1
2020-07-29,15:00:22.716000,12452,12454,12454,5
2020-07-29,15:00:23.173000,12453,12455,12453,1
2020-07-29,15:00:23.904000,12453,12455,12455,9
2020-07-29,15:00:24.967000,12454,12455,12454,1
2020-07-29,15:00:25.177000,12454,12455,12454,1
2020-07-29,15:00:25.272000,12454,12455,12455,1
2020-07-29,15:00:25.388000,12454,12455,12455,2
2020-07-29,15:00:25.498000,12454,12456,12456,10
2020-07-29,15:00:26.580000,12455,12457,12455,1
2020-07-29,15:00:27.038000,12455,12457,12455,1
2020-07-29,15:00:27.340000,12455,12456,12455,1
2020-07-29,15:00:27.438000,12455,12457,12455,5
2020-07-29,15:00:27.793000,12454,12455,12455,1
2020-07-29,15:00:28.098000,12454,12455,12455,3
2020-07-29,15:00:28.506000,12454,12456,12455,1
2020-07-29,15:00:28.976000,12455,12456,12455,1
2020-07-29,15:00:29.634000,12454,12456,12454,1
2020-07-29,15:00:29.752000,12454,12456,12454,1
2020-07-29,15:00:30.069000,12454,12455,12455,1
2020-07-29,15:00:30.177000,12454,12455,12455,1
2020-07-29,15:00:31.665000,12454,12455,12455,7
2020-07-29,15:00:31.729000,12454,12455,12456,1
2020-07-29,15:00:31.804000,12454,12456,12454,1
2020-07-29,15:00:32.234000,12454,12456,12456,4
2020-07-29,15:00:32.747000,12455,12456,12456,2
2020-07-29,15:00:32.817000,12455,12456,12456,4
2020-07-29,15:00:33.101000,12455,12457,12455,2
2020-07-29,15:00:34.963000,12455,12456,12455,1
2020-07-29,15:00:35.302000,12455,12456,12456,1
2020-07-29,15:00:35.637000,12455,12456,12456,2
2020-07-29,15:00:35.639000,12455,12456,12457,3
2020-07-29,15:00:35.639000,12455,12456,12457,11
2020-07-29,15:00:36.092000,12456,12458,12456,1
2020-07-29,15:00:36.438000,12456,12457,12456,1
2020-07-29,15:00:37.138000,12456,12457,12456,1
2020-07-29,15:00:38.518000,12456,12457,12457,2
2020-07-29,15:00:38.521000,12456,12457,12457,1
2020-07-29,15:00:38.837000,12457,12458,12458,1
2020-07-29,15:00:38.837000,12457,12458,12458,4
2020-07-29,15:00:39.312000,12457,12458,12457,1
2020-07-29,15:00:39.422000,12457,12458,12458,5
2020-07-29,15:00:39.476000,12457,12458,12457,1
2020-07-29,15:00:39.529000,12457,12458,12458,6
2020-07-29,15:00:39.657000,12458,12459,12459,3
2020-07-29,15:00:39.658000,12458,12459,12459,4
2020-07-29,15:00:39.679000,12458,12459,12459,1
2020-07-29,15:00:39.706000,12458,12459,12459,5
2020-07-29,15:00:39.835000,12459,12460,12460,14
2020-07-29,15:00:40.323000,12460,12461,12460,1
2020-07-29,15:00:40.572000,12459,12461,12460,1
2020-07-29,15:00:40.693000,12460,12461,12461,1
2020-07-29,15:00:40.700000,12460,12461,12461,5
2020-07-29,15:00:40.756000,12460,12461,12461,1
2020-07-29,15:00:40.757000,12460,12461,12461,10
2020-07-29,15:00:40.757000,12460,12461,12461,1
2020-07-29,15:00:40.907000,12461,12462,12462,6
2020-07-29,15:00:41.019000,12461,12463,12463,1
2020-07-29,15:00:41.046000,12461,12463,12461,1
2020-07-29,15:00:41.156000,12461,12463,12463,1
2020-07-29,15:00:41.256000,12461,12463,12463,1
2020-07-29,15:00:41.283000,12461,12463,12464,1
2020-07-29,15:00:41.466000,12461,12464,12461,5
2020-07-29,15:00:41.505000,12461,12463,12461,2
2020-07-29,15:00:41.536000,12461,12463,12462,4
2020-07-29,15:00:42.224000,12460,12462,12462,1
2020-07-29,15:00:42.301000,12460,12462,12462,1
2020-07-29,15:00:42.309000,12460,12462,12462,2
2020-07-29,15:00:42.375000,12460,12462,12462,1
2020-07-29,15:00:42.741000,12460,12461,12460,1
2020-07-29,15:00:42.792000,12460,12461,12460,1
2020-07-29,15:00:43.104000,12459,12460,12460,1
2020-07-29,15:00:43.695000,12459,12460,12460,1
2020-07-29,15:00:43.757000,12459,12460,12460,1
2020-07-29,15:00:43.944000,12459,12460,12460,7
2020-07-29,15:00:44.067000,12459,12461,12459,1
2020-07-29,15:00:44.080000,12459,12461,12459,1
2020-07-29,15:00:44.205000,12459,12461,12461,1
2020-07-29,15:00:44.858000,12459,12461,12461,1
2020-07-29,15:00:45.019000,12459,12461,12460,1
2020-07-29,15:00:45.069000,12459,12461,12461,1
2020-07-29,15:00:45.102000,12459,12461,12461,6
2020-07-29,15:00:45.367000,12459,12461,12459,5
2020-07-29,15:00:45.428000,12459,12461,12460,2
2020-07-29,15:00:46.098000,12458,12460,12460,1
2020-07-29,15:00:46.270000,12458,12460,12460,4
2020-07-29,15:00:46.397000,12459,12461,12461,6
2020-07-29,15:00:47.294000,12461,12462,12462,1
2020-07-29,15:00:47.462000,12461,12462,12462,8
2020-07-29,15:00:47.464000,12461,12462,12462,1
2020-07-29,15:00:47.464000,12461,12462,12462,1
2020-07-29,15:00:47.464000,12461,12462,12462,2
2020-07-29,15:00:47.464000,12461,12462,12462,1
2020-07-29,15:00:47.914000,12462,12463,12463,1
2020-07-29,15:00:47.933000,12462,12463,12463,4
2020-07-29,15:00:47.933000,12462,12463,12463,1
2020-07-29,15:00:48.008000,12461,12463,12461,1
2020-07-29,15:00:48.040000,12461,12463,12462,1
2020-07-29,15:00:48.287000,12461,12462,12461,2
2020-07-29,15:00:48.599000,12459,12461,12461,2
2020-07-29,15:00:48.920000,12460,12461,12461,1
2020-07-29,15:00:49.346000,12460,12462,12462,3
2020-07-29,15:00:49.564000,12460,12462,12460,5
2020-07-29,15:00:49.701000,12459,12461,12461,1
2020-07-29,15:00:49.900000,12459,12461,12461,4
2020-07-29,15:00:49.900000,12459,12461,12461,1
2020-07-29,15:00:50.553000,12459,12461,12461,1
2020-07-29,15:00:50.869000,12459,12461,12459,2
2020-07-29,15:00:51.509000,12458,12460,12460,2
2020-07-29,15:00:52.159000,12459,12460,12460,1
2020-07-29,15:00:52.365000,12459,12460,12460,1
2020-07-29,15:00:52.365000,12459,12460,12461,1
2020-07-29,15:00:53.075000,12460,12461,12461,1
2020-07-29,15:00:53.665000,12461,12462,12461,1
2020-07-29,15:00:54.361000,12461,12462,12461,1
2020-07-29,15:00:54.458000,12460,12462,12459,5
2020-07-29,15:00:55.137000,12459,12460,12460,2
2020-07-29,15:00:55.429000,12459,12461,12459,1
2020-07-29,15:00:57.219000,12459,12460,12459,1
2020-07-29,15:00:57.293000,12459,12460,12459,14
2020-07-29,15:00:57.314000,12459,12460,12459,1
2020-07-29,15:00:57.979000,12458,12459,12459,1
2020-07-29,15:00:58.285000,12458,12459,12459,4
2020-07-29,15:00:58.285000,12458,12459,12459,1
2020-07-29,15:00:58.760000,12458,12459,12458,4
2020-07-29,15:00:58.766000,12458,12459,12459,1
2020-07-29,15:00:59.130000,12457,12459,12458,1
2020-07-29,15:00:59.669000,12457,12459,12459,2
2020-07-29,15:00:59.775000,12457,12459,12459,1
2020-07-29,15:00:59.826000,12457,12459,12459,1
2020-07-29,15:00:59.861000,12457,12459,12457,5
2020-07-29,15:01:00.001000,12456,12458,12458,2
2020-07-29,15:01:00.015000,12456,12458,12458,1
2020-07-29,15:01:00.160000,12457,12458,12458,1
2020-07-29,15:01:00.160000,12457,12458,12458,1
2020-07-29,15:01:00.336000,12457,12459,12459,1
2020-07-29,15:01:01.106000,12458,12459,12459,1
2020-07-29,15:01:01.275000,12458,12460,12458,5
2020-07-29,15:01:01.369000,12458,12460,12460,1
2020-07-29,15:01:01.369000,12458,12460,12460,1
2020-07-29,15:01:01.371000,12458,12460,12460,1
2020-07-29,15:01:01.371000,12458,12460,12460,1
2020-07-29,15:01:01.374000,12458,12460,12461,1
2020-07-29,15:01:01.374000,12458,12460,12461,1
2020-07-29,15:01:01.374000,12458,12460,12461,1
2020-07-29,15:01:01.376000,12458,12460,12461,1
2020-07-29,15:01:01.391000,12458,12460,12461,1
2020-07-29,15:01:01.393000,12458,12460,12461,1
2020-07-29,15:01:01.394000,12458,12460,12461,3
2020-07-29,15:01:01.394000,12458,12460,12462,2
2020-07-29,15:01:01.401000,12458,12460,12462,2
2020-07-29,15:01:01.402000,12458,12460,12462,2
2020-07-29,15:01:01.402000,12458,12460,12462,11
2020-07-29,15:01:01.403000,12458,12460,12462,3
2020-07-29,15:01:01.403000,12458,12460,12463,1
2020-07-29,15:01:01.420000,12458,12460,12462,1
2020-07-29,15:01:01.420000,12458,12460,12461,1
2020-07-29,15:01:01.843000,12460,12462,12462,1
2020-07-29,15:01:01.843000,12460,12462,12462,1
2020-07-29,15:01:01.843000,12460,12462,12462,1
2020-07-29,15:01:02.104000,12460,12462,12460,1
2020-07-29,15:01:02.354000,12459,12461,12459,1
2020-07-29,15:01:03.586000,12459,12461,12460,1
2020-07-29,15:01:03.936000,12459,12461,12461,1
2020-07-29,15:01:04.623000,12460,12461,12461,1
2020-07-29,15:01:04.816000,12460,12462,12460,5
2020-07-29,15:01:05.200000,12459,12461,12461,1
2020-07-29,15:01:05.449000,12460,12462,12460,5
2020-07-29,15:01:06.279000,12459,12460,12460,2
2020-07-29,15:01:06.673000,12460,12461,12460,1
2020-07-29,15:01:06.785000,12460,12461,12460,1
2020-07-29,15:01:06.885000,12460,12461,12460,1
2020-07-29,15:01:07.340000,12460,12461,12461,5
2020-07-29,15:01:07.523000,12460,12462,12462,5
2020-07-29,15:01:07.587000,12460,12462,12461,1
2020-07-29,15:01:09.606000,12460,12461,12461,3
2020-07-29,15:01:09.606000,12460,12461,12462,4
2020-07-29,15:01:09.606000,12460,12461,12463,1
2020-07-29,15:01:09.669000,12461,12463,12461,1
2020-07-29,15:01:10.099000,12461,12463,12463,1
2020-07-29,15:01:10.338000,12461,12463,12461,1
2020-07-29,15:01:10.366000,12461,12462,12461,1
2020-07-29,15:01:10.597000,12460,12462,12460,1
2020-07-29,15:01:10.865000,12460,12461,12460,5
2020-07-29,15:01:10.951000,12460,12461,12461,1
2020-07-29,15:01:12.736000,12460,12462,12462,4
2020-07-29,15:01:13.375000,12461,12462,12462,4
2020-07-29,15:01:13.868000,12461,12462,12462,2
2020-07-29,15:01:14.174000,12461,12463,12461,1
2020-07-29,15:01:15.293000,12461,12462,12461,1
2020-07-29,15:01:15.293000,12461,12462,12461,2
2020-07-29,15:01:15.327000,12461,12462,12460,22
2020-07-29,15:01:15.327000,12461,12462,12460,2
2020-07-29,15:01:15.560000,12459,12460,12460,1
2020-07-29,15:01:15.834000,12459,12460,12460,1
2020-07-29,15:01:16.205000,12459,12461,12461,1
2020-07-29,15:01:16.559000,12459,12461,12459,5
2020-07-29,15:01:16.780000,12458,12460,12460,2
2020-07-29,15:01:18.228000,12459,12461,12459,1
2020-07-29,15:01:18.865000,12459,12460,12459,14
2020-07-29,15:01:19.115000,12458,12459,12458,5
2020-07-29,15:01:20.465000,12457,12459,12459,2
2020-07-29,15:01:20.614000,12457,12459,12459,1
2020-07-29,15:01:22.055000,12458,12459,12458,5
2020-07-29,15:01:23.422000,12457,12459,12458,2
2020-07-29,15:01:23.677000,12457,12459,12459,1
2020-07-29,15:01:23.840000,12457,12459,12458,1
2020-07-29,15:01:25.590000,12457,12458,12458,1
2020-07-29,15:01:26.865000,12457,12458,12457,3
2020-07-29,15:01:26.933000,12457,12458,12456,5
2020-07-29,15:01:28.038000,12456,12458,12458,1
2020-07-29,15:01:29.992000,12456,12457,12457,1
2020-07-29,15:01:30.486000,12457,12458,12456,2
2020-07-29,15:01:30.848000,12456,12458,12456,1
2020-07-29,15:01:32.891000,12456,12458,12458,1
2020-07-29,15:01:33.538000,12457,12458,12457,4
2020-07-29,15:01:37.440000,12457,12458,12458,2
2020-07-29,15:01:37.799000,12457,12458,12458,3
2020-07-29,15:01:39.110000,12458,12459,12458,1
2020-07-29,15:01:40.752000,12458,12459,12459,3
2020-07-29,15:01:41.167000,12458,12460,12458,1
2020-07-29,15:01:41.239000,12458,12460,12458,3
2020-07-29,15:01:41.556000,12458,12460,12458,20
2020-07-29,15:01:41.556000,12458,12460,12457,5
2020-07-29,15:01:42.038000,12457,12459,12457,1
2020-07-29,15:01:42.167000,12457,12459,12457,1
2020-07-29,15:01:42.524000,12456,12458,12458,1
2020-07-29,15:01:43.269000,12457,12458,12457,1
2020-07-29,15:01:43.324000,12457,12458,12457,2
2020-07-29,15:01:43.693000,12456,12458,12458,1
2020-07-29,15:01:45.356000,12456,12458,12456,1
2020-07-29,15:01:47.128000,12456,12458,12456,14
2020-07-29,15:01:47.129000,12456,12458,12456,1
2020-07-29,15:01:49.371000,12455,12456,12456,3
2020-07-29,15:01:49.372000,12455,12456,12456,2
2020-07-29,15:01:50.619000,12456,12457,12457,1
2020-07-29,15:01:51.148000,12456,12458,12456,1
2020-07-29,15:01:52.388000,12456,12458,12458,1
2020-07-29,15:01:55.581000,12456,12458,12456,1
2020-07-29,15:01:57.132000,12456,12458,12457,1
2020-07-29,15:01:57.505000,12456,12458,12458,1
2020-07-29,15:01:58.941000,12456,12458,12456,2
2020-07-29,15:02:00.223000,12456,12458,12458,1
2020-07-29,15:02:00.244000,12456,12458,12458,2
2020-07-29,15:02:03.309000,12456,12457,12456,6
2020-07-29,15:02:03.309000,12456,12457,12456,4
2020-07-29,15:02:03.567000,12455,12457,12457,1
2020-07-29,15:02:04.511000,12455,12457,12455,1
2020-07-29,15:02:06.542000,12455,12456,12455,6
2020-07-29,15:02:06.542000,12455,12456,12455,6
2020-07-29,15:02:06.542000,12455,12456,12455,8
2020-07-29,15:02:06.741000,12454,12455,12455,1
2020-07-29,15:02:07.493000,12454,12455,12455,1
2020-07-29,15:02:07.771000,12454,12455,12454,7
2020-07-29,15:02:07.772000,12454,12455,12454,5
2020-07-29,15:02:08.389000,12453,12454,12454,2
2020-07-29,15:02:08.693000,12453,12455,12455,1
2020-07-29,15:02:09.235000,12453,12455,12455,1
2020-07-29,15:02:10.416000,12453,12455,12455,1
2020-07-29,15:02:11.116000,12454,12455,12454,1
2020-07-29,15:02:11.203000,12454,12455,12453,1
2020-07-29,15:02:12.845000,12453,12454,12454,1
2020-07-29,15:02:12.860000,12453,12454,12453,1
2020-07-29,15:02:13.501000,12453,12454,12454,1
2020-07-29,15:02:13.524000,12453,12454,12454,1
2020-07-29,15:02:13.847000,12453,12454,12454,1
2020-07-29,15:02:14.129000,12453,12454,12454,2
2020-07-29,15:02:14.797000,12453,12455,12453,2
2020-07-29,15:02:14.804000,12453,12455,12453,26
2020-07-29,15:02:14.805000,12453,12455,12453,2
2020-07-29,15:02:15.202000,12452,12453,12453,1
2020-07-29,15:02:17.664000,12452,12453,12452,1
2020-07-29,15:02:17.689000,12452,12453,12452,1
2020-07-29,15:02:18.831000,12451,12452,12452,1
2020-07-29,15:02:21.545000,12451,12452,12451,2
2020-07-29,15:02:21.584000,12451,12452,12452,2
2020-07-29,15:02:21.626000,12451,12452,12451,2
2020-07-29,15:02:21.759000,12451,12452,12451,1
2020-07-29,15:02:22.609000,12451,12452,12451,3
2020-07-29,15:02:23.187000,12451,12452,12451,1
2020-07-29,15:02:24.741000,12451,12452,12451,2
2020-07-29,15:02:25.092000,12451,12452,12451,1
2020-07-29,15:02:25.154000,12451,12452,12452,1
2020-07-29,15:02:25.285000,12451,12452,12451,1
2020-07-29,15:02:25.343000,12451,12452,12452,2
2020-07-29,15:02:26.456000,12452,12453,12452,2
2020-07-29,15:02:26.973000,12452,12453,12453,1
2020-07-29,15:02:27.267000,12452,12453,12453,3
2020-07-29,15:02:27.268000,12452,12453,12453,2
2020-07-29,15:02:28.316000,12453,12454,12453,2
2020-07-29,15:02:28.392000,12452,12453,12452,1
2020-07-29,15:02:28.733000,12452,12454,12452,1
2020-07-29,15:02:28.925000,12452,12454,12452,1
2020-07-29,15:02:29.523000,12452,12454,12452,1
2020-07-29,15:02:30.053000,12452,12453,12453,1
2020-07-29,15:02:30.931000,12452,12453,12452,1
2020-07-29,15:02:32.096000,12452,12454,12452,1
2020-07-29,15:02:32.972000,12453,12454,12453,1
2020-07-29,15:02:33.604000,12452,12454,12454,2
2020-07-29,15:02:34.280000,12452,12454,12452,2
2020-07-29,15:02:36.004000,12452,12453,12453,1
2020-07-29,15:02:36.112000,12452,12453,12452,1
2020-07-29,15:02:36.190000,12452,12454,12454,1
2020-07-29,15:02:36.787000,12453,12454,12453,4
2020-07-29,15:02:38.833000,12453,12454,12453,2
2020-07-29,15:02:38.835000,12453,12454,12454,4
2020-07-29,15:02:40.362000,12452,12453,12452,2
2020-07-29,15:02:42.004000,12452,12453,12453,1
2020-07-29,15:02:47.819000,12452,12453,12453,5
2020-07-29,15:02:47.820000,12452,12453,12453,2
2020-07-29,15:02:48.745000,12453,12454,12453,1
2020-07-29,15:02:54.637000,12453,12454,12453,1
2020-07-29,15:02:58.875000,12453,12454,12454,1
2020-07-29,15:03:03.627000,12453,12454,12454,1
2020-07-29,15:03:03.753000,12453,12454,12454,1
2020-07-29,15:03:03.898000,12453,12454,12454,2
2020-07-29,15:03:05.492000,12453,12454,12453,1
2020-07-29,15:03:08.404000,12453,12454,12454,1
2020-07-29,15:03:10.162000,12453,12454,12453,1
2020-07-29,15:03:11.712000,12453,12454,12454,1
2020-07-29,15:03:11.912000,12453,12454,12454,1
2020-07-29,15:03:12.865000,12453,12454,12453,1
2020-07-29,15:03:12.866000,12453,12454,12453,5
2020-07-29,15:03:12.866000,12453,12454,12453,2
2020-07-29,15:03:13.248000,12452,12453,12453,1
2020-07-29,15:03:16.205000,12452,12453,12453,2
2020-07-29,15:03:23.152000,12452,12453,12453,1
2020-07-29,15:03:23.375000,12452,12453,12453,1
2020-07-29,15:03:26.197000,12452,12453,12453,1
2020-07-29,15:03:31.515000,12452,12453,12452,1
2020-07-29,15:03:36.313000,12452,12453,12453,2
2020-07-29,15:03:37.252000,12452,12453,12453,27
2020-07-29,15:03:37.253000,12452,12453,12453,1
2020-07-29,15:03:40.770000,12453,12454,12454,1
2020-07-29,15:03:40.770000,12453,12454,12454,15
2020-07-29,15:03:40.772000,12453,12454,12454,1
2020-07-29,15:03:40.773000,12453,12454,12454,1
2020-07-29,15:03:40.773000,12453,12454,12454,1
2020-07-29,15:03:41.777000,12453,12455,12455,1
2020-07-29,15:03:41.781000,12453,12455,12455,11
2020-07-29,15:03:41.782000,12453,12455,12455,2
2020-07-29,15:03:41.890000,12454,12456,12454,1
2020-07-29,15:03:49.330000,12455,12456,12456,5
2020-07-29,15:03:50.496000,12455,12456,12455,1
2020-07-29,15:03:52.013000,12455,12456,12455,1
2020-07-29,15:03:53.888000,12455,12456,12456,2
2020-07-29,15:03:54.177000,12455,12457,12457,2
2020-07-29,15:03:56.751000,12456,12457,12456,2
2020-07-29,15:03:57.940000,12456,12457,12457,1
2020-07-29,15:03:58.510000,12456,12457,12457,6
2020-07-29,15:04:00.196000,12457,12458,12458,3
2020-07-29,15:04:02.144000,12457,12458,12457,4
2020-07-29,15:04:02.600000,12457,12458,12458,1
2020-07-29,15:04:02.699000,12457,12458,12458,1
2020-07-29,15:04:02.700000,12457,12458,12458,1
2020-07-29,15:04:07.222000,12457,12458,12457,1
2020-07-29,15:04:07.501000,12457,12458,12458,1
2020-07-29,15:04:08.126000,12457,12458,12458,10
2020-07-29,15:04:08.165000,12457,12458,12458,1
2020-07-29,15:04:08.332000,12458,12459,12458,5
2020-07-29,15:04:09.035000,12458,12459,12459,1
2020-07-29,15:04:09.173000,12458,12459,12459,1
2020-07-29,15:04:10.611000,12458,12459,12459,1
2020-07-29,15:04:11.704000,12458,12459,12459,5
2020-07-29,15:04:11.840000,12458,12460,12460,1
2020-07-29,15:04:12.435000,12458,12460,12458,5
2020-07-29,15:04:12.712000,12458,12460,12460,1
2020-07-29,15:04:12.857000,12458,12460,12460,1
2020-07-29,15:04:13.950000,12458,12460,12460,1
2020-07-29,15:04:15.183000,12458,12460,12459,1
2020-07-29,15:04:16.033000,12459,12460,12460,3
2020-07-29,15:04:16.458000,12459,12460,12460,1
2020-07-29,15:04:16.662000,12459,12460,12460,2
2020-07-29,15:04:17.548000,12459,12460,12460,11
2020-07-29,15:04:17.548000,12459,12460,12460,3
2020-07-29,15:04:17.548000,12459,12460,12460,17
2020-07-29,15:04:17.558000,12459,12460,12460,5
2020-07-29,15:04:17.785000,12459,12461,12460,1
2020-07-29,15:04:18.662000,12460,12461,12461,2
2020-07-29,15:04:19.221000,12460,12461,12461,1
2020-07-29,15:04:19.221000,12460,12461,12461,2
2020-07-29,15:04:19.221000,12460,12461,12461,1
2020-07-29,15:04:19.232000,12460,12461,12462,3
2020-07-29,15:04:19.271000,12461,12462,12461,2
2020-07-29,15:04:19.631000,12460,12462,12462,1
2020-07-29,15:04:19.650000,12460,12462,12461,1
2020-07-29,15:04:22.324000,12460,12461,12460,5
2020-07-29,15:04:22.675000,12460,12461,12460,1
2020-07-29,15:04:23.877000,12460,12461,12461,2
2020-07-29,15:04:24.175000,12460,12461,12461,1
2020-07-29,15:04:27.165000,12460,12461,12461,1
2020-07-29,15:04:27.458000,12460,12461,12460,22
2020-07-29,15:04:27.605000,12459,12460,12459,5
2020-07-29,15:04:27.887000,12458,12459,12459,1
2020-07-29,15:04:28.563000,12458,12460,12460,1
2020-07-29,15:04:30.361000,12458,12459,12458,1
2020-07-29,15:04:32.734000,12458,12459,12459,1
2020-07-29,15:04:35.523000,12458,12459,12458,1
2020-07-29,15:04:37.904000,12458,12459,12458,5
2020-07-29,15:04:37.922000,12458,12459,12458,1
2020-07-29,15:04:38.603000,12457,12458,12458,5
2020-07-29,15:04:39.646000,12458,12459,12459,1
2020-07-29,15:04:39.839000,12458,12459,12459,1
2020-07-29,15:04:42.277000,12458,12459,12459,1
2020-07-29,15:04:42.777000,12458,12459,12458,7
2020-07-29,15:04:42.779000,12458,12459,12458,1
2020-07-29,15:04:44.125000,12457,12458,12458,1
2020-07-29,15:04:47.929000,12457,12458,12457,9
2020-07-29,15:04:49.345000,12457,12458,12457,1
2020-07-29,15:04:53.164000,12456,12457,12457,1
2020-07-29,15:04:55.125000,12456,12458,12458,1
2020-07-29,15:04:56.039000,12456,12457,12457,1
2020-07-29,15:04:57.984000,12456,12457,12457,1
2020-07-29,15:05:00.500000,12456,12457,12456,1
2020-07-29,15:05:00.872000,12456,12457,12457,1
2020-07-29,15:05:01.400000,12456,12458,12458,2
2020-07-29,15:05:01.748000,12456,12458,12458,1
2020-07-29,15:05:01.862000,12456,12458,12456,1
2020-07-29,15:05:02.511000,12456,12458,12458,1
2020-07-29,15:05:03.680000,12456,12457,12456,3
2020-07-29,15:05:03.835000,12456,12457,12457,1
2020-07-29,15:05:03.898000,12456,12457,12457,5
2020-07-29,15:05:03.928000,12456,12457,12457,1
2020-07-29,15:05:09.332000,12456,12457,12457,2
2020-07-29,15:05:11.654000,12457,12458,12457,1
2020-07-29,15:05:13.132000,12457,12458,12457,2
2020-07-29,15:05:13.133000,12457,12458,12457,2
2020-07-29,15:05:13.901000,12456,12457,12456,1
2020-07-29,15:05:13.958000,12456,12457,12457,2
2020-07-29,15:05:14.012000,12456,12457,12457,1
2020-07-29,15:05:14.759000,12456,12457,12456,5
2020-07-29,15:05:15.523000,12455,12456,12456,2
2020-07-29,15:05:15.804000,12455,12456,12455,3
2020-07-29,15:05:17.177000,12455,12456,12456,2
2020-07-29,15:05:19.421000,12455,12456,12455,1
2020-07-29,15:05:21.306000,12455,12456,12455,1
2020-07-29,15:05:23.012000,12455,12456,12456,1
2020-07-29,15:05:23.052000,12455,12456,12455,1
2020-07-29,15:05:25.325000,12455,12456,12455,1
2020-07-29,15:05:27.233000,12455,12456,12456,10
2020-07-29,15:05:27.344000,12455,12456,12456,2
2020-07-29,15:05:29.198000,12455,12457,12455,1
2020-07-29,15:05:30.210000,12455,12457,12457,2
2020-07-29,15:05:36.565000,12455,12456,12456,2
2020-07-29,15:05:38.111000,12455,12456,12456,1
2020-07-29,15:05:39.438000,12455,12457,12456,2
2020-07-29,15:05:39.438000,12455,12457,12457,8
2020-07-29,15:05:48.932000,12455,12456,12455,1
2020-07-29,15:05:50.903000,12455,12456,12455,1
2020-07-29,15:05:52.074000,12455,12456,12456,1
2020-07-29,15:05:54.880000,12455,12456,12456,3
2020-07-29,15:05:55.894000,12456,12457,12457,1
2020-07-29,15:05:55.894000,12456,12457,12457,2
2020-07-29,15:05:56.872000,12456,12457,12456,1
2020-07-29,15:05:58.448000,12455,12457,12457,7
2020-07-29,15:06:00.023000,12457,12458,12458,1
2020-07-29,15:06:00.038000,12457,12458,12458,1
2020-07-29,15:06:00.663000,12457,12458,12457,1
2020-07-29,15:06:01.437000,12457,12458,12457,1
2020-07-29,15:06:01.634000,12457,12458,12457,1
2020-07-29,15:06:03.530000,12456,12457,12456,1
2020-07-29,15:06:07.952000,12456,12457,12457,9
2020-07-29,15:06:08.234000,12457,12458,12457,1
2020-07-29,15:06:09.407000,12457,12458,12457,1
2020-07-29,15:06:14.978000,12456,12457,12456,1
2020-07-29,15:06:15.544000,12456,12457,12457,1
2020-07-29,15:06:16.416000,12456,12457,12457,1
2020-07-29,15:06:17.044000,12456,12457,12456,5
2020-07-29,15:06:24.062000,12455,12456,12456,1
2020-07-29,15:06:24.062000,12455,12456,12457,9
2020-07-29,15:06:33.562000,12455,12456,12455,2
2020-07-29,15:06:35.301000,12455,12456,12455,1
2020-07-29,15:06:37.244000,12455,12456,12455,1
2020-07-29,15:06:41.306000,12455,12456,12456,2
2020-07-29,15:06:45.395000,12455,12456,12455,1
2020-07-29,15:06:46.376000,12455,12456,12456,1
2020-07-29,15:06:49.634000,12455,12456,12456,1
2020-07-29,15:06:49.646000,12455,12456,12456,1
2020-07-29,15:07:01.200000,12455,12456,12455,1
2020-07-29,15:07:02.040000,12455,12456,12456,1
2020-07-29,15:07:06.029000,12455,12456,12455,1
2020-07-29,15:07:06.029000,12455,12456,12455,5
2020-07-29,15:07:06.625000,12454,12455,12455,1
2020-07-29,15:07:06.682000,12454,12455,12454,3
2020-07-29,15:07:06.682000,12454,12455,12454,2
2020-07-29,15:07:07.786000,12453,12455,12455,3
2020-07-29,15:07:13.685000,12453,12454,12453,1
2020-07-29,15:07:14.521000,12453,12454,12454,1
2020-07-29,15:07:17.620000,12453,12454,12454,1
2020-07-29,15:07:17.946000,12453,12454,12453,1
2020-07-29,15:07:18.196000,12453,12454,12454,1
2020-07-29,15:07:20.784000,12453,12454,12453,1
2020-07-29,15:07:20.785000,12453,12454,12453,12
2020-07-29,15:07:20.785000,12453,12454,12453,1
2020-07-29,15:07:23.250000,12452,12453,12452,1
2020-07-29,15:07:24.857000,12452,12453,12452,1
2020-07-29,15:07:25.437000,12452,12453,12452,1
2020-07-29,15:07:26.515000,12452,12453,12452,1
2020-07-29,15:07:26.579000,12452,12453,12452,1
2020-07-29,15:07:27.728000,12452,12453,12452,1
2020-07-29,15:07:29.994000,12452,12453,12452,2
2020-07-29,15:07:33.620000,12452,12453,12452,3
2020-07-29,15:07:34.549000,12452,12453,12452,2
2020-07-29,15:07:34.753000,12452,12453,12452,2
2020-07-29,15:07:35.612000,12452,12453,12452,1
2020-07-29,15:07:35.613000,12452,12453,12452,2
2020-07-29,15:07:36.102000,12451,12452,12452,2
2020-07-29,15:07:36.114000,12451,12452,12452,1
2020-07-29,15:07:41.022000,12452,12453,12452,1
2020-07-29,15:07:41.324000,12452,12453,12453,10
2020-07-29,15:07:41.881000,12453,12454,12453,5
2020-07-29,15:07:45.180000,12452,12453,12453,3
2020-07-29,15:07:47.525000,12452,12454,12454,1
2020-07-29,15:07:57.248000,12453,12454,12454,1
2020-07-29,15:07:58.683000,12454,12455,12454,1
2020-07-29,15:08:04.606000,12454,12455,12454,2
2020-07-29,15:08:07.330000,12454,12455,12454,1
2020-07-29,15:08:07.733000,12454,12455,12454,1
2020-07-29,15:08:15.234000,12454,12455,12454,1
2020-07-29,15:08:15.554000,12454,12455,12454,1
2020-07-29,15:08:28.833000,12454,12455,12454,1
2020-07-29,15:08:29.477000,12454,12455,12454,1
2020-07-29,15:08:34.987000,12454,12455,12455,8
2020-07-29,15:08:35.762000,12455,12456,12455,1
2020-07-29,15:08:46.548000,12454,12455,12455,1
2020-07-29,15:08:52.684000,12455,12456,12455,1
2020-07-29,15:08:52.920000,12455,12456,12455,1
2020-07-29,15:09:00.368000,12455,12456,12456,1
2020-07-29,15:09:02.538000,12455,12456,12456,2
2020-07-29,15:09:02.948000,12455,12456,12455,1
2020-07-29,15:09:03.972000,12455,12456,12455,2
2020-07-29,15:09:04.380000,12454,12456,12456,1
2020-07-29,15:09:05.415000,12455,12456,12456,1
2020-07-29,15:09:11.290000,12455,12456,12455,1
2020-07-29,15:09:12.522000,12455,12456,12456,1
2020-07-29,15:09:13.136000,12455,12456,12455,1
2020-07-29,15:09:24.217000,12454,12455,12454,1
2020-07-29,15:09:24.588000,12454,12455,12455,1
2020-07-29,15:09:34.019000,12454,12455,12454,6
2020-07-29,15:09:34.019000,12454,12455,12454,2
2020-07-29,15:09:36.232000,12454,12455,12454,1
2020-07-29,15:09:49.777000,12453,12454,12454,1
2020-07-29,15:09:50.694000,12453,12454,12454,5
2020-07-29,15:09:50.694000,12453,12454,12454,1
2020-07-29,15:09:51.501000,12454,12455,12454,2
2020-07-29,15:09:53.982000,12453,12454,12454,1
2020-07-29,15:09:54.819000,12453,12454,12454,1
2020-07-29,15:09:55.463000,12453,12455,12454,1
2020-07-29,15:10:01.654000,12454,12455,12454,1
2020-07-29,15:10:01.914000,12454,12455,12454,2
2020-07-29,15:10:02.493000,12453,12454,12454,1
2020-07-29,15:10:03.606000,12453,12454,12454,5
2020-07-29,15:10:04.435000,12453,12454,12454,1
2020-07-29,15:10:06.168000,12453,12455,12455,1
2020-07-29,15:10:09.869000,12453,12454,12453,1
2020-07-29,15:10:17.080000,12453,12454,12454,1
2020-07-29,15:10:22.512000,12453,12454,12454,2
2020-07-29,15:10:24.035000,12454,12455,12454,1
2020-07-29,15:10:28.374000,12454,12455,12454,4
2020-07-29,15:10:32.580000,12454,12455,12455,10
2020-07-29,15:10:37.968000,12455,12456,12455,1
2020-07-29,15:10:41.471000,12455,12456,12456,1
2020-07-29,15:10:41.471000,12455,12456,12456,2
2020-07-29,15:10:43.029000,12455,12457,12455,1
2020-07-29,15:10:45.187000,12455,12457,12456,1
2020-07-29,15:10:46.066000,12456,12457,12457,1
2020-07-29,15:10:46.067000,12456,12457,12457,5
2020-07-29,15:10:48.803000,12456,12458,12458,1
2020-07-29,15:10:50.947000,12456,12458,12458,1
2020-07-29,15:10:52.051000,12456,12457,12457,1
2020-07-29,15:10:53.712000,12456,12457,12457,1
2020-07-29,15:10:54.614000,12457,12458,12457,1
2020-07-29,15:10:55.986000,12456,12458,12458,1
2020-07-29,15:10:56.165000,12456,12458,12456,1
2020-07-29,15:10:56.882000,12456,12457,12457,1
2020-07-29,15:10:58.137000,12456,12457,12457,1
2020-07-29,15:10:58.818000,12456,12457,12457,1
2020-07-29,15:10:59.831000,12456,12457,12457,1
2020-07-29,15:11:02.192000,12456,12457,12456,1
2020-07-29,15:11:03.237000,12455,12456,12456,1
2020-07-29,15:11:16.889000,12456,12457,12456,1
2020-07-29,15:11:23.932000,12456,12457,12456,1
2020-07-29,15:11:26.173000,12455,12456,12456,1
2020-07-29,15:11:29.595000,12455,12456,12455,5
2020-07-29,15:11:30.426000,12454,12455,12455,1
2020-07-29,15:11:30.434000,12454,12455,12455,1
2020-07-29,15:11:30.485000,12454,12455,12455,1
2020-07-29,15:11:38.387000,12455,12456,12455,1
2020-07-29,15:11:40.037000,12455,12456,12456,1
2020-07-29,15:11:40.040000,12455,12456,12456,1
2020-07-29,15:11:42.547000,12456,12457,12457,1
2020-07-29,15:11:42.547000,12456,12457,12457,6
2020-07-29,15:11:44.379000,12457,12458,12457,1
2020-07-29,15:11:48.105000,12457,12458,12457,2
2020-07-29,15:11:48.909000,12456,12457,12457,1
2020-07-29,15:11:55.286000,12456,12457,12457,1
2020-07-29,15:12:04.866000,12456,12457,12457,1
2020-07-29,15:12:09.389000,12456,12457,12457,1
2020-07-29,15:12:10.342000,12456,12457,12457,1
2020-07-29,15:12:12.815000,12456,12457,12457,1
2020-07-29,15:12:12.823000,12456,12457,12457,1
2020-07-29,15:12:14.959000,12456,12457,12457,1
2020-07-29,15:12:26.163000,12456,12457,12457,1
2020-07-29,15:12:29.211000,12456,12457,12456,1
2020-07-29,15:12:31.729000,12456,12457,12457,1
2020-07-29,15:12:32.406000,12456,12457,12456,2
2020-07-29,15:12:32.825000,12456,12457,12457,1
2020-07-29,15:12:32.826000,12456,12457,12457,7
2020-07-29,15:12:43.430000,12457,12458,12458,2
2020-07-29,15:12:43.431000,12457,12458,12458,3
2020-07-29,15:12:44.893000,12457,12459,12459,3
2020-07-29,15:12:44.925000,12457,12459,12459,2
2020-07-29,15:12:53.268000,12458,12459,12459,1
2020-07-29,15:12:53.451000,12458,12459,12459,1
2020-07-29,15:12:55.620000,12458,12459,12459,1
2020-07-29,15:12:55.922000,12458,12459,12459,1
2020-07-29,15:13:00.086000,12458,12459,12459,1
2020-07-29,15:13:00.087000,12458,12459,12459,8
2020-07-29,15:13:00.319000,12459,12460,12459,3
2020-07-29,15:13:06.212000,12459,12460,12459,3
2020-07-29,15:13:11.725000,12458,12459,12459,11
2020-07-29,15:13:11.745000,12458,12460,12460,1
2020-07-29,15:13:11.746000,12458,12460,12460,1
2020-07-29,15:13:11.746000,12458,12460,12460,1
2020-07-29,15:13:11.747000,12458,12460,12460,2
2020-07-29,15:13:11.748000,12458,12460,12460,1
2020-07-29,15:13:11.750000,12458,12460,12460,1
2020-07-29,15:13:11.751000,12458,12460,12460,1
2020-07-29,15:13:16.135000,12458,12459,12459,2
2020-07-29,15:13:23.160000,12458,12459,12459,1
2020-07-29,15:13:24.029000,12458,12459,12459,1
2020-07-29,15:13:25.579000,12458,12459,12459,1
2020-07-29,15:13:29.681000,12458,12459,12459,1
2020-07-29,15:13:35.261000,12458,12459,12458,6
2020-07-29,15:13:38.534000,12458,12459,12458,10
2020-07-29,15:13:41.936000,12457,12458,12458,1
2020-07-29,15:13:43.016000,12457,12458,12457,1
2020-07-29,15:13:45.815000,12457,12458,12457,3
2020-07-29,15:13:48.644000,12456,12457,12457,1
2020-07-29,15:13:50.523000,12456,12457,12456,1
2020-07-29,15:13:55.182000,12456,12457,12456,1
2020-07-29,15:14:04.174000,12456,12457,12456,3
2020-07-29,15:14:04.175000,12456,12457,12456,3
2020-07-29,15:14:14.609000,12456,12457,12456,1
2020-07-29,15:14:28.669000,12456,12457,12456,3
2020-07-29,15:14:33.850000,12455,12456,12456,1
2020-07-29,15:14:33.850000,12455,12456,12457,4
2020-07-29,15:14:34.048000,12455,12457,12457,1
2020-07-29,15:14:37.584000,12456,12457,12456,4
2020-07-29,15:14:38.501000,12456,12457,12456,1
2020-07-29,15:14:43.664000,12456,12457,12456,1
2020-07-29,15:14:47.074000,12455,12456,12456,1
2020-07-29,15:14:47.158000,12456,12457,12456,1
2020-07-29,15:14:48.396000,12455,12456,12455,3
2020-07-29,15:14:55.415000,12455,12456,12455,21
2020-07-29,15:14:55.676000,12454,12455,12455,9
2020-07-29,15:15:11.010000,12454,12455,12454,1
2020-07-29,15:15:16.314000,12454,12455,12454,8
2020-07-29,15:15:19.123000,12453,12454,12454,5
2020-07-29,15:15:19.242000,12453,12454,12454,2
2020-07-29,15:15:23.780000,12453,12454,12453,1
2020-07-29,15:15:26.069000,12453,12454,12453,1
2020-07-29,15:15:26.593000,12453,12454,12453,1
2020-07-29,15:15:27.123000,12453,12454,12453,3
2020-07-29,15:15:34.349000,12452,12453,12453,1
2020-07-29,15:15:35.652000,12452,12453,12452,1
2020-07-29,15:15:36.744000,12452,12453,12453,5
2020-07-29,15:15:40.331000,12452,12453,12452,3
2020-07-29,15:15:41.772000,12452,12453,12452,1
2020-07-29,15:15:47.060000,12452,12453,12453,1
2020-07-29,15:15:47.588000,12452,12453,12452,1
2020-07-29,15:15:48.643000,12452,12453,12452,1
2020-07-29,15:15:51.962000,12452,12453,12452,1
2020-07-29,15:15:55.059000,12452,12453,12452,5
2020-07-29,15:15:55.059000,12452,12453,12452,1
2020-07-29,15:15:56.681000,12451,12452,12452,5
2020-07-29,15:15:59.112000,12452,12453,12452,1
2020-07-29,15:16:02.255000,12452,12453,12452,1
2020-07-29,15:16:02.760000,12451,12452,12452,1
2020-07-29,15:16:03.085000,12452,12453,12453,1
2020-07-29,15:16:04.196000,12451,12452,12451,1
2020-07-29,15:16:04.485000,12451,12452,12451,1
2020-07-29,15:16:05.655000,12451,12452,12452,10
2020-07-29,15:16:18.237000,12451,12452,12452,5
2020-07-29,15:16:26.970000,12451,12452,12452,1
2020-07-29,15:16:30.865000,12451,12453,12451,1
2020-07-29,15:16:31.049000,12451,12452,12452,1
2020-07-29,15:16:34.292000,12451,12453,12451,1
2020-07-29,15:16:34.639000,12451,12452,12452,3
2020-07-29,15:16:46.330000,12451,12452,12451,1
2020-07-29,15:16:46.639000,12451,12452,12452,5
2020-07-29,15:16:47.617000,12451,12453,12451,2
2020-07-29,15:16:55.298000,12451,12452,12452,2
2020-07-29,15:16:58.159000,12451,12452,12451,4
2020-07-29,15:17:02.221000,12451,12452,12451,1
2020-07-29,15:17:03.332000,12451,12452,12451,1
2020-07-29,15:17:04.062000,12451,12452,12451,1
2020-07-29,15:17:07.741000,12451,12452,12451,5
2020-07-29,15:17:07.741000,12451,12452,12450,44
2020-07-29,15:17:07.742000,12451,12452,12450,4
2020-07-29,15:17:07.742000,12451,12452,12450,6
2020-07-29,15:17:07.976000,12449,12450,12450,1
2020-07-29,15:17:08.118000,12449,12450,12449,4
2020-07-29,15:17:08.282000,12448,12450,12448,5
2020-07-29,15:17:08.324000,12448,12450,12448,1
2020-07-29,15:17:08.705000,12448,12449,12448,1
2020-07-29,15:17:09.954000,12447,12448,12447,1
2020-07-29,15:17:09.982000,12447,12448,12448,1
2020-07-29,15:17:10.114000,12447,12448,12447,1
2020-07-29,15:17:10.432000,12447,12448,12447,4
2020-07-29,15:17:12.439000,12446,12447,12446,3
2020-07-29,15:17:12.440000,12446,12447,12446,18
2020-07-29,15:17:12.742000,12445,12447,12445,2
2020-07-29,15:17:12.902000,12445,12447,12445,1
2020-07-29,15:17:12.916000,12445,12447,12445,1
2020-07-29,15:17:13.006000,12445,12447,12445,1
2020-07-29,15:17:14.229000,12445,12447,12445,1
2020-07-29,15:17:14.820000,12445,12447,12445,1
2020-07-29,15:17:15.401000,12445,12447,12445,1
2020-07-29,15:17:16.185000,12445,12446,12445,1
2020-07-29,15:17:16.733000,12445,12446,12445,1
2020-07-29,15:17:17.376000,12445,12446,12445,1
2020-07-29,15:17:17.873000,12445,12446,12446,2
2020-07-29,15:17:22.481000,12446,12447,12446,1
2020-07-29,15:17:23.268000,12445,12446,12445,3
2020-07-29,15:17:23.316000,12445,12446,12445,2
2020-07-29,15:17:23.365000,12445,12446,12445,2
2020-07-29,15:17:24.483000,12445,12446,12445,1
2020-07-29,15:17:25.191000,12444,12445,12445,1
2020-07-29,15:17:26.065000,12444,12445,12445,1
2020-07-29,15:17:26.386000,12445,12446,12445,1
2020-07-29,15:17:31.131000,12445,12446,12445,2
2020-07-29,15:17:31.870000,12445,12446,12445,2
2020-07-29,15:17:35.028000,12445,12446,12445,1
2020-07-29,15:17:37.574000,12445,12446,12445,1
2020-07-29,15:17:37.978000,12445,12446,12446,6
2020-07-29,15:17:39.012000,12445,12446,12446,2
2020-07-29,15:17:39.012000,12445,12446,12447,3
2020-07-29,15:17:40.046000,12446,12447,12446,1
2020-07-29,15:17:41.894000,12445,12446,12445,1
2020-07-29,15:17:45.388000,12445,12446,12445,1
2020-07-29,15:17:46.710000,12445,12446,12445,1
2020-07-29,15:17:47.791000,12445,12446,12445,5
2020-07-29,15:17:48.278000,12445,12446,12446,1
2020-07-29,15:17:53.964000,12445,12446,12445,5
2020-07-29,15:17:55.681000,12445,12446,12446,6
2020-07-29,15:18:01.029000,12445,12446,12446,2
2020-07-29,15:18:03.379000,12445,12446,12445,1
2020-07-29,15:18:05.643000,12445,12446,12445,1
2020-07-29,15:18:05.643000,12445,12446,12445,7
2020-07-29,15:18:11.682000,12444,12445,12444,3
2020-07-29,15:18:11.880000,12444,12445,12444,1
2020-07-29,15:18:11.920000,12444,12445,12445,1
2020-07-29,15:18:12.338000,12444,12445,12444,1
2020-07-29,15:18:19.005000,12444,12445,12444,1
2020-07-29,15:18:20.265000,12444,12445,12444,16
2020-07-29,15:18:20.265000,12444,12445,12443,18
2020-07-29,15:18:21.587000,12443,12444,12444,1
2020-07-29,15:18:22.022000,12443,12444,12444,1
2020-07-29,15:18:23.914000,12443,12444,12444,1
2020-07-29,15:18:25.748000,12443,12444,12444,1
2020-07-29,15:18:27.258000,12443,12444,12443,1
2020-07-29,15:18:27.473000,12443,12444,12443,1
2020-07-29,15:18:27.771000,12443,12444,12444,1
2020-07-29,15:18:29.333000,12443,12444,12443,1
2020-07-29,15:18:29.904000,12443,12444,12444,1
2020-07-29,15:18:30.273000,12444,12445,12444,1
2020-07-29,15:18:30.416000,12444,12445,12444,1
2020-07-29,15:18:31.865000,12444,12445,12444,1
2020-07-29,15:18:35.442000,12444,12445,12444,13
2020-07-29,15:18:35.442000,12444,12445,12443,21
2020-07-29,15:18:35.521000,12443,12444,12444,1
2020-07-29,15:18:36.421000,12443,12444,12444,1
2020-07-29,15:18:36.486000,12443,12444,12444,1
2020-07-29,15:18:38.317000,12443,12444,12443,1
2020-07-29,15:18:40.340000,12443,12444,12443,1
2020-07-29,15:18:43.267000,12443,12444,12444,5
2020-07-29,15:18:43.296000,12443,12444,12443,6
2020-07-29,15:18:44.585000,12443,12445,12443,1
2020-07-29,15:18:45.485000,12443,12444,12444,2
2020-07-29,15:18:47.562000,12443,12444,12443,1
2020-07-29,15:18:47.637000,12443,12444,12443,1
2020-07-29,15:18:49.298000,12442,12443,12443,2
2020-07-29,15:18:49.607000,12443,12444,12442,1
2020-07-29,15:18:49.782000,12442,12444,12442,1
2020-07-29,15:18:49.827000,12442,12444,12442,1
2020-07-29,15:18:49.862000,12442,12444,12442,1
2020-07-29,15:18:50.584000,12442,12444,12442,1
2020-07-29,15:18:53.244000,12442,12444,12442,3
2020-07-29,15:18:56.159000,12443,12444,12443,1
2020-07-29,15:18:56.216000,12443,12444,12443,1
2020-07-29,15:18:56.395000,12442,12444,12442,1
2020-07-29,15:18:56.834000,12442,12444,12442,1
2020-07-29,15:18:58.969000,12442,12444,12442,1
2020-07-29,15:18:59.420000,12442,12444,12442,1
2020-07-29,15:19:00.266000,12442,12444,12442,1
2020-07-29,15:19:01.498000,12442,12443,12442,10
2020-07-29,15:19:01.586000,12442,12443,12443,1
2020-07-29,15:19:02.052000,12442,12444,12442,2
2020-07-29,15:19:02.114000,12442,12444,12442,1
2020-07-29,15:19:02.936000,12442,12444,12442,1
2020-07-29,15:19:04.358000,12442,12443,12442,1
2020-07-29,15:19:06.489000,12442,12443,12442,1
2020-07-29,15:19:07.255000,12442,12443,12442,2
2020-07-29,15:19:09.079000,12442,12443,12442,5
2020-07-29,15:19:10.692000,12442,12443,12442,4
2020-07-29,15:19:10.953000,12441,12442,12442,9
2020-07-29,15:19:10.953000,12441,12442,12442,1
2020-07-29,15:19:11.509000,12441,12442,12442,1
2020-07-29,15:19:12.040000,12441,12442,12442,1
2020-07-29,15:19:14.766000,12441,12442,12442,1
2020-07-29,15:19:15.893000,12441,12442,12442,1
2020-07-29,15:19:16.504000,12441,12442,12442,1
2020-07-29,15:19:17.964000,12441,12442,12441,1
2020-07-29,15:19:18.650000,12441,12442,12441,1
2020-07-29,15:19:20.651000,12441,12442,12442,1
2020-07-29,15:19:22.486000,12441,12442,12441,2
2020-07-29,15:19:24.523000,12441,12442,12441,2
2020-07-29,15:19:24.523000,12441,12442,12441,13
2020-07-29,15:19:24.523000,12441,12442,12441,4
2020-07-29,15:19:24.524000,12441,12442,12441,15
2020-07-29,15:19:25.930000,12440,12441,12440,4
2020-07-29,15:19:26.827000,12440,12441,12440,2
2020-07-29,15:19:27.823000,12440,12441,12440,2
2020-07-29,15:19:28.932000,12440,12441,12440,5
2020-07-29,15:19:29.994000,12440,12441,12440,1
2020-07-29,15:19:30.539000,12440,12441,12440,1
2020-07-29,15:19:32.579000,12440,12441,12440,1
2020-07-29,15:19:33.535000,12440,12441,12440,5
2020-07-29,15:19:33.542000,12440,12441,12440,1
2020-07-29,15:19:33.585000,12440,12441,12440,1
2020-07-29,15:19:33.640000,12440,12441,12440,1
2020-07-29,15:19:34.335000,12440,12441,12440,5
2020-07-29,15:19:34.863000,12439,12441,12440,1
2020-07-29,15:19:42.061000,12439,12440,12440,10
2020-07-29,15:19:43.420000,12439,12440,12439,1
2020-07-29,15:19:43.504000,12439,12440,12439,1
2020-07-29,15:19:43.506000,12439,12440,12439,1
2020-07-29,15:19:43.506000,12439,12440,12439,1
2020-07-29,15:19:43.512000,12439,12440,12439,1
2020-07-29,15:19:43.512000,12439,12440,12439,1
2020-07-29,15:19:43.512000,12439,12440,12439,1
2020-07-29,15:19:43.512000,12439,12440,12439,1
2020-07-29,15:19:43.554000,12439,12440,12440,1
2020-07-29,15:19:43.710000,12439,12440,12439,1
2020-07-29,15:19:44.846000,12439,12440,12440,1
2020-07-29,15:19:45.348000,12439,12440,12439,1
2020-07-29,15:19:47.333000,12439,12440,12439,2
2020-07-29,15:19:47.334000,12439,12440,12439,2
2020-07-29,15:19:48.245000,12438,12439,12438,1
2020-07-29,15:19:48.270000,12438,12439,12438,2
2020-07-29,15:19:48.392000,12437,12439,12437,2
2020-07-29,15:19:48.400000,12437,12439,12437,6
2020-07-29,15:19:48.404000,12437,12439,12437,1
2020-07-29,15:19:48.413000,12437,12439,12437,1
2020-07-29,15:19:48.432000,12437,12439,12437,1
2020-07-29,15:19:48.461000,12437,12439,12437,1
2020-07-29,15:19:48.549000,12437,12438,12437,1
2020-07-29,15:19:49.319000,12437,12438,12437,1
2020-07-29,15:19:50.695000,12437,12438,12437,1
2020-07-29,15:19:51.253000,12437,12438,12437,1
2020-07-29,15:19:51.655000,12437,12438,12437,2
2020-07-29,15:19:51.985000,12437,12438,12437,1
2020-07-29,15:19:53.133000,12437,12438,12437,1
2020-07-29,15:19:53.144000,12437,12438,12437,1
2020-07-29,15:19:53.175000,12437,12438,12437,1
2020-07-29,15:19:54.004000,12437,12438,12437,1
2020-07-29,15:19:54.265000,12436,12437,12437,9
2020-07-29,15:19:54.602000,12437,12438,12437,1
2020-07-29,15:19:54.871000,12436,12438,12438,1
2020-07-29,15:19:54.990000,12436,12437,12437,1
2020-07-29,15:19:55.865000,12437,12438,12438,4
2020-07-29,15:20:00.599000,12438,12439,12438,1
2020-07-29,15:20:01.009000,12438,12439,12439,10
2020-07-29,15:20:01.115000,12438,12439,12439,1
2020-07-29,15:20:01.241000,12438,12439,12439,1
2020-07-29,15:20:01.757000,12438,12440,12438,3
2020-07-29,15:20:01.990000,12438,12439,12439,1
2020-07-29,15:20:02.240000,12438,12439,12439,1
2020-07-29,15:20:02.960000,12438,12440,12438,2
2020-07-29,15:20:04.513000,12438,12440,12438,1
2020-07-29,15:20:06.740000,12438,12439,12439,1
2020-07-29,15:20:07.115000,12438,12439,12439,1
2020-07-29,15:20:07.490000,12438,12439,12439,1
2020-07-29,15:20:08.990000,12438,12439,12439,1
2020-07-29,15:20:09.990000,12438,12439,12439,1
2020-07-29,15:20:10.247000,12438,12440,12438,1
2020-07-29,15:20:11.120000,12439,12440,12439,1
2020-07-29,15:20:11.880000,12439,12440,12439,1
2020-07-29,15:20:22.175000,12439,12440,12440,11
2020-07-29,15:20:24.365000,12440,12441,12441,2
2020-07-29,15:20:27.240000,12441,12442,12442,8
2020-07-29,15:20:27.241000,12441,12442,12442,2
2020-07-29,15:20:27.527000,12442,12443,12443,1
2020-07-29,15:20:29.578000,12442,12444,12444,1
2020-07-29,15:20:29.767000,12442,12444,12444,1
2020-07-29,15:20:30.186000,12442,12444,12443,1
2020-07-29,15:20:32.072000,12442,12444,12442,1
2020-07-29,15:20:33.077000,12442,12444,12444,5
2020-07-29,15:20:40.571000,12442,12443,12443,3
2020-07-29,15:20:46.428000,12442,12443,12443,4
2020-07-29,15:20:54.244000,12442,12443,12442,1
2020-07-29,15:20:54.838000,12442,12443,12442,1
2020-07-29,15:20:55.925000,12442,12443,12442,2
2020-07-29,15:20:57.416000,12442,12443,12443,1
2020-07-29,15:21:02.095000,12442,12443,12442,2
2020-07-29,15:21:06.919000,12442,12443,12443,1
2020-07-29,15:21:10.447000,12442,12443,12443,5
2020-07-29,15:21:10.812000,12442,12443,12443,5
2020-07-29,15:21:11.109000,12443,12444,12443,1
2020-07-29,15:21:14.722000,12442,12444,12443,1
2020-07-29,15:21:18.781000,12442,12444,12444,1
2020-07-29,15:21:22.766000,12443,12444,12443,1
2020-07-29,15:21:22.781000,12443,12444,12443,1
2020-07-29,15:21:25.802000,12443,12444,12443,1
2020-07-29,15:21:26.004000,12443,12444,12444,1
2020-07-29,15:21:26.107000,12443,12444,12443,1
2020-07-29,15:21:26.367000,12443,12444,12444,4
2020-07-29,15:21:27.020000,12443,12444,12444,4
2020-07-29,15:21:28.541000,12443,12444,12443,1
2020-07-29,15:21:30.419000,12443,12444,12444,1
2020-07-29,15:21:31.763000,12443,12444,12444,2
2020-07-29,15:21:32.293000,12443,12444,12444,1
2020-07-29,15:21:35.159000,12443,12444,12443,1
2020-07-29,15:21:35.240000,12443,12444,12443,3
2020-07-29,15:21:37.659000,12442,12444,12444,1
2020-07-29,15:21:39.011000,12443,12444,12443,1
2020-07-29,15:21:44.979000,12443,12444,12443,1
2020-07-29,15:21:45.280000,12443,12444,12443,1
2020-07-29,15:21:46.734000,12442,12444,12444,1
2020-07-29,15:21:47.651000,12443,12444,12443,1
2020-07-29,15:21:49.036000,12442,12443,12443,1
2020-07-29,15:21:50.909000,12442,12443,12443,2
2020-07-29,15:21:54.906000,12443,12444,12443,1
2020-07-29,15:21:54.961000,12443,12444,12443,1
2020-07-29,15:21:57.990000,12443,12444,12443,2
2020-07-29,15:22:02.063000,12442,12443,12443,1
2020-07-29,15:22:07.145000,12442,12443,12443,1
2020-07-29,15:22:12.541000,12442,12443,12443,1
2020-07-29,15:22:12.872000,12442,12443,12443,1
2020-07-29,15:22:13.303000,12442,12443,12443,4
2020-07-29,15:22:13.803000,12442,12443,12442,1
2020-07-29,15:22:14.015000,12442,12443,12442,1
2020-07-29,15:22:17.203000,12442,12443,12442,1
2020-07-29,15:22:17.896000,12442,12443,12443,1
2020-07-29,15:22:18.549000,12442,12443,12442,10
2020-07-29,15:22:20.278000,12441,12442,12441,1
2020-07-29,15:22:20.514000,12441,12442,12442,1
2020-07-29,15:22:23.609000,12441,12442,12442,1
2020-07-29,15:22:27.306000,12441,12442,12442,1
2020-07-29,15:22:33.809000,12442,12443,12443,5
2020-07-29,15:22:34.457000,12442,12444,12442,3
2020-07-29,15:22:39.208000,12442,12443,12443,1
2020-07-29,15:22:42.065000,12442,12443,12442,1
2020-07-29,15:22:44.761000,12442,12443,12442,3
2020-07-29,15:22:45.021000,12441,12442,12442,1
2020-07-29,15:22:48.030000,12441,12443,12441,1
2020-07-29,15:22:50.543000,12441,12442,12442,1
2020-07-29,15:22:51.651000,12441,12442,12441,1
2020-07-29,15:22:55.844000,12441,12442,12442,1
2020-07-29,15:22:57.265000,12441,12442,12441,1
2020-07-29,15:23:01.389000,12441,12442,12442,1
2020-07-29,15:23:03.410000,12441,12442,12441,1
2020-07-29,15:23:03.411000,12441,12442,12442,1
2020-07-29,15:23:06.780000,12441,12442,12442,1
2020-07-29,15:23:11.375000,12441,12442,12441,2
2020-07-29,15:23:11.375000,12441,12442,12441,2
2020-07-29,15:23:12.141000,12440,12441,12441,1
2020-07-29,15:23:13.583000,12440,12441,12441,1
2020-07-29,15:23:17.213000,12440,12441,12441,1
2020-07-29,15:23:19.353000,12440,12441,12440,7
2020-07-29,15:23:20.354000,12439,12441,12440,1
2020-07-29,15:23:23.416000,12439,12441,12441,3
2020-07-29,15:23:24.499000,12439,12441,12441,1
2020-07-29,15:23:29.295000,12440,12442,12440,1
2020-07-29,15:23:30.999000,12440,12442,12442,3
2020-07-29,15:23:31.149000,12440,12442,12440,1
2020-07-29,15:23:32.649000,12440,12442,12442,1
2020-07-29,15:23:33.265000,12441,12442,12442,1
2020-07-29,15:23:34.550000,12441,12442,12442,2
2020-07-29,15:23:34.992000,12442,12443,12442,1
2020-07-29,15:23:41.897000,12442,12443,12442,1
2020-07-29,15:23:42.587000,12442,12443,12442,1
2020-07-29,15:23:43.885000,12442,12443,12443,1
2020-07-29,15:23:44.180000,12442,12443,12443,2
2020-07-29,15:23:52.511000,12442,12443,12443,1
2020-07-29,15:23:57.869000,12442,12443,12443,1
2020-07-29,15:23:57.977000,12442,12443,12444,1
2020-07-29,15:24:01.352000,12443,12444,12443,1
2020-07-29,15:24:10.576000,12442,12443,12442,1
2020-07-29,15:24:10.577000,12442,12443,12442,3
2020-07-29,15:24:10.578000,12442,12443,12442,10
2020-07-29,15:24:10.578000,12442,12443,12442,3
2020-07-29,15:24:25.803000,12441,12442,12442,3
2020-07-29,15:24:35.992000,12442,12443,12442,1
2020-07-29,15:24:59.401000,12442,12443,12443,4
2020-07-29,15:24:59.401000,12442,12443,12443,4
2020-07-29,15:25:02.126000,12443,12444,12443,1
2020-07-29,15:25:09.442000,12442,12443,12443,1
2020-07-29,15:25:09.988000,12442,12444,12442,1
2020-07-29,15:25:23.390000,12443,12444,12444,29
2020-07-29,15:25:25.562000,12443,12445,12443,1
2020-07-29,15:25:26.099000,12443,12445,12445,1
2020-07-29,15:25:26.701000,12443,12445,12445,1
2020-07-29,15:25:28.676000,12443,12444,12443,1
2020-07-29,15:25:31.085000,12443,12444,12443,1
2020-07-29,15:25:31.209000,12443,12444,12444,1
2020-07-29,15:25:31.209000,12443,12444,12445,2
2020-07-29,15:25:43.384000,12444,12445,12445,1
2020-07-29,15:25:45.769000,12444,12445,12445,1
2020-07-29,15:25:52.071000,12444,12445,12444,1
2020-07-29,15:26:03.150000,12444,12445,12445,1
2020-07-29,15:26:03.645000,12444,12445,12445,2
2020-07-29,15:26:04.341000,12444,12445,12445,2
2020-07-29,15:26:11.643000,12444,12445,12445,1
2020-07-29,15:26:20.774000,12444,12445,12444,2
2020-07-29,15:26:21.662000,12443,12445,12445,1
2020-07-29,15:26:24.609000,12443,12445,12445,1
2020-07-29,15:26:25.683000,12443,12445,12445,1
2020-07-29,15:26:25.834000,12443,12445,12445,1
2020-07-29,15:26:25.983000,12443,12445,12445,1
2020-07-29,15:26:28.496000,12443,12445,12445,1
2020-07-29,15:26:35.204000,12444,12445,12444,1
2020-07-29,15:26:36.824000,12443,12444,12444,1
2020-07-29,15:26:36.824000,12443,12444,12445,4
2020-07-29,15:26:36.963000,12444,12446,12446,2
2020-07-29,15:26:44.789000,12445,12446,12445,1
2020-07-29,15:26:52.389000,12445,12446,12446,7
2020-07-29,15:26:52.389000,12445,12446,12446,3
2020-07-29,15:26:52.389000,12445,12446,12446,2
2020-07-29,15:26:52.389000,12445,12446,12446,16
2020-07-29,15:26:54.734000,12446,12447,12447,1
2020-07-29,15:26:58.102000,12446,12447,12447,3
2020-07-29,15:26:58.644000,12446,12447,12447,1
2020-07-29,15:27:02.657000,12446,12447,12447,1
2020-07-29,15:27:05.136000,12446,12447,12446,1
2020-07-29,15:27:07.132000,12446,12447,12447,1
2020-07-29,15:27:12.642000,12446,12447,12447,1
2020-07-29,15:27:19.309000,12446,12447,12447,1
2020-07-29,15:27:19.742000,12446,12447,12447,5
2020-07-29,15:27:19.854000,12446,12447,12447,2
2020-07-29,15:27:20.245000,12446,12447,12447,2
2020-07-29,15:27:21.077000,12446,12447,12447,1
2020-07-29,15:27:21.513000,12446,12447,12447,1
2020-07-29,15:27:22.345000,12446,12447,12447,1
2020-07-29,15:27:26.986000,12447,12448,12447,1
2020-07-29,15:27:26.986000,12447,12448,12447,1
2020-07-29,15:27:28.022000,12446,12447,12447,1
2020-07-29,15:27:28.164000,12446,12447,12447,2
2020-07-29,15:27:40.923000,12446,12447,12446,4
2020-07-29,15:27:47.723000,12446,12447,12446,1
2020-07-29,15:27:54.194000,12446,12447,12446,2
2020-07-29,15:27:54.988000,12446,12447,12446,2
2020-07-29,15:27:54.989000,12446,12447,12446,1
2020-07-29,15:28:00.919000,12445,12446,12445,4
2020-07-29,15:28:02.173000,12444,12446,12446,1
2020-07-29,15:28:02.513000,12444,12445,12445,1
2020-07-29,15:28:05.755000,12444,12446,12446,1
2020-07-29,15:28:12.752000,12445,12446,12446,1
2020-07-29,15:28:13.333000,12445,12446,12445,1
2020-07-29,15:28:16.205000,12445,12446,12445,3
2020-07-29,15:28:20.760000,12444,12445,12444,6
2020-07-29,15:28:32.241000,12443,12444,12443,1
2020-07-29,15:28:38.930000,12443,12444,12443,1
2020-07-29,15:28:41.198000,12443,12444,12444,1
2020-07-29,15:28:44.078000,12444,12445,12444,1
2020-07-29,15:28:45.767000,12444,12445,12445,1
2020-07-29,15:28:46.885000,12445,12446,12445,1
2020-07-29,15:28:48.990000,12444,12446,12444,2
2020-07-29,15:28:54.227000,12445,12446,12446,1
2020-07-29,15:29:00.378000,12445,12446,12446,1
2020-07-29,15:29:01.859000,12445,12446,12446,1
2020-07-29,15:29:03.278000,12445,12446,12446,1
2020-07-29,15:29:04.087000,12445,12446,12446,7
2020-07-29,15:29:04.381000,12445,12446,12446,1
2020-07-29,15:29:06.035000,12445,12446,12446,1
2020-07-29,15:29:07.286000,12445,12446,12446,2
2020-07-29,15:29:11.368000,12446,12447,12446,1
2020-07-29,15:29:17.104000,12446,12447,12446,3
2020-07-29,15:29:25.530000,12445,12446,12445,1
2020-07-29,15:29:25.531000,12445,12446,12445,1
2020-07-29,15:29:42.879000,12444,12445,12444,3
2020-07-29,15:29:42.879000,12444,12445,12444,1
2020-07-29,15:29:45.357000,12443,12444,12443,2
2020-07-29,15:29:45.357000,12443,12444,12443,1
2020-07-29,15:29:52.371000,12442,12443,12442,1
2020-07-29,15:29:55.689000,12442,12443,12443,1
2020-07-29,15:29:55.977000,12442,12443,12442,8
2020-07-29,15:29:56.266000,12441,12443,12443,2
2020-07-29,15:30:00.121000,12441,12442,12442,5
2020-07-29,15:30:00.354000,12441,12443,12441,2
2020-07-29,15:30:00.640000,12441,12443,12442,1
2020-07-29,15:30:00.820000,12441,12442,12442,3
2020-07-29,15:30:01.995000,12441,12442,12442,1
2020-07-29,15:30:02.255000,12441,12442,12442,1
2020-07-29,15:30:03.409000,12441,12442,12441,1
2020-07-29,15:30:03.829000,12441,12442,12441,1
2020-07-29,15:30:04.856000,12440,12441,12440,1
2020-07-29,15:30:08.041000,12439,12440,12440,1
2020-07-29,15:30:10.300000,12439,12440,12439,2
2020-07-29,15:30:10.300000,12439,12440,12439,3
2020-07-29,15:30:15.250000,12438,12439,12438,1
2020-07-29,15:30:15.505000,12438,12439,12439,2
2020-07-29,15:30:15.519000,12438,12439,12438,1
2020-07-29,15:30:15.528000,12438,12439,12438,5
2020-07-29,15:30:16.470000,12438,12440,12438,1
2020-07-29,15:30:19.920000,12438,12439,12438,4
2020-07-29,15:30:21.258000,12438,12439,12438,1
2020-07-29,15:30:22.971000,12438,12439,12439,1
2020-07-29,15:30:23.559000,12438,12439,12438,1
2020-07-29,15:30:27.338000,12438,12439,12439,4
2020-07-29,15:30:30.214000,12438,12440,12440,2
2020-07-29,15:30:30.215000,12438,12440,12440,5
2020-07-29,15:30:30.215000,12438,12440,12440,1
2020-07-29,15:30:30.215000,12438,12440,12440,2
2020-07-29,15:30:34.189000,12440,12441,12441,23
2020-07-29,15:30:34.190000,12440,12441,12442,4
2020-07-29,15:30:34.190000,12440,12441,12442,4
2020-07-29,15:30:34.190000,12440,12441,12442,4
2020-07-29,15:30:34.191000,12440,12441,12442,1
2020-07-29,15:30:39.577000,12442,12443,12442,1
2020-07-29,15:30:39.692000,12442,12443,12443,1
2020-07-29,15:30:39.692000,12442,12443,12443,1
2020-07-29,15:30:42.555000,12442,12443,12442,1
2020-07-29,15:30:44.089000,12442,12443,12442,1
2020-07-29,15:30:44.347000,12442,12443,12443,1
2020-07-29,15:30:48.606000,12443,12445,12443,1
2020-07-29,15:30:49.751000,12443,12444,12443,1
2020-07-29,15:30:52.286000,12443,12444,12444,1
2020-07-29,15:30:53.187000,12444,12445,12444,1
2020-07-29,15:30:56.315000,12444,12445,12444,1
2020-07-29,15:31:01.400000,12444,12445,12445,3
2020-07-29,15:31:01.401000,12444,12445,12445,1
2020-07-29,15:31:05.074000,12445,12446,12445,1
2020-07-29,15:31:06.320000,12444,12446,12446,16
2020-07-29,15:31:06.320000,12444,12446,12447,1
2020-07-29,15:31:06.412000,12445,12447,12447,5
2020-07-29,15:31:08.763000,12445,12446,12446,2
2020-07-29,15:31:09.797000,12445,12446,12445,1
2020-07-29,15:31:09.797000,12445,12446,12445,2
2020-07-29,15:31:09.797000,12445,12446,12445,2
2020-07-29,15:31:10.069000,12444,12445,12444,1
2020-07-29,15:31:10.069000,12444,12445,12444,5
2020-07-29,15:31:15.885000,12443,12444,12444,1
2020-07-29,15:31:27.045000,12444,12445,12444,1
2020-07-29,15:31:34.793000,12443,12444,12444,1
2020-07-29,15:31:41.623000,12444,12445,12445,1
2020-07-29,15:31:44.257000,12444,12446,12444,1
2020-07-29,15:31:45.258000,12444,12446,12444,1
2020-07-29,15:31:50.994000,12445,12446,12445,2
2020-07-29,15:31:55.486000,12445,12446,12445,1
2020-07-29,15:31:58.029000,12445,12446,12446,1
2020-07-29,15:31:58.055000,12445,12446,12446,1
2020-07-29,15:31:58.064000,12445,12446,12446,1
2020-07-29,15:31:58.569000,12445,12446,12446,1
2020-07-29,15:32:01.684000,12445,12446,12445,2
2020-07-29,15:32:05.590000,12445,12446,12446,6
2020-07-29,15:32:05.590000,12445,12446,12446,1
2020-07-29,15:32:05.772000,12445,12446,12445,4
2020-07-29,15:32:11.130000,12444,12445,12445,1
2020-07-29,15:32:14.879000,12445,12446,12446,1
2020-07-29,15:32:14.908000,12445,12446,12446,1
2020-07-29,15:32:16.094000,12446,12447,12446,1
2020-07-29,15:32:16.473000,12445,12446,12445,1
2020-07-29,15:32:19.624000,12445,12446,12446,1
2020-07-29,15:32:23.082000,12445,12446,12445,2
2020-07-29,15:32:24.102000,12445,12446,12445,2
2020-07-29,15:32:30.371000,12444,12445,12444,2
2020-07-29,15:32:30.371000,12444,12445,12444,3
2020-07-29,15:32:32.509000,12443,12445,12445,5
2020-07-29,15:32:51.025000,12444,12445,12445,1
2020-07-29,15:33:02.450000,12444,12445,12444,1
2020-07-29,15:33:02.450000,12444,12445,12444,1
2020-07-29,15:33:30.844000,12443,12444,12443,4
2020-07-29,15:33:31.401000,12443,12444,12443,1
2020-07-29,15:33:39.993000,12442,12443,12442,1
2020-07-29,15:33:40.744000,12442,12443,12443,1
2020-07-29,15:33:46.546000,12442,12443,12443,3
2020-07-29,15:33:46.546000,12442,12443,12444,9
2020-07-29,15:33:55.939000,12443,12444,12443,1
2020-07-29,15:34:09.632000,12443,12444,12443,2
2020-07-29,15:34:09.886000,12442,12444,12443,1
2020-07-29,15:34:14.725000,12442,12443,12442,4
2020-07-29,15:34:14.726000,12442,12443,12442,3
2020-07-29,15:34:27.305000,12441,12442,12442,3
2020-07-29,15:34:27.549000,12442,12443,12442,1
2020-07-29,15:34:28.168000,12441,12443,12441,1
2020-07-29,15:34:28.383000,12441,12443,12441,1
2020-07-29,15:34:29.110000,12441,12443,12442,1
2020-07-29,15:34:33.070000,12441,12442,12442,1
2020-07-29,15:34:47.175000,12442,12443,12443,6
2020-07-29,15:34:50.043000,12443,12444,12443,3
2020-07-29,15:34:54.776000,12443,12444,12444,1
2020-07-29,15:34:54.776000,12443,12444,12445,2
2020-07-29,15:34:56.254000,12443,12445,12443,1
2020-07-29,15:34:56.809000,12443,12445,12443,2
2020-07-29,15:34:58.310000,12443,12445,12443,1
2020-07-29,15:35:00.179000,12443,12445,12443,1
2020-07-29,15:35:04.270000,12443,12444,12443,1
2020-07-29,15:35:04.900000,12443,12444,12444,1
2020-07-29,15:35:04.912000,12443,12444,12444,1
2020-07-29,15:35:04.943000,12443,12444,12443,1
2020-07-29,15:35:05.685000,12443,12445,12443,4
2020-07-29,15:35:09.701000,12444,12445,12444,1
2020-07-29,15:35:24.566000,12443,12444,12444,1
2020-07-29,15:35:27.598000,12443,12445,12443,2
2020-07-29,15:35:28.369000,12443,12445,12445,1
2020-07-29,15:35:37.020000,12444,12445,12445,6
2020-07-29,15:35:37.136000,12445,12446,12445,1
2020-07-29,15:35:39.543000,12445,12446,12445,1
2020-07-29,15:35:45.473000,12445,12446,12445,1
2020-07-29,15:35:48.548000,12445,12446,12446,1
2020-07-29,15:35:50.044000,12445,12446,12446,1
2020-07-29,15:35:50.655000,12445,12446,12446,1
2020-07-29,15:35:53.217000,12445,12446,12445,4
2020-07-29,15:35:56.821000,12444,12446,12446,1
2020-07-29,15:35:57.689000,12444,12445,12445,1
2020-07-29,15:36:08.645000,12445,12446,12445,1
2020-07-29,15:36:09.030000,12444,12445,12445,1
2020-07-29,15:36:14.642000,12445,12446,12446,2
2020-07-29,15:36:15.328000,12445,12446,12446,2
2020-07-29,15:36:15.556000,12445,12447,12447,2
2020-07-29,15:36:15.556000,12445,12447,12447,5
2020-07-29,15:36:15.556000,12445,12447,12447,2
2020-07-29,15:36:16.252000,12447,12448,12448,2
2020-07-29,15:36:16.252000,12447,12448,12448,6
2020-07-29,15:36:16.446000,12448,12449,12449,2
2020-07-29,15:36:16.545000,12448,12449,12449,2
2020-07-29,15:36:16.554000,12448,12449,12449,1
2020-07-29,15:36:16.554000,12448,12449,12449,2
2020-07-29,15:36:16.554000,12448,12449,12449,7
2020-07-29,15:36:19.730000,12449,12450,12449,1
2020-07-29,15:36:22.527000,12448,12449,12449,1
2020-07-29,15:36:24.494000,12448,12449,12448,1
2020-07-29,15:36:25.424000,12447,12448,12447,2
2020-07-29,15:36:28.306000,12447,12448,12448,2
2020-07-29,15:36:33.232000,12447,12448,12448,1
2020-07-29,15:36:35.954000,12448,12449,12448,1
2020-07-29,15:36:38.551000,12447,12448,12448,1
2020-07-29,15:36:43.294000,12448,12449,12448,1
2020-07-29,15:36:44.864000,12447,12448,12448,1
2020-07-29,15:36:55.945000,12448,12449,12448,1
2020-07-29,15:37:02.177000,12448,12449,12449,3
2020-07-29,15:37:02.595000,12448,12449,12449,1
2020-07-29,15:37:02.595000,12448,12449,12449,9
2020-07-29,15:37:03.830000,12449,12450,12449,1
2020-07-29,15:37:06.656000,12449,12450,12450,1
2020-07-29,15:37:06.775000,12449,12450,12450,1
2020-07-29,15:37:06.782000,12449,12450,12449,1
2020-07-29,15:37:06.804000,12449,12450,12450,2
2020-07-29,15:37:09.596000,12449,12450,12450,3
2020-07-29,15:37:09.953000,12449,12450,12450,2
2020-07-29,15:37:09.953000,12449,12450,12450,2
2020-07-29,15:37:09.953000,12449,12450,12450,4
2020-07-29,15:37:09.953000,12449,12450,12450,2
2020-07-29,15:37:09.954000,12449,12450,12450,3
2020-07-29,15:37:09.954000,12449,12450,12450,2
2020-07-29,15:37:09.954000,12449,12450,12450,2
2020-07-29,15:37:09.954000,12449,12450,12450,1
2020-07-29,15:37:09.954000,12449,12450,12450,1
2020-07-29,15:37:09.954000,12449,12450,12450,1
2020-07-29,15:37:09.954000,12449,12450,12450,1
2020-07-29,15:37:09.991000,12449,12450,12450,3
2020-07-29,15:37:11.952000,12449,12450,12450,1
2020-07-29,15:37:12.101000,12449,12450,12450,1
2020-07-29,15:37:12.626000,12449,12450,12450,2
2020-07-29,15:37:12.754000,12449,12451,12449,4
2020-07-29,15:37:16.298000,12450,12451,12450,2
2020-07-29,15:37:17.888000,12450,12451,12450,1
2020-07-29,15:37:20.259000,12449,12450,12450,1
2020-07-29,15:37:21.603000,12449,12450,12450,3
2020-07-29,15:37:21.604000,12449,12450,12450,1
2020-07-29,15:37:23.584000,12450,12451,12450,1
2020-07-29,15:37:25.978000,12449,12450,12450,1
2020-07-29,15:37:27.413000,12449,12451,12451,1
2020-07-29,15:37:27.519000,12450,12451,12451,1
2020-07-29,15:37:27.555000,12450,12451,12451,1
2020-07-29,15:37:27.574000,12450,12451,12451,1
2020-07-29,15:37:27.594000,12450,12451,12451,1
2020-07-29,15:37:32.710000,12450,12451,12451,1
2020-07-29,15:37:33.006000,12450,12451,12451,2
2020-07-29,15:37:34.443000,12450,12451,12451,1
2020-07-29,15:37:35.222000,12450,12451,12451,1
2020-07-29,15:37:40.071000,12451,12452,12452,1
2020-07-29,15:37:40.155000,12451,12452,12452,1
2020-07-29,15:37:40.194000,12451,12452,12451,1
2020-07-29,15:37:40.194000,12451,12452,12450,2
2020-07-29,15:37:40.206000,12451,12452,12452,6
2020-07-29,15:37:40.210000,12451,12452,12452,1
2020-07-29,15:37:40.423000,12450,12452,12452,1
2020-07-29,15:37:47.090000,12450,12451,12451,1
2020-07-29,15:37:49.685000,12450,12451,12451,1
2020-07-29,15:37:50.563000,12450,12451,12451,1
2020-07-29,15:37:54.292000,12450,12451,12450,2
2020-07-29,15:37:54.292000,12450,12451,12450,2
2020-07-29,15:37:54.292000,12450,12451,12450,4
2020-07-29,15:37:55.281000,12449,12451,12451,1
2020-07-29,15:37:56.514000,12449,12450,12450,1
2020-07-29,15:37:56.514000,12449,12450,12450,1
2020-07-29,15:37:58.360000,12449,12451,12450,1
2020-07-29,15:37:58.828000,12449,12451,12450,1
2020-07-29,15:38:03.698000,12449,12450,12449,3
2020-07-29,15:38:12.722000,12449,12450,12449,2
2020-07-29,15:38:18.654000,12449,12450,12449,2
2020-07-29,15:38:27.287000,12448,12449,12449,1
2020-07-29,15:38:31.736000,12448,12450,12450,1
2020-07-29,15:38:32.942000,12448,12450,12449,1
2020-07-29,15:38:34.397000,12449,12450,12450,1
2020-07-29,15:38:48.336000,12448,12449,12449,1
2020-07-29,15:38:49.002000,12448,12449,12449,1
2020-07-29,15:39:07.794000,12449,12450,12449,1
2020-07-29,15:39:14.244000,12449,12450,12449,1
2020-07-29,15:39:16.989000,12449,12450,12449,1
2020-07-29,15:39:18.975000,12448,12449,12449,1
2020-07-29,15:39:19.229000,12449,12450,12449,1
2020-07-29,15:39:19.833000,12449,12450,12449,1
2020-07-29,15:39:24.810000,12449,12450,12449,1
2020-07-29,15:39:25.396000,12449,12450,12449,1
2020-07-29,15:39:25.492000,12448,12449,12448,1
2020-07-29,15:39:27.172000,12448,12449,12448,5
2020-07-29,15:39:27.518000,12447,12449,12449,1
2020-07-29,15:39:27.725000,12447,12449,12449,1
2020-07-29,15:39:31.224000,12447,12449,12447,2
2020-07-29,15:39:35.366000,12447,12448,12447,1
2020-07-29,15:39:40.230000,12447,12448,12447,2
2020-07-29,15:39:53.626000,12447,12448,12447,1
2020-07-29,15:39:53.845000,12447,12448,12447,1
2020-07-29,15:39:57.184000,12447,12448,12447,1
2020-07-29,15:40:00.636000,12447,12448,12447,2
2020-07-29,15:40:01.183000,12447,12448,12447,4
2020-07-29,15:40:02.328000,12446,12447,12447,3
2020-07-29,15:40:02.583000,12446,12447,12447,2
2020-07-29,15:40:02.607000,12446,12447,12447,1
2020-07-29,15:40:05.941000,12447,12448,12448,1
2020-07-29,15:40:07.874000,12448,12449,12449,2
2020-07-29,15:40:08.502000,12449,12450,12449,3
2020-07-29,15:40:08.502000,12449,12450,12448,2
2020-07-29,15:40:08.882000,12448,12450,12448,1
2020-07-29,15:40:17.428000,12448,12449,12449,1
2020-07-29,15:40:18.856000,12449,12450,12450,3
2020-07-29,15:40:18.857000,12449,12450,12450,5
2020-07-29,15:40:19.845000,12449,12451,12449,2
2020-07-29,15:40:25.660000,12450,12451,12450,2
2020-07-29,15:40:30.298000,12449,12451,12451,1
2020-07-29,15:40:35.129000,12450,12451,12450,1
2020-07-29,15:40:42.944000,12450,12451,12450,5
2020-07-29,15:40:47.124000,12450,12451,12450,2
2020-07-29,15:40:57.922000,12449,12450,12450,1
2020-07-29,15:40:57.923000,12449,12450,12450,2
2020-07-29,15:40:57.923000,12449,12450,12450,3
2020-07-29,15:41:00.654000,12450,12451,12451,3
2020-07-29,15:41:00.655000,12450,12451,12451,1
2020-07-29,15:41:01.502000,12451,12452,12452,1
2020-07-29,15:41:01.728000,12451,12452,12452,1
2020-07-29,15:41:02.217000,12451,12452,12452,8
2020-07-29,15:41:02.217000,12451,12452,12452,1
2020-07-29,15:41:02.542000,12452,12453,12453,4
2020-07-29,15:41:05.083000,12452,12453,12452,1
2020-07-29,15:41:15.249000,12452,12453,12452,1
2020-07-29,15:41:15.651000,12452,12453,12453,1
2020-07-29,15:41:17.869000,12452,12453,12453,8
2020-07-29,15:41:18.053000,12452,12454,12453,1
2020-07-29,15:41:18.062000,12452,12454,12453,1
2020-07-29,15:41:20.066000,12452,12453,12453,1
2020-07-29,15:41:20.823000,12452,12453,12453,2
2020-07-29,15:41:21.052000,12452,12453,12453,1
2020-07-29,15:41:22.331000,12452,12454,12453,2
2020-07-29,15:41:24.696000,12452,12453,12453,2
2020-07-29,15:41:26.348000,12452,12453,12453,2
2020-07-29,15:41:27.499000,12452,12453,12453,1
2020-07-29,15:41:30.885000,12452,12453,12453,1
2020-07-29,15:41:31.250000,12452,12453,12453,1
2020-07-29,15:41:37.414000,12452,12453,12453,1
2020-07-29,15:41:37.713000,12452,12453,12453,2
2020-07-29,15:41:40.724000,12453,12454,12454,1
2020-07-29,15:41:40.729000,12453,12454,12454,1
2020-07-29,15:41:40.877000,12453,12454,12453,1
2020-07-29,15:41:50.970000,12453,12454,12454,2
2020-07-29,15:41:50.970000,12453,12454,12454,2
2020-07-29,15:41:50.970000,12453,12454,12454,2
2020-07-29,15:41:50.970000,12453,12454,12454,1
2020-07-29,15:41:50.970000,12453,12454,12454,3
2020-07-29,15:41:51.794000,12454,12455,12455,5
2020-07-29,15:41:51.990000,12454,12455,12455,1
2020-07-29,15:41:52.058000,12454,12455,12455,1
2020-07-29,15:41:54.706000,12454,12455,12455,1
2020-07-29,15:41:55.766000,12454,12455,12455,3
2020-07-29,15:41:56.109000,12454,12455,12455,5
2020-07-29,15:41:58.356000,12454,12455,12455,1
2020-07-29,15:42:02.334000,12455,12456,12455,2
2020-07-29,15:42:02.354000,12455,12456,12455,2
2020-07-29,15:42:02.383000,12454,12455,12455,2
2020-07-29,15:42:02.688000,12454,12455,12455,3
2020-07-29,15:42:02.688000,12454,12455,12456,1
2020-07-29,15:42:02.980000,12455,12456,12455,3
2020-07-29,15:42:02.980000,12455,12456,12455,1
2020-07-29,15:42:04.871000,12454,12455,12455,2
2020-07-29,15:42:05.947000,12454,12455,12455,6
2020-07-29,15:42:11.324000,12454,12455,12455,1
2020-07-29,15:42:12.340000,12455,12456,12455,1
2020-07-29,15:42:13.434000,12455,12456,12455,5
2020-07-29,15:42:17.242000,12455,12456,12456,1
2020-07-29,15:42:18.518000,12455,12456,12455,1
2020-07-29,15:42:21.094000,12455,12456,12456,2
2020-07-29,15:42:21.094000,12455,12456,12456,3
2020-07-29,15:42:21.094000,12455,12456,12456,5
2020-07-29,15:42:21.373000,12456,12457,12457,6
2020-07-29,15:42:21.537000,12456,12457,12457,3
2020-07-29,15:42:21.537000,12456,12457,12457,1
2020-07-29,15:42:21.544000,12456,12457,12458,2
2020-07-29,15:42:21.663000,12456,12458,12458,1
2020-07-29,15:42:21.670000,12456,12458,12458,1
2020-07-29,15:42:21.684000,12456,12458,12458,1
2020-07-29,15:42:25.086000,12457,12458,12457,1
2020-07-29,15:42:29.256000,12457,12458,12458,1
2020-07-29,15:42:29.313000,12457,12458,12458,10
2020-07-29,15:42:29.313000,12457,12458,12458,15
2020-07-29,15:42:29.313000,12457,12458,12458,4
2020-07-29,15:42:29.313000,12457,12458,12458,4
2020-07-29,15:42:29.313000,12457,12458,12458,1
2020-07-29,15:42:29.313000,12457,12458,12458,5
2020-07-29,15:42:29.313000,12457,12458,12458,2
2020-07-29,15:42:29.313000,12457,12458,12458,6
2020-07-29,15:42:29.313000,12457,12458,12458,1
2020-07-29,15:42:29.313000,12457,12458,12458,1
2020-07-29,15:42:29.313000,12457,12458,12458,4
2020-07-29,15:42:29.313000,12457,12458,12458,1
2020-07-29,15:42:29.313000,12457,12458,12458,5
2020-07-29,15:42:29.314000,12457,12458,12458,2
2020-07-29,15:42:29.314000,12457,12458,12458,1
2020-07-29,15:42:29.590000,12458,12459,12458,1
2020-07-29,15:42:29.591000,12458,12459,12458,1
2020-07-29,15:42:29.743000,12458,12459,12458,1
2020-07-29,15:42:30.040000,12457,12459,12458,1
2020-07-29,15:42:30.362000,12457,12459,12459,1
2020-07-29,15:42:30.835000,12458,12459,12459,1
2020-07-29,15:42:31.963000,12458,12459,12458,1
2020-07-29,15:42:31.963000,12458,12459,12458,2
2020-07-29,15:42:34.327000,12457,12458,12457,2
2020-07-29,15:42:34.328000,12457,12458,12457,1
2020-07-29,15:42:34.328000,12457,12458,12457,1
2020-07-29,15:42:34.330000,12457,12458,12457,1
2020-07-29,15:42:35.082000,12456,12458,12458,1
2020-07-29,15:42:37.938000,12456,12458,12458,7
2020-07-29,15:42:38.974000,12457,12458,12458,1
2020-07-29,15:42:39.926000,12457,12458,12458,1
2020-07-29,15:42:40.386000,12457,12458,12458,10
2020-07-29,15:42:41.332000,12457,12458,12457,1
2020-07-29,15:42:42.655000,12457,12458,12457,3
2020-07-29,15:42:42.655000,12457,12458,12456,1
2020-07-29,15:42:42.664000,12457,12458,12456,1
2020-07-29,15:42:42.842000,12456,12457,12457,1
2020-07-29,15:42:43.427000,12456,12457,12457,3
2020-07-29,15:42:44.384000,12456,12458,12457,1
2020-07-29,15:42:44.468000,12456,12458,12456,4
2020-07-29,15:42:44.525000,12456,12457,12457,1
2020-07-29,15:42:46.066000,12457,12458,12457,1
2020-07-29,15:42:46.308000,12456,12457,12457,1
2020-07-29,15:42:47.332000,12456,12457,12457,1
2020-07-29,15:42:49.320000,12456,12457,12457,1
2020-07-29,15:42:50.729000,12456,12458,12458,1
2020-07-29,15:42:50.871000,12456,12458,12456,2
2020-07-29,15:42:54.529000,12456,12457,12457,3
2020-07-29,15:42:59.619000,12457,12458,12458,4
2020-07-29,15:43:00.173000,12457,12458,12457,1
2020-07-29,15:43:02.370000,12457,12458,12458,3
2020-07-29,15:43:03.055000,12458,12459,12458,1
2020-07-29,15:43:04.281000,12458,12459,12458,1
2020-07-29,15:43:05.688000,12458,12459,12459,1
2020-07-29,15:43:06.458000,12458,12459,12459,1
2020-07-29,15:43:06.987000,12458,12459,12459,15
2020-07-29,15:43:07.981000,12458,12459,12459,2
2020-07-29,15:43:08.539000,12458,12459,12459,1
2020-07-29,15:43:11.903000,12458,12459,12458,1
2020-07-29,15:43:13.249000,12458,12459,12458,1
2020-07-29,15:43:20.146000,12458,12459,12459,1
2020-07-29,15:43:20.395000,12458,12459,12459,2
2020-07-29,15:43:21.771000,12458,12459,12458,6
2020-07-29,15:43:22.157000,12457,12458,12458,1
2020-07-29,15:43:23.092000,12457,12458,12458,1
2020-07-29,15:43:26.581000,12457,12458,12458,1
2020-07-29,15:43:28.815000,12457,12458,12457,1
2020-07-29,15:43:28.909000,12457,12458,12458,1
2020-07-29,15:43:29.487000,12457,12458,12458,1
2020-07-29,15:43:30.561000,12457,12458,12458,1
2020-07-29,15:43:31.038000,12457,12458,12458,1
2020-07-29,15:43:32.395000,12457,12458,12458,1
2020-07-29,15:43:34.743000,12458,12459,12458,1
2020-07-29,15:43:38.317000,12457,12458,12458,1
2020-07-29,15:43:42.346000,12458,12459,12458,1
2020-07-29,15:43:42.910000,12458,12459,12458,1
2020-07-29,15:43:43.112000,12458,12459,12458,1
2020-07-29,15:43:49.490000,12458,12459,12458,5
2020-07-29,15:43:52.439000,12457,12458,12457,1
2020-07-29,15:43:52.533000,12457,12458,12457,1
2020-07-29,15:43:52.813000,12457,12458,12458,5
2020-07-29,15:44:00.382000,12457,12458,12457,8
2020-07-29,15:44:00.420000,12457,12458,12456,2
2020-07-29,15:44:00.420000,12457,12458,12456,2
2020-07-29,15:44:00.420000,12457,12458,12456,2
2020-07-29,15:44:00.648000,12455,12456,12456,2
2020-07-29,15:44:00.698000,12455,12456,12456,2
2020-07-29,15:44:02.192000,12455,12457,12457,8
2020-07-29,15:44:08.144000,12456,12457,12456,1
2020-07-29,15:44:13.925000,12455,12456,12455,1
2020-07-29,15:44:13.998000,12455,12456,12455,2
2020-07-29,15:44:14.269000,12455,12456,12455,1
2020-07-29,15:44:17.626000,12455,12456,12455,2
2020-07-29,15:44:19.835000,12455,12456,12455,3
2020-07-29,15:44:20.292000,12454,12455,12455,1
2020-07-29,15:44:22.594000,12455,12456,12455,1
2020-07-29,15:44:24.371000,12455,12456,12455,1
2020-07-29,15:44:26.154000,12454,12455,12454,9
2020-07-29,15:44:30.684000,12453,12454,12453,1
2020-07-29,15:44:32.161000,12452,12453,12452,1
2020-07-29,15:44:40.155000,12452,12453,12452,1
2020-07-29,15:44:40.581000,12452,12453,12452,2
2020-07-29,15:44:42.289000,12451,12453,12453,1
2020-07-29,15:44:43.502000,12451,12452,12452,1
2020-07-29,15:44:52.318000,12452,12453,12453,1
2020-07-29,15:44:57.210000,12452,12453,12452,2
2020-07-29,15:45:02.344000,12451,12452,12452,2
2020-07-29,15:45:02.699000,12451,12452,12452,1
2020-07-29,15:45:03.585000,12451,12452,12452,1
2020-07-29,15:45:03.585000,12451,12452,12452,3
2020-07-29,15:45:03.586000,12451,12452,12452,1
2020-07-29,15:45:03.777000,12452,12453,12452,1
2020-07-29,15:45:05.193000,12452,12453,12453,3
2020-07-29,15:45:05.194000,12452,12453,12453,1
2020-07-29,15:45:09.507000,12453,12454,12453,1
2020-07-29,15:45:18.985000,12452,12453,12453,1
2020-07-29,15:45:30.112000,12452,12453,12452,8
2020-07-29,15:45:33.107000,12451,12452,12452,1
2020-07-29,15:45:34.296000,12451,12452,12452,2
2020-07-29,15:45:37.496000,12452,12453,12452,1
2020-07-29,15:45:41.167000,12452,12453,12453,1
2020-07-29,15:45:52.520000,12452,12453,12453,1
2020-07-29,15:45:59.859000,12452,12453,12453,1
2020-07-29,15:46:00.937000,12452,12453,12453,1
2020-07-29,15:46:02.249000,12453,12454,12454,1
2020-07-29,15:46:05.238000,12453,12454,12453,1
2020-07-29,15:46:11.694000,12452,12453,12453,1
2020-07-29,15:46:19.179000,12452,12453,12452,14
2020-07-29,15:46:19.179000,12452,12453,12452,1
2020-07-29,15:46:21.301000,12451,12452,12451,9
2020-07-29,15:46:21.301000,12451,12452,12451,2
2020-07-29,15:46:21.301000,12451,12452,12451,1
2020-07-29,15:46:25.273000,12450,12451,12450,1
2020-07-29,15:46:25.917000,12450,12451,12450,1
2020-07-29,15:46:29.028000,12450,12451,12451,1
2020-07-29,15:46:31.691000,12451,12453,12451,1
2020-07-29,15:46:32.186000,12451,12453,12451,1
2020-07-29,15:46:33.564000,12451,12453,12451,1
2020-07-29,15:46:38.377000,12451,12453,12451,1
2020-07-29,15:46:44.790000,12451,12452,12452,3
2020-07-29,15:46:47.641000,12451,12452,12452,1
2020-07-29,15:46:47.947000,12451,12453,12451,1
2020-07-29,15:46:51.347000,12452,12453,12452,2
2020-07-29,15:46:51.347000,12452,12453,12451,8
2020-07-29,15:46:51.389000,12451,12452,12452,1
2020-07-29,15:46:59.359000,12452,12453,12452,1
2020-07-29,15:47:02.619000,12452,12453,12452,1
2020-07-29,15:47:05.424000,12452,12453,12453,8
2020-07-29,15:47:14.845000,12452,12453,12452,3
2020-07-29,15:47:14.845000,12452,12453,12452,1
2020-07-29,15:47:38.102000,12451,12452,12452,1
2020-07-29,15:47:44.842000,12451,12452,12452,1
2020-07-29,15:47:47.093000,12451,12452,12451,1
2020-07-29,15:47:54.905000,12451,12452,12452,1
2020-07-29,15:47:55.666000,12451,12452,12451,3
2020-07-29,15:47:55.785000,12451,12452,12452,2
2020-07-29,15:47:55.835000,12451,12452,12452,2
2020-07-29,15:47:55.886000,12451,12452,12452,2
2020-07-29,15:47:55.886000,12451,12452,12452,1
2020-07-29,15:47:55.887000,12451,12452,12452,1
2020-07-29,15:48:02.840000,12452,12453,12453,1
2020-07-29,15:48:04.346000,12453,12454,12454,1
2020-07-29,15:48:04.346000,12453,12454,12454,7
2020-07-29,15:48:04.347000,12453,12454,12454,2
2020-07-29,15:48:04.347000,12453,12454,12454,2
2020-07-29,15:48:05.806000,12454,12455,12454,1
2020-07-29,15:48:11.038000,12454,12455,12455,2
2020-07-29,15:48:15.856000,12455,12456,12455,1
2020-07-29,15:48:27.689000,12455,12456,12456,3
2020-07-29,15:48:28.346000,12455,12456,12456,1
2020-07-29,15:48:28.346000,12455,12456,12457,3
2020-07-29,15:48:28.594000,12455,12457,12457,4
2020-07-29,15:48:30.268000,12456,12457,12456,6
2020-07-29,15:48:38.294000,12455,12456,12455,1
2020-07-29,15:48:49.144000,12455,12456,12455,5
2020-07-29,15:49:01.455000,12455,12456,12456,1
2020-07-29,15:49:01.455000,12455,12456,12456,5
2020-07-29,15:49:19.371000,12456,12457,12456,6
2020-07-29,15:49:21.770000,12455,12456,12455,2
2020-07-29,15:49:36.300000,12453,12454,12453,1
2020-07-29,15:49:38.450000,12453,12454,12454,1
2020-07-29,15:50:10.356000,12454,12455,12455,1
2020-07-29,15:50:11.122000,12455,12456,12455,1
2020-07-29,15:50:11.256000,12454,12456,12456,2
2020-07-29,15:50:11.267000,12454,12456,12456,2
2020-07-29,15:50:21.578000,12454,12456,12456,4
2020-07-29,15:50:30.155000,12455,12456,12455,5
2020-07-29,15:50:39.285000,12455,12456,12455,1
2020-07-29,15:50:42.534000,12454,12455,12455,1
2020-07-29,15:50:43.576000,12455,12456,12455,1
2020-07-29,15:50:45.213000,12455,12456,12456,1
2020-07-29,15:50:51.256000,12455,12456,12456,5
2020-07-29,15:51:12.041000,12455,12456,12456,1
2020-07-29,15:51:15.261000,12455,12456,12456,1
2020-07-29,15:51:26.251000,12455,12456,12456,10
2020-07-29,15:51:38.039000,12455,12456,12456,1
2020-07-29,15:51:44.159000,12455,12456,12456,1
2020-07-29,15:51:51.755000,12455,12456,12456,1
2020-07-29,15:51:52.655000,12455,12456,12455,1
2020-07-29,15:51:52.702000,12455,12456,12455,1
2020-07-29,15:52:00.511000,12455,12456,12456,1
2020-07-29,15:52:10.381000,12455,12456,12456,3
2020-07-29,15:52:13.245000,12455,12456,12456,2
2020-07-29,15:52:19.837000,12456,12457,12457,2
2020-07-29,15:52:19.837000,12456,12457,12457,2
2020-07-29,15:52:20.153000,12456,12458,12456,2
2020-07-29,15:52:20.154000,12456,12458,12458,1
2020-07-29,15:52:24.144000,12457,12458,12458,5
2020-07-29,15:52:25.177000,12458,12459,12458,1
2020-07-29,15:52:25.834000,12458,12459,12459,1
2020-07-29,15:52:25.938000,12458,12459,12459,1
2020-07-29,15:52:26.733000,12458,12459,12459,2
2020-07-29,15:52:32.955000,12458,12459,12459,2
2020-07-29,15:52:39.207000,12458,12459,12459,1
2020-07-29,15:52:45.159000,12458,12459,12458,2
2020-07-29,15:52:45.995000,12457,12458,12457,2
2020-07-29,15:52:49.361000,12457,12458,12457,1
2020-07-29,15:52:58.927000,12456,12457,12457,1
2020-07-29,15:52:59.762000,12456,12457,12457,1
2020-07-29,15:53:01.251000,12456,12457,12457,1
2020-07-29,15:53:02.107000,12456,12457,12457,4
2020-07-29,15:53:02.196000,12457,12458,12458,10
2020-07-29,15:53:02.197000,12457,12458,12458,11
2020-07-29,15:53:02.244000,12458,12459,12459,1
2020-07-29,15:53:02.247000,12458,12459,12459,1
2020-07-29,15:53:02.247000,12458,12459,12459,1
2020-07-29,15:53:02.247000,12458,12459,12459,8
2020-07-29,15:53:02.247000,12458,12459,12459,2
2020-07-29,15:53:02.248000,12458,12459,12459,1
2020-07-29,15:53:02.248000,12458,12459,12460,1
2020-07-29,15:53:02.251000,12458,12459,12460,1
2020-07-29,15:53:02.253000,12458,12459,12460,1
2020-07-29,15:53:02.372000,12459,12460,12459,1
2020-07-29,15:53:02.428000,12459,12460,12460,6
2020-07-29,15:53:02.464000,12459,12460,12460,1
2020-07-29,15:53:03.939000,12459,12460,12459,1
2020-07-29,15:53:06.064000,12459,12460,12460,1
2020-07-29,15:53:08.565000,12459,12460,12459,1
2020-07-29,15:53:09.618000,12459,12460,12459,1
2020-07-29,15:53:15.833000,12459,12460,12459,1
2020-07-29,15:53:18.547000,12459,12460,12460,1
2020-07-29,15:53:18.578000,12459,12460,12459,1
2020-07-29,15:53:27.115000,12459,12460,12460,5
2020-07-29,15:53:28.822000,12459,12460,12460,5
2020-07-29,15:53:28.822000,12459,12460,12460,2
2020-07-29,15:53:28.822000,12459,12460,12460,17
2020-07-29,15:53:28.822000,12459,12460,12460,2
2020-07-29,15:53:29.062000,12460,12461,12461,4
2020-07-29,15:53:30.479000,12460,12461,12461,1
2020-07-29,15:53:30.822000,12460,12461,12460,1
2020-07-29,15:53:35.133000,12460,12461,12461,1
2020-07-29,15:53:35.812000,12460,12461,12461,1
2020-07-29,15:53:36.700000,12460,12461,12460,1
2020-07-29,15:53:38.063000,12460,12461,12461,1
2020-07-29,15:53:40.851000,12460,12461,12460,4
2020-07-29,15:53:49.556000,12460,12461,12461,4
2020-07-29,15:53:49.700000,12460,12461,12461,1
2020-07-29,15:53:51.220000,12461,12462,12461,1
2020-07-29,15:53:52.862000,12460,12461,12461,1
2020-07-29,15:53:54.444000,12460,12461,12461,1
2020-07-29,15:53:55.037000,12460,12461,12461,2
2020-07-29,15:53:56.083000,12460,12461,12461,1
2020-07-29,15:53:58.666000,12460,12461,12461,1
2020-07-29,15:54:01.957000,12460,12461,12461,1
2020-07-29,15:54:02.407000,12460,12461,12461,1
2020-07-29,15:54:06.448000,12460,12461,12461,1
2020-07-29,15:54:07.129000,12460,12461,12461,1
2020-07-29,15:54:08.757000,12460,12461,12461,1
2020-07-29,15:54:13.851000,12460,12461,12460,45
2020-07-29,15:54:13.852000,12460,12461,12459,1
2020-07-29,15:54:13.853000,12460,12461,12459,4
2020-07-29,15:54:13.853000,12460,12461,12459,1
2020-07-29,15:54:17.620000,12459,12460,12459,1
2020-07-29,15:54:17.620000,12459,12460,12459,3
2020-07-29,15:54:17.620000,12459,12460,12459,18
2020-07-29,15:54:17.621000,12459,12460,12459,3
2020-07-29,15:54:17.621000,12459,12460,12459,24
2020-07-29,15:54:17.621000,12459,12460,12459,20
2020-07-29,15:54:17.621000,12459,12460,12459,2
2020-07-29,15:54:17.843000,12458,12459,12458,2
2020-07-29,15:54:17.844000,12458,12459,12458,4
2020-07-29,15:54:17.844000,12458,12459,12458,2
2020-07-29,15:54:18.685000,12457,12458,12458,1
2020-07-29,15:54:19.090000,12457,12458,12457,4
2020-07-29,15:54:19.314000,12456,12457,12457,1
2020-07-29,15:54:20.879000,12456,12458,12456,1
2020-07-29,15:54:23.208000,12456,12457,12456,1
2020-07-29,15:54:23.884000,12456,12457,12456,2
2020-07-29,15:54:24.491000,12455,12456,12456,3
2020-07-29,15:54:26.195000,12456,12457,12456,4
2020-07-29,15:54:26.303000,12455,12456,12456,1
2020-07-29,15:54:33.952000,12456,12457,12456,1
2020-07-29,15:54:37.962000,12456,12457,12456,1
2020-07-29,15:54:43.533000,12455,12456,12456,1
2020-07-29,15:54:46.161000,12456,12457,12456,1
2020-07-29,15:54:49.046000,12455,12456,12456,1
2020-07-29,15:54:49.082000,12455,12456,12456,1
2020-07-29,15:54:51.352000,12455,12456,12455,1
2020-07-29,15:54:51.364000,12455,12456,12455,1
2020-07-29,15:54:51.953000,12455,12456,12455,4
2020-07-29,15:54:51.953000,12455,12456,12455,1
2020-07-29,15:54:52.075000,12454,12456,12454,4
2020-07-29,15:54:52.247000,12454,12455,12454,4
2020-07-29,15:54:52.361000,12454,12455,12453,2
2020-07-29,15:54:52.380000,12453,12455,12453,2
2020-07-29,15:54:53.337000,12453,12454,12454,1
2020-07-29,15:54:59.500000,12454,12456,12454,1
2020-07-29,15:55:05.396000,12453,12455,12455,1
2020-07-29,15:55:05.937000,12453,12455,12453,1
2020-07-29,15:55:07.142000,12453,12455,12455,1
2020-07-29,15:55:23.575000,12453,12454,12454,1
2020-07-29,15:55:23.945000,12453,12454,12453,1
2020-07-29,15:55:24.862000,12453,12454,12453,1
2020-07-29,15:55:30.172000,12453,12454,12453,1
2020-07-29,15:55:32.610000,12453,12454,12453,2
2020-07-29,15:55:32.619000,12453,12454,12453,1
2020-07-29,15:55:38.175000,12452,12453,12452,1
2020-07-29,15:55:41.868000,12452,12453,12452,1
2020-07-29,15:55:43.058000,12452,12453,12453,1
2020-07-29,15:55:48.771000,12452,12453,12453,1
2020-07-29,15:55:50.782000,12453,12454,12453,1
2020-07-29,15:55:54.600000,12453,12454,12453,1
2020-07-29,15:55:57.577000,12453,12454,12453,1
2020-07-29,15:56:02.488000,12453,12454,12453,1
2020-07-29,15:56:08.626000,12453,12454,12453,1
2020-07-29,15:56:15.471000,12453,12454,12453,1
2020-07-29,15:56:25.995000,12453,12454,12454,15
2020-07-29,15:56:25.996000,12453,12454,12454,7
2020-07-29,15:56:42.160000,12454,12455,12455,1
2020-07-29,15:56:46.799000,12454,12455,12455,1
2020-07-29,15:56:55.739000,12454,12455,12455,1
2020-07-29,15:56:56.864000,12454,12455,12455,1
2020-07-29,15:57:00.860000,12454,12455,12454,5
2020-07-29,15:57:07.004000,12453,12454,12453,11
2020-07-29,15:57:08.445000,12452,12453,12452,1
2020-07-29,15:57:08.445000,12452,12453,12452,3
2020-07-29,15:57:08.445000,12452,12453,12452,5
2020-07-29,15:57:08.445000,12452,12453,12452,6
2020-07-29,15:57:10.410000,12451,12452,12452,1
2020-07-29,15:57:21.686000,12451,12452,12451,3
2020-07-29,15:57:21.686000,12451,12452,12451,8
2020-07-29,15:57:34.464000,12450,12451,12450,1
2020-07-29,15:57:43.501000,12450,12451,12451,2
2020-07-29,15:57:58.272000,12451,12452,12451,1
2020-07-29,15:58:06.369000,12451,12452,12451,1
2020-07-29,15:58:13.499000,12451,12452,12451,2
2020-07-29,15:58:16.580000,12451,12452,12451,4
2020-07-29,15:58:16.580000,12451,12452,12451,1
2020-07-29,15:58:17.396000,12450,12451,12450,3
2020-07-29,15:58:18.574000,12450,12451,12451,1
2020-07-29,15:58:19.356000,12450,12451,12450,1
2020-07-29,15:58:20.270000,12450,12451,12450,1
2020-07-29,15:58:23.825000,12450,12451,12451,1
2020-07-29,15:58:29.881000,12450,12452,12452,17
2020-07-29,15:58:38.244000,12451,12452,12451,1
2020-07-29,15:58:47.216000,12451,12452,12452,2
2020-07-29,15:58:47.926000,12451,12453,12451,1
2020-07-29,15:58:51.758000,12451,12453,12451,1
2020-07-29,15:58:52.488000,12451,12452,12451,1
2020-07-29,15:59:03.738000,12451,12452,12451,4
2020-07-29,15:59:05.045000,12451,12452,12451,4
2020-07-29,15:59:07.625000,12451,12452,12451,4
2020-07-29,15:59:17.248000,12451,12452,12451,1
2020-07-29,15:59:19.187000,12451,12452,12451,4
2020-07-29,15:59:21.521000,12451,12452,12452,2
2020-07-29,15:59:21.521000,12451,12452,12452,1
2020-07-29,15:59:31.448000,12451,12452,12452,1
2020-07-29,15:59:38.718000,12451,12452,12451,1
2020-07-29,15:59:42.388000,12450,12451,12451,1
2020-07-29,15:59:47.243000,12450,12451,12451,1
2020-07-29,15:59:55.230000,12451,12452,12451,1
2020-07-29,15:59:56.882000,12451,12452,12451,1
2020-07-29,16:00:01.649000,12450,12451,12451,1
2020-07-29,16:00:01.979000,12450,12452,12452,1
2020-07-29,16:00:02.059000,12450,12452,12452,1
2020-07-29,16:00:02.117000,12451,12452,12452,3
2020-07-29,16:00:02.118000,12451,12452,12452,1
2020-07-29,16:00:02.118000,12451,12452,12453,2
2020-07-29,16:00:02.120000,12451,12452,12453,3
2020-07-29,16:00:02.154000,12451,12452,12453,5
2020-07-29,16:00:02.154000,12451,12452,12453,5
2020-07-29,16:00:02.204000,12451,12452,12453,2
2020-07-29,16:00:02.228000,12451,12452,12453,1
2020-07-29,16:00:02.245000,12452,12453,12453,1
2020-07-29,16:00:02.258000,12452,12453,12453,1
2020-07-29,16:00:02.287000,12452,12453,12454,1
2020-07-29,16:00:02.332000,12452,12453,12454,1
2020-07-29,16:00:03.224000,12452,12454,12454,1
2020-07-29,16:00:04.315000,12453,12454,12454,1
2020-07-29,16:00:13.464000,12453,12454,12454,1
2020-07-29,16:00:14.595000,12453,12454,12454,1
2020-07-29,16:00:23.496000,12453,12454,12454,3
2020-07-29,16:00:25.193000,12453,12454,12453,5
2020-07-29,16:00:29.120000,12452,12453,12453,1
2020-07-29,16:00:32.259000,12452,12453,12453,1
2020-07-29,16:01:15.295000,12452,12453,12453,2
2020-07-29,16:01:29.139000,12452,12453,12452,3
2020-07-29,16:01:30.939000,12452,12453,12453,1
2020-07-29,16:01:30.995000,12452,12453,12453,1
2020-07-29,16:01:30.995000,12452,12453,12453,1
2020-07-29,16:01:30.996000,12452,12453,12453,1
2020-07-29,16:01:30.996000,12452,12453,12453,1
2020-07-29,16:01:30.997000,12452,12453,12453,1
2020-07-29,16:01:30.997000,12452,12453,12454,1
2020-07-29,16:01:31,12452,12453,12454,1
2020-07-29,16:01:31.001000,12452,12453,12454,1
2020-07-29,16:01:31.003000,12452,12453,12454,1
2020-07-29,16:01:31.026000,12452,12453,12454,1
2020-07-29,16:01:50.006000,12452,12453,12452,2
2020-07-29,16:01:50.007000,12452,12453,12452,3
2020-07-29,16:01:57.880000,12452,12454,12452,1
2020-07-29,16:01:58.827000,12452,12454,12452,1
2020-07-29,16:02:07.288000,12452,12454,12452,1
2020-07-29,16:02:10.912000,12452,12453,12452,1
2020-07-29,16:02:14.878000,12452,12453,12452,1
2020-07-29,16:02:18.101000,12452,12453,12452,1
2020-07-29,16:02:20.200000,12451,12452,12452,1
2020-07-29,16:02:20.226000,12451,12452,12452,3
2020-07-29,16:02:23.700000,12452,12453,12452,1
2020-07-29,16:02:26.615000,12452,12454,12454,3
2020-07-29,16:02:50.271000,12451,12452,12451,4
2020-07-29,16:02:50.271000,12451,12452,12451,3
2020-07-29,16:02:50.271000,12451,12452,12451,2
2020-07-29,16:02:52.561000,12450,12451,12450,2
2020-07-29,16:02:52.655000,12450,12451,12450,1
2020-07-29,16:02:52.655000,12450,12451,12450,1
2020-07-29,16:02:52.656000,12450,12451,12450,3
2020-07-29,16:02:52.656000,12450,12451,12450,2
2020-07-29,16:02:52.656000,12450,12451,12450,5
2020-07-29,16:02:52.656000,12450,12451,12450,2
2020-07-29,16:02:57.382000,12450,12451,12450,1
2020-07-29,16:02:59.692000,12449,12450,12449,11
2020-07-29,16:02:59.798000,12448,12449,12448,1
2020-07-29,16:02:59.827000,12448,12449,12448,1
2020-07-29,16:02:59.922000,12448,12450,12448,5
2020-07-29,16:02:59.942000,12448,12450,12448,1
2020-07-29,16:03:00.130000,12448,12449,12448,2
2020-07-29,16:03:00.457000,12448,12449,12448,3
2020-07-29,16:03:03.748000,12447,12448,12448,2
2020-07-29,16:03:04.504000,12448,12449,12448,1
2020-07-29,16:03:06.446000,12447,12449,12447,1
2020-07-29,16:03:11.563000,12447,12448,12447,1
2020-07-29,16:03:12.294000,12447,12448,12447,1
2020-07-29,16:03:13.615000,12447,12448,12447,2
2020-07-29,16:03:15.776000,12447,12448,12447,1
2020-07-29,16:03:16.223000,12447,12448,12447,1
2020-07-29,16:03:19.333000,12446,12447,12447,1
2020-07-29,16:03:20.897000,12446,12448,12446,1
2020-07-29,16:03:21.075000,12446,12448,12446,1
2020-07-29,16:03:21.921000,12446,12447,12447,1
2020-07-29,16:03:21.964000,12446,12447,12446,4
2020-07-29,16:03:21.965000,12446,12447,12446,2
2020-07-29,16:03:21.965000,12446,12447,12446,3
2020-07-29,16:03:21.965000,12446,12447,12446,1
2020-07-29,16:03:25.470000,12445,12446,12445,1
2020-07-29,16:03:25.534000,12445,12446,12445,1
2020-07-29,16:03:25.572000,12445,12446,12445,1
2020-07-29,16:03:26.507000,12445,12446,12445,2
2020-07-29,16:03:27.854000,12445,12446,12446,1
2020-07-29,16:03:31.757000,12445,12446,12445,1
2020-07-29,16:03:32.053000,12445,12446,12445,1
2020-07-29,16:03:32.581000,12445,12446,12446,1
2020-07-29,16:03:33.347000,12445,12446,12446,1
2020-07-29,16:03:35.092000,12445,12446,12445,1
2020-07-29,16:03:35.638000,12445,12446,12446,6
2020-07-29,16:03:37.150000,12446,12447,12447,1
2020-07-29,16:03:38.566000,12446,12447,12446,1
2020-07-29,16:03:39.901000,12446,12447,12446,1
2020-07-29,16:03:41.250000,12446,12447,12446,2
2020-07-29,16:03:50.377000,12446,12447,12447,3
2020-07-29,16:03:57.497000,12446,12447,12447,1
2020-07-29,16:03:58.090000,12446,12447,12447,1
2020-07-29,16:03:58.431000,12446,12447,12446,1
2020-07-29,16:04:00.164000,12446,12447,12446,1
2020-07-29,16:04:00.424000,12446,12447,12446,1
2020-07-29,16:04:00.736000,12446,12447,12447,1
2020-07-29,16:04:03.215000,12446,12447,12447,1
2020-07-29,16:04:03.598000,12446,12447,12446,1
2020-07-29,16:04:05.774000,12446,12447,12447,1
2020-07-29,16:04:07.084000,12446,12447,12447,5
2020-07-29,16:04:16.485000,12447,12448,12448,1
2020-07-29,16:04:22.598000,12447,12448,12448,1
2020-07-29,16:04:25.127000,12447,12448,12447,1
2020-07-29,16:04:27.508000,12447,12448,12447,1
2020-07-29,16:04:32.606000,12446,12447,12446,1
2020-07-29,16:04:33.456000,12445,12447,12445,1
2020-07-29,16:04:40.182000,12445,12447,12445,1
2020-07-29,16:04:42.761000,12445,12446,12446,2
2020-07-29,16:04:43.171000,12446,12447,12446,1
2020-07-29,16:04:43.171000,12446,12447,12445,3
2020-07-29,16:04:44.720000,12445,12447,12445,1
2020-07-29,16:04:50.329000,12445,12447,12445,1
2020-07-29,16:04:50.854000,12446,12447,12446,1
2020-07-29,16:05:01.556000,12446,12447,12446,1
2020-07-29,16:05:06.320000,12445,12446,12446,2
2020-07-29,16:05:09.421000,12446,12447,12446,1
2020-07-29,16:05:10.563000,12446,12447,12446,1
2020-07-29,16:05:13.740000,12445,12446,12446,1
2020-07-29,16:05:14.740000,12445,12446,12445,1
2020-07-29,16:05:18.823000,12445,12446,12445,1
2020-07-29,16:05:20.294000,12445,12446,12445,1
2020-07-29,16:05:21.765000,12445,12446,12446,2
2020-07-29,16:05:22.887000,12445,12446,12445,1
2020-07-29,16:05:29.915000,12445,12446,12445,1
2020-07-29,16:05:38.577000,12445,12446,12446,4
2020-07-29,16:05:40.561000,12446,12447,12446,2
2020-07-29,16:05:41.406000,12446,12447,12447,5
2020-07-29,16:05:41.406000,12446,12447,12447,2
2020-07-29,16:05:47.380000,12446,12447,12447,1
2020-07-29,16:05:51.093000,12446,12448,12446,2
2020-07-29,16:05:51.354000,12445,12446,12446,1
2020-07-29,16:05:51.919000,12445,12446,12445,1
2020-07-29,16:05:53.104000,12445,12446,12446,1
2020-07-29,16:06:03.132000,12446,12447,12446,8
2020-07-29,16:06:03.287000,12445,12446,12446,1
2020-07-29,16:06:03.978000,12445,12446,12446,2
2020-07-29,16:06:04.118000,12445,12446,12446,2
2020-07-29,16:06:04.217000,12445,12446,12446,2
2020-07-29,16:06:04.217000,12445,12446,12447,2
2020-07-29,16:06:04.299000,12446,12448,12448,2
2020-07-29,16:06:04.315000,12446,12448,12448,2
2020-07-29,16:06:31.326000,12446,12447,12447,1
2020-07-29,16:06:32.240000,12446,12448,12447,1
2020-07-29,16:06:50.038000,12447,12448,12448,1
2020-07-29,16:06:57.072000,12447,12448,12447,1
2020-07-29,16:06:59.810000,12447,12448,12448,1
2020-07-29,16:07:03.011000,12447,12448,12448,1
2020-07-29,16:07:04.187000,12448,12449,12448,1
2020-07-29,16:07:10.378000,12447,12448,12448,1
2020-07-29,16:07:16.258000,12447,12448,12448,2
2020-07-29,16:07:16.461000,12447,12448,12448,1
2020-07-29,16:07:23.916000,12447,12448,12448,1
2020-07-29,16:07:24.316000,12448,12449,12449,2
2020-07-29,16:07:36.527000,12449,12450,12450,2
2020-07-29,16:07:36.527000,12449,12450,12450,7
2020-07-29,16:07:36.527000,12449,12450,12450,1
2020-07-29,16:07:42.108000,12450,12451,12451,1
2020-07-29,16:07:42.220000,12450,12451,12451,1
2020-07-29,16:07:43.127000,12450,12451,12451,1
2020-07-29,16:07:43.127000,12450,12451,12451,1
2020-07-29,16:07:43.134000,12450,12451,12452,3
2020-07-29,16:07:43.455000,12451,12452,12451,1
2020-07-29,16:07:51.180000,12450,12451,12451,1
2020-07-29,16:07:53.758000,12451,12452,12451,2
2020-07-29,16:08:01.241000,12451,12452,12451,1
2020-07-29,16:08:04.904000,12451,12452,12451,1
2020-07-29,16:08:19.181000,12450,12451,12451,1
2020-07-29,16:08:28.849000,12450,12451,12451,1
2020-07-29,16:08:36.983000,12451,12452,12451,1
2020-07-29,16:08:39.112000,12451,12452,12451,1
2020-07-29,16:08:52.240000,12451,12452,12452,1
2020-07-29,16:08:52.882000,12451,12452,12451,1
2020-07-29,16:08:57.670000,12451,12452,12452,2
2020-07-29,16:09:00.108000,12451,12452,12451,1
2020-07-29,16:09:00.717000,12451,12452,12452,1
2020-07-29,16:09:05.164000,12451,12452,12451,3
2020-07-29,16:09:10.559000,12450,12451,12450,3
2020-07-29,16:09:13.551000,12449,12450,12449,12
2020-07-29,16:09:13.552000,12449,12450,12449,4
2020-07-29,16:09:13.552000,12449,12450,12449,4
2020-07-29,16:09:15.311000,12448,12449,12448,2
2020-07-29,16:09:15.311000,12448,12449,12448,4
2020-07-29,16:09:15.311000,12448,12449,12448,2
