2020-04-29,15:00:00,10710,10710,10710,132
2020-04-29,15:00:00,10710,10710,10710,2
2020-04-29,15:00:00,10710,10710,10710,4
2020-04-29,15:00:00,10710,10710,10710,2
2020-04-29,15:00:00,10710,10710,10710,2
2020-04-29,15:00:00,10710,10710,10710,2
2020-04-29,15:00:00,10710,10710,10710,2
2020-04-29,15:00:00,10710,10710,10710,22
2020-04-29,15:00:00,10710,10710,10710,8
2020-04-29,15:00:00,10709,10709,10709,12
2020-04-29,15:00:00,10709,10709,10709,4
2020-04-29,15:00:00,10709,10709,10709,2
2020-04-29,15:00:00,10709,10709,10709,2
2020-04-29,15:00:00,10709,10709,10709,4
2020-04-29,15:00:00,10711,10711,10711,2
2020-04-29,15:00:00,10711,10711,10711,8
2020-04-29,15:00:00,10712,10712,10712,20
2020-04-29,15:00:00,10713,10713,10713,2
2020-04-29,15:00:00,10712,10712,10712,2
2020-04-29,15:00:00,10712,10712,10712,6
2020-04-29,15:00:00,10713,10713,10713,8
2020-04-29,15:00:00,10713,10713,10713,2
2020-04-29,15:00:00,10710,10710,10710,2
2020-04-29,15:00:00,10709,10709,10709,2
2020-04-29,15:00:00,10709,10709,10709,2
2020-04-29,15:00:00,10709,10709,10709,4
2020-04-29,15:00:00,10709,10709,10709,4
2020-04-29,15:00:00,10708,10708,10708,10
2020-04-29,15:00:00,10707,10707,10707,2
2020-04-29,15:00:00,10706,10706,10706,4
2020-04-29,15:00:00,10706,10706,10706,2
2020-04-29,15:00:00,10705,10705,10705,6
2020-04-29,15:00:00,10705,10705,10705,4
2020-04-29,15:00:00,10705,10705,10705,2
2020-04-29,15:00:00,10705,10705,10705,4
2020-04-29,15:00:00,10705,10705,10705,2
2020-04-29,15:00:00,10705,10705,10705,2
2020-04-29,15:00:00,10705,10705,10705,4
2020-04-29,15:00:00,10705,10705,10705,2
2020-04-29,15:00:00,10705,10705,10705,4
2020-04-29,15:00:00,10704,10704,10704,2
2020-04-29,15:00:00,10704,10704,10704,4
2020-04-29,15:00:00,10704,10704,10704,4
2020-04-29,15:00:00,10704,10704,10704,2
2020-04-29,15:00:00,10704,10704,10704,2
2020-04-29,15:00:00,10703,10703,10703,2
2020-04-29,15:00:00,10703,10703,10703,2
2020-04-29,15:00:00,10703,10703,10703,2
2020-04-29,15:00:00,10703,10703,10703,2
2020-04-29,15:00:00,10703,10703,10703,2
2020-04-29,15:00:00,10703,10703,10703,2
2020-04-29,15:00:00,10703,10703,10703,4
2020-04-29,15:00:00,10703,10703,10703,2
2020-04-29,15:00:00,10702,10702,10702,2
2020-04-29,15:00:00,10713,10713,10713,2
2020-04-29,15:00:00,10702,10702,10702,2
2020-04-29,15:00:00,10713,10713,10713,4
2020-04-29,15:00:00,10711,10711,10711,4
2020-04-29,15:00:00,10711,10711,10711,4
2020-04-29,15:00:00,10711,10711,10711,4
2020-04-29,15:00:00,10711,10711,10711,10
2020-04-29,15:00:00,10712,10712,10712,4
2020-04-29,15:00:00,10712,10712,10712,4
2020-04-29,15:00:00,10713,10713,10713,2
2020-04-29,15:00:00,10714,10714,10714,2
2020-04-29,15:00:00,10707,10707,10707,2
2020-04-29,15:00:00,10706,10706,10706,8
2020-04-29,15:00:00,10705,10705,10705,2
2020-04-29,15:00:00,10704,10704,10704,2
2020-04-29,15:00:00,10704,10704,10704,2
2020-04-29,15:00:00,10705,10705,10705,2
2020-04-29,15:00:00,10705,10705,10705,2
2020-04-29,15:00:00,10704,10704,10704,2
2020-04-29,15:00:00,10704,10704,10704,2
2020-04-29,15:00:00,10707,10707,10707,2
2020-04-29,15:00:00,10707,10707,10707,2
2020-04-29,15:00:01,10705,10705,10705,2
2020-04-29,15:00:01,10705,10705,10705,2
2020-04-29,15:00:01,10704,10704,10704,2
2020-04-29,15:00:01,10706,10706,10706,4
2020-04-29,15:00:01,10707,10707,10707,10
2020-04-29,15:00:01,10708,10708,10708,4
2020-04-29,15:00:01,10709,10709,10709,2
2020-04-29,15:00:01,10707,10707,10707,2
2020-04-29,15:00:01,10709,10709,10709,20
2020-04-29,15:00:01,10705,10705,10705,4
2020-04-29,15:00:01,10704,10704,10704,2
2020-04-29,15:00:01,10704,10704,10704,2
2020-04-29,15:00:01,10706,10706,10706,2
2020-04-29,15:00:01,10707,10707,10707,2
2020-04-29,15:00:01,10708,10708,10708,6
2020-04-29,15:00:01,10705,10705,10705,2
2020-04-29,15:00:01,10705,10705,10705,2
2020-04-29,15:00:01,10705,10705,10705,2
2020-04-29,15:00:02,10707,10707,10707,2
2020-04-29,15:00:02,10705,10705,10705,2
2020-04-29,15:00:02,10705,10705,10705,2
2020-04-29,15:00:02,10705,10705,10705,2
2020-04-29,15:00:02,10704,10704,10704,2
2020-04-29,15:00:02,10703,10703,10703,2
2020-04-29,15:00:03,10703,10703,10703,4
2020-04-29,15:00:03,10704,10704,10704,2
2020-04-29,15:00:03,10704,10704,10704,2
2020-04-29,15:00:03,10703,10703,10703,2
2020-04-29,15:00:04,10703,10703,10703,2
2020-04-29,15:00:04,10703,10703,10703,2
2020-04-29,15:00:05,10702,10702,10702,2
2020-04-29,15:00:05,10702,10702,10702,2
2020-04-29,15:00:05,10703,10703,10703,2
2020-04-29,15:00:05,10702,10702,10702,2
2020-04-29,15:00:05,10704,10704,10704,8
2020-04-29,15:00:06,10705,10705,10705,2
2020-04-29,15:00:06,10706,10706,10706,2
2020-04-29,15:00:06,10706,10706,10706,2
2020-04-29,15:00:06,10705,10705,10705,2
2020-04-29,15:00:06,10707,10707,10707,4
2020-04-29,15:00:06,10708,10708,10708,2
2020-04-29,15:00:06,10706,10706,10706,2
2020-04-29,15:00:08,10706,10706,10706,2
2020-04-29,15:00:08,10707,10707,10707,4
2020-04-29,15:00:09,10705,10705,10705,6
2020-04-29,15:00:09,10705,10705,10705,2
2020-04-29,15:00:09,10705,10705,10705,2
2020-04-29,15:00:09,10704,10704,10704,2
2020-04-29,15:00:09,10704,10704,10704,2
2020-04-29,15:00:09,10705,10705,10705,4
2020-04-29,15:00:09,10705,10705,10705,2
2020-04-29,15:00:10,10706,10706,10706,2
2020-04-29,15:00:10,10706,10706,10706,10
2020-04-29,15:00:10,10706,10706,10706,4
2020-04-29,15:00:10,10706,10706,10706,2
2020-04-29,15:00:10,10705,10705,10705,2
2020-04-29,15:00:11,10707,10707,10707,8
2020-04-29,15:00:11,10706,10706,10706,2
2020-04-29,15:00:12,10707,10707,10707,2
2020-04-29,15:00:12,10707,10707,10707,2
2020-04-29,15:00:12,10707,10707,10707,2
2020-04-29,15:00:12,10707,10707,10707,2
2020-04-29,15:00:12,10707,10707,10707,4
2020-04-29,15:00:12,10706,10706,10706,2
2020-04-29,15:00:12,10708,10708,10708,2
2020-04-29,15:00:12,10707,10707,10707,2
2020-04-29,15:00:12,10707,10707,10707,4
2020-04-29,15:00:12,10707,10707,10707,2
2020-04-29,15:00:14,10707,10707,10707,2
2020-04-29,15:00:14,10708,10708,10708,2
2020-04-29,15:00:15,10706,10706,10706,4
2020-04-29,15:00:16,10705,10705,10705,12
2020-04-29,15:00:16,10706,10706,10706,2
2020-04-29,15:00:16,10705,10705,10705,12
2020-04-29,15:00:16,10706,10706,10706,4
2020-04-29,15:00:16,10707,10707,10707,6
2020-04-29,15:00:18,10705,10705,10705,2
2020-04-29,15:00:18,10705,10705,10705,2
2020-04-29,15:00:19,10704,10704,10704,2
2020-04-29,15:00:19,10704,10704,10704,2
2020-04-29,15:00:20,10704,10704,10704,2
2020-04-29,15:00:20,10704,10704,10704,2
2020-04-29,15:00:20,10703,10703,10703,2
2020-04-29,15:00:20,10703,10703,10703,2
2020-04-29,15:00:20,10703,10703,10703,2
2020-04-29,15:00:20,10703,10703,10703,4
2020-04-29,15:00:20,10702,10702,10702,2
2020-04-29,15:00:20,10702,10702,10702,2
2020-04-29,15:00:21,10701,10701,10701,2
2020-04-29,15:00:21,10701,10701,10701,2
2020-04-29,15:00:21,10701,10701,10701,2
2020-04-29,15:00:21,10701,10701,10701,2
2020-04-29,15:00:21,10701,10701,10701,2
2020-04-29,15:00:21,10701,10701,10701,2
2020-04-29,15:00:21,10700,10700,10700,2
2020-04-29,15:00:21,10700,10700,10700,4
2020-04-29,15:00:21,10700,10700,10700,2
2020-04-29,15:00:21,10700,10700,10700,2
2020-04-29,15:00:21,10700,10700,10700,2
2020-04-29,15:00:21,10700,10700,10700,2
2020-04-29,15:00:21,10700,10700,10700,2
2020-04-29,15:00:21,10700,10700,10700,2
2020-04-29,15:00:21,10700,10700,10700,2
2020-04-29,15:00:21,10700,10700,10700,2
2020-04-29,15:00:21,10700,10700,10700,2
2020-04-29,15:00:21,10700,10700,10700,2
2020-04-29,15:00:21,10699,10699,10699,2
2020-04-29,15:00:21,10699,10699,10699,4
2020-04-29,15:00:21,10699,10699,10699,2
2020-04-29,15:00:21,10699,10699,10699,4
2020-04-29,15:00:21,10699,10699,10699,2
2020-04-29,15:00:21,10699,10699,10699,4
2020-04-29,15:00:21,10699,10699,10699,2
2020-04-29,15:00:21,10699,10699,10699,2
2020-04-29,15:00:21,10699,10699,10699,2
2020-04-29,15:00:21,10698,10698,10698,2
2020-04-29,15:00:21,10698,10698,10698,2
2020-04-29,15:00:21,10698,10698,10698,2
2020-04-29,15:00:21,10698,10698,10698,2
2020-04-29,15:00:21,10700,10700,10700,2
2020-04-29,15:00:21,10698,10698,10698,2
2020-04-29,15:00:21,10698,10698,10698,2
2020-04-29,15:00:21,10698,10698,10698,2
2020-04-29,15:00:21,10698,10698,10698,2
2020-04-29,15:00:21,10699,10699,10699,2
2020-04-29,15:00:21,10698,10698,10698,2
2020-04-29,15:00:22,10698,10698,10698,2
2020-04-29,15:00:22,10698,10698,10698,2
2020-04-29,15:00:22,10698,10698,10698,2
2020-04-29,15:00:22,10699,10699,10699,2
2020-04-29,15:00:22,10698,10698,10698,2
2020-04-29,15:00:22,10698,10698,10698,26
2020-04-29,15:00:22,10698,10698,10698,2
2020-04-29,15:00:22,10698,10698,10698,2
2020-04-29,15:00:22,10698,10698,10698,2
2020-04-29,15:00:22,10698,10698,10698,2
2020-04-29,15:00:22,10698,10698,10698,2
2020-04-29,15:00:22,10698,10698,10698,4
2020-04-29,15:00:22,10698,10698,10698,6
2020-04-29,15:00:22,10698,10698,10698,6
2020-04-29,15:00:22,10697,10697,10697,2
2020-04-29,15:00:22,10698,10698,10698,2
2020-04-29,15:00:22,10697,10697,10697,2
2020-04-29,15:00:22,10697,10697,10697,2
2020-04-29,15:00:22,10697,10697,10697,4
2020-04-29,15:00:22,10697,10697,10697,22
2020-04-29,15:00:22,10697,10697,10697,2
2020-04-29,15:00:23,10699,10699,10699,2
2020-04-29,15:00:23,10701,10701,10701,2
2020-04-29,15:00:23,10702,10702,10702,2
2020-04-29,15:00:23,10699,10699,10699,2
2020-04-29,15:00:23,10699,10699,10699,2
2020-04-29,15:00:23,10699,10699,10699,2
2020-04-29,15:00:23,10699,10699,10699,2
2020-04-29,15:00:24,10699,10699,10699,2
2020-04-29,15:00:24,10699,10699,10699,2
2020-04-29,15:00:24,10701,10701,10701,2
2020-04-29,15:00:24,10701,10701,10701,2
2020-04-29,15:00:25,10698,10698,10698,2
2020-04-29,15:00:25,10701,10701,10701,4
2020-04-29,15:00:25,10700,10700,10700,2
2020-04-29,15:00:26,10701,10701,10701,2
2020-04-29,15:00:26,10701,10701,10701,2
2020-04-29,15:00:26,10699,10699,10699,2
2020-04-29,15:00:26,10699,10699,10699,2
2020-04-29,15:00:26,10699,10699,10699,2
2020-04-29,15:00:27,10698,10698,10698,4
2020-04-29,15:00:28,10698,10698,10698,2
2020-04-29,15:00:29,10700,10700,10700,2
2020-04-29,15:00:29,10700,10700,10700,6
2020-04-29,15:00:29,10699,10699,10699,2
2020-04-29,15:00:29,10701,10701,10701,2
2020-04-29,15:00:30,10699,10699,10699,2
2020-04-29,15:00:30,10700,10700,10700,6
2020-04-29,15:00:31,10700,10700,10700,2
2020-04-29,15:00:31,10700,10700,10700,2
2020-04-29,15:00:31,10699,10699,10699,2
2020-04-29,15:00:31,10699,10699,10699,2
2020-04-29,15:00:31,10699,10699,10699,2
2020-04-29,15:00:31,10699,10699,10699,2
2020-04-29,15:00:31,10699,10699,10699,4
2020-04-29,15:00:33,10698,10698,10698,2
2020-04-29,15:00:34,10699,10699,10699,2
2020-04-29,15:00:34,10699,10699,10699,2
2020-04-29,15:00:34,10698,10698,10698,2
2020-04-29,15:00:34,10698,10698,10698,2
2020-04-29,15:00:34,10700,10700,10700,2
2020-04-29,15:00:34,10699,10699,10699,2
2020-04-29,15:00:36,10700,10700,10700,2
2020-04-29,15:00:36,10700,10700,10700,2
2020-04-29,15:00:36,10700,10700,10700,2
2020-04-29,15:00:37,10699,10699,10699,2
2020-04-29,15:00:37,10699,10699,10699,4
2020-04-29,15:00:37,10699,10699,10699,2
2020-04-29,15:00:37,10699,10699,10699,2
2020-04-29,15:00:37,10699,10699,10699,2
2020-04-29,15:00:37,10699,10699,10699,2
2020-04-29,15:00:37,10698,10698,10698,2
2020-04-29,15:00:37,10698,10698,10698,2
2020-04-29,15:00:37,10698,10698,10698,2
2020-04-29,15:00:37,10698,10698,10698,2
2020-04-29,15:00:37,10698,10698,10698,2
2020-04-29,15:00:37,10698,10698,10698,2
2020-04-29,15:00:37,10698,10698,10698,2
2020-04-29,15:00:37,10698,10698,10698,2
2020-04-29,15:00:37,10698,10698,10698,2
2020-04-29,15:00:37,10698,10698,10698,6
2020-04-29,15:00:37,10700,10700,10700,2
2020-04-29,15:00:37,10699,10699,10699,2
2020-04-29,15:00:38,10700,10700,10700,2
2020-04-29,15:00:38,10700,10700,10700,8
2020-04-29,15:00:38,10699,10699,10699,2
2020-04-29,15:00:38,10701,10701,10701,6
2020-04-29,15:00:39,10702,10702,10702,28
2020-04-29,15:00:39,10701,10701,10701,2
2020-04-29,15:00:39,10701,10701,10701,2
2020-04-29,15:00:40,10701,10701,10701,2
2020-04-29,15:00:42,10702,10702,10702,4
2020-04-29,15:00:43,10701,10701,10701,2
2020-04-29,15:00:44,10702,10702,10702,2
2020-04-29,15:00:44,10701,10701,10701,2
2020-04-29,15:00:45,10701,10701,10701,2
2020-04-29,15:00:45,10703,10703,10703,2
2020-04-29,15:00:49,10702,10702,10702,2
2020-04-29,15:00:49,10702,10702,10702,2
2020-04-29,15:00:49,10702,10702,10702,2
2020-04-29,15:00:51,10701,10701,10701,2
2020-04-29,15:00:52,10702,10702,10702,2
2020-04-29,15:00:53,10703,10703,10703,26
2020-04-29,15:00:54,10704,10704,10704,6
2020-04-29,15:00:54,10705,10705,10705,4
2020-04-29,15:00:55,10703,10703,10703,2
2020-04-29,15:00:56,10705,10705,10705,2
2020-04-29,15:00:59,10704,10704,10704,2
2020-04-29,15:00:59,10705,10705,10705,6
2020-04-29,15:01:00,10703,10703,10703,2
2020-04-29,15:01:00,10703,10703,10703,2
2020-04-29,15:01:00,10702,10702,10702,2
2020-04-29,15:01:00,10703,10703,10703,2
2020-04-29,15:01:00,10702,10702,10702,2
2020-04-29,15:01:00,10702,10702,10702,10
2020-04-29,15:01:00,10702,10702,10702,2
2020-04-29,15:01:00,10702,10702,10702,2
2020-04-29,15:01:00,10702,10702,10702,2
2020-04-29,15:01:00,10702,10702,10702,2
2020-04-29,15:01:00,10701,10701,10701,2
2020-04-29,15:01:00,10701,10701,10701,2
2020-04-29,15:01:00,10701,10701,10701,8
2020-04-29,15:01:00,10701,10701,10701,2
2020-04-29,15:01:00,10701,10701,10701,2
2020-04-29,15:01:00,10701,10701,10701,4
2020-04-29,15:01:00,10701,10701,10701,2
2020-04-29,15:01:00,10701,10701,10701,2
2020-04-29,15:01:00,10700,10700,10700,12
2020-04-29,15:01:00,10701,10701,10701,2
2020-04-29,15:01:00,10700,10700,10700,8
2020-04-29,15:01:00,10700,10700,10700,2
2020-04-29,15:01:00,10700,10700,10700,2
2020-04-29,15:01:00,10700,10700,10700,12
2020-04-29,15:01:00,10700,10700,10700,2
2020-04-29,15:01:00,10700,10700,10700,2
2020-04-29,15:01:00,10700,10700,10700,2
2020-04-29,15:01:00,10700,10700,10700,6
2020-04-29,15:01:00,10700,10700,10700,2
2020-04-29,15:01:00,10700,10700,10700,4
2020-04-29,15:01:00,10700,10700,10700,2
2020-04-29,15:01:01,10701,10701,10701,2
2020-04-29,15:01:01,10699,10699,10699,2
2020-04-29,15:01:01,10699,10699,10699,2
2020-04-29,15:01:01,10699,10699,10699,2
2020-04-29,15:01:01,10700,10700,10700,2
2020-04-29,15:01:01,10699,10699,10699,4
2020-04-29,15:01:01,10699,10699,10699,2
2020-04-29,15:01:01,10699,10699,10699,2
2020-04-29,15:01:02,10698,10698,10698,2
2020-04-29,15:01:02,10698,10698,10698,2
2020-04-29,15:01:02,10698,10698,10698,2
2020-04-29,15:01:02,10699,10699,10699,2
2020-04-29,15:01:02,10699,10699,10699,2
2020-04-29,15:01:02,10699,10699,10699,6
2020-04-29,15:01:03,10700,10700,10700,4
2020-04-29,15:01:04,10700,10700,10700,2
2020-04-29,15:01:04,10700,10700,10700,2
2020-04-29,15:01:04,10701,10701,10701,4
2020-04-29,15:01:05,10701,10701,10701,2
2020-04-29,15:01:05,10701,10701,10701,2
2020-04-29,15:01:06,10700,10700,10700,2
2020-04-29,15:01:06,10700,10700,10700,2
2020-04-29,15:01:07,10699,10699,10699,2
2020-04-29,15:01:08,10700,10700,10700,2
2020-04-29,15:01:09,10699,10699,10699,2
2020-04-29,15:01:09,10699,10699,10699,2
2020-04-29,15:01:09,10699,10699,10699,2
2020-04-29,15:01:09,10699,10699,10699,2
2020-04-29,15:01:09,10699,10699,10699,2
2020-04-29,15:01:09,10699,10699,10699,8
2020-04-29,15:01:09,10700,10700,10700,2
2020-04-29,15:01:09,10699,10699,10699,2
2020-04-29,15:01:10,10700,10700,10700,2
2020-04-29,15:01:11,10699,10699,10699,8
2020-04-29,15:01:11,10699,10699,10699,2
2020-04-29,15:01:11,10699,10699,10699,2
2020-04-29,15:01:11,10698,10698,10698,2
2020-04-29,15:01:12,10698,10698,10698,2
2020-04-29,15:01:12,10699,10699,10699,2
2020-04-29,15:01:13,10698,10698,10698,2
2020-04-29,15:01:13,10698,10698,10698,2
2020-04-29,15:01:13,10699,10699,10699,8
2020-04-29,15:01:13,10700,10700,10700,2
2020-04-29,15:01:14,10698,10698,10698,2
2020-04-29,15:01:14,10700,10700,10700,10
2020-04-29,15:01:14,10701,10701,10701,10
2020-04-29,15:01:14,10701,10701,10701,10
2020-04-29,15:01:15,10698,10698,10698,2
2020-04-29,15:01:16,10699,10699,10699,2
2020-04-29,15:01:17,10700,10700,10700,2
2020-04-29,15:01:17,10700,10700,10700,6
2020-04-29,15:01:19,10700,10700,10700,2
2020-04-29,15:01:19,10701,10701,10701,4
2020-04-29,15:01:21,10700,10700,10700,2
2020-04-29,15:01:21,10700,10700,10700,2
2020-04-29,15:01:21,10700,10700,10700,2
2020-04-29,15:01:21,10700,10700,10700,2
2020-04-29,15:01:21,10700,10700,10700,2
2020-04-29,15:01:22,10701,10701,10701,2
2020-04-29,15:01:23,10701,10701,10701,2
2020-04-29,15:01:24,10702,10702,10702,6
2020-04-29,15:01:25,10703,10703,10703,10
2020-04-29,15:01:25,10703,10703,10703,10
2020-04-29,15:01:25,10702,10702,10702,2
2020-04-29,15:01:25,10703,10703,10703,2
2020-04-29,15:01:26,10701,10701,10701,2
2020-04-29,15:01:27,10703,10703,10703,2
2020-04-29,15:01:28,10702,10702,10702,2
2020-04-29,15:01:28,10702,10702,10702,2
2020-04-29,15:01:28,10701,10701,10701,2
2020-04-29,15:01:28,10701,10701,10701,2
2020-04-29,15:01:28,10701,10701,10701,2
2020-04-29,15:01:29,10701,10701,10701,2
2020-04-29,15:01:30,10702,10702,10702,6
2020-04-29,15:01:30,10702,10702,10702,14
2020-04-29,15:01:32,10702,10702,10702,2
2020-04-29,15:01:32,10701,10701,10701,2
2020-04-29,15:01:32,10701,10701,10701,2
2020-04-29,15:01:33,10701,10701,10701,2
2020-04-29,15:01:33,10701,10701,10701,2
2020-04-29,15:01:33,10702,10702,10702,8
2020-04-29,15:01:33,10702,10702,10702,8
2020-04-29,15:01:33,10703,10703,10703,2
2020-04-29,15:01:34,10702,10702,10702,2
2020-04-29,15:01:35,10703,10703,10703,4
2020-04-29,15:01:35,10703,10703,10703,2
2020-04-29,15:01:37,10703,10703,10703,2
2020-04-29,15:01:38,10703,10703,10703,2
2020-04-29,15:01:41,10703,10703,10703,2
2020-04-29,15:01:41,10703,10703,10703,2
2020-04-29,15:01:41,10703,10703,10703,2
2020-04-29,15:01:42,10704,10704,10704,2
2020-04-29,15:01:44,10704,10704,10704,4
2020-04-29,15:01:46,10704,10704,10704,2
2020-04-29,15:01:49,10704,10704,10704,2
2020-04-29,15:01:49,10705,10705,10705,2
2020-04-29,15:01:51,10705,10705,10705,2
2020-04-29,15:01:52,10703,10703,10703,8
2020-04-29,15:01:52,10703,10703,10703,2
2020-04-29,15:01:53,10704,10704,10704,2
2020-04-29,15:01:54,10704,10704,10704,2
2020-04-29,15:01:59,10705,10705,10705,8
2020-04-29,15:01:59,10704,10704,10704,2
2020-04-29,15:01:59,10704,10704,10704,2
2020-04-29,15:02:00,10704,10704,10704,2
2020-04-29,15:02:00,10704,10704,10704,4
2020-04-29,15:02:00,10704,10704,10704,2
2020-04-29,15:02:00,10704,10704,10704,2
2020-04-29,15:02:00,10703,10703,10703,2
2020-04-29,15:02:01,10704,10704,10704,2
2020-04-29,15:02:01,10703,10703,10703,2
2020-04-29,15:02:01,10703,10703,10703,4
2020-04-29,15:02:01,10703,10703,10703,2
2020-04-29,15:02:01,10703,10703,10703,4
2020-04-29,15:02:01,10703,10703,10703,4
2020-04-29,15:02:01,10702,10702,10702,22
2020-04-29,15:02:01,10702,10702,10702,6
2020-04-29,15:02:01,10702,10702,10702,2
2020-04-29,15:02:01,10702,10702,10702,2
2020-04-29,15:02:01,10702,10702,10702,2
2020-04-29,15:02:02,10703,10703,10703,10
2020-04-29,15:02:04,10702,10702,10702,2
2020-04-29,15:02:04,10701,10701,10701,2
2020-04-29,15:02:04,10701,10701,10701,2
2020-04-29,15:02:04,10701,10701,10701,4
2020-04-29,15:02:04,10701,10701,10701,2
2020-04-29,15:02:04,10701,10701,10701,8
2020-04-29,15:02:05,10702,10702,10702,2
2020-04-29,15:02:05,10702,10702,10702,2
2020-04-29,15:02:05,10701,10701,10701,2
2020-04-29,15:02:05,10701,10701,10701,2
2020-04-29,15:02:05,10701,10701,10701,2
2020-04-29,15:02:05,10701,10701,10701,2
2020-04-29,15:02:06,10702,10702,10702,2
2020-04-29,15:02:06,10702,10702,10702,2
2020-04-29,15:02:07,10703,10703,10703,4
2020-04-29,15:02:07,10704,10704,10704,4
2020-04-29,15:02:07,10704,10704,10704,2
2020-04-29,15:02:10,10704,10704,10704,2
2020-04-29,15:02:11,10705,10705,10705,18
2020-04-29,15:02:13,10705,10705,10705,2
2020-04-29,15:02:14,10705,10705,10705,2
2020-04-29,15:02:17,10706,10706,10706,8
2020-04-29,15:02:17,10706,10706,10706,2
2020-04-29,15:02:18,10707,10707,10707,10
2020-04-29,15:02:20,10707,10707,10707,2
2020-04-29,15:02:20,10707,10707,10707,2
2020-04-29,15:02:20,10707,10707,10707,4
2020-04-29,15:02:20,10707,10707,10707,2
2020-04-29,15:02:21,10707,10707,10707,2
2020-04-29,15:02:21,10707,10707,10707,2
2020-04-29,15:02:21,10706,10706,10706,2
2020-04-29,15:02:21,10707,10707,10707,2
2020-04-29,15:02:21,10707,10707,10707,2
2020-04-29,15:02:21,10707,10707,10707,2
2020-04-29,15:02:23,10708,10708,10708,18
2020-04-29,15:02:24,10708,10708,10708,2
2020-04-29,15:02:26,10708,10708,10708,2
2020-04-29,15:02:28,10709,10709,10709,18
2020-04-29,15:02:29,10709,10709,10709,14
2020-04-29,15:02:29,10710,10710,10710,2
2020-04-29,15:02:29,10710,10710,10710,10
2020-04-29,15:02:30,10710,10710,10710,18
2020-04-29,15:02:30,10710,10710,10710,4
2020-04-29,15:02:30,10710,10710,10710,2
2020-04-29,15:02:31,10710,10710,10710,6
2020-04-29,15:02:31,10710,10710,10710,2
2020-04-29,15:02:31,10710,10710,10710,2
2020-04-29,15:02:32,10711,10711,10711,2
2020-04-29,15:02:33,10711,10711,10711,2
2020-04-29,15:02:34,10711,10711,10711,10
2020-04-29,15:02:34,10711,10711,10711,2
2020-04-29,15:02:34,10711,10711,10711,6
2020-04-29,15:02:34,10712,10712,10712,2
2020-04-29,15:02:35,10712,10712,10712,10
2020-04-29,15:02:36,10712,10712,10712,2
2020-04-29,15:02:36,10712,10712,10712,4
2020-04-29,15:02:36,10712,10712,10712,2
2020-04-29,15:02:37,10712,10712,10712,4
2020-04-29,15:02:37,10712,10712,10712,2
2020-04-29,15:02:37,10713,10713,10713,2
2020-04-29,15:02:37,10713,10713,10713,2
2020-04-29,15:02:37,10713,10713,10713,2
2020-04-29,15:02:37,10713,10713,10713,4
2020-04-29,15:02:37,10713,10713,10713,4
2020-04-29,15:02:38,10712,10712,10712,2
2020-04-29,15:02:38,10711,10711,10711,4
2020-04-29,15:02:39,10712,10712,10712,2
2020-04-29,15:02:40,10712,10712,10712,2
2020-04-29,15:02:40,10712,10712,10712,2
2020-04-29,15:02:40,10712,10712,10712,2
2020-04-29,15:02:40,10712,10712,10712,2
2020-04-29,15:02:41,10712,10712,10712,4
2020-04-29,15:02:42,10712,10712,10712,4
2020-04-29,15:02:42,10712,10712,10712,2
2020-04-29,15:02:42,10713,10713,10713,4
2020-04-29,15:02:45,10712,10712,10712,4
2020-04-29,15:02:46,10713,10713,10713,4
2020-04-29,15:02:47,10712,10712,10712,2
2020-04-29,15:02:48,10712,10712,10712,6
2020-04-29,15:02:48,10712,10712,10712,6
2020-04-29,15:02:51,10712,10712,10712,6
2020-04-29,15:02:51,10713,10713,10713,2
2020-04-29,15:02:51,10712,10712,10712,2
2020-04-29,15:02:53,10713,10713,10713,4
2020-04-29,15:02:54,10712,10712,10712,2
2020-04-29,15:02:54,10713,10713,10713,4
2020-04-29,15:02:55,10712,10712,10712,2
2020-04-29,15:02:55,10712,10712,10712,2
2020-04-29,15:02:55,10712,10712,10712,4
2020-04-29,15:02:55,10712,10712,10712,2
2020-04-29,15:02:55,10711,10711,10711,2
2020-04-29,15:02:55,10711,10711,10711,2
2020-04-29,15:02:55,10711,10711,10711,2
2020-04-29,15:02:55,10711,10711,10711,2
2020-04-29,15:02:55,10711,10711,10711,2
2020-04-29,15:02:55,10711,10711,10711,8
2020-04-29,15:02:55,10711,10711,10711,4
2020-04-29,15:02:55,10711,10711,10711,2
2020-04-29,15:02:55,10711,10711,10711,10
2020-04-29,15:02:55,10711,10711,10711,2
2020-04-29,15:02:55,10712,10712,10712,2
2020-04-29,15:02:56,10711,10711,10711,2
2020-04-29,15:02:56,10711,10711,10711,2
2020-04-29,15:02:58,10712,10712,10712,2
2020-04-29,15:02:59,10710,10710,10710,2
2020-04-29,15:02:59,10710,10710,10710,2
2020-04-29,15:02:59,10710,10710,10710,2
2020-04-29,15:02:59,10710,10710,10710,2
2020-04-29,15:02:59,10710,10710,10710,2
2020-04-29,15:02:59,10710,10710,10710,2
2020-04-29,15:02:59,10710,10710,10710,4
2020-04-29,15:02:59,10710,10710,10710,2
2020-04-29,15:03:00,10709,10709,10709,2
2020-04-29,15:03:00,10709,10709,10709,2
2020-04-29,15:03:00,10709,10709,10709,2
2020-04-29,15:03:00,10709,10709,10709,2
2020-04-29,15:03:00,10709,10709,10709,2
2020-04-29,15:03:00,10708,10708,10708,2
2020-04-29,15:03:00,10708,10708,10708,2
2020-04-29,15:03:00,10708,10708,10708,2
2020-04-29,15:03:00,10709,10709,10709,2
2020-04-29,15:03:00,10709,10709,10709,2
2020-04-29,15:03:00,10709,10709,10709,2
2020-04-29,15:03:00,10709,10709,10709,2
2020-04-29,15:03:00,10708,10708,10708,2
2020-04-29,15:03:00,10708,10708,10708,2
2020-04-29,15:03:00,10708,10708,10708,2
2020-04-29,15:03:00,10708,10708,10708,2
2020-04-29,15:03:00,10708,10708,10708,2
2020-04-29,15:03:00,10708,10708,10708,2
2020-04-29,15:03:00,10708,10708,10708,4
2020-04-29,15:03:01,10708,10708,10708,2
2020-04-29,15:03:05,10708,10708,10708,2
2020-04-29,15:03:05,10708,10708,10708,2
2020-04-29,15:03:06,10708,10708,10708,2
2020-04-29,15:03:07,10708,10708,10708,2
2020-04-29,15:03:07,10708,10708,10708,2
2020-04-29,15:03:07,10708,10708,10708,2
2020-04-29,15:03:07,10707,10707,10707,2
2020-04-29,15:03:07,10707,10707,10707,2
2020-04-29,15:03:08,10709,10709,10709,6
2020-04-29,15:03:08,10709,10709,10709,4
2020-04-29,15:03:09,10709,10709,10709,2
2020-04-29,15:03:09,10710,10710,10710,2
2020-04-29,15:03:10,10709,10709,10709,2
2020-04-29,15:03:10,10709,10709,10709,2
2020-04-29,15:03:14,10710,10710,10710,4
2020-04-29,15:03:17,10711,10711,10711,2
2020-04-29,15:03:17,10711,10711,10711,12
2020-04-29,15:03:17,10711,10711,10711,4
2020-04-29,15:03:21,10711,10711,10711,4
2020-04-29,15:03:25,10712,10712,10712,4
2020-04-29,15:03:27,10711,10711,10711,2
2020-04-29,15:03:27,10711,10711,10711,2
2020-04-29,15:03:29,10711,10711,10711,2
2020-04-29,15:03:29,10711,10711,10711,4
2020-04-29,15:03:31,10711,10711,10711,2
2020-04-29,15:03:33,10710,10710,10710,2
2020-04-29,15:03:33,10711,10711,10711,2
2020-04-29,15:03:33,10711,10711,10711,2
2020-04-29,15:03:34,10710,10710,10710,4
2020-04-29,15:03:34,10710,10710,10710,2
2020-04-29,15:03:34,10710,10710,10710,2
2020-04-29,15:03:34,10710,10710,10710,2
2020-04-29,15:03:37,10710,10710,10710,2
2020-04-29,15:03:37,10710,10710,10710,2
2020-04-29,15:03:37,10711,10711,10711,2
2020-04-29,15:03:37,10711,10711,10711,2
2020-04-29,15:03:37,10712,10712,10712,2
2020-04-29,15:03:38,10712,10712,10712,10
2020-04-29,15:03:39,10712,10712,10712,4
2020-04-29,15:03:39,10713,10713,10713,2
2020-04-29,15:03:43,10712,10712,10712,2
2020-04-29,15:03:43,10712,10712,10712,2
2020-04-29,15:03:44,10712,10712,10712,2
2020-04-29,15:03:45,10712,10712,10712,2
2020-04-29,15:03:45,10712,10712,10712,2
2020-04-29,15:03:45,10712,10712,10712,4
2020-04-29,15:03:45,10711,10711,10711,10
2020-04-29,15:03:45,10711,10711,10711,2
2020-04-29,15:03:45,10710,10710,10710,2
2020-04-29,15:03:47,10710,10710,10710,2
2020-04-29,15:03:47,10710,10710,10710,2
2020-04-29,15:03:50,10711,10711,10711,2
2020-04-29,15:03:50,10711,10711,10711,2
2020-04-29,15:03:51,10711,10711,10711,4
2020-04-29,15:03:53,10711,10711,10711,2
2020-04-29,15:03:53,10711,10711,10711,2
2020-04-29,15:03:53,10712,10712,10712,2
2020-04-29,15:03:55,10711,10711,10711,2
2020-04-29,15:03:55,10711,10711,10711,2
2020-04-29,15:03:56,10711,10711,10711,2
2020-04-29,15:03:57,10712,10712,10712,2
2020-04-29,15:04:00,10712,10712,10712,2
2020-04-29,15:04:02,10711,10711,10711,4
2020-04-29,15:04:02,10711,10711,10711,2
2020-04-29,15:04:02,10711,10711,10711,2
2020-04-29,15:04:02,10711,10711,10711,2
2020-04-29,15:04:02,10712,10712,10712,4
2020-04-29,15:04:06,10712,10712,10712,4
2020-04-29,15:04:06,10712,10712,10712,4
2020-04-29,15:04:07,10713,10713,10713,14
2020-04-29,15:04:07,10713,10713,10713,10
2020-04-29,15:04:07,10712,10712,10712,2
2020-04-29,15:04:07,10713,10713,10713,2
2020-04-29,15:04:07,10713,10713,10713,2
2020-04-29,15:04:08,10714,10714,10714,8
2020-04-29,15:04:09,10714,10714,10714,2
2020-04-29,15:04:12,10714,10714,10714,2
2020-04-29,15:04:12,10714,10714,10714,2
2020-04-29,15:04:12,10714,10714,10714,6
2020-04-29,15:04:13,10714,10714,10714,2
2020-04-29,15:04:16,10714,10714,10714,2
2020-04-29,15:04:16,10714,10714,10714,2
2020-04-29,15:04:17,10713,10713,10713,2
2020-04-29,15:04:17,10714,10714,10714,2
2020-04-29,15:04:17,10714,10714,10714,2
2020-04-29,15:04:20,10713,10713,10713,2
2020-04-29,15:04:21,10714,10714,10714,2
2020-04-29,15:04:22,10714,10714,10714,2
2020-04-29,15:04:24,10714,10714,10714,2
2020-04-29,15:04:25,10714,10714,10714,6
2020-04-29,15:04:26,10714,10714,10714,2
2020-04-29,15:04:28,10714,10714,10714,4
2020-04-29,15:04:29,10714,10714,10714,2
2020-04-29,15:04:30,10714,10714,10714,2
2020-04-29,15:04:30,10714,10714,10714,2
2020-04-29,15:04:31,10714,10714,10714,2
2020-04-29,15:04:34,10714,10714,10714,2
2020-04-29,15:04:35,10714,10714,10714,2
2020-04-29,15:04:41,10714,10714,10714,2
2020-04-29,15:04:42,10714,10714,10714,2
2020-04-29,15:04:43,10713,10713,10713,2
2020-04-29,15:04:43,10714,10714,10714,2
2020-04-29,15:04:45,10714,10714,10714,2
2020-04-29,15:04:46,10713,10713,10713,2
2020-04-29,15:04:46,10713,10713,10713,2
2020-04-29,15:04:46,10713,10713,10713,2
2020-04-29,15:04:46,10713,10713,10713,2
2020-04-29,15:04:46,10713,10713,10713,4
2020-04-29,15:04:46,10713,10713,10713,2
2020-04-29,15:04:46,10713,10713,10713,2
2020-04-29,15:04:46,10713,10713,10713,2
2020-04-29,15:04:46,10713,10713,10713,6
2020-04-29,15:04:46,10712,10712,10712,2
2020-04-29,15:04:47,10713,10713,10713,4
2020-04-29,15:04:47,10713,10713,10713,2
2020-04-29,15:04:48,10712,10712,10712,2
2020-04-29,15:04:48,10712,10712,10712,2
2020-04-29,15:04:48,10712,10712,10712,2
2020-04-29,15:04:48,10712,10712,10712,2
2020-04-29,15:04:49,10712,10712,10712,4
2020-04-29,15:04:49,10711,10711,10711,2
2020-04-29,15:04:53,10712,10712,10712,4
2020-04-29,15:04:57,10712,10712,10712,2
2020-04-29,15:04:57,10712,10712,10712,2
2020-04-29,15:04:58,10712,10712,10712,18
2020-04-29,15:04:59,10712,10712,10712,2
2020-04-29,15:04:59,10713,10713,10713,4
2020-04-29,15:05:00,10713,10713,10713,2
2020-04-29,15:05:00,10713,10713,10713,2
2020-04-29,15:05:00,10713,10713,10713,2
2020-04-29,15:05:03,10712,10712,10712,8
2020-04-29,15:05:04,10712,10712,10712,8
2020-04-29,15:05:04,10712,10712,10712,2
2020-04-29,15:05:04,10712,10712,10712,2
2020-04-29,15:05:04,10713,10713,10713,2
2020-04-29,15:05:04,10713,10713,10713,2
2020-04-29,15:05:05,10713,10713,10713,12
2020-04-29,15:05:06,10712,10712,10712,2
2020-04-29,15:05:11,10713,10713,10713,4
2020-04-29,15:05:13,10714,10714,10714,12
2020-04-29,15:05:13,10714,10714,10714,2
2020-04-29,15:05:14,10714,10714,10714,2
2020-04-29,15:05:14,10715,10715,10715,30
2020-04-29,15:05:15,10716,10716,10716,2
2020-04-29,15:05:15,10716,10716,10716,30
2020-04-29,15:05:15,10715,10715,10715,2
2020-04-29,15:05:18,10715,10715,10715,2
2020-04-29,15:05:19,10715,10715,10715,2
2020-04-29,15:05:21,10716,10716,10716,2
2020-04-29,15:05:23,10716,10716,10716,6
2020-04-29,15:05:24,10717,10717,10717,2
2020-04-29,15:05:24,10717,10717,10717,4
2020-04-29,15:05:24,10717,10717,10717,2
2020-04-29,15:05:24,10717,10717,10717,2
2020-04-29,15:05:26,10716,10716,10716,2
2020-04-29,15:05:28,10717,10717,10717,2
2020-04-29,15:05:29,10716,10716,10716,2
2020-04-29,15:05:29,10717,10717,10717,8
2020-04-29,15:05:29,10717,10717,10717,4
2020-04-29,15:05:29,10717,10717,10717,2
2020-04-29,15:05:29,10717,10717,10717,2
2020-04-29,15:05:29,10716,10716,10716,2
2020-04-29,15:05:31,10717,10717,10717,2
2020-04-29,15:05:31,10717,10717,10717,2
2020-04-29,15:05:31,10718,10718,10718,2
2020-04-29,15:05:31,10717,10717,10717,2
2020-04-29,15:05:32,10718,10718,10718,6
2020-04-29,15:05:33,10718,10718,10718,2
2020-04-29,15:05:34,10718,10718,10718,2
2020-04-29,15:05:34,10717,10717,10717,2
2020-04-29,15:05:35,10717,10717,10717,2
2020-04-29,15:05:35,10717,10717,10717,2
2020-04-29,15:05:35,10717,10717,10717,2
2020-04-29,15:05:35,10717,10717,10717,2
2020-04-29,15:05:35,10717,10717,10717,4
2020-04-29,15:05:35,10718,10718,10718,8
2020-04-29,15:05:36,10717,10717,10717,2
2020-04-29,15:05:36,10718,10718,10718,4
2020-04-29,15:05:37,10717,10717,10717,2
2020-04-29,15:05:37,10717,10717,10717,2
2020-04-29,15:05:37,10717,10717,10717,2
2020-04-29,15:05:38,10718,10718,10718,2
2020-04-29,15:05:39,10718,10718,10718,4
2020-04-29,15:05:41,10718,10718,10718,2
2020-04-29,15:05:41,10718,10718,10718,2
2020-04-29,15:05:42,10718,10718,10718,2
2020-04-29,15:05:42,10718,10718,10718,2
2020-04-29,15:05:45,10718,10718,10718,6
2020-04-29,15:05:45,10719,10719,10719,2
2020-04-29,15:05:45,10717,10717,10717,2
2020-04-29,15:05:45,10718,10718,10718,2
2020-04-29,15:05:45,10719,10719,10719,2
2020-04-29,15:05:47,10719,10719,10719,4
2020-04-29,15:05:48,10719,10719,10719,8
2020-04-29,15:05:48,10719,10719,10719,6
2020-04-29,15:05:49,10719,10719,10719,2
2020-04-29,15:05:50,10720,10720,10720,2
2020-04-29,15:05:50,10720,10720,10720,2
2020-04-29,15:05:50,10720,10720,10720,2
2020-04-29,15:05:50,10719,10719,10719,4
2020-04-29,15:05:51,10720,10720,10720,12
2020-04-29,15:05:51,10720,10720,10720,2
2020-04-29,15:05:51,10720,10720,10720,12
2020-04-29,15:05:51,10721,10721,10721,12
2020-04-29,15:05:51,10722,10722,10722,8
2020-04-29,15:05:51,10722,10722,10722,2
2020-04-29,15:05:52,10720,10720,10720,2
2020-04-29,15:05:53,10720,10720,10720,2
2020-04-29,15:05:53,10720,10720,10720,2
2020-04-29,15:05:55,10720,10720,10720,2
2020-04-29,15:05:55,10720,10720,10720,2
2020-04-29,15:05:56,10721,10721,10721,6
2020-04-29,15:05:56,10720,10720,10720,2
2020-04-29,15:05:56,10720,10720,10720,2
2020-04-29,15:05:56,10721,10721,10721,2
2020-04-29,15:05:56,10720,10720,10720,2
2020-04-29,15:05:56,10721,10721,10721,4
2020-04-29,15:05:56,10721,10721,10721,2
2020-04-29,15:05:56,10720,10720,10720,2
2020-04-29,15:05:57,10720,10720,10720,2
2020-04-29,15:05:59,10721,10721,10721,4
2020-04-29,15:05:59,10720,10720,10720,2
2020-04-29,15:05:59,10721,10721,10721,2
2020-04-29,15:05:59,10721,10721,10721,2
2020-04-29,15:06:00,10720,10720,10720,2
2020-04-29,15:06:00,10720,10720,10720,2
2020-04-29,15:06:00,10720,10720,10720,4
2020-04-29,15:06:00,10720,10720,10720,2
2020-04-29,15:06:00,10720,10720,10720,2
2020-04-29,15:06:00,10720,10720,10720,2
2020-04-29,15:06:00,10719,10719,10719,2
2020-04-29,15:06:00,10719,10719,10719,2
2020-04-29,15:06:00,10720,10720,10720,2
2020-04-29,15:06:00,10720,10720,10720,4
2020-04-29,15:06:00,10721,10721,10721,2
2020-04-29,15:06:00,10720,10720,10720,2
2020-04-29,15:06:00,10719,10719,10719,2
2020-04-29,15:06:00,10719,10719,10719,4
2020-04-29,15:06:00,10720,10720,10720,4
2020-04-29,15:06:01,10719,10719,10719,2
2020-04-29,15:06:01,10719,10719,10719,2
2020-04-29,15:06:01,10719,10719,10719,2
2020-04-29,15:06:01,10719,10719,10719,20
2020-04-29,15:06:01,10719,10719,10719,2
2020-04-29,15:06:01,10720,10720,10720,2
2020-04-29,15:06:02,10719,10719,10719,6
2020-04-29,15:06:03,10718,10718,10718,2
2020-04-29,15:06:03,10718,10718,10718,2
2020-04-29,15:06:03,10718,10718,10718,2
2020-04-29,15:06:03,10718,10718,10718,2
2020-04-29,15:06:03,10718,10718,10718,10
2020-04-29,15:06:03,10717,10717,10717,2
2020-04-29,15:06:03,10717,10717,10717,6
2020-04-29,15:06:03,10717,10717,10717,2
2020-04-29,15:06:03,10717,10717,10717,2
2020-04-29,15:06:03,10717,10717,10717,8
2020-04-29,15:06:03,10717,10717,10717,6
2020-04-29,15:06:03,10717,10717,10717,4
2020-04-29,15:06:03,10717,10717,10717,2
2020-04-29,15:06:03,10717,10717,10717,2
2020-04-29,15:06:05,10716,10716,10716,2
2020-04-29,15:06:05,10716,10716,10716,2
2020-04-29,15:06:06,10716,10716,10716,2
2020-04-29,15:06:07,10716,10716,10716,4
2020-04-29,15:06:10,10716,10716,10716,2
2020-04-29,15:06:12,10715,10715,10715,2
2020-04-29,15:06:12,10715,10715,10715,2
2020-04-29,15:06:13,10716,10716,10716,2
2020-04-29,15:06:13,10716,10716,10716,2
2020-04-29,15:06:14,10716,10716,10716,4
2020-04-29,15:06:14,10715,10715,10715,6
2020-04-29,15:06:15,10715,10715,10715,2
2020-04-29,15:06:16,10716,10716,10716,2
2020-04-29,15:06:16,10715,10715,10715,2
2020-04-29,15:06:17,10716,10716,10716,2
2020-04-29,15:06:17,10717,10717,10717,8
2020-04-29,15:06:26,10717,10717,10717,2
2020-04-29,15:06:26,10719,10719,10719,4
2020-04-29,15:06:27,10718,10718,10718,2
2020-04-29,15:06:31,10719,10719,10719,8
2020-04-29,15:06:36,10718,10718,10718,2
2020-04-29,15:06:36,10718,10718,10718,2
2020-04-29,15:06:36,10718,10718,10718,2
2020-04-29,15:06:36,10718,10718,10718,2
2020-04-29,15:06:36,10719,10719,10719,2
2020-04-29,15:06:36,10718,10718,10718,2
2020-04-29,15:06:37,10718,10718,10718,6
2020-04-29,15:06:38,10718,10718,10718,2
2020-04-29,15:06:38,10718,10718,10718,2
2020-04-29,15:06:39,10718,10718,10718,2
2020-04-29,15:06:51,10720,10720,10720,2
2020-04-29,15:06:51,10718,10718,10718,6
2020-04-29,15:06:51,10718,10718,10718,2
2020-04-29,15:06:53,10719,10719,10719,2
2020-04-29,15:06:55,10719,10719,10719,4
2020-04-29,15:06:55,10719,10719,10719,2
2020-04-29,15:06:58,10719,10719,10719,2
2020-04-29,15:06:58,10718,10718,10718,2
2020-04-29,15:06:58,10718,10718,10718,4
2020-04-29,15:06:58,10718,10718,10718,2
2020-04-29,15:06:58,10718,10718,10718,2
2020-04-29,15:06:58,10718,10718,10718,2
2020-04-29,15:06:58,10718,10718,10718,2
2020-04-29,15:06:58,10718,10718,10718,2
2020-04-29,15:06:58,10718,10718,10718,2
2020-04-29,15:06:58,10718,10718,10718,2
2020-04-29,15:06:58,10718,10718,10718,2
2020-04-29,15:07:02,10718,10718,10718,2
2020-04-29,15:07:04,10718,10718,10718,2
2020-04-29,15:07:04,10718,10718,10718,2
2020-04-29,15:07:05,10718,10718,10718,2
2020-04-29,15:07:06,10718,10718,10718,2
2020-04-29,15:07:06,10717,10717,10717,2
2020-04-29,15:07:07,10717,10717,10717,2
2020-04-29,15:07:07,10717,10717,10717,2
2020-04-29,15:07:08,10717,10717,10717,4
2020-04-29,15:07:08,10717,10717,10717,2
2020-04-29,15:07:08,10717,10717,10717,2
2020-04-29,15:07:08,10717,10717,10717,2
2020-04-29,15:07:08,10717,10717,10717,2
2020-04-29,15:07:08,10717,10717,10717,2
2020-04-29,15:07:08,10717,10717,10717,2
2020-04-29,15:07:08,10717,10717,10717,2
2020-04-29,15:07:08,10717,10717,10717,2
2020-04-29,15:07:11,10717,10717,10717,2
2020-04-29,15:07:11,10716,10716,10716,2
2020-04-29,15:07:14,10718,10718,10718,2
2020-04-29,15:07:15,10718,10718,10718,2
2020-04-29,15:07:15,10718,10718,10718,2
2020-04-29,15:07:16,10719,10719,10719,2
2020-04-29,15:07:21,10718,10718,10718,4
2020-04-29,15:07:22,10718,10718,10718,2
2020-04-29,15:07:25,10717,10717,10717,2
2020-04-29,15:07:28,10719,10719,10719,2
2020-04-29,15:07:30,10719,10719,10719,2
2020-04-29,15:07:30,10718,10718,10718,2
2020-04-29,15:07:30,10717,10717,10717,2
2020-04-29,15:07:32,10718,10718,10718,2
2020-04-29,15:07:34,10719,10719,10719,2
2020-04-29,15:07:36,10719,10719,10719,18
2020-04-29,15:07:38,10720,10720,10720,4
2020-04-29,15:07:38,10720,10720,10720,2
2020-04-29,15:07:38,10720,10720,10720,18
2020-04-29,15:07:39,10720,10720,10720,2
2020-04-29,15:07:42,10720,10720,10720,2
2020-04-29,15:07:43,10721,10721,10721,2
2020-04-29,15:07:43,10721,10721,10721,2
2020-04-29,15:07:43,10721,10721,10721,2
2020-04-29,15:07:43,10721,10721,10721,2
2020-04-29,15:07:44,10722,10722,10722,2
2020-04-29,15:07:44,10721,10721,10721,2
2020-04-29,15:07:44,10722,10722,10722,2
2020-04-29,15:07:45,10720,10720,10720,2
2020-04-29,15:07:48,10721,10721,10721,2
2020-04-29,15:07:48,10721,10721,10721,2
2020-04-29,15:07:48,10721,10721,10721,2
2020-04-29,15:07:51,10721,10721,10721,2
2020-04-29,15:07:53,10722,10722,10722,8
2020-04-29,15:07:56,10721,10721,10721,2
2020-04-29,15:07:57,10721,10721,10721,2
2020-04-29,15:07:57,10722,10722,10722,2
2020-04-29,15:07:58,10722,10722,10722,2
2020-04-29,15:07:59,10722,10722,10722,14
2020-04-29,15:07:59,10723,10723,10723,6
2020-04-29,15:08:01,10722,10722,10722,2
2020-04-29,15:08:01,10722,10722,10722,2
2020-04-29,15:08:02,10723,10723,10723,14
2020-04-29,15:08:03,10723,10723,10723,2
2020-04-29,15:08:03,10722,10722,10722,2
2020-04-29,15:08:04,10723,10723,10723,4
2020-04-29,15:08:04,10723,10723,10723,2
2020-04-29,15:08:04,10722,10722,10722,2
2020-04-29,15:08:05,10723,10723,10723,2
2020-04-29,15:08:08,10723,10723,10723,2
2020-04-29,15:08:11,10722,10722,10722,2
2020-04-29,15:08:11,10723,10723,10723,2
2020-04-29,15:08:11,10723,10723,10723,6
2020-04-29,15:08:13,10723,10723,10723,2
2020-04-29,15:08:14,10723,10723,10723,2
2020-04-29,15:08:14,10723,10723,10723,2
2020-04-29,15:08:15,10723,10723,10723,6
2020-04-29,15:08:15,10723,10723,10723,2
2020-04-29,15:08:15,10723,10723,10723,2
2020-04-29,15:08:15,10723,10723,10723,6
2020-04-29,15:08:16,10723,10723,10723,12
2020-04-29,15:08:16,10723,10723,10723,2
2020-04-29,15:08:19,10722,10722,10722,6
2020-04-29,15:08:19,10722,10722,10722,2
2020-04-29,15:08:19,10722,10722,10722,2
2020-04-29,15:08:19,10722,10722,10722,2
2020-04-29,15:08:19,10722,10722,10722,2
2020-04-29,15:08:19,10722,10722,10722,2
2020-04-29,15:08:19,10722,10722,10722,2
2020-04-29,15:08:19,10722,10722,10722,2
2020-04-29,15:08:22,10721,10721,10721,2
2020-04-29,15:08:23,10721,10721,10721,2
2020-04-29,15:08:23,10721,10721,10721,2
2020-04-29,15:08:23,10721,10721,10721,2
2020-04-29,15:08:24,10720,10720,10720,2
2020-04-29,15:08:24,10720,10720,10720,2
2020-04-29,15:08:24,10720,10720,10720,2
2020-04-29,15:08:24,10720,10720,10720,2
2020-04-29,15:08:24,10720,10720,10720,2
2020-04-29,15:08:24,10720,10720,10720,2
2020-04-29,15:08:24,10720,10720,10720,2
2020-04-29,15:08:24,10720,10720,10720,2
2020-04-29,15:08:24,10720,10720,10720,2
2020-04-29,15:08:24,10720,10720,10720,2
2020-04-29,15:08:24,10720,10720,10720,2
2020-04-29,15:08:24,10720,10720,10720,2
2020-04-29,15:08:24,10720,10720,10720,2
2020-04-29,15:08:24,10720,10720,10720,2
2020-04-29,15:08:24,10720,10720,10720,2
2020-04-29,15:08:24,10720,10720,10720,2
2020-04-29,15:08:24,10720,10720,10720,2
2020-04-29,15:08:24,10721,10721,10721,2
2020-04-29,15:08:28,10720,10720,10720,2
2020-04-29,15:08:28,10720,10720,10720,2
2020-04-29,15:08:32,10720,10720,10720,2
2020-04-29,15:08:34,10720,10720,10720,2
2020-04-29,15:08:35,10720,10720,10720,2
2020-04-29,15:08:37,10721,10721,10721,6
2020-04-29,15:08:42,10721,10721,10721,2
2020-04-29,15:08:43,10721,10721,10721,2
2020-04-29,15:08:46,10722,10722,10722,2
2020-04-29,15:08:48,10721,10721,10721,2
2020-04-29,15:08:53,10721,10721,10721,2
2020-04-29,15:08:53,10721,10721,10721,2
2020-04-29,15:08:53,10721,10721,10721,2
2020-04-29,15:08:56,10721,10721,10721,2
2020-04-29,15:08:56,10720,10720,10720,2
2020-04-29,15:08:56,10720,10720,10720,2
2020-04-29,15:08:56,10720,10720,10720,2
2020-04-29,15:08:56,10720,10720,10720,2
2020-04-29,15:08:56,10720,10720,10720,2
2020-04-29,15:08:56,10720,10720,10720,2
2020-04-29,15:08:56,10720,10720,10720,4
2020-04-29,15:08:56,10720,10720,10720,2
2020-04-29,15:08:56,10720,10720,10720,2
2020-04-29,15:08:56,10720,10720,10720,2
2020-04-29,15:08:56,10720,10720,10720,2
2020-04-29,15:08:56,10720,10720,10720,4
2020-04-29,15:08:57,10721,10721,10721,2
2020-04-29,15:08:58,10719,10719,10719,2
2020-04-29,15:08:59,10720,10720,10720,4
2020-04-29,15:08:59,10720,10720,10720,2
2020-04-29,15:09:00,10719,10719,10719,2
2020-04-29,15:09:00,10719,10719,10719,2
2020-04-29,15:09:00,10719,10719,10719,2
2020-04-29,15:09:00,10719,10719,10719,2
2020-04-29,15:09:03,10718,10718,10718,2
2020-04-29,15:09:03,10718,10718,10718,2
2020-04-29,15:09:03,10718,10718,10718,2
2020-04-29,15:09:03,10718,10718,10718,4
2020-04-29,15:09:03,10719,10719,10719,2
2020-04-29,15:09:03,10719,10719,10719,6
2020-04-29,15:09:06,10719,10719,10719,2
2020-04-29,15:09:09,10719,10719,10719,2
2020-04-29,15:09:09,10720,10720,10720,32
2020-04-29,15:09:09,10720,10720,10720,2
2020-04-29,15:09:09,10720,10720,10720,2
2020-04-29,15:09:10,10720,10720,10720,2
2020-04-29,15:09:10,10719,10719,10719,2
2020-04-29,15:09:13,10719,10719,10719,2
2020-04-29,15:09:15,10720,10720,10720,10
2020-04-29,15:09:17,10721,10721,10721,2
2020-04-29,15:09:18,10721,10721,10721,8
2020-04-29,15:09:21,10721,10721,10721,2
2020-04-29,15:09:21,10722,10722,10722,12
2020-04-29,15:09:22,10723,10723,10723,4
2020-04-29,15:09:24,10723,10723,10723,4
2020-04-29,15:09:24,10722,10722,10722,2
2020-04-29,15:09:24,10722,10722,10722,2
2020-04-29,15:09:24,10722,10722,10722,2
2020-04-29,15:09:24,10722,10722,10722,2
2020-04-29,15:09:24,10722,10722,10722,2
2020-04-29,15:09:24,10722,10722,10722,2
2020-04-29,15:09:27,10721,10721,10721,2
2020-04-29,15:09:28,10722,10722,10722,6
2020-04-29,15:09:29,10722,10722,10722,2
2020-04-29,15:09:31,10723,10723,10723,2
2020-04-29,15:09:32,10722,10722,10722,2
2020-04-29,15:09:37,10723,10723,10723,4
2020-04-29,15:09:37,10722,10722,10722,2
2020-04-29,15:09:37,10722,10722,10722,2
2020-04-29,15:09:37,10722,10722,10722,2
2020-04-29,15:09:37,10722,10722,10722,2
2020-04-29,15:09:37,10722,10722,10722,2
2020-04-29,15:09:37,10722,10722,10722,2
2020-04-29,15:09:37,10722,10722,10722,2
2020-04-29,15:09:37,10722,10722,10722,2
2020-04-29,15:09:37,10722,10722,10722,2
2020-04-29,15:09:37,10722,10722,10722,2
2020-04-29,15:09:38,10722,10722,10722,2
2020-04-29,15:09:38,10722,10722,10722,2
2020-04-29,15:09:38,10722,10722,10722,2
2020-04-29,15:09:38,10722,10722,10722,2
2020-04-29,15:09:38,10722,10722,10722,2
2020-04-29,15:09:38,10722,10722,10722,2
2020-04-29,15:09:38,10722,10722,10722,2
2020-04-29,15:09:38,10722,10722,10722,2
2020-04-29,15:09:38,10722,10722,10722,2
2020-04-29,15:09:38,10722,10722,10722,2
2020-04-29,15:09:38,10722,10722,10722,2
2020-04-29,15:09:38,10722,10722,10722,2
2020-04-29,15:09:38,10722,10722,10722,2
2020-04-29,15:09:38,10722,10722,10722,2
2020-04-29,15:09:38,10722,10722,10722,2
2020-04-29,15:09:38,10722,10722,10722,2
2020-04-29,15:09:39,10721,10721,10721,2
2020-04-29,15:09:39,10721,10721,10721,2
2020-04-29,15:09:39,10723,10723,10723,2
2020-04-29,15:09:42,10723,10723,10723,2
2020-04-29,15:09:44,10722,10722,10722,2
2020-04-29,15:09:46,10723,10723,10723,2
2020-04-29,15:09:47,10722,10722,10722,2
2020-04-29,15:09:48,10723,10723,10723,2
2020-04-29,15:09:48,10722,10722,10722,2
2020-04-29,15:09:48,10722,10722,10722,4
2020-04-29,15:09:48,10722,10722,10722,2
2020-04-29,15:09:48,10722,10722,10722,4
2020-04-29,15:09:48,10722,10722,10722,4
2020-04-29,15:09:49,10723,10723,10723,2
2020-04-29,15:09:49,10722,10722,10722,10
2020-04-29,15:09:52,10722,10722,10722,2
2020-04-29,15:09:53,10722,10722,10722,4
2020-04-29,15:09:58,10722,10722,10722,2
2020-04-29,15:09:59,10721,10721,10721,2
2020-04-29,15:09:59,10721,10721,10721,4
2020-04-29,15:09:59,10721,10721,10721,2
2020-04-29,15:09:59,10721,10721,10721,2
2020-04-29,15:09:59,10721,10721,10721,2
2020-04-29,15:09:59,10721,10721,10721,2
2020-04-29,15:10:00,10720,10720,10720,2
2020-04-29,15:10:00,10720,10720,10720,2
2020-04-29,15:10:00,10720,10720,10720,2
2020-04-29,15:10:00,10720,10720,10720,2
2020-04-29,15:10:00,10720,10720,10720,2
2020-04-29,15:10:00,10720,10720,10720,4
2020-04-29,15:10:00,10720,10720,10720,2
2020-04-29,15:10:00,10720,10720,10720,2
2020-04-29,15:10:00,10720,10720,10720,2
2020-04-29,15:10:02,10720,10720,10720,12
2020-04-29,15:10:04,10720,10720,10720,2
2020-04-29,15:10:04,10721,10721,10721,2
2020-04-29,15:10:07,10720,10720,10720,2
2020-04-29,15:10:09,10720,10720,10720,2
2020-04-29,15:10:10,10720,10720,10720,4
2020-04-29,15:10:12,10720,10720,10720,2
2020-04-29,15:10:16,10720,10720,10720,4
2020-04-29,15:10:20,10720,10720,10720,2
2020-04-29,15:10:21,10720,10720,10720,2
2020-04-29,15:10:21,10720,10720,10720,2
2020-04-29,15:10:21,10720,10720,10720,2
2020-04-29,15:10:21,10720,10720,10720,2
2020-04-29,15:10:21,10720,10720,10720,2
2020-04-29,15:10:21,10720,10720,10720,2
2020-04-29,15:10:27,10721,10721,10721,10
2020-04-29,15:10:28,10721,10721,10721,2
2020-04-29,15:10:30,10721,10721,10721,2
2020-04-29,15:10:34,10722,10722,10722,2
2020-04-29,15:10:35,10721,10721,10721,2
2020-04-29,15:10:39,10722,10722,10722,12
2020-04-29,15:10:39,10723,10723,10723,18
2020-04-29,15:10:45,10723,10723,10723,10
2020-04-29,15:10:49,10724,10724,10724,22
2020-04-29,15:10:49,10724,10724,10724,10
2020-04-29,15:10:49,10723,10723,10723,2
2020-04-29,15:10:50,10723,10723,10723,2
2020-04-29,15:10:50,10723,10723,10723,2
2020-04-29,15:10:53,10722,10722,10722,2
2020-04-29,15:10:54,10722,10722,10722,2
2020-04-29,15:10:55,10722,10722,10722,2
2020-04-29,15:10:56,10724,10724,10724,2
2020-04-29,15:11:07,10723,10723,10723,2
2020-04-29,15:11:09,10724,10724,10724,2
2020-04-29,15:11:09,10724,10724,10724,44
2020-04-29,15:11:11,10724,10724,10724,2
2020-04-29,15:11:13,10724,10724,10724,2
2020-04-29,15:11:13,10723,10723,10723,2
2020-04-29,15:11:17,10724,10724,10724,2
2020-04-29,15:11:18,10725,10725,10725,38
2020-04-29,15:11:18,10725,10725,10725,2
2020-04-29,15:11:18,10725,10725,10725,2
2020-04-29,15:11:18,10725,10725,10725,2
2020-04-29,15:11:18,10725,10725,10725,12
2020-04-29,15:11:18,10725,10725,10725,6
2020-04-29,15:11:20,10726,10726,10726,2
2020-04-29,15:11:20,10726,10726,10726,22
2020-04-29,15:11:20,10726,10726,10726,2
2020-04-29,15:11:21,10726,10726,10726,2
2020-04-29,15:11:21,10726,10726,10726,2
2020-04-29,15:11:22,10727,10727,10727,2
2020-04-29,15:11:22,10727,10727,10727,2
2020-04-29,15:11:23,10727,10727,10727,4
2020-04-29,15:11:23,10727,10727,10727,2
2020-04-29,15:11:25,10727,10727,10727,2
2020-04-29,15:11:26,10727,10727,10727,2
2020-04-29,15:11:27,10727,10727,10727,4
2020-04-29,15:11:27,10728,10728,10728,4
2020-04-29,15:11:29,10726,10726,10726,2
2020-04-29,15:11:29,10726,10726,10726,2
2020-04-29,15:11:30,10727,10727,10727,2
2020-04-29,15:11:30,10727,10727,10727,4
2020-04-29,15:11:30,10727,10727,10727,4
2020-04-29,15:11:30,10728,10728,10728,20
2020-04-29,15:11:33,10728,10728,10728,2
2020-04-29,15:11:33,10728,10728,10728,2
2020-04-29,15:11:33,10727,10727,10727,2
2020-04-29,15:11:34,10727,10727,10727,2
2020-04-29,15:11:34,10728,10728,10728,2
2020-04-29,15:11:36,10727,10727,10727,2
2020-04-29,15:11:36,10727,10727,10727,2
2020-04-29,15:11:39,10728,10728,10728,2
2020-04-29,15:11:40,10727,10727,10727,2
2020-04-29,15:11:40,10727,10727,10727,2
2020-04-29,15:11:40,10727,10727,10727,8
2020-04-29,15:11:40,10727,10727,10727,4
2020-04-29,15:11:40,10727,10727,10727,2
2020-04-29,15:11:40,10727,10727,10727,2
2020-04-29,15:11:41,10727,10727,10727,2
2020-04-29,15:11:41,10726,10726,10726,2
2020-04-29,15:11:41,10726,10726,10726,2
2020-04-29,15:11:41,10726,10726,10726,2
2020-04-29,15:11:42,10726,10726,10726,4
2020-04-29,15:11:44,10726,10726,10726,2
2020-04-29,15:11:45,10726,10726,10726,2
2020-04-29,15:11:49,10727,10727,10727,2
2020-04-29,15:11:50,10726,10726,10726,2
2020-04-29,15:11:50,10726,10726,10726,8
2020-04-29,15:11:50,10727,10727,10727,22
2020-04-29,15:11:52,10727,10727,10727,6
2020-04-29,15:11:54,10727,10727,10727,2
2020-04-29,15:11:54,10728,10728,10728,4
2020-04-29,15:11:56,10727,10727,10727,2
2020-04-29,15:11:56,10727,10727,10727,2
2020-04-29,15:11:56,10726,10726,10726,2
2020-04-29,15:11:59,10727,10727,10727,6
2020-04-29,15:12:02,10727,10727,10727,12
2020-04-29,15:12:03,10727,10727,10727,2
2020-04-29,15:12:03,10728,10728,10728,2
2020-04-29,15:12:04,10727,10727,10727,2
2020-04-29,15:12:04,10727,10727,10727,32
2020-04-29,15:12:04,10727,10727,10727,2
2020-04-29,15:12:04,10727,10727,10727,2
2020-04-29,15:12:04,10726,10726,10726,2
2020-04-29,15:12:04,10726,10726,10726,6
2020-04-29,15:12:04,10726,10726,10726,2
2020-04-29,15:12:04,10726,10726,10726,4
2020-04-29,15:12:04,10726,10726,10726,2
2020-04-29,15:12:04,10726,10726,10726,2
2020-04-29,15:12:04,10726,10726,10726,2
2020-04-29,15:12:04,10726,10726,10726,6
2020-04-29,15:12:04,10726,10726,10726,2
2020-04-29,15:12:04,10726,10726,10726,2
2020-04-29,15:12:04,10726,10726,10726,4
2020-04-29,15:12:04,10726,10726,10726,2
2020-04-29,15:12:04,10726,10726,10726,4
2020-04-29,15:12:05,10725,10725,10725,2
2020-04-29,15:12:06,10726,10726,10726,2
2020-04-29,15:12:08,10725,10725,10725,2
2020-04-29,15:12:08,10725,10725,10725,2
2020-04-29,15:12:08,10725,10725,10725,2
2020-04-29,15:12:08,10725,10725,10725,2
2020-04-29,15:12:08,10725,10725,10725,2
2020-04-29,15:12:08,10725,10725,10725,6
2020-04-29,15:12:08,10725,10725,10725,2
2020-04-29,15:12:08,10725,10725,10725,2
2020-04-29,15:12:08,10725,10725,10725,2
2020-04-29,15:12:08,10725,10725,10725,2
2020-04-29,15:12:08,10725,10725,10725,4
2020-04-29,15:12:10,10726,10726,10726,2
2020-04-29,15:12:11,10725,10725,10725,8
2020-04-29,15:12:15,10725,10725,10725,4
2020-04-29,15:12:16,10725,10725,10725,2
2020-04-29,15:12:22,10725,10725,10725,4
2020-04-29,15:12:22,10726,10726,10726,2
2020-04-29,15:12:23,10725,10725,10725,2
2020-04-29,15:12:23,10725,10725,10725,2
2020-04-29,15:12:24,10725,10725,10725,4
2020-04-29,15:12:26,10724,10724,10724,2
2020-04-29,15:12:27,10725,10725,10725,2
2020-04-29,15:12:27,10724,10724,10724,2
2020-04-29,15:12:27,10724,10724,10724,2
2020-04-29,15:12:27,10724,10724,10724,2
2020-04-29,15:12:36,10724,10724,10724,2
2020-04-29,15:12:37,10724,10724,10724,2
2020-04-29,15:12:39,10724,10724,10724,2
2020-04-29,15:12:40,10725,10725,10725,8
2020-04-29,15:12:41,10724,10724,10724,2
2020-04-29,15:12:46,10725,10725,10725,2
2020-04-29,15:12:47,10725,10725,10725,2
2020-04-29,15:12:47,10725,10725,10725,2
2020-04-29,15:12:50,10724,10724,10724,2
2020-04-29,15:12:54,10724,10724,10724,2
2020-04-29,15:12:54,10724,10724,10724,2
2020-04-29,15:12:54,10724,10724,10724,2
2020-04-29,15:12:54,10724,10724,10724,2
2020-04-29,15:12:55,10724,10724,10724,2
2020-04-29,15:12:55,10723,10723,10723,2
2020-04-29,15:12:55,10723,10723,10723,2
2020-04-29,15:12:56,10723,10723,10723,2
2020-04-29,15:12:56,10723,10723,10723,2
2020-04-29,15:12:56,10723,10723,10723,2
2020-04-29,15:12:56,10723,10723,10723,2
2020-04-29,15:12:56,10723,10723,10723,2
2020-04-29,15:12:56,10723,10723,10723,2
2020-04-29,15:12:56,10723,10723,10723,4
2020-04-29,15:12:56,10723,10723,10723,4
2020-04-29,15:12:56,10723,10723,10723,4
2020-04-29,15:12:56,10723,10723,10723,4
2020-04-29,15:12:56,10723,10723,10723,2
2020-04-29,15:12:57,10723,10723,10723,2
2020-04-29,15:12:58,10722,10722,10722,2
2020-04-29,15:12:58,10722,10722,10722,2
2020-04-29,15:12:58,10722,10722,10722,2
2020-04-29,15:12:58,10723,10723,10723,2
2020-04-29,15:12:59,10722,10722,10722,2
2020-04-29,15:13:02,10723,10723,10723,6
2020-04-29,15:13:02,10722,10722,10722,2
2020-04-29,15:13:02,10722,10722,10722,4
2020-04-29,15:13:02,10722,10722,10722,2
2020-04-29,15:13:02,10722,10722,10722,2
2020-04-29,15:13:02,10722,10722,10722,2
2020-04-29,15:13:04,10723,10723,10723,12
2020-04-29,15:13:05,10724,10724,10724,2
2020-04-29,15:13:06,10725,10725,10725,24
2020-04-29,15:13:08,10725,10725,10725,2
2020-04-29,15:13:09,10724,10724,10724,2
2020-04-29,15:13:10,10724,10724,10724,2
2020-04-29,15:13:13,10724,10724,10724,2
2020-04-29,15:13:13,10725,10725,10725,2
2020-04-29,15:13:15,10724,10724,10724,2
2020-04-29,15:13:15,10724,10724,10724,6
2020-04-29,15:13:21,10725,10725,10725,2
2020-04-29,15:13:28,10725,10725,10725,2
2020-04-29,15:13:32,10724,10724,10724,2
2020-04-29,15:13:33,10724,10724,10724,2
2020-04-29,15:13:33,10724,10724,10724,2
2020-04-29,15:13:33,10724,10724,10724,2
2020-04-29,15:13:36,10723,10723,10723,2
2020-04-29,15:13:39,10723,10723,10723,2
2020-04-29,15:13:39,10723,10723,10723,2
2020-04-29,15:13:40,10723,10723,10723,2
2020-04-29,15:13:40,10723,10723,10723,2
2020-04-29,15:13:43,10722,10722,10722,2
2020-04-29,15:13:44,10724,10724,10724,2
2020-04-29,15:13:47,10724,10724,10724,2
2020-04-29,15:13:51,10723,10723,10723,2
2020-04-29,15:13:56,10723,10723,10723,2
2020-04-29,15:13:59,10722,10722,10722,2
2020-04-29,15:14:00,10722,10722,10722,2
2020-04-29,15:14:00,10722,10722,10722,2
2020-04-29,15:14:00,10722,10722,10722,2
2020-04-29,15:14:00,10722,10722,10722,2
2020-04-29,15:14:00,10722,10722,10722,2
2020-04-29,15:14:02,10722,10722,10722,2
2020-04-29,15:14:02,10722,10722,10722,2
2020-04-29,15:14:02,10722,10722,10722,2
2020-04-29,15:14:02,10722,10722,10722,2
2020-04-29,15:14:06,10722,10722,10722,2
2020-04-29,15:14:10,10723,10723,10723,2
2020-04-29,15:14:19,10723,10723,10723,2
2020-04-29,15:14:19,10723,10723,10723,6
2020-04-29,15:14:21,10724,10724,10724,12
2020-04-29,15:14:22,10723,10723,10723,2
2020-04-29,15:14:30,10725,10725,10725,4
2020-04-29,15:14:30,10725,10725,10725,14
2020-04-29,15:14:30,10724,10724,10724,2
2020-04-29,15:14:31,10725,10725,10725,2
2020-04-29,15:14:32,10724,10724,10724,2
2020-04-29,15:14:34,10723,10723,10723,2
2020-04-29,15:14:34,10723,10723,10723,2
2020-04-29,15:14:34,10723,10723,10723,2
2020-04-29,15:14:34,10723,10723,10723,4
2020-04-29,15:14:34,10723,10723,10723,2
2020-04-29,15:14:34,10723,10723,10723,2
2020-04-29,15:14:34,10723,10723,10723,4
2020-04-29,15:14:34,10723,10723,10723,14
2020-04-29,15:14:43,10723,10723,10723,16
2020-04-29,15:14:43,10723,10723,10723,2
2020-04-29,15:14:43,10723,10723,10723,2
2020-04-29,15:14:45,10723,10723,10723,2
2020-04-29,15:14:45,10723,10723,10723,2
2020-04-29,15:14:49,10723,10723,10723,2
2020-04-29,15:14:49,10724,10724,10724,6
2020-04-29,15:14:59,10723,10723,10723,6
2020-04-29,15:14:59,10723,10723,10723,2
2020-04-29,15:15:00,10723,10723,10723,2
2020-04-29,15:15:00,10723,10723,10723,18
2020-04-29,15:15:01,10723,10723,10723,2
2020-04-29,15:15:01,10723,10723,10723,2
2020-04-29,15:15:02,10723,10723,10723,10
2020-04-29,15:15:03,10722,10722,10722,2
2020-04-29,15:15:03,10722,10722,10722,2
2020-04-29,15:15:03,10722,10722,10722,2
2020-04-29,15:15:03,10722,10722,10722,6
2020-04-29,15:15:03,10722,10722,10722,2
2020-04-29,15:15:03,10721,10721,10721,2
2020-04-29,15:15:03,10721,10721,10721,4
2020-04-29,15:15:04,10721,10721,10721,2
2020-04-29,15:15:04,10721,10721,10721,2
2020-04-29,15:15:04,10721,10721,10721,2
2020-04-29,15:15:04,10721,10721,10721,2
2020-04-29,15:15:04,10721,10721,10721,2
2020-04-29,15:15:04,10721,10721,10721,2
2020-04-29,15:15:04,10721,10721,10721,4
2020-04-29,15:15:04,10721,10721,10721,2
2020-04-29,15:15:04,10721,10721,10721,2
2020-04-29,15:15:04,10721,10721,10721,2
2020-04-29,15:15:04,10721,10721,10721,2
2020-04-29,15:15:04,10721,10721,10721,2
2020-04-29,15:15:04,10721,10721,10721,2
2020-04-29,15:15:04,10721,10721,10721,2
2020-04-29,15:15:05,10720,10720,10720,2
2020-04-29,15:15:05,10720,10720,10720,2
2020-04-29,15:15:05,10720,10720,10720,2
2020-04-29,15:15:05,10720,10720,10720,2
2020-04-29,15:15:05,10720,10720,10720,2
2020-04-29,15:15:05,10720,10720,10720,2
2020-04-29,15:15:05,10720,10720,10720,2
2020-04-29,15:15:05,10720,10720,10720,2
2020-04-29,15:15:05,10720,10720,10720,6
2020-04-29,15:15:05,10720,10720,10720,8
2020-04-29,15:15:05,10720,10720,10720,2
2020-04-29,15:15:05,10720,10720,10720,2
2020-04-29,15:15:05,10720,10720,10720,2
2020-04-29,15:15:05,10720,10720,10720,2
2020-04-29,15:15:05,10720,10720,10720,2
2020-04-29,15:15:05,10720,10720,10720,2
2020-04-29,15:15:09,10719,10719,10719,2
2020-04-29,15:15:09,10720,10720,10720,2
2020-04-29,15:15:10,10720,10720,10720,2
2020-04-29,15:15:10,10720,10720,10720,2
2020-04-29,15:15:10,10721,10721,10721,2
2020-04-29,15:15:12,10719,10719,10719,2
2020-04-29,15:15:13,10720,10720,10720,2
2020-04-29,15:15:16,10722,10722,10722,2
2020-04-29,15:15:16,10721,10721,10721,2
2020-04-29,15:15:18,10722,10722,10722,4
2020-04-29,15:15:19,10721,10721,10721,2
2020-04-29,15:15:26,10720,10720,10720,2
2020-04-29,15:15:26,10720,10720,10720,2
2020-04-29,15:15:26,10720,10720,10720,4
2020-04-29,15:15:26,10720,10720,10720,2
2020-04-29,15:15:27,10720,10720,10720,2
2020-04-29,15:15:28,10720,10720,10720,2
2020-04-29,15:15:30,10720,10720,10720,2
2020-04-29,15:15:32,10719,10719,10719,2
2020-04-29,15:15:32,10719,10719,10719,2
2020-04-29,15:15:33,10720,10720,10720,2
2020-04-29,15:15:33,10719,10719,10719,2
2020-04-29,15:15:33,10719,10719,10719,2
2020-04-29,15:15:33,10719,10719,10719,2
2020-04-29,15:15:33,10719,10719,10719,2
2020-04-29,15:15:35,10718,10718,10718,6
2020-04-29,15:15:35,10718,10718,10718,14
2020-04-29,15:15:36,10718,10718,10718,20
2020-04-29,15:15:36,10718,10718,10718,6
2020-04-29,15:15:36,10718,10718,10718,2
2020-04-29,15:15:36,10718,10718,10718,2
2020-04-29,15:15:36,10718,10718,10718,2
2020-04-29,15:15:36,10718,10718,10718,2
2020-04-29,15:15:36,10718,10718,10718,2
2020-04-29,15:15:36,10718,10718,10718,2
2020-04-29,15:15:36,10718,10718,10718,2
2020-04-29,15:15:36,10718,10718,10718,2
2020-04-29,15:15:36,10718,10718,10718,2
2020-04-29,15:15:40,10718,10718,10718,2
2020-04-29,15:15:41,10718,10718,10718,2
2020-04-29,15:15:41,10718,10718,10718,2
2020-04-29,15:15:41,10717,10717,10717,2
2020-04-29,15:15:43,10718,10718,10718,2
2020-04-29,15:15:46,10718,10718,10718,2
2020-04-29,15:15:46,10718,10718,10718,2
2020-04-29,15:15:46,10718,10718,10718,2
2020-04-29,15:15:47,10718,10718,10718,2
2020-04-29,15:15:50,10719,10719,10719,4
2020-04-29,15:15:50,10719,10719,10719,2
2020-04-29,15:15:55,10718,10718,10718,2
2020-04-29,15:15:55,10718,10718,10718,14
2020-04-29,15:15:56,10719,10719,10719,2
2020-04-29,15:15:57,10719,10719,10719,2
2020-04-29,15:16:00,10719,10719,10719,2
2020-04-29,15:16:02,10720,10720,10720,12
2020-04-29,15:16:05,10721,10721,10721,2
2020-04-29,15:16:05,10721,10721,10721,2
2020-04-29,15:16:05,10722,10722,10722,4
2020-04-29,15:16:05,10722,10722,10722,2
2020-04-29,15:16:10,10722,10722,10722,2
2020-04-29,15:16:10,10723,10723,10723,2
2020-04-29,15:16:17,10722,10722,10722,2
2020-04-29,15:16:18,10720,10720,10720,2
2020-04-29,15:16:19,10722,10722,10722,2
2020-04-29,15:16:24,10722,10722,10722,2
2020-04-29,15:16:32,10722,10722,10722,10
2020-04-29,15:16:37,10722,10722,10722,4
2020-04-29,15:16:38,10722,10722,10722,2
2020-04-29,15:16:39,10721,10721,10721,2
2020-04-29,15:16:41,10720,10720,10720,2
2020-04-29,15:16:42,10720,10720,10720,2
2020-04-29,15:16:42,10720,10720,10720,2
2020-04-29,15:16:42,10720,10720,10720,2
2020-04-29,15:16:42,10720,10720,10720,2
2020-04-29,15:16:42,10720,10720,10720,2
2020-04-29,15:16:42,10720,10720,10720,2
2020-04-29,15:16:42,10719,10719,10719,2
2020-04-29,15:16:42,10719,10719,10719,2
2020-04-29,15:16:42,10719,10719,10719,2
2020-04-29,15:16:42,10719,10719,10719,2
2020-04-29,15:16:42,10719,10719,10719,2
2020-04-29,15:16:42,10719,10719,10719,2
2020-04-29,15:16:42,10719,10719,10719,2
2020-04-29,15:16:42,10719,10719,10719,2
2020-04-29,15:16:42,10719,10719,10719,2
2020-04-29,15:16:42,10719,10719,10719,2
2020-04-29,15:16:42,10718,10718,10718,16
2020-04-29,15:16:42,10718,10718,10718,2
2020-04-29,15:16:42,10718,10718,10718,2
2020-04-29,15:16:43,10719,10719,10719,2
2020-04-29,15:16:43,10719,10719,10719,2
2020-04-29,15:16:43,10719,10719,10719,2
2020-04-29,15:16:43,10719,10719,10719,2
2020-04-29,15:16:43,10719,10719,10719,2
2020-04-29,15:16:43,10719,10719,10719,8
2020-04-29,15:16:43,10719,10719,10719,2
2020-04-29,15:16:43,10719,10719,10719,8
2020-04-29,15:16:43,10719,10719,10719,2
2020-04-29,15:16:44,10719,10719,10719,2
2020-04-29,15:16:47,10718,10718,10718,2
2020-04-29,15:16:48,10718,10718,10718,2
2020-04-29,15:16:48,10718,10718,10718,2
2020-04-29,15:16:53,10717,10717,10717,2
2020-04-29,15:16:53,10717,10717,10717,2
2020-04-29,15:16:55,10717,10717,10717,2
2020-04-29,15:16:55,10717,10717,10717,2
2020-04-29,15:16:55,10717,10717,10717,2
2020-04-29,15:16:55,10717,10717,10717,2
2020-04-29,15:16:55,10717,10717,10717,2
2020-04-29,15:16:55,10717,10717,10717,4
2020-04-29,15:16:55,10717,10717,10717,2
2020-04-29,15:16:55,10717,10717,10717,6
2020-04-29,15:16:55,10717,10717,10717,2
2020-04-29,15:16:55,10717,10717,10717,4
2020-04-29,15:16:55,10718,10718,10718,2
2020-04-29,15:16:58,10718,10718,10718,4
2020-04-29,15:17:01,10717,10717,10717,2
2020-04-29,15:17:02,10718,10718,10718,8
2020-04-29,15:17:03,10718,10718,10718,2
2020-04-29,15:17:03,10718,10718,10718,2
2020-04-29,15:17:05,10717,10717,10717,2
2020-04-29,15:17:05,10718,10718,10718,4
2020-04-29,15:17:05,10718,10718,10718,2
2020-04-29,15:17:06,10718,10718,10718,2
2020-04-29,15:17:09,10718,10718,10718,2
2020-04-29,15:17:10,10717,10717,10717,2
2020-04-29,15:17:11,10717,10717,10717,2
2020-04-29,15:17:13,10718,10718,10718,2
2020-04-29,15:17:14,10717,10717,10717,28
2020-04-29,15:17:14,10717,10717,10717,4
2020-04-29,15:17:14,10717,10717,10717,2
2020-04-29,15:17:14,10717,10717,10717,2
2020-04-29,15:17:14,10717,10717,10717,2
2020-04-29,15:17:14,10717,10717,10717,2
2020-04-29,15:17:14,10717,10717,10717,2
2020-04-29,15:17:16,10716,10716,10716,2
2020-04-29,15:17:16,10716,10716,10716,2
2020-04-29,15:17:16,10716,10716,10716,2
2020-04-29,15:17:16,10716,10716,10716,2
2020-04-29,15:17:16,10716,10716,10716,2
2020-04-29,15:17:16,10716,10716,10716,2
2020-04-29,15:17:16,10715,10715,10715,2
2020-04-29,15:17:16,10715,10715,10715,2
2020-04-29,15:17:16,10715,10715,10715,2
2020-04-29,15:17:16,10715,10715,10715,2
2020-04-29,15:17:16,10715,10715,10715,2
2020-04-29,15:17:16,10715,10715,10715,2
2020-04-29,15:17:16,10715,10715,10715,2
2020-04-29,15:17:16,10715,10715,10715,2
2020-04-29,15:17:16,10715,10715,10715,2
2020-04-29,15:17:16,10715,10715,10715,2
2020-04-29,15:17:20,10715,10715,10715,2
2020-04-29,15:17:20,10715,10715,10715,2
2020-04-29,15:17:21,10715,10715,10715,2
2020-04-29,15:17:22,10715,10715,10715,2
2020-04-29,15:17:22,10715,10715,10715,2
2020-04-29,15:17:22,10715,10715,10715,2
2020-04-29,15:17:22,10714,10714,10714,2
2020-04-29,15:17:22,10715,10715,10715,2
2020-04-29,15:17:22,10715,10715,10715,2
2020-04-29,15:17:23,10714,10714,10714,2
2020-04-29,15:17:23,10714,10714,10714,2
2020-04-29,15:17:24,10714,10714,10714,2
2020-04-29,15:17:27,10715,10715,10715,14
2020-04-29,15:17:27,10716,10716,10716,26
2020-04-29,15:17:28,10716,10716,10716,2
2020-04-29,15:17:28,10716,10716,10716,2
2020-04-29,15:17:28,10716,10716,10716,2
2020-04-29,15:17:28,10716,10716,10716,2
2020-04-29,15:17:28,10716,10716,10716,2
2020-04-29,15:17:29,10716,10716,10716,2
2020-04-29,15:17:30,10717,10717,10717,4
2020-04-29,15:17:31,10717,10717,10717,2
2020-04-29,15:17:32,10717,10717,10717,4
2020-04-29,15:17:33,10717,10717,10717,2
2020-04-29,15:17:36,10717,10717,10717,2
2020-04-29,15:17:37,10718,10718,10718,2
2020-04-29,15:17:37,10718,10718,10718,8
2020-04-29,15:17:38,10718,10718,10718,2
2020-04-29,15:17:38,10718,10718,10718,8
2020-04-29,15:17:40,10717,10717,10717,2
2020-04-29,15:17:40,10717,10717,10717,2
2020-04-29,15:17:40,10717,10717,10717,24
2020-04-29,15:17:41,10718,10718,10718,2
2020-04-29,15:17:42,10719,10719,10719,6
2020-04-29,15:17:43,10719,10719,10719,2
2020-04-29,15:17:44,10720,10720,10720,2
2020-04-29,15:17:45,10719,10719,10719,2
2020-04-29,15:17:49,10719,10719,10719,8
2020-04-29,15:17:51,10719,10719,10719,2
2020-04-29,15:17:51,10719,10719,10719,2
2020-04-29,15:17:52,10719,10719,10719,2
2020-04-29,15:18:00,10718,10718,10718,2
2020-04-29,15:18:00,10719,10719,10719,4
2020-04-29,15:18:00,10719,10719,10719,2
2020-04-29,15:18:01,10718,10718,10718,2
2020-04-29,15:18:01,10720,10720,10720,2
2020-04-29,15:18:04,10718,10718,10718,2
2020-04-29,15:18:04,10718,10718,10718,2
2020-04-29,15:18:04,10718,10718,10718,2
2020-04-29,15:18:04,10718,10718,10718,2
2020-04-29,15:18:04,10718,10718,10718,2
2020-04-29,15:18:04,10718,10718,10718,2
2020-04-29,15:18:04,10718,10718,10718,2
2020-04-29,15:18:04,10719,10719,10719,2
2020-04-29,15:18:06,10719,10719,10719,2
2020-04-29,15:18:11,10718,10718,10718,2
2020-04-29,15:18:13,10719,10719,10719,2
2020-04-29,15:18:14,10718,10718,10718,2
2020-04-29,15:18:19,10718,10718,10718,2
2020-04-29,15:18:24,10718,10718,10718,2
2020-04-29,15:18:24,10718,10718,10718,2
2020-04-29,15:18:25,10719,10719,10719,4
2020-04-29,15:18:25,10718,10718,10718,4
2020-04-29,15:18:26,10719,10719,10719,2
2020-04-29,15:18:34,10719,10719,10719,2
2020-04-29,15:18:37,10718,10718,10718,2
2020-04-29,15:18:47,10718,10718,10718,2
2020-04-29,15:18:47,10718,10718,10718,2
2020-04-29,15:18:49,10719,10719,10719,2
2020-04-29,15:18:51,10719,10719,10719,2
2020-04-29,15:18:52,10719,10719,10719,2
2020-04-29,15:18:52,10719,10719,10719,2
2020-04-29,15:18:56,10719,10719,10719,2
2020-04-29,15:18:56,10719,10719,10719,2
2020-04-29,15:18:59,10719,10719,10719,2
2020-04-29,15:18:59,10719,10719,10719,2
2020-04-29,15:19:00,10718,10718,10718,2
2020-04-29,15:19:02,10719,10719,10719,2
2020-04-29,15:19:04,10719,10719,10719,2
2020-04-29,15:19:22,10719,10719,10719,2
2020-04-29,15:19:24,10718,10718,10718,2
2020-04-29,15:19:25,10719,10719,10719,26
2020-04-29,15:19:25,10720,10720,10720,54
2020-04-29,15:19:25,10720,10720,10720,2
2020-04-29,15:19:25,10720,10720,10720,2
2020-04-29,15:19:32,10719,10719,10719,4
2020-04-29,15:19:32,10719,10719,10719,2
2020-04-29,15:19:34,10720,10720,10720,2
2020-04-29,15:19:38,10718,10718,10718,2
2020-04-29,15:19:38,10718,10718,10718,2
2020-04-29,15:19:38,10718,10718,10718,2
2020-04-29,15:19:38,10718,10718,10718,2
2020-04-29,15:19:38,10718,10718,10718,4
2020-04-29,15:19:38,10718,10718,10718,2
2020-04-29,15:19:38,10718,10718,10718,4
2020-04-29,15:19:38,10718,10718,10718,2
2020-04-29,15:19:38,10718,10718,10718,4
2020-04-29,15:19:38,10718,10718,10718,2
2020-04-29,15:19:38,10718,10718,10718,2
2020-04-29,15:19:38,10718,10718,10718,2
2020-04-29,15:19:38,10718,10718,10718,2
2020-04-29,15:19:38,10718,10718,10718,2
2020-04-29,15:19:38,10718,10718,10718,2
2020-04-29,15:19:44,10718,10718,10718,2
2020-04-29,15:19:47,10718,10718,10718,2
2020-04-29,15:19:47,10719,10719,10719,6
2020-04-29,15:19:49,10720,10720,10720,2
2020-04-29,15:19:50,10719,10719,10719,2
2020-04-29,15:19:52,10719,10719,10719,2
2020-04-29,15:19:53,10719,10719,10719,6
2020-04-29,15:19:58,10720,10720,10720,2
2020-04-29,15:20:00,10719,10719,10719,2
2020-04-29,15:20:00,10718,10718,10718,2
2020-04-29,15:20:00,10718,10718,10718,2
2020-04-29,15:20:00,10718,10718,10718,2
2020-04-29,15:20:00,10718,10718,10718,18
2020-04-29,15:20:00,10718,10718,10718,2
2020-04-29,15:20:01,10717,10717,10717,6
2020-04-29,15:20:01,10717,10717,10717,30
2020-04-29,15:20:01,10717,10717,10717,4
2020-04-29,15:20:01,10717,10717,10717,2
2020-04-29,15:20:01,10717,10717,10717,2
2020-04-29,15:20:01,10717,10717,10717,2
2020-04-29,15:20:01,10717,10717,10717,2
2020-04-29,15:20:01,10717,10717,10717,4
2020-04-29,15:20:01,10717,10717,10717,2
2020-04-29,15:20:02,10717,10717,10717,2
2020-04-29,15:20:04,10716,10716,10716,2
2020-04-29,15:20:04,10716,10716,10716,4
2020-04-29,15:20:05,10716,10716,10716,2
2020-04-29,15:20:05,10717,10717,10717,2
2020-04-29,15:20:05,10716,10716,10716,2
2020-04-29,15:20:05,10716,10716,10716,2
2020-04-29,15:20:06,10716,10716,10716,2
2020-04-29,15:20:08,10717,10717,10717,2
2020-04-29,15:20:08,10717,10717,10717,4
2020-04-29,15:20:09,10717,10717,10717,2
2020-04-29,15:20:09,10717,10717,10717,2
2020-04-29,15:20:10,10717,10717,10717,2
2020-04-29,15:20:12,10717,10717,10717,8
2020-04-29,15:20:12,10717,10717,10717,8
2020-04-29,15:20:12,10717,10717,10717,4
2020-04-29,15:20:12,10717,10717,10717,12
2020-04-29,15:20:12,10717,10717,10717,14
2020-04-29,15:20:13,10717,10717,10717,2
2020-04-29,15:20:14,10717,10717,10717,2
2020-04-29,15:20:16,10716,10716,10716,2
2020-04-29,15:20:17,10716,10716,10716,2
2020-04-29,15:20:18,10716,10716,10716,2
2020-04-29,15:20:18,10717,10717,10717,2
2020-04-29,15:20:18,10715,10715,10715,2
2020-04-29,15:20:21,10715,10715,10715,2
2020-04-29,15:20:21,10715,10715,10715,2
2020-04-29,15:20:21,10715,10715,10715,2
2020-04-29,15:20:21,10715,10715,10715,2
2020-04-29,15:20:21,10715,10715,10715,2
2020-04-29,15:20:21,10715,10715,10715,2
2020-04-29,15:20:21,10715,10715,10715,2
2020-04-29,15:20:21,10715,10715,10715,2
2020-04-29,15:20:21,10715,10715,10715,4
2020-04-29,15:20:26,10715,10715,10715,2
2020-04-29,15:20:33,10715,10715,10715,2
2020-04-29,15:20:39,10715,10715,10715,2
2020-04-29,15:20:45,10716,10716,10716,10
2020-04-29,15:20:56,10716,10716,10716,2
2020-04-29,15:20:56,10717,10717,10717,16
2020-04-29,15:20:56,10717,10717,10717,4
2020-04-29,15:20:58,10716,10716,10716,2
2020-04-29,15:21:11,10716,10716,10716,2
2020-04-29,15:21:11,10716,10716,10716,2
2020-04-29,15:21:11,10716,10716,10716,2
2020-04-29,15:21:11,10716,10716,10716,2
2020-04-29,15:21:11,10716,10716,10716,2
2020-04-29,15:21:11,10716,10716,10716,2
2020-04-29,15:21:11,10716,10716,10716,2
2020-04-29,15:21:17,10716,10716,10716,2
2020-04-29,15:21:19,10716,10716,10716,2
2020-04-29,15:21:20,10715,10715,10715,2
2020-04-29,15:21:20,10716,10716,10716,28
2020-04-29,15:21:21,10717,10717,10717,2
2020-04-29,15:21:22,10716,10716,10716,2
2020-04-29,15:21:26,10718,10718,10718,4
2020-04-29,15:21:26,10718,10718,10718,2
2020-04-29,15:21:30,10718,10718,10718,2
2020-04-29,15:21:32,10718,10718,10718,2
2020-04-29,15:21:35,10719,10719,10719,2
2020-04-29,15:21:36,10718,10718,10718,2
2020-04-29,15:21:36,10718,10718,10718,2
2020-04-29,15:21:38,10718,10718,10718,2
2020-04-29,15:21:38,10717,10717,10717,2
2020-04-29,15:21:38,10719,10719,10719,4
2020-04-29,15:21:43,10718,10718,10718,2
2020-04-29,15:21:43,10718,10718,10718,2
2020-04-29,15:21:43,10718,10718,10718,2
2020-04-29,15:21:43,10718,10718,10718,2
2020-04-29,15:21:43,10718,10718,10718,2
2020-04-29,15:21:44,10719,10719,10719,2
2020-04-29,15:21:44,10718,10718,10718,2
2020-04-29,15:21:44,10718,10718,10718,2
2020-04-29,15:21:44,10718,10718,10718,2
2020-04-29,15:21:44,10718,10718,10718,2
2020-04-29,15:21:44,10718,10718,10718,2
2020-04-29,15:21:44,10718,10718,10718,2
2020-04-29,15:21:44,10717,10717,10717,2
2020-04-29,15:21:44,10717,10717,10717,4
2020-04-29,15:21:44,10717,10717,10717,2
2020-04-29,15:21:44,10717,10717,10717,2
2020-04-29,15:21:44,10717,10717,10717,2
2020-04-29,15:21:44,10717,10717,10717,2
2020-04-29,15:21:44,10717,10717,10717,2
2020-04-29,15:21:44,10717,10717,10717,2
2020-04-29,15:21:44,10717,10717,10717,2
2020-04-29,15:21:44,10717,10717,10717,4
2020-04-29,15:21:44,10717,10717,10717,2
2020-04-29,15:21:44,10717,10717,10717,10
2020-04-29,15:21:44,10717,10717,10717,4
2020-04-29,15:21:44,10717,10717,10717,4
2020-04-29,15:21:44,10717,10717,10717,2
2020-04-29,15:21:44,10717,10717,10717,2
2020-04-29,15:21:44,10717,10717,10717,2
2020-04-29,15:21:44,10717,10717,10717,8
2020-04-29,15:21:52,10718,10718,10718,2
2020-04-29,15:21:54,10718,10718,10718,8
2020-04-29,15:21:54,10718,10718,10718,2
2020-04-29,15:21:54,10717,10717,10717,2
2020-04-29,15:21:54,10717,10717,10717,2
2020-04-29,15:21:54,10717,10717,10717,2
2020-04-29,15:21:54,10717,10717,10717,4
2020-04-29,15:21:54,10717,10717,10717,2
2020-04-29,15:21:54,10717,10717,10717,2
2020-04-29,15:21:54,10717,10717,10717,4
2020-04-29,15:21:54,10717,10717,10717,2
2020-04-29,15:21:54,10717,10717,10717,18
2020-04-29,15:21:57,10718,10718,10718,2
2020-04-29,15:22:00,10718,10718,10718,2
2020-04-29,15:22:03,10718,10718,10718,2
2020-04-29,15:22:06,10717,10717,10717,2
2020-04-29,15:22:10,10717,10717,10717,2
2020-04-29,15:22:15,10717,10717,10717,2
2020-04-29,15:22:24,10718,10718,10718,2
2020-04-29,15:22:28,10717,10717,10717,2
2020-04-29,15:22:28,10717,10717,10717,2
2020-04-29,15:22:28,10717,10717,10717,2
2020-04-29,15:22:28,10717,10717,10717,4
2020-04-29,15:22:28,10717,10717,10717,2
2020-04-29,15:22:28,10717,10717,10717,2
2020-04-29,15:22:28,10717,10717,10717,4
2020-04-29,15:22:28,10717,10717,10717,2
2020-04-29,15:22:28,10717,10717,10717,2
2020-04-29,15:22:28,10716,10716,10716,26
2020-04-29,15:22:29,10716,10716,10716,2
2020-04-29,15:22:31,10717,10717,10717,2
2020-04-29,15:22:35,10717,10717,10717,2
2020-04-29,15:22:40,10716,10716,10716,2
2020-04-29,15:22:40,10716,10716,10716,2
2020-04-29,15:22:43,10717,10717,10717,10
2020-04-29,15:22:44,10717,10717,10717,14
2020-04-29,15:22:44,10717,10717,10717,2
2020-04-29,15:22:52,10716,10716,10716,2
2020-04-29,15:22:54,10716,10716,10716,2
2020-04-29,15:22:55,10715,10715,10715,2
2020-04-29,15:22:58,10716,10716,10716,8
2020-04-29,15:23:06,10715,10715,10715,2
2020-04-29,15:23:06,10715,10715,10715,2
2020-04-29,15:23:06,10715,10715,10715,2
2020-04-29,15:23:06,10715,10715,10715,2
2020-04-29,15:23:06,10715,10715,10715,2
2020-04-29,15:23:06,10715,10715,10715,2
2020-04-29,15:23:06,10715,10715,10715,2
2020-04-29,15:23:06,10715,10715,10715,2
2020-04-29,15:23:06,10715,10715,10715,2
2020-04-29,15:23:06,10715,10715,10715,2
2020-04-29,15:23:09,10714,10714,10714,2
2020-04-29,15:23:09,10714,10714,10714,2
2020-04-29,15:23:09,10714,10714,10714,2
2020-04-29,15:23:09,10714,10714,10714,2
2020-04-29,15:23:09,10714,10714,10714,2
2020-04-29,15:23:09,10714,10714,10714,2
2020-04-29,15:23:09,10714,10714,10714,2
2020-04-29,15:23:09,10714,10714,10714,2
2020-04-29,15:23:09,10714,10714,10714,4
2020-04-29,15:23:09,10714,10714,10714,2
2020-04-29,15:23:09,10714,10714,10714,2
2020-04-29,15:23:09,10714,10714,10714,4
2020-04-29,15:23:09,10714,10714,10714,2
2020-04-29,15:23:09,10714,10714,10714,2
2020-04-29,15:23:09,10714,10714,10714,2
2020-04-29,15:23:09,10714,10714,10714,2
2020-04-29,15:23:09,10714,10714,10714,2
2020-04-29,15:23:09,10714,10714,10714,2
2020-04-29,15:23:09,10714,10714,10714,2
2020-04-29,15:23:09,10714,10714,10714,2
2020-04-29,15:23:13,10714,10714,10714,2
2020-04-29,15:23:14,10714,10714,10714,2
2020-04-29,15:23:14,10714,10714,10714,2
2020-04-29,15:23:14,10714,10714,10714,2
2020-04-29,15:23:14,10714,10714,10714,2
2020-04-29,15:23:14,10713,10713,10713,2
2020-04-29,15:23:14,10713,10713,10713,2
2020-04-29,15:23:15,10713,10713,10713,2
2020-04-29,15:23:17,10713,10713,10713,2
2020-04-29,15:23:18,10713,10713,10713,2
2020-04-29,15:23:18,10713,10713,10713,2
2020-04-29,15:23:19,10713,10713,10713,2
2020-04-29,15:23:19,10713,10713,10713,2
2020-04-29,15:23:22,10714,10714,10714,4
2020-04-29,15:23:22,10714,10714,10714,2
2020-04-29,15:23:22,10714,10714,10714,4
2020-04-29,15:23:23,10714,10714,10714,2
2020-04-29,15:23:30,10714,10714,10714,2
2020-04-29,15:23:32,10714,10714,10714,2
2020-04-29,15:23:36,10713,10713,10713,2
2020-04-29,15:23:36,10713,10713,10713,8
2020-04-29,15:23:36,10713,10713,10713,2
2020-04-29,15:23:36,10713,10713,10713,2
2020-04-29,15:23:38,10712,10712,10712,2
2020-04-29,15:23:39,10712,10712,10712,2
2020-04-29,15:23:39,10712,10712,10712,2
2020-04-29,15:23:39,10712,10712,10712,2
2020-04-29,15:23:43,10712,10712,10712,2
2020-04-29,15:23:43,10712,10712,10712,4
2020-04-29,15:23:44,10712,10712,10712,2
2020-04-29,15:23:44,10711,10711,10711,2
2020-04-29,15:23:44,10711,10711,10711,2
2020-04-29,15:23:44,10711,10711,10711,2
2020-04-29,15:23:45,10712,10712,10712,2
2020-04-29,15:23:45,10711,10711,10711,2
2020-04-29,15:23:45,10711,10711,10711,2
2020-04-29,15:23:45,10711,10711,10711,2
2020-04-29,15:23:45,10711,10711,10711,2
2020-04-29,15:23:45,10711,10711,10711,2
2020-04-29,15:23:45,10711,10711,10711,2
2020-04-29,15:23:45,10711,10711,10711,2
2020-04-29,15:23:45,10711,10711,10711,2
2020-04-29,15:23:45,10711,10711,10711,2
2020-04-29,15:23:46,10711,10711,10711,2
2020-04-29,15:23:51,10711,10711,10711,2
2020-04-29,15:23:52,10711,10711,10711,2
2020-04-29,15:23:52,10710,10710,10710,2
2020-04-29,15:23:52,10710,10710,10710,2
2020-04-29,15:23:53,10711,10711,10711,2
2020-04-29,15:23:57,10711,10711,10711,2
2020-04-29,15:23:58,10712,10712,10712,4
2020-04-29,15:23:59,10712,10712,10712,8
2020-04-29,15:23:59,10712,10712,10712,2
2020-04-29,15:24:01,10712,10712,10712,2
2020-04-29,15:24:02,10711,10711,10711,2
2020-04-29,15:24:02,10711,10711,10711,2
2020-04-29,15:24:02,10712,10712,10712,2
2020-04-29,15:24:05,10711,10711,10711,2
2020-04-29,15:24:09,10711,10711,10711,2
2020-04-29,15:24:12,10711,10711,10711,2
2020-04-29,15:24:12,10711,10711,10711,2
2020-04-29,15:24:14,10712,10712,10712,10
2020-04-29,15:24:15,10712,10712,10712,2
2020-04-29,15:24:15,10712,10712,10712,2
2020-04-29,15:24:23,10712,10712,10712,4
2020-04-29,15:24:25,10711,10711,10711,2
2020-04-29,15:24:27,10711,10711,10711,4
2020-04-29,15:24:27,10711,10711,10711,2
2020-04-29,15:24:27,10711,10711,10711,2
2020-04-29,15:24:27,10711,10711,10711,2
2020-04-29,15:24:27,10711,10711,10711,2
2020-04-29,15:24:27,10711,10711,10711,2
2020-04-29,15:24:27,10711,10711,10711,2
2020-04-29,15:24:28,10711,10711,10711,2
2020-04-29,15:24:29,10711,10711,10711,2
2020-04-29,15:24:31,10711,10711,10711,2
2020-04-29,15:24:33,10711,10711,10711,2
2020-04-29,15:24:36,10711,10711,10711,2
2020-04-29,15:24:36,10712,10712,10712,16
2020-04-29,15:24:37,10712,10712,10712,2
2020-04-29,15:24:37,10712,10712,10712,2
2020-04-29,15:24:37,10712,10712,10712,2
2020-04-29,15:24:39,10712,10712,10712,2
2020-04-29,15:24:40,10712,10712,10712,2
2020-04-29,15:24:43,10711,10711,10711,2
2020-04-29,15:24:43,10712,10712,10712,2
2020-04-29,15:24:44,10711,10711,10711,2
2020-04-29,15:24:44,10711,10711,10711,2
2020-04-29,15:24:48,10711,10711,10711,2
2020-04-29,15:24:49,10712,10712,10712,12
2020-04-29,15:24:50,10712,10712,10712,2
2020-04-29,15:24:50,10711,10711,10711,2
2020-04-29,15:24:50,10713,10713,10713,2
2020-04-29,15:24:53,10712,10712,10712,2
2020-04-29,15:24:53,10712,10712,10712,2
2020-04-29,15:24:53,10712,10712,10712,2
2020-04-29,15:24:57,10711,10711,10711,2
2020-04-29,15:25:04,10711,10711,10711,2
2020-04-29,15:25:05,10711,10711,10711,2
2020-04-29,15:25:06,10711,10711,10711,2
2020-04-29,15:25:06,10711,10711,10711,2
2020-04-29,15:25:06,10711,10711,10711,2
2020-04-29,15:25:06,10711,10711,10711,2
2020-04-29,15:25:08,10711,10711,10711,2
2020-04-29,15:25:10,10712,10712,10712,2
2020-04-29,15:25:11,10711,10711,10711,2
2020-04-29,15:25:11,10712,10712,10712,2
2020-04-29,15:25:16,10711,10711,10711,4
2020-04-29,15:25:22,10712,10712,10712,2
2020-04-29,15:25:22,10712,10712,10712,4
2020-04-29,15:25:23,10712,10712,10712,2
2020-04-29,15:25:23,10713,10713,10713,2
2020-04-29,15:25:24,10713,10713,10713,2
2020-04-29,15:25:28,10712,10712,10712,2
2020-04-29,15:25:32,10713,10713,10713,56
2020-04-29,15:25:35,10713,10713,10713,2
2020-04-29,15:25:35,10714,10714,10714,2
2020-04-29,15:25:35,10714,10714,10714,6
2020-04-29,15:25:42,10714,10714,10714,2
2020-04-29,15:25:45,10713,10713,10713,2
2020-04-29,15:25:49,10714,10714,10714,2
2020-04-29,15:25:55,10715,10715,10715,6
2020-04-29,15:25:56,10716,10716,10716,2
2020-04-29,15:25:58,10715,10715,10715,2
2020-04-29,15:26:07,10716,10716,10716,6
2020-04-29,15:26:07,10716,10716,10716,2
2020-04-29,15:26:07,10717,10717,10717,2
2020-04-29,15:26:08,10716,10716,10716,2
2020-04-29,15:26:08,10716,10716,10716,2
2020-04-29,15:26:08,10716,10716,10716,2
2020-04-29,15:26:11,10717,10717,10717,2
2020-04-29,15:26:13,10716,10716,10716,2
2020-04-29,15:26:21,10715,10715,10715,2
2020-04-29,15:26:21,10715,10715,10715,2
2020-04-29,15:26:21,10715,10715,10715,2
2020-04-29,15:26:21,10715,10715,10715,2
2020-04-29,15:26:21,10715,10715,10715,2
2020-04-29,15:26:22,10714,10714,10714,2
2020-04-29,15:26:22,10715,10715,10715,2
2020-04-29,15:26:30,10715,10715,10715,2
2020-04-29,15:26:44,10714,10714,10714,2
2020-04-29,15:26:44,10715,10715,10715,2
2020-04-29,15:26:45,10715,10715,10715,2
2020-04-29,15:26:50,10716,10716,10716,2
2020-04-29,15:26:50,10716,10716,10716,2
2020-04-29,15:26:50,10715,10715,10715,2
2020-04-29,15:26:51,10717,10717,10717,2
2020-04-29,15:26:54,10717,10717,10717,6
2020-04-29,15:26:57,10717,10717,10717,2
2020-04-29,15:27:04,10716,10716,10716,2
2020-04-29,15:27:05,10717,10717,10717,2
2020-04-29,15:27:07,10715,10715,10715,2
2020-04-29,15:27:23,10716,10716,10716,6
2020-04-29,15:27:29,10715,10715,10715,2
2020-04-29,15:27:29,10715,10715,10715,2
2020-04-29,15:27:29,10715,10715,10715,2
2020-04-29,15:27:29,10715,10715,10715,2
2020-04-29,15:27:29,10715,10715,10715,2
2020-04-29,15:27:29,10715,10715,10715,2
2020-04-29,15:27:29,10715,10715,10715,2
2020-04-29,15:27:29,10715,10715,10715,2
2020-04-29,15:27:30,10714,10714,10714,2
2020-04-29,15:27:36,10715,10715,10715,2
2020-04-29,15:27:36,10714,10714,10714,2
2020-04-29,15:27:36,10714,10714,10714,2
2020-04-29,15:27:37,10715,10715,10715,4
2020-04-29,15:27:37,10715,10715,10715,8
2020-04-29,15:27:54,10714,10714,10714,2
2020-04-29,15:28:16,10714,10714,10714,2
2020-04-29,15:28:16,10714,10714,10714,2
2020-04-29,15:28:16,10714,10714,10714,2
2020-04-29,15:28:16,10714,10714,10714,2
2020-04-29,15:28:16,10714,10714,10714,4
2020-04-29,15:28:16,10714,10714,10714,12
2020-04-29,15:28:16,10714,10714,10714,2
2020-04-29,15:28:16,10714,10714,10714,2
2020-04-29,15:28:16,10714,10714,10714,2
2020-04-29,15:28:17,10713,10713,10713,2
2020-04-29,15:28:17,10713,10713,10713,2
2020-04-29,15:28:20,10713,10713,10713,4
2020-04-29,15:28:20,10713,10713,10713,4
2020-04-29,15:28:32,10713,10713,10713,2
2020-04-29,15:28:32,10713,10713,10713,2
2020-04-29,15:28:32,10713,10713,10713,2
2020-04-29,15:28:32,10713,10713,10713,2
2020-04-29,15:28:32,10712,10712,10712,2
2020-04-29,15:28:32,10712,10712,10712,2
2020-04-29,15:28:34,10713,10713,10713,2
2020-04-29,15:28:34,10714,10714,10714,20
2020-04-29,15:28:34,10715,10715,10715,50
2020-04-29,15:28:34,10716,10716,10716,2
2020-04-29,15:28:34,10714,10714,10714,2
2020-04-29,15:28:34,10714,10714,10714,2
2020-04-29,15:28:34,10714,10714,10714,4
2020-04-29,15:28:34,10714,10714,10714,2
2020-04-29,15:28:34,10714,10714,10714,2
2020-04-29,15:28:34,10714,10714,10714,8
2020-04-29,15:28:38,10713,10713,10713,2
2020-04-29,15:28:40,10713,10713,10713,2
2020-04-29,15:28:40,10715,10715,10715,2
2020-04-29,15:28:40,10715,10715,10715,2
2020-04-29,15:28:40,10715,10715,10715,20
2020-04-29,15:28:40,10715,10715,10715,2
2020-04-29,15:28:40,10715,10715,10715,2
2020-04-29,15:28:40,10715,10715,10715,2
2020-04-29,15:28:40,10716,10716,10716,2
2020-04-29,15:28:40,10716,10716,10716,2
2020-04-29,15:28:40,10716,10716,10716,2
2020-04-29,15:28:40,10716,10716,10716,4
2020-04-29,15:28:40,10716,10716,10716,2
2020-04-29,15:28:40,10716,10716,10716,2
2020-04-29,15:28:40,10716,10716,10716,4
2020-04-29,15:28:40,10716,10716,10716,2
2020-04-29,15:28:40,10716,10716,10716,2
2020-04-29,15:28:40,10716,10716,10716,6
2020-04-29,15:28:40,10715,10715,10715,2
2020-04-29,15:28:40,10716,10716,10716,2
2020-04-29,15:28:40,10716,10716,10716,4
2020-04-29,15:28:40,10716,10716,10716,4
2020-04-29,15:28:40,10716,10716,10716,4
2020-04-29,15:28:40,10716,10716,10716,2
2020-04-29,15:28:41,10715,10715,10715,2
2020-04-29,15:28:41,10715,10715,10715,2
2020-04-29,15:28:41,10715,10715,10715,2
2020-04-29,15:28:50,10715,10715,10715,2
2020-04-29,15:29:02,10714,10714,10714,2
2020-04-29,15:29:02,10714,10714,10714,2
2020-04-29,15:29:02,10714,10714,10714,2
2020-04-29,15:29:02,10714,10714,10714,2
2020-04-29,15:29:03,10713,10713,10713,2
2020-04-29,15:29:06,10715,10715,10715,4
2020-04-29,15:29:06,10715,10715,10715,4
2020-04-29,15:29:22,10715,10715,10715,2
2020-04-29,15:29:26,10714,10714,10714,2
2020-04-29,15:29:31,10714,10714,10714,2
2020-04-29,15:29:31,10714,10714,10714,2
2020-04-29,15:29:31,10714,10714,10714,2
2020-04-29,15:29:31,10714,10714,10714,2
2020-04-29,15:29:31,10714,10714,10714,2
2020-04-29,15:29:36,10713,10713,10713,2
2020-04-29,15:29:36,10713,10713,10713,2
2020-04-29,15:29:36,10713,10713,10713,4
2020-04-29,15:29:36,10713,10713,10713,4
2020-04-29,15:29:36,10713,10713,10713,2
2020-04-29,15:29:36,10713,10713,10713,2
2020-04-29,15:29:36,10713,10713,10713,2
2020-04-29,15:29:36,10713,10713,10713,2
2020-04-29,15:29:40,10712,10712,10712,2
2020-04-29,15:29:41,10714,10714,10714,4
2020-04-29,15:29:44,10714,10714,10714,2
2020-04-29,15:29:45,10714,10714,10714,2
2020-04-29,15:29:50,10712,10712,10712,2
2020-04-29,15:29:53,10713,10713,10713,2
2020-04-29,15:29:57,10712,10712,10712,2
2020-04-29,15:29:59,10714,10714,10714,2
2020-04-29,15:30:00,10714,10714,10714,4
2020-04-29,15:30:00,10715,10715,10715,4
2020-04-29,15:30:00,10715,10715,10715,4
2020-04-29,15:30:00,10716,10716,10716,2
2020-04-29,15:30:00,10716,10716,10716,2
2020-04-29,15:30:02,10715,10715,10715,2
2020-04-29,15:30:03,10716,10716,10716,2
2020-04-29,15:30:15,10716,10716,10716,2
2020-04-29,15:30:20,10716,10716,10716,2
2020-04-29,15:30:20,10716,10716,10716,8
2020-04-29,15:30:20,10716,10716,10716,2
2020-04-29,15:30:21,10717,10717,10717,4
2020-04-29,15:30:21,10717,10717,10717,4
2020-04-29,15:30:23,10717,10717,10717,2
2020-04-29,15:30:26,10718,10718,10718,2
2020-04-29,15:30:30,10718,10718,10718,2
2020-04-29,15:30:33,10717,10717,10717,2
2020-04-29,15:30:43,10717,10717,10717,2
2020-04-29,15:30:43,10717,10717,10717,2
2020-04-29,15:30:51,10717,10717,10717,2
2020-04-29,15:30:51,10717,10717,10717,2
2020-04-29,15:30:51,10717,10717,10717,2
2020-04-29,15:30:59,10716,10716,10716,2
2020-04-29,15:30:59,10716,10716,10716,2
2020-04-29,15:31:14,10716,10716,10716,2
2020-04-29,15:31:14,10716,10716,10716,2
2020-04-29,15:31:15,10716,10716,10716,2
2020-04-29,15:31:15,10716,10716,10716,2
2020-04-29,15:31:18,10716,10716,10716,2
2020-04-29,15:31:19,10716,10716,10716,2
2020-04-29,15:31:19,10716,10716,10716,2
2020-04-29,15:31:19,10716,10716,10716,2
2020-04-29,15:31:19,10716,10716,10716,2
2020-04-29,15:31:19,10716,10716,10716,2
2020-04-29,15:31:19,10715,10715,10715,2
2020-04-29,15:31:19,10715,10715,10715,2
2020-04-29,15:31:19,10715,10715,10715,2
2020-04-29,15:31:19,10715,10715,10715,2
2020-04-29,15:31:19,10715,10715,10715,2
2020-04-29,15:31:21,10714,10714,10714,2
2020-04-29,15:31:21,10714,10714,10714,2
2020-04-29,15:31:27,10714,10714,10714,2
2020-04-29,15:31:28,10715,10715,10715,2
2020-04-29,15:31:30,10713,10713,10713,2
2020-04-29,15:31:32,10712,10712,10712,2
2020-04-29,15:31:32,10712,10712,10712,2
2020-04-29,15:31:32,10712,10712,10712,2
2020-04-29,15:31:36,10712,10712,10712,2
2020-04-29,15:31:48,10713,10713,10713,8
2020-04-29,15:31:50,10712,10712,10712,2
2020-04-29,15:32:00,10712,10712,10712,2
2020-04-29,15:32:03,10712,10712,10712,4
2020-04-29,15:32:03,10712,10712,10712,2
2020-04-29,15:32:03,10712,10712,10712,2
2020-04-29,15:32:03,10712,10712,10712,2
2020-04-29,15:32:03,10712,10712,10712,2
2020-04-29,15:32:03,10712,10712,10712,2
2020-04-29,15:32:03,10712,10712,10712,2
2020-04-29,15:32:03,10712,10712,10712,2
2020-04-29,15:32:03,10712,10712,10712,2
2020-04-29,15:32:03,10712,10712,10712,2
2020-04-29,15:32:03,10712,10712,10712,2
2020-04-29,15:32:03,10712,10712,10712,2
2020-04-29,15:32:03,10712,10712,10712,2
2020-04-29,15:32:03,10712,10712,10712,2
2020-04-29,15:32:03,10712,10712,10712,2
2020-04-29,15:32:04,10711,10711,10711,4
2020-04-29,15:32:04,10711,10711,10711,2
2020-04-29,15:32:04,10711,10711,10711,2
2020-04-29,15:32:04,10711,10711,10711,2
2020-04-29,15:32:04,10711,10711,10711,4
2020-04-29,15:32:04,10711,10711,10711,2
2020-04-29,15:32:04,10711,10711,10711,2
2020-04-29,15:32:04,10711,10711,10711,2
2020-04-29,15:32:04,10711,10711,10711,2
2020-04-29,15:32:04,10711,10711,10711,2
2020-04-29,15:32:04,10711,10711,10711,2
2020-04-29,15:32:04,10711,10711,10711,2
2020-04-29,15:32:04,10710,10710,10710,2
2020-04-29,15:32:04,10710,10710,10710,2
2020-04-29,15:32:04,10710,10710,10710,2
2020-04-29,15:32:04,10710,10710,10710,2
2020-04-29,15:32:04,10710,10710,10710,2
2020-04-29,15:32:04,10710,10710,10710,10
2020-04-29,15:32:04,10710,10710,10710,2
2020-04-29,15:32:04,10710,10710,10710,2
2020-04-29,15:32:04,10710,10710,10710,2
2020-04-29,15:32:04,10710,10710,10710,4
2020-04-29,15:32:04,10710,10710,10710,2
2020-04-29,15:32:04,10710,10710,10710,2
2020-04-29,15:32:04,10710,10710,10710,2
2020-04-29,15:32:04,10710,10710,10710,2
2020-04-29,15:32:04,10710,10710,10710,2
2020-04-29,15:32:04,10710,10710,10710,2
2020-04-29,15:32:04,10710,10710,10710,2
2020-04-29,15:32:04,10710,10710,10710,2
2020-04-29,15:32:04,10710,10710,10710,2
2020-04-29,15:32:04,10710,10710,10710,2
2020-04-29,15:32:04,10710,10710,10710,2
2020-04-29,15:32:04,10710,10710,10710,6
2020-04-29,15:32:04,10710,10710,10710,2
2020-04-29,15:32:04,10710,10710,10710,2
2020-04-29,15:32:04,10710,10710,10710,2
2020-04-29,15:32:04,10710,10710,10710,4
2020-04-29,15:32:08,10710,10710,10710,2
2020-04-29,15:32:09,10710,10710,10710,2
2020-04-29,15:32:09,10710,10710,10710,2
2020-04-29,15:32:10,10712,10712,10712,2
2020-04-29,15:32:11,10710,10710,10710,2
2020-04-29,15:32:11,10710,10710,10710,2
2020-04-29,15:32:11,10710,10710,10710,2
2020-04-29,15:32:11,10710,10710,10710,2
2020-04-29,15:32:11,10710,10710,10710,2
2020-04-29,15:32:11,10710,10710,10710,2
2020-04-29,15:32:14,10710,10710,10710,4
2020-04-29,15:32:14,10710,10710,10710,2
2020-04-29,15:32:14,10710,10710,10710,2
2020-04-29,15:32:15,10710,10710,10710,2
2020-04-29,15:32:15,10709,10709,10709,2
2020-04-29,15:32:15,10709,10709,10709,2
2020-04-29,15:32:15,10709,10709,10709,2
2020-04-29,15:32:15,10709,10709,10709,2
2020-04-29,15:32:15,10709,10709,10709,4
2020-04-29,15:32:15,10709,10709,10709,2
2020-04-29,15:32:15,10709,10709,10709,2
2020-04-29,15:32:15,10709,10709,10709,2
2020-04-29,15:32:15,10709,10709,10709,2
2020-04-29,15:32:15,10709,10709,10709,2
2020-04-29,15:32:16,10709,10709,10709,2
2020-04-29,15:32:17,10709,10709,10709,2
2020-04-29,15:32:19,10710,10710,10710,2
2020-04-29,15:32:19,10710,10710,10710,4
2020-04-29,15:32:20,10711,10711,10711,2
2020-04-29,15:32:20,10711,10711,10711,4
2020-04-29,15:32:27,10711,10711,10711,2
2020-04-29,15:32:27,10710,10710,10710,2
2020-04-29,15:32:33,10710,10710,10710,2
2020-04-29,15:32:52,10711,10711,10711,2
2020-04-29,15:32:52,10711,10711,10711,2
2020-04-29,15:32:54,10711,10711,10711,2
2020-04-29,15:32:55,10710,10710,10710,2
2020-04-29,15:32:56,10709,10709,10709,2
2020-04-29,15:33:00,10711,10711,10711,2
2020-04-29,15:33:00,10710,10710,10710,2
2020-04-29,15:33:00,10710,10710,10710,2
2020-04-29,15:33:00,10710,10710,10710,2
2020-04-29,15:33:01,10711,10711,10711,2
2020-04-29,15:33:03,10710,10710,10710,2
2020-04-29,15:33:04,10710,10710,10710,2
2020-04-29,15:33:09,10710,10710,10710,2
2020-04-29,15:33:10,10710,10710,10710,2
2020-04-29,15:33:12,10710,10710,10710,2
2020-04-29,15:33:17,10710,10710,10710,2
2020-04-29,15:33:17,10710,10710,10710,2
2020-04-29,15:33:17,10710,10710,10710,2
2020-04-29,15:33:17,10710,10710,10710,2
2020-04-29,15:33:17,10710,10710,10710,2
2020-04-29,15:33:17,10710,10710,10710,2
2020-04-29,15:33:17,10710,10710,10710,10
2020-04-29,15:33:17,10710,10710,10710,2
2020-04-29,15:33:22,10710,10710,10710,2
2020-04-29,15:33:26,10710,10710,10710,2
2020-04-29,15:33:28,10710,10710,10710,4
2020-04-29,15:33:29,10710,10710,10710,2
2020-04-29,15:33:29,10710,10710,10710,2
2020-04-29,15:33:29,10710,10710,10710,2
2020-04-29,15:33:31,10709,10709,10709,2
2020-04-29,15:33:39,10709,10709,10709,2
2020-04-29,15:33:39,10709,10709,10709,2
2020-04-29,15:33:40,10710,10710,10710,6
2020-04-29,15:33:40,10710,10710,10710,6
2020-04-29,15:33:40,10710,10710,10710,6
2020-04-29,15:33:42,10711,10711,10711,4
2020-04-29,15:33:42,10711,10711,10711,2
2020-04-29,15:33:56,10710,10710,10710,2
2020-04-29,15:33:57,10710,10710,10710,2
2020-04-29,15:34:01,10709,10709,10709,2
2020-04-29,15:34:08,10709,10709,10709,2
2020-04-29,15:34:10,10709,10709,10709,2
2020-04-29,15:34:10,10709,10709,10709,2
2020-04-29,15:34:14,10709,10709,10709,2
2020-04-29,15:34:18,10709,10709,10709,2
2020-04-29,15:34:20,10709,10709,10709,2
2020-04-29,15:34:22,10709,10709,10709,2
2020-04-29,15:34:31,10709,10709,10709,2
2020-04-29,15:34:33,10710,10710,10710,2
2020-04-29,15:34:33,10709,10709,10709,2
2020-04-29,15:34:38,10710,10710,10710,2
2020-04-29,15:34:39,10709,10709,10709,2
2020-04-29,15:34:42,10710,10710,10710,2
2020-04-29,15:34:43,10710,10710,10710,2
2020-04-29,15:34:56,10709,10709,10709,2
2020-04-29,15:34:56,10709,10709,10709,2
2020-04-29,15:34:56,10709,10709,10709,2
2020-04-29,15:34:56,10709,10709,10709,2
2020-04-29,15:34:56,10709,10709,10709,2
2020-04-29,15:34:59,10708,10708,10708,2
2020-04-29,15:34:59,10708,10708,10708,2
2020-04-29,15:34:59,10708,10708,10708,2
2020-04-29,15:34:59,10708,10708,10708,2
2020-04-29,15:34:59,10708,10708,10708,2
2020-04-29,15:35:00,10708,10708,10708,2
2020-04-29,15:35:01,10709,10709,10709,2
2020-04-29,15:35:02,10708,10708,10708,2
2020-04-29,15:35:02,10708,10708,10708,2
2020-04-29,15:35:03,10708,10708,10708,6
2020-04-29,15:35:03,10708,10708,10708,2
2020-04-29,15:35:05,10708,10708,10708,2
2020-04-29,15:35:06,10709,10709,10709,2
2020-04-29,15:35:11,10709,10709,10709,2
2020-04-29,15:35:13,10709,10709,10709,2
2020-04-29,15:35:14,10709,10709,10709,2
2020-04-29,15:35:16,10710,10710,10710,2
2020-04-29,15:35:16,10710,10710,10710,22
2020-04-29,15:35:16,10711,10711,10711,2
2020-04-29,15:35:17,10710,10710,10710,4
2020-04-29,15:35:17,10711,10711,10711,10
2020-04-29,15:35:19,10711,10711,10711,2
2020-04-29,15:35:24,10711,10711,10711,2
2020-04-29,15:35:24,10711,10711,10711,4
2020-04-29,15:35:28,10710,10710,10710,2
2020-04-29,15:35:30,10711,10711,10711,2
2020-04-29,15:35:31,10710,10710,10710,4
2020-04-29,15:35:31,10710,10710,10710,2
2020-04-29,15:35:35,10710,10710,10710,2
2020-04-29,15:35:43,10710,10710,10710,2
2020-04-29,15:35:43,10711,10711,10711,2
2020-04-29,15:35:45,10710,10710,10710,2
2020-04-29,15:35:54,10711,10711,10711,6
2020-04-29,15:35:58,10711,10711,10711,2
2020-04-29,15:36:01,10711,10711,10711,2
2020-04-29,15:36:03,10711,10711,10711,2
2020-04-29,15:36:04,10711,10711,10711,2
2020-04-29,15:36:06,10711,10711,10711,4
2020-04-29,15:36:19,10711,10711,10711,8
2020-04-29,15:36:22,10711,10711,10711,2
2020-04-29,15:36:25,10711,10711,10711,2
2020-04-29,15:36:25,10711,10711,10711,2
2020-04-29,15:36:25,10711,10711,10711,2
2020-04-29,15:36:27,10712,10712,10712,2
2020-04-29,15:36:28,10712,10712,10712,20
2020-04-29,15:36:33,10712,10712,10712,2
2020-04-29,15:36:43,10712,10712,10712,2
2020-04-29,15:36:47,10712,10712,10712,2
2020-04-29,15:36:53,10712,10712,10712,2
2020-04-29,15:36:58,10713,10713,10713,4
2020-04-29,15:37:01,10713,10713,10713,2
2020-04-29,15:37:11,10713,10713,10713,2
2020-04-29,15:37:11,10714,10714,10714,4
2020-04-29,15:37:15,10714,10714,10714,2
2020-04-29,15:37:20,10714,10714,10714,2
2020-04-29,15:37:22,10714,10714,10714,2
2020-04-29,15:37:25,10714,10714,10714,2
2020-04-29,15:37:26,10714,10714,10714,22
2020-04-29,15:37:27,10715,10715,10715,12
2020-04-29,15:37:35,10716,10716,10716,2
2020-04-29,15:37:35,10715,10715,10715,2
2020-04-29,15:37:35,10714,10714,10714,2
2020-04-29,15:37:39,10715,10715,10715,2
2020-04-29,15:37:52,10715,10715,10715,2
2020-04-29,15:37:52,10716,10716,10716,6
2020-04-29,15:37:52,10716,10716,10716,8
2020-04-29,15:37:54,10716,10716,10716,2
2020-04-29,15:37:55,10715,10715,10715,2
2020-04-29,15:37:56,10717,10717,10717,8
2020-04-29,15:37:57,10717,10717,10717,2
2020-04-29,15:37:57,10717,10717,10717,2
2020-04-29,15:37:57,10717,10717,10717,2
2020-04-29,15:38:00,10717,10717,10717,4
2020-04-29,15:38:04,10717,10717,10717,6
2020-04-29,15:38:04,10717,10717,10717,6
2020-04-29,15:38:04,10716,10716,10716,2
2020-04-29,15:38:04,10716,10716,10716,2
2020-04-29,15:38:19,10716,10716,10716,2
2020-04-29,15:38:19,10716,10716,10716,2
2020-04-29,15:38:19,10716,10716,10716,2
2020-04-29,15:38:19,10716,10716,10716,4
2020-04-29,15:38:19,10716,10716,10716,2
2020-04-29,15:38:19,10716,10716,10716,2
2020-04-29,15:38:22,10715,10715,10715,2
2020-04-29,15:38:22,10715,10715,10715,2
2020-04-29,15:38:22,10715,10715,10715,2
2020-04-29,15:38:22,10715,10715,10715,2
2020-04-29,15:38:22,10715,10715,10715,2
2020-04-29,15:38:22,10715,10715,10715,2
2020-04-29,15:38:22,10715,10715,10715,2
2020-04-29,15:38:22,10715,10715,10715,6
2020-04-29,15:38:22,10715,10715,10715,2
2020-04-29,15:38:22,10715,10715,10715,10
2020-04-29,15:38:22,10715,10715,10715,2
2020-04-29,15:38:22,10715,10715,10715,4
2020-04-29,15:38:22,10715,10715,10715,2
2020-04-29,15:38:22,10715,10715,10715,2
2020-04-29,15:38:22,10715,10715,10715,4
2020-04-29,15:38:22,10715,10715,10715,2
2020-04-29,15:38:22,10715,10715,10715,2
2020-04-29,15:38:26,10714,10714,10714,2
2020-04-29,15:38:35,10716,10716,10716,2
2020-04-29,15:38:51,10715,10715,10715,2
2020-04-29,15:38:51,10716,10716,10716,4
2020-04-29,15:38:54,10716,10716,10716,20
2020-04-29,15:38:55,10716,10716,10716,4
2020-04-29,15:39:01,10716,10716,10716,6
2020-04-29,15:39:02,10717,10717,10717,2
2020-04-29,15:39:10,10717,10717,10717,2
2020-04-29,15:39:10,10716,10716,10716,2
2020-04-29,15:39:10,10716,10716,10716,2
2020-04-29,15:39:13,10716,10716,10716,6
2020-04-29,15:39:13,10717,10717,10717,14
2020-04-29,15:39:13,10717,10717,10717,2
2020-04-29,15:39:18,10717,10717,10717,2
2020-04-29,15:39:26,10717,10717,10717,2
2020-04-29,15:39:29,10716,10716,10716,8
2020-04-29,15:39:29,10716,10716,10716,2
2020-04-29,15:39:31,10716,10716,10716,6
2020-04-29,15:39:42,10716,10716,10716,4
2020-04-29,15:39:44,10716,10716,10716,2
2020-04-29,15:39:46,10715,10715,10715,2
2020-04-29,15:39:50,10715,10715,10715,2
2020-04-29,15:39:50,10715,10715,10715,2
2020-04-29,15:39:51,10715,10715,10715,2
2020-04-29,15:39:52,10715,10715,10715,2
2020-04-29,15:39:52,10715,10715,10715,2
2020-04-29,15:39:58,10714,10714,10714,2
2020-04-29,15:39:58,10714,10714,10714,2
2020-04-29,15:39:58,10714,10714,10714,2
2020-04-29,15:39:58,10714,10714,10714,6
2020-04-29,15:39:58,10714,10714,10714,8
2020-04-29,15:40:04,10714,10714,10714,2
2020-04-29,15:40:04,10714,10714,10714,2
2020-04-29,15:40:04,10714,10714,10714,2
2020-04-29,15:40:04,10714,10714,10714,4
2020-04-29,15:40:04,10714,10714,10714,2
2020-04-29,15:40:05,10715,10715,10715,6
2020-04-29,15:40:09,10714,10714,10714,2
2020-04-29,15:40:10,10714,10714,10714,2
2020-04-29,15:40:11,10714,10714,10714,2
2020-04-29,15:40:11,10714,10714,10714,2
2020-04-29,15:40:11,10714,10714,10714,2
2020-04-29,15:40:11,10714,10714,10714,2
2020-04-29,15:40:20,10714,10714,10714,2
2020-04-29,15:40:45,10714,10714,10714,4
2020-04-29,15:40:49,10713,10713,10713,2
2020-04-29,15:41:00,10713,10713,10713,2
2020-04-29,15:41:01,10713,10713,10713,2
2020-04-29,15:41:09,10714,10714,10714,6
2020-04-29,15:41:09,10714,10714,10714,6
2020-04-29,15:41:14,10715,10715,10715,8
2020-04-29,15:41:14,10716,10716,10716,2
2020-04-29,15:41:16,10716,10716,10716,8
2020-04-29,15:41:18,10716,10716,10716,2
2020-04-29,15:41:19,10716,10716,10716,2
2020-04-29,15:41:21,10717,10717,10717,10
2020-04-29,15:41:21,10717,10717,10717,4
2020-04-29,15:41:30,10718,10718,10718,28
2020-04-29,15:41:30,10719,10719,10719,2
2020-04-29,15:41:30,10719,10719,10719,2
2020-04-29,15:41:32,10719,10719,10719,2
2020-04-29,15:41:32,10719,10719,10719,2
2020-04-29,15:41:34,10719,10719,10719,24
2020-04-29,15:41:39,10719,10719,10719,2
2020-04-29,15:41:39,10719,10719,10719,2
2020-04-29,15:41:42,10720,10720,10720,2
2020-04-29,15:41:42,10720,10720,10720,2
2020-04-29,15:41:43,10720,10720,10720,2
2020-04-29,15:41:43,10720,10720,10720,2
2020-04-29,15:41:44,10719,10719,10719,2
2020-04-29,15:41:44,10719,10719,10719,2
2020-04-29,15:41:44,10719,10719,10719,2
2020-04-29,15:41:47,10720,10720,10720,2
2020-04-29,15:41:47,10720,10720,10720,2
2020-04-29,15:41:47,10719,10719,10719,2
2020-04-29,15:41:47,10719,10719,10719,2
