2020-08-20,15:00:00.029000,12293,12296,12295,51
2020-08-20,15:00:00.030000,12295,12296,12295,1
2020-08-20,15:00:00.031000,12295,12296,12294,3
2020-08-20,15:00:00.249000,12293,12295,12293,1
2020-08-20,15:00:00.271000,12293,12295,12293,1
2020-08-20,15:00:00.284000,12293,12295,12293,2
2020-08-20,15:00:00.285000,12293,12295,12293,3
2020-08-20,15:00:00.285000,12293,12295,12293,4
2020-08-20,15:00:00.285000,12293,12295,12293,3
2020-08-20,15:00:00.285000,12293,12295,12295,1
2020-08-20,15:00:00.304000,12293,12295,12292,1
2020-08-20,15:00:00.316000,12293,12295,12295,1
2020-08-20,15:00:00.328000,12293,12295,12292,1
2020-08-20,15:00:00.329000,12293,12295,12292,1
2020-08-20,15:00:00.348000,12293,12295,12292,2
2020-08-20,15:00:00.349000,12293,12295,12292,3
2020-08-20,15:00:00.349000,12293,12295,12291,1
2020-08-20,15:00:00.350000,12293,12295,12291,1
2020-08-20,15:00:00.354000,12293,12295,12291,1
2020-08-20,15:00:00.357000,12293,12295,12291,1
2020-08-20,15:00:00.366000,12293,12295,12291,1
2020-08-20,15:00:00.385000,12293,12295,12292,1
2020-08-20,15:00:00.385000,12293,12295,12291,13
2020-08-20,15:00:00.386000,12293,12295,12291,1
2020-08-20,15:00:00.394000,12293,12295,12290,2
2020-08-20,15:00:00.394000,12293,12295,12290,5
2020-08-20,15:00:00.404000,12293,12295,12289,1
2020-08-20,15:00:00.414000,12289,12293,12292,1
2020-08-20,15:00:00.420000,12289,12293,12289,1
2020-08-20,15:00:00.430000,12289,12293,12289,1
2020-08-20,15:00:00.470000,12289,12293,12293,2
2020-08-20,15:00:00.470000,12289,12293,12289,2
2020-08-20,15:00:00.482000,12289,12293,12289,1
2020-08-20,15:00:00.493000,12289,12293,12289,1
2020-08-20,15:00:00.511000,12289,12293,12289,2
2020-08-20,15:00:00.522000,12289,12293,12292,7
2020-08-20,15:00:00.531000,12292,12293,12292,1
2020-08-20,15:00:00.570000,12292,12293,12292,1
2020-08-20,15:00:00.620000,12292,12293,12293,1
2020-08-20,15:00:00.711000,12292,12293,12293,1
2020-08-20,15:00:00.711000,12292,12293,12292,1
2020-08-20,15:00:00.762000,12292,12293,12292,1
2020-08-20,15:00:00.768000,12292,12293,12292,2
2020-08-20,15:00:00.770000,12292,12293,12291,1
2020-08-20,15:00:00.804000,12289,12291,12291,1
2020-08-20,15:00:00.811000,12289,12291,12289,1
2020-08-20,15:00:00.886000,12289,12291,12291,1
2020-08-20,15:00:00.896000,12289,12291,12291,3
2020-08-20,15:00:00.896000,12289,12291,12290,1
2020-08-20,15:00:00.906000,12289,12290,12290,1
2020-08-20,15:00:00.928000,12289,12290,12290,1
2020-08-20,15:00:00.931000,12289,12290,12289,1
2020-08-20,15:00:00.938000,12289,12290,12290,3
2020-08-20,15:00:00.962000,12289,12290,12290,1
2020-08-20,15:00:00.962000,12289,12290,12289,4
2020-08-20,15:00:00.962000,12289,12290,12289,1
2020-08-20,15:00:00.991000,12289,12290,12290,1
2020-08-20,15:00:01.006000,12289,12290,12290,1
2020-08-20,15:00:01.013000,12289,12290,12290,2
2020-08-20,15:00:01.050000,12289,12290,12290,2
2020-08-20,15:00:01.050000,12289,12290,12291,2
2020-08-20,15:00:01.051000,12289,12290,12290,1
2020-08-20,15:00:01.052000,12289,12290,12290,1
2020-08-20,15:00:01.055000,12289,12290,12290,1
2020-08-20,15:00:01.063000,12289,12290,12289,1
2020-08-20,15:00:01.063000,12289,12290,12290,1
2020-08-20,15:00:01.063000,12289,12290,12291,3
2020-08-20,15:00:01.063000,12289,12290,12292,1
2020-08-20,15:00:01.064000,12289,12290,12292,2
2020-08-20,15:00:01.082000,12289,12290,12292,1
2020-08-20,15:00:01.140000,12289,12290,12294,1
2020-08-20,15:00:01.140000,12289,12290,12295,1
2020-08-20,15:00:01.140000,12289,12290,12296,1
2020-08-20,15:00:01.140000,12289,12290,12297,2
2020-08-20,15:00:01.269000,12292,12297,12297,1
2020-08-20,15:00:01.277000,12292,12297,12297,1
2020-08-20,15:00:01.293000,12292,12297,12292,2
2020-08-20,15:00:01.375000,12292,12297,12297,1
2020-08-20,15:00:01.376000,12292,12297,12297,1
2020-08-20,15:00:01.407000,12292,12297,12297,2
2020-08-20,15:00:01.407000,12292,12297,12298,2
2020-08-20,15:00:01.409000,12292,12297,12292,1
2020-08-20,15:00:01.461000,12292,12297,12297,1
2020-08-20,15:00:01.461000,12292,12297,12298,1
2020-08-20,15:00:01.506000,12292,12297,12298,1
2020-08-20,15:00:01.571000,12292,12298,12298,1
2020-08-20,15:00:01.761000,12292,12298,12298,1
2020-08-20,15:00:01.773000,12292,12298,12292,2
2020-08-20,15:00:02.021000,12291,12298,12298,1
2020-08-20,15:00:02.092000,12292,12298,12298,1
2020-08-20,15:00:02.286000,12293,12298,12298,2
2020-08-20,15:00:02.292000,12293,12298,12298,1
2020-08-20,15:00:02.427000,12294,12298,12295,2
2020-08-20,15:00:02.452000,12294,12298,12296,1
2020-08-20,15:00:02.514000,12294,12298,12298,40
2020-08-20,15:00:02.515000,12294,12298,12300,8
2020-08-20,15:00:02.516000,12294,12298,12301,1
2020-08-20,15:00:02.517000,12294,12298,12303,4
2020-08-20,15:00:02.517000,12294,12298,12304,1
2020-08-20,15:00:02.517000,12294,12298,12305,2
2020-08-20,15:00:02.518000,12294,12298,12307,1
2020-08-20,15:00:02.535000,12305,12308,12308,2
2020-08-20,15:00:02.536000,12305,12308,12309,2
2020-08-20,15:00:02.536000,12305,12308,12310,1
2020-08-20,15:00:02.537000,12305,12308,12311,1
2020-08-20,15:00:02.537000,12305,12308,12312,3
2020-08-20,15:00:02.537000,12305,12308,12315,1
2020-08-20,15:00:02.576000,12305,12308,12310,1
2020-08-20,15:00:02.610000,12305,12308,12313,1
2020-08-20,15:00:02.785000,12310,12313,12310,1
2020-08-20,15:00:02.806000,12310,12313,12313,2
2020-08-20,15:00:02.819000,12310,12313,12314,1
2020-08-20,15:00:02.896000,12310,12313,12314,1
2020-08-20,15:00:02.923000,12313,12314,12313,1
2020-08-20,15:00:02.924000,12313,12314,12313,2
2020-08-20,15:00:03.092000,12313,12314,12313,1
2020-08-20,15:00:03.098000,12313,12314,12313,1
2020-08-20,15:00:03.233000,12312,12314,12313,1
2020-08-20,15:00:03.325000,12312,12314,12314,1
2020-08-20,15:00:03.401000,12312,12314,12314,4
2020-08-20,15:00:03.456000,12313,12315,12313,3
2020-08-20,15:00:03.512000,12313,12315,12313,2
2020-08-20,15:00:03.512000,12313,12315,12312,1
2020-08-20,15:00:03.545000,12312,12314,12314,2
2020-08-20,15:00:03.671000,12313,12315,12314,1
2020-08-20,15:00:03.988000,12313,12315,12315,1
2020-08-20,15:00:03.988000,12313,12315,12315,5
2020-08-20,15:00:04.328000,12315,12317,12317,1
2020-08-20,15:00:04.329000,12315,12317,12317,5
2020-08-20,15:00:04.330000,12315,12317,12318,3
2020-08-20,15:00:04.330000,12315,12317,12319,3
2020-08-20,15:00:04.331000,12315,12317,12320,1
2020-08-20,15:00:04.331000,12315,12317,12320,1
2020-08-20,15:00:04.429000,12319,12321,12319,1
2020-08-20,15:00:04.472000,12319,12321,12319,4
2020-08-20,15:00:04.472000,12319,12321,12318,5
2020-08-20,15:00:04.472000,12319,12321,12317,1
2020-08-20,15:00:04.473000,12319,12321,12317,1
2020-08-20,15:00:04.539000,12315,12320,12320,2
2020-08-20,15:00:04.715000,12315,12317,12317,2
2020-08-20,15:00:04.715000,12315,12317,12318,2
2020-08-20,15:00:04.726000,12315,12317,12317,2
2020-08-20,15:00:04.776000,12315,12317,12316,2
2020-08-20,15:00:04.795000,12315,12317,12317,10
2020-08-20,15:00:04.830000,12315,12317,12320,1
2020-08-20,15:00:04.830000,12315,12317,12321,1
2020-08-20,15:00:04.926000,12318,12322,12322,1
2020-08-20,15:00:04.927000,12318,12322,12323,1
2020-08-20,15:00:04.934000,12318,12322,12318,1
2020-08-20,15:00:04.934000,12318,12322,12317,5
2020-08-20,15:00:04.970000,12318,12322,12317,1
2020-08-20,15:00:04.989000,12318,12322,12317,6
2020-08-20,15:00:04.991000,12318,12322,12322,1
2020-08-20,15:00:04.991000,12318,12322,12323,3
2020-08-20,15:00:05.009000,12318,12322,12324,2
2020-08-20,15:00:05.015000,12318,12322,12327,1
2020-08-20,15:00:05.015000,12318,12322,12329,1
2020-08-20,15:00:05.019000,12318,12322,12329,1
2020-08-20,15:00:05.028000,12318,12322,12330,2
2020-08-20,15:00:05.077000,12319,12330,12319,1
2020-08-20,15:00:05.077000,12319,12330,12318,4
2020-08-20,15:00:05.077000,12319,12330,12317,1
2020-08-20,15:00:05.077000,12319,12330,12317,1
2020-08-20,15:00:05.077000,12319,12330,12317,3
2020-08-20,15:00:05.092000,12319,12330,12316,1
2020-08-20,15:00:05.092000,12319,12330,12315,1
2020-08-20,15:00:05.237000,12313,12323,12323,1
2020-08-20,15:00:05.252000,12313,12323,12323,1
2020-08-20,15:00:05.252000,12313,12323,12324,1
2020-08-20,15:00:05.296000,12314,12324,12324,1
2020-08-20,15:00:05.359000,12314,12324,12324,3
2020-08-20,15:00:05.390000,12314,12324,12327,1
2020-08-20,15:00:05.392000,12314,12324,12329,1
2020-08-20,15:00:05.422000,12313,12330,12330,2
2020-08-20,15:00:05.422000,12313,12330,12333,1
2020-08-20,15:00:05.432000,12313,12330,12319,1
2020-08-20,15:00:05.432000,12313,12330,12319,1
2020-08-20,15:00:05.439000,12313,12330,12318,1
2020-08-20,15:00:05.462000,12313,12330,12334,1
2020-08-20,15:00:05.462000,12313,12330,12335,1
2020-08-20,15:00:05.546000,12319,12335,12335,1
2020-08-20,15:00:05.757000,12320,12335,12320,1
2020-08-20,15:00:05.757000,12320,12335,12319,1
2020-08-20,15:00:05.767000,12320,12335,12334,1
2020-08-20,15:00:05.767000,12320,12335,12335,3
2020-08-20,15:00:05.835000,12319,12335,12321,1
2020-08-20,15:00:06.126000,12320,12334,12334,1
2020-08-20,15:00:06.280000,12320,12335,12335,1
2020-08-20,15:00:06.306000,12320,12335,12336,1
2020-08-20,15:00:06.421000,12320,12329,12320,1
2020-08-20,15:00:06.555000,12319,12320,12319,2
2020-08-20,15:00:06.556000,12319,12320,12318,3
2020-08-20,15:00:06.655000,12313,12319,12318,1
2020-08-20,15:00:06.802000,12313,12319,12313,1
2020-08-20,15:00:07.061000,12312,12317,12312,1
2020-08-20,15:00:07.147000,12312,12317,12317,1
2020-08-20,15:00:07.150000,12312,12317,12318,1
2020-08-20,15:00:07.166000,12310,12318,12318,1
2020-08-20,15:00:07.195000,12310,12318,12316,1
2020-08-20,15:00:07.208000,12310,12318,12317,1
2020-08-20,15:00:07.414000,12310,12316,12316,1
2020-08-20,15:00:07.546000,12310,12317,12317,2
2020-08-20,15:00:07.550000,12310,12317,12318,1
2020-08-20,15:00:07.564000,12310,12317,12310,1
2020-08-20,15:00:07.588000,12310,12317,12317,1
2020-08-20,15:00:07.589000,12310,12317,12310,1
2020-08-20,15:00:07.589000,12310,12317,12309,2
2020-08-20,15:00:08.184000,12310,12315,12315,1
2020-08-20,15:00:08.216000,12310,12315,12315,1
2020-08-20,15:00:08.860000,12310,12315,12310,1
2020-08-20,15:00:09.063000,12310,12315,12315,1
2020-08-20,15:00:09.967000,12310,12315,12310,1
2020-08-20,15:00:10.081000,12310,12314,12310,1
2020-08-20,15:00:10.081000,12310,12314,12310,1
2020-08-20,15:00:10.081000,12310,12314,12309,2
2020-08-20,15:00:10.081000,12310,12314,12309,1
2020-08-20,15:00:10.082000,12310,12314,12309,1
2020-08-20,15:00:10.162000,12308,12312,12308,2
2020-08-20,15:00:10.179000,12308,12312,12307,2
2020-08-20,15:00:10.194000,12308,12312,12305,4
2020-08-20,15:00:10.223000,12308,12312,12307,1
2020-08-20,15:00:10.282000,12304,12308,12305,1
2020-08-20,15:00:10.282000,12304,12308,12304,1
2020-08-20,15:00:10.371000,12304,12308,12307,1
2020-08-20,15:00:10.371000,12304,12308,12308,2
2020-08-20,15:00:10.378000,12304,12308,12308,1
2020-08-20,15:00:10.398000,12304,12308,12309,1
2020-08-20,15:00:10.412000,12304,12310,12310,1
2020-08-20,15:00:10.421000,12304,12310,12310,1
2020-08-20,15:00:10.429000,12304,12310,12310,1
2020-08-20,15:00:10.578000,12304,12311,12310,1
2020-08-20,15:00:10.585000,12304,12311,12304,1
2020-08-20,15:00:10.702000,12303,12310,12303,1
2020-08-20,15:00:11.155000,12303,12309,12303,1
2020-08-20,15:00:11.192000,12303,12309,12306,3
2020-08-20,15:00:11.427000,12302,12306,12306,1
2020-08-20,15:00:11.445000,12302,12306,12303,1
2020-08-20,15:00:11.450000,12302,12306,12302,1
2020-08-20,15:00:11.454000,12302,12306,12300,1
2020-08-20,15:00:11.572000,12299,12303,12300,1
2020-08-20,15:00:11.572000,12299,12303,12299,1
2020-08-20,15:00:11.574000,12299,12303,12299,1
2020-08-20,15:00:11.634000,12299,12303,12298,2
2020-08-20,15:00:11.786000,12297,12300,12297,1
2020-08-20,15:00:11.842000,12297,12300,12296,1
2020-08-20,15:00:12.230000,12295,12298,12295,1
2020-08-20,15:00:12.788000,12295,12298,12298,2
2020-08-20,15:00:12.788000,12295,12298,12299,1
2020-08-20,15:00:12.873000,12295,12298,12296,1
2020-08-20,15:00:12.873000,12295,12298,12295,3
2020-08-20,15:00:12.874000,12295,12298,12295,1
2020-08-20,15:00:12.874000,12295,12298,12294,4
2020-08-20,15:00:12.874000,12295,12298,12294,1
2020-08-20,15:00:13.229000,12293,12297,12297,1
2020-08-20,15:00:13.229000,12293,12297,12298,4
2020-08-20,15:00:13.229000,12293,12297,12299,4
2020-08-20,15:00:13.275000,12293,12297,12299,1
2020-08-20,15:00:13.275000,12293,12297,12299,1
2020-08-20,15:00:13.395000,12299,12305,12299,1
2020-08-20,15:00:13.483000,12299,12305,12301,1
2020-08-20,15:00:13.485000,12299,12305,12301,1
2020-08-20,15:00:13.487000,12299,12305,12300,2
2020-08-20,15:00:13.570000,12297,12305,12297,1
2020-08-20,15:00:13.987000,12297,12305,12299,1
2020-08-20,15:00:13.987000,12297,12305,12304,1
2020-08-20,15:00:14.097000,12297,12301,12300,1
2020-08-20,15:00:14.110000,12297,12301,12301,1
2020-08-20,15:00:14.167000,12297,12302,12302,1
2020-08-20,15:00:14.371000,12300,12303,12303,1
2020-08-20,15:00:14.409000,12300,12303,12303,1
2020-08-20,15:00:14.584000,12301,12306,12306,1
2020-08-20,15:00:14.680000,12301,12306,12301,1
2020-08-20,15:00:15.058000,12302,12306,12306,1
2020-08-20,15:00:15.111000,12302,12306,12308,1
2020-08-20,15:00:15.132000,12302,12306,12309,2
2020-08-20,15:00:15.563000,12308,12309,12308,2
2020-08-20,15:00:15.998000,12306,12309,12306,1
2020-08-20,15:00:16.009000,12306,12309,12309,1
2020-08-20,15:00:16.017000,12306,12309,12306,1
2020-08-20,15:00:16.023000,12306,12309,12309,1
2020-08-20,15:00:16.225000,12306,12308,12306,2
2020-08-20,15:00:16.225000,12306,12308,12305,3
2020-08-20,15:00:17.422000,12304,12307,12307,1
2020-08-20,15:00:18.113000,12304,12306,12306,1
2020-08-20,15:00:18.114000,12304,12306,12308,1
2020-08-20,15:00:18.126000,12304,12306,12308,1
2020-08-20,15:00:18.634000,12305,12308,12304,3
2020-08-20,15:00:18.634000,12305,12308,12303,2
2020-08-20,15:00:18.992000,12304,12306,12306,1
2020-08-20,15:00:19.469000,12304,12306,12306,1
2020-08-20,15:00:20.422000,12305,12307,12307,1
2020-08-20,15:00:20.423000,12305,12307,12308,5
2020-08-20,15:00:20.423000,12305,12307,12309,4
2020-08-20,15:00:20.424000,12305,12307,12310,2
2020-08-20,15:00:20.425000,12305,12307,12311,2
2020-08-20,15:00:20.524000,12305,12307,12310,1
2020-08-20,15:00:21.305000,12306,12310,12310,1
2020-08-20,15:00:21.546000,12308,12310,12310,1
2020-08-20,15:00:21.989000,12308,12311,12308,1
2020-08-20,15:00:22.069000,12307,12310,12307,5
2020-08-20,15:00:22.153000,12307,12310,12308,1
2020-08-20,15:00:22.153000,12307,12310,12309,1
2020-08-20,15:00:22.225000,12306,12309,12306,1
2020-08-20,15:00:22.681000,12305,12307,12305,6
2020-08-20,15:00:22.682000,12305,12307,12305,1
2020-08-20,15:00:22.682000,12305,12307,12304,1
2020-08-20,15:00:22.683000,12305,12307,12303,2
2020-08-20,15:00:22.808000,12301,12304,12305,1
2020-08-20,15:00:23.108000,12303,12305,12302,5
2020-08-20,15:00:23.109000,12303,12305,12301,2
2020-08-20,15:00:23.714000,12301,12303,12303,1
2020-08-20,15:00:24.693000,12302,12304,12304,1
2020-08-20,15:00:26.558000,12303,12305,12303,2
2020-08-20,15:00:26.558000,12303,12305,12302,2
2020-08-20,15:00:26.559000,12303,12305,12301,7
2020-08-20,15:00:26.560000,12303,12305,12300,3
2020-08-20,15:00:26.560000,12303,12305,12300,1
2020-08-20,15:00:26.795000,12299,12300,12299,1
2020-08-20,15:00:26.795000,12299,12300,12298,4
2020-08-20,15:00:26.936000,12298,12299,12299,1
2020-08-20,15:00:26.959000,12298,12299,12298,1
2020-08-20,15:00:27.375000,12297,12298,12298,1
2020-08-20,15:00:27.830000,12297,12299,12299,2
2020-08-20,15:00:28.732000,12297,12298,12298,1
2020-08-20,15:00:29.922000,12298,12301,12301,1
2020-08-20,15:00:30.323000,12300,12302,12302,1
2020-08-20,15:00:31.824000,12301,12302,12302,4
2020-08-20,15:00:31.825000,12301,12302,12303,1
2020-08-20,15:00:32.114000,12302,12304,12302,1
2020-08-20,15:00:32.330000,12302,12303,12302,1
2020-08-20,15:00:33.446000,12301,12303,12303,1
2020-08-20,15:00:33.447000,12301,12303,12304,2
2020-08-20,15:00:33.448000,12301,12303,12305,7
2020-08-20,15:00:33.449000,12301,12303,12306,6
2020-08-20,15:00:33.601000,12304,12305,12305,1
2020-08-20,15:00:33.736000,12304,12307,12306,2
2020-08-20,15:00:33.774000,12304,12307,12304,1
2020-08-20,15:00:34.037000,12304,12306,12304,1
2020-08-20,15:00:34.089000,12304,12306,12306,3
2020-08-20,15:00:34.133000,12304,12306,12307,2
2020-08-20,15:00:34.281000,12306,12308,12306,1
2020-08-20,15:00:34.634000,12306,12308,12308,1
2020-08-20,15:00:34.635000,12306,12308,12308,2
2020-08-20,15:00:34.968000,12307,12309,12307,2
2020-08-20,15:00:35.054000,12307,12309,12309,1
2020-08-20,15:00:35.374000,12307,12309,12307,1
2020-08-20,15:00:35.401000,12307,12309,12309,1
2020-08-20,15:00:35.589000,12307,12309,12307,1
2020-08-20,15:00:35.755000,12307,12308,12308,1
2020-08-20,15:00:35.790000,12307,12308,12308,1
2020-08-20,15:00:35.850000,12307,12308,12309,7
2020-08-20,15:00:35.851000,12307,12308,12309,1
2020-08-20,15:00:36.735000,12307,12309,12309,1
2020-08-20,15:00:36.738000,12307,12309,12310,3
2020-08-20,15:00:36.740000,12307,12309,12310,2
2020-08-20,15:00:36.792000,12310,12312,12310,1
2020-08-20,15:00:36.910000,12309,12312,12309,1
2020-08-20,15:00:38.235000,12309,12310,12309,1
2020-08-20,15:00:38.254000,12309,12310,12310,3
2020-08-20,15:00:38.255000,12309,12310,12311,1
2020-08-20,15:00:38.284000,12310,12312,12312,1
2020-08-20,15:00:38.284000,12310,12312,12312,1
2020-08-20,15:00:38.284000,12310,12312,12313,1
2020-08-20,15:00:38.291000,12310,12312,12313,1
2020-08-20,15:00:38.468000,12311,12313,12311,5
2020-08-20,15:00:38.468000,12311,12313,12310,4
2020-08-20,15:00:38.607000,12310,12312,12310,1
2020-08-20,15:00:38.935000,12309,12310,12310,1
2020-08-20,15:00:39.007000,12309,12310,12310,1
2020-08-20,15:00:39.411000,12310,12312,12312,1
2020-08-20,15:00:39.898000,12311,12313,12311,1
2020-08-20,15:00:40.235000,12310,12313,12312,1
2020-08-20,15:00:41.165000,12311,12313,12311,1
2020-08-20,15:00:41.173000,12311,12313,12311,4
2020-08-20,15:00:41.174000,12311,12313,12310,1
2020-08-20,15:00:41.280000,12310,12311,12310,5
2020-08-20,15:00:41.580000,12309,12311,12309,2
2020-08-20,15:00:41.875000,12308,12310,12310,1
2020-08-20,15:00:42.912000,12308,12310,12310,3
2020-08-20,15:00:43.252000,12310,12312,12310,1
2020-08-20,15:00:43.705000,12310,12312,12312,1
2020-08-20,15:00:43.815000,12310,12312,12312,2
2020-08-20,15:00:43.827000,12310,12312,12312,2
2020-08-20,15:00:44.701000,12312,12313,12312,1
2020-08-20,15:00:44.910000,12312,12313,12313,1
2020-08-20,15:00:45.259000,12312,12314,12314,1
2020-08-20,15:00:45.946000,12313,12315,12315,2
2020-08-20,15:00:45.946000,12313,12315,12316,1
2020-08-20,15:00:46.052000,12314,12316,12316,1
2020-08-20,15:00:46.162000,12314,12316,12316,2
2020-08-20,15:00:46.164000,12314,12316,12316,4
2020-08-20,15:00:47.015000,12316,12319,12316,1
2020-08-20,15:00:47.204000,12316,12318,12317,1
2020-08-20,15:00:47.412000,12317,12319,12317,1
2020-08-20,15:00:47.550000,12317,12319,12317,1
2020-08-20,15:00:48.135000,12315,12316,12316,1
2020-08-20,15:00:48.146000,12315,12316,12315,1
2020-08-20,15:00:48.695000,12312,12314,12312,1
2020-08-20,15:00:48.829000,12312,12314,12312,1
2020-08-20,15:00:48.963000,12311,12313,12313,2
2020-08-20,15:00:49.010000,12311,12313,12314,1
2020-08-20,15:00:50.125000,12313,12315,12315,1
2020-08-20,15:00:50.465000,12313,12315,12315,2
2020-08-20,15:00:50.468000,12313,12315,12315,1
2020-08-20,15:00:51.033000,12313,12315,12314,1
2020-08-20,15:00:51.157000,12313,12315,12315,1
2020-08-20,15:00:51.591000,12313,12314,12314,1
2020-08-20,15:00:51.603000,12313,12314,12313,1
2020-08-20,15:00:52.124000,12312,12314,12312,1
2020-08-20,15:00:52.369000,12310,12312,12312,1
2020-08-20,15:00:53.385000,12311,12313,12313,4
2020-08-20,15:00:53.730000,12312,12313,12313,1
2020-08-20,15:00:53.730000,12312,12313,12313,1
2020-08-20,15:00:53.898000,12312,12314,12312,3
2020-08-20,15:00:53.902000,12312,12314,12311,2
2020-08-20,15:00:54.042000,12310,12312,12310,5
2020-08-20,15:00:54.043000,12310,12312,12310,8
2020-08-20,15:00:54.191000,12309,12312,12312,1
2020-08-20,15:00:54.302000,12309,12312,12309,1
2020-08-20,15:00:54.460000,12309,12312,12309,1
2020-08-20,15:00:55.719000,12309,12311,12312,1
2020-08-20,15:00:55.854000,12309,12312,12309,1
2020-08-20,15:00:56.986000,12310,12312,12312,2
2020-08-20,15:00:57.067000,12310,12312,12310,2
2020-08-20,15:00:57.166000,12310,12312,12312,1
2020-08-20,15:00:57.244000,12310,12312,12310,3
2020-08-20,15:00:57.761000,12309,12311,12311,1
2020-08-20,15:00:57.810000,12309,12311,12309,1
2020-08-20,15:00:57.841000,12309,12311,12308,2
2020-08-20,15:00:57.844000,12309,12311,12308,2
2020-08-20,15:00:57.884000,12309,12311,12307,2
2020-08-20,15:00:57.919000,12307,12309,12307,1
2020-08-20,15:00:59.038000,12306,12307,12307,1
2020-08-20,15:00:59.882000,12307,12309,12309,3
2020-08-20,15:00:59.988000,12308,12310,12310,7
2020-08-20,15:01:00.003000,12308,12310,12311,3
2020-08-20,15:01:00.023000,12308,12310,12311,1
2020-08-20,15:01:00.023000,12308,12310,12312,10
2020-08-20,15:01:00.023000,12308,12310,12313,5
2020-08-20,15:01:00.041000,12310,12313,12311,1
2020-08-20,15:01:00.082000,12310,12313,12309,1
2020-08-20,15:01:00.123000,12310,12313,12311,3
2020-08-20,15:01:00.146000,12310,12313,12311,1
2020-08-20,15:01:00.146000,12310,12313,12312,2
2020-08-20,15:01:00.193000,12311,12313,12313,6
2020-08-20,15:01:00.194000,12311,12313,12314,3
2020-08-20,15:01:00.194000,12311,12313,12314,2
2020-08-20,15:01:00.194000,12311,12313,12315,4
2020-08-20,15:01:00.207000,12311,12313,12315,3
2020-08-20,15:01:00.445000,12313,12315,12315,1
2020-08-20,15:01:00.445000,12313,12315,12315,3
2020-08-20,15:01:00.445000,12313,12315,12315,2
2020-08-20,15:01:00.446000,12313,12315,12315,3
2020-08-20,15:01:00.446000,12313,12315,12314,1
2020-08-20,15:01:00.611000,12313,12316,12313,1
2020-08-20,15:01:00.846000,12313,12315,12313,1
2020-08-20,15:01:00.984000,12312,12314,12314,1
2020-08-20,15:01:01.383000,12313,12315,12313,1
2020-08-20,15:01:01.383000,12313,12315,12312,2
2020-08-20,15:01:01.624000,12311,12313,12311,3
2020-08-20,15:01:01.901000,12310,12312,12310,4
2020-08-20,15:01:02.043000,12309,12311,12311,1
2020-08-20,15:01:02.043000,12309,12311,12311,1
2020-08-20,15:01:02.230000,12309,12311,12311,1
2020-08-20,15:01:02.471000,12309,12311,12309,1
2020-08-20,15:01:02.533000,12308,12310,12310,1
2020-08-20,15:01:02.644000,12308,12310,12308,1
2020-08-20,15:01:03.213000,12308,12311,12308,1
2020-08-20,15:01:03.338000,12308,12310,12309,1
2020-08-20,15:01:05.296000,12308,12311,12308,2
2020-08-20,15:01:05.637000,12308,12311,12311,2
2020-08-20,15:01:05.640000,12308,12311,12311,1
2020-08-20,15:01:06.175000,12311,12312,12311,2
2020-08-20,15:01:06.423000,12310,12312,12310,2
2020-08-20,15:01:06.425000,12310,12312,12310,1
2020-08-20,15:01:06.675000,12309,12310,12309,1
2020-08-20,15:01:06.829000,12308,12310,12308,1
2020-08-20,15:01:06.834000,12308,12310,12308,2
2020-08-20,15:01:06.947000,12308,12310,12308,1
2020-08-20,15:01:09.057000,12307,12309,12309,1
2020-08-20,15:01:09.092000,12307,12309,12310,1
2020-08-20,15:01:11.126000,12309,12311,12309,1
2020-08-20,15:01:12.569000,12310,12311,12310,1
2020-08-20,15:01:13.376000,12310,12311,12310,3
2020-08-20,15:01:14.125000,12309,12311,12311,4
2020-08-20,15:01:16.146000,12309,12311,12309,5
2020-08-20,15:01:17.073000,12308,12310,12308,2
2020-08-20,15:01:19.700000,12307,12309,12307,2
2020-08-20,15:01:19.700000,12307,12309,12307,1
2020-08-20,15:01:19.830000,12306,12308,12306,2
2020-08-20,15:01:20.655000,12306,12308,12306,1
2020-08-20,15:01:20.915000,12305,12308,12307,1
2020-08-20,15:01:21.129000,12305,12308,12308,1
2020-08-20,15:01:22.319000,12305,12307,12305,4
2020-08-20,15:01:22.492000,12303,12305,12303,3
2020-08-20,15:01:22.518000,12303,12305,12303,1
2020-08-20,15:01:22.523000,12303,12305,12303,1
2020-08-20,15:01:22.565000,12303,12305,12303,1
2020-08-20,15:01:23.036000,12304,12306,12306,1
2020-08-20,15:01:23.510000,12304,12306,12303,1
2020-08-20,15:01:24.810000,12304,12305,12304,1
2020-08-20,15:01:24.894000,12304,12305,12303,1
2020-08-20,15:01:25.069000,12303,12305,12303,1
2020-08-20,15:01:25.426000,12303,12305,12303,2
2020-08-20,15:01:25.617000,12302,12305,12305,1
2020-08-20,15:01:25.756000,12302,12305,12305,1
2020-08-20,15:01:25.843000,12303,12306,12303,1
2020-08-20,15:01:25.869000,12303,12306,12303,1
2020-08-20,15:01:26.140000,12302,12305,12304,1
2020-08-20,15:01:26.907000,12304,12306,12304,2
2020-08-20,15:01:27.263000,12303,12306,12306,1
2020-08-20,15:01:27.400000,12303,12306,12305,1
2020-08-20,15:01:28.755000,12305,12307,12305,1
2020-08-20,15:01:31.756000,12305,12307,12307,1
2020-08-20,15:01:33.021000,12305,12306,12306,1
2020-08-20,15:01:33.834000,12305,12307,12305,1
2020-08-20,15:01:35.396000,12304,12306,12305,1
2020-08-20,15:01:35.799000,12303,12305,12303,1
2020-08-20,15:01:36.153000,12303,12305,12303,1
2020-08-20,15:01:36.160000,12303,12305,12303,1
2020-08-20,15:01:36.545000,12303,12305,12303,1
2020-08-20,15:01:36.800000,12302,12303,12302,1
2020-08-20,15:01:36.817000,12302,12303,12302,1
2020-08-20,15:01:36.826000,12302,12303,12302,3
2020-08-20,15:01:36.827000,12302,12303,12302,3
2020-08-20,15:01:36.989000,12301,12302,12301,1
2020-08-20,15:01:37.131000,12301,12302,12301,1
2020-08-20,15:01:39.713000,12301,12303,12301,1
2020-08-20,15:01:40.507000,12302,12303,12303,3
2020-08-20,15:01:43.348000,12302,12304,12302,1
2020-08-20,15:01:43.349000,12302,12304,12302,1
2020-08-20,15:01:45.851000,12301,12303,12301,3
2020-08-20,15:01:47.934000,12301,12303,12303,1
2020-08-20,15:01:48.693000,12301,12303,12301,4
2020-08-20,15:01:48.701000,12301,12303,12301,1
2020-08-20,15:01:49.173000,12300,12302,12302,2
2020-08-20,15:01:51.758000,12301,12303,12301,1
2020-08-20,15:01:52.324000,12302,12303,12302,1
2020-08-20,15:01:53.227000,12302,12303,12303,1
2020-08-20,15:01:53.336000,12303,12304,12303,1
2020-08-20,15:01:53.804000,12303,12304,12303,4
2020-08-20,15:01:53.804000,12303,12304,12302,1
2020-08-20,15:01:54.567000,12302,12304,12302,5
2020-08-20,15:01:55.401000,12302,12304,12304,1
2020-08-20,15:01:56.465000,12303,12304,12303,1
2020-08-20,15:01:59.221000,12303,12304,12304,3
2020-08-20,15:01:59.435000,12304,12305,12304,1
2020-08-20,15:01:59.669000,12304,12305,12304,2
2020-08-20,15:02:00.181000,12303,12305,12305,1
2020-08-20,15:02:00.343000,12303,12305,12305,1
2020-08-20,15:02:00.865000,12304,12306,12304,4
2020-08-20,15:02:02.060000,12305,12306,12306,21
2020-08-20,15:02:02.060000,12305,12306,12306,3
2020-08-20,15:02:05.099000,12306,12307,12307,1
2020-08-20,15:02:05.099000,12306,12307,12307,1
2020-08-20,15:02:05.099000,12306,12307,12307,7
2020-08-20,15:02:05.100000,12306,12307,12307,1
2020-08-20,15:02:05.357000,12306,12307,12307,1
2020-08-20,15:02:05.596000,12306,12307,12307,1
2020-08-20,15:02:05.604000,12306,12307,12306,1
2020-08-20,15:02:05.606000,12306,12307,12306,1
2020-08-20,15:02:05.705000,12305,12307,12307,1
2020-08-20,15:02:05.739000,12305,12307,12307,1
2020-08-20,15:02:06.422000,12306,12308,12306,1
2020-08-20,15:02:07.313000,12306,12308,12308,2
2020-08-20,15:02:08.320000,12307,12308,12308,1
2020-08-20,15:02:08.400000,12307,12308,12308,1
2020-08-20,15:02:10.374000,12307,12309,12307,3
2020-08-20,15:02:10.469000,12306,12307,12307,1
2020-08-20,15:02:11.275000,12307,12309,12309,1
2020-08-20,15:02:11.392000,12307,12309,12309,2
2020-08-20,15:02:12.048000,12307,12308,12308,1
2020-08-20,15:02:12.479000,12308,12310,12308,1
2020-08-20,15:02:13.702000,12309,12310,12309,2
2020-08-20,15:02:13.908000,12308,12310,12310,1
2020-08-20,15:02:14.576000,12310,12311,12311,1
2020-08-20,15:02:15.344000,12310,12312,12310,2
2020-08-20,15:02:15.890000,12309,12311,12309,1
2020-08-20,15:02:16.390000,12308,12310,12308,1
2020-08-20,15:02:16.792000,12307,12309,12309,2
2020-08-20,15:02:18.392000,12307,12309,12307,1
2020-08-20,15:02:18.392000,12307,12309,12307,6
2020-08-20,15:02:18.392000,12307,12309,12307,1
2020-08-20,15:02:19.764000,12307,12309,12307,3
2020-08-20,15:02:19.764000,12307,12309,12307,1
2020-08-20,15:02:19.764000,12307,12309,12307,5
2020-08-20,15:02:20.054000,12306,12307,12306,1
2020-08-20,15:02:20.798000,12305,12307,12307,1
2020-08-20,15:02:20.861000,12305,12307,12305,1
2020-08-20,15:02:29.098000,12305,12307,12305,1
2020-08-20,15:02:29.098000,12305,12307,12305,1
2020-08-20,15:02:39.499000,12307,12309,12307,1
2020-08-20,15:02:40.960000,12307,12309,12307,3
2020-08-20,15:02:42.860000,12306,12308,12306,1
2020-08-20,15:02:48.596000,12306,12307,12306,1
2020-08-20,15:02:48.596000,12306,12307,12306,4
2020-08-20,15:02:49.970000,12305,12306,12306,1
2020-08-20,15:02:50.401000,12305,12307,12305,3
2020-08-20,15:02:50.401000,12305,12307,12305,3
2020-08-20,15:02:50.405000,12304,12305,12304,1
2020-08-20,15:02:50.514000,12304,12305,12303,1
2020-08-20,15:02:50.568000,12303,12305,12303,1
2020-08-20,15:02:51.107000,12303,12305,12305,1
2020-08-20,15:02:53.113000,12303,12304,12304,1
2020-08-20,15:02:53.228000,12303,12305,12303,4
2020-08-20,15:02:54.309000,12302,12303,12302,2
2020-08-20,15:02:54.740000,12302,12303,12302,2
2020-08-20,15:02:54.883000,12302,12303,12302,2
2020-08-20,15:03:01.235000,12302,12303,12303,1
2020-08-20,15:03:01.775000,12302,12303,12302,1
2020-08-20,15:03:01.821000,12302,12303,12302,2
2020-08-20,15:03:01.823000,12302,12303,12302,4
2020-08-20,15:03:04.648000,12303,12304,12303,1
2020-08-20,15:03:08.349000,12301,12304,12303,1
2020-08-20,15:03:10.909000,12302,12303,12302,4
2020-08-20,15:03:13.336000,12301,12302,12301,2
2020-08-20,15:03:13.336000,12301,12302,12301,8
2020-08-20,15:03:14.881000,12300,12302,12300,2
2020-08-20,15:03:14.905000,12300,12301,12300,16
2020-08-20,15:03:14.934000,12300,12301,12300,1
2020-08-20,15:03:14.991000,12300,12301,12299,1
2020-08-20,15:03:15.530000,12299,12300,12299,10
2020-08-20,15:03:15.655000,12298,12299,12298,2
2020-08-20,15:03:16.299000,12298,12299,12297,1
2020-08-20,15:03:17.280000,12297,12298,12297,4
2020-08-20,15:03:17.296000,12297,12298,12298,1
2020-08-20,15:03:17.526000,12297,12298,12296,1
2020-08-20,15:03:17.925000,12296,12298,12298,1
2020-08-20,15:03:18.296000,12296,12298,12297,1
2020-08-20,15:03:18.351000,12296,12298,12296,4
2020-08-20,15:03:18.351000,12296,12298,12295,1
2020-08-20,15:03:18.353000,12296,12298,12297,1
2020-08-20,15:03:18.481000,12296,12298,12296,1
2020-08-20,15:03:18.733000,12296,12298,12296,1
2020-08-20,15:03:19.676000,12295,12296,12296,1
2020-08-20,15:03:20.280000,12296,12297,12297,3
2020-08-20,15:03:21.233000,12296,12298,12298,2
2020-08-20,15:03:22.214000,12297,12298,12298,1
2020-08-20,15:03:23.843000,12297,12299,12297,5
2020-08-20,15:03:24.042000,12297,12298,12297,2
2020-08-20,15:03:25.536000,12297,12298,12297,1
2020-08-20,15:03:25.536000,12297,12298,12296,2
2020-08-20,15:03:25.839000,12296,12298,12298,1
2020-08-20,15:03:27.764000,12297,12298,12298,1
2020-08-20,15:03:28.164000,12297,12298,12297,2
2020-08-20,15:03:28.312000,12296,12298,12296,1
2020-08-20,15:03:28.319000,12296,12298,12296,1
2020-08-20,15:03:30.361000,12296,12298,12296,1
2020-08-20,15:03:31.002000,12295,12296,12295,3
2020-08-20,15:03:31.260000,12295,12296,12295,1
2020-08-20,15:03:31.260000,12295,12296,12295,4
2020-08-20,15:03:31.894000,12294,12295,12294,2
2020-08-20,15:03:33.971000,12296,12298,12296,1
2020-08-20,15:03:36.112000,12296,12298,12296,1
2020-08-20,15:03:36.189000,12297,12298,12297,1
2020-08-20,15:03:38.469000,12295,12296,12296,1
2020-08-20,15:03:38.728000,12295,12296,12296,1
2020-08-20,15:03:40.396000,12296,12297,12296,2
2020-08-20,15:03:41.313000,12295,12296,12295,2
2020-08-20,15:03:41.314000,12295,12296,12295,1
2020-08-20,15:03:42.513000,12295,12296,12296,1
2020-08-20,15:03:45.105000,12295,12297,12295,5
2020-08-20,15:03:47.262000,12295,12296,12296,1
2020-08-20,15:03:47.301000,12295,12297,12297,1
2020-08-20,15:03:49.027000,12295,12296,12295,1
2020-08-20,15:03:49.027000,12295,12296,12295,1
2020-08-20,15:03:49.029000,12295,12296,12295,4
2020-08-20,15:03:49.616000,12294,12295,12294,13
2020-08-20,15:03:49.655000,12293,12294,12293,8
2020-08-20,15:03:49.655000,12293,12294,12293,2
2020-08-20,15:03:50.809000,12292,12294,12294,1
2020-08-20,15:03:55.625000,12292,12294,12294,1
2020-08-20,15:03:57.074000,12293,12295,12293,1
2020-08-20,15:03:57.629000,12293,12295,12293,1
2020-08-20,15:03:57.803000,12292,12295,12295,1
2020-08-20,15:03:58.348000,12293,12295,12295,1
2020-08-20,15:04:00.023000,12294,12295,12295,2
2020-08-20,15:04:00.156000,12294,12296,12294,2
2020-08-20,15:04:00.228000,12294,12296,12295,2
2020-08-20,15:04:00.521000,12295,12296,12295,1
2020-08-20,15:04:00.673000,12295,12296,12295,1
2020-08-20,15:04:00.982000,12294,12295,12294,1
2020-08-20,15:04:01.056000,12293,12295,12295,3
2020-08-20,15:04:01.368000,12293,12295,12295,1
2020-08-20,15:04:05.095000,12294,12296,12294,2
2020-08-20,15:04:06.974000,12295,12296,12296,5
2020-08-20,15:04:07.394000,12295,12297,12295,4
2020-08-20,15:04:07.575000,12295,12297,12295,1
2020-08-20,15:04:11.057000,12295,12296,12296,1
2020-08-20,15:04:11.058000,12295,12296,12297,10
2020-08-20,15:04:11.074000,12295,12296,12296,5
2020-08-20,15:04:12.240000,12296,12298,12298,5
2020-08-20,15:04:12.904000,12297,12299,12299,1
2020-08-20,15:04:13.672000,12298,12299,12299,1
2020-08-20,15:04:13.673000,12298,12299,12299,9
2020-08-20,15:04:15.172000,12298,12300,12300,1
2020-08-20,15:04:15.594000,12298,12300,12298,1
2020-08-20,15:04:15.761000,12297,12299,12300,1
2020-08-20,15:04:17.347000,12299,12300,12300,1
2020-08-20,15:04:21.667000,12300,12301,12301,1
2020-08-20,15:04:22.606000,12300,12301,12300,3
2020-08-20,15:04:23.030000,12298,12300,12298,1
2020-08-20,15:04:23.664000,12298,12299,12299,1
2020-08-20,15:04:24.358000,12298,12300,12300,1
2020-08-20,15:04:24.487000,12298,12300,12300,1
2020-08-20,15:04:27.956000,12298,12300,12298,1
2020-08-20,15:04:28.347000,12298,12300,12298,1
2020-08-20,15:04:33.185000,12299,12300,12299,1
2020-08-20,15:04:34.959000,12298,12299,12299,1
2020-08-20,15:04:34.961000,12298,12299,12300,1
2020-08-20,15:04:35.003000,12298,12299,12300,2
2020-08-20,15:04:36.013000,12300,12301,12301,1
2020-08-20,15:04:36.369000,12301,12302,12302,1
2020-08-20,15:04:37.114000,12301,12302,12302,2
2020-08-20,15:04:38.186000,12302,12303,12302,1
2020-08-20,15:04:38.458000,12301,12303,12301,1
2020-08-20,15:04:39.294000,12300,12302,12300,2
2020-08-20,15:04:40.496000,12298,12300,12300,2
2020-08-20,15:04:42.775000,12298,12300,12300,1
2020-08-20,15:04:43.216000,12298,12300,12300,1
2020-08-20,15:04:46.121000,12298,12299,12299,2
2020-08-20,15:04:48.324000,12299,12300,12300,1
2020-08-20,15:04:49.100000,12300,12302,12300,6
2020-08-20,15:04:49.100000,12300,12302,12299,7
2020-08-20,15:04:52.130000,12299,12300,12299,1
2020-08-20,15:04:52.132000,12299,12300,12299,1
2020-08-20,15:04:53.138000,12298,12300,12300,1
2020-08-20,15:05:01.914000,12299,12301,12300,1
2020-08-20,15:05:02.055000,12298,12300,12300,1
2020-08-20,15:05:02.277000,12298,12300,12300,1
2020-08-20,15:05:02.376000,12298,12300,12300,1
2020-08-20,15:05:02.461000,12299,12301,12301,2
2020-08-20,15:05:02.504000,12299,12301,12301,1
2020-08-20,15:05:02.975000,12300,12302,12302,2
2020-08-20,15:05:02.988000,12300,12302,12302,1
2020-08-20,15:05:03.030000,12301,12302,12302,1
2020-08-20,15:05:03.075000,12301,12302,12301,1
2020-08-20,15:05:03.621000,12300,12302,12300,2
2020-08-20,15:05:05.883000,12298,12300,12298,4
2020-08-20,15:05:06.655000,12297,12299,12299,1
2020-08-20,15:05:09.705000,12297,12299,12297,1
2020-08-20,15:05:09.780000,12297,12298,12297,1
2020-08-20,15:05:10.367000,12297,12298,12297,1
2020-08-20,15:05:10.368000,12297,12298,12297,2
2020-08-20,15:05:10.650000,12296,12297,12297,1
2020-08-20,15:05:16.242000,12296,12297,12296,1
2020-08-20,15:05:18.417000,12296,12297,12297,1
2020-08-20,15:05:18.417000,12296,12297,12297,2
2020-08-20,15:05:18.731000,12297,12298,12297,1
2020-08-20,15:05:18.783000,12297,12298,12297,1
2020-08-20,15:05:19.500000,12296,12297,12296,1
2020-08-20,15:05:19.501000,12296,12297,12296,5
2020-08-20,15:05:21.009000,12296,12297,12296,1
2020-08-20,15:05:22.883000,12295,12297,12295,1
2020-08-20,15:05:22.884000,12295,12297,12295,8
2020-08-20,15:05:22.954000,12294,12295,12294,1
2020-08-20,15:05:23.040000,12294,12295,12295,1
2020-08-20,15:05:24.450000,12294,12295,12294,2
2020-08-20,15:05:24.580000,12294,12295,12295,2
2020-08-20,15:05:24.613000,12294,12295,12296,2
2020-08-20,15:05:25.518000,12295,12296,12295,1
2020-08-20,15:05:26.132000,12295,12296,12295,1
2020-08-20,15:05:26.133000,12295,12296,12295,1
2020-08-20,15:05:26.263000,12294,12296,12294,1
2020-08-20,15:05:26.832000,12294,12295,12294,1
2020-08-20,15:05:27.417000,12293,12295,12295,1
2020-08-20,15:05:28.400000,12294,12295,12294,1
2020-08-20,15:05:28.550000,12293,12295,12295,4
2020-08-20,15:05:29.698000,12294,12295,12295,1
2020-08-20,15:05:30.133000,12295,12296,12296,2
2020-08-20,15:05:31.324000,12296,12297,12297,7
2020-08-20,15:05:31.324000,12296,12297,12298,7
2020-08-20,15:05:31.476000,12296,12298,12296,1
2020-08-20,15:05:38.087000,12296,12297,12297,2
2020-08-20,15:05:38.087000,12296,12297,12297,1
2020-08-20,15:05:38.126000,12296,12297,12298,20
2020-08-20,15:05:38.897000,12298,12299,12299,1
2020-08-20,15:05:39.039000,12299,12300,12300,3
2020-08-20,15:05:39.422000,12299,12301,12301,1
2020-08-20,15:05:40.264000,12300,12301,12301,1
2020-08-20,15:05:40.266000,12300,12301,12301,1
2020-08-20,15:05:40.555000,12300,12302,12300,1
2020-08-20,15:05:41.512000,12299,12300,12300,1
2020-08-20,15:05:42.907000,12301,12302,12301,1
2020-08-20,15:05:43.190000,12300,12302,12300,2
2020-08-20,15:05:43.659000,12300,12301,12300,1
2020-08-20,15:05:44.969000,12300,12302,12301,1
2020-08-20,15:05:45.465000,12300,12301,12301,1
2020-08-20,15:05:45.879000,12301,12302,12302,1
2020-08-20,15:05:46.082000,12301,12302,12301,1
2020-08-20,15:05:47.783000,12300,12302,12300,1
2020-08-20,15:05:47.784000,12300,12302,12300,3
2020-08-20,15:05:50.099000,12297,12299,12299,1
2020-08-20,15:05:50.552000,12298,12300,12300,1
2020-08-20,15:05:51.107000,12297,12299,12299,1
2020-08-20,15:05:52.020000,12297,12299,12299,1
2020-08-20,15:05:54.643000,12298,12300,12298,2
2020-08-20,15:05:58.214000,12298,12300,12298,1
2020-08-20,15:05:59.333000,12299,12300,12299,1
2020-08-20,15:06:00.747000,12298,12300,12298,6
2020-08-20,15:06:02.712000,12298,12300,12300,1
2020-08-20,15:06:03.083000,12298,12299,12298,1
2020-08-20,15:06:03.149000,12298,12299,12297,1
2020-08-20,15:06:03.149000,12298,12299,12296,1
2020-08-20,15:06:03.209000,12296,12298,12298,2
2020-08-20,15:06:03.848000,12297,12298,12297,2
2020-08-20,15:06:04.409000,12297,12298,12297,1
2020-08-20,15:06:12.086000,12296,12297,12296,1
2020-08-20,15:06:12.484000,12295,12297,12297,1
2020-08-20,15:06:13.855000,12295,12297,12297,1
2020-08-20,15:06:14.167000,12296,12297,12296,3
2020-08-20,15:06:14.462000,12296,12297,12297,2
2020-08-20,15:06:14.464000,12296,12297,12298,1
2020-08-20,15:06:16.544000,12296,12298,12298,2
2020-08-20,15:06:19.149000,12297,12299,12297,1
2020-08-20,15:06:19.724000,12297,12299,12297,1
2020-08-20,15:06:23.833000,12297,12298,12297,1
2020-08-20,15:06:24.977000,12296,12298,12298,1
2020-08-20,15:06:27.547000,12297,12298,12298,1
2020-08-20,15:06:29.875000,12298,12299,12299,1
2020-08-20,15:06:33.574000,12299,12300,12299,4
2020-08-20,15:06:33.574000,12299,12300,12298,5
2020-08-20,15:06:34.034000,12298,12300,12300,3
2020-08-20,15:06:35.100000,12299,12300,12300,1
2020-08-20,15:06:36.737000,12299,12300,12299,2
2020-08-20,15:06:36.918000,12299,12300,12299,1
2020-08-20,15:06:39.606000,12298,12299,12299,3
2020-08-20,15:06:40.080000,12299,12300,12299,1
2020-08-20,15:06:40.191000,12298,12300,12298,1
2020-08-20,15:06:40.308000,12298,12300,12300,1
2020-08-20,15:06:41.402000,12298,12299,12298,3
2020-08-20,15:06:42.397000,12297,12299,12299,1
2020-08-20,15:06:44.682000,12299,12300,12300,4
2020-08-20,15:06:47.824000,12299,12301,12301,3
2020-08-20,15:06:47.824000,12299,12301,12301,4
2020-08-20,15:06:49.078000,12301,12302,12301,1
2020-08-20,15:06:49.452000,12301,12302,12302,6
2020-08-20,15:06:49.453000,12301,12302,12302,1
2020-08-20,15:06:49.897000,12302,12303,12303,2
2020-08-20,15:06:49.905000,12302,12303,12303,6
2020-08-20,15:06:50.343000,12302,12304,12302,1
2020-08-20,15:06:51.082000,12302,12304,12304,1
2020-08-20,15:06:51.155000,12303,12304,12304,2
2020-08-20,15:06:51.444000,12304,12305,12305,3
2020-08-20,15:06:51.539000,12304,12305,12304,1
2020-08-20,15:06:51.555000,12304,12305,12305,3
2020-08-20,15:06:51.633000,12304,12305,12305,1
2020-08-20,15:06:51.779000,12304,12305,12305,1
2020-08-20,15:06:51.779000,12304,12305,12305,1
2020-08-20,15:06:52.155000,12305,12306,12306,2
2020-08-20,15:06:52.280000,12305,12306,12306,1
2020-08-20,15:06:52.815000,12304,12306,12306,1
2020-08-20,15:06:53.202000,12305,12306,12306,1
2020-08-20,15:06:53.405000,12306,12307,12307,8
2020-08-20,15:06:54.404000,12306,12308,12307,1
2020-08-20,15:06:55.418000,12307,12308,12307,1
2020-08-20,15:06:55.659000,12305,12307,12307,1
2020-08-20,15:06:55.935000,12305,12306,12306,1
2020-08-20,15:06:56.365000,12306,12308,12307,1
2020-08-20,15:06:57.377000,12306,12307,12307,1
2020-08-20,15:06:58.063000,12307,12308,12307,1
2020-08-20,15:07:00.629000,12306,12308,12308,1
2020-08-20,15:07:00.640000,12306,12308,12308,1
2020-08-20,15:07:02.473000,12307,12308,12307,1
2020-08-20,15:07:03.125000,12306,12307,12306,2
2020-08-20,15:07:03.764000,12305,12307,12305,1
2020-08-20,15:07:04.655000,12305,12306,12306,1
2020-08-20,15:07:05.111000,12305,12306,12306,1
2020-08-20,15:07:05.377000,12305,12306,12305,1
2020-08-20,15:07:05.377000,12305,12306,12305,1
2020-08-20,15:07:08.158000,12304,12306,12306,1
2020-08-20,15:07:08.577000,12305,12307,12305,1
2020-08-20,15:07:08.667000,12305,12307,12305,1
2020-08-20,15:07:09.035000,12305,12306,12306,1
2020-08-20,15:07:11.050000,12305,12306,12305,1
2020-08-20,15:07:11.857000,12304,12305,12305,1
2020-08-20,15:07:12.423000,12304,12305,12304,1
2020-08-20,15:07:15.285000,12302,12304,12302,1
2020-08-20,15:07:15.906000,12302,12304,12302,1
2020-08-20,15:07:16.588000,12302,12304,12302,2
2020-08-20,15:07:19.954000,12300,12303,12300,1
2020-08-20,15:07:20.034000,12300,12302,12302,1
2020-08-20,15:07:20.036000,12300,12302,12302,1
2020-08-20,15:07:20.041000,12300,12302,12302,1
2020-08-20,15:07:20.145000,12300,12302,12301,3
2020-08-20,15:07:23.509000,12303,12305,12305,1
2020-08-20,15:07:25.576000,12303,12306,12306,2
2020-08-20,15:07:27.280000,12305,12306,12306,1
2020-08-20,15:07:28.130000,12304,12306,12306,1
2020-08-20,15:07:28.616000,12304,12305,12304,1
2020-08-20,15:07:32.452000,12305,12306,12305,1
2020-08-20,15:07:33.335000,12304,12306,12304,1
2020-08-20,15:07:37.816000,12304,12306,12304,1
2020-08-20,15:07:43.424000,12303,12304,12303,1
2020-08-20,15:07:43.424000,12303,12304,12303,3
2020-08-20,15:07:48.659000,12302,12303,12303,2
2020-08-20,15:07:48.659000,12302,12303,12303,1
2020-08-20,15:07:52.323000,12302,12303,12302,3
2020-08-20,15:07:52.654000,12301,12303,12303,3
2020-08-20,15:07:52.725000,12301,12303,12303,1
2020-08-20,15:07:53.535000,12301,12302,12302,1
2020-08-20,15:07:56.609000,12302,12304,12304,4
2020-08-20,15:07:56.610000,12302,12304,12304,2
2020-08-20,15:07:58.543000,12303,12305,12305,1
2020-08-20,15:07:58.544000,12303,12305,12305,6
2020-08-20,15:07:58.769000,12305,12306,12306,2
2020-08-20,15:07:58.769000,12305,12306,12306,5
2020-08-20,15:08:00.777000,12306,12307,12307,2
2020-08-20,15:08:00.778000,12306,12307,12307,13
2020-08-20,15:08:01.587000,12307,12308,12308,1
2020-08-20,15:08:01.812000,12307,12308,12308,3
2020-08-20,15:08:02.314000,12307,12308,12308,2
2020-08-20,15:08:02.315000,12307,12308,12308,7
2020-08-20,15:08:03.508000,12307,12308,12307,2
2020-08-20,15:08:03.639000,12306,12307,12306,2
2020-08-20,15:08:06.025000,12306,12308,12308,1
2020-08-20,15:08:06.155000,12307,12308,12308,1
2020-08-20,15:08:06.664000,12306,12308,12308,2
2020-08-20,15:08:07.896000,12306,12308,12306,1
2020-08-20,15:08:08.613000,12306,12308,12308,1
2020-08-20,15:08:09.862000,12307,12308,12307,4
2020-08-20,15:08:09.862000,12307,12308,12307,4
2020-08-20,15:08:10.403000,12305,12306,12306,1
2020-08-20,15:08:10.505000,12305,12307,12306,1
2020-08-20,15:08:13.427000,12306,12307,12306,1
2020-08-20,15:08:13.719000,12304,12306,12306,1
2020-08-20,15:08:20.792000,12306,12308,12308,1
2020-08-20,15:08:23.704000,12306,12307,12307,1
2020-08-20,15:08:24.006000,12307,12308,12307,1
2020-08-20,15:08:24.336000,12306,12307,12306,1
2020-08-20,15:08:24.892000,12306,12307,12307,5
2020-08-20,15:08:24.892000,12306,12307,12307,3
2020-08-20,15:08:25.669000,12307,12308,12307,1
2020-08-20,15:08:25.669000,12307,12308,12306,4
2020-08-20,15:08:25.906000,12307,12308,12308,2
2020-08-20,15:08:26.233000,12307,12308,12308,1
2020-08-20,15:08:27.911000,12307,12308,12308,1
2020-08-20,15:08:27.912000,12307,12308,12308,11
2020-08-20,15:08:27.912000,12307,12308,12308,6
2020-08-20,15:08:27.912000,12307,12308,12308,6
2020-08-20,15:08:28.089000,12307,12309,12309,1
2020-08-20,15:08:28.448000,12307,12309,12307,1
2020-08-20,15:08:29.383000,12307,12309,12307,3
2020-08-20,15:08:29.816000,12308,12309,12309,1
2020-08-20,15:08:31.340000,12308,12309,12308,2
2020-08-20,15:08:31.702000,12308,12309,12309,16
2020-08-20,15:08:32.126000,12309,12310,12309,1
2020-08-20,15:08:32.720000,12308,12310,12310,1
2020-08-20,15:08:32.797000,12308,12310,12308,2
2020-08-20,15:08:34.830000,12308,12310,12308,4
2020-08-20,15:08:34.831000,12308,12310,12308,1
2020-08-20,15:08:35.186000,12307,12309,12309,2
2020-08-20,15:08:37.216000,12307,12309,12309,1
2020-08-20,15:08:38.135000,12308,12310,12310,1
2020-08-20,15:08:38.684000,12309,12310,12310,3
2020-08-20,15:08:39.067000,12309,12310,12310,1
2020-08-20,15:08:39.102000,12309,12310,12310,5
2020-08-20,15:08:39.264000,12309,12310,12310,3
2020-08-20,15:08:39.264000,12309,12310,12310,3
2020-08-20,15:08:39.264000,12309,12310,12310,4
2020-08-20,15:08:39.265000,12309,12310,12310,1
2020-08-20,15:08:40.348000,12310,12311,12310,1
2020-08-20,15:08:40.937000,12309,12310,12309,1
2020-08-20,15:08:41.079000,12308,12310,12308,2
2020-08-20,15:08:41.155000,12307,12308,12307,1
2020-08-20,15:08:41.507000,12306,12308,12308,1
2020-08-20,15:08:41.564000,12306,12308,12308,1
2020-08-20,15:08:41.826000,12306,12308,12308,1
2020-08-20,15:08:43.674000,12306,12308,12306,2
2020-08-20,15:08:43.862000,12305,12307,12307,1
2020-08-20,15:08:44.401000,12305,12307,12307,5
2020-08-20,15:08:45.993000,12305,12307,12307,1
2020-08-20,15:08:46.715000,12305,12307,12307,1
2020-08-20,15:08:47.658000,12305,12307,12306,1
2020-08-20,15:08:49.295000,12305,12307,12305,1
2020-08-20,15:08:49.829000,12305,12307,12306,2
2020-08-20,15:08:54.080000,12306,12308,12306,1
2020-08-20,15:09:00.078000,12307,12308,12307,1
2020-08-20,15:09:00.092000,12307,12308,12306,1
2020-08-20,15:09:01.803000,12305,12307,12307,1
2020-08-20,15:09:01.876000,12305,12307,12307,1
2020-08-20,15:09:02.371000,12305,12307,12305,1
2020-08-20,15:09:03.644000,12306,12307,12307,2
2020-08-20,15:09:05.972000,12306,12307,12307,2
2020-08-20,15:09:05.972000,12306,12307,12307,1
2020-08-20,15:09:17.419000,12306,12307,12307,5
2020-08-20,15:09:17.999000,12307,12309,12307,1
2020-08-20,15:09:20.074000,12308,12309,12309,1
2020-08-20,15:09:20.153000,12308,12309,12310,1
2020-08-20,15:09:20.153000,12308,12309,12310,8
2020-08-20,15:09:20.384000,12310,12311,12310,1
2020-08-20,15:09:21.381000,12309,12311,12311,1
2020-08-20,15:09:21.835000,12309,12311,12311,5
2020-08-20,15:09:21.842000,12309,12311,12310,1
2020-08-20,15:09:22.312000,12310,12311,12310,1
2020-08-20,15:09:22.573000,12309,12311,12309,1
2020-08-20,15:09:23.019000,12308,12310,12310,3
2020-08-20,15:09:25.502000,12309,12311,12311,3
2020-08-20,15:09:26.999000,12310,12312,12310,2
2020-08-20,15:09:27.204000,12309,12311,12311,1
2020-08-20,15:09:28.168000,12309,12311,12311,1
2020-08-20,15:09:32.158000,12310,12311,12310,1
2020-08-20,15:09:36.240000,12308,12310,12309,1
2020-08-20,15:09:37.447000,12309,12311,12310,2
2020-08-20,15:09:38.127000,12309,12311,12309,3
2020-08-20,15:09:38.127000,12309,12311,12309,1
2020-08-20,15:09:38.455000,12308,12309,12308,1
2020-08-20,15:09:39.464000,12307,12308,12307,3
2020-08-20,15:09:42.316000,12306,12307,12306,3
2020-08-20,15:09:42.793000,12305,12306,12306,1
2020-08-20,15:09:45.387000,12305,12306,12306,1
2020-08-20,15:09:45.991000,12306,12307,12306,5
2020-08-20,15:09:47.011000,12305,12307,12305,1
2020-08-20,15:09:48.469000,12305,12306,12306,1
2020-08-20,15:09:49.061000,12305,12307,12307,1
2020-08-20,15:09:50.915000,12305,12306,12305,17
2020-08-20,15:09:51.587000,12304,12305,12304,8
2020-08-20,15:09:52.258000,12303,12304,12303,2
2020-08-20,15:09:53.567000,12303,12304,12303,1
2020-08-20,15:09:54.188000,12303,12304,12303,1
2020-08-20,15:09:55.215000,12303,12304,12303,1
2020-08-20,15:09:55.316000,12303,12304,12304,1
2020-08-20,15:09:56.326000,12303,12304,12303,1
2020-08-20,15:09:56.817000,12303,12304,12303,1
2020-08-20,15:09:58.061000,12303,12304,12304,1
2020-08-20,15:10:00.703000,12304,12306,12304,1
2020-08-20,15:10:05.547000,12304,12306,12304,1
2020-08-20,15:10:05.658000,12305,12306,12306,1
2020-08-20,15:10:05.676000,12305,12306,12306,1
2020-08-20,15:10:05.676000,12305,12306,12306,1
2020-08-20,15:10:05.676000,12305,12306,12306,1
2020-08-20,15:10:05.676000,12305,12306,12306,1
2020-08-20,15:10:05.676000,12305,12306,12306,3
2020-08-20,15:10:06.208000,12305,12307,12307,1
2020-08-20,15:10:06.307000,12306,12307,12307,1
2020-08-20,15:10:06.412000,12306,12307,12307,1
2020-08-20,15:10:08.456000,12305,12307,12307,1
2020-08-20,15:10:08.533000,12305,12307,12307,1
2020-08-20,15:10:08.533000,12305,12307,12307,1
2020-08-20,15:10:08.534000,12305,12307,12307,1
2020-08-20,15:10:08.534000,12305,12307,12307,1
2020-08-20,15:10:08.534000,12305,12307,12307,1
2020-08-20,15:10:08.535000,12305,12307,12308,1
2020-08-20,15:10:08.535000,12305,12307,12308,1
2020-08-20,15:10:08.535000,12305,12307,12308,1
2020-08-20,15:10:08.540000,12305,12307,12308,1
2020-08-20,15:10:08.540000,12305,12307,12308,1
2020-08-20,15:10:08.540000,12305,12307,12308,1
2020-08-20,15:10:08.540000,12305,12307,12308,1
2020-08-20,15:10:12.600000,12307,12309,12309,1
2020-08-20,15:10:13.822000,12308,12310,12309,1
2020-08-20,15:10:16.093000,12308,12310,12308,1
2020-08-20,15:10:20.093000,12308,12310,12308,1
2020-08-20,15:10:20.158000,12307,12309,12309,1
2020-08-20,15:10:20.158000,12307,12309,12309,1
2020-08-20,15:10:20.159000,12307,12309,12309,1
2020-08-20,15:10:20.159000,12307,12309,12309,1
2020-08-20,15:10:20.159000,12307,12309,12309,2
2020-08-20,15:10:20.161000,12307,12309,12310,1
2020-08-20,15:10:20.166000,12307,12309,12310,1
2020-08-20,15:10:20.167000,12307,12309,12310,1
2020-08-20,15:10:20.167000,12307,12309,12310,1
2020-08-20,15:10:20.167000,12307,12309,12310,4
2020-08-20,15:10:20.837000,12309,12310,12309,1
2020-08-20,15:10:22.806000,12307,12309,12307,3
2020-08-20,15:10:22.885000,12307,12309,12307,1
2020-08-20,15:10:23.407000,12306,12307,12307,1
2020-08-20,15:10:23.927000,12306,12307,12306,1
2020-08-20,15:10:24.335000,12306,12307,12307,1
2020-08-20,15:10:26.077000,12308,12309,12308,2
2020-08-20,15:10:27.662000,12307,12308,12307,1
2020-08-20,15:10:27.784000,12306,12307,12307,1
2020-08-20,15:10:27.791000,12306,12307,12307,1
2020-08-20,15:10:30.628000,12306,12308,12308,1
2020-08-20,15:10:31.172000,12306,12308,12308,1
2020-08-20,15:10:32.847000,12307,12308,12308,4
2020-08-20,15:10:32.905000,12308,12309,12309,3
2020-08-20,15:10:35.030000,12308,12309,12309,2
2020-08-20,15:10:36.330000,12308,12309,12308,1
2020-08-20,15:10:38.945000,12308,12309,12309,1
2020-08-20,15:10:46.418000,12308,12309,12308,1
2020-08-20,15:10:47.709000,12308,12309,12308,1
2020-08-20,15:10:47.969000,12308,12309,12309,1
2020-08-20,15:10:50.574000,12309,12310,12309,1
2020-08-20,15:10:50.575000,12309,12310,12309,1
2020-08-20,15:10:55.891000,12307,12309,12307,1
2020-08-20,15:11:00.410000,12307,12308,12307,15
2020-08-20,15:11:00.411000,12307,12308,12307,2
2020-08-20,15:11:03.614000,12306,12308,12306,1
2020-08-20,15:11:04.703000,12306,12308,12306,3
2020-08-20,15:11:05.855000,12306,12307,12306,1
2020-08-20,15:11:11.024000,12305,12307,12305,1
2020-08-20,15:11:14.380000,12306,12307,12307,1
2020-08-20,15:11:14.381000,12306,12307,12307,2
2020-08-20,15:11:14.408000,12306,12308,12308,1
2020-08-20,15:11:14.408000,12306,12308,12308,1
2020-08-20,15:11:14.408000,12306,12308,12308,1
2020-08-20,15:11:14.409000,12306,12308,12308,1
2020-08-20,15:11:14.410000,12306,12308,12308,1
2020-08-20,15:11:14.410000,12306,12308,12308,1
2020-08-20,15:11:14.410000,12306,12308,12308,1
2020-08-20,15:11:14.411000,12306,12308,12308,1
2020-08-20,15:11:14.417000,12306,12308,12308,1
2020-08-20,15:11:14.417000,12306,12308,12309,1
2020-08-20,15:11:14.417000,12306,12308,12309,1
2020-08-20,15:11:14.869000,12307,12309,12309,1
2020-08-20,15:11:19.519000,12307,12308,12308,2
2020-08-20,15:11:26.306000,12307,12308,12307,1
2020-08-20,15:11:29.149000,12306,12307,12306,1
2020-08-20,15:11:29.179000,12306,12307,12306,1
2020-08-20,15:11:30.112000,12305,12306,12305,11
2020-08-20,15:11:30.112000,12305,12306,12305,1
2020-08-20,15:11:30.112000,12305,12306,12305,2
2020-08-20,15:11:33.212000,12305,12306,12306,1
2020-08-20,15:11:35.600000,12304,12305,12305,1
2020-08-20,15:11:36.199000,12304,12306,12305,1
2020-08-20,15:11:36.247000,12304,12306,12304,1
2020-08-20,15:11:36.386000,12304,12306,12306,2
2020-08-20,15:11:36.640000,12304,12306,12305,2
2020-08-20,15:11:36.940000,12304,12306,12306,1
2020-08-20,15:11:41.810000,12305,12306,12305,4
2020-08-20,15:11:42.014000,12304,12305,12305,1
2020-08-20,15:11:42.250000,12304,12305,12305,1
2020-08-20,15:11:42.535000,12304,12305,12305,4
2020-08-20,15:11:42.849000,12305,12306,12305,1
2020-08-20,15:11:46.306000,12305,12306,12306,8
2020-08-20,15:11:47.312000,12306,12308,12306,1
2020-08-20,15:11:48.257000,12306,12308,12306,1
2020-08-20,15:11:49.434000,12306,12307,12306,2
2020-08-20,15:11:55.912000,12305,12306,12305,2
2020-08-20,15:12:03.022000,12305,12306,12305,1
2020-08-20,15:12:03.024000,12305,12306,12305,3
2020-08-20,15:12:04.100000,12304,12305,12305,1
2020-08-20,15:12:08.550000,12305,12306,12305,2
2020-08-20,15:12:09.322000,12304,12305,12304,1
2020-08-20,15:12:10.241000,12304,12305,12304,3
2020-08-20,15:12:11.672000,12304,12305,12304,1
2020-08-20,15:12:13.591000,12304,12305,12305,1
2020-08-20,15:12:13.592000,12304,12305,12305,2
2020-08-20,15:12:20.382000,12304,12305,12304,1
2020-08-20,15:12:20.383000,12304,12305,12304,8
2020-08-20,15:12:20.968000,12303,12304,12303,4
2020-08-20,15:12:20.969000,12303,12304,12303,1
2020-08-20,15:12:21.081000,12302,12304,12302,4
2020-08-20,15:12:27.417000,12303,12305,12303,2
2020-08-20,15:12:29.160000,12303,12305,12303,1
2020-08-20,15:12:31.079000,12303,12304,12303,1
2020-08-20,15:12:32.667000,12303,12304,12303,1
2020-08-20,15:12:33.933000,12303,12304,12304,1
2020-08-20,15:12:35.454000,12304,12305,12305,1
2020-08-20,15:12:37.877000,12305,12306,12305,1
2020-08-20,15:12:43.616000,12303,12305,12303,5
2020-08-20,15:12:46.067000,12303,12305,12305,1
2020-08-20,15:12:46.410000,12303,12305,12303,1
2020-08-20,15:12:57.489000,12303,12304,12303,1
2020-08-20,15:12:59.280000,12303,12304,12303,1
2020-08-20,15:12:59.351000,12303,12304,12303,4
2020-08-20,15:12:59.351000,12303,12304,12303,2
2020-08-20,15:13:00.280000,12302,12303,12302,7
2020-08-20,15:13:00.405000,12301,12302,12301,9
2020-08-20,15:13:00.598000,12300,12302,12300,5
2020-08-20,15:13:00.655000,12300,12301,12300,9
2020-08-20,15:13:00.655000,12300,12301,12300,5
2020-08-20,15:13:00.655000,12300,12301,12300,4
2020-08-20,15:13:00.696000,12300,12301,12299,1
2020-08-20,15:13:00.838000,12299,12300,12299,2
2020-08-20,15:13:00.846000,12299,12300,12300,1
2020-08-20,15:13:01.818000,12299,12300,12299,1
2020-08-20,15:13:03.349000,12298,12300,12298,1
2020-08-20,15:13:05.077000,12298,12299,12299,3
2020-08-20,15:13:07.851000,12298,12300,12299,1
2020-08-20,15:13:08.606000,12298,12299,12298,1
2020-08-20,15:13:09.579000,12298,12299,12298,1
2020-08-20,15:13:09.725000,12298,12299,12298,3
2020-08-20,15:13:09.727000,12298,12299,12298,2
2020-08-20,15:13:10.199000,12297,12299,12299,1
2020-08-20,15:13:11.316000,12297,12299,12299,1
2020-08-20,15:13:13.443000,12298,12299,12298,1
2020-08-20,15:13:14.978000,12297,12298,12298,1
2020-08-20,15:13:15.242000,12297,12298,12297,1
2020-08-20,15:13:17.126000,12297,12298,12298,1
2020-08-20,15:13:17.185000,12297,12298,12297,1
2020-08-20,15:13:17.380000,12297,12298,12297,4
2020-08-20,15:13:20.381000,12297,12298,12298,2
2020-08-20,15:13:21.963000,12297,12298,12297,1
2020-08-20,15:13:24.879000,12297,12298,12297,2
2020-08-20,15:13:24.879000,12297,12298,12297,6
2020-08-20,15:13:24.924000,12296,12297,12296,8
2020-08-20,15:13:25.469000,12296,12297,12296,1
2020-08-20,15:13:26.694000,12295,12297,12297,2
2020-08-20,15:13:27.477000,12296,12297,12297,2
2020-08-20,15:13:30.113000,12297,12298,12297,1
2020-08-20,15:13:32.389000,12297,12298,12297,1
2020-08-20,15:13:33.436000,12296,12297,12297,1
2020-08-20,15:13:33.540000,12297,12298,12298,1
2020-08-20,15:13:33.824000,12297,12298,12298,1
2020-08-20,15:13:35.544000,12297,12298,12298,1
2020-08-20,15:13:36.094000,12297,12299,12297,1
2020-08-20,15:13:39.722000,12297,12299,12297,2
2020-08-20,15:13:41.670000,12297,12298,12298,1
2020-08-20,15:13:45.074000,12298,12299,12299,6
2020-08-20,15:13:46.008000,12299,12300,12299,1
2020-08-20,15:13:48.399000,12299,12300,12300,1
2020-08-20,15:13:48.399000,12299,12300,12300,2
2020-08-20,15:13:48.843000,12300,12302,12302,1
2020-08-20,15:13:50.364000,12302,12303,12302,1
2020-08-20,15:13:53.083000,12300,12301,12301,1
2020-08-20,15:13:53.234000,12300,12301,12301,1
2020-08-20,15:13:54.328000,12300,12302,12302,3
2020-08-20,15:13:54.384000,12300,12302,12302,1
2020-08-20,15:13:58.286000,12301,12302,12301,1
2020-08-20,15:14:01.420000,12301,12302,12301,1
2020-08-20,15:14:01.606000,12300,12302,12302,1
2020-08-20,15:14:02.741000,12300,12302,12301,1
2020-08-20,15:14:06.916000,12300,12301,12301,1
2020-08-20,15:14:07.334000,12300,12301,12300,1
2020-08-20,15:14:09.580000,12299,12300,12299,1
2020-08-20,15:14:09.679000,12298,12299,12298,1
2020-08-20,15:14:12.045000,12298,12299,12298,1
2020-08-20,15:14:14.447000,12298,12299,12298,1
2020-08-20,15:14:14.582000,12298,12299,12298,1
2020-08-20,15:14:20.039000,12297,12298,12298,1
2020-08-20,15:14:25.431000,12299,12301,12299,1
2020-08-20,15:14:27.912000,12299,12301,12299,1
2020-08-20,15:14:32.375000,12299,12300,12299,1
2020-08-20,15:14:35.470000,12298,12299,12299,5
2020-08-20,15:14:35.734000,12298,12300,12300,5
2020-08-20,15:14:36.955000,12298,12299,12298,1
2020-08-20,15:14:39.392000,12297,12299,12297,1
2020-08-20,15:14:44.750000,12298,12299,12299,1
2020-08-20,15:14:48.756000,12298,12299,12299,1
2020-08-20,15:14:54.907000,12298,12299,12299,1
2020-08-20,15:14:55,12298,12299,12298,1
2020-08-20,15:14:55.283000,12298,12300,12299,1
2020-08-20,15:14:55.533000,12299,12300,12300,4
2020-08-20,15:14:57.314000,12299,12300,12299,1
2020-08-20,15:15:00.525000,12299,12300,12300,2
2020-08-20,15:15:00.687000,12299,12301,12299,1
2020-08-20,15:15:00.688000,12299,12301,12299,7
2020-08-20,15:15:00.688000,12299,12301,12298,15
2020-08-20,15:15:00.688000,12299,12301,12297,3
2020-08-20,15:15:00.705000,12299,12301,12297,12
2020-08-20,15:15:00.737000,12299,12301,12297,1
2020-08-20,15:15:00.750000,12299,12301,12296,2
2020-08-20,15:15:00.872000,12296,12298,12296,2
2020-08-20,15:15:09.541000,12297,12298,12298,1
2020-08-20,15:15:09.541000,12297,12298,12298,1
2020-08-20,15:15:14.959000,12297,12299,12298,1
2020-08-20,15:15:19.531000,12297,12298,12298,3
2020-08-20,15:15:21.312000,12297,12299,12297,6
2020-08-20,15:15:24.092000,12296,12297,12297,1
2020-08-20,15:15:24.092000,12296,12297,12297,6
2020-08-20,15:15:24.092000,12296,12297,12297,4
2020-08-20,15:15:24.092000,12296,12297,12297,3
2020-08-20,15:15:24.480000,12297,12298,12297,2
2020-08-20,15:15:34.595000,12297,12298,12298,1
2020-08-20,15:15:34.596000,12297,12298,12298,2
2020-08-20,15:15:34.842000,12298,12299,12298,1
2020-08-20,15:15:34.887000,12298,12299,12298,1
2020-08-20,15:15:34.887000,12298,12299,12297,2
2020-08-20,15:15:35.091000,12297,12299,12297,1
2020-08-20,15:15:35.159000,12298,12299,12299,1
2020-08-20,15:15:35.217000,12298,12299,12298,1
2020-08-20,15:15:35.217000,12298,12299,12297,1
2020-08-20,15:15:37.727000,12298,12299,12299,2
2020-08-20,15:15:38.064000,12298,12300,12298,1
2020-08-20,15:15:38.158000,12298,12300,12300,1
2020-08-20,15:15:38.160000,12298,12300,12300,1
2020-08-20,15:15:38.167000,12298,12300,12300,1
2020-08-20,15:15:38.280000,12299,12300,12300,3
2020-08-20,15:15:43.395000,12298,12300,12298,3
2020-08-20,15:15:48.715000,12297,12298,12297,8
2020-08-20,15:15:48.716000,12297,12298,12297,1
2020-08-20,15:15:48.716000,12297,12298,12297,7
2020-08-20,15:15:49.492000,12296,12297,12296,2
2020-08-20,15:15:49.492000,12296,12297,12296,20
2020-08-20,15:15:49.493000,12296,12297,12296,2
2020-08-20,15:15:49.493000,12296,12297,12296,3
2020-08-20,15:15:49.493000,12296,12297,12296,3
2020-08-20,15:15:49.493000,12296,12297,12296,1
2020-08-20,15:15:49.493000,12296,12297,12296,4
2020-08-20,15:15:50.023000,12295,12296,12296,1
2020-08-20,15:15:50.023000,12295,12296,12296,2
2020-08-20,15:15:50.023000,12295,12296,12296,2
2020-08-20,15:15:50.024000,12295,12296,12296,1
2020-08-20,15:15:50.245000,12296,12298,12296,1
2020-08-20,15:15:53.023000,12295,12296,12296,1
2020-08-20,15:15:54.264000,12295,12296,12296,1
2020-08-20,15:15:54.891000,12296,12298,12296,1
2020-08-20,15:15:57.039000,12296,12298,12296,1
2020-08-20,15:16:00.337000,12296,12297,12296,2
2020-08-20,15:16:00.712000,12296,12297,12297,1
2020-08-20,15:16:04.155000,12296,12297,12296,8
2020-08-20,15:16:04.155000,12296,12297,12296,6
2020-08-20,15:16:04.155000,12296,12297,12296,3
2020-08-20,15:16:04.455000,12295,12296,12295,4
2020-08-20,15:16:04.457000,12295,12296,12295,11
2020-08-20,15:16:04.592000,12294,12295,12294,1
2020-08-20,15:16:04.648000,12294,12295,12294,1
2020-08-20,15:16:04.816000,12294,12295,12295,1
2020-08-20,15:16:05.704000,12294,12296,12296,1
2020-08-20,15:16:06.422000,12294,12296,12296,1
2020-08-20,15:16:09.598000,12295,12296,12296,1
2020-08-20,15:16:11.969000,12296,12297,12296,1
2020-08-20,15:16:12.346000,12296,12297,12296,1
2020-08-20,15:16:16.164000,12295,12296,12295,1
2020-08-20,15:16:16.355000,12294,12296,12296,1
2020-08-20,15:16:18.133000,12295,12296,12295,1
2020-08-20,15:16:25.118000,12295,12296,12295,5
2020-08-20,15:16:26.831000,12295,12296,12295,4
2020-08-20,15:16:29.084000,12294,12295,12295,2
2020-08-20,15:16:30.014000,12294,12296,12296,1
2020-08-20,15:16:30.511000,12295,12296,12295,1
2020-08-20,15:16:31.890000,12295,12296,12295,1
2020-08-20,15:16:33.081000,12295,12296,12296,9
2020-08-20,15:16:34.453000,12295,12297,12295,5
2020-08-20,15:16:35.710000,12295,12297,12297,1
2020-08-20,15:16:36.795000,12295,12297,12295,2
2020-08-20,15:16:38.743000,12295,12297,12297,1
2020-08-20,15:16:40.021000,12295,12296,12296,1
2020-08-20,15:16:42.351000,12296,12297,12297,4
2020-08-20,15:16:45.215000,12296,12298,12298,3
2020-08-20,15:16:48.725000,12297,12299,12297,1
2020-08-20,15:16:49.343000,12297,12299,12297,2
2020-08-20,15:16:50.707000,12298,12299,12298,1
2020-08-20,15:16:50.962000,12298,12299,12298,1
2020-08-20,15:16:51.788000,12297,12299,12297,1
2020-08-20,15:16:54.136000,12298,12299,12299,2
2020-08-20,15:16:58.906000,12298,12300,12298,1
2020-08-20,15:16:58.951000,12298,12300,12299,1
2020-08-20,15:17:02.291000,12298,12300,12298,1
2020-08-20,15:17:05.407000,12298,12300,12298,1
2020-08-20,15:17:07.023000,12299,12300,12300,4
2020-08-20,15:17:07.327000,12300,12301,12301,1
2020-08-20,15:17:08.451000,12300,12301,12301,1
2020-08-20,15:17:12.464000,12300,12301,12300,1
2020-08-20,15:17:14.530000,12300,12301,12301,1
2020-08-20,15:17:16.159000,12301,12302,12302,1
2020-08-20,15:17:16.359000,12301,12302,12302,1
2020-08-20,15:17:19.831000,12301,12302,12302,8
2020-08-20,15:17:20.756000,12301,12303,12303,2
2020-08-20,15:17:20.944000,12301,12303,12302,1
2020-08-20,15:17:21.306000,12301,12302,12302,1
2020-08-20,15:17:24.017000,12301,12303,12302,1
2020-08-20,15:17:24.017000,12301,12303,12303,16
2020-08-20,15:17:24.017000,12301,12303,12304,27
2020-08-20,15:17:24.019000,12301,12303,12304,3
2020-08-20,15:17:24.019000,12301,12303,12304,17
2020-08-20,15:17:24.019000,12301,12303,12304,3
2020-08-20,15:17:24.019000,12301,12303,12304,2
2020-08-20,15:17:24.019000,12301,12303,12304,2
2020-08-20,15:17:24.019000,12301,12303,12304,2
2020-08-20,15:17:24.884000,12304,12305,12305,2
2020-08-20,15:17:25.012000,12304,12305,12305,2
2020-08-20,15:17:25.030000,12304,12305,12305,3
2020-08-20,15:17:25.032000,12304,12305,12305,1
2020-08-20,15:17:25.155000,12304,12305,12305,1
2020-08-20,15:17:25.422000,12304,12306,12304,1
2020-08-20,15:17:27.795000,12305,12306,12306,1
2020-08-20,15:17:28.076000,12305,12306,12306,2
2020-08-20,15:17:28.077000,12305,12306,12306,2
2020-08-20,15:17:28.196000,12305,12307,12307,1
2020-08-20,15:17:29.988000,12305,12307,12305,1
2020-08-20,15:17:32.741000,12306,12307,12307,1
2020-08-20,15:17:33.027000,12306,12307,12306,1
2020-08-20,15:17:33.380000,12306,12307,12307,1
2020-08-20,15:17:33.443000,12306,12307,12307,1
2020-08-20,15:17:33.443000,12306,12307,12307,3
2020-08-20,15:17:33.984000,12307,12308,12307,1
2020-08-20,15:17:34.623000,12306,12308,12308,2
2020-08-20,15:17:36.478000,12306,12308,12307,1
2020-08-20,15:17:37.257000,12306,12308,12308,1
2020-08-20,15:17:37.458000,12306,12308,12308,1
2020-08-20,15:17:38.494000,12307,12308,12308,1
2020-08-20,15:17:39.054000,12307,12308,12307,1
2020-08-20,15:17:39.176000,12306,12308,12308,1
2020-08-20,15:17:42.163000,12306,12307,12306,1
2020-08-20,15:17:42.196000,12306,12307,12307,1
2020-08-20,15:17:42.513000,12305,12307,12307,2
2020-08-20,15:17:43.007000,12305,12306,12306,1
2020-08-20,15:17:46.735000,12305,12306,12305,1
2020-08-20,15:17:46.736000,12305,12306,12304,1
2020-08-20,15:17:48.660000,12304,12305,12304,1
2020-08-20,15:17:48.867000,12304,12305,12304,16
2020-08-20,15:18:00.075000,12303,12304,12303,1
2020-08-20,15:18:00.075000,12303,12304,12302,4
2020-08-20,15:18:00.780000,12303,12304,12304,1
2020-08-20,15:18:01.063000,12303,12305,12303,1
2020-08-20,15:18:01.647000,12303,12305,12303,1
2020-08-20,15:18:02.448000,12302,12303,12303,1
2020-08-20,15:18:03.719000,12303,12304,12303,1
2020-08-20,15:18:11.909000,12303,12304,12304,2
2020-08-20,15:18:12.571000,12304,12305,12305,2
2020-08-20,15:18:14.063000,12305,12306,12305,1
2020-08-20,15:18:14.613000,12305,12306,12305,1
2020-08-20,15:18:16.236000,12305,12306,12305,1
2020-08-20,15:18:18.048000,12305,12306,12306,1
2020-08-20,15:18:18.048000,12305,12306,12306,1
2020-08-20,15:18:19.619000,12305,12307,12305,1
2020-08-20,15:18:20.027000,12305,12306,12305,1
2020-08-20,15:18:20.194000,12305,12306,12305,2
2020-08-20,15:18:30.017000,12305,12307,12305,1
2020-08-20,15:18:32.550000,12305,12307,12307,9
2020-08-20,15:18:32.550000,12305,12307,12308,26
2020-08-20,15:18:32.550000,12305,12307,12309,30
2020-08-20,15:18:32.551000,12305,12307,12309,1
2020-08-20,15:18:32.551000,12305,12307,12309,1
2020-08-20,15:18:32.551000,12305,12307,12309,1
2020-08-20,15:18:32.551000,12305,12307,12309,2
2020-08-20,15:18:32.552000,12305,12307,12309,5
2020-08-20,15:18:32.552000,12305,12307,12309,1
2020-08-20,15:18:32.552000,12305,12307,12309,6
2020-08-20,15:18:37.431000,12308,12310,12310,1
2020-08-20,15:18:37.600000,12308,12310,12310,1
2020-08-20,15:18:41.805000,12307,12308,12307,1
2020-08-20,15:18:43.546000,12306,12307,12306,1
2020-08-20,15:18:43.715000,12305,12307,12307,1
2020-08-20,15:18:52.669000,12306,12307,12307,3
2020-08-20,15:18:52.669000,12306,12307,12308,12
2020-08-20,15:18:52.857000,12307,12308,12307,1
2020-08-20,15:18:55.334000,12307,12308,12308,4
2020-08-20,15:18:55.928000,12308,12309,12308,1
2020-08-20,15:18:56.218000,12308,12309,12309,2
2020-08-20,15:18:56.571000,12308,12310,12308,1
2020-08-20,15:18:57.311000,12308,12310,12308,4
2020-08-20,15:19:02.569000,12308,12310,12310,2
2020-08-20,15:19:03.318000,12308,12310,12310,1
2020-08-20,15:19:06.374000,12309,12310,12310,1
2020-08-20,15:19:06.676000,12309,12310,12310,2
2020-08-20,15:19:06.836000,12309,12310,12310,1
2020-08-20,15:19:08.170000,12309,12310,12309,1
2020-08-20,15:19:08.172000,12309,12310,12309,1
2020-08-20,15:19:09.519000,12308,12309,12309,1
2020-08-20,15:19:09.602000,12308,12309,12309,1
2020-08-20,15:19:09.773000,12308,12309,12309,1
2020-08-20,15:19:10.462000,12308,12309,12308,5
2020-08-20,15:19:11.286000,12307,12309,12309,1
2020-08-20,15:19:12.238000,12308,12309,12309,1
2020-08-20,15:19:12.931000,12308,12309,12309,2
2020-08-20,15:19:12.932000,12308,12309,12309,1
2020-08-20,15:19:13.343000,12308,12310,12310,8
2020-08-20,15:19:13.343000,12308,12310,12310,6
2020-08-20,15:19:13.344000,12308,12310,12310,2
2020-08-20,15:19:13.405000,12310,12311,12311,4
2020-08-20,15:19:13.551000,12310,12312,12312,1
2020-08-20,15:19:14.155000,12310,12311,12311,1
2020-08-20,15:19:15.708000,12310,12312,12310,1
2020-08-20,15:19:20.086000,12308,12310,12310,1
2020-08-20,15:19:21.280000,12308,12309,12309,2
2020-08-20,15:19:21.417000,12308,12310,12308,1
2020-08-20,15:19:22.905000,12308,12309,12309,2
2020-08-20,15:19:24.155000,12309,12310,12310,1
2020-08-20,15:19:24.510000,12309,12311,12309,1
2020-08-20,15:19:25.308000,12309,12311,12310,1
2020-08-20,15:19:26.173000,12309,12311,12311,1
2020-08-20,15:19:32.002000,12310,12312,12311,1
2020-08-20,15:19:32.534000,12310,12312,12312,1
2020-08-20,15:19:37.965000,12310,12312,12310,1
2020-08-20,15:19:38.761000,12310,12312,12310,1
2020-08-20,15:19:39.637000,12310,12312,12310,2
2020-08-20,15:19:41.002000,12309,12311,12311,4
2020-08-20,15:19:42.915000,12309,12310,12309,1
2020-08-20,15:19:44.638000,12308,12309,12308,6
2020-08-20,15:19:48.535000,12306,12308,12308,1
2020-08-20,15:19:50.372000,12306,12307,12307,1
2020-08-20,15:19:50.643000,12306,12308,12307,1
2020-08-20,15:19:52.033000,12306,12308,12308,3
2020-08-20,15:19:52.743000,12306,12308,12306,2
2020-08-20,15:19:52.818000,12306,12308,12306,1
2020-08-20,15:19:59.426000,12307,12308,12307,1
2020-08-20,15:20:00.049000,12307,12308,12308,1
2020-08-20,15:20:00.357000,12308,12310,12308,2
2020-08-20,15:20:11.061000,12309,12310,12309,10
2020-08-20,15:20:11.200000,12307,12309,12307,1
2020-08-20,15:20:14.264000,12308,12309,12308,1
2020-08-20,15:20:15.259000,12307,12308,12308,5
2020-08-20,15:20:18.346000,12308,12309,12308,1
2020-08-20,15:20:19.485000,12307,12308,12307,1
2020-08-20,15:20:24.248000,12306,12308,12306,3
2020-08-20,15:20:27.382000,12306,12307,12307,1
2020-08-20,15:20:30.952000,12307,12308,12308,1
2020-08-20,15:20:31.020000,12307,12308,12309,1
2020-08-20,15:20:34.729000,12309,12310,12310,3
2020-08-20,15:20:34.729000,12309,12310,12310,5
2020-08-20,15:20:34.780000,12310,12311,12311,2
2020-08-20,15:20:34.943000,12311,12312,12311,2
2020-08-20,15:20:38.288000,12311,12312,12312,3
2020-08-20,15:20:38.288000,12311,12312,12312,2
2020-08-20,15:20:38.288000,12311,12312,12312,13
2020-08-20,15:20:38.405000,12312,12313,12313,6
2020-08-20,15:20:39.295000,12312,12313,12313,1
2020-08-20,15:20:39.295000,12312,12313,12313,2
2020-08-20,15:20:39.296000,12312,12313,12313,1
2020-08-20,15:20:39.536000,12313,12314,12314,1
2020-08-20,15:20:39.686000,12313,12314,12314,4
2020-08-20,15:20:40.186000,12313,12314,12314,1
2020-08-20,15:20:40.885000,12313,12314,12313,1
2020-08-20,15:20:41.829000,12313,12314,12314,1
2020-08-20,15:20:41.940000,12313,12314,12314,1
2020-08-20,15:20:43.298000,12313,12314,12314,1
2020-08-20,15:20:45.061000,12313,12314,12313,1
2020-08-20,15:20:46.022000,12313,12314,12314,1
2020-08-20,15:20:46.452000,12313,12314,12314,1
2020-08-20,15:20:47.193000,12314,12315,12315,1
2020-08-20,15:20:48.092000,12314,12315,12314,1
2020-08-20,15:20:48.108000,12314,12315,12314,1
2020-08-20,15:20:48.507000,12314,12315,12314,1
2020-08-20,15:20:48.813000,12314,12315,12315,2
2020-08-20,15:20:49.708000,12314,12315,12315,1
2020-08-20,15:20:49.970000,12314,12315,12314,1
2020-08-20,15:20:50.501000,12314,12315,12314,4
2020-08-20,15:20:51.963000,12313,12314,12313,1
2020-08-20,15:20:51.966000,12313,12314,12313,7
2020-08-20,15:20:52.062000,12312,12314,12314,1
2020-08-20,15:20:53.431000,12313,12314,12313,1
2020-08-20,15:20:53.601000,12312,12314,12314,1
2020-08-20,15:20:54.685000,12312,12314,12314,1
2020-08-20,15:20:56.230000,12312,12314,12314,1
2020-08-20,15:20:56.498000,12312,12314,12314,1
2020-08-20,15:20:58.722000,12313,12314,12314,1
2020-08-20,15:20:58.722000,12313,12314,12315,1
2020-08-20,15:21:01.768000,12313,12315,12315,3
2020-08-20,15:21:02.069000,12313,12315,12315,1
2020-08-20,15:21:02.168000,12313,12315,12315,1
2020-08-20,15:21:02.168000,12313,12315,12315,1
2020-08-20,15:21:02.178000,12313,12315,12315,2
2020-08-20,15:21:02.180000,12313,12315,12315,1
2020-08-20,15:21:02.182000,12313,12315,12315,2
2020-08-20,15:21:02.183000,12313,12315,12315,1
2020-08-20,15:21:02.183000,12313,12315,12315,3
2020-08-20,15:21:02.183000,12313,12315,12315,11
2020-08-20,15:21:02.194000,12313,12315,12316,1
2020-08-20,15:21:02.194000,12313,12315,12316,1
2020-08-20,15:21:02.194000,12313,12315,12316,1
2020-08-20,15:21:02.230000,12313,12315,12314,1
2020-08-20,15:21:03.033000,12314,12316,12314,1
2020-08-20,15:21:03.325000,12314,12316,12314,1
2020-08-20,15:21:03.485000,12314,12315,12315,1
2020-08-20,15:21:04.069000,12314,12315,12314,3
2020-08-20,15:21:04.386000,12312,12314,12312,1
2020-08-20,15:21:06.389000,12314,12315,12315,2
2020-08-20,15:21:07.472000,12315,12316,12316,1
2020-08-20,15:21:07.474000,12315,12316,12316,16
2020-08-20,15:21:07.534000,12316,12317,12317,1
2020-08-20,15:21:07.534000,12316,12317,12317,1
2020-08-20,15:21:07.534000,12316,12317,12317,1
2020-08-20,15:21:07.534000,12316,12317,12318,1
2020-08-20,15:21:07.534000,12316,12317,12318,3
2020-08-20,15:21:07.535000,12316,12317,12318,1
2020-08-20,15:21:07.535000,12316,12317,12319,1
2020-08-20,15:21:07.536000,12316,12317,12319,1
2020-08-20,15:21:07.536000,12316,12317,12319,1
2020-08-20,15:21:07.542000,12316,12317,12319,1
2020-08-20,15:21:07.542000,12316,12317,12319,1
2020-08-20,15:21:07.543000,12316,12317,12319,1
2020-08-20,15:21:07.543000,12316,12317,12319,1
2020-08-20,15:21:07.651000,12316,12317,12320,1
2020-08-20,15:21:07.664000,12318,12320,12318,1
2020-08-20,15:21:07.680000,12318,12320,12320,1
2020-08-20,15:21:07.724000,12318,12320,12320,1
2020-08-20,15:21:07.738000,12318,12320,12320,1
2020-08-20,15:21:07.816000,12319,12320,12320,1
2020-08-20,15:21:07.829000,12319,12320,12320,5
2020-08-20,15:21:07.829000,12319,12320,12320,4
2020-08-20,15:21:07.829000,12319,12320,12320,1
2020-08-20,15:21:07.831000,12319,12320,12320,34
2020-08-20,15:21:07.831000,12319,12320,12321,1
2020-08-20,15:21:07.831000,12319,12320,12321,1
2020-08-20,15:21:07.887000,12319,12320,12322,3
2020-08-20,15:21:07.947000,12321,12322,12322,1
2020-08-20,15:21:07.964000,12321,12322,12322,1
2020-08-20,15:21:07.975000,12321,12322,12322,1
2020-08-20,15:21:08.037000,12321,12322,12321,5
2020-08-20,15:21:08.216000,12320,12322,12322,2
2020-08-20,15:21:08.218000,12320,12322,12322,1
2020-08-20,15:21:08.278000,12320,12322,12322,1
2020-08-20,15:21:08.335000,12320,12322,12322,3
2020-08-20,15:21:08.413000,12320,12322,12322,3
2020-08-20,15:21:08.677000,12321,12323,12323,1
2020-08-20,15:21:08.791000,12322,12323,12323,4
2020-08-20,15:21:08.913000,12322,12323,12323,1
2020-08-20,15:21:08.936000,12322,12323,12323,2
2020-08-20,15:21:09.030000,12322,12323,12322,1
2020-08-20,15:21:10.386000,12320,12322,12322,1
2020-08-20,15:21:10.489000,12320,12322,12322,1
2020-08-20,15:21:10.626000,12320,12322,12320,1
2020-08-20,15:21:10.627000,12320,12322,12320,6
2020-08-20,15:21:10.694000,12319,12321,12321,1
2020-08-20,15:21:11.333000,12319,12321,12321,1
2020-08-20,15:21:12.095000,12318,12320,12320,1
2020-08-20,15:21:13.369000,12319,12320,12320,1
2020-08-20,15:21:14.977000,12320,12322,12322,1
2020-08-20,15:21:15.257000,12321,12322,12321,1
2020-08-20,15:21:15.703000,12321,12322,12322,2
2020-08-20,15:21:16.737000,12321,12322,12322,1
2020-08-20,15:21:17.364000,12321,12322,12322,1
2020-08-20,15:21:17.408000,12321,12323,12323,1
2020-08-20,15:21:17.408000,12321,12323,12323,1
2020-08-20,15:21:17.408000,12321,12323,12323,1
2020-08-20,15:21:17.408000,12321,12323,12323,2
2020-08-20,15:21:17.408000,12321,12323,12323,2
2020-08-20,15:21:17.408000,12321,12323,12323,3
2020-08-20,15:21:17.409000,12321,12323,12324,1
2020-08-20,15:21:17.410000,12321,12323,12324,1
2020-08-20,15:21:17.410000,12321,12323,12324,1
2020-08-20,15:21:17.411000,12321,12323,12324,1
2020-08-20,15:21:17.412000,12321,12323,12324,1
2020-08-20,15:21:17.412000,12321,12323,12324,1
2020-08-20,15:21:17.412000,12321,12323,12324,1
2020-08-20,15:21:17.412000,12321,12323,12324,2
2020-08-20,15:21:17.412000,12321,12323,12324,4
2020-08-20,15:21:17.413000,12321,12323,12324,1
2020-08-20,15:21:17.413000,12321,12323,12325,1
2020-08-20,15:21:17.413000,12321,12323,12325,1
2020-08-20,15:21:17.417000,12321,12323,12325,1
2020-08-20,15:21:17.419000,12321,12323,12325,2
2020-08-20,15:21:17.419000,12321,12323,12325,1
2020-08-20,15:21:17.421000,12321,12323,12325,3
2020-08-20,15:21:17.587000,12324,12325,12324,1
2020-08-20,15:21:17.952000,12322,12324,12322,1
2020-08-20,15:21:18.326000,12322,12324,12324,2
2020-08-20,15:21:18.350000,12322,12324,12322,1
2020-08-20,15:21:18.752000,12322,12324,12324,1
2020-08-20,15:21:18.928000,12322,12324,12324,2
2020-08-20,15:21:19.059000,12322,12324,12324,1
2020-08-20,15:21:19.503000,12323,12324,12323,3
2020-08-20,15:21:19.723000,12322,12323,12323,1
2020-08-20,15:21:19.724000,12322,12323,12323,2
2020-08-20,15:21:19.968000,12323,12324,12323,1
2020-08-20,15:21:20.054000,12323,12324,12324,1
2020-08-20,15:21:20.586000,12323,12324,12324,1
2020-08-20,15:21:20.859000,12323,12324,12323,1
2020-08-20,15:21:20.885000,12323,12324,12324,1
2020-08-20,15:21:21.511000,12323,12324,12324,1
2020-08-20,15:21:21.597000,12323,12324,12323,11
2020-08-20,15:21:21.597000,12323,12324,12322,4
2020-08-20,15:21:22.048000,12322,12323,12323,1
2020-08-20,15:21:22.131000,12322,12323,12323,1
2020-08-20,15:21:22.510000,12322,12324,12322,1
2020-08-20,15:21:23.673000,12323,12324,12324,1
2020-08-20,15:21:23.673000,12323,12324,12324,2
2020-08-20,15:21:23.673000,12323,12324,12324,1
2020-08-20,15:21:23.680000,12323,12324,12324,3
2020-08-20,15:21:23.972000,12324,12325,12324,1
2020-08-20,15:21:24.422000,12324,12325,12324,1
2020-08-20,15:21:24.734000,12323,12324,12324,1
2020-08-20,15:21:24.759000,12323,12324,12324,2
2020-08-20,15:21:26.373000,12324,12325,12325,2
2020-08-20,15:21:26.587000,12324,12325,12325,1
2020-08-20,15:21:26.645000,12324,12325,12324,1
2020-08-20,15:21:27.118000,12323,12325,12325,5
2020-08-20,15:21:27.158000,12323,12325,12325,1
2020-08-20,15:21:27.159000,12323,12325,12325,1
2020-08-20,15:21:27.159000,12323,12325,12325,2
2020-08-20,15:21:27.166000,12323,12325,12325,1
2020-08-20,15:21:27.167000,12323,12325,12325,1
2020-08-20,15:21:27.167000,12323,12325,12325,1
2020-08-20,15:21:27.169000,12323,12325,12325,1
2020-08-20,15:21:27.355000,12324,12325,12325,4
2020-08-20,15:21:27.355000,12324,12325,12326,1
2020-08-20,15:21:27.575000,12324,12326,12326,1
2020-08-20,15:21:27.593000,12324,12326,12326,5
2020-08-20,15:21:27.622000,12324,12326,12326,1
2020-08-20,15:21:27.805000,12325,12326,12326,4
2020-08-20,15:21:27.805000,12325,12326,12327,1
2020-08-20,15:21:28.036000,12326,12327,12327,1
2020-08-20,15:21:28.613000,12325,12327,12327,1
2020-08-20,15:21:29.059000,12326,12327,12327,2
2020-08-20,15:21:29.656000,12326,12328,12326,3
2020-08-20,15:21:30.010000,12326,12327,12327,1
2020-08-20,15:21:30.190000,12326,12328,12328,4
2020-08-20,15:21:30.555000,12326,12327,12327,1
2020-08-20,15:21:30.555000,12326,12327,12328,4
2020-08-20,15:21:31.391000,12327,12328,12328,1
2020-08-20,15:21:31.424000,12327,12328,12328,3
2020-08-20,15:21:32.294000,12327,12328,12328,5
2020-08-20,15:21:32.457000,12327,12328,12328,2
2020-08-20,15:21:32.457000,12327,12328,12328,4
2020-08-20,15:21:32.458000,12327,12328,12328,1
2020-08-20,15:21:32.458000,12327,12328,12328,1
2020-08-20,15:21:32.458000,12327,12328,12328,1
2020-08-20,15:21:32.458000,12327,12328,12328,2
2020-08-20,15:21:33.248000,12328,12329,12329,1
2020-08-20,15:21:33.250000,12328,12329,12329,1
2020-08-20,15:21:33.367000,12328,12329,12328,2
2020-08-20,15:21:33.533000,12327,12328,12328,2
2020-08-20,15:21:33.883000,12327,12328,12327,1
2020-08-20,15:21:34.065000,12327,12328,12328,2
2020-08-20,15:21:34.147000,12327,12328,12328,1
2020-08-20,15:21:35.258000,12327,12329,12329,1
2020-08-20,15:21:35.506000,12327,12329,12328,1
2020-08-20,15:21:35.704000,12328,12329,12329,1
2020-08-20,15:21:36.812000,12328,12329,12328,1
2020-08-20,15:21:37.409000,12328,12329,12328,1
2020-08-20,15:21:37.496000,12328,12329,12329,5
2020-08-20,15:21:37.534000,12327,12329,12329,1
2020-08-20,15:21:37.534000,12327,12329,12329,1
2020-08-20,15:21:37.542000,12327,12329,12329,1
2020-08-20,15:21:38.184000,12328,12329,12329,1
2020-08-20,15:21:38.544000,12328,12329,12328,1
2020-08-20,15:21:38.567000,12328,12329,12329,7
2020-08-20,15:21:38.568000,12328,12329,12329,3
2020-08-20,15:21:38.716000,12327,12329,12327,1
2020-08-20,15:21:40.216000,12327,12329,12329,5
2020-08-20,15:21:40.295000,12327,12329,12327,1
2020-08-20,15:21:40.567000,12327,12329,12327,3
2020-08-20,15:21:41.109000,12328,12329,12329,1
2020-08-20,15:21:41.426000,12328,12329,12328,1
2020-08-20,15:21:41.762000,12327,12329,12327,1
2020-08-20,15:21:42.114000,12327,12328,12328,1
2020-08-20,15:21:44.350000,12327,12328,12328,3
2020-08-20,15:21:44.968000,12328,12329,12328,1
2020-08-20,15:21:45.213000,12327,12329,12329,2
2020-08-20,15:21:45.919000,12327,12328,12328,1
2020-08-20,15:21:46.857000,12328,12329,12328,1
2020-08-20,15:21:46.884000,12328,12329,12328,1
2020-08-20,15:21:47.185000,12328,12329,12329,1
2020-08-20,15:21:47.186000,12328,12329,12329,1
2020-08-20,15:21:47.464000,12329,12330,12329,3
2020-08-20,15:21:49.354000,12328,12329,12328,1
2020-08-20,15:21:50.256000,12327,12329,12329,1
2020-08-20,15:21:50.969000,12327,12329,12327,2
2020-08-20,15:21:50.982000,12327,12329,12329,1
2020-08-20,15:21:51.254000,12328,12329,12329,1
2020-08-20,15:21:51.458000,12328,12330,12330,5
2020-08-20,15:21:53.338000,12329,12330,12329,1
2020-08-20,15:21:53.662000,12329,12330,12330,1
2020-08-20,15:21:53.853000,12329,12330,12330,1
2020-08-20,15:21:54.588000,12329,12330,12330,5
2020-08-20,15:21:54.588000,12329,12330,12330,6
2020-08-20,15:21:54.588000,12329,12330,12330,1
2020-08-20,15:21:54.588000,12329,12330,12330,3
2020-08-20,15:21:54.588000,12329,12330,12330,2
2020-08-20,15:21:54.588000,12329,12330,12330,1
2020-08-20,15:21:54.990000,12330,12331,12330,2
2020-08-20,15:21:56.243000,12329,12330,12330,1
2020-08-20,15:21:56.677000,12329,12330,12329,1
2020-08-20,15:21:56.913000,12329,12330,12330,1
2020-08-20,15:21:57.284000,12330,12331,12330,1
2020-08-20,15:21:57.542000,12329,12330,12330,2
2020-08-20,15:21:57.633000,12329,12330,12329,1
2020-08-20,15:21:57.977000,12329,12330,12329,1
2020-08-20,15:21:58.223000,12329,12330,12329,2
2020-08-20,15:21:58.744000,12328,12330,12330,1
2020-08-20,15:21:58.898000,12328,12330,12330,1
2020-08-20,15:22:00.048000,12328,12329,12329,2
2020-08-20,15:22:00.361000,12328,12329,12329,1
2020-08-20,15:22:01.040000,12328,12329,12328,1
2020-08-20,15:22:01.235000,12328,12329,12328,1
2020-08-20,15:22:01.280000,12328,12329,12328,6
2020-08-20,15:22:01.681000,12327,12328,12327,1
2020-08-20,15:22:02.095000,12327,12328,12327,1
2020-08-20,15:22:02.293000,12327,12328,12327,1
2020-08-20,15:22:02.359000,12327,12328,12327,1
2020-08-20,15:22:02.530000,12327,12328,12327,4
2020-08-20,15:22:02.853000,12326,12328,12326,1
2020-08-20,15:22:02.880000,12326,12328,12328,1
2020-08-20,15:22:02.980000,12326,12328,12328,9
2020-08-20,15:22:02.980000,12326,12328,12328,4
2020-08-20,15:22:02.981000,12326,12328,12328,7
2020-08-20,15:22:02.981000,12326,12328,12328,1
2020-08-20,15:22:03.844000,12327,12329,12327,1
2020-08-20,15:22:05.201000,12326,12328,12328,2
2020-08-20,15:22:08.383000,12327,12329,12327,1
2020-08-20,15:22:09.965000,12327,12329,12328,1
2020-08-20,15:22:11.059000,12327,12328,12328,1
2020-08-20,15:22:12.812000,12326,12328,12327,1
2020-08-20,15:22:13.432000,12326,12328,12328,1
2020-08-20,15:22:15.880000,12327,12328,12328,2
2020-08-20,15:22:16.359000,12328,12329,12328,1
2020-08-20,15:22:16.742000,12328,12329,12329,5
2020-08-20,15:22:16.784000,12328,12329,12329,2
2020-08-20,15:22:16.942000,12328,12329,12328,1
2020-08-20,15:22:17.021000,12328,12329,12329,2
2020-08-20,15:22:17.021000,12328,12329,12330,3
2020-08-20,15:22:17.237000,12329,12330,12330,5
2020-08-20,15:22:17.918000,12329,12330,12330,4
2020-08-20,15:22:18.591000,12330,12331,12331,5
2020-08-20,15:22:18.684000,12330,12331,12331,1
2020-08-20,15:22:18.702000,12330,12331,12330,1
2020-08-20,15:22:18.822000,12330,12331,12331,3
2020-08-20,15:22:18.822000,12330,12331,12332,2
2020-08-20,15:22:19,12330,12331,12331,1
2020-08-20,15:22:19.038000,12330,12332,12332,5
2020-08-20,15:22:19.094000,12330,12332,12332,2
2020-08-20,15:22:19.326000,12331,12332,12331,4
2020-08-20,15:22:19.457000,12330,12331,12330,1
2020-08-20,15:22:19.582000,12330,12331,12331,5
2020-08-20,15:22:20.136000,12331,12332,12331,1
2020-08-20,15:22:20.262000,12330,12332,12332,5
2020-08-20,15:22:20.478000,12331,12332,12332,2
2020-08-20,15:22:20.478000,12331,12332,12333,3
2020-08-20,15:22:20.527000,12331,12332,12331,4
2020-08-20,15:22:20.568000,12331,12332,12332,1
2020-08-20,15:22:20.693000,12331,12332,12332,5
2020-08-20,15:22:21.041000,12331,12332,12332,1
2020-08-20,15:22:21.688000,12332,12333,12332,1
2020-08-20,15:22:24.150000,12331,12332,12332,1
2020-08-20,15:22:24.315000,12331,12332,12331,2
2020-08-20,15:22:24.315000,12331,12332,12330,1
2020-08-20,15:22:24.784000,12330,12331,12331,1
2020-08-20,15:22:24.863000,12330,12331,12331,2
2020-08-20,15:22:25.137000,12330,12331,12330,2
2020-08-20,15:22:25.796000,12328,12329,12329,1
2020-08-20,15:22:25.919000,12328,12330,12330,1
2020-08-20,15:22:25.947000,12328,12330,12328,1
2020-08-20,15:22:26.436000,12328,12330,12330,1
2020-08-20,15:22:26.597000,12328,12330,12330,1
2020-08-20,15:22:27.020000,12328,12330,12330,1
2020-08-20,15:22:27.473000,12328,12330,12328,1
2020-08-20,15:22:27.746000,12328,12329,12329,2
2020-08-20,15:22:28.907000,12329,12330,12329,3
2020-08-20,15:22:29.023000,12329,12330,12330,1
2020-08-20,15:22:30.138000,12329,12330,12329,7
2020-08-20,15:22:30.426000,12328,12329,12329,4
2020-08-20,15:22:30.426000,12328,12329,12330,1
2020-08-20,15:22:31.252000,12328,12329,12329,1
2020-08-20,15:22:34.273000,12328,12330,12329,1
2020-08-20,15:22:41.087000,12328,12329,12328,9
2020-08-20,15:22:42.337000,12327,12328,12327,1
2020-08-20,15:22:42.405000,12327,12328,12327,1
2020-08-20,15:22:42.769000,12326,12328,12326,1
2020-08-20,15:22:43.126000,12326,12328,12326,1
2020-08-20,15:22:43.155000,12326,12327,12326,3
2020-08-20,15:22:43.610000,12325,12327,12325,1
2020-08-20,15:22:43.709000,12325,12326,12325,1
2020-08-20,15:22:44.136000,12325,12326,12325,1
2020-08-20,15:22:44.371000,12325,12326,12325,1
2020-08-20,15:22:44.401000,12325,12326,12325,1
2020-08-20,15:22:44.401000,12325,12326,12325,3
2020-08-20,15:22:44.401000,12325,12326,12325,2
2020-08-20,15:22:45.818000,12325,12327,12325,1
2020-08-20,15:22:48.152000,12324,12326,12324,1
2020-08-20,15:22:48.646000,12324,12325,12325,1
2020-08-20,15:22:48.846000,12324,12325,12324,3
2020-08-20,15:22:49.053000,12324,12325,12324,1
2020-08-20,15:22:49.054000,12324,12325,12324,3
2020-08-20,15:22:49.136000,12324,12325,12325,9
2020-08-20,15:22:49.136000,12324,12325,12326,3
2020-08-20,15:22:49.211000,12324,12326,12325,1
2020-08-20,15:22:49.211000,12324,12326,12325,1
2020-08-20,15:22:50.618000,12325,12326,12326,1
2020-08-20,15:22:50.740000,12325,12327,12325,1
2020-08-20,15:22:51.449000,12325,12327,12325,1
2020-08-20,15:22:53.229000,12325,12326,12325,3
2020-08-20,15:22:53.426000,12325,12326,12326,1
2020-08-20,15:22:54.620000,12325,12326,12326,1
2020-08-20,15:22:58.004000,12326,12327,12327,1
2020-08-20,15:22:59.471000,12326,12328,12327,1
2020-08-20,15:22:59.597000,12326,12328,12326,1
2020-08-20,15:23:02.133000,12327,12328,12327,10
2020-08-20,15:23:04.134000,12326,12328,12326,2
2020-08-20,15:23:04.917000,12326,12328,12326,2
2020-08-20,15:23:05.613000,12326,12327,12326,2
2020-08-20,15:23:05.652000,12326,12327,12326,1
2020-08-20,15:23:07.155000,12326,12327,12326,1
2020-08-20,15:23:13.730000,12325,12326,12325,1
2020-08-20,15:23:14.345000,12325,12326,12325,7
2020-08-20,15:23:15.227000,12324,12325,12324,1
2020-08-20,15:23:15.376000,12324,12325,12324,4
2020-08-20,15:23:15.548000,12323,12324,12324,1
2020-08-20,15:23:16.828000,12323,12324,12324,1
2020-08-20,15:23:17.244000,12323,12324,12323,1
2020-08-20,15:23:17.311000,12323,12324,12323,1
2020-08-20,15:23:17.456000,12323,12324,12323,1
2020-08-20,15:23:17.530000,12323,12324,12323,4
2020-08-20,15:23:18.595000,12322,12324,12322,1
2020-08-20,15:23:19.766000,12322,12324,12324,1
2020-08-20,15:23:21.952000,12322,12323,12322,1
2020-08-20,15:23:22.030000,12322,12323,12322,4
2020-08-20,15:23:22.655000,12321,12322,12321,3
2020-08-20,15:23:22.655000,12321,12322,12321,2
2020-08-20,15:23:22.824000,12320,12322,12320,1
2020-08-20,15:23:23.074000,12320,12322,12320,1
2020-08-20,15:23:23.085000,12320,12322,12320,1
2020-08-20,15:23:23.170000,12320,12322,12320,1
2020-08-20,15:23:23.335000,12320,12322,12320,1
2020-08-20,15:23:24.237000,12320,12322,12320,1
2020-08-20,15:23:24.595000,12320,12321,12321,1
2020-08-20,15:23:25.653000,12320,12321,12320,1
2020-08-20,15:23:27.341000,12319,12321,12321,4
2020-08-20,15:23:27.738000,12320,12322,12320,1
2020-08-20,15:23:30.119000,12321,12322,12321,1
2020-08-20,15:23:30.119000,12321,12322,12320,2
2020-08-20,15:23:30.697000,12320,12322,12320,1
2020-08-20,15:23:30.787000,12320,12322,12322,1
2020-08-20,15:23:31.193000,12320,12322,12322,3
2020-08-20,15:23:31.736000,12321,12323,12321,1
2020-08-20,15:23:32.119000,12320,12322,12322,1
2020-08-20,15:23:32.647000,12320,12322,12320,1
2020-08-20,15:23:33.411000,12320,12322,12320,1
2020-08-20,15:23:34.449000,12320,12322,12320,1
2020-08-20,15:23:35.520000,12320,12322,12322,1
2020-08-20,15:23:36.216000,12321,12322,12322,1
2020-08-20,15:23:39.995000,12323,12324,12323,1
2020-08-20,15:23:41.004000,12323,12324,12323,1
2020-08-20,15:23:41.431000,12323,12324,12324,8
2020-08-20,15:23:41.622000,12323,12325,12325,1
2020-08-20,15:23:41.639000,12323,12325,12323,1
2020-08-20,15:23:44.546000,12324,12325,12325,3
2020-08-20,15:23:45.154000,12324,12325,12325,1
2020-08-20,15:23:45.371000,12324,12325,12324,4
2020-08-20,15:23:45.444000,12323,12324,12323,1
2020-08-20,15:23:45.504000,12323,12324,12323,1
2020-08-20,15:23:50.143000,12323,12324,12323,1
2020-08-20,15:23:54.141000,12322,12324,12324,6
2020-08-20,15:23:54.141000,12322,12324,12325,15
2020-08-20,15:23:54.706000,12323,12325,12323,1
2020-08-20,15:23:56.172000,12323,12324,12323,1
2020-08-20,15:23:57.686000,12323,12324,12323,1
2020-08-20,15:23:58.326000,12322,12324,12324,9
2020-08-20,15:24:03.060000,12325,12326,12326,1
2020-08-20,15:24:03.263000,12325,12326,12326,3
2020-08-20,15:24:03.280000,12325,12326,12326,7
2020-08-20,15:24:03.746000,12325,12327,12327,1
2020-08-20,15:24:03.781000,12325,12327,12327,1
2020-08-20,15:24:03.867000,12325,12327,12327,1
2020-08-20,15:24:04.176000,12326,12327,12326,3
2020-08-20,15:24:04.876000,12325,12327,12327,1
2020-08-20,15:24:07.496000,12325,12327,12327,3
2020-08-20,15:24:10.217000,12327,12328,12328,1
2020-08-20,15:24:10.280000,12327,12328,12328,6
2020-08-20,15:24:11.155000,12328,12329,12329,2
2020-08-20,15:24:12.632000,12329,12330,12329,1
2020-08-20,15:24:13.405000,12329,12330,12330,8
2020-08-20,15:24:14.323000,12329,12331,12331,1
2020-08-20,15:24:14.713000,12329,12331,12329,1
2020-08-20,15:24:15.281000,12328,12330,12330,2
2020-08-20,15:24:15.310000,12328,12330,12330,1
2020-08-20,15:24:16.367000,12329,12330,12330,1
2020-08-20,15:24:17.888000,12328,12330,12330,1
2020-08-20,15:24:19.786000,12328,12330,12330,1
2020-08-20,15:24:22.423000,12328,12330,12330,1
2020-08-20,15:24:22.616000,12328,12330,12330,1
2020-08-20,15:24:23.789000,12329,12330,12330,1
2020-08-20,15:24:24.489000,12329,12330,12329,1
2020-08-20,15:24:24.729000,12328,12329,12329,1
2020-08-20,15:24:26.115000,12328,12330,12330,5
2020-08-20,15:24:26.728000,12329,12330,12330,1
2020-08-20,15:24:27.406000,12329,12330,12329,1
2020-08-20,15:24:27.533000,12329,12330,12330,1
2020-08-20,15:24:27.533000,12329,12330,12330,1
2020-08-20,15:24:27.534000,12329,12330,12331,1
2020-08-20,15:24:27.534000,12329,12330,12331,1
2020-08-20,15:24:27.534000,12329,12330,12331,1
2020-08-20,15:24:27.535000,12329,12330,12331,1
2020-08-20,15:24:27.535000,12329,12330,12331,1
2020-08-20,15:24:27.536000,12329,12330,12331,1
2020-08-20,15:24:27.542000,12329,12330,12332,1
2020-08-20,15:24:27.542000,12329,12330,12332,1
2020-08-20,15:24:27.542000,12329,12330,12332,1
2020-08-20,15:24:27.544000,12329,12330,12332,1
2020-08-20,15:24:27.764000,12331,12332,12332,1
2020-08-20,15:24:27.780000,12331,12332,12332,3
2020-08-20,15:24:27.885000,12331,12332,12331,1
2020-08-20,15:24:29.439000,12330,12332,12332,6
2020-08-20,15:24:30.225000,12332,12333,12333,1
2020-08-20,15:24:30.286000,12332,12333,12333,1
2020-08-20,15:24:31.050000,12332,12333,12333,1
2020-08-20,15:24:31.473000,12332,12333,12332,1
2020-08-20,15:24:31.728000,12332,12333,12333,9
2020-08-20,15:24:32.111000,12332,12333,12333,1
2020-08-20,15:24:32.387000,12332,12333,12333,4
2020-08-20,15:24:32.388000,12332,12333,12333,1
2020-08-20,15:24:32.388000,12332,12333,12333,2
2020-08-20,15:24:33.684000,12333,12334,12334,4
2020-08-20,15:24:33.786000,12333,12334,12334,1
2020-08-20,15:24:33.930000,12333,12334,12333,1
2020-08-20,15:24:34.070000,12333,12334,12334,1
2020-08-20,15:24:34.768000,12333,12334,12333,1
2020-08-20,15:24:34.987000,12333,12334,12333,1
2020-08-20,15:24:35.808000,12332,12333,12333,1
2020-08-20,15:24:36.074000,12332,12334,12334,1
2020-08-20,15:24:36.116000,12332,12334,12332,5
2020-08-20,15:24:36.985000,12332,12333,12333,1
2020-08-20,15:24:37.077000,12332,12333,12333,1
2020-08-20,15:24:37.323000,12332,12333,12333,1
2020-08-20,15:24:38.005000,12333,12334,12333,2
2020-08-20,15:24:38.816000,12332,12333,12333,4
2020-08-20,15:24:39.001000,12332,12334,12333,1
2020-08-20,15:24:39.635000,12332,12333,12333,3
2020-08-20,15:24:40.544000,12332,12333,12332,1
2020-08-20,15:24:40.563000,12332,12333,12333,1
2020-08-20,15:24:40.909000,12330,12332,12332,8
2020-08-20,15:24:40.909000,12330,12332,12332,2
2020-08-20,15:24:41.137000,12331,12332,12331,3
2020-08-20,15:24:41.237000,12330,12332,12330,1
2020-08-20,15:24:41.496000,12330,12332,12332,1
2020-08-20,15:24:41.796000,12330,12332,12332,1
2020-08-20,15:24:43.432000,12330,12331,12330,3
2020-08-20,15:24:44.569000,12329,12330,12330,1
2020-08-20,15:24:44.570000,12329,12330,12330,1
2020-08-20,15:24:46.047000,12328,12330,12330,1
2020-08-20,15:24:46.901000,12328,12330,12328,1
2020-08-20,15:24:48.540000,12329,12330,12330,1
2020-08-20,15:24:48.540000,12329,12330,12330,1
2020-08-20,15:24:48.998000,12330,12331,12331,2
2020-08-20,15:24:49.054000,12331,12332,12332,1
2020-08-20,15:24:49.054000,12331,12332,12333,1
2020-08-20,15:24:49.371000,12332,12333,12333,3
2020-08-20,15:24:49.867000,12332,12333,12332,4
2020-08-20,15:24:51.594000,12330,12332,12330,1
2020-08-20,15:24:51.858000,12330,12332,12332,1
2020-08-20,15:24:52.099000,12330,12332,12332,1
2020-08-20,15:24:54.216000,12331,12332,12332,1
2020-08-20,15:24:55.131000,12331,12332,12332,1
2020-08-20,15:24:55.495000,12332,12333,12333,4
2020-08-20,15:24:55.496000,12332,12333,12333,4
2020-08-20,15:24:56.213000,12333,12334,12333,1
2020-08-20,15:24:56.213000,12333,12334,12332,1
2020-08-20,15:24:56.214000,12333,12334,12332,1
2020-08-20,15:24:57.980000,12332,12334,12332,1
2020-08-20,15:24:58.221000,12332,12334,12332,1
2020-08-20,15:24:58.846000,12333,12334,12333,5
2020-08-20,15:24:59.650000,12332,12333,12332,2
2020-08-20,15:24:59.776000,12330,12332,12332,1
2020-08-20,15:25:00.103000,12330,12332,12330,5
2020-08-20,15:25:00.187000,12330,12331,12331,1
2020-08-20,15:25:00.347000,12330,12332,12332,1
2020-08-20,15:25:01.101000,12330,12331,12330,2
2020-08-20,15:25:01.290000,12329,12331,12330,1
2020-08-20,15:25:01.931000,12329,12331,12331,1
2020-08-20,15:25:02.030000,12329,12330,12330,1
2020-08-20,15:25:02.267000,12329,12330,12330,1
2020-08-20,15:25:02.553000,12329,12330,12330,1
2020-08-20,15:25:02.878000,12329,12330,12330,1
2020-08-20,15:25:03.049000,12329,12330,12329,1
2020-08-20,15:25:03.830000,12329,12330,12330,1
2020-08-20,15:25:03.830000,12329,12330,12331,1
2020-08-20,15:25:04.408000,12330,12331,12331,2
2020-08-20,15:25:06.210000,12330,12331,12331,1
2020-08-20,15:25:07.536000,12330,12332,12332,1
2020-08-20,15:25:10.638000,12331,12332,12331,1
2020-08-20,15:25:11.813000,12330,12331,12330,2
2020-08-20,15:25:12.138000,12329,12331,12330,1
2020-08-20,15:25:12.359000,12330,12331,12331,1
2020-08-20,15:25:12.503000,12330,12331,12330,1
2020-08-20,15:25:12.604000,12329,12331,12331,2
2020-08-20,15:25:13.233000,12329,12331,12331,2
2020-08-20,15:25:13.233000,12329,12331,12332,8
2020-08-20,15:25:13.360000,12331,12332,12331,1
2020-08-20,15:25:16.133000,12331,12332,12331,5
2020-08-20,15:25:17.934000,12330,12332,12331,1
2020-08-20,15:25:20.186000,12331,12332,12331,2
2020-08-20,15:25:20.250000,12331,12332,12331,3
2020-08-20,15:25:20.352000,12330,12331,12330,1
2020-08-20,15:25:22.095000,12329,12331,12331,1
2020-08-20,15:25:24.386000,12330,12331,12330,1
2020-08-20,15:25:26.755000,12329,12330,12330,1
2020-08-20,15:25:30.628000,12329,12330,12329,1
2020-08-20,15:25:30.659000,12329,12330,12330,1
2020-08-20,15:25:30.660000,12329,12330,12330,1
2020-08-20,15:25:32.482000,12329,12330,12329,4
2020-08-20,15:25:34.875000,12329,12330,12330,1
2020-08-20,15:25:35.606000,12329,12330,12329,1
2020-08-20,15:25:38.038000,12329,12330,12329,1
2020-08-20,15:25:38.253000,12328,12329,12328,1
2020-08-20,15:25:38.322000,12328,12329,12328,1
2020-08-20,15:25:40.892000,12328,12329,12329,1
2020-08-20,15:25:40.960000,12328,12330,12328,1
2020-08-20,15:25:42.099000,12328,12330,12330,1
2020-08-20,15:25:45.358000,12329,12330,12330,1
2020-08-20,15:25:46.999000,12329,12330,12329,5
2020-08-20,15:25:51.826000,12328,12329,12329,1
2020-08-20,15:25:51.916000,12328,12329,12329,1
2020-08-20,15:25:52.063000,12328,12329,12329,3
2020-08-20,15:25:57.110000,12328,12329,12329,1
2020-08-20,15:26:00.616000,12328,12329,12328,4
2020-08-20,15:26:00.616000,12328,12329,12328,8
2020-08-20,15:26:02.846000,12327,12328,12328,1
2020-08-20,15:26:04.477000,12327,12328,12327,1
2020-08-20,15:26:06.236000,12326,12327,12327,1
2020-08-20,15:26:07.405000,12326,12327,12326,2
2020-08-20,15:26:10.934000,12325,12327,12325,1
2020-08-20,15:26:11.082000,12325,12327,12325,1
2020-08-20,15:26:14.701000,12325,12326,12326,1
2020-08-20,15:26:15.007000,12326,12327,12326,1
2020-08-20,15:26:19.384000,12326,12327,12326,1
2020-08-20,15:26:20.517000,12326,12327,12327,2
2020-08-20,15:26:20.518000,12326,12327,12327,2
2020-08-20,15:26:21.004000,12327,12328,12327,1
2020-08-20,15:26:23.484000,12326,12328,12327,1
2020-08-20,15:26:23.615000,12326,12327,12327,3
2020-08-20,15:26:28.219000,12327,12328,12328,2
2020-08-20,15:26:30.287000,12328,12329,12329,1
2020-08-20,15:26:31.589000,12328,12329,12328,1
2020-08-20,15:26:34.767000,12328,12329,12328,1
2020-08-20,15:26:39.598000,12328,12329,12328,2
2020-08-20,15:26:39.904000,12327,12329,12329,1
2020-08-20,15:26:42.776000,12328,12329,12329,1
2020-08-20,15:26:45.143000,12328,12329,12328,1
2020-08-20,15:26:58.208000,12328,12329,12328,1
2020-08-20,15:26:58.933000,12328,12329,12329,1
2020-08-20,15:26:58.934000,12328,12329,12329,5
2020-08-20,15:26:58.934000,12328,12329,12329,11
2020-08-20,15:27:01.479000,12328,12329,12329,1
2020-08-20,15:27:01.745000,12328,12330,12330,1
2020-08-20,15:27:01.910000,12328,12330,12330,1
2020-08-20,15:27:01.933000,12328,12330,12330,1
2020-08-20,15:27:01.933000,12328,12330,12330,3
2020-08-20,15:27:02.044000,12328,12330,12330,2
2020-08-20,15:27:02.066000,12328,12330,12330,1
2020-08-20,15:27:02.073000,12328,12330,12330,3
2020-08-20,15:27:02.128000,12328,12330,12330,1
2020-08-20,15:27:02.155000,12329,12330,12330,2
2020-08-20,15:27:02.156000,12329,12330,12330,2
2020-08-20,15:27:02.244000,12329,12330,12331,1
2020-08-20,15:27:02.591000,12329,12331,12331,1
2020-08-20,15:27:05.214000,12328,12329,12329,1
2020-08-20,15:27:08.323000,12329,12330,12330,1
2020-08-20,15:27:12.360000,12330,12331,12330,1
2020-08-20,15:27:18.330000,12329,12330,12329,4
2020-08-20,15:27:18.402000,12329,12330,12329,1
2020-08-20,15:27:18.402000,12329,12330,12329,9
2020-08-20,15:27:19.017000,12328,12330,12328,3
2020-08-20,15:27:32.254000,12328,12330,12330,1
2020-08-20,15:27:32.560000,12328,12330,12328,1
2020-08-20,15:27:33.344000,12328,12330,12328,1
2020-08-20,15:27:33.710000,12328,12330,12328,3
2020-08-20,15:27:38.371000,12328,12330,12328,1
2020-08-20,15:27:42.522000,12328,12330,12329,1
2020-08-20,15:27:47.595000,12329,12330,12329,5
2020-08-20,15:27:48.351000,12328,12329,12328,2
2020-08-20,15:27:48.352000,12328,12329,12328,1
2020-08-20,15:27:48.352000,12328,12329,12328,2
2020-08-20,15:27:51.040000,12327,12328,12328,1
2020-08-20,15:27:54.058000,12327,12328,12328,1
