2020-08-10,15:00:00.028000,12845,12846,12844,41
2020-08-10,15:00:00.289000,12843,12844,12844,1
2020-08-10,15:00:00.323000,12843,12844,12843,4
2020-08-10,15:00:00.323000,12843,12844,12842,1
2020-08-10,15:00:00.507000,12842,12844,12842,5
2020-08-10,15:00:00.616000,12842,12843,12842,1
2020-08-10,15:00:00.674000,12842,12843,12841,1
2020-08-10,15:00:00.676000,12841,12843,12841,1
2020-08-10,15:00:00.717000,12841,12843,12841,2
2020-08-10,15:00:00.848000,12840,12842,12840,4
2020-08-10,15:00:01.073000,12840,12842,12840,1
2020-08-10,15:00:01.073000,12840,12842,12840,5
2020-08-10,15:00:01.114000,12840,12842,12839,1
2020-08-10,15:00:01.143000,12840,12842,12839,5
2020-08-10,15:00:01.276000,12838,12840,12839,1
2020-08-10,15:00:01.570000,12838,12840,12840,4
2020-08-10,15:00:01.958000,12839,12840,12840,1
2020-08-10,15:00:01.968000,12839,12840,12840,1
2020-08-10,15:00:01.968000,12839,12840,12840,1
2020-08-10,15:00:01.973000,12839,12840,12840,1
2020-08-10,15:00:02.174000,12840,12842,12840,1
2020-08-10,15:00:02.175000,12840,12842,12840,3
2020-08-10,15:00:02.381000,12840,12842,12840,2
2020-08-10,15:00:02.777000,12840,12842,12841,1
2020-08-10,15:00:02.777000,12840,12842,12840,4
2020-08-10,15:00:02.784000,12840,12842,12839,7
2020-08-10,15:00:02.790000,12840,12842,12838,1
2020-08-10,15:00:02.808000,12838,12840,12838,5
2020-08-10,15:00:02.991000,12839,12841,12839,4
2020-08-10,15:00:04.192000,12838,12839,12839,1
2020-08-10,15:00:04.471000,12842,12844,12842,1
2020-08-10,15:00:04.816000,12840,12842,12840,1
2020-08-10,15:00:04.933000,12840,12841,12840,1
2020-08-10,15:00:05.326000,12839,12840,12840,1
2020-08-10,15:00:06.149000,12839,12840,12840,1
2020-08-10,15:00:06.388000,12839,12840,12839,2
2020-08-10,15:00:06.426000,12838,12839,12838,9
2020-08-10,15:00:06.698000,12837,12839,12839,1
2020-08-10,15:00:07.476000,12839,12840,12839,2
2020-08-10,15:00:07.774000,12839,12840,12840,2
2020-08-10,15:00:08.676000,12841,12842,12841,1
2020-08-10,15:00:08.718000,12841,12842,12842,1
2020-08-10,15:00:08.906000,12840,12842,12842,1
2020-08-10,15:00:09.245000,12840,12842,12840,1
2020-08-10,15:00:09.420000,12840,12842,12842,1
2020-08-10,15:00:09.796000,12841,12842,12842,4
2020-08-10,15:00:10.657000,12841,12842,12841,2
2020-08-10,15:00:10.785000,12840,12842,12840,1
2020-08-10,15:00:11.128000,12840,12842,12841,1
2020-08-10,15:00:11.313000,12840,12842,12841,1
2020-08-10,15:00:11.551000,12840,12841,12840,5
2020-08-10,15:00:12.296000,12839,12841,12839,1
2020-08-10,15:00:12.606000,12840,12841,12841,1
2020-08-10,15:00:13.144000,12840,12841,12841,3
2020-08-10,15:00:13.146000,12840,12841,12842,2
2020-08-10,15:00:13.147000,12840,12841,12842,3
2020-08-10,15:00:13.179000,12842,12844,12842,1
2020-08-10,15:00:13.258000,12842,12844,12842,3
2020-08-10,15:00:13.275000,12842,12844,12842,1
2020-08-10,15:00:13.839000,12842,12844,12842,1
2020-08-10,15:00:14.054000,12841,12843,12841,1
2020-08-10,15:00:14.807000,12841,12843,12841,2
2020-08-10,15:00:15.554000,12841,12842,12841,1
2020-08-10,15:00:15.554000,12841,12842,12841,1
2020-08-10,15:00:15.879000,12841,12842,12842,1
2020-08-10,15:00:15.921000,12841,12842,12842,1
2020-08-10,15:00:16.868000,12842,12843,12842,5
2020-08-10,15:00:16.870000,12842,12843,12842,1
2020-08-10,15:00:16.930000,12841,12843,12843,1
2020-08-10,15:00:17.826000,12841,12843,12841,1
2020-08-10,15:00:18.130000,12841,12843,12843,1
2020-08-10,15:00:19.010000,12841,12842,12841,2
2020-08-10,15:00:19.051000,12841,12842,12841,2
2020-08-10,15:00:19.091000,12841,12842,12842,5
2020-08-10,15:00:19.501000,12840,12842,12841,5
2020-08-10,15:00:19.846000,12840,12842,12841,1
2020-08-10,15:00:19.846000,12840,12842,12841,4
2020-08-10,15:00:20.669000,12840,12842,12840,1
2020-08-10,15:00:20.718000,12839,12841,12841,5
2020-08-10,15:00:21.033000,12840,12841,12841,1
2020-08-10,15:00:22.101000,12840,12841,12841,1
2020-08-10,15:00:22.335000,12840,12842,12840,1
2020-08-10,15:00:22.500000,12840,12842,12840,1
2020-08-10,15:00:22.611000,12840,12842,12840,5
2020-08-10,15:00:22.705000,12840,12842,12840,1
2020-08-10,15:00:22.783000,12840,12842,12841,1
2020-08-10,15:00:23.585000,12841,12842,12841,2
2020-08-10,15:00:23.757000,12841,12842,12841,1
2020-08-10,15:00:23.885000,12841,12842,12841,1
2020-08-10,15:00:23.922000,12841,12842,12842,1
2020-08-10,15:00:24.058000,12841,12842,12841,3
2020-08-10,15:00:25.437000,12840,12841,12841,6
2020-08-10,15:00:25.838000,12840,12842,12840,3
2020-08-10,15:00:25.926000,12840,12841,12840,6
2020-08-10,15:00:27.044000,12839,12841,12839,6
2020-08-10,15:00:27.048000,12839,12841,12840,1
2020-08-10,15:00:27.051000,12839,12840,12839,7
2020-08-10,15:00:28.401000,12838,12839,12838,6
2020-08-10,15:00:28.404000,12838,12839,12838,4
2020-08-10,15:00:29.279000,12838,12839,12839,1
2020-08-10,15:00:29.485000,12838,12839,12839,2
2020-08-10,15:00:29.486000,12838,12839,12840,2
2020-08-10,15:00:29.543000,12838,12839,12841,1
2020-08-10,15:00:30.833000,12839,12840,12840,1
2020-08-10,15:00:31.393000,12839,12840,12839,2
2020-08-10,15:00:31.426000,12839,12840,12839,1
2020-08-10,15:00:32.785000,12839,12840,12839,1
2020-08-10,15:00:33.191000,12839,12840,12840,1
2020-08-10,15:00:34.687000,12839,12840,12840,2
2020-08-10,15:00:35.945000,12840,12841,12840,1
2020-08-10,15:00:36.361000,12840,12841,12840,1
2020-08-10,15:00:36.926000,12840,12841,12840,1
2020-08-10,15:00:39.837000,12839,12840,12839,1
2020-08-10,15:00:39.846000,12839,12840,12839,6
2020-08-10,15:00:40.026000,12838,12839,12839,1
2020-08-10,15:00:40.424000,12838,12839,12838,9
2020-08-10,15:00:40.426000,12837,12838,12837,1
2020-08-10,15:00:41.014000,12837,12839,12837,1
2020-08-10,15:00:41.034000,12837,12839,12837,1
2020-08-10,15:00:41.040000,12837,12839,12837,1
2020-08-10,15:00:41.046000,12837,12839,12837,1
2020-08-10,15:00:41.188000,12837,12838,12837,7
2020-08-10,15:00:41.189000,12837,12838,12837,3
2020-08-10,15:00:41.726000,12836,12838,12836,1
2020-08-10,15:00:41.819000,12836,12837,12836,1
2020-08-10,15:00:42.330000,12836,12837,12836,2
2020-08-10,15:00:44.050000,12836,12837,12837,1
2020-08-10,15:00:44.355000,12836,12837,12837,1
2020-08-10,15:00:44.355000,12836,12837,12838,1
2020-08-10,15:00:44.670000,12836,12838,12836,1
2020-08-10,15:00:45.151000,12836,12838,12836,1
2020-08-10,15:00:47.205000,12836,12838,12836,2
2020-08-10,15:00:48.073000,12836,12837,12837,1
2020-08-10,15:00:48.419000,12836,12838,12836,1
2020-08-10,15:00:48.786000,12836,12838,12836,1
2020-08-10,15:00:50.463000,12836,12837,12836,2
2020-08-10,15:00:51.733000,12836,12837,12836,1
2020-08-10,15:00:51.883000,12836,12837,12837,1
2020-08-10,15:00:52.357000,12836,12837,12836,7
2020-08-10,15:00:52.427000,12836,12837,12837,1
2020-08-10,15:00:52.695000,12836,12837,12837,1
2020-08-10,15:00:52.834000,12836,12837,12836,1
2020-08-10,15:00:53.258000,12836,12837,12836,1
2020-08-10,15:00:53.258000,12836,12837,12835,4
2020-08-10,15:00:53.372000,12835,12836,12835,1
2020-08-10,15:00:53.414000,12835,12836,12835,1
2020-08-10,15:00:53.801000,12835,12837,12835,1
2020-08-10,15:00:54.466000,12836,12837,12836,1
2020-08-10,15:00:54.467000,12836,12837,12836,1
2020-08-10,15:00:55.242000,12835,12836,12836,1
2020-08-10,15:00:55.313000,12835,12836,12836,1
2020-08-10,15:00:55.480000,12835,12836,12835,1
2020-08-10,15:00:55.503000,12835,12836,12836,1
2020-08-10,15:00:55.664000,12835,12836,12836,1
2020-08-10,15:00:55.855000,12835,12836,12836,2
2020-08-10,15:00:56.249000,12835,12837,12836,1
2020-08-10,15:00:58.136000,12835,12836,12836,1
2020-08-10,15:00:58.170000,12835,12836,12836,1
2020-08-10,15:00:58.322000,12835,12836,12836,1
2020-08-10,15:00:58.951000,12835,12836,12836,2
2020-08-10,15:00:59.865000,12835,12836,12836,1
2020-08-10,15:00:59.995000,12835,12836,12835,1
2020-08-10,15:01:00.050000,12835,12836,12835,3
2020-08-10,15:01:00.091000,12835,12836,12835,1
2020-08-10,15:01:00.103000,12835,12836,12835,2
2020-08-10,15:01:00.105000,12835,12836,12835,1
2020-08-10,15:01:00.138000,12835,12836,12834,3
2020-08-10,15:01:00.168000,12835,12836,12834,3
2020-08-10,15:01:00.180000,12834,12835,12834,1
2020-08-10,15:01:00.183000,12834,12835,12833,1
2020-08-10,15:01:00.183000,12834,12835,12833,1
2020-08-10,15:01:00.193000,12834,12835,12833,1
2020-08-10,15:01:00.193000,12834,12835,12833,1
2020-08-10,15:01:00.195000,12834,12835,12833,1
2020-08-10,15:01:00.201000,12834,12835,12833,1
2020-08-10,15:01:00.202000,12834,12835,12833,1
2020-08-10,15:01:00.202000,12834,12835,12833,1
2020-08-10,15:01:00.202000,12834,12835,12833,1
2020-08-10,15:01:00.202000,12834,12835,12833,1
2020-08-10,15:01:00.565000,12834,12835,12834,1
2020-08-10,15:01:00.892000,12833,12835,12835,1
2020-08-10,15:01:01.330000,12832,12834,12834,1
2020-08-10,15:01:01.409000,12832,12834,12834,2
2020-08-10,15:01:02.222000,12832,12834,12834,1
2020-08-10,15:01:02.258000,12832,12834,12834,1
2020-08-10,15:01:02.393000,12832,12834,12832,10
2020-08-10,15:01:02.458000,12832,12834,12832,8
2020-08-10,15:01:02.462000,12832,12834,12832,4
2020-08-10,15:01:02.578000,12831,12834,12832,1
2020-08-10,15:01:02.910000,12831,12833,12833,2
2020-08-10,15:01:03.008000,12832,12834,12834,1
2020-08-10,15:01:03.142000,12832,12834,12832,1
2020-08-10,15:01:03.480000,12832,12834,12834,1
2020-08-10,15:01:03.841000,12832,12834,12832,1
2020-08-10,15:01:04.311000,12832,12834,12832,1
2020-08-10,15:01:04.666000,12831,12832,12832,1
2020-08-10,15:01:04.851000,12831,12832,12831,1
2020-08-10,15:01:05.214000,12831,12832,12831,1
2020-08-10,15:01:05.434000,12831,12832,12832,1
2020-08-10,15:01:05.572000,12831,12832,12831,1
2020-08-10,15:01:05.572000,12831,12832,12831,1
2020-08-10,15:01:05.670000,12831,12832,12831,1
2020-08-10,15:01:06.174000,12831,12832,12832,1
2020-08-10,15:01:06.442000,12831,12833,12831,3
2020-08-10,15:01:06.484000,12831,12833,12831,9
2020-08-10,15:01:06.484000,12831,12833,12830,2
2020-08-10,15:01:06.657000,12830,12832,12830,1
2020-08-10,15:01:06.719000,12830,12832,12830,1
2020-08-10,15:01:06.744000,12830,12832,12830,1
2020-08-10,15:01:06.766000,12830,12832,12830,2
2020-08-10,15:01:06.790000,12830,12832,12830,1
2020-08-10,15:01:06.794000,12830,12832,12830,1
2020-08-10,15:01:06.816000,12830,12832,12830,2
2020-08-10,15:01:06.866000,12830,12832,12832,2
2020-08-10,15:01:06.877000,12830,12832,12830,1
2020-08-10,15:01:06.981000,12830,12832,12830,1
2020-08-10,15:01:07.030000,12830,12832,12830,2
2020-08-10,15:01:07.037000,12830,12832,12830,1
2020-08-10,15:01:07.040000,12830,12832,12830,2
2020-08-10,15:01:07.317000,12830,12831,12830,1
2020-08-10,15:01:07.347000,12830,12831,12830,1
2020-08-10,15:01:07.353000,12830,12831,12830,5
2020-08-10,15:01:07.353000,12830,12831,12830,8
2020-08-10,15:01:07.353000,12830,12831,12830,5
2020-08-10,15:01:07.380000,12830,12831,12829,1
2020-08-10,15:01:07.424000,12830,12831,12829,1
2020-08-10,15:01:07.427000,12829,12831,12831,1
2020-08-10,15:01:07.558000,12829,12831,12829,1
2020-08-10,15:01:07.725000,12829,12831,12829,3
2020-08-10,15:01:07.742000,12829,12831,12829,1
2020-08-10,15:01:07.834000,12829,12831,12829,1
2020-08-10,15:01:07.834000,12829,12831,12828,1
2020-08-10,15:01:07.840000,12829,12831,12829,1
2020-08-10,15:01:07.868000,12829,12831,12828,2
2020-08-10,15:01:07.877000,12829,12831,12828,1
2020-08-10,15:01:07.883000,12829,12831,12828,2
2020-08-10,15:01:07.883000,12829,12831,12827,1
2020-08-10,15:01:07.912000,12829,12831,12827,1
2020-08-10,15:01:07.954000,12827,12829,12827,1
2020-08-10,15:01:07.978000,12827,12829,12827,2
2020-08-10,15:01:08.044000,12827,12829,12827,1
2020-08-10,15:01:08.046000,12827,12829,12827,1
2020-08-10,15:01:08.085000,12827,12829,12827,1
2020-08-10,15:01:08.098000,12827,12829,12827,1
2020-08-10,15:01:08.122000,12827,12829,12827,1
2020-08-10,15:01:08.316000,12827,12829,12827,1
2020-08-10,15:01:08.416000,12827,12829,12827,1
2020-08-10,15:01:08.515000,12827,12829,12827,1
2020-08-10,15:01:08.515000,12827,12829,12827,1
2020-08-10,15:01:08.516000,12827,12829,12827,2
2020-08-10,15:01:08.516000,12827,12829,12827,1
2020-08-10,15:01:08.578000,12826,12827,12827,1
2020-08-10,15:01:08.743000,12826,12827,12828,1
2020-08-10,15:01:08.849000,12826,12828,12828,1
2020-08-10,15:01:08.999000,12827,12829,12829,1
2020-08-10,15:01:09.120000,12828,12829,12828,1
2020-08-10,15:01:09.187000,12828,12829,12828,2
2020-08-10,15:01:09.362000,12828,12829,12829,1
2020-08-10,15:01:09.424000,12828,12829,12829,1
2020-08-10,15:01:09.448000,12829,12831,12829,1
2020-08-10,15:01:10.117000,12829,12831,12831,3
2020-08-10,15:01:10.890000,12829,12831,12830,4
2020-08-10,15:01:11.368000,12830,12832,12830,1
2020-08-10,15:01:11.470000,12830,12832,12830,1
2020-08-10,15:01:11.622000,12830,12831,12830,1
2020-08-10,15:01:12.171000,12830,12832,12830,1
2020-08-10,15:01:12.181000,12830,12832,12830,1
2020-08-10,15:01:12.627000,12830,12832,12830,1
2020-08-10,15:01:12.924000,12830,12832,12830,1
2020-08-10,15:01:13.098000,12829,12831,12829,2
2020-08-10,15:01:13.103000,12829,12831,12829,2
2020-08-10,15:01:13.153000,12829,12831,12831,2
2020-08-10,15:01:13.741000,12831,12832,12832,1
2020-08-10,15:01:14.048000,12831,12833,12831,1
2020-08-10,15:01:14.071000,12831,12833,12831,1
2020-08-10,15:01:14.104000,12831,12833,12831,1
2020-08-10,15:01:14.354000,12831,12833,12831,5
2020-08-10,15:01:14.675000,12831,12833,12833,2
2020-08-10,15:01:14.895000,12831,12833,12831,1
2020-08-10,15:01:16.297000,12832,12834,12832,7
2020-08-10,15:01:16.297000,12832,12834,12831,3
2020-08-10,15:01:16.852000,12831,12833,12831,1
2020-08-10,15:01:17.398000,12831,12832,12832,1
2020-08-10,15:01:18.309000,12831,12832,12831,1
2020-08-10,15:01:18.366000,12831,12832,12832,2
2020-08-10,15:01:18.527000,12832,12833,12832,1
2020-08-10,15:01:19.341000,12831,12832,12832,1
2020-08-10,15:01:19.580000,12832,12833,12832,1
2020-08-10,15:01:19.689000,12832,12833,12832,2
2020-08-10,15:01:19.942000,12832,12833,12832,1
2020-08-10,15:01:20.785000,12832,12833,12832,1
2020-08-10,15:01:20.844000,12832,12833,12832,1
2020-08-10,15:01:21.440000,12832,12833,12833,1
2020-08-10,15:01:22.489000,12832,12833,12833,1
2020-08-10,15:01:23.453000,12833,12834,12834,2
2020-08-10,15:01:23.464000,12833,12834,12833,1
2020-08-10,15:01:23.711000,12833,12835,12835,1
2020-08-10,15:01:24.395000,12834,12835,12834,1
2020-08-10,15:01:24.844000,12834,12835,12834,1
2020-08-10,15:01:25.712000,12833,12835,12835,1
2020-08-10,15:01:26.030000,12833,12835,12835,1
2020-08-10,15:01:26.984000,12833,12834,12834,1
2020-08-10,15:01:27.331000,12833,12835,12835,1
2020-08-10,15:01:31.213000,12834,12835,12835,1
2020-08-10,15:01:32.743000,12834,12835,12835,1
2020-08-10,15:01:33.050000,12835,12836,12836,1
2020-08-10,15:01:35.407000,12835,12836,12836,1
2020-08-10,15:01:35.646000,12835,12836,12835,1
2020-08-10,15:01:37.602000,12835,12836,12836,2
2020-08-10,15:01:37.815000,12835,12836,12835,1
2020-08-10,15:01:37.815000,12835,12836,12835,1
2020-08-10,15:01:38.906000,12835,12836,12836,8
2020-08-10,15:01:38.977000,12836,12837,12836,1
2020-08-10,15:01:39.494000,12835,12837,12835,1
2020-08-10,15:01:40.933000,12835,12837,12835,2
2020-08-10,15:01:43.316000,12835,12836,12836,2
2020-08-10,15:01:44.381000,12835,12837,12835,1
2020-08-10,15:01:45.020000,12835,12836,12836,1
2020-08-10,15:01:45.259000,12836,12837,12836,1
2020-08-10,15:01:47.031000,12835,12836,12836,1
2020-08-10,15:01:47.031000,12835,12836,12837,1
2020-08-10,15:01:47.139000,12835,12837,12835,1
2020-08-10,15:01:47.177000,12835,12837,12835,1
2020-08-10,15:01:50.023000,12835,12836,12836,1
2020-08-10,15:01:54.336000,12835,12836,12835,12
2020-08-10,15:01:54.817000,12834,12835,12835,1
2020-08-10,15:01:55.630000,12834,12835,12835,5
2020-08-10,15:01:56.220000,12834,12836,12834,1
2020-08-10,15:01:57.269000,12835,12836,12836,1
2020-08-10,15:01:57.394000,12835,12836,12835,5
2020-08-10,15:01:58.532000,12835,12836,12836,1
2020-08-10,15:01:58.926000,12835,12836,12836,4
2020-08-10,15:02:00.190000,12835,12836,12835,1
2020-08-10,15:02:00.319000,12835,12836,12835,1
2020-08-10,15:02:00.696000,12835,12836,12835,1
2020-08-10,15:02:01.961000,12835,12836,12836,1
2020-08-10,15:02:02.303000,12836,12837,12836,4
2020-08-10,15:02:02.303000,12836,12837,12835,3
2020-08-10,15:02:03.794000,12836,12837,12836,1
2020-08-10,15:02:04.133000,12836,12837,12836,5
2020-08-10,15:02:05.064000,12836,12837,12836,1
2020-08-10,15:02:08.323000,12835,12836,12836,3
2020-08-10,15:02:10.048000,12835,12836,12835,5
2020-08-10,15:02:10.210000,12835,12836,12835,5
2020-08-10,15:02:10.225000,12835,12836,12834,5
2020-08-10,15:02:12.329000,12834,12836,12834,1
2020-08-10,15:02:12.471000,12834,12836,12834,5
2020-08-10,15:02:15.112000,12834,12835,12835,1
2020-08-10,15:02:15.546000,12835,12836,12835,1
2020-08-10,15:02:18.731000,12835,12836,12835,1
2020-08-10,15:02:21.579000,12834,12836,12834,1
2020-08-10,15:02:23.787000,12835,12836,12835,1
2020-08-10,15:02:23.787000,12835,12836,12834,19
2020-08-10,15:02:23.787000,12835,12836,12833,7
2020-08-10,15:02:24.782000,12834,12836,12834,1
2020-08-10,15:02:26.218000,12834,12835,12835,1
2020-08-10,15:02:26.716000,12835,12836,12835,2
2020-08-10,15:02:27.663000,12835,12836,12835,2
2020-08-10,15:02:28.578000,12835,12836,12836,5
2020-08-10,15:02:29.400000,12835,12837,12835,1
2020-08-10,15:02:29.703000,12835,12837,12835,2
2020-08-10,15:02:31.133000,12835,12837,12835,1
2020-08-10,15:02:32.474000,12835,12837,12835,1
2020-08-10,15:02:38.708000,12835,12836,12835,1
2020-08-10,15:02:42.616000,12835,12836,12836,1
2020-08-10,15:02:43.926000,12835,12836,12836,4
2020-08-10,15:02:52.051000,12836,12837,12837,11
2020-08-10,15:02:57.256000,12837,12838,12838,1
2020-08-10,15:03:05.733000,12837,12838,12837,1
2020-08-10,15:03:05.821000,12837,12838,12837,1
2020-08-10,15:03:06.203000,12836,12837,12836,1
2020-08-10,15:03:06.575000,12837,12838,12837,1
2020-08-10,15:03:06.876000,12836,12837,12836,3
2020-08-10,15:03:07.030000,12836,12837,12837,1
2020-08-10,15:03:07.073000,12836,12837,12836,3
2020-08-10,15:03:07.228000,12836,12837,12837,4
2020-08-10,15:03:07.228000,12836,12837,12838,1
2020-08-10,15:03:09.207000,12836,12837,12837,1
2020-08-10,15:03:10.867000,12836,12837,12837,2
2020-08-10,15:03:15.455000,12836,12837,12837,1
2020-08-10,15:03:27.327000,12837,12838,12837,2
2020-08-10,15:03:29.887000,12836,12837,12837,1
2020-08-10,15:03:30.438000,12836,12837,12836,1
2020-08-10,15:03:32.212000,12836,12837,12837,1
2020-08-10,15:03:36.050000,12836,12837,12836,1
2020-08-10,15:03:43.677000,12836,12837,12836,8
2020-08-10,15:03:49.963000,12835,12836,12836,1
2020-08-10,15:03:53.991000,12836,12837,12836,1
2020-08-10,15:03:57.240000,12835,12836,12835,1
2020-08-10,15:03:57.240000,12835,12836,12835,2
2020-08-10,15:03:57.240000,12835,12836,12835,6
2020-08-10,15:03:57.240000,12835,12836,12835,2
2020-08-10,15:03:57.241000,12835,12836,12835,4
2020-08-10,15:03:58.629000,12834,12836,12836,1
2020-08-10,15:03:58.925000,12834,12836,12834,1
2020-08-10,15:04:04.045000,12834,12835,12834,1
2020-08-10,15:04:04.070000,12834,12835,12834,1
2020-08-10,15:04:04.179000,12834,12835,12834,1
2020-08-10,15:04:04.182000,12834,12835,12834,1
2020-08-10,15:04:04.188000,12834,12835,12833,1
2020-08-10,15:04:04.190000,12834,12835,12833,1
2020-08-10,15:04:04.473000,12833,12835,12833,1
2020-08-10,15:04:05.682000,12834,12835,12834,1
2020-08-10,15:04:05.999000,12834,12835,12834,1
2020-08-10,15:04:06.230000,12833,12834,12834,5
2020-08-10,15:04:06.230000,12833,12834,12835,4
2020-08-10,15:04:08.341000,12834,12835,12835,1
2020-08-10,15:04:09.510000,12834,12836,12834,1
2020-08-10,15:04:10.535000,12834,12835,12834,1
2020-08-10,15:04:13.466000,12834,12835,12835,2
2020-08-10,15:04:13.875000,12834,12836,12834,7
2020-08-10,15:04:14.365000,12834,12835,12835,1
2020-08-10,15:04:14.816000,12835,12836,12835,1
2020-08-10,15:04:18.454000,12835,12836,12835,1
2020-08-10,15:04:22.405000,12835,12836,12835,1
2020-08-10,15:04:26.527000,12835,12836,12835,1
2020-08-10,15:04:27.548000,12835,12836,12836,1
2020-08-10,15:04:29.946000,12835,12836,12836,1
2020-08-10,15:04:30.427000,12835,12836,12835,5
2020-08-10,15:04:32.255000,12834,12835,12834,1
2020-08-10,15:04:34.648000,12835,12836,12835,1
2020-08-10,15:04:36.342000,12834,12836,12836,1
2020-08-10,15:04:37.728000,12835,12836,12835,1
2020-08-10,15:04:40.973000,12835,12836,12835,1
2020-08-10,15:04:42.160000,12835,12836,12835,1
2020-08-10,15:04:42.687000,12835,12836,12835,1
2020-08-10,15:04:47.396000,12835,12836,12836,1
2020-08-10,15:04:50.435000,12835,12836,12836,8
2020-08-10,15:04:50.435000,12835,12836,12836,1
2020-08-10,15:04:58.281000,12836,12837,12836,1
2020-08-10,15:05:02.394000,12835,12837,12835,1
2020-08-10,15:05:02.444000,12835,12836,12835,1
2020-08-10,15:05:02.847000,12835,12836,12835,1
2020-08-10,15:05:02.915000,12835,12836,12835,4
2020-08-10,15:05:02.915000,12835,12836,12835,9
2020-08-10,15:05:07.802000,12834,12835,12835,1
2020-08-10,15:05:10.800000,12834,12835,12835,1
2020-08-10,15:05:11.711000,12834,12835,12835,1
2020-08-10,15:05:13.394000,12834,12835,12834,4
2020-08-10,15:05:13.394000,12834,12835,12834,9
2020-08-10,15:05:13.564000,12833,12834,12834,1
2020-08-10,15:05:13.896000,12833,12834,12834,1
2020-08-10,15:05:15.469000,12833,12834,12833,1
2020-08-10,15:05:16.010000,12833,12834,12834,2
2020-08-10,15:05:18.100000,12833,12834,12834,1
2020-08-10,15:05:18.405000,12834,12835,12834,1
2020-08-10,15:05:20.675000,12834,12835,12835,2
2020-08-10,15:05:24.962000,12833,12835,12833,1
2020-08-10,15:05:26.782000,12833,12835,12833,1
2020-08-10,15:05:28.432000,12834,12835,12835,2
2020-08-10,15:05:28.572000,12835,12836,12835,1
2020-08-10,15:05:30.512000,12834,12836,12834,1
2020-08-10,15:05:33.340000,12835,12836,12835,1
2020-08-10,15:05:37.944000,12835,12836,12835,1
2020-08-10,15:05:41.664000,12834,12835,12835,9
2020-08-10,15:05:44.329000,12835,12836,12836,1
2020-08-10,15:05:44.330000,12835,12836,12836,21
2020-08-10,15:05:47.374000,12835,12837,12835,1
2020-08-10,15:05:49.114000,12835,12836,12836,1
2020-08-10,15:05:55.040000,12835,12837,12836,1
2020-08-10,15:06:00.045000,12836,12837,12836,1
2020-08-10,15:06:00.060000,12836,12837,12836,1
2020-08-10,15:06:00.066000,12836,12837,12836,1
2020-08-10,15:06:00.071000,12836,12837,12836,1
2020-08-10,15:06:00.076000,12836,12837,12836,2
2020-08-10,15:06:00.110000,12836,12837,12835,1
2020-08-10,15:06:00.110000,12836,12837,12835,1
2020-08-10,15:06:00.129000,12836,12837,12835,1
2020-08-10,15:06:00.129000,12836,12837,12835,1
2020-08-10,15:06:00.143000,12836,12837,12835,1
2020-08-10,15:06:00.408000,12835,12837,12835,1
2020-08-10,15:06:05.690000,12835,12836,12835,2
2020-08-10,15:06:07.333000,12835,12836,12836,1
2020-08-10,15:06:13.273000,12835,12836,12836,1
2020-08-10,15:06:17.379000,12836,12837,12836,5
2020-08-10,15:06:20.197000,12836,12837,12836,1
2020-08-10,15:06:28.926000,12836,12837,12837,6
2020-08-10,15:06:33.146000,12836,12837,12836,2
2020-08-10,15:06:48.614000,12836,12837,12837,1
2020-08-10,15:06:48.614000,12836,12837,12838,1
2020-08-10,15:06:48.788000,12836,12838,12838,2
2020-08-10,15:06:55.094000,12836,12838,12838,1
2020-08-10,15:07:00.643000,12836,12837,12837,2
2020-08-10,15:07:00.694000,12836,12837,12836,1
2020-08-10,15:07:00.869000,12836,12837,12836,1
2020-08-10,15:07:01.944000,12836,12837,12837,1
2020-08-10,15:07:03.448000,12836,12837,12837,1
2020-08-10,15:07:04.910000,12836,12837,12837,1
2020-08-10,15:07:05.336000,12837,12838,12837,1
2020-08-10,15:07:11.237000,12837,12838,12838,1
2020-08-10,15:07:11.365000,12837,12838,12838,7
2020-08-10,15:07:14.993000,12837,12838,12838,1
2020-08-10,15:07:16.177000,12837,12838,12838,1
2020-08-10,15:07:21.316000,12837,12838,12838,1
2020-08-10,15:07:23.318000,12837,12838,12838,1
2020-08-10,15:07:26.222000,12837,12838,12838,1
2020-08-10,15:07:31.750000,12838,12839,12838,1
2020-08-10,15:07:32.742000,12837,12839,12838,1
2020-08-10,15:07:47.769000,12838,12839,12838,1
2020-08-10,15:07:50.740000,12838,12839,12839,1
2020-08-10,15:07:51.446000,12838,12839,12839,11
2020-08-10,15:07:54.539000,12838,12840,12840,4
2020-08-10,15:07:58.763000,12838,12840,12840,1
2020-08-10,15:08:00.263000,12839,12840,12840,1
2020-08-10,15:08:00.272000,12839,12840,12840,2
2020-08-10,15:08:00.318000,12839,12841,12839,1
2020-08-10,15:08:00.495000,12839,12841,12839,1
2020-08-10,15:08:02.151000,12839,12840,12840,1
2020-08-10,15:08:04.084000,12839,12840,12840,1
2020-08-10,15:08:04.882000,12839,12840,12840,1
2020-08-10,15:08:05.025000,12840,12841,12840,1
2020-08-10,15:08:05.227000,12840,12841,12840,8
2020-08-10,15:08:05.273000,12840,12841,12840,2
2020-08-10,15:08:05.488000,12839,12841,12839,6
2020-08-10,15:08:05.488000,12839,12841,12839,4
2020-08-10,15:08:05.919000,12840,12841,12840,1
2020-08-10,15:08:09.188000,12839,12840,12840,2
2020-08-10,15:08:10.823000,12839,12840,12840,1
2020-08-10,15:08:11.371000,12839,12840,12840,4
2020-08-10,15:08:11.371000,12839,12840,12841,1
2020-08-10,15:08:12.013000,12839,12841,12840,1
2020-08-10,15:08:13.001000,12839,12840,12840,1
2020-08-10,15:08:14.387000,12839,12840,12840,2
2020-08-10,15:08:16.867000,12839,12840,12840,1
2020-08-10,15:08:20.151000,12839,12840,12840,1
2020-08-10,15:08:20.797000,12839,12840,12840,1
2020-08-10,15:08:22.984000,12839,12840,12840,1
2020-08-10,15:08:25.538000,12839,12840,12840,1
2020-08-10,15:08:26.478000,12839,12840,12839,5
2020-08-10,15:08:26.694000,12838,12839,12839,1
2020-08-10,15:08:29.503000,12839,12840,12839,1
2020-08-10,15:08:40.723000,12839,12840,12840,1
2020-08-10,15:08:40.984000,12840,12841,12840,6
2020-08-10,15:08:40.986000,12840,12841,12840,4
2020-08-10,15:08:45.399000,12840,12841,12841,1
2020-08-10,15:08:45.518000,12840,12841,12840,2
2020-08-10,15:08:45.988000,12839,12840,12840,3
2020-08-10,15:08:48.140000,12840,12841,12840,1
2020-08-10,15:09:16.112000,12840,12841,12841,1
2020-08-10,15:09:16.194000,12840,12841,12840,1
2020-08-10,15:09:16.211000,12840,12841,12841,2
2020-08-10,15:09:16.212000,12840,12841,12841,15
2020-08-10,15:09:16.358000,12840,12842,12840,1
2020-08-10,15:09:16.937000,12841,12842,12842,1
2020-08-10,15:09:17.151000,12841,12842,12841,1
2020-08-10,15:09:22.504000,12841,12842,12841,2
2020-08-10,15:09:22.535000,12841,12842,12842,2
2020-08-10,15:09:22.585000,12841,12842,12842,2
2020-08-10,15:09:22.586000,12841,12842,12842,2
2020-08-10,15:09:23.357000,12841,12842,12842,2
2020-08-10,15:09:25.812000,12841,12842,12842,21
2020-08-10,15:09:26.364000,12842,12843,12842,1
2020-08-10,15:09:33.572000,12842,12843,12843,5
2020-08-10,15:09:34.172000,12842,12844,12842,10
2020-08-10,15:09:35.634000,12842,12843,12843,1
2020-08-10,15:09:38.343000,12842,12843,12843,1
2020-08-10,15:09:39.711000,12842,12843,12843,1
2020-08-10,15:09:39.741000,12842,12843,12843,1
2020-08-10,15:09:41.015000,12842,12843,12843,1
2020-08-10,15:09:41.779000,12842,12844,12844,1
2020-08-10,15:09:42.651000,12842,12844,12843,1
2020-08-10,15:09:43.498000,12842,12843,12843,1
2020-08-10,15:09:45.180000,12843,12844,12843,1
2020-08-10,15:09:48.003000,12842,12843,12842,5
2020-08-10,15:09:48.034000,12842,12843,12842,2
2020-08-10,15:09:48.052000,12841,12843,12842,2
2020-08-10,15:09:49.671000,12842,12843,12842,1
2020-08-10,15:09:53.066000,12842,12843,12842,1
2020-08-10,15:09:53.574000,12842,12843,12842,4
2020-08-10,15:09:53.586000,12842,12843,12842,2
2020-08-10,15:10:00.011000,12841,12842,12841,3
2020-08-10,15:10:00.071000,12840,12842,12840,1
2020-08-10,15:10:00.211000,12840,12842,12842,1
2020-08-10,15:10:00.228000,12840,12842,12840,1
2020-08-10,15:10:00.512000,12840,12842,12842,1
2020-08-10,15:10:01.588000,12841,12842,12841,1
2020-08-10,15:10:02.181000,12841,12842,12842,1
2020-08-10,15:10:08.854000,12841,12842,12842,1
2020-08-10,15:10:11.011000,12841,12842,12842,1
2020-08-10,15:10:11.423000,12841,12842,12842,5
2020-08-10,15:10:11.755000,12841,12843,12841,1
2020-08-10,15:10:13.559000,12842,12843,12843,1
2020-08-10,15:10:13.619000,12842,12843,12842,1
2020-08-10,15:10:22.414000,12842,12843,12842,1
2020-08-10,15:10:26.735000,12842,12843,12843,1
2020-08-10,15:10:26.922000,12842,12843,12843,1
2020-08-10,15:10:27.572000,12842,12843,12843,1
2020-08-10,15:10:34.619000,12842,12843,12843,2
2020-08-10,15:10:35.704000,12842,12843,12843,1
2020-08-10,15:10:36.766000,12842,12843,12843,1
2020-08-10,15:10:36.795000,12842,12843,12843,1
2020-08-10,15:10:36.801000,12842,12843,12843,3
2020-08-10,15:10:37.816000,12842,12844,12844,1
2020-08-10,15:10:43.446000,12843,12844,12844,1
2020-08-10,15:10:57.771000,12843,12844,12844,1
2020-08-10,15:11:00.254000,12843,12844,12844,1
2020-08-10,15:11:00.319000,12843,12844,12843,1
2020-08-10,15:11:00.480000,12843,12844,12843,1
2020-08-10,15:11:00.868000,12843,12844,12844,1
2020-08-10,15:11:02.224000,12843,12844,12844,2
2020-08-10,15:11:03.780000,12843,12844,12844,5
2020-08-10,15:11:03.780000,12843,12844,12844,2
2020-08-10,15:11:03.780000,12843,12844,12844,13
2020-08-10,15:11:03.929000,12844,12845,12845,1
2020-08-10,15:11:06.871000,12844,12845,12845,2
2020-08-10,15:11:07.719000,12844,12845,12845,1
2020-08-10,15:11:08.331000,12844,12845,12844,1
2020-08-10,15:11:08.426000,12844,12845,12844,1
2020-08-10,15:11:08.696000,12844,12845,12845,2
2020-08-10,15:11:10.847000,12844,12845,12844,4
2020-08-10,15:11:12.418000,12843,12845,12845,2
2020-08-10,15:11:12.748000,12843,12845,12844,2
2020-08-10,15:11:12.748000,12843,12845,12845,8
2020-08-10,15:11:14.691000,12844,12845,12845,1
2020-08-10,15:11:17.267000,12844,12845,12845,1
2020-08-10,15:11:20.448000,12844,12845,12845,5
2020-08-10,15:11:22.309000,12844,12845,12844,2
2020-08-10,15:11:22.323000,12844,12845,12845,1
2020-08-10,15:11:27.708000,12845,12846,12845,1
2020-08-10,15:11:28.632000,12845,12846,12845,1
2020-08-10,15:11:32.921000,12845,12846,12845,10
2020-08-10,15:11:32.926000,12844,12845,12845,2
2020-08-10,15:11:34.119000,12845,12846,12845,1
2020-08-10,15:11:39.951000,12844,12845,12845,1
2020-08-10,15:11:45.062000,12844,12845,12845,2
2020-08-10,15:11:45.112000,12844,12845,12845,1
2020-08-10,15:11:46.349000,12845,12846,12845,1
2020-08-10,15:11:54.478000,12845,12846,12846,1
2020-08-10,15:11:55.837000,12845,12846,12846,1
2020-08-10,15:12:01.722000,12845,12846,12846,5
2020-08-10,15:12:01.819000,12845,12846,12845,1
2020-08-10,15:12:01.937000,12845,12846,12845,1
2020-08-10,15:12:05.606000,12845,12846,12845,1
2020-08-10,15:12:06.056000,12845,12846,12845,2
2020-08-10,15:12:06.786000,12845,12846,12845,2
2020-08-10,15:12:10.542000,12845,12846,12846,5
2020-08-10,15:12:10.553000,12845,12846,12846,1
2020-08-10,15:12:19.024000,12845,12846,12845,10
2020-08-10,15:12:19.025000,12845,12846,12845,3
2020-08-10,15:12:19.025000,12845,12846,12845,5
2020-08-10,15:12:19.025000,12845,12846,12845,2
2020-08-10,15:12:19.405000,12845,12846,12845,1
2020-08-10,15:12:21.620000,12844,12845,12845,2
2020-08-10,15:12:31.492000,12844,12845,12845,1
2020-08-10,15:12:35.288000,12844,12845,12845,1
2020-08-10,15:12:36.775000,12844,12845,12845,1
2020-08-10,15:12:37.009000,12844,12845,12845,2
2020-08-10,15:12:37.055000,12844,12845,12845,2
2020-08-10,15:12:37.106000,12844,12845,12845,2
2020-08-10,15:12:37.158000,12844,12845,12845,2
2020-08-10,15:12:38.441000,12844,12845,12844,1
2020-08-10,15:12:40.444000,12844,12845,12844,1
2020-08-10,15:12:45.086000,12844,12845,12844,1
2020-08-10,15:12:46.954000,12844,12845,12844,6
2020-08-10,15:12:50.605000,12843,12844,12843,1
2020-08-10,15:12:53.016000,12843,12844,12843,3
2020-08-10,15:12:53.016000,12843,12844,12843,1
2020-08-10,15:12:53.231000,12842,12843,12843,2
2020-08-10,15:12:57.556000,12842,12843,12843,1
2020-08-10,15:12:59.365000,12842,12843,12843,1
2020-08-10,15:13:05.350000,12842,12843,12843,6
2020-08-10,15:13:05.444000,12842,12843,12842,1
2020-08-10,15:13:05.583000,12842,12843,12842,1
2020-08-10,15:13:07.575000,12842,12843,12842,1
2020-08-10,15:13:11.617000,12842,12843,12842,3
2020-08-10,15:13:11.618000,12842,12843,12842,7
2020-08-10,15:13:15.339000,12841,12842,12841,1
2020-08-10,15:13:16.193000,12841,12842,12841,2
2020-08-10,15:13:16.194000,12841,12842,12841,2
2020-08-10,15:13:16.194000,12841,12842,12841,1
2020-08-10,15:13:18.621000,12840,12841,12841,1
2020-08-10,15:13:18.785000,12840,12841,12841,1
2020-08-10,15:13:19.197000,12840,12841,12840,2
2020-08-10,15:13:20.939000,12840,12841,12840,2
2020-08-10,15:13:22.596000,12840,12841,12840,2
2020-08-10,15:13:23.412000,12840,12841,12840,1
2020-08-10,15:13:24.179000,12840,12841,12841,2
2020-08-10,15:13:24.345000,12840,12841,12841,2
2020-08-10,15:13:24.345000,12840,12841,12841,2
2020-08-10,15:13:25.243000,12840,12842,12840,1
2020-08-10,15:13:27.328000,12840,12841,12841,1
2020-08-10,15:13:30.065000,12841,12842,12841,1
2020-08-10,15:13:36.583000,12840,12841,12840,2
2020-08-10,15:13:36.656000,12840,12841,12840,1
2020-08-10,15:13:46.204000,12840,12841,12841,1
2020-08-10,15:13:55.021000,12841,12842,12841,1
2020-08-10,15:13:56.880000,12841,12842,12842,1
2020-08-10,15:13:57.977000,12841,12842,12841,1
2020-08-10,15:13:58.271000,12841,12842,12842,4
2020-08-10,15:14:08.148000,12841,12842,12841,1
2020-08-10,15:14:08.192000,12841,12842,12841,1
2020-08-10,15:14:08.322000,12840,12842,12840,1
2020-08-10,15:14:09.773000,12840,12841,12841,1
2020-08-10,15:14:10.151000,12840,12841,12841,1
2020-08-10,15:14:10.428000,12840,12841,12841,1
2020-08-10,15:14:14.943000,12841,12842,12841,1
2020-08-10,15:14:16.885000,12840,12841,12841,1
2020-08-10,15:14:24.314000,12840,12841,12841,1
2020-08-10,15:14:28.774000,12840,12841,12841,1
2020-08-10,15:14:28.775000,12840,12841,12841,5
2020-08-10,15:14:28.775000,12840,12841,12841,1
2020-08-10,15:14:31.104000,12841,12842,12841,8
2020-08-10,15:14:31.466000,12841,12842,12842,1
2020-08-10,15:14:32.423000,12842,12843,12842,1
2020-08-10,15:14:34.031000,12840,12842,12840,2
2020-08-10,15:14:49.033000,12840,12841,12840,10
2020-08-10,15:14:53.657000,12840,12841,12840,1
2020-08-10,15:14:55.313000,12839,12840,12840,1
2020-08-10,15:14:55.314000,12839,12840,12840,1
2020-08-10,15:15:04.656000,12839,12840,12839,6
2020-08-10,15:15:04.696000,12838,12839,12838,1
2020-08-10,15:15:04.885000,12838,12839,12838,1
2020-08-10,15:15:04.893000,12838,12839,12838,1
2020-08-10,15:15:05.255000,12838,12839,12838,4
2020-08-10,15:15:05.255000,12838,12839,12838,1
2020-08-10,15:15:05.255000,12838,12839,12838,2
2020-08-10,15:15:05.965000,12837,12839,12839,3
2020-08-10,15:15:08.717000,12837,12838,12838,1
2020-08-10,15:15:09.604000,12837,12838,12837,1
2020-08-10,15:15:09.604000,12837,12838,12836,2
2020-08-10,15:15:09.742000,12836,12838,12836,3
2020-08-10,15:15:15.933000,12836,12837,12836,1
2020-08-10,15:15:20.449000,12836,12837,12837,10
2020-08-10,15:15:21.389000,12837,12838,12838,2
2020-08-10,15:15:21.510000,12837,12839,12838,1
2020-08-10,15:15:21.658000,12838,12839,12838,1
2020-08-10,15:15:21.969000,12838,12839,12839,1
2020-08-10,15:15:24.322000,12839,12841,12841,3
2020-08-10,15:15:30.454000,12839,12840,12840,1
2020-08-10,15:15:35.274000,12840,12841,12840,1
2020-08-10,15:15:37.909000,12840,12841,12841,4
2020-08-10,15:15:41.659000,12841,12843,12843,3
2020-08-10,15:15:45.280000,12843,12844,12843,1
2020-08-10,15:15:50.421000,12843,12844,12844,1
2020-08-10,15:15:51.959000,12843,12844,12843,4
2020-08-10,15:15:51.960000,12843,12844,12843,2
2020-08-10,15:15:52.738000,12841,12843,12843,3
2020-08-10,15:15:55.635000,12842,12844,12842,2
2020-08-10,15:16:04.349000,12843,12844,12844,1
2020-08-10,15:16:04.445000,12843,12844,12843,1
2020-08-10,15:16:04.627000,12843,12844,12843,1
2020-08-10,15:16:10.500000,12843,12844,12844,2
2020-08-10,15:16:10.782000,12844,12845,12844,1
2020-08-10,15:16:11.508000,12844,12845,12844,1
2020-08-10,15:16:19.670000,12844,12845,12845,4
2020-08-10,15:16:19.968000,12844,12846,12844,3
2020-08-10,15:16:21.246000,12844,12846,12846,10
2020-08-10,15:16:21.325000,12844,12846,12846,1
2020-08-10,15:16:21.382000,12844,12846,12844,1
2020-08-10,15:16:22.653000,12844,12846,12846,1
2020-08-10,15:16:23.064000,12845,12846,12846,10
2020-08-10,15:16:24.619000,12846,12847,12846,1
2020-08-10,15:16:26.198000,12845,12847,12847,1
2020-08-10,15:16:26.359000,12846,12847,12847,1
2020-08-10,15:16:27.783000,12846,12847,12847,1
2020-08-10,15:16:28.072000,12846,12847,12847,1
2020-08-10,15:16:28.695000,12846,12847,12847,1
2020-08-10,15:16:30.386000,12846,12847,12847,1
2020-08-10,15:16:32.293000,12846,12847,12847,1
2020-08-10,15:16:32.436000,12846,12847,12847,2
2020-08-10,15:16:32.458000,12846,12847,12846,9
2020-08-10,15:16:32.464000,12846,12847,12846,1
2020-08-10,15:16:36.175000,12846,12847,12846,1
2020-08-10,15:16:36.878000,12844,12846,12846,1
2020-08-10,15:16:39.064000,12845,12846,12846,1
2020-08-10,15:16:41.604000,12845,12846,12846,1
2020-08-10,15:16:44.079000,12846,12847,12846,1
2020-08-10,15:16:44.725000,12845,12846,12846,1
2020-08-10,15:16:59.217000,12846,12847,12847,8
2020-08-10,15:17:04.750000,12846,12847,12847,1
2020-08-10,15:17:04.819000,12846,12847,12846,1
2020-08-10,15:17:04.937000,12846,12847,12846,1
2020-08-10,15:17:05.741000,12845,12846,12846,1
2020-08-10,15:17:11.731000,12846,12847,12846,1
2020-08-10,15:17:12.050000,12846,12847,12846,1
2020-08-10,15:17:12.826000,12846,12847,12846,1
2020-08-10,15:17:13.097000,12846,12847,12847,1
2020-08-10,15:17:20.356000,12846,12847,12846,1
2020-08-10,15:17:21.380000,12845,12847,12847,1
2020-08-10,15:17:37.404000,12845,12846,12845,2
2020-08-10,15:17:38.492000,12845,12846,12846,1
2020-08-10,15:17:48.182000,12845,12846,12846,14
2020-08-10,15:17:48.183000,12845,12846,12846,22
2020-08-10,15:17:48.183000,12845,12846,12846,1
2020-08-10,15:17:48.641000,12846,12847,12846,1
2020-08-10,15:17:58.166000,12846,12847,12847,8
2020-08-10,15:18:02.581000,12847,12848,12847,10
2020-08-10,15:18:02.581000,12847,12848,12846,22
2020-08-10,15:18:02.581000,12847,12848,12845,32
2020-08-10,15:18:02.582000,12847,12848,12845,2
2020-08-10,15:18:02.583000,12847,12848,12845,7
2020-08-10,15:18:02.584000,12847,12848,12845,1
2020-08-10,15:18:02.695000,12844,12846,12844,1
2020-08-10,15:18:02.905000,12844,12846,12845,1
2020-08-10,15:18:04.046000,12846,12847,12846,1
2020-08-10,15:18:04.046000,12846,12847,12846,1
2020-08-10,15:18:07.678000,12844,12845,12844,2
2020-08-10,15:18:07.892000,12843,12845,12844,1
2020-08-10,15:18:08.293000,12843,12845,12845,1
2020-08-10,15:18:09.561000,12843,12844,12843,3
2020-08-10,15:18:12.203000,12842,12844,12844,1
2020-08-10,15:18:12.354000,12843,12844,12844,5
2020-08-10,15:18:17.445000,12843,12844,12844,1
2020-08-10,15:18:19.217000,12843,12844,12844,1
2020-08-10,15:18:21.655000,12845,12846,12845,1
2020-08-10,15:18:21.771000,12845,12846,12845,1
2020-08-10,15:18:25.657000,12844,12846,12846,1
2020-08-10,15:18:29.662000,12844,12845,12844,2
2020-08-10,15:18:30.819000,12844,12846,12846,1
2020-08-10,15:18:39.516000,12844,12846,12846,2
2020-08-10,15:18:46.418000,12844,12846,12845,1
2020-08-10,15:18:48.117000,12844,12845,12844,1
2020-08-10,15:18:49.509000,12844,12845,12845,2
2020-08-10,15:18:54.744000,12844,12845,12845,1
2020-08-10,15:19:04.308000,12844,12845,12845,1
2020-08-10,15:19:04.445000,12844,12845,12844,1
2020-08-10,15:19:04.563000,12844,12845,12844,1
2020-08-10,15:19:04.564000,12844,12845,12844,3
2020-08-10,15:19:22.020000,12843,12844,12844,5
2020-08-10,15:19:22.524000,12844,12845,12844,1
2020-08-10,15:19:31.783000,12843,12844,12844,2
2020-08-10,15:19:34.563000,12843,12845,12844,1
2020-08-10,15:19:34.563000,12843,12845,12844,1
2020-08-10,15:19:35.734000,12843,12844,12844,1
2020-08-10,15:19:38.186000,12844,12845,12845,2
2020-08-10,15:19:38.919000,12844,12845,12845,2
2020-08-10,15:19:38.919000,12844,12845,12845,1
2020-08-10,15:19:40.247000,12844,12845,12845,3
2020-08-10,15:19:59.998000,12845,12846,12845,4
2020-08-10,15:20:05.244000,12845,12846,12845,9
2020-08-10,15:20:05.244000,12845,12846,12844,19
2020-08-10,15:20:05.244000,12845,12846,12843,37
2020-08-10,15:20:05.318000,12843,12844,12843,1
2020-08-10,15:20:05.528000,12843,12845,12843,1
2020-08-10,15:20:06.225000,12842,12844,12844,1
2020-08-10,15:20:06.561000,12843,12844,12844,3
2020-08-10,15:20:10.526000,12844,12845,12845,1
2020-08-10,15:20:11.359000,12844,12846,12846,4
2020-08-10,15:20:11.658000,12845,12846,12845,1
2020-08-10,15:20:12.528000,12844,12846,12844,5
2020-08-10,15:20:15.317000,12845,12846,12846,1
2020-08-10,15:20:16.473000,12845,12846,12845,1
2020-08-10,15:20:16.473000,12845,12846,12844,8
2020-08-10,15:20:16.473000,12845,12846,12843,8
2020-08-10,15:20:16.833000,12844,12845,12845,1
2020-08-10,15:20:18.601000,12845,12846,12845,1
2020-08-10,15:20:21.204000,12845,12846,12845,1
2020-08-10,15:20:21.257000,12845,12846,12845,3
2020-08-10,15:20:21.257000,12845,12846,12844,9
2020-08-10,15:20:21.452000,12844,12846,12846,2
2020-08-10,15:20:23.178000,12845,12846,12845,1
2020-08-10,15:20:26.645000,12845,12846,12846,2
2020-08-10,15:20:28.775000,12845,12846,12845,2
2020-08-10,15:20:28.775000,12845,12846,12844,11
2020-08-10,15:20:29.150000,12844,12845,12845,6
2020-08-10,15:20:42.561000,12845,12846,12845,2
2020-08-10,15:20:42.641000,12845,12846,12846,2
2020-08-10,15:20:48.975000,12845,12846,12846,1
2020-08-10,15:20:50.794000,12845,12846,12845,1
2020-08-10,15:21:00.123000,12845,12846,12845,1
2020-08-10,15:21:00.335000,12845,12846,12845,1
2020-08-10,15:21:04.763000,12845,12846,12845,1
2020-08-10,15:21:08.790000,12845,12846,12845,1
2020-08-10,15:21:08.864000,12845,12846,12845,4
2020-08-10,15:21:09.189000,12844,12845,12845,21
2020-08-10,15:21:09.533000,12844,12846,12844,1
2020-08-10,15:21:12.283000,12844,12845,12845,2
2020-08-10,15:21:12.608000,12845,12846,12845,1
2020-08-10,15:21:22.844000,12844,12845,12845,1
2020-08-10,15:21:23.571000,12844,12845,12844,3
2020-08-10,15:21:38.167000,12843,12844,12843,5
2020-08-10,15:21:38.168000,12843,12844,12843,1
2020-08-10,15:21:38.169000,12843,12844,12843,1
2020-08-10,15:21:38.407000,12843,12844,12843,1
2020-08-10,15:21:38.824000,12843,12844,12843,2
2020-08-10,15:21:42.125000,12843,12844,12843,8
2020-08-10,15:21:42.147000,12843,12844,12843,13
2020-08-10,15:21:46.630000,12843,12844,12843,1
2020-08-10,15:21:50.179000,12843,12844,12843,1
2020-08-10,15:21:52.655000,12843,12844,12843,1
2020-08-10,15:21:58.808000,12843,12844,12844,2
2020-08-10,15:22:04.333000,12843,12844,12844,1
2020-08-10,15:22:04.575000,12843,12844,12843,1
2020-08-10,15:22:22.383000,12843,12844,12844,3
2020-08-10,15:22:24.022000,12843,12845,12845,1
2020-08-10,15:22:30.396000,12844,12845,12845,1
2020-08-10,15:22:31.583000,12844,12845,12845,12
2020-08-10,15:22:32.380000,12844,12845,12845,2
2020-08-10,15:22:32.380000,12844,12845,12845,5
2020-08-10,15:22:32.380000,12844,12845,12845,1
2020-08-10,15:22:32.380000,12844,12845,12845,2
2020-08-10,15:22:33.693000,12845,12846,12846,6
2020-08-10,15:22:37.534000,12846,12847,12847,2
2020-08-10,15:22:37.578000,12846,12848,12848,1
2020-08-10,15:22:37.731000,12846,12848,12848,1
2020-08-10,15:22:37.736000,12846,12848,12848,1
2020-08-10,15:22:37.739000,12846,12848,12848,1
2020-08-10,15:22:37.816000,12847,12848,12848,17
2020-08-10,15:22:40.802000,12848,12849,12849,1
2020-08-10,15:22:41.143000,12848,12849,12848,1
2020-08-10,15:22:43.264000,12848,12849,12848,1
2020-08-10,15:22:43.950000,12847,12849,12848,4
2020-08-10,15:22:43.951000,12847,12849,12848,5
2020-08-10,15:22:44.272000,12847,12848,12848,3
2020-08-10,15:22:45.683000,12847,12849,12849,3
2020-08-10,15:22:45.773000,12847,12849,12849,1
2020-08-10,15:22:46.079000,12848,12849,12849,1
2020-08-10,15:22:46.177000,12848,12849,12849,1
2020-08-10,15:22:46.810000,12847,12848,12848,1
2020-08-10,15:22:52.027000,12848,12849,12848,1
2020-08-10,15:22:52.374000,12847,12848,12848,1
2020-08-10,15:22:53.836000,12848,12849,12849,1
2020-08-10,15:22:56.180000,12848,12849,12849,1
2020-08-10,15:22:56.995000,12848,12849,12849,1
2020-08-10,15:22:58.230000,12848,12849,12848,1
2020-08-10,15:22:58.614000,12848,12849,12849,1
2020-08-10,15:22:58.977000,12848,12849,12848,1
2020-08-10,15:22:59.416000,12848,12849,12849,1
2020-08-10,15:23:00.034000,12848,12849,12849,6
2020-08-10,15:23:00.228000,12848,12850,12848,1
2020-08-10,15:23:00.565000,12848,12850,12850,1
2020-08-10,15:23:02.026000,12849,12850,12849,1
2020-08-10,15:23:07.992000,12849,12850,12849,1
2020-08-10,15:23:08.513000,12849,12850,12849,1
2020-08-10,15:23:14.331000,12849,12850,12849,1
2020-08-10,15:23:15.150000,12849,12850,12850,2
2020-08-10,15:23:15.187000,12849,12850,12850,26
2020-08-10,15:23:17.009000,12849,12851,12849,1
2020-08-10,15:23:21.997000,12850,12851,12851,1
2020-08-10,15:23:22.076000,12850,12851,12851,2
2020-08-10,15:23:22.705000,12850,12851,12850,1
2020-08-10,15:23:23.294000,12850,12851,12851,1
2020-08-10,15:23:26.025000,12850,12851,12851,1
2020-08-10,15:23:26.025000,12850,12851,12851,8
2020-08-10,15:23:26.026000,12850,12851,12851,1
2020-08-10,15:23:27.830000,12851,12852,12851,1
2020-08-10,15:23:28.758000,12851,12852,12851,1
2020-08-10,15:23:30.416000,12851,12852,12852,1
2020-08-10,15:23:30.653000,12851,12852,12852,5
2020-08-10,15:23:32.153000,12852,12853,12852,1
2020-08-10,15:23:34.498000,12852,12853,12853,1
2020-08-10,15:23:35.635000,12852,12853,12853,1
2020-08-10,15:23:36.542000,12852,12853,12852,1
2020-08-10,15:23:37.538000,12851,12852,12852,1
2020-08-10,15:23:37.556000,12852,12853,12852,1
2020-08-10,15:23:37.713000,12852,12853,12853,1
2020-08-10,15:23:37.746000,12852,12853,12852,1
2020-08-10,15:23:40.391000,12851,12853,12853,1
2020-08-10,15:23:41.301000,12852,12853,12852,1
2020-08-10,15:23:43.210000,12851,12853,12851,1
2020-08-10,15:23:43.962000,12851,12852,12852,1
2020-08-10,15:23:43.962000,12851,12852,12853,2
2020-08-10,15:23:44.069000,12851,12853,12853,1
2020-08-10,15:23:44.446000,12851,12852,12852,1
2020-08-10,15:23:45.178000,12851,12852,12852,1
2020-08-10,15:23:45.896000,12851,12852,12852,1
2020-08-10,15:23:48.398000,12852,12853,12853,3
2020-08-10,15:23:54.772000,12852,12853,12852,3
2020-08-10,15:23:55.485000,12851,12853,12853,1
2020-08-10,15:23:56.500000,12851,12853,12851,22
2020-08-10,15:23:56.500000,12851,12853,12850,19
2020-08-10,15:23:56.500000,12851,12853,12849,9
2020-08-10,15:23:56.516000,12851,12853,12850,1
2020-08-10,15:23:56.758000,12850,12851,12851,1
2020-08-10,15:24:01.773000,12850,12851,12851,1
2020-08-10,15:24:01.921000,12850,12851,12850,1
2020-08-10,15:24:02.348000,12850,12851,12850,1
2020-08-10,15:24:04.509000,12850,12851,12850,2
2020-08-10,15:24:04.841000,12850,12851,12850,1
2020-08-10,15:24:07.297000,12850,12851,12851,1
2020-08-10,15:24:11.649000,12850,12851,12850,3
2020-08-10,15:24:11.650000,12850,12851,12850,2
2020-08-10,15:24:11.676000,12849,12850,12850,2
2020-08-10,15:24:11.723000,12849,12850,12850,1
2020-08-10,15:24:11.728000,12849,12850,12850,2
2020-08-10,15:24:13.405000,12849,12850,12850,1
2020-08-10,15:24:13.541000,12849,12850,12849,2
2020-08-10,15:24:13.902000,12848,12849,12848,1
2020-08-10,15:24:15.652000,12848,12849,12848,1
2020-08-10,15:24:18.919000,12848,12849,12848,2
2020-08-10,15:24:20.170000,12846,12848,12848,1
2020-08-10,15:24:20.658000,12846,12848,12848,8
2020-08-10,15:24:25.560000,12847,12849,12849,1
2020-08-10,15:24:25.878000,12847,12849,12847,1
2020-08-10,15:24:29.296000,12847,12848,12847,4
2020-08-10,15:24:30.545000,12846,12847,12846,6
2020-08-10,15:24:30.545000,12846,12847,12845,10
2020-08-10,15:24:30.546000,12846,12847,12845,1
2020-08-10,15:24:32.022000,12845,12847,12847,1
2020-08-10,15:24:35.842000,12845,12847,12845,1
2020-08-10,15:24:41.544000,12845,12846,12845,1
2020-08-10,15:24:46.795000,12845,12846,12846,3
2020-08-10,15:24:50.357000,12846,12847,12846,1
2020-08-10,15:24:55.791000,12845,12846,12845,1
2020-08-10,15:24:57.290000,12845,12846,12846,1
2020-08-10,15:25:03.395000,12845,12846,12846,1
2020-08-10,15:25:03.599000,12845,12846,12845,1
2020-08-10,15:25:05.131000,12845,12846,12845,6
2020-08-10,15:25:05.131000,12845,12846,12845,4
2020-08-10,15:25:06.352000,12845,12846,12845,1
2020-08-10,15:25:06.491000,12845,12846,12845,1
2020-08-10,15:25:11.548000,12844,12846,12846,1
2020-08-10,15:25:15.613000,12844,12845,12844,2
2020-08-10,15:25:16.262000,12843,12845,12845,6
2020-08-10,15:25:18.934000,12844,12845,12844,1
2020-08-10,15:25:19.248000,12843,12845,12843,1
2020-08-10,15:25:19.361000,12843,12844,12843,3
2020-08-10,15:25:19.431000,12843,12844,12844,1
2020-08-10,15:25:19.554000,12843,12844,12844,1
2020-08-10,15:25:23.203000,12843,12845,12843,1
2020-08-10,15:25:24.529000,12843,12845,12843,1
2020-08-10,15:25:24.565000,12843,12845,12843,1
2020-08-10,15:25:29.225000,12843,12844,12844,2
2020-08-10,15:25:34.674000,12843,12844,12844,1
2020-08-10,15:25:36.002000,12843,12844,12844,1
2020-08-10,15:25:37.670000,12843,12844,12843,3
2020-08-10,15:25:39.779000,12842,12844,12844,1
2020-08-10,15:25:42.168000,12843,12844,12843,1
2020-08-10,15:25:42.330000,12842,12843,12843,2
2020-08-10,15:25:44.851000,12843,12844,12843,1
2020-08-10,15:25:45.664000,12842,12844,12842,1
2020-08-10,15:25:45.703000,12842,12844,12842,1
2020-08-10,15:25:48.591000,12842,12843,12843,1
2020-08-10,15:25:48.913000,12842,12843,12842,6
2020-08-10,15:25:50.101000,12842,12843,12842,1
2020-08-10,15:25:53.831000,12841,12843,12841,3
2020-08-10,15:25:54.272000,12841,12843,12841,3
2020-08-10,15:25:55.926000,12841,12842,12841,1
2020-08-10,15:25:55.943000,12841,12842,12841,6
2020-08-10,15:25:57.328000,12841,12842,12842,3
2020-08-10,15:26:02.350000,12840,12842,12842,1
2020-08-10,15:26:02.538000,12840,12842,12840,1
2020-08-10,15:26:05.159000,12841,12842,12841,1
2020-08-10,15:26:05.278000,12841,12842,12842,3
2020-08-10,15:26:05.360000,12841,12843,12841,1
2020-08-10,15:26:05.985000,12841,12843,12841,1
2020-08-10,15:26:07.669000,12841,12842,12841,1
2020-08-10,15:26:11.868000,12840,12841,12841,1
2020-08-10,15:26:16.370000,12840,12841,12840,11
2020-08-10,15:26:16.371000,12840,12841,12840,3
2020-08-10,15:26:21.816000,12839,12840,12840,3
2020-08-10,15:26:25.424000,12840,12842,12841,1
2020-08-10,15:26:50.212000,12841,12843,12841,1
2020-08-10,15:26:50.976000,12841,12843,12841,1
2020-08-10,15:26:51.675000,12841,12842,12842,1
2020-08-10,15:26:53.271000,12841,12842,12841,1
2020-08-10,15:26:53.638000,12841,12842,12841,1
2020-08-10,15:26:56.015000,12840,12842,12842,1
2020-08-10,15:26:56.706000,12840,12842,12840,1
2020-08-10,15:26:58.392000,12841,12842,12841,1
2020-08-10,15:27:01.491000,12840,12841,12841,4
2020-08-10,15:27:01.667000,12840,12842,12841,1
2020-08-10,15:27:06.166000,12841,12842,12841,1
2020-08-10,15:27:07.052000,12841,12842,12841,1
2020-08-10,15:27:08.335000,12840,12841,12841,1
2020-08-10,15:27:08.700000,12840,12841,12841,1
2020-08-10,15:27:12.494000,12840,12841,12841,1
2020-08-10,15:27:21.241000,12840,12841,12841,1
2020-08-10,15:27:21.595000,12841,12842,12841,1
2020-08-10,15:27:30.604000,12841,12842,12841,1
2020-08-10,15:27:30.604000,12841,12842,12840,2
2020-08-10,15:27:34.740000,12840,12841,12840,8
2020-08-10,15:27:37.479000,12839,12841,12839,2
2020-08-10,15:28:02.734000,12839,12840,12839,1
2020-08-10,15:28:03.005000,12839,12840,12839,1
2020-08-10,15:28:03.610000,12839,12840,12839,1
2020-08-10,15:28:04.587000,12839,12840,12839,1
2020-08-10,15:28:05.705000,12839,12840,12839,1
2020-08-10,15:28:09.608000,12839,12840,12839,1
2020-08-10,15:28:10.883000,12839,12840,12840,1
2020-08-10,15:28:13.564000,12840,12841,12840,1
2020-08-10,15:28:16.621000,12839,12841,12841,1
2020-08-10,15:28:18.287000,12839,12841,12840,16
2020-08-10,15:28:19.102000,12839,12841,12839,1
2020-08-10,15:28:27.704000,12839,12840,12839,1
2020-08-10,15:28:28.236000,12839,12841,12840,1
2020-08-10,15:28:41.596000,12840,12841,12841,1
2020-08-10,15:28:49.902000,12841,12842,12842,4
2020-08-10,15:28:57.009000,12842,12843,12842,1
2020-08-10,15:28:57.880000,12842,12843,12843,1
2020-08-10,15:29:03.895000,12842,12843,12843,1
2020-08-10,15:29:04.099000,12843,12844,12843,1
2020-08-10,15:29:10.209000,12843,12844,12843,1
2020-08-10,15:29:24.420000,12843,12844,12844,2
2020-08-10,15:29:33.479000,12844,12845,12845,5
2020-08-10,15:29:34.834000,12844,12846,12844,2
2020-08-10,15:29:40.788000,12844,12845,12845,1
2020-08-10,15:29:49.143000,12845,12846,12845,1
2020-08-10,15:29:49.480000,12844,12846,12844,2
2020-08-10,15:30:00.866000,12845,12846,12846,4
2020-08-10,15:30:01.098000,12846,12847,12846,1
2020-08-10,15:30:01.151000,12846,12847,12846,1
2020-08-10,15:30:01.362000,12846,12847,12847,2
2020-08-10,15:30:01.362000,12846,12847,12848,1
2020-08-10,15:30:01.379000,12846,12847,12848,3
2020-08-10,15:30:01.476000,12846,12848,12846,1
2020-08-10,15:30:01.496000,12846,12848,12846,1
2020-08-10,15:30:01.660000,12846,12848,12846,1
2020-08-10,15:30:05.029000,12846,12847,12847,1
2020-08-10,15:30:09.317000,12846,12847,12846,1
2020-08-10,15:30:10.849000,12845,12847,12847,4
2020-08-10,15:30:10.849000,12845,12847,12847,1
2020-08-10,15:30:11.943000,12847,12848,12847,2
2020-08-10,15:30:13.237000,12847,12848,12847,2
2020-08-10,15:30:25.451000,12846,12848,12846,2
2020-08-10,15:30:30.580000,12846,12847,12846,2
2020-08-10,15:30:39.194000,12846,12848,12846,1
2020-08-10,15:30:40.987000,12845,12847,12847,5
2020-08-10,15:31:00.912000,12846,12847,12846,1
2020-08-10,15:31:00.912000,12846,12847,12846,2
2020-08-10,15:31:02.427000,12845,12846,12846,1
2020-08-10,15:31:03.548000,12845,12847,12847,1
2020-08-10,15:31:22.462000,12846,12847,12847,1
2020-08-10,15:31:32.653000,12845,12847,12847,3
2020-08-10,15:31:38.534000,12845,12846,12845,12
2020-08-10,15:31:52.746000,12844,12845,12844,5
2020-08-10,15:31:52.746000,12844,12845,12844,3
2020-08-10,15:31:57.454000,12843,12844,12843,1
2020-08-10,15:32:07.527000,12842,12844,12842,1
2020-08-10,15:32:23.307000,12843,12844,12844,2
2020-08-10,15:32:35.594000,12845,12846,12846,1
2020-08-10,15:32:40.684000,12846,12847,12846,1
2020-08-10,15:32:40.869000,12845,12847,12847,1
2020-08-10,15:32:53.081000,12845,12846,12845,1
2020-08-10,15:33:00.809000,12845,12846,12845,1
2020-08-10,15:33:35.966000,12845,12846,12846,1
2020-08-10,15:33:35.966000,12845,12846,12846,2
2020-08-10,15:33:43.184000,12846,12847,12846,1
2020-08-10,15:33:46.243000,12845,12846,12845,1
2020-08-10,15:33:53.512000,12845,12846,12845,1
2020-08-10,15:33:56.126000,12845,12846,12845,1
2020-08-10,15:33:57.543000,12845,12846,12845,1
2020-08-10,15:33:57.543000,12845,12846,12845,2
2020-08-10,15:33:57.543000,12845,12846,12845,1
2020-08-10,15:33:59.064000,12844,12845,12845,1
2020-08-10,15:34:01.084000,12844,12845,12844,2
2020-08-10,15:34:01.084000,12844,12845,12844,1
2020-08-10,15:34:02.728000,12843,12844,12843,1
2020-08-10,15:34:37.056000,12843,12845,12843,1
2020-08-10,15:34:54.487000,12844,12845,12845,2
2020-08-10,15:34:54.487000,12844,12845,12845,2
2020-08-10,15:34:54.487000,12844,12845,12845,1
2020-08-10,15:35:03.596000,12845,12846,12846,2
2020-08-10,15:35:04.912000,12845,12846,12845,1
2020-08-10,15:35:04.912000,12845,12846,12844,4
2020-08-10,15:35:09.010000,12844,12845,12845,1
2020-08-10,15:35:36.329000,12845,12847,12846,1
2020-08-10,15:35:36.887000,12845,12847,12847,1
2020-08-10,15:35:39.059000,12845,12846,12846,1
2020-08-10,15:35:41.328000,12845,12846,12846,1
2020-08-10,15:35:46.310000,12846,12847,12846,1
2020-08-10,15:35:58.975000,12846,12847,12846,2
2020-08-10,15:35:59.676000,12845,12846,12846,1
2020-08-10,15:36:06.307000,12845,12846,12845,1
2020-08-10,15:36:06.712000,12845,12846,12845,5
2020-08-10,15:36:06.863000,12844,12845,12845,1
2020-08-10,15:36:07.086000,12844,12846,12846,2
2020-08-10,15:36:07.106000,12844,12846,12846,2
2020-08-10,15:36:14.367000,12844,12845,12844,1
2020-08-10,15:36:14.367000,12844,12845,12844,2
2020-08-10,15:36:41.288000,12844,12845,12844,3
2020-08-10,15:36:57.388000,12843,12844,12843,3
2020-08-10,15:36:57.389000,12843,12844,12843,1
2020-08-10,15:36:58.356000,12842,12843,12842,3
2020-08-10,15:37:00.141000,12841,12842,12841,2
2020-08-10,15:37:00.141000,12841,12842,12841,1
2020-08-10,15:37:00.141000,12841,12842,12841,4
2020-08-10,15:37:00.141000,12841,12842,12841,1
2020-08-10,15:37:00.142000,12841,12842,12841,1
2020-08-10,15:37:03.124000,12840,12841,12841,1
2020-08-10,15:37:04.994000,12841,12843,12841,1
2020-08-10,15:37:05.043000,12841,12843,12843,1
2020-08-10,15:37:11.144000,12841,12842,12841,4
2020-08-10,15:37:15.003000,12841,12842,12842,3
2020-08-10,15:37:16.615000,12842,12843,12843,1
2020-08-10,15:37:20.371000,12843,12844,12843,5
2020-08-10,15:37:50.521000,12843,12844,12843,1
2020-08-10,15:37:52.757000,12842,12844,12842,2
2020-08-10,15:37:56.533000,12842,12844,12842,1
2020-08-10,15:38:04.381000,12842,12844,12842,1
2020-08-10,15:38:16.565000,12842,12844,12843,1
2020-08-10,15:38:33.246000,12843,12844,12844,5
2020-08-10,15:38:35.260000,12844,12845,12845,4
2020-08-10,15:38:35.260000,12844,12845,12845,2
2020-08-10,15:38:51.497000,12843,12845,12845,1
2020-08-10,15:39:02.327000,12843,12844,12844,2
2020-08-10,15:39:03.412000,12843,12844,12843,2
2020-08-10,15:39:33.257000,12842,12843,12842,3
2020-08-10,15:39:40.900000,12842,12843,12842,2
2020-08-10,15:39:49.620000,12841,12842,12841,1
2020-08-10,15:39:50.034000,12841,12842,12841,2
2020-08-10,15:39:51.380000,12840,12841,12841,1
2020-08-10,15:40:00.226000,12840,12841,12841,3
2020-08-10,15:40:00.226000,12840,12841,12842,1
2020-08-10,15:40:00.599000,12840,12842,12840,2
2020-08-10,15:40:09.645000,12841,12842,12841,1
2020-08-10,15:40:14.313000,12840,12841,12841,1
2020-08-10,15:40:16.089000,12841,12842,12841,1
2020-08-10,15:40:19.587000,12841,12842,12841,1
2020-08-10,15:40:25.717000,12841,12842,12841,1
2020-08-10,15:40:29.785000,12841,12842,12841,6
2020-08-10,15:40:31.109000,12841,12842,12841,5
2020-08-10,15:40:32.423000,12841,12842,12841,1
2020-08-10,15:40:32.952000,12841,12842,12841,3
2020-08-10,15:40:34.031000,12841,12842,12841,1
2020-08-10,15:40:52.166000,12841,12842,12841,7
2020-08-10,15:40:57.648000,12840,12841,12841,5
2020-08-10,15:40:58.129000,12840,12841,12841,1
2020-08-10,15:40:59.837000,12841,12842,12841,3
2020-08-10,15:40:59.837000,12841,12842,12841,1
2020-08-10,15:41:12.023000,12841,12842,12842,2
2020-08-10,15:41:12.023000,12841,12842,12842,1
2020-08-10,15:41:14.708000,12842,12843,12843,2
2020-08-10,15:41:14.708000,12842,12843,12843,2
2020-08-10,15:41:14.708000,12842,12843,12843,1
2020-08-10,15:41:17.566000,12844,12845,12845,2
2020-08-10,15:41:17.566000,12844,12845,12845,2
2020-08-10,15:41:23.417000,12845,12846,12845,4
2020-08-10,15:41:23.421000,12845,12846,12845,1
2020-08-10,15:41:23.421000,12845,12846,12845,1
2020-08-10,15:41:23.635000,12844,12845,12844,3
2020-08-10,15:41:23.636000,12844,12845,12844,1
2020-08-10,15:41:23.659000,12844,12845,12844,1
2020-08-10,15:41:23.894000,12843,12845,12844,4
2020-08-10,15:41:27.867000,12843,12844,12843,4
2020-08-10,15:41:27.910000,12843,12844,12843,1
2020-08-10,15:41:31.846000,12843,12844,12844,1
2020-08-10,15:41:32.381000,12843,12844,12844,1
2020-08-10,15:41:33.875000,12844,12845,12845,1
2020-08-10,15:41:35.031000,12844,12845,12845,2
2020-08-10,15:41:38.343000,12845,12846,12846,2
2020-08-10,15:41:38.343000,12845,12846,12846,3
2020-08-10,15:41:38.343000,12845,12846,12846,2
2020-08-10,15:41:38.343000,12845,12846,12846,2
2020-08-10,15:41:39.405000,12845,12846,12846,3
2020-08-10,15:41:48.450000,12845,12846,12846,1
2020-08-10,15:41:52.886000,12846,12847,12847,2
2020-08-10,15:41:52.886000,12846,12847,12847,8
2020-08-10,15:41:54.498000,12846,12848,12846,1
2020-08-10,15:41:58.912000,12846,12847,12846,1
2020-08-10,15:41:58.985000,12845,12847,12846,10
2020-08-10,15:41:59.005000,12845,12847,12846,1
2020-08-10,15:42:07.378000,12845,12846,12845,1
2020-08-10,15:42:07.890000,12845,12846,12845,6
2020-08-10,15:42:10.075000,12844,12846,12844,1
2020-08-10,15:42:18.768000,12845,12847,12845,1
2020-08-10,15:42:24.499000,12844,12846,12845,1
2020-08-10,15:42:27.534000,12844,12846,12844,1
2020-08-10,15:42:29.670000,12844,12845,12844,3
2020-08-10,15:42:39.136000,12844,12845,12845,5
2020-08-10,15:42:39.879000,12844,12845,12844,1
2020-08-10,15:42:52.690000,12845,12846,12845,1
2020-08-10,15:42:52.836000,12843,12844,12844,1
2020-08-10,15:42:52.836000,12843,12844,12845,21
2020-08-10,15:43:00.177000,12844,12845,12845,2
2020-08-10,15:43:03.660000,12844,12845,12845,3
2020-08-10,15:43:05.297000,12845,12846,12845,1
2020-08-10,15:43:13.031000,12845,12846,12845,1
2020-08-10,15:43:15.531000,12844,12845,12845,1
2020-08-10,15:43:20.157000,12844,12845,12844,1
2020-08-10,15:43:20.176000,12844,12845,12844,2
2020-08-10,15:43:23.857000,12843,12845,12845,1
2020-08-10,15:43:27.890000,12844,12845,12844,1
2020-08-10,15:43:30.482000,12844,12845,12845,1
2020-08-10,15:43:36.041000,12845,12846,12846,1
2020-08-10,15:43:39.114000,12845,12846,12845,1
2020-08-10,15:43:41.931000,12845,12846,12846,1
2020-08-10,15:43:44.208000,12845,12846,12846,1
2020-08-10,15:43:49.618000,12845,12846,12845,2
2020-08-10,15:43:52.631000,12845,12846,12846,1
2020-08-10,15:44:02.188000,12845,12846,12845,1
2020-08-10,15:44:02.568000,12844,12846,12846,1
2020-08-10,15:44:08.534000,12845,12846,12845,1
2020-08-10,15:44:13.309000,12845,12846,12845,1
2020-08-10,15:44:13.377000,12845,12846,12845,1
2020-08-10,15:44:14.860000,12844,12845,12845,9
2020-08-10,15:44:24.773000,12844,12846,12845,4
2020-08-10,15:44:26.335000,12844,12846,12846,1
2020-08-10,15:44:26.515000,12844,12846,12846,1
2020-08-10,15:44:26.680000,12844,12846,12846,1
2020-08-10,15:44:26.855000,12844,12846,12846,1
2020-08-10,15:44:27.034000,12844,12846,12846,1
2020-08-10,15:44:27.214000,12844,12846,12846,1
2020-08-10,15:44:27.435000,12844,12846,12846,1
2020-08-10,15:44:27.580000,12844,12846,12846,1
2020-08-10,15:44:27.743000,12844,12846,12846,1
2020-08-10,15:44:27.907000,12844,12846,12846,1
2020-08-10,15:44:28.063000,12844,12846,12846,1
2020-08-10,15:44:28.262000,12845,12846,12846,1
2020-08-10,15:44:28.472000,12845,12846,12846,1
2020-08-10,15:44:28.599000,12845,12846,12846,1
2020-08-10,15:44:29.774000,12845,12846,12846,5
2020-08-10,15:44:33.987000,12846,12847,12846,1
2020-08-10,15:44:34.221000,12846,12847,12846,1
2020-08-10,15:44:54.092000,12845,12847,12846,3
2020-08-10,15:44:55.317000,12845,12847,12846,3
2020-08-10,15:44:58.438000,12845,12846,12846,1
2020-08-10,15:45:00.266000,12845,12847,12846,1
2020-08-10,15:45:00.266000,12845,12847,12845,13
2020-08-10,15:45:00.266000,12845,12847,12845,3
2020-08-10,15:45:00.267000,12845,12847,12845,1
2020-08-10,15:45:01.498000,12845,12846,12845,2
2020-08-10,15:45:01.792000,12845,12846,12845,4
2020-08-10,15:45:02.009000,12844,12846,12844,4
2020-08-10,15:45:02.106000,12844,12846,12845,2
2020-08-10,15:45:02.395000,12844,12845,12845,2
2020-08-10,15:45:02.865000,12844,12846,12846,1
2020-08-10,15:45:02.883000,12844,12846,12846,1
2020-08-10,15:45:03.863000,12844,12846,12844,4
2020-08-10,15:45:04.542000,12844,12846,12844,2
2020-08-10,15:45:05.282000,12843,12845,12843,2
2020-08-10,15:45:05.508000,12843,12845,12843,2
2020-08-10,15:45:06.418000,12844,12845,12845,1
2020-08-10,15:45:06.903000,12844,12846,12845,1
2020-08-10,15:45:10.458000,12844,12846,12846,1
2020-08-10,15:45:13.513000,12844,12846,12844,1
2020-08-10,15:45:17.645000,12844,12846,12846,1
2020-08-10,15:45:24.817000,12845,12846,12846,1
2020-08-10,15:45:25.182000,12845,12846,12845,2
2020-08-10,15:45:42.670000,12844,12845,12844,2
2020-08-10,15:45:42.934000,12844,12845,12844,3
2020-08-10,15:45:47.653000,12843,12845,12843,2
2020-08-10,15:46:16.568000,12843,12844,12843,1
2020-08-10,15:46:16.892000,12843,12844,12843,1
2020-08-10,15:46:34.635000,12842,12843,12843,1
2020-08-10,15:46:35.264000,12842,12843,12843,1
2020-08-10,15:46:43.145000,12842,12843,12842,1
2020-08-10,15:46:49.600000,12842,12843,12842,1
2020-08-10,15:46:50.012000,12842,12843,12842,1
2020-08-10,15:46:51.349000,12842,12843,12842,1
2020-08-10,15:46:52.088000,12842,12843,12842,1
2020-08-10,15:46:54.224000,12842,12843,12842,1
2020-08-10,15:46:54.224000,12842,12843,12842,3
2020-08-10,15:47:05.247000,12841,12842,12841,3
2020-08-10,15:47:05.247000,12841,12842,12841,2
2020-08-10,15:47:06.511000,12840,12842,12842,2
2020-08-10,15:47:07.752000,12841,12842,12841,1
2020-08-10,15:47:14.220000,12841,12842,12841,1
2020-08-10,15:47:17.260000,12840,12841,12841,1
2020-08-10,15:47:18.047000,12840,12841,12841,2
2020-08-10,15:47:19.947000,12841,12842,12841,2
2020-08-10,15:47:37.351000,12841,12842,12842,2
2020-08-10,15:47:38.814000,12842,12843,12841,3
2020-08-10,15:47:39.824000,12841,12843,12841,1
2020-08-10,15:47:41.580000,12841,12842,12842,2
2020-08-10,15:47:51.972000,12842,12843,12842,1
2020-08-10,15:47:56.327000,12842,12843,12842,1
2020-08-10,15:48:06.062000,12842,12843,12842,1
2020-08-10,15:48:06.664000,12841,12843,12841,1
2020-08-10,15:48:16.696000,12842,12843,12842,1
2020-08-10,15:48:17.306000,12841,12843,12841,4
2020-08-10,15:48:22.860000,12841,12843,12843,1
2020-08-10,15:48:50.201000,12842,12843,12843,8
2020-08-10,15:48:50.202000,12842,12843,12843,5
2020-08-10,15:49:02.528000,12843,12844,12843,1
2020-08-10,15:49:40.188000,12843,12844,12844,1
2020-08-10,15:50:06.305000,12843,12844,12843,1
2020-08-10,15:50:06.305000,12843,12844,12843,1
2020-08-10,15:50:06.305000,12843,12844,12843,5
2020-08-10,15:50:07.581000,12842,12843,12843,1
2020-08-10,15:50:07.581000,12842,12843,12843,1
2020-08-10,15:50:08.854000,12842,12843,12843,1
2020-08-10,15:50:13.501000,12842,12844,12843,1
2020-08-10,15:50:17.375000,12842,12843,12843,4
2020-08-10,15:50:51.921000,12842,12844,12842,5
2020-08-10,15:50:55.828000,12842,12844,12843,1
2020-08-10,15:50:57.102000,12843,12844,12843,2
2020-08-10,15:51:08.723000,12843,12844,12843,1
2020-08-10,15:51:29.801000,12843,12844,12844,2
2020-08-10,15:51:29.814000,12843,12844,12845,1
2020-08-10,15:51:30.087000,12843,12845,12845,1
2020-08-10,15:51:34.669000,12843,12844,12844,1
2020-08-10,15:51:35.404000,12843,12844,12844,1
2020-08-10,15:51:39.083000,12843,12845,12844,1
2020-08-10,15:51:40.636000,12843,12844,12844,1
2020-08-10,15:51:41.449000,12843,12844,12844,1
2020-08-10,15:51:47.853000,12843,12845,12844,1
2020-08-10,15:51:47.853000,12843,12845,12844,1
2020-08-10,15:51:47.853000,12843,12845,12844,1
2020-08-10,15:51:49.775000,12843,12844,12844,1
2020-08-10,15:51:50.399000,12843,12845,12844,2
2020-08-10,15:51:52.681000,12843,12844,12844,1
2020-08-10,15:51:58.226000,12843,12844,12844,1
2020-08-10,15:52:00.754000,12844,12845,12844,2
2020-08-10,15:52:19.784000,12843,12845,12844,1
2020-08-10,15:52:35.435000,12844,12845,12844,1
2020-08-10,15:52:35.672000,12843,12845,12844,1
2020-08-10,15:53:00.461000,12843,12844,12844,4
2020-08-10,15:53:02.433000,12844,12845,12844,2
2020-08-10,15:53:18.273000,12843,12844,12843,2
2020-08-10,15:53:31.251000,12843,12844,12844,1
2020-08-10,15:53:48.200000,12843,12844,12844,1
2020-08-10,15:53:57.438000,12843,12844,12844,2
2020-08-10,15:53:57.749000,12843,12844,12844,1
2020-08-10,15:53:59.729000,12843,12844,12843,4
2020-08-10,15:53:59.729000,12843,12844,12843,1
2020-08-10,15:54:08.608000,12842,12843,12842,6
2020-08-10,15:54:09.101000,12841,12842,12842,4
2020-08-10,15:54:13.531000,12841,12842,12841,12
2020-08-10,15:54:24.912000,12840,12841,12840,20
2020-08-10,15:54:25.444000,12839,12840,12839,1
2020-08-10,15:54:25.907000,12839,12840,12839,1
2020-08-10,15:54:25.907000,12839,12840,12839,11
2020-08-10,15:54:25.907000,12839,12840,12839,14
2020-08-10,15:54:25.908000,12839,12840,12839,4
2020-08-10,15:54:26.062000,12838,12839,12838,4
2020-08-10,15:54:26.186000,12838,12839,12839,1
2020-08-10,15:54:26.220000,12838,12839,12838,1
2020-08-10,15:54:26.569000,12838,12839,12838,10
2020-08-10,15:54:28.595000,12838,12839,12839,1
2020-08-10,15:54:28.820000,12838,12839,12838,1
2020-08-10,15:54:28.837000,12838,12839,12838,3
2020-08-10,15:54:31.301000,12837,12838,12837,5
2020-08-10,15:54:37.196000,12836,12838,12838,1
2020-08-10,15:54:40.411000,12836,12837,12837,3
2020-08-10,15:54:43.355000,12836,12838,12836,23
2020-08-10,15:54:43.355000,12836,12838,12835,36
2020-08-10,15:54:43.355000,12836,12838,12834,35
2020-08-10,15:54:43.355000,12836,12838,12833,5
2020-08-10,15:54:43.359000,12836,12838,12834,1
2020-08-10,15:54:43.396000,12836,12838,12834,1
2020-08-10,15:54:43.397000,12836,12838,12834,1
2020-08-10,15:54:43.427000,12833,12835,12834,1
2020-08-10,15:54:43.463000,12833,12835,12834,1
2020-08-10,15:54:43.475000,12833,12835,12833,1
2020-08-10,15:54:43.525000,12833,12835,12834,2
2020-08-10,15:54:43.651000,12833,12835,12834,1
2020-08-10,15:54:43.846000,12834,12835,12834,1
2020-08-10,15:54:45.607000,12833,12835,12835,1
2020-08-10,15:54:49.761000,12835,12837,12837,1
2020-08-10,15:54:51.493000,12835,12836,12836,2
2020-08-10,15:54:51.935000,12835,12836,12835,1
2020-08-10,15:54:51.936000,12835,12836,12835,1
2020-08-10,15:54:54.055000,12835,12836,12835,2
2020-08-10,15:54:54.055000,12835,12836,12835,5
2020-08-10,15:54:54.056000,12835,12836,12835,3
2020-08-10,15:54:54.535000,12835,12836,12835,1
2020-08-10,15:54:54.700000,12834,12836,12835,1
2020-08-10,15:54:56.808000,12836,12837,12836,1
2020-08-10,15:54:57.317000,12835,12836,12836,1
2020-08-10,15:54:57.506000,12835,12837,12835,2
2020-08-10,15:54:58.169000,12836,12837,12836,1
2020-08-10,15:55:00.297000,12835,12836,12835,1
2020-08-10,15:55:01.018000,12835,12836,12835,1
2020-08-10,15:55:01.401000,12835,12836,12835,5
2020-08-10,15:55:01.907000,12834,12835,12834,2
2020-08-10,15:55:04.267000,12834,12835,12835,5
2020-08-10,15:55:04.380000,12834,12835,12835,1
2020-08-10,15:55:04.431000,12834,12835,12834,1
2020-08-10,15:55:04.488000,12834,12835,12835,1
2020-08-10,15:55:05.743000,12833,12834,12833,5
2020-08-10,15:55:05.753000,12833,12834,12833,2
2020-08-10,15:55:05.755000,12833,12834,12834,1
2020-08-10,15:55:06.213000,12833,12834,12833,5
2020-08-10,15:55:06.213000,12833,12834,12833,13
2020-08-10,15:55:07.413000,12832,12833,12833,2
2020-08-10,15:55:07.413000,12832,12833,12833,3
2020-08-10,15:55:08.561000,12833,12834,12833,1
2020-08-10,15:55:09.729000,12832,12834,12832,1
2020-08-10,15:55:10.118000,12832,12834,12832,1
2020-08-10,15:55:10.168000,12832,12834,12832,1
2020-08-10,15:55:10.171000,12832,12834,12832,1
2020-08-10,15:55:10.176000,12832,12834,12832,2
2020-08-10,15:55:10.306000,12832,12834,12832,2
2020-08-10,15:55:10.456000,12832,12834,12832,2
2020-08-10,15:55:13.300000,12832,12833,12832,1
2020-08-10,15:55:13.678000,12832,12833,12832,5
2020-08-10,15:55:14.012000,12832,12833,12832,1
2020-08-10,15:55:14.245000,12831,12832,12832,1
2020-08-10,15:55:14.246000,12831,12832,12832,2
2020-08-10,15:55:14.246000,12831,12832,12832,1
2020-08-10,15:55:20.317000,12832,12833,12833,7
2020-08-10,15:55:20.405000,12832,12833,12833,1
2020-08-10,15:55:22.809000,12833,12834,12834,2
2020-08-10,15:55:22.810000,12833,12834,12834,3
2020-08-10,15:55:22.810000,12833,12834,12834,1
2020-08-10,15:55:32.663000,12834,12835,12834,1
2020-08-10,15:55:34.692000,12834,12835,12835,1
2020-08-10,15:55:35.083000,12834,12835,12835,8
2020-08-10,15:55:35.084000,12834,12835,12835,4
2020-08-10,15:55:35.258000,12834,12836,12834,1
2020-08-10,15:55:39.561000,12834,12836,12834,1
2020-08-10,15:55:40.455000,12835,12836,12836,2
2020-08-10,15:55:40.615000,12835,12837,12835,1
2020-08-10,15:55:41.879000,12835,12837,12835,1
2020-08-10,15:55:45.722000,12835,12836,12835,1
2020-08-10,15:55:47.060000,12835,12836,12836,1
2020-08-10,15:55:55.394000,12835,12836,12836,1
2020-08-10,15:56:06.052000,12836,12837,12837,2
2020-08-10,15:56:11.136000,12837,12838,12838,5
2020-08-10,15:56:14.600000,12837,12838,12838,1
2020-08-10,15:56:15.556000,12837,12838,12838,1
2020-08-10,15:56:18.213000,12838,12839,12838,1
2020-08-10,15:56:20.368000,12838,12839,12838,1
2020-08-10,15:56:20.368000,12838,12839,12837,1
2020-08-10,15:56:33.764000,12837,12839,12837,1
2020-08-10,15:56:45.008000,12837,12839,12838,3
2020-08-10,15:56:46.761000,12837,12838,12837,1
2020-08-10,15:57:00.147000,12837,12838,12838,1
2020-08-10,15:57:11.242000,12837,12839,12839,2
2020-08-10,15:57:12.762000,12837,12839,12839,4
2020-08-10,15:57:13.371000,12838,12840,12838,2
2020-08-10,15:57:17.384000,12837,12839,12838,2
2020-08-10,15:57:21.208000,12837,12839,12838,1
2020-08-10,15:57:27.547000,12837,12839,12837,1
2020-08-10,15:57:28.616000,12837,12839,12838,1
2020-08-10,15:57:35.645000,12837,12838,12837,7
2020-08-10,15:57:49.902000,12836,12838,12836,1
2020-08-10,15:57:50.470000,12836,12838,12836,1
2020-08-10,15:57:50.862000,12836,12838,12837,2
2020-08-10,15:57:51.766000,12836,12838,12836,2
2020-08-10,15:57:56.042000,12836,12838,12836,1
2020-08-10,15:57:58.802000,12836,12838,12837,1
2020-08-10,15:57:59.106000,12836,12838,12836,1
2020-08-10,15:58:03.054000,12836,12837,12837,1
2020-08-10,15:58:04.389000,12836,12837,12836,1
2020-08-10,15:58:07.702000,12835,12837,12837,1
2020-08-10,15:58:16.713000,12835,12836,12836,1
2020-08-10,15:58:17.105000,12836,12837,12836,1
2020-08-10,15:58:25.522000,12835,12836,12836,3
2020-08-10,15:58:29.211000,12836,12837,12836,1
2020-08-10,15:58:42.051000,12836,12837,12836,2
2020-08-10,15:58:43.879000,12836,12837,12836,1
2020-08-10,15:58:46.044000,12836,12837,12837,1
2020-08-10,15:58:50.480000,12836,12837,12837,1
2020-08-10,15:58:50.480000,12836,12837,12837,5
2020-08-10,15:58:50.480000,12836,12837,12837,4
2020-08-10,15:58:58.023000,12837,12838,12838,1
2020-08-10,15:58:58.173000,12836,12838,12838,1
2020-08-10,15:59:08.096000,12837,12838,12837,1
2020-08-10,15:59:08.294000,12836,12838,12837,1
2020-08-10,15:59:10.789000,12836,12838,12838,1
2020-08-10,15:59:10.953000,12836,12838,12836,1
2020-08-10,15:59:18.185000,12836,12838,12836,1
2020-08-10,15:59:25.801000,12836,12837,12837,1
2020-08-10,15:59:31.051000,12836,12837,12837,2
2020-08-10,15:59:44.637000,12837,12838,12838,2
2020-08-10,15:59:56.804000,12837,12838,12838,1
2020-08-10,15:59:58.570000,12837,12839,12838,1
2020-08-10,16:00:16.922000,12837,12838,12838,4
2020-08-10,16:00:17.173000,12837,12839,12837,1
2020-08-10,16:00:17.173000,12837,12839,12837,2
2020-08-10,16:00:17.180000,12837,12839,12839,1
2020-08-10,16:00:17.181000,12837,12839,12839,1
2020-08-10,16:00:17.183000,12837,12839,12839,1
2020-08-10,16:00:17.183000,12837,12839,12839,1
2020-08-10,16:00:17.187000,12837,12839,12839,1
2020-08-10,16:00:17.188000,12837,12839,12839,2
2020-08-10,16:00:17.189000,12837,12839,12839,2
2020-08-10,16:00:17.197000,12837,12839,12839,1
2020-08-10,16:00:17.210000,12837,12839,12840,1
2020-08-10,16:00:17.210000,12837,12839,12840,1
2020-08-10,16:00:17.210000,12837,12839,12840,1
2020-08-10,16:00:17.210000,12837,12839,12840,1
2020-08-10,16:00:17.211000,12837,12839,12840,3
2020-08-10,16:00:17.212000,12837,12839,12839,6
2020-08-10,16:00:17.223000,12837,12839,12839,1
2020-08-10,16:00:17.223000,12837,12839,12839,3
2020-08-10,16:00:17.267000,12837,12839,12838,3
2020-08-10,16:00:17.276000,12837,12839,12838,1
2020-08-10,16:00:17.283000,12837,12839,12837,1
2020-08-10,16:00:17.314000,12837,12839,12837,1
2020-08-10,16:00:21.062000,12837,12838,12838,1
2020-08-10,16:00:21.278000,12837,12839,12839,2
2020-08-10,16:00:45.324000,12837,12838,12838,1
2020-08-10,16:00:45.344000,12837,12838,12838,1
2020-08-10,16:00:47.363000,12837,12838,12838,1
2020-08-10,16:00:54.561000,12837,12838,12838,1
2020-08-10,16:00:59.709000,12838,12840,12838,5
2020-08-10,16:00:59.709000,12838,12840,12838,4
2020-08-10,16:00:59.709000,12838,12840,12837,1
2020-08-10,16:01:17.259000,12838,12839,12838,1
2020-08-10,16:01:25.111000,12837,12839,12839,1
2020-08-10,16:01:55.752000,12837,12839,12839,1
2020-08-10,16:02:12.825000,12837,12839,12838,1
2020-08-10,16:02:27.657000,12837,12838,12837,5
2020-08-10,16:02:27.657000,12837,12838,12837,1
2020-08-10,16:02:29.444000,12836,12838,12838,1
2020-08-10,16:02:37.405000,12837,12838,12837,2
2020-08-10,16:02:40.385000,12836,12838,12838,1
2020-08-10,16:02:45.248000,12837,12838,12837,1
2020-08-10,16:02:46.262000,12836,12838,12838,4
2020-08-10,16:02:49.616000,12836,12838,12838,1
2020-08-10,16:03:10.327000,12836,12837,12836,1
2020-08-10,16:03:17.444000,12836,12837,12836,1
2020-08-10,16:03:19.809000,12836,12837,12836,4
2020-08-10,16:03:19.810000,12836,12837,12836,8
2020-08-10,16:03:27.912000,12835,12836,12835,9
2020-08-10,16:03:28.277000,12835,12836,12835,4
2020-08-10,16:03:28.459000,12835,12836,12835,3
2020-08-10,16:03:28.459000,12835,12836,12835,3
2020-08-10,16:03:30.567000,12834,12835,12834,7
2020-08-10,16:03:30.567000,12834,12835,12834,4
2020-08-10,16:03:30.568000,12834,12835,12834,2
2020-08-10,16:03:31.264000,12833,12835,12833,3
2020-08-10,16:03:31.461000,12833,12835,12833,2
2020-08-10,16:03:36.847000,12833,12834,12833,1
2020-08-10,16:03:37.972000,12833,12834,12833,7
2020-08-10,16:03:38.561000,12833,12834,12833,1
2020-08-10,16:03:39.184000,12833,12834,12833,2
2020-08-10,16:03:39.575000,12833,12834,12833,2
2020-08-10,16:03:40.274000,12833,12834,12833,2
2020-08-10,16:03:40.642000,12833,12834,12834,2
2020-08-10,16:03:40.643000,12833,12834,12834,3
2020-08-10,16:03:40.644000,12833,12834,12834,6
2020-08-10,16:03:41.847000,12834,12835,12834,1
2020-08-10,16:03:47.056000,12833,12835,12835,1
2020-08-10,16:03:50.820000,12834,12836,12834,1
2020-08-10,16:03:52.248000,12834,12835,12835,1
2020-08-10,16:03:53.234000,12835,12836,12835,1
2020-08-10,16:03:57.002000,12834,12835,12835,1
2020-08-10,16:03:57.467000,12834,12835,12834,1
2020-08-10,16:04:01.513000,12833,12834,12834,4
2020-08-10,16:04:01.931000,12833,12835,12833,3
2020-08-10,16:04:02.143000,12833,12835,12833,1
2020-08-10,16:04:02.278000,12833,12834,12833,2
2020-08-10,16:04:02.278000,12833,12834,12833,2
2020-08-10,16:04:03.051000,12832,12833,12832,22
2020-08-10,16:04:03.051000,12832,12833,12832,2
2020-08-10,16:04:06.718000,12831,12832,12831,1
2020-08-10,16:04:06.825000,12831,12832,12831,1
2020-08-10,16:04:06.842000,12831,12832,12831,1
2020-08-10,16:04:06.890000,12831,12832,12831,1
2020-08-10,16:04:07.110000,12831,12832,12831,1
2020-08-10,16:04:07.140000,12831,12832,12832,4
2020-08-10,16:04:07.246000,12832,12833,12832,13
2020-08-10,16:04:07.282000,12832,12833,12832,1
2020-08-10,16:04:07.461000,12831,12833,12831,1
2020-08-10,16:04:07.512000,12831,12833,12831,1
2020-08-10,16:04:07.617000,12831,12832,12831,1
2020-08-10,16:04:07.858000,12831,12832,12831,1
2020-08-10,16:04:08.222000,12831,12832,12831,1
2020-08-10,16:04:08.418000,12831,12832,12831,1
2020-08-10,16:04:08.526000,12831,12832,12832,1
2020-08-10,16:04:08.652000,12832,12833,12832,12
2020-08-10,16:04:08.691000,12832,12833,12832,3
2020-08-10,16:04:10.375000,12832,12834,12832,1
2020-08-10,16:04:10.787000,12831,12833,12832,1
2020-08-10,16:04:17.346000,12832,12833,12833,2
2020-08-10,16:04:17.347000,12832,12833,12833,2
2020-08-10,16:04:17.347000,12832,12833,12833,2
2020-08-10,16:04:17.665000,12833,12834,12833,2
2020-08-10,16:04:17.802000,12832,12833,12833,1
2020-08-10,16:04:18.448000,12833,12834,12833,1
2020-08-10,16:04:20.620000,12833,12834,12834,1
2020-08-10,16:04:21.615000,12833,12835,12833,1
2020-08-10,16:04:21.823000,12833,12835,12834,1
2020-08-10,16:04:22.580000,12834,12835,12834,1
2020-08-10,16:04:30.068000,12833,12834,12833,10
2020-08-10,16:04:31.207000,12833,12834,12833,2
2020-08-10,16:04:33.584000,12833,12834,12833,2
2020-08-10,16:04:38.577000,12833,12834,12833,1
2020-08-10,16:04:40.623000,12833,12834,12833,2
2020-08-10,16:04:41.945000,12833,12834,12833,1
2020-08-10,16:04:42.540000,12833,12834,12834,1
2020-08-10,16:04:43.477000,12833,12834,12834,1
2020-08-10,16:04:48.456000,12833,12834,12833,10
2020-08-10,16:04:56.110000,12833,12834,12833,12
2020-08-10,16:05:00.421000,12832,12833,12832,5
2020-08-10,16:05:02.452000,12832,12833,12832,4
2020-08-10,16:05:02.452000,12832,12833,12832,5
2020-08-10,16:05:02.452000,12832,12833,12832,5
2020-08-10,16:05:02.556000,12831,12833,12831,1
2020-08-10,16:05:02.556000,12831,12833,12831,1
2020-08-10,16:05:02.556000,12831,12833,12831,1
2020-08-10,16:05:02.562000,12831,12833,12831,1
2020-08-10,16:05:02.568000,12831,12833,12831,1
2020-08-10,16:05:02.568000,12831,12833,12831,1
2020-08-10,16:05:02.568000,12831,12833,12831,1
2020-08-10,16:05:03.071000,12831,12833,12831,3
2020-08-10,16:05:11.526000,12832,12833,12832,1
2020-08-10,16:05:15.140000,12832,12833,12832,1
2020-08-10,16:05:16.218000,12832,12833,12832,1
2020-08-10,16:05:17.641000,12832,12833,12832,1
2020-08-10,16:05:18.714000,12832,12833,12832,1
2020-08-10,16:05:20.863000,12831,12833,12831,1
2020-08-10,16:05:23.907000,12831,12833,12831,1
2020-08-10,16:05:24.058000,12831,12832,12831,1
2020-08-10,16:05:34.157000,12831,12832,12831,12
2020-08-10,16:05:34.157000,12831,12832,12831,3
2020-08-10,16:05:34.157000,12831,12832,12831,4
2020-08-10,16:05:34.471000,12830,12831,12831,1
2020-08-10,16:05:36.526000,12830,12831,12830,2
2020-08-10,16:05:36.648000,12830,12831,12830,1
2020-08-10,16:05:36.801000,12830,12831,12831,1
2020-08-10,16:05:37.750000,12830,12831,12830,5
2020-08-10,16:05:38.587000,12830,12831,12830,10
2020-08-10,16:05:40.566000,12830,12831,12830,1
2020-08-10,16:05:43.084000,12830,12831,12830,1
2020-08-10,16:05:43.418000,12830,12831,12831,1
2020-08-10,16:05:43.836000,12830,12831,12830,30
2020-08-10,16:05:43.837000,12830,12831,12830,9
2020-08-10,16:05:43.837000,12830,12831,12830,9
2020-08-10,16:05:44.449000,12829,12830,12829,7
2020-08-10,16:05:44.450000,12829,12830,12829,3
2020-08-10,16:05:44.450000,12829,12830,12829,1
2020-08-10,16:05:44.576000,12828,12829,12828,1
2020-08-10,16:05:44.615000,12828,12829,12829,1
2020-08-10,16:05:44.710000,12828,12829,12828,2
2020-08-10,16:05:44.765000,12828,12829,12828,3
2020-08-10,16:05:44.772000,12828,12829,12828,1
2020-08-10,16:05:44.824000,12828,12829,12828,1
2020-08-10,16:05:44.849000,12828,12829,12828,1
2020-08-10,16:05:44.887000,12828,12829,12828,1
2020-08-10,16:05:44.907000,12828,12829,12828,1
2020-08-10,16:05:44.949000,12828,12829,12828,1
2020-08-10,16:05:44.949000,12828,12829,12828,1
2020-08-10,16:05:45.023000,12828,12829,12828,1
2020-08-10,16:05:45.038000,12828,12829,12828,2
2020-08-10,16:05:45.082000,12828,12829,12828,2
2020-08-10,16:05:45.090000,12828,12829,12828,1
2020-08-10,16:05:45.354000,12828,12829,12828,1
2020-08-10,16:05:45.374000,12828,12829,12828,2
2020-08-10,16:05:45.437000,12828,12829,12828,3
2020-08-10,16:05:45.438000,12828,12829,12827,1
2020-08-10,16:05:45.438000,12828,12829,12828,4
2020-08-10,16:05:45.448000,12828,12829,12827,1
2020-08-10,16:05:45.461000,12828,12829,12827,1
2020-08-10,16:05:45.576000,12827,12829,12827,1
2020-08-10,16:05:45.581000,12827,12829,12827,1
2020-08-10,16:05:45.617000,12827,12829,12827,5
2020-08-10,16:05:45.617000,12827,12829,12827,5
2020-08-10,16:05:45.632000,12827,12829,12827,1
2020-08-10,16:05:45.632000,12827,12829,12826,3
2020-08-10,16:05:45.647000,12827,12829,12826,1
2020-08-10,16:05:45.661000,12827,12829,12826,1
2020-08-10,16:05:45.664000,12827,12829,12826,1
2020-08-10,16:05:45.667000,12827,12829,12826,2
2020-08-10,16:05:45.673000,12827,12829,12826,4
2020-08-10,16:05:45.676000,12826,12827,12826,1
2020-08-10,16:05:45.677000,12826,12827,12826,6
2020-08-10,16:05:45.677000,12826,12827,12825,2
2020-08-10,16:05:45.678000,12826,12827,12826,2
2020-08-10,16:05:45.678000,12826,12827,12826,2
2020-08-10,16:05:45.728000,12826,12827,12825,1
2020-08-10,16:05:45.730000,12826,12827,12825,4
2020-08-10,16:05:45.730000,12826,12827,12825,2
2020-08-10,16:05:45.773000,12826,12827,12825,2
2020-08-10,16:05:45.821000,12825,12826,12825,6
2020-08-10,16:05:45.843000,12825,12826,12825,1
2020-08-10,16:05:45.843000,12825,12826,12825,1
2020-08-10,16:05:45.848000,12825,12826,12825,4
2020-08-10,16:05:45.863000,12825,12826,12825,2
2020-08-10,16:05:45.880000,12825,12826,12825,1
2020-08-10,16:05:45.932000,12824,12825,12825,1
2020-08-10,16:05:45.957000,12824,12825,12824,2
2020-08-10,16:05:45.996000,12824,12825,12824,1
2020-08-10,16:05:46.008000,12824,12825,12826,1
2020-08-10,16:05:46.041000,12824,12825,12824,1
2020-08-10,16:05:46.053000,12824,12826,12824,1
2020-08-10,16:05:46.072000,12824,12826,12824,3
2020-08-10,16:05:46.086000,12824,12826,12824,1
2020-08-10,16:05:46.087000,12824,12826,12824,2
2020-08-10,16:05:46.088000,12824,12826,12824,1
2020-08-10,16:05:46.089000,12824,12826,12824,1
2020-08-10,16:05:46.091000,12824,12826,12824,1
2020-08-10,16:05:46.096000,12824,12826,12824,2
2020-08-10,16:05:46.101000,12824,12826,12824,4
2020-08-10,16:05:46.125000,12824,12826,12824,1
2020-08-10,16:05:46.138000,12824,12826,12824,1
2020-08-10,16:05:46.144000,12824,12826,12824,1
2020-08-10,16:05:46.152000,12824,12826,12824,1
2020-08-10,16:05:46.181000,12824,12826,12826,1
2020-08-10,16:05:46.213000,12824,12826,12826,3
2020-08-10,16:05:46.218000,12824,12826,12824,1
2020-08-10,16:05:46.227000,12824,12826,12824,2
2020-08-10,16:05:46.236000,12824,12826,12824,2
2020-08-10,16:05:46.275000,12824,12826,12824,1
2020-08-10,16:05:46.280000,12824,12826,12824,1
2020-08-10,16:05:46.280000,12824,12826,12825,1
2020-08-10,16:05:46.293000,12824,12826,12824,1
2020-08-10,16:05:46.357000,12824,12825,12824,1
2020-08-10,16:05:46.361000,12824,12825,12824,1
2020-08-10,16:05:46.368000,12824,12825,12824,1
2020-08-10,16:05:46.375000,12824,12825,12824,1
2020-08-10,16:05:46.377000,12824,12825,12824,2
2020-08-10,16:05:46.387000,12824,12825,12824,1
2020-08-10,16:05:46.416000,12824,12825,12826,1
2020-08-10,16:05:46.461000,12824,12826,12824,1
2020-08-10,16:05:46.463000,12824,12826,12824,2
2020-08-10,16:05:46.491000,12824,12826,12824,3
2020-08-10,16:05:46.494000,12824,12826,12824,1
2020-08-10,16:05:46.494000,12824,12826,12824,1
2020-08-10,16:05:46.497000,12824,12826,12824,1
2020-08-10,16:05:46.497000,12824,12826,12824,1
2020-08-10,16:05:46.500000,12824,12826,12823,1
2020-08-10,16:05:46.504000,12824,12826,12823,1
2020-08-10,16:05:46.561000,12823,12825,12823,1
2020-08-10,16:05:46.589000,12823,12825,12823,1
2020-08-10,16:05:46.591000,12823,12825,12823,2
2020-08-10,16:05:46.596000,12823,12825,12823,1
2020-08-10,16:05:46.605000,12823,12825,12823,1
2020-08-10,16:05:46.605000,12823,12825,12823,1
2020-08-10,16:05:46.606000,12823,12825,12823,1
2020-08-10,16:05:46.616000,12823,12825,12823,2
2020-08-10,16:05:46.621000,12823,12825,12823,1
2020-08-10,16:05:46.664000,12823,12825,12823,1
2020-08-10,16:05:46.712000,12823,12825,12823,2
2020-08-10,16:05:46.718000,12823,12825,12825,1
2020-08-10,16:05:46.721000,12823,12825,12824,4
2020-08-10,16:05:46.721000,12823,12825,12824,1
2020-08-10,16:05:46.753000,12823,12825,12825,1
2020-08-10,16:05:46.793000,12823,12825,12825,1
2020-08-10,16:05:46.864000,12825,12826,12825,1
2020-08-10,16:05:46.865000,12825,12826,12825,1
2020-08-10,16:05:46.865000,12825,12826,12825,1
2020-08-10,16:05:46.967000,12824,12826,12824,1
2020-08-10,16:05:47.185000,12824,12826,12824,1
2020-08-10,16:05:47.308000,12824,12826,12824,1
2020-08-10,16:05:47.361000,12824,12826,12824,1
2020-08-10,16:05:47.363000,12824,12826,12825,1
2020-08-10,16:05:47.373000,12824,12826,12824,1
2020-08-10,16:05:47.452000,12824,12826,12824,1
2020-08-10,16:05:47.458000,12824,12826,12824,1
2020-08-10,16:05:47.481000,12824,12826,12824,1
2020-08-10,16:05:47.487000,12824,12826,12824,1
2020-08-10,16:05:47.503000,12824,12826,12824,1
2020-08-10,16:05:47.514000,12824,12826,12824,1
2020-08-10,16:05:47.529000,12824,12826,12824,1
2020-08-10,16:05:47.561000,12824,12826,12824,1
2020-08-10,16:05:47.669000,12824,12826,12825,1
2020-08-10,16:05:47.869000,12825,12826,12825,1
2020-08-10,16:05:48.174000,12824,12826,12824,1
2020-08-10,16:05:48.337000,12824,12826,12824,1
2020-08-10,16:05:48.477000,12824,12826,12824,1
2020-08-10,16:05:48.478000,12824,12826,12824,1
2020-08-10,16:05:48.669000,12824,12825,12825,1
2020-08-10,16:05:49.817000,12826,12828,12826,1
2020-08-10,16:05:49.818000,12826,12828,12826,1
2020-08-10,16:05:49.919000,12826,12828,12826,1
2020-08-10,16:05:50.043000,12826,12828,12826,2
2020-08-10,16:05:53.854000,12827,12829,12829,1
2020-08-10,16:05:55.697000,12828,12829,12828,2
2020-08-10,16:05:55.698000,12828,12829,12827,1
2020-08-10,16:05:57.001000,12827,12828,12827,5
2020-08-10,16:05:57.001000,12827,12828,12827,6
2020-08-10,16:05:57.001000,12827,12828,12827,5
2020-08-10,16:05:57.001000,12827,12828,12827,5
2020-08-10,16:05:57.423000,12826,12827,12827,10
2020-08-10,16:05:58.559000,12827,12828,12828,10
2020-08-10,16:05:59.037000,12827,12828,12828,10
2020-08-10,16:05:59.280000,12827,12828,12828,2
2020-08-10,16:06:00.622000,12827,12828,12827,1
2020-08-10,16:06:00.622000,12827,12828,12827,8
2020-08-10,16:06:00.622000,12827,12828,12827,1
2020-08-10,16:06:00.814000,12826,12827,12826,10
2020-08-10,16:06:00.822000,12826,12827,12826,20
2020-08-10,16:06:00.822000,12826,12827,12826,4
2020-08-10,16:06:00.822000,12826,12827,12826,5
2020-08-10,16:06:00.823000,12826,12827,12826,4
2020-08-10,16:06:00.823000,12826,12827,12826,5
2020-08-10,16:06:00.965000,12825,12826,12825,1
2020-08-10,16:06:01.073000,12825,12826,12826,3
2020-08-10,16:06:01.084000,12825,12826,12826,1
2020-08-10,16:06:01.205000,12825,12827,12827,1
2020-08-10,16:06:01.328000,12825,12827,12826,1
2020-08-10,16:06:01.329000,12825,12827,12826,2
2020-08-10,16:06:01.724000,12825,12826,12825,1
2020-08-10,16:06:01.817000,12825,12826,12825,3
2020-08-10,16:06:01.891000,12825,12826,12826,2
2020-08-10,16:06:02.082000,12825,12826,12825,6
2020-08-10,16:06:02.210000,12825,12826,12825,1
2020-08-10,16:06:02.405000,12825,12826,12825,1
2020-08-10,16:06:02.405000,12825,12826,12825,1
2020-08-10,16:06:02.405000,12825,12826,12825,4
2020-08-10,16:06:02.405000,12825,12826,12825,2
2020-08-10,16:06:02.406000,12825,12826,12825,2
2020-08-10,16:06:02.521000,12824,12825,12824,1
2020-08-10,16:06:02.990000,12824,12825,12824,1
2020-08-10,16:06:02.993000,12824,12825,12823,1
2020-08-10,16:06:03.007000,12824,12825,12823,1
2020-08-10,16:06:03.018000,12824,12825,12823,1
2020-08-10,16:06:03.054000,12823,12825,12823,1
2020-08-10,16:06:03.063000,12823,12825,12823,1
2020-08-10,16:06:03.511000,12823,12825,12824,2
2020-08-10,16:06:03.511000,12823,12825,12824,2
2020-08-10,16:06:03.807000,12824,12826,12824,1
2020-08-10,16:06:04.329000,12824,12826,12824,10
2020-08-10,16:06:06.049000,12824,12825,12824,1
2020-08-10,16:06:06.992000,12823,12824,12824,1
2020-08-10,16:06:07.989000,12823,12824,12824,1
2020-08-10,16:06:08.046000,12823,12824,12823,9
2020-08-10,16:06:08.582000,12823,12824,12823,1
2020-08-10,16:06:08.967000,12823,12825,12823,2
2020-08-10,16:06:09.275000,12823,12824,12824,2
2020-08-10,16:06:10.243000,12822,12824,12822,1
2020-08-10,16:06:10.307000,12822,12824,12822,1
2020-08-10,16:06:10.371000,12822,12824,12822,1
2020-08-10,16:06:10.618000,12822,12824,12822,3
2020-08-10,16:06:10.645000,12822,12824,12822,1
2020-08-10,16:06:10.721000,12822,12824,12822,3
2020-08-10,16:06:10.769000,12822,12824,12822,9
2020-08-10,16:06:10.789000,12822,12824,12822,2
2020-08-10,16:06:10.808000,12822,12823,12823,2
2020-08-10,16:06:10.957000,12822,12823,12823,5
2020-08-10,16:06:11.338000,12822,12824,12824,1
2020-08-10,16:06:11.659000,12823,12824,12824,1
2020-08-10,16:06:12.545000,12823,12824,12824,5
2020-08-10,16:06:12.943000,12823,12824,12823,1
2020-08-10,16:06:13.483000,12823,12824,12823,1
2020-08-10,16:06:13.483000,12823,12824,12823,1
2020-08-10,16:06:13.580000,12823,12824,12823,1
2020-08-10,16:06:13.785000,12823,12824,12823,2
2020-08-10,16:06:13.893000,12823,12824,12823,1
2020-08-10,16:06:13.893000,12823,12824,12823,1
2020-08-10,16:06:13.987000,12823,12824,12823,2
2020-08-10,16:06:14.019000,12823,12824,12824,1
2020-08-10,16:06:14.197000,12823,12825,12823,4
2020-08-10,16:06:14.431000,12824,12825,12825,5
2020-08-10,16:06:14.464000,12824,12825,12824,1
2020-08-10,16:06:14.503000,12824,12825,12825,1
2020-08-10,16:06:14.581000,12824,12825,12824,3
2020-08-10,16:06:14.709000,12824,12825,12824,1
2020-08-10,16:06:14.882000,12824,12825,12825,1
2020-08-10,16:06:15.428000,12824,12825,12824,2
2020-08-10,16:06:16.875000,12824,12825,12825,2
2020-08-10,16:06:16.875000,12824,12825,12826,1
2020-08-10,16:06:17.315000,12824,12825,12825,1
2020-08-10,16:06:19.355000,12824,12826,12824,1
2020-08-10,16:06:20.367000,12824,12825,12824,1
2020-08-10,16:06:20.379000,12824,12825,12824,2
2020-08-10,16:06:20.695000,12823,12824,12824,1
2020-08-10,16:06:20.841000,12823,12824,12824,1
2020-08-10,16:06:22.315000,12823,12824,12824,1
2020-08-10,16:06:22.469000,12823,12825,12823,3
2020-08-10,16:06:25.932000,12824,12825,12824,1
2020-08-10,16:06:27.430000,12823,12824,12823,1
2020-08-10,16:06:28.489000,12823,12825,12823,1
2020-08-10,16:06:29.349000,12823,12825,12825,1
2020-08-10,16:06:32.308000,12824,12825,12825,2
2020-08-10,16:06:32.522000,12824,12826,12826,1
2020-08-10,16:06:35.392000,12824,12825,12825,1
2020-08-10,16:06:36.950000,12824,12825,12824,2
2020-08-10,16:06:38.254000,12824,12825,12824,1
2020-08-10,16:06:38.256000,12824,12825,12825,1
2020-08-10,16:06:39.298000,12824,12825,12824,1
2020-08-10,16:06:39.298000,12824,12825,12823,1
2020-08-10,16:06:39.958000,12823,12825,12825,1
2020-08-10,16:06:46.275000,12824,12825,12825,5
2020-08-10,16:06:48.413000,12824,12825,12825,16
2020-08-10,16:06:50.566000,12824,12825,12825,2
2020-08-10,16:06:51.672000,12824,12825,12825,1
2020-08-10,16:06:54.737000,12825,12826,12826,7
2020-08-10,16:06:58.601000,12826,12827,12827,3
2020-08-10,16:07:01.420000,12826,12827,12826,1
2020-08-10,16:07:02.121000,12826,12827,12826,6
2020-08-10,16:07:06.768000,12825,12826,12826,1
2020-08-10,16:07:06.964000,12826,12827,12826,1
2020-08-10,16:07:07.304000,12826,12827,12826,1
2020-08-10,16:07:14.611000,12826,12827,12827,1
2020-08-10,16:07:15.353000,12826,12827,12827,3
2020-08-10,16:07:15.353000,12826,12827,12828,7
2020-08-10,16:07:15.722000,12827,12828,12827,1
2020-08-10,16:07:16.267000,12827,12828,12827,1
2020-08-10,16:07:16.829000,12827,12828,12828,1
2020-08-10,16:07:17.370000,12827,12828,12827,1
2020-08-10,16:07:21.053000,12827,12829,12829,1
2020-08-10,16:07:21.183000,12827,12829,12827,1
2020-08-10,16:07:26.636000,12828,12829,12829,2
2020-08-10,16:07:26.636000,12828,12829,12829,1
2020-08-10,16:07:28.733000,12827,12829,12829,1
2020-08-10,16:07:34.313000,12829,12830,12829,1
2020-08-10,16:07:39.158000,12829,12830,12829,1
2020-08-10,16:07:39.159000,12829,12830,12829,2
2020-08-10,16:07:44.120000,12829,12830,12829,4
2020-08-10,16:07:44.188000,12828,12830,12828,1
2020-08-10,16:07:46.679000,12829,12830,12830,1
2020-08-10,16:07:46.679000,12829,12830,12830,1
2020-08-10,16:07:46.680000,12829,12830,12830,3
2020-08-10,16:07:46.680000,12829,12830,12830,5
2020-08-10,16:07:47.658000,12830,12831,12831,1
2020-08-10,16:07:47.659000,12830,12831,12831,1
2020-08-10,16:07:47.659000,12830,12831,12831,4
2020-08-10,16:07:47.884000,12830,12832,12830,1
2020-08-10,16:07:50.631000,12830,12832,12830,1
2020-08-10,16:07:51.851000,12830,12831,12830,1
2020-08-10,16:07:52.238000,12830,12831,12831,1
2020-08-10,16:07:52.507000,12830,12831,12830,1
2020-08-10,16:07:54.239000,12830,12831,12830,1
2020-08-10,16:07:55.229000,12830,12831,12830,1
2020-08-10,16:08:06.566000,12829,12830,12829,3
2020-08-10,16:08:07.079000,12828,12829,12828,3
2020-08-10,16:08:07.231000,12827,12829,12827,1
2020-08-10,16:08:07.719000,12827,12829,12827,1
2020-08-10,16:08:08.747000,12827,12828,12827,5
2020-08-10,16:08:11.899000,12827,12828,12828,5
2020-08-10,16:08:14.032000,12827,12829,12827,1
2020-08-10,16:08:16.298000,12828,12830,12828,1
2020-08-10,16:08:19.032000,12827,12828,12827,1
2020-08-10,16:08:22.854000,12827,12828,12827,1
2020-08-10,16:08:29.339000,12827,12828,12827,1
2020-08-10,16:08:29.896000,12827,12828,12828,2
2020-08-10,16:08:35.511000,12827,12828,12827,2
2020-08-10,16:08:36.559000,12826,12828,12827,1
2020-08-10,16:08:36.691000,12826,12827,12826,3
2020-08-10,16:08:37.549000,12825,12827,12827,1
2020-08-10,16:08:47.134000,12825,12826,12825,1
2020-08-10,16:08:47.134000,12825,12826,12825,1
2020-08-10,16:08:47.134000,12825,12826,12825,1
2020-08-10,16:08:47.134000,12825,12826,12825,8
2020-08-10,16:08:47.134000,12825,12826,12825,6
2020-08-10,16:08:47.134000,12825,12826,12825,1
2020-08-10,16:08:47.135000,12825,12826,12825,1
2020-08-10,16:08:47.135000,12825,12826,12825,3
2020-08-10,16:08:47.398000,12824,12826,12826,1
2020-08-10,16:08:47.409000,12824,12826,12824,3
2020-08-10,16:08:48.458000,12824,12825,12825,1
2020-08-10,16:08:49.134000,12824,12825,12825,1
2020-08-10,16:08:50.357000,12824,12826,12824,3
2020-08-10,16:08:51.855000,12824,12825,12825,1
2020-08-10,16:08:53.079000,12825,12826,12826,1
2020-08-10,16:08:53.900000,12825,12827,12825,1
2020-08-10,16:08:55.633000,12825,12827,12825,1
2020-08-10,16:08:59.208000,12825,12827,12825,1
2020-08-10,16:09:01.310000,12825,12827,12825,11
2020-08-10,16:09:01.310000,12825,12827,12824,1
2020-08-10,16:09:01.766000,12824,12826,12824,1
2020-08-10,16:09:04.930000,12825,12826,12825,3
2020-08-10,16:09:08.271000,12825,12826,12825,4
2020-08-10,16:09:09.057000,12825,12826,12825,1
2020-08-10,16:09:09.229000,12824,12826,12824,1
2020-08-10,16:09:12.915000,12824,12825,12824,6
2020-08-10,16:09:16.078000,12824,12825,12825,1
2020-08-10,16:09:16.461000,12824,12825,12824,2
2020-08-10,16:09:17.113000,12824,12825,12825,1
2020-08-10,16:09:17.353000,12824,12826,12824,10
2020-08-10,16:09:19.010000,12825,12826,12826,2
2020-08-10,16:09:19.010000,12825,12826,12827,1
2020-08-10,16:09:22.825000,12825,12827,12827,1
2020-08-10,16:09:23.660000,12825,12827,12825,6
2020-08-10,16:09:40.789000,12825,12826,12826,1
2020-08-10,16:09:41.020000,12826,12827,12826,1
2020-08-10,16:09:46.478000,12826,12827,12827,10
2020-08-10,16:09:46.478000,12826,12827,12827,4
2020-08-10,16:09:46.909000,12827,12828,12827,1
2020-08-10,16:09:52.555000,12827,12828,12828,1
2020-08-10,16:09:52.556000,12827,12828,12828,2
2020-08-10,16:09:53.032000,12827,12829,12827,1
2020-08-10,16:09:57.140000,12828,12829,12828,1
2020-08-10,16:10:00.098000,12827,12828,12827,1
2020-08-10,16:10:00.592000,12826,12828,12826,1
2020-08-10,16:10:01.028000,12826,12827,12827,2
2020-08-10,16:10:02.355000,12825,12827,12825,1
2020-08-10,16:10:08.927000,12825,12826,12825,8
2020-08-10,16:10:12.470000,12824,12825,12824,2
2020-08-10,16:10:12.470000,12824,12825,12824,2
2020-08-10,16:10:12.470000,12824,12825,12824,5
2020-08-10,16:10:12.822000,12823,12824,12824,3
2020-08-10,16:10:14.449000,12824,12826,12824,1
2020-08-10,16:10:16.844000,12823,12824,12824,1
2020-08-10,16:10:18.118000,12823,12824,12823,10
2020-08-10,16:10:18.118000,12823,12824,12823,5
2020-08-10,16:10:18.118000,12823,12824,12823,5
2020-08-10,16:10:18.118000,12823,12824,12823,6
2020-08-10,16:10:18.497000,12822,12824,12824,1
2020-08-10,16:10:21.103000,12822,12823,12822,1
2020-08-10,16:10:21.727000,12822,12823,12822,1
2020-08-10,16:10:21.874000,12822,12823,12822,2
2020-08-10,16:10:23.047000,12822,12823,12823,3
2020-08-10,16:10:23.047000,12822,12823,12824,2
2020-08-10,16:10:23.364000,12823,12824,12823,1
2020-08-10,16:10:24.924000,12823,12824,12823,1
2020-08-10,16:10:25.824000,12822,12824,12824,1
2020-08-10,16:10:27.545000,12823,12824,12823,1
2020-08-10,16:10:28.015000,12823,12825,12823,3
2020-08-10,16:10:32.112000,12823,12824,12823,1
2020-08-10,16:10:33.061000,12823,12824,12823,1
2020-08-10,16:10:33.609000,12823,12824,12824,1
2020-08-10,16:10:33.977000,12824,12826,12824,1
2020-08-10,16:10:38.049000,12823,12824,12823,5
2020-08-10,16:10:38.156000,12823,12824,12823,6
2020-08-10,16:10:38.879000,12822,12824,12824,7
2020-08-10,16:10:38.965000,12824,12825,12824,1
2020-08-10,16:10:39.283000,12824,12825,12824,1
2020-08-10,16:10:43.114000,12824,12825,12825,1
2020-08-10,16:10:44.654000,12824,12825,12825,1
2020-08-10,16:10:45.874000,12824,12825,12825,1
2020-08-10,16:10:46.797000,12824,12826,12826,1
2020-08-10,16:10:47.038000,12824,12826,12826,1
2020-08-10,16:10:47.226000,12824,12826,12826,1
2020-08-10,16:10:48.731000,12824,12826,12824,2
2020-08-10,16:10:57.646000,12825,12826,12825,4
2020-08-10,16:10:58.941000,12825,12826,12825,3
2020-08-10,16:11:04.119000,12824,12825,12825,1
2020-08-10,16:11:05.196000,12824,12825,12824,1
2020-08-10,16:11:09.064000,12824,12825,12825,1
2020-08-10,16:11:09.468000,12824,12825,12825,1
2020-08-10,16:11:11.460000,12824,12825,12824,1
2020-08-10,16:11:18.439000,12824,12825,12824,5
2020-08-10,16:11:19.481000,12824,12825,12824,1
2020-08-10,16:11:19.481000,12824,12825,12824,1
2020-08-10,16:11:19.481000,12824,12825,12824,2
2020-08-10,16:11:19.481000,12824,12825,12824,1
2020-08-10,16:11:21.309000,12823,12824,12824,1
2020-08-10,16:11:22.135000,12823,12824,12824,1
2020-08-10,16:11:28.770000,12824,12825,12824,1
2020-08-10,16:11:31.293000,12823,12824,12823,2
2020-08-10,16:11:32.189000,12823,12824,12823,1
2020-08-10,16:11:33.322000,12823,12824,12824,1
2020-08-10,16:11:34.286000,12823,12824,12823,1
2020-08-10,16:11:35.148000,12822,12823,12823,1
2020-08-10,16:11:42.716000,12822,12823,12822,1
2020-08-10,16:11:43.405000,12822,12823,12823,1
2020-08-10,16:11:44.371000,12822,12823,12823,3
2020-08-10,16:11:44.371000,12822,12823,12823,1
2020-08-10,16:11:44.371000,12822,12823,12823,1
2020-08-10,16:11:44.395000,12822,12823,12824,1
2020-08-10,16:11:52.747000,12823,12824,12824,11
2020-08-10,16:11:54.987000,12823,12825,12824,1
2020-08-10,16:11:56.822000,12824,12825,12825,1
2020-08-10,16:11:57.514000,12824,12825,12824,1
2020-08-10,16:11:59.549000,12824,12825,12825,2
2020-08-10,16:11:59.549000,12824,12825,12825,9
2020-08-10,16:12:04.575000,12825,12826,12825,1
2020-08-10,16:12:04.576000,12825,12826,12825,2
2020-08-10,16:12:04.576000,12825,12826,12825,1
2020-08-10,16:12:04.576000,12825,12826,12825,5
2020-08-10,16:12:04.576000,12825,12826,12825,1
2020-08-10,16:12:04.981000,12825,12826,12825,1
2020-08-10,16:12:04.992000,12825,12826,12825,3
2020-08-10,16:12:05.047000,12825,12826,12825,1
2020-08-10,16:12:05.059000,12825,12826,12825,3
2020-08-10,16:12:05.060000,12825,12826,12825,2
2020-08-10,16:12:09.879000,12825,12826,12826,1
2020-08-10,16:12:09.880000,12825,12826,12826,3
2020-08-10,16:12:09.880000,12825,12826,12826,9
