2020-11-04,15:00:00.066000,12849,12850,12848,112
2020-11-04,15:00:00.134000,12847,12848,12848,1
2020-11-04,15:00:00.135000,12847,12848,12848,10
2020-11-04,15:00:00.195000,12847,12850,12848,4
2020-11-04,15:00:00.202000,12847,12850,12848,1
2020-11-04,15:00:00.234000,12847,12850,12849,4
2020-11-04,15:00:00.234000,12847,12850,12850,1
2020-11-04,15:00:00.248000,12847,12850,12850,1
2020-11-04,15:00:00.347000,12848,12850,12850,2
2020-11-04,15:00:00.348000,12848,12850,12850,1
2020-11-04,15:00:00.491000,12848,12850,12850,2
2020-11-04,15:00:00.992000,12848,12851,12851,4
2020-11-04,15:00:01.129000,12849,12852,12852,1
2020-11-04,15:00:01.131000,12849,12852,12852,2
2020-11-04,15:00:01.133000,12849,12852,12853,4
2020-11-04,15:00:01.168000,12851,12854,12854,1
2020-11-04,15:00:02.153000,12852,12854,12852,1
2020-11-04,15:00:02.749000,12852,12854,12854,3
2020-11-04,15:00:03.023000,12852,12854,12853,1
2020-11-04,15:00:03.680000,12852,12855,12855,7
2020-11-04,15:00:03.681000,12852,12855,12855,3
2020-11-04,15:00:03.829000,12854,12856,12854,2
2020-11-04,15:00:05.031000,12854,12856,12856,3
2020-11-04,15:00:05.175000,12854,12856,12854,2
2020-11-04,15:00:05.442000,12854,12855,12854,5
2020-11-04,15:00:05.521000,12854,12855,12853,1
2020-11-04,15:00:06.529000,12853,12854,12853,3
2020-11-04,15:00:07.015000,12852,12854,12852,1
2020-11-04,15:00:07.029000,12852,12854,12852,10
2020-11-04,15:00:07.090000,12852,12854,12853,1
2020-11-04,15:00:07.501000,12851,12853,12851,1
2020-11-04,15:00:07.904000,12851,12852,12851,4
2020-11-04,15:00:08.943000,12851,12852,12851,1
2020-11-04,15:00:10.065000,12850,12852,12852,1
2020-11-04,15:00:10.732000,12850,12851,12850,1
2020-11-04,15:00:10.779000,12850,12851,12850,3
2020-11-04,15:00:11.056000,12849,12851,12851,2
2020-11-04,15:00:12.975000,12851,12852,12851,1
2020-11-04,15:00:13.591000,12851,12853,12853,2
2020-11-04,15:00:13.591000,12851,12853,12854,8
2020-11-04,15:00:13.969000,12852,12854,12852,1
2020-11-04,15:00:14.108000,12852,12853,12853,1
2020-11-04,15:00:14.477000,12852,12853,12853,1
2020-11-04,15:00:14.478000,12852,12853,12852,1
2020-11-04,15:00:14.562000,12852,12854,12852,1
2020-11-04,15:00:15.396000,12853,12854,12853,1
2020-11-04,15:00:16.228000,12853,12854,12854,1
2020-11-04,15:00:16.850000,12853,12854,12854,1
2020-11-04,15:00:17.854000,12853,12854,12854,2
2020-11-04,15:00:17.978000,12854,12855,12855,1
2020-11-04,15:00:18.690000,12854,12855,12855,1
2020-11-04,15:00:19.753000,12854,12855,12854,1
2020-11-04,15:00:20.807000,12854,12855,12854,2
2020-11-04,15:00:20.881000,12854,12855,12853,1
2020-11-04,15:00:20.904000,12853,12854,12853,3
2020-11-04,15:00:21.055000,12852,12854,12854,1
2020-11-04,15:00:21.245000,12852,12854,12852,1
2020-11-04,15:00:22.258000,12852,12854,12852,6
2020-11-04,15:00:22.261000,12852,12854,12852,1
2020-11-04,15:00:22.536000,12851,12852,12852,1
2020-11-04,15:00:22.577000,12851,12852,12852,1
2020-11-04,15:00:23.025000,12851,12852,12852,1
2020-11-04,15:00:23.068000,12851,12852,12852,1
2020-11-04,15:00:24.601000,12851,12852,12852,1
2020-11-04,15:00:24.715000,12851,12852,12851,2
2020-11-04,15:00:25.119000,12851,12852,12852,2
2020-11-04,15:00:25.530000,12851,12852,12852,1
2020-11-04,15:00:25.746000,12851,12852,12851,1
2020-11-04,15:00:25.833000,12851,12852,12851,2
2020-11-04,15:00:25.836000,12851,12852,12851,1
2020-11-04,15:00:25.838000,12851,12852,12851,1
2020-11-04,15:00:25.838000,12851,12852,12851,2
2020-11-04,15:00:25.871000,12851,12852,12851,1
2020-11-04,15:00:26.404000,12850,12852,12852,1
2020-11-04,15:00:26.671000,12851,12852,12852,1
2020-11-04,15:00:28.193000,12851,12852,12851,2
2020-11-04,15:00:28.701000,12851,12852,12852,1
2020-11-04,15:00:29.228000,12851,12852,12852,16
2020-11-04,15:00:29.228000,12851,12852,12852,4
2020-11-04,15:00:29.228000,12851,12852,12852,5
2020-11-04,15:00:29.228000,12851,12852,12852,12
2020-11-04,15:00:29.229000,12851,12852,12853,1
2020-11-04,15:00:29.355000,12852,12854,12852,1
2020-11-04,15:00:31.517000,12853,12854,12853,2
2020-11-04,15:00:33.248000,12852,12854,12853,1
2020-11-04,15:00:37.854000,12853,12854,12853,2
2020-11-04,15:00:38.234000,12853,12854,12853,1
2020-11-04,15:00:38.540000,12853,12854,12853,1
2020-11-04,15:00:39.239000,12852,12854,12854,1
2020-11-04,15:00:40.270000,12853,12854,12853,2
2020-11-04,15:00:43.524000,12853,12854,12854,9
2020-11-04,15:00:43.524000,12853,12854,12855,11
2020-11-04,15:00:43.529000,12854,12855,12855,4
2020-11-04,15:00:43.720000,12854,12856,12854,1
2020-11-04,15:00:44.295000,12854,12856,12854,1
2020-11-04,15:00:46.010000,12854,12856,12854,1
2020-11-04,15:00:46.977000,12854,12855,12855,1
2020-11-04,15:00:47.553000,12855,12856,12855,1
2020-11-04,15:00:47.608000,12855,12856,12855,1
2020-11-04,15:00:49.834000,12855,12856,12856,2
2020-11-04,15:00:50.403000,12855,12856,12856,2
2020-11-04,15:00:51.053000,12855,12856,12856,1
2020-11-04,15:00:52.135000,12855,12856,12856,3
2020-11-04,15:00:53.924000,12855,12856,12856,1
2020-11-04,15:00:55.783000,12856,12857,12856,1
2020-11-04,15:00:58.965000,12856,12857,12856,2
2020-11-04,15:00:59.403000,12856,12857,12857,1
2020-11-04,15:00:59.404000,12856,12857,12857,2
2020-11-04,15:00:59.942000,12857,12858,12858,1
2020-11-04,15:01:00.025000,12857,12858,12857,1
2020-11-04,15:01:00.033000,12857,12858,12858,1
2020-11-04,15:01:00.069000,12857,12858,12857,1
2020-11-04,15:01:00.087000,12857,12858,12857,1
2020-11-04,15:01:00.091000,12857,12858,12857,1
2020-11-04,15:01:00.096000,12857,12858,12857,1
2020-11-04,15:01:00.100000,12857,12858,12856,2
2020-11-04,15:01:00.169000,12857,12858,12857,1
2020-11-04,15:01:00.228000,12857,12858,12856,1
2020-11-04,15:01:00.229000,12857,12858,12856,1
2020-11-04,15:01:00.297000,12856,12857,12856,2
2020-11-04,15:01:00.298000,12856,12857,12856,1
2020-11-04,15:01:00.298000,12856,12857,12855,1
2020-11-04,15:01:00.299000,12856,12857,12855,2
2020-11-04,15:01:00.299000,12856,12857,12855,2
2020-11-04,15:01:00.361000,12856,12857,12855,2
2020-11-04,15:01:00.549000,12855,12857,12857,1
2020-11-04,15:01:00.744000,12855,12857,12855,1
2020-11-04,15:01:00.835000,12855,12857,12855,4
2020-11-04,15:01:01.197000,12855,12857,12857,1
2020-11-04,15:01:01.237000,12855,12857,12857,1
2020-11-04,15:01:02.638000,12856,12857,12857,1
2020-11-04,15:01:04.790000,12856,12857,12856,1
2020-11-04,15:01:05.472000,12856,12857,12856,1
2020-11-04,15:01:05.516000,12856,12857,12857,2
2020-11-04,15:01:05.876000,12857,12858,12857,1
2020-11-04,15:01:08.395000,12857,12858,12857,1
2020-11-04,15:01:08.543000,12857,12858,12857,1
2020-11-04,15:01:09.523000,12857,12858,12858,1
2020-11-04,15:01:09.523000,12857,12858,12858,1
2020-11-04,15:01:09.531000,12857,12859,12857,1
2020-11-04,15:01:10.434000,12858,12859,12859,2
2020-11-04,15:01:10.647000,12858,12859,12858,1
2020-11-04,15:01:10.941000,12857,12858,12857,2
2020-11-04,15:01:12.469000,12857,12858,12857,2
2020-11-04,15:01:12.759000,12857,12858,12858,1
2020-11-04,15:01:13.646000,12857,12858,12858,2
2020-11-04,15:01:13.860000,12858,12859,12859,3
2020-11-04,15:01:14.075000,12858,12859,12859,2
2020-11-04,15:01:14.749000,12858,12859,12859,1
2020-11-04,15:01:15.598000,12859,12860,12860,1
2020-11-04,15:01:16.914000,12859,12860,12860,8
2020-11-04,15:01:17.805000,12860,12861,12860,2
2020-11-04,15:01:18.452000,12860,12861,12861,1
2020-11-04,15:01:18.654000,12860,12861,12861,4
2020-11-04,15:01:18.724000,12860,12861,12861,1
2020-11-04,15:01:19.118000,12860,12862,12862,1
2020-11-04,15:01:19.247000,12860,12862,12862,2
2020-11-04,15:01:19.259000,12860,12862,12862,2
2020-11-04,15:01:19.262000,12860,12862,12862,2
2020-11-04,15:01:19.587000,12862,12863,12862,1
2020-11-04,15:01:19.695000,12860,12862,12860,2
2020-11-04,15:01:20.682000,12861,12862,12862,2
2020-11-04,15:01:20.682000,12861,12862,12863,1
2020-11-04,15:01:20.846000,12861,12862,12862,1
2020-11-04,15:01:20.861000,12861,12862,12862,2
2020-11-04,15:01:20.867000,12861,12862,12862,2
2020-11-04,15:01:20.906000,12861,12863,12863,2
2020-11-04,15:01:21.381000,12861,12863,12862,1
2020-11-04,15:01:21.381000,12861,12863,12862,1
2020-11-04,15:01:21.861000,12861,12862,12861,3
2020-11-04,15:01:21.923000,12860,12861,12861,2
2020-11-04,15:01:22.199000,12860,12862,12861,1
2020-11-04,15:01:23.270000,12860,12862,12860,2
2020-11-04,15:01:23.566000,12860,12862,12861,1
2020-11-04,15:01:24.175000,12860,12861,12860,1
2020-11-04,15:01:24.175000,12860,12861,12860,6
2020-11-04,15:01:24.175000,12860,12861,12860,4
2020-11-04,15:01:24.302000,12859,12860,12860,2
2020-11-04,15:01:24.526000,12859,12860,12859,1
2020-11-04,15:01:25.120000,12859,12860,12860,1
2020-11-04,15:01:25.654000,12859,12860,12860,1
2020-11-04,15:01:28.187000,12860,12861,12860,1
2020-11-04,15:01:29.239000,12860,12861,12861,1
2020-11-04,15:01:30.191000,12860,12862,12860,1
2020-11-04,15:01:33.431000,12861,12862,12862,1
2020-11-04,15:01:33.431000,12861,12862,12863,1
2020-11-04,15:01:33.607000,12861,12863,12861,1
2020-11-04,15:01:33.976000,12861,12863,12861,1
2020-11-04,15:01:34.454000,12861,12862,12861,1
2020-11-04,15:01:35.461000,12861,12862,12862,1
2020-11-04,15:01:35.461000,12861,12862,12863,2
2020-11-04,15:01:37.186000,12861,12862,12862,1
2020-11-04,15:01:37.186000,12861,12862,12862,1
2020-11-04,15:01:37.904000,12861,12862,12862,1
2020-11-04,15:01:40.873000,12862,12863,12862,1
2020-11-04,15:01:40.905000,12862,12863,12862,1
2020-11-04,15:01:40.906000,12862,12863,12862,1
2020-11-04,15:01:40.907000,12862,12863,12862,1
2020-11-04,15:01:40.907000,12862,12863,12862,1
2020-11-04,15:01:40.907000,12862,12863,12862,2
2020-11-04,15:01:40.909000,12862,12863,12861,1
2020-11-04,15:01:40.912000,12862,12863,12861,1
2020-11-04,15:01:41.999000,12860,12861,12861,1
2020-11-04,15:01:42.078000,12860,12861,12861,1
2020-11-04,15:01:44.140000,12860,12862,12862,1
2020-11-04,15:01:46.442000,12860,12862,12862,1
2020-11-04,15:01:51.110000,12860,12862,12862,1
2020-11-04,15:01:51.683000,12860,12862,12862,3
2020-11-04,15:01:53.002000,12860,12861,12861,5
2020-11-04,15:01:54.541000,12861,12862,12862,1
2020-11-04,15:01:56.587000,12861,12862,12861,1
2020-11-04,15:01:57.167000,12861,12862,12861,2
2020-11-04,15:01:58.171000,12860,12861,12861,1
2020-11-04,15:02:00.077000,12860,12862,12861,1
2020-11-04,15:02:00.172000,12860,12861,12860,1
2020-11-04,15:02:00.826000,12860,12861,12861,3
2020-11-04,15:02:01.168000,12861,12862,12861,1
2020-11-04,15:02:01.345000,12860,12861,12861,1
2020-11-04,15:02:02.607000,12860,12861,12861,2
2020-11-04,15:02:04.582000,12860,12861,12861,1
2020-11-04,15:02:04.944000,12860,12861,12861,1
2020-11-04,15:02:04.986000,12860,12861,12860,1
2020-11-04,15:02:06.348000,12860,12861,12860,1
2020-11-04,15:02:06.736000,12860,12861,12860,17
2020-11-04,15:02:06.741000,12860,12861,12860,2
2020-11-04,15:02:06.742000,12860,12861,12860,7
2020-11-04,15:02:06.904000,12860,12861,12860,1
2020-11-04,15:02:08.269000,12859,12860,12860,1
2020-11-04,15:02:08.329000,12859,12860,12860,1
2020-11-04,15:02:08.806000,12859,12860,12860,2
2020-11-04,15:02:09.021000,12859,12860,12859,1
2020-11-04,15:02:12.301000,12859,12860,12859,1
2020-11-04,15:02:13.014000,12859,12860,12859,1
2020-11-04,15:02:13.456000,12859,12860,12859,1
2020-11-04,15:02:13.796000,12859,12860,12859,1
2020-11-04,15:02:13.797000,12859,12860,12859,9
2020-11-04,15:02:15.181000,12858,12859,12859,2
2020-11-04,15:02:15.958000,12858,12859,12859,1
2020-11-04,15:02:17.990000,12858,12859,12858,1
2020-11-04,15:02:19.735000,12858,12859,12858,1
2020-11-04,15:02:19.956000,12858,12859,12858,5
2020-11-04,15:02:23.231000,12857,12858,12858,1
2020-11-04,15:02:23.585000,12857,12858,12858,1
2020-11-04,15:02:24.207000,12857,12858,12857,1
2020-11-04,15:02:24.456000,12857,12858,12857,1
2020-11-04,15:02:24.971000,12857,12858,12858,1
2020-11-04,15:02:25.593000,12857,12858,12857,1
2020-11-04,15:02:25.844000,12857,12858,12857,8
2020-11-04,15:02:29.162000,12856,12857,12856,1
2020-11-04,15:02:32.251000,12856,12857,12857,1
2020-11-04,15:02:32.803000,12856,12858,12858,3
2020-11-04,15:02:32.803000,12856,12858,12859,7
2020-11-04,15:02:35.773000,12857,12858,12857,1
2020-11-04,15:02:39.981000,12857,12858,12857,1
2020-11-04,15:02:42.046000,12858,12860,12858,1
2020-11-04,15:02:43.530000,12858,12860,12860,1
2020-11-04,15:02:47.050000,12858,12859,12858,1
2020-11-04,15:02:51.246000,12858,12860,12858,1
2020-11-04,15:02:51.458000,12858,12860,12858,1
2020-11-04,15:02:52.110000,12858,12859,12858,1
2020-11-04,15:02:52.110000,12858,12859,12858,1
2020-11-04,15:02:53.076000,12858,12859,12859,1
2020-11-04,15:02:54.644000,12858,12860,12858,1
2020-11-04,15:02:54.816000,12858,12860,12859,1
2020-11-04,15:02:55.185000,12859,12860,12859,1
2020-11-04,15:03:00.447000,12858,12859,12858,1
2020-11-04,15:03:00.549000,12858,12859,12858,1
2020-11-04,15:03:03.828000,12858,12859,12858,2
2020-11-04,15:03:04.635000,12857,12859,12859,1
2020-11-04,15:03:06.798000,12857,12858,12858,1
2020-11-04,15:03:07.313000,12858,12859,12858,1
2020-11-04,15:03:09.270000,12857,12859,12859,1
2020-11-04,15:03:12.235000,12858,12859,12859,4
2020-11-04,15:03:12.938000,12858,12860,12858,2
2020-11-04,15:03:18.247000,12857,12859,12859,1
2020-11-04,15:03:19.106000,12857,12859,12859,6
2020-11-04,15:03:19.106000,12857,12859,12860,9
2020-11-04,15:03:19.892000,12858,12860,12859,1
2020-11-04,15:03:23.688000,12858,12859,12859,1
2020-11-04,15:03:23.932000,12859,12860,12860,1
2020-11-04,15:03:23.933000,12859,12860,12860,6
2020-11-04,15:03:24.128000,12860,12861,12861,3
2020-11-04,15:03:24.129000,12860,12861,12861,2
2020-11-04,15:03:24.300000,12860,12862,12860,1
2020-11-04,15:03:27.279000,12861,12862,12862,1
2020-11-04,15:03:27.408000,12861,12862,12862,4
2020-11-04,15:03:27.410000,12861,12862,12862,1
2020-11-04,15:03:27.547000,12862,12863,12862,1
2020-11-04,15:03:27.597000,12862,12863,12861,2
2020-11-04,15:03:27.793000,12861,12863,12863,1
2020-11-04,15:03:28.429000,12861,12863,12863,1
2020-11-04,15:03:31.120000,12862,12863,12863,4
2020-11-04,15:03:31.246000,12862,12863,12863,1
2020-11-04,15:03:32.347000,12862,12863,12863,6
2020-11-04,15:03:34.325000,12862,12863,12862,2
2020-11-04,15:03:35.011000,12861,12862,12861,1
2020-11-04,15:03:35.681000,12860,12862,12862,1
2020-11-04,15:03:40.386000,12861,12863,12863,1
2020-11-04,15:03:46.547000,12862,12863,12862,1
2020-11-04,15:03:46.624000,12862,12863,12862,1
2020-11-04,15:03:46.624000,12862,12863,12861,1
2020-11-04,15:03:47.597000,12861,12863,12863,1
2020-11-04,15:03:50.197000,12862,12863,12863,5
2020-11-04,15:03:51.051000,12862,12864,12862,1
2020-11-04,15:03:57.662000,12862,12863,12862,4
2020-11-04,15:04:00.114000,12861,12862,12861,2
2020-11-04,15:04:00.114000,12861,12862,12861,2
2020-11-04,15:04:00.114000,12861,12862,12861,1
2020-11-04,15:04:00.171000,12860,12862,12860,1
2020-11-04,15:04:00.924000,12860,12862,12860,1
2020-11-04,15:04:01.738000,12860,12862,12860,1
2020-11-04,15:04:01.902000,12860,12862,12860,1
2020-11-04,15:04:09.271000,12860,12861,12860,3
2020-11-04,15:04:10.253000,12860,12861,12860,1
2020-11-04,15:04:15.213000,12860,12861,12860,1
2020-11-04,15:04:17.489000,12859,12860,12860,2
2020-11-04,15:04:17.885000,12859,12860,12860,1
2020-11-04,15:04:19.916000,12859,12860,12859,30
2020-11-04,15:04:19.916000,12859,12860,12859,1
2020-11-04,15:04:19.916000,12859,12860,12859,1
2020-11-04,15:04:20.078000,12858,12859,12858,7
2020-11-04,15:04:20.293000,12857,12859,12857,1
2020-11-04,15:04:20.303000,12857,12859,12857,1
2020-11-04,15:04:20.316000,12857,12859,12857,6
2020-11-04,15:04:22.154000,12857,12858,12857,4
2020-11-04,15:04:22.155000,12857,12858,12857,1
2020-11-04,15:04:24.026000,12856,12857,12857,1
2020-11-04,15:04:26.135000,12857,12858,12857,1
2020-11-04,15:04:28.962000,12857,12858,12858,1
2020-11-04,15:04:30.910000,12857,12859,12857,1
2020-11-04,15:04:31.956000,12857,12859,12857,2
2020-11-04,15:04:34.765000,12857,12858,12858,1
2020-11-04,15:04:37.832000,12857,12859,12857,2
2020-11-04,15:04:40.649000,12857,12859,12859,1
2020-11-04,15:04:40.747000,12857,12859,12857,2
2020-11-04,15:04:42.089000,12856,12857,12857,3
2020-11-04,15:04:44.447000,12856,12857,12856,2
2020-11-04,15:04:44.448000,12856,12857,12856,15
2020-11-04,15:04:45.308000,12855,12856,12855,1
2020-11-04,15:04:45.861000,12855,12856,12855,1
2020-11-04,15:04:45.989000,12855,12856,12856,1
2020-11-04,15:04:46.195000,12855,12856,12855,2
2020-11-04,15:04:46.434000,12855,12856,12855,2
2020-11-04,15:04:47.419000,12855,12856,12856,1
2020-11-04,15:04:47.541000,12855,12856,12855,3
2020-11-04,15:04:47.883000,12854,12855,12855,2
2020-11-04,15:04:48.426000,12854,12855,12855,12
2020-11-04,15:04:48.642000,12855,12857,12855,1
2020-11-04,15:04:50.294000,12855,12857,12855,4
2020-11-04,15:04:51.379000,12855,12857,12855,1
2020-11-04,15:04:52.596000,12856,12857,12857,3
2020-11-04,15:04:52.937000,12857,12858,12857,1
2020-11-04,15:04:53.148000,12857,12858,12857,1
2020-11-04,15:04:55.278000,12857,12858,12857,1
2020-11-04,15:04:58.048000,12856,12857,12857,1
2020-11-04,15:04:58.359000,12856,12857,12856,1
2020-11-04,15:05:00.950000,12855,12857,12855,1
2020-11-04,15:05:01.051000,12855,12857,12855,1
2020-11-04,15:05:01.727000,12855,12856,12855,2
2020-11-04,15:05:01.914000,12855,12856,12855,1
2020-11-04,15:05:05.386000,12854,12855,12854,1
2020-11-04,15:05:05.511000,12854,12855,12854,1
2020-11-04,15:05:05.552000,12854,12855,12854,1
2020-11-04,15:05:05.571000,12854,12855,12854,3
2020-11-04,15:05:05.904000,12854,12855,12854,5
2020-11-04,15:05:06.029000,12854,12855,12854,1
2020-11-04,15:05:07.049000,12853,12855,12855,1
2020-11-04,15:05:08.057000,12853,12854,12854,1
2020-11-04,15:05:08.057000,12853,12854,12855,1
2020-11-04,15:05:09.566000,12853,12855,12855,1
2020-11-04,15:05:11.964000,12854,12856,12855,1
2020-11-04,15:05:12.198000,12854,12856,12854,1
2020-11-04,15:05:13.492000,12854,12856,12854,3
2020-11-04,15:05:15.905000,12855,12856,12856,1
2020-11-04,15:05:15.954000,12855,12856,12856,1
2020-11-04,15:05:15.954000,12855,12856,12856,5
2020-11-04,15:05:16.798000,12855,12857,12855,1
2020-11-04,15:05:17.253000,12855,12857,12855,3
2020-11-04,15:05:20.429000,12856,12857,12857,1
2020-11-04,15:05:21.060000,12856,12857,12856,1
2020-11-04,15:05:21.126000,12856,12857,12857,1
2020-11-04,15:05:21.240000,12856,12857,12856,1
2020-11-04,15:05:27.063000,12856,12857,12856,1
2020-11-04,15:05:27.963000,12856,12857,12856,1
2020-11-04,15:05:27.963000,12856,12857,12856,4
2020-11-04,15:05:27.964000,12856,12857,12856,5
2020-11-04,15:05:27.964000,12856,12857,12856,4
2020-11-04,15:05:27.964000,12856,12857,12856,1
2020-11-04,15:05:28.291000,12855,12856,12855,1
2020-11-04,15:05:33.287000,12855,12856,12855,1
2020-11-04,15:05:35.380000,12855,12856,12855,1
2020-11-04,15:05:38.638000,12855,12856,12855,1
2020-11-04,15:05:53.279000,12855,12856,12855,1
2020-11-04,15:05:53.536000,12855,12856,12855,1
2020-11-04,15:05:53.590000,12855,12856,12855,1
2020-11-04,15:05:55.441000,12855,12856,12855,3
2020-11-04,15:05:56.324000,12855,12856,12855,1
2020-11-04,15:05:56.634000,12855,12856,12855,1
2020-11-04,15:05:58.582000,12855,12856,12855,1
2020-11-04,15:05:59.031000,12855,12856,12855,4
2020-11-04,15:05:59.208000,12854,12855,12855,1
2020-11-04,15:06:03.827000,12855,12856,12856,1
2020-11-04,15:06:03.922000,12855,12856,12855,1
2020-11-04,15:06:04.372000,12855,12856,12855,2
2020-11-04,15:06:09.165000,12854,12855,12855,1
2020-11-04,15:06:09.323000,12855,12856,12855,1
2020-11-04,15:06:09.851000,12855,12856,12855,4
2020-11-04,15:06:10.051000,12854,12855,12854,1
2020-11-04,15:06:11.095000,12854,12855,12854,1
2020-11-04,15:06:13.178000,12854,12855,12855,1
2020-11-04,15:06:16.923000,12854,12855,12855,1
2020-11-04,15:06:16.964000,12854,12855,12855,1
2020-11-04,15:06:18.990000,12855,12856,12855,1
2020-11-04,15:06:19.031000,12855,12856,12855,1
2020-11-04,15:06:19.351000,12855,12856,12856,5
2020-11-04,15:06:22.257000,12856,12857,12856,1
2020-11-04,15:06:24.223000,12856,12857,12857,1
2020-11-04,15:06:24.826000,12856,12857,12856,1
2020-11-04,15:06:25.871000,12856,12857,12856,1
2020-11-04,15:06:30.159000,12856,12857,12857,1
2020-11-04,15:06:30.160000,12856,12857,12857,2
2020-11-04,15:06:30.185000,12856,12857,12857,1
2020-11-04,15:06:30.863000,12857,12858,12857,1
2020-11-04,15:06:32.758000,12857,12858,12857,1
2020-11-04,15:06:33.752000,12857,12858,12857,1
2020-11-04,15:06:34.781000,12857,12858,12857,1
2020-11-04,15:06:36.589000,12857,12858,12858,1
2020-11-04,15:06:41.867000,12857,12858,12858,2
2020-11-04,15:06:43.865000,12857,12858,12858,1
2020-11-04,15:06:48.208000,12856,12857,12857,1
2020-11-04,15:06:48.838000,12856,12858,12858,1
2020-11-04,15:06:53.850000,12857,12858,12857,1
2020-11-04,15:06:57.758000,12857,12858,12858,1
2020-11-04,15:07:12.537000,12857,12858,12858,1
2020-11-04,15:07:12.671000,12857,12858,12857,1
2020-11-04,15:07:13.228000,12857,12858,12857,4
2020-11-04,15:07:13.228000,12857,12858,12857,1
2020-11-04,15:07:13.228000,12857,12858,12857,1
2020-11-04,15:07:13.228000,12857,12858,12857,1
2020-11-04,15:07:13.674000,12856,12857,12856,1
2020-11-04,15:07:13.674000,12856,12857,12856,5
2020-11-04,15:07:15.032000,12855,12857,12857,1
2020-11-04,15:07:15.282000,12855,12857,12857,1
2020-11-04,15:07:15.771000,12855,12857,12857,1
2020-11-04,15:07:18.209000,12856,12858,12858,1
2020-11-04,15:07:19.151000,12856,12858,12858,2
2020-11-04,15:07:24.638000,12857,12858,12858,1
2020-11-04,15:07:25.080000,12857,12858,12858,2
2020-11-04,15:07:29.705000,12857,12858,12858,3
2020-11-04,15:07:37.524000,12858,12859,12858,2
2020-11-04,15:07:42.684000,12858,12859,12858,1
2020-11-04,15:07:42.685000,12858,12859,12858,1
2020-11-04,15:07:50.404000,12857,12858,12858,1
2020-11-04,15:07:50.587000,12858,12859,12859,7
2020-11-04,15:07:50.587000,12858,12859,12860,3
2020-11-04,15:08:03.115000,12859,12860,12860,4
2020-11-04,15:08:03.171000,12859,12860,12859,1
2020-11-04,15:08:07.271000,12858,12860,12860,8
2020-11-04,15:08:08.221000,12858,12860,12860,1
2020-11-04,15:08:15.175000,12859,12860,12860,2
2020-11-04,15:08:15.753000,12859,12860,12860,1
2020-11-04,15:08:20.365000,12859,12860,12860,7
2020-11-04,15:08:20.365000,12859,12860,12860,1
2020-11-04,15:08:20.382000,12859,12860,12860,1
2020-11-04,15:08:20.382000,12859,12860,12860,1
2020-11-04,15:08:20.747000,12859,12860,12859,1
2020-11-04,15:08:22.877000,12859,12860,12860,3
2020-11-04,15:08:22.877000,12859,12860,12861,2
2020-11-04,15:08:23.400000,12859,12861,12861,3
2020-11-04,15:08:30.754000,12860,12861,12861,1
2020-11-04,15:08:30.754000,12860,12861,12861,4
2020-11-04,15:08:30.786000,12860,12862,12861,1
2020-11-04,15:08:31.854000,12860,12862,12862,1
2020-11-04,15:08:31.875000,12860,12862,12862,1
2020-11-04,15:08:32.416000,12860,12862,12862,1
2020-11-04,15:08:32.427000,12860,12862,12862,1
2020-11-04,15:08:32.427000,12860,12862,12862,1
2020-11-04,15:08:33.416000,12860,12862,12862,1
2020-11-04,15:08:33.416000,12860,12862,12862,1
2020-11-04,15:08:33.445000,12860,12862,12862,1
2020-11-04,15:08:33.445000,12860,12862,12862,2
2020-11-04,15:08:35.296000,12862,12863,12862,1
2020-11-04,15:08:38.594000,12862,12863,12862,2
2020-11-04,15:08:39.320000,12862,12863,12863,1
2020-11-04,15:08:39.404000,12862,12863,12863,5
2020-11-04,15:08:39.404000,12862,12863,12863,1
2020-11-04,15:08:39.450000,12862,12863,12864,1
2020-11-04,15:08:39.566000,12862,12864,12864,1
2020-11-04,15:08:40.723000,12862,12864,12863,1
2020-11-04,15:08:40.817000,12863,12864,12863,1
2020-11-04,15:08:40.889000,12863,12864,12862,1
2020-11-04,15:08:43.436000,12863,12864,12864,3
2020-11-04,15:08:43.530000,12864,12865,12865,3
2020-11-04,15:08:43.530000,12864,12865,12865,7
2020-11-04,15:08:43.530000,12864,12865,12865,1
2020-11-04,15:08:43.891000,12864,12866,12866,2
2020-11-04,15:08:44.455000,12866,12867,12866,2
2020-11-04,15:08:45.245000,12865,12867,12865,1
2020-11-04,15:08:45.666000,12865,12866,12865,1
2020-11-04,15:08:45.704000,12865,12866,12866,5
2020-11-04,15:08:45.923000,12865,12866,12866,1
2020-11-04,15:08:49.096000,12866,12867,12866,1
2020-11-04,15:08:49.398000,12866,12867,12866,1
2020-11-04,15:08:50.348000,12866,12867,12866,1
2020-11-04,15:08:50.737000,12865,12866,12866,1
2020-11-04,15:08:52.261000,12865,12866,12865,1
2020-11-04,15:08:52.934000,12865,12866,12867,1
2020-11-04,15:08:53.367000,12866,12867,12867,1
2020-11-04,15:08:55.363000,12867,12868,12867,1
2020-11-04,15:08:55.923000,12867,12868,12868,1
2020-11-04,15:08:56.071000,12867,12868,12868,1
2020-11-04,15:08:56.198000,12867,12868,12868,1
2020-11-04,15:08:56.266000,12867,12868,12868,2
2020-11-04,15:08:56.278000,12867,12868,12868,1
2020-11-04,15:08:56.286000,12867,12869,12869,3
2020-11-04,15:08:56.298000,12867,12869,12869,1
2020-11-04,15:08:56.323000,12867,12869,12869,1
2020-11-04,15:08:56.352000,12867,12869,12869,1
2020-11-04,15:08:56.379000,12867,12869,12869,1
2020-11-04,15:08:56.384000,12867,12869,12869,1
2020-11-04,15:08:56.407000,12867,12869,12869,1
2020-11-04,15:08:56.431000,12867,12869,12869,2
2020-11-04,15:08:56.443000,12867,12869,12869,1
2020-11-04,15:08:56.464000,12867,12869,12870,1
2020-11-04,15:08:56.467000,12867,12869,12870,1
2020-11-04,15:08:56.467000,12867,12869,12870,1
2020-11-04,15:08:56.468000,12867,12869,12870,1
2020-11-04,15:08:56.474000,12867,12869,12870,1
2020-11-04,15:08:56.475000,12867,12869,12870,1
2020-11-04,15:08:56.518000,12867,12869,12870,1
2020-11-04,15:08:56.523000,12867,12869,12870,2
2020-11-04,15:08:56.531000,12867,12870,12870,2
2020-11-04,15:08:56.537000,12867,12870,12870,2
2020-11-04,15:08:56.538000,12867,12870,12870,1
2020-11-04,15:08:56.543000,12867,12870,12870,1
2020-11-04,15:08:56.548000,12867,12870,12870,2
2020-11-04,15:08:56.550000,12867,12870,12871,1
2020-11-04,15:08:56.565000,12867,12870,12871,2
2020-11-04,15:08:56.577000,12867,12870,12871,1
2020-11-04,15:08:56.585000,12867,12870,12871,1
2020-11-04,15:08:56.618000,12867,12870,12872,1
2020-11-04,15:08:56.697000,12869,12872,12872,1
2020-11-04,15:08:56.699000,12869,12872,12872,1
2020-11-04,15:08:56.714000,12869,12872,12872,1
2020-11-04,15:08:56.771000,12869,12872,12872,1
2020-11-04,15:08:56.784000,12871,12872,12872,1
2020-11-04,15:08:56.787000,12871,12872,12872,1
2020-11-04,15:08:56.789000,12871,12872,12872,2
2020-11-04,15:08:56.809000,12871,12872,12873,1
2020-11-04,15:08:56.815000,12871,12872,12873,1
2020-11-04,15:08:57.359000,12870,12872,12872,1
2020-11-04,15:08:57.370000,12870,12872,12872,1
2020-11-04,15:08:57.372000,12870,12872,12872,1
2020-11-04,15:08:57.378000,12870,12872,12872,1
2020-11-04,15:08:57.400000,12870,12872,12872,1
2020-11-04,15:08:57.406000,12871,12872,12872,1
2020-11-04,15:08:57.406000,12871,12872,12872,1
2020-11-04,15:08:57.406000,12871,12872,12872,1
2020-11-04,15:08:57.408000,12871,12872,12873,1
2020-11-04,15:08:57.408000,12871,12872,12873,1
2020-11-04,15:08:57.411000,12871,12872,12873,1
2020-11-04,15:08:57.435000,12871,12872,12873,2
2020-11-04,15:08:57.576000,12871,12873,12873,13
2020-11-04,15:08:57.584000,12871,12873,12873,2
2020-11-04,15:08:58.020000,12871,12872,12872,2
2020-11-04,15:08:58.020000,12871,12872,12873,1
2020-11-04,15:08:58.227000,12870,12872,12870,1
2020-11-04,15:08:58.376000,12870,12872,12872,1
2020-11-04,15:08:58.769000,12870,12872,12872,1
2020-11-04,15:08:58.784000,12870,12872,12872,1
2020-11-04,15:08:58.793000,12870,12872,12872,1
2020-11-04,15:08:58.796000,12870,12872,12872,1
2020-11-04,15:08:58.819000,12870,12872,12872,1
2020-11-04,15:08:58.872000,12870,12872,12871,1
2020-11-04,15:08:59.141000,12870,12871,12871,1
2020-11-04,15:09:00.812000,12871,12872,12872,1
2020-11-04,15:09:00.922000,12871,12872,12871,1
2020-11-04,15:09:00.932000,12871,12872,12872,4
2020-11-04,15:09:01.043000,12871,12873,12873,2
2020-11-04,15:09:01.567000,12871,12873,12872,1
2020-11-04,15:09:02.078000,12871,12873,12871,2
2020-11-04,15:09:02.508000,12871,12873,12873,3
2020-11-04,15:09:05.036000,12871,12873,12872,1
2020-11-04,15:09:06.766000,12871,12873,12873,1
2020-11-04,15:09:07.180000,12871,12873,12873,1
2020-11-04,15:09:07.184000,12871,12873,12873,1
2020-11-04,15:09:07.184000,12871,12873,12873,1
2020-11-04,15:09:07.280000,12872,12874,12874,1
2020-11-04,15:09:07.281000,12872,12874,12874,1
2020-11-04,15:09:07.437000,12873,12874,12874,1
2020-11-04,15:09:07.855000,12872,12874,12874,1
2020-11-04,15:09:07.973000,12873,12874,12873,3
2020-11-04,15:09:08.030000,12872,12874,12872,2
2020-11-04,15:09:08.718000,12872,12874,12874,1
2020-11-04,15:09:08.853000,12872,12874,12872,1
2020-11-04,15:09:09.521000,12872,12874,12872,2
2020-11-04,15:09:10.402000,12872,12873,12872,1
2020-11-04,15:09:10.431000,12872,12873,12873,3
2020-11-04,15:09:10.896000,12872,12873,12873,2
2020-11-04,15:09:11.137000,12872,12874,12874,1
2020-11-04,15:09:12.558000,12872,12873,12872,2
2020-11-04,15:09:12.795000,12872,12873,12873,1
2020-11-04,15:09:12.891000,12872,12873,12874,2
2020-11-04,15:09:13.546000,12872,12873,12872,2
2020-11-04,15:09:13.758000,12872,12873,12872,1
2020-11-04,15:09:14.557000,12872,12873,12872,1
2020-11-04,15:09:15.298000,12871,12872,12872,1
2020-11-04,15:09:17.697000,12872,12873,12872,2
2020-11-04,15:09:18.448000,12871,12873,12873,4
2020-11-04,15:09:18.813000,12871,12873,12873,1
2020-11-04,15:09:19.529000,12872,12873,12873,1
2020-11-04,15:09:19.663000,12872,12873,12873,1
2020-11-04,15:09:20.117000,12872,12873,12873,4
2020-11-04,15:09:20.118000,12872,12873,12873,1
2020-11-04,15:09:20.683000,12873,12874,12873,2
2020-11-04,15:09:22.043000,12872,12873,12872,2
2020-11-04,15:09:22.410000,12871,12872,12872,1
2020-11-04,15:09:22.437000,12871,12872,12872,1
2020-11-04,15:09:22.831000,12871,12872,12872,1
2020-11-04,15:09:22.901000,12871,12872,12872,1
2020-11-04,15:09:26.598000,12871,12872,12872,2
2020-11-04,15:09:26.753000,12871,12872,12872,1
2020-11-04,15:09:26.753000,12871,12872,12872,4
2020-11-04,15:09:27.129000,12872,12873,12872,1
2020-11-04,15:09:28.029000,12872,12873,12872,1
2020-11-04,15:09:30.269000,12872,12873,12873,3
2020-11-04,15:09:31.938000,12872,12874,12872,5
2020-11-04,15:09:31.959000,12872,12874,12872,2
2020-11-04,15:09:34.440000,12872,12874,12874,3
2020-11-04,15:09:35.288000,12873,12874,12873,1
2020-11-04,15:09:35.352000,12873,12874,12874,15
2020-11-04,15:09:35.352000,12873,12874,12875,35
2020-11-04,15:09:35.353000,12873,12874,12875,2
2020-11-04,15:09:35.402000,12873,12874,12874,1
2020-11-04,15:09:35.463000,12874,12876,12875,2
2020-11-04,15:09:35.463000,12874,12876,12876,3
2020-11-04,15:09:35.656000,12875,12876,12876,3
2020-11-04,15:09:35.969000,12875,12876,12876,1
2020-11-04,15:09:36.427000,12875,12876,12875,1
2020-11-04,15:09:36.500000,12875,12876,12875,1
2020-11-04,15:09:36.961000,12875,12876,12876,1
2020-11-04,15:09:36.964000,12875,12876,12876,1
2020-11-04,15:09:36.968000,12875,12876,12876,1
2020-11-04,15:09:37.002000,12875,12876,12877,1
2020-11-04,15:09:37.011000,12875,12876,12877,1
2020-11-04,15:09:37.022000,12875,12876,12877,1
2020-11-04,15:09:37.027000,12875,12876,12877,1
2020-11-04,15:09:37.031000,12876,12877,12877,1
2020-11-04,15:09:37.032000,12876,12877,12877,1
2020-11-04,15:09:37.053000,12876,12877,12877,1
2020-11-04,15:09:37.066000,12876,12877,12877,13
2020-11-04,15:09:37.066000,12876,12877,12878,7
2020-11-04,15:09:37.158000,12876,12878,12878,3
2020-11-04,15:09:37.224000,12876,12878,12878,2
2020-11-04,15:09:37.224000,12876,12878,12879,20
2020-11-04,15:09:37.224000,12876,12878,12880,26
2020-11-04,15:09:37.284000,12878,12880,12880,4
2020-11-04,15:09:37.284000,12878,12880,12881,6
2020-11-04,15:09:37.328000,12878,12880,12880,3
2020-11-04,15:09:37.328000,12878,12880,12880,2
2020-11-04,15:09:37.336000,12878,12880,12881,2
2020-11-04,15:09:37.337000,12878,12880,12881,1
2020-11-04,15:09:37.360000,12878,12880,12881,1
2020-11-04,15:09:37.427000,12880,12881,12880,1
2020-11-04,15:09:37.430000,12880,12881,12881,1
2020-11-04,15:09:37.438000,12880,12881,12881,1
2020-11-04,15:09:37.439000,12880,12881,12881,1
2020-11-04,15:09:37.448000,12880,12881,12881,1
2020-11-04,15:09:37.449000,12880,12881,12882,1
2020-11-04,15:09:37.466000,12880,12881,12882,1
2020-11-04,15:09:37.469000,12880,12881,12882,1
2020-11-04,15:09:37.482000,12880,12881,12882,3
2020-11-04,15:09:37.498000,12880,12881,12882,3
2020-11-04,15:09:37.524000,12880,12881,12881,1
2020-11-04,15:09:37.544000,12880,12882,12880,3
2020-11-04,15:09:37.578000,12880,12882,12881,5
2020-11-04,15:09:37.581000,12880,12882,12881,1
2020-11-04,15:09:37.591000,12880,12882,12882,1
2020-11-04,15:09:37.596000,12880,12882,12881,4
2020-11-04,15:09:37.603000,12880,12882,12882,1
2020-11-04,15:09:37.639000,12880,12882,12882,1
2020-11-04,15:09:37.646000,12880,12882,12881,1
2020-11-04,15:09:37.653000,12880,12882,12882,1
2020-11-04,15:09:37.658000,12881,12882,12882,1
2020-11-04,15:09:37.676000,12881,12882,12882,2
2020-11-04,15:09:37.689000,12881,12882,12882,1
2020-11-04,15:09:37.712000,12881,12882,12882,1
2020-11-04,15:09:37.724000,12881,12882,12882,1
2020-11-04,15:09:37.729000,12881,12882,12882,1
2020-11-04,15:09:37.735000,12881,12882,12882,1
2020-11-04,15:09:37.745000,12881,12882,12882,1
2020-11-04,15:09:37.746000,12881,12882,12882,3
2020-11-04,15:09:37.746000,12881,12882,12882,12
2020-11-04,15:09:37.746000,12881,12882,12882,24
2020-11-04,15:09:37.746000,12881,12882,12882,4
2020-11-04,15:09:37.746000,12881,12882,12882,1
2020-11-04,15:09:37.760000,12881,12882,12883,8
2020-11-04,15:09:37.765000,12881,12882,12883,1
2020-11-04,15:09:37.772000,12881,12882,12883,1
2020-11-04,15:09:37.777000,12881,12882,12883,2
2020-11-04,15:09:37.789000,12881,12883,12883,1
2020-11-04,15:09:37.828000,12881,12883,12883,2
2020-11-04,15:09:37.830000,12881,12883,12883,2
2020-11-04,15:09:37.830000,12881,12883,12883,1
2020-11-04,15:09:37.834000,12881,12883,12883,1
2020-11-04,15:09:37.844000,12881,12883,12883,1
2020-11-04,15:09:37.868000,12881,12883,12881,1
2020-11-04,15:09:37.878000,12881,12883,12883,1
2020-11-04,15:09:37.923000,12881,12883,12883,1
2020-11-04,15:09:37.924000,12881,12883,12883,1
2020-11-04,15:09:37.928000,12881,12883,12883,4
2020-11-04,15:09:37.928000,12881,12883,12883,4
2020-11-04,15:09:37.934000,12881,12883,12883,1
2020-11-04,15:09:37.944000,12881,12883,12883,2
2020-11-04,15:09:37.949000,12881,12883,12883,1
2020-11-04,15:09:37.954000,12881,12883,12883,2
2020-11-04,15:09:37.973000,12881,12883,12883,1
2020-11-04,15:09:37.984000,12881,12883,12883,1
2020-11-04,15:09:38.012000,12881,12883,12883,1
2020-11-04,15:09:38.015000,12881,12883,12883,1
2020-11-04,15:09:38.036000,12882,12883,12883,2
2020-11-04,15:09:38.038000,12882,12883,12883,1
2020-11-04,15:09:38.078000,12882,12883,12883,1
2020-11-04,15:09:38.104000,12882,12883,12883,1
2020-11-04,15:09:38.115000,12882,12883,12883,1
2020-11-04,15:09:38.138000,12882,12883,12882,1
2020-11-04,15:09:38.139000,12882,12883,12883,1
2020-11-04,15:09:38.157000,12882,12883,12883,1
2020-11-04,15:09:38.160000,12882,12883,12882,1
2020-11-04,15:09:38.172000,12882,12883,12883,1
2020-11-04,15:09:38.172000,12882,12883,12883,1
2020-11-04,15:09:38.212000,12882,12883,12884,1
2020-11-04,15:09:38.236000,12882,12883,12883,4
2020-11-04,15:09:38.358000,12882,12884,12884,1
2020-11-04,15:09:38.361000,12882,12884,12884,2
2020-11-04,15:09:38.369000,12882,12884,12882,1
2020-11-04,15:09:38.370000,12882,12884,12884,1
2020-11-04,15:09:38.378000,12882,12884,12884,1
2020-11-04,15:09:38.384000,12882,12884,12884,1
2020-11-04,15:09:38.394000,12882,12884,12884,1
2020-11-04,15:09:38.407000,12882,12884,12884,1
2020-11-04,15:09:38.474000,12882,12884,12884,1
2020-11-04,15:09:38.503000,12882,12884,12884,1
2020-11-04,15:09:38.540000,12882,12884,12884,1
2020-11-04,15:09:38.572000,12882,12884,12884,1
2020-11-04,15:09:38.574000,12882,12884,12884,1
2020-11-04,15:09:38.585000,12882,12884,12884,1
2020-11-04,15:09:38.614000,12882,12884,12884,3
2020-11-04,15:09:38.631000,12882,12884,12883,2
2020-11-04,15:09:38.640000,12882,12884,12884,1
2020-11-04,15:09:38.659000,12883,12884,12884,1
2020-11-04,15:09:38.676000,12883,12884,12883,2
2020-11-04,15:09:38.676000,12883,12884,12883,1
2020-11-04,15:09:38.762000,12883,12884,12884,1
2020-11-04,15:09:38.797000,12882,12884,12884,1
2020-11-04,15:09:38.811000,12882,12884,12884,1
2020-11-04,15:09:38.834000,12882,12884,12884,1
2020-11-04,15:09:38.837000,12882,12884,12884,1
2020-11-04,15:09:38.841000,12882,12884,12884,1
2020-11-04,15:09:38.871000,12882,12884,12884,1
2020-11-04,15:09:38.879000,12882,12884,12884,1
2020-11-04,15:09:38.898000,12882,12884,12883,1
2020-11-04,15:09:38.909000,12882,12884,12884,1
2020-11-04,15:09:39.046000,12883,12884,12883,1
2020-11-04,15:09:39.072000,12883,12884,12884,2
2020-11-04,15:09:39.088000,12883,12884,12884,1
2020-11-04,15:09:39.102000,12883,12884,12883,4
2020-11-04,15:09:39.103000,12883,12884,12883,1
2020-11-04,15:09:39.115000,12883,12884,12883,1
2020-11-04,15:09:39.177000,12882,12883,12882,1
2020-11-04,15:09:39.177000,12882,12883,12882,1
2020-11-04,15:09:39.177000,12882,12883,12882,1
2020-11-04,15:09:39.202000,12882,12883,12883,1
2020-11-04,15:09:39.300000,12882,12883,12883,1
2020-11-04,15:09:39.324000,12882,12883,12883,1
2020-11-04,15:09:39.327000,12882,12883,12884,1
2020-11-04,15:09:39.359000,12882,12883,12884,1
2020-11-04,15:09:39.395000,12882,12883,12884,1
2020-11-04,15:09:39.438000,12883,12884,12884,2
2020-11-04,15:09:39.451000,12883,12884,12885,1
2020-11-04,15:09:39.464000,12883,12884,12885,1
2020-11-04,15:09:39.506000,12883,12884,12883,1
2020-11-04,15:09:39.637000,12883,12885,12885,1
2020-11-04,15:09:39.641000,12883,12885,12885,1
2020-11-04,15:09:39.731000,12883,12885,12885,1
2020-11-04,15:09:39.778000,12883,12885,12885,1
2020-11-04,15:09:39.812000,12883,12885,12885,1
2020-11-04,15:09:39.960000,12884,12885,12885,1
2020-11-04,15:09:39.985000,12884,12885,12883,1
2020-11-04,15:09:40.018000,12884,12885,12883,1
2020-11-04,15:09:40.032000,12883,12885,12883,2
2020-11-04,15:09:40.116000,12883,12885,12885,4
2020-11-04,15:09:40.332000,12884,12885,12885,1
2020-11-04,15:09:40.352000,12884,12885,12885,2
2020-11-04,15:09:40.409000,12884,12885,12885,1
2020-11-04,15:09:40.409000,12884,12885,12886,1
2020-11-04,15:09:40.498000,12884,12885,12886,3
2020-11-04,15:09:40.527000,12884,12885,12886,1
2020-11-04,15:09:40.584000,12884,12886,12886,1
2020-11-04,15:09:40.618000,12884,12886,12886,1
2020-11-04,15:09:40.638000,12884,12886,12886,1
2020-11-04,15:09:40.650000,12884,12886,12886,1
2020-11-04,15:09:40.650000,12884,12886,12886,1
2020-11-04,15:09:40.659000,12884,12886,12886,1
2020-11-04,15:09:40.668000,12884,12886,12886,1
2020-11-04,15:09:40.672000,12884,12886,12886,1
2020-11-04,15:09:40.687000,12884,12886,12886,1
2020-11-04,15:09:40.767000,12884,12886,12886,2
2020-11-04,15:09:40.797000,12884,12887,12887,1
2020-11-04,15:09:40.908000,12884,12887,12887,6
2020-11-04,15:09:40.964000,12884,12887,12887,1
2020-11-04,15:09:40.968000,12884,12887,12886,5
2020-11-04,15:09:40.968000,12884,12887,12885,5
2020-11-04,15:09:40.969000,12884,12887,12887,1
2020-11-04,15:09:40.998000,12884,12887,12885,2
2020-11-04,15:09:40.998000,12884,12887,12887,1
2020-11-04,15:09:41.072000,12884,12886,12886,1
2020-11-04,15:09:41.117000,12884,12886,12886,1
2020-11-04,15:09:41.145000,12884,12886,12886,1
2020-11-04,15:09:41.223000,12884,12886,12887,1
2020-11-04,15:09:41.225000,12884,12886,12887,1
2020-11-04,15:09:41.262000,12884,12886,12887,1
2020-11-04,15:09:41.267000,12884,12886,12887,1
2020-11-04,15:09:41.268000,12884,12886,12886,1
2020-11-04,15:09:41.282000,12886,12887,12886,1
2020-11-04,15:09:41.284000,12886,12887,12886,1
2020-11-04,15:09:41.286000,12886,12887,12886,1
2020-11-04,15:09:41.288000,12886,12887,12885,1
2020-11-04,15:09:41.288000,12886,12887,12887,1
2020-11-04,15:09:41.288000,12886,12887,12888,3
2020-11-04,15:09:41.290000,12886,12887,12886,1
2020-11-04,15:09:41.381000,12886,12887,12887,1
2020-11-04,15:09:41.444000,12886,12887,12886,1
2020-11-04,15:09:41.452000,12886,12887,12885,1
2020-11-04,15:09:41.465000,12886,12887,12885,1
2020-11-04,15:09:41.466000,12886,12887,12885,1
2020-11-04,15:09:41.469000,12886,12887,12885,1
2020-11-04,15:09:41.480000,12886,12887,12886,1
2020-11-04,15:09:41.494000,12886,12887,12886,1
2020-11-04,15:09:41.498000,12886,12887,12886,1
2020-11-04,15:09:41.498000,12886,12887,12887,5
2020-11-04,15:09:41.613000,12885,12887,12887,3
2020-11-04,15:09:41.613000,12885,12887,12888,1
2020-11-04,15:09:41.643000,12885,12887,12887,2
2020-11-04,15:09:41.679000,12886,12887,12887,4
2020-11-04,15:09:41.686000,12886,12887,12888,1
2020-11-04,15:09:41.761000,12886,12887,12886,2
2020-11-04,15:09:41.766000,12886,12887,12887,1
2020-11-04,15:09:41.796000,12885,12887,12887,1
2020-11-04,15:09:41.816000,12885,12887,12887,1
2020-11-04,15:09:41.853000,12885,12887,12887,4
2020-11-04,15:09:41.868000,12885,12887,12886,1
2020-11-04,15:09:41.880000,12885,12887,12888,1
2020-11-04,15:09:41.971000,12886,12888,12886,1
2020-11-04,15:09:42.156000,12885,12887,12887,1
2020-11-04,15:09:42.243000,12885,12887,12886,2
2020-11-04,15:09:42.270000,12885,12887,12887,2
2020-11-04,15:09:42.281000,12886,12887,12887,1
2020-11-04,15:09:42.340000,12886,12887,12888,1
2020-11-04,15:09:42.466000,12886,12888,12888,1
2020-11-04,15:09:42.526000,12886,12888,12888,5
2020-11-04,15:09:42.613000,12887,12888,12888,1
2020-11-04,15:09:43.078000,12886,12888,12888,1
2020-11-04,15:09:43.114000,12886,12888,12886,1
2020-11-04,15:09:43.466000,12886,12888,12886,1
2020-11-04,15:09:43.660000,12886,12888,12886,1
2020-11-04,15:09:43.716000,12886,12888,12888,5
2020-11-04,15:09:43.771000,12886,12888,12888,1
2020-11-04,15:09:43.889000,12886,12888,12886,1
2020-11-04,15:09:44.082000,12886,12888,12886,1
2020-11-04,15:09:44.173000,12886,12888,12888,1
2020-11-04,15:09:44.241000,12886,12888,12888,1
2020-11-04,15:09:44.270000,12886,12888,12888,1
2020-11-04,15:09:44.477000,12886,12888,12888,1
2020-11-04,15:09:44.641000,12886,12888,12888,1
2020-11-04,15:09:45.142000,12886,12888,12888,3
2020-11-04,15:09:45.142000,12886,12888,12889,5
2020-11-04,15:09:45.167000,12887,12889,12889,3
2020-11-04,15:09:45.268000,12887,12889,12889,1
2020-11-04,15:09:45.432000,12888,12889,12889,2
2020-11-04,15:09:45.435000,12888,12889,12889,1
2020-11-04,15:09:45.607000,12888,12889,12889,1
2020-11-04,15:09:45.677000,12888,12889,12889,1
2020-11-04,15:09:45.749000,12888,12889,12890,1
2020-11-04,15:09:45.749000,12888,12889,12890,2
2020-11-04,15:09:45.750000,12888,12889,12890,1
2020-11-04,15:09:45.962000,12888,12889,12889,2
2020-11-04,15:09:46.200000,12889,12890,12889,1
2020-11-04,15:09:46.202000,12889,12890,12889,2
2020-11-04,15:09:46.240000,12889,12890,12888,1
2020-11-04,15:09:46.262000,12889,12890,12888,1
2020-11-04,15:09:46.262000,12889,12890,12889,1
2020-11-04,15:09:46.587000,12887,12889,12887,1
2020-11-04,15:09:46.713000,12887,12888,12888,1
2020-11-04,15:09:47.339000,12887,12888,12887,2
2020-11-04,15:09:47.395000,12887,12888,12887,5
2020-11-04,15:09:47.405000,12886,12888,12886,2
2020-11-04,15:09:47.406000,12886,12888,12886,1
2020-11-04,15:09:47.461000,12886,12888,12886,1
2020-11-04,15:09:47.683000,12885,12888,12888,1
2020-11-04,15:09:47.724000,12885,12888,12888,2
2020-11-04,15:09:48.547000,12885,12887,12886,1
2020-11-04,15:09:48.670000,12885,12887,12887,1
2020-11-04,15:09:48.880000,12885,12887,12887,3
2020-11-04,15:09:48.965000,12887,12888,12888,1
2020-11-04,15:09:49.678000,12887,12889,12889,1
2020-11-04,15:09:49.830000,12887,12889,12889,1
2020-11-04,15:09:50.015000,12887,12889,12889,1
2020-11-04,15:09:50.600000,12889,12890,12890,1
2020-11-04,15:09:51.032000,12888,12890,12890,3
2020-11-04,15:09:51.098000,12888,12890,12889,1
2020-11-04,15:09:51.716000,12888,12889,12889,1
2020-11-04,15:09:52.495000,12889,12890,12890,1
2020-11-04,15:09:52.554000,12889,12890,12889,1
2020-11-04,15:09:52.757000,12889,12890,12890,1
2020-11-04,15:09:52.794000,12889,12890,12890,1
2020-11-04,15:09:52.979000,12889,12890,12889,1
2020-11-04,15:09:53.017000,12889,12890,12889,1
2020-11-04,15:09:53.064000,12889,12890,12889,1
2020-11-04,15:09:53.362000,12888,12889,12889,1
2020-11-04,15:09:53.469000,12888,12889,12888,1
2020-11-04,15:09:53.506000,12888,12889,12888,1
2020-11-04,15:09:53.598000,12888,12889,12889,1
2020-11-04,15:09:53.746000,12888,12889,12889,1
2020-11-04,15:09:54.138000,12888,12890,12888,1
2020-11-04,15:09:54.171000,12888,12890,12890,1
2020-11-04,15:09:54.423000,12889,12890,12890,1
2020-11-04,15:09:54.606000,12889,12890,12890,1
2020-11-04,15:09:55.137000,12889,12890,12889,2
2020-11-04,15:09:55.158000,12889,12890,12890,1
2020-11-04,15:09:55.244000,12889,12890,12890,2
2020-11-04,15:09:55.276000,12889,12890,12889,1
2020-11-04,15:09:55.697000,12888,12890,12890,3
2020-11-04,15:09:56.036000,12889,12890,12890,1
2020-11-04,15:09:56.062000,12889,12890,12889,1
2020-11-04,15:09:56.325000,12889,12890,12889,1
2020-11-04,15:09:56.895000,12889,12890,12889,1
2020-11-04,15:09:57.827000,12889,12890,12890,1
2020-11-04,15:09:57.906000,12889,12890,12889,1
2020-11-04,15:09:58.159000,12889,12890,12890,1
2020-11-04,15:09:58.305000,12889,12890,12890,4
2020-11-04,15:09:58.305000,12889,12890,12890,4
2020-11-04,15:09:58.306000,12889,12890,12891,1
2020-11-04,15:09:58.470000,12890,12891,12890,1
2020-11-04,15:09:58.547000,12890,12891,12890,1
2020-11-04,15:09:58.724000,12890,12891,12890,1
2020-11-04,15:09:58.870000,12889,12891,12889,5
2020-11-04,15:09:59,12889,12890,12889,3
2020-11-04,15:09:59.030000,12889,12890,12890,1
2020-11-04,15:09:59.030000,12889,12890,12890,1
2020-11-04,15:09:59.163000,12889,12891,12889,6
2020-11-04,15:09:59.453000,12889,12890,12890,1
2020-11-04,15:10:00.177000,12889,12890,12890,1
2020-11-04,15:10:00.296000,12889,12890,12889,1
2020-11-04,15:10:00.313000,12889,12890,12890,1
2020-11-04,15:10:00.313000,12889,12890,12891,7
2020-11-04,15:10:00.343000,12889,12890,12891,1
2020-11-04,15:10:00.502000,12890,12891,12891,4
2020-11-04,15:10:00.502000,12890,12891,12892,5
2020-11-04,15:10:00.514000,12890,12891,12890,1
2020-11-04,15:10:00.716000,12890,12892,12890,1
2020-11-04,15:10:00.800000,12890,12892,12890,5
2020-11-04,15:10:00.840000,12890,12892,12892,5
2020-11-04,15:10:00.864000,12890,12892,12890,1
2020-11-04,15:10:00.888000,12890,12892,12890,1
2020-11-04,15:10:00.936000,12890,12892,12892,1
2020-11-04,15:10:01.032000,12890,12892,12890,2
2020-11-04,15:10:01.215000,12890,12891,12891,1
2020-11-04,15:10:01.216000,12890,12891,12890,1
2020-11-04,15:10:01.231000,12890,12891,12891,1
2020-11-04,15:10:01.445000,12890,12891,12891,1
2020-11-04,15:10:01.452000,12890,12891,12890,1
2020-11-04,15:10:01.455000,12890,12891,12890,1
2020-11-04,15:10:01.475000,12890,12891,12889,1
2020-11-04,15:10:01.551000,12889,12891,12891,4
2020-11-04,15:10:01.613000,12889,12891,12891,1
2020-11-04,15:10:01.624000,12889,12891,12891,1
2020-11-04,15:10:01.677000,12890,12891,12891,1
2020-11-04,15:10:01.925000,12890,12891,12891,1
2020-11-04,15:10:01.982000,12890,12891,12891,2
2020-11-04,15:10:01.982000,12890,12891,12891,1
2020-11-04,15:10:02.200000,12890,12891,12891,1
2020-11-04,15:10:02.245000,12890,12891,12891,1
2020-11-04,15:10:03.846000,12890,12891,12890,10
2020-11-04,15:10:05.079000,12889,12890,12889,1
2020-11-04,15:10:05.147000,12889,12890,12889,14
2020-11-04,15:10:05.147000,12889,12890,12889,5
2020-11-04,15:10:05.147000,12889,12890,12889,2
2020-11-04,15:10:05.149000,12889,12890,12889,2
2020-11-04,15:10:05.235000,12888,12890,12890,1
2020-11-04,15:10:05.355000,12888,12890,12890,3
2020-11-04,15:10:05.368000,12888,12890,12889,1
2020-11-04,15:10:05.424000,12888,12889,12888,1
2020-11-04,15:10:05.485000,12888,12889,12888,1
2020-11-04,15:10:05.619000,12888,12889,12888,1
2020-11-04,15:10:05.648000,12888,12889,12888,1
2020-11-04,15:10:05.992000,12888,12889,12889,1
2020-11-04,15:10:06.054000,12888,12889,12889,5
2020-11-04,15:10:06.583000,12888,12889,12888,1
2020-11-04,15:10:06.814000,12888,12889,12889,1
2020-11-04,15:10:07.210000,12889,12890,12890,1
2020-11-04,15:10:07.319000,12889,12890,12889,4
2020-11-04,15:10:07.549000,12888,12889,12888,1
2020-11-04,15:10:07.678000,12888,12889,12889,1
2020-11-04,15:10:08.758000,12888,12889,12888,2
2020-11-04,15:10:08.968000,12888,12889,12888,10
2020-11-04,15:10:08.969000,12888,12889,12888,7
2020-11-04,15:10:09.524000,12887,12889,12889,1
2020-11-04,15:10:10.079000,12888,12889,12888,2
2020-11-04,15:10:10.944000,12887,12888,12887,1
2020-11-04,15:10:12.029000,12887,12888,12887,4
2020-11-04,15:10:12.127000,12887,12888,12887,1
2020-11-04,15:10:13.154000,12886,12887,12886,3
2020-11-04,15:10:13.420000,12885,12887,12885,1
2020-11-04,15:10:14.231000,12885,12887,12885,3
2020-11-04,15:10:14.293000,12884,12885,12884,5
2020-11-04,15:10:14.774000,12884,12885,12885,1
2020-11-04,15:10:15.019000,12884,12885,12885,5
2020-11-04,15:10:15.019000,12884,12885,12886,2
2020-11-04,15:10:15.478000,12884,12886,12886,1
2020-11-04,15:10:16.053000,12884,12885,12884,1
2020-11-04,15:10:16.103000,12884,12885,12885,1
2020-11-04,15:10:17.536000,12884,12885,12884,1
2020-11-04,15:10:17.695000,12883,12884,12884,4
2020-11-04,15:10:18.540000,12883,12884,12883,1
2020-11-04,15:10:18.671000,12882,12884,12882,1
2020-11-04,15:10:19.036000,12882,12884,12882,1
2020-11-04,15:10:19.951000,12882,12884,12884,2
2020-11-04,15:10:20.530000,12883,12884,12883,4
2020-11-04,15:10:20.831000,12882,12884,12882,9
2020-11-04,15:10:20.831000,12882,12884,12882,1
2020-11-04,15:10:20.831000,12882,12884,12882,10
2020-11-04,15:10:21.312000,12881,12883,12881,1
2020-11-04,15:10:21.938000,12882,12883,12882,1
2020-11-04,15:10:22.784000,12882,12884,12882,3
2020-11-04,15:10:23.030000,12882,12884,12882,2
2020-11-04,15:10:24.815000,12882,12883,12882,1
2020-11-04,15:10:25.100000,12882,12883,12882,1
2020-11-04,15:10:25.636000,12881,12882,12882,1
2020-11-04,15:10:28.076000,12881,12882,12881,1
2020-11-04,15:10:28.638000,12881,12882,12882,1
2020-11-04,15:10:28.707000,12881,12882,12881,1
2020-11-04,15:10:29.532000,12881,12882,12881,1
2020-11-04,15:10:29.556000,12881,12882,12881,18
2020-11-04,15:10:30.350000,12880,12881,12881,1
2020-11-04,15:10:30.492000,12880,12881,12880,2
2020-11-04,15:10:30.708000,12880,12881,12880,1
2020-11-04,15:10:31.325000,12880,12881,12880,2
2020-11-04,15:10:32.566000,12880,12881,12880,2
2020-11-04,15:10:33.033000,12880,12881,12880,2
2020-11-04,15:10:33.195000,12880,12881,12881,1
2020-11-04,15:10:33.405000,12880,12882,12880,2
2020-11-04,15:10:33.757000,12880,12882,12880,2
2020-11-04,15:10:34.125000,12880,12881,12880,1
2020-11-04,15:10:34.369000,12880,12881,12880,2
2020-11-04,15:10:34.494000,12880,12881,12880,1
2020-11-04,15:10:34.852000,12880,12881,12880,2
2020-11-04,15:10:35.086000,12880,12881,12881,1
2020-11-04,15:10:36.174000,12880,12881,12881,1
2020-11-04,15:10:36.190000,12880,12881,12881,1
2020-11-04,15:10:37.411000,12881,12882,12881,1
2020-11-04,15:10:37.648000,12880,12882,12881,1
2020-11-04,15:10:37.739000,12881,12882,12881,1
2020-11-04,15:10:37.877000,12880,12881,12881,1
2020-11-04,15:10:38.583000,12880,12882,12880,1
2020-11-04,15:10:40.287000,12880,12881,12881,1
2020-11-04,15:10:41.104000,12881,12882,12882,1
2020-11-04,15:10:41.286000,12881,12882,12881,4
2020-11-04,15:10:42.028000,12880,12881,12880,2
2020-11-04,15:10:42.601000,12880,12881,12880,2
2020-11-04,15:10:43.017000,12880,12881,12880,2
2020-11-04,15:10:43.348000,12880,12881,12880,2
2020-11-04,15:10:43.350000,12880,12881,12880,14
2020-11-04,15:10:43.350000,12880,12881,12880,11
2020-11-04,15:10:44.573000,12879,12881,12880,1
2020-11-04,15:10:44.761000,12879,12881,12880,1
2020-11-04,15:10:45.725000,12879,12881,12879,2
2020-11-04,15:10:46.249000,12880,12881,12880,1
2020-11-04,15:10:46.286000,12879,12880,12879,2
2020-11-04,15:10:46.915000,12878,12879,12878,2
2020-11-04,15:10:47.134000,12878,12879,12878,1
2020-11-04,15:10:48.323000,12877,12879,12877,1
2020-11-04,15:10:48.467000,12877,12879,12879,1
2020-11-04,15:10:48.931000,12877,12879,12877,1
2020-11-04,15:10:51.284000,12878,12879,12878,1
2020-11-04,15:10:53.378000,12878,12879,12879,1
2020-11-04,15:10:53.863000,12878,12879,12878,1
2020-11-04,15:10:55.278000,12877,12878,12877,3
2020-11-04,15:10:55.589000,12876,12877,12877,1
2020-11-04,15:10:56.212000,12877,12878,12878,2
2020-11-04,15:10:56.738000,12876,12878,12876,1
2020-11-04,15:10:57.932000,12876,12878,12876,1
2020-11-04,15:10:58.150000,12876,12878,12876,2
2020-11-04,15:10:58.286000,12875,12876,12875,2
2020-11-04,15:10:58.286000,12875,12876,12874,3
2020-11-04,15:10:58.710000,12874,12876,12874,7
2020-11-04,15:10:59.134000,12873,12875,12873,1
2020-11-04,15:10:59.206000,12873,12875,12873,1
2020-11-04,15:10:59.725000,12874,12876,12874,1
2020-11-04,15:10:59.735000,12874,12876,12874,1
2020-11-04,15:10:59.744000,12874,12876,12874,1
2020-11-04,15:10:59.775000,12874,12876,12874,1
2020-11-04,15:11:00.071000,12874,12876,12874,4
2020-11-04,15:11:00.171000,12875,12876,12875,1
2020-11-04,15:11:00.215000,12875,12876,12876,1
2020-11-04,15:11:00.320000,12875,12876,12875,1
2020-11-04,15:11:00.381000,12875,12876,12875,2
2020-11-04,15:11:00.695000,12875,12876,12875,1
2020-11-04,15:11:02.154000,12875,12876,12876,2
2020-11-04,15:11:02.696000,12875,12877,12875,2
2020-11-04,15:11:04.178000,12876,12877,12876,1
2020-11-04,15:11:04.178000,12876,12877,12875,2
2020-11-04,15:11:05.209000,12875,12876,12875,1
2020-11-04,15:11:05.990000,12874,12876,12875,1
2020-11-04,15:11:07.461000,12874,12876,12875,1
2020-11-04,15:11:09.413000,12875,12877,12875,3
2020-11-04,15:11:10.118000,12875,12877,12876,1
2020-11-04,15:11:10.361000,12876,12877,12877,4
2020-11-04,15:11:11.626000,12877,12878,12877,1
2020-11-04,15:11:11.947000,12876,12878,12876,1
2020-11-04,15:11:12.002000,12876,12878,12876,2
2020-11-04,15:11:13.278000,12877,12878,12877,2
2020-11-04,15:11:14.154000,12876,12877,12877,1
2020-11-04,15:11:16.029000,12877,12878,12878,3
2020-11-04,15:11:16.699000,12877,12878,12877,1
2020-11-04,15:11:16.706000,12877,12878,12877,1
2020-11-04,15:11:16.717000,12877,12878,12877,1
2020-11-04,15:11:16.779000,12877,12878,12878,1
2020-11-04,15:11:16.931000,12877,12879,12879,1
2020-11-04,15:11:18.071000,12877,12878,12877,2
2020-11-04,15:11:18.327000,12877,12878,12877,1
2020-11-04,15:11:18.328000,12877,12878,12877,1
2020-11-04,15:11:18.349000,12877,12878,12878,1
2020-11-04,15:11:21.267000,12877,12878,12877,2
2020-11-04,15:11:21.267000,12877,12878,12876,1
2020-11-04,15:11:21.514000,12876,12878,12877,1
2020-11-04,15:11:22.878000,12877,12879,12877,1
2020-11-04,15:11:24.840000,12878,12879,12878,1
2020-11-04,15:11:24.840000,12878,12879,12877,1
2020-11-04,15:11:25.202000,12877,12879,12879,1
2020-11-04,15:11:27.742000,12878,12879,12878,4
2020-11-04,15:11:27.842000,12877,12879,12877,3
2020-11-04,15:11:29.118000,12877,12878,12878,1
2020-11-04,15:11:30.867000,12877,12878,12877,2
2020-11-04,15:11:31.215000,12877,12878,12878,1
2020-11-04,15:11:31.962000,12877,12879,12877,2
2020-11-04,15:11:32.723000,12877,12879,12877,2
2020-11-04,15:11:32.745000,12877,12879,12877,2
2020-11-04,15:11:33.009000,12877,12878,12878,1
2020-11-04,15:11:33.079000,12877,12878,12877,2
2020-11-04,15:11:33.177000,12877,12878,12877,2
2020-11-04,15:11:33.538000,12877,12879,12877,2
2020-11-04,15:11:34,12877,12878,12877,2
2020-11-04,15:11:34.341000,12877,12878,12877,2
2020-11-04,15:11:34.692000,12877,12878,12877,2
2020-11-04,15:11:34.961000,12877,12878,12877,1
2020-11-04,15:11:35.024000,12877,12878,12877,2
2020-11-04,15:11:35.249000,12877,12878,12878,1
2020-11-04,15:11:35.581000,12877,12878,12877,2
2020-11-04,15:11:38.216000,12877,12878,12877,2
2020-11-04,15:11:38.318000,12876,12877,12876,2
2020-11-04,15:11:38.322000,12876,12877,12876,1
2020-11-04,15:11:38.335000,12876,12877,12876,1
2020-11-04,15:11:38.441000,12876,12877,12877,1
2020-11-04,15:11:38.451000,12876,12877,12876,2
2020-11-04,15:11:38.451000,12876,12877,12876,1
2020-11-04,15:11:38.490000,12876,12877,12875,1
2020-11-04,15:11:40.258000,12875,12876,12876,1
2020-11-04,15:11:42.116000,12875,12876,12876,4
2020-11-04,15:11:42.117000,12875,12876,12876,1
2020-11-04,15:11:42.117000,12875,12876,12876,1
2020-11-04,15:11:44.163000,12876,12877,12876,1
2020-11-04,15:11:47.441000,12875,12876,12875,1
2020-11-04,15:11:48.950000,12875,12876,12875,1
2020-11-04,15:11:48.950000,12875,12876,12875,3
2020-11-04,15:11:49.043000,12874,12876,12875,1
2020-11-04,15:11:51.472000,12874,12875,12874,4
2020-11-04,15:11:51.479000,12874,12875,12874,1
2020-11-04,15:11:51.664000,12873,12874,12873,1
2020-11-04,15:11:52.649000,12873,12874,12873,1
2020-11-04,15:11:52.924000,12873,12874,12873,1
2020-11-04,15:11:53.480000,12872,12874,12874,1
2020-11-04,15:11:54.564000,12872,12873,12872,2
2020-11-04,15:11:55.157000,12872,12873,12872,1
2020-11-04,15:11:55.312000,12872,12873,12873,1
2020-11-04,15:11:56.341000,12872,12873,12873,1
2020-11-04,15:11:56.341000,12872,12873,12873,2
2020-11-04,15:11:56.341000,12872,12873,12873,4
2020-11-04,15:11:56.341000,12872,12873,12873,7
2020-11-04,15:11:56.351000,12872,12873,12873,4
2020-11-04,15:11:58.607000,12873,12875,12873,1
2020-11-04,15:11:58.734000,12873,12875,12873,3
2020-11-04,15:12:00.355000,12872,12874,12872,1
2020-11-04,15:12:00.421000,12872,12874,12872,1
2020-11-04,15:12:00.631000,12872,12874,12874,2
2020-11-04,15:12:00.637000,12872,12874,12874,1
2020-11-04,15:12:00.712000,12873,12874,12874,1
2020-11-04,15:12:00.712000,12873,12874,12875,1
2020-11-04,15:12:01.078000,12873,12875,12873,1
2020-11-04,15:12:01.346000,12872,12874,12872,1
2020-11-04,15:12:01.419000,12872,12874,12872,1
2020-11-04,15:12:02.250000,12873,12874,12873,1
2020-11-04,15:12:02.629000,12872,12874,12874,1
2020-11-04,15:12:04.289000,12873,12875,12875,1
2020-11-04,15:12:05.593000,12874,12875,12874,1
2020-11-04,15:12:05.999000,12874,12875,12874,4
2020-11-04,15:12:05.999000,12874,12875,12873,11
2020-11-04,15:12:06.403000,12873,12874,12873,1
2020-11-04,15:12:06.459000,12873,12874,12873,1
2020-11-04,15:12:07.395000,12873,12874,12874,1
2020-11-04,15:12:08.352000,12873,12874,12874,1
2020-11-04,15:12:10.825000,12873,12874,12874,3
2020-11-04,15:12:14.533000,12874,12875,12875,1
2020-11-04,15:12:15.580000,12874,12875,12874,1
2020-11-04,15:12:16.491000,12874,12875,12874,1
2020-11-04,15:12:21.077000,12874,12875,12875,4
2020-11-04,15:12:21.077000,12874,12875,12875,1
2020-11-04,15:12:21.229000,12875,12876,12876,2
2020-11-04,15:12:21.230000,12875,12876,12876,4
2020-11-04,15:12:21.562000,12876,12878,12876,1
2020-11-04,15:12:22.644000,12876,12878,12877,1
2020-11-04,15:12:22.983000,12876,12878,12876,1
2020-11-04,15:12:25.170000,12875,12876,12875,1
2020-11-04,15:12:25.262000,12875,12876,12876,2
2020-11-04,15:12:25.580000,12874,12876,12876,1
2020-11-04,15:12:26.661000,12876,12877,12876,1
2020-11-04,15:12:30.692000,12875,12876,12876,1
2020-11-04,15:12:30.692000,12875,12876,12876,1
2020-11-04,15:12:34.759000,12876,12877,12876,1
2020-11-04,15:12:38.401000,12876,12877,12877,1
2020-11-04,15:12:39.201000,12876,12877,12877,1
2020-11-04,15:12:41.134000,12876,12877,12877,1
2020-11-04,15:12:41.135000,12876,12877,12877,1
2020-11-04,15:12:41.561000,12877,12878,12877,1
2020-11-04,15:12:46.126000,12877,12878,12877,1
2020-11-04,15:12:47.919000,12877,12878,12878,2
2020-11-04,15:12:49.028000,12877,12878,12878,1
2020-11-04,15:12:50.032000,12877,12878,12877,1
2020-11-04,15:12:50.391000,12876,12877,12877,1
2020-11-04,15:12:52.908000,12876,12877,12877,1
2020-11-04,15:12:53.161000,12876,12877,12876,4
2020-11-04,15:12:53.306000,12875,12877,12877,2
2020-11-04,15:12:53.558000,12875,12876,12875,1
2020-11-04,15:12:54.157000,12874,12876,12876,4
2020-11-04,15:12:54.475000,12875,12877,12877,1
2020-11-04,15:12:55.376000,12875,12877,12877,1
2020-11-04,15:12:55.484000,12877,12878,12877,1
2020-11-04,15:12:56.176000,12877,12878,12877,1
2020-11-04,15:12:57.492000,12877,12878,12877,2
2020-11-04,15:12:57.899000,12876,12877,12876,3
2020-11-04,15:12:57.899000,12876,12877,12875,10
2020-11-04,15:13:01.259000,12876,12877,12876,1
2020-11-04,15:13:01.298000,12876,12877,12876,1
2020-11-04,15:13:01.491000,12876,12877,12877,1
2020-11-04,15:13:01.504000,12876,12877,12878,4
2020-11-04,15:13:01.660000,12877,12878,12878,1
2020-11-04,15:13:01.913000,12877,12878,12877,2
2020-11-04,15:13:02.675000,12876,12877,12877,2
2020-11-04,15:13:02.762000,12876,12877,12876,2
2020-11-04,15:13:03.214000,12876,12877,12876,1
2020-11-04,15:13:04.506000,12875,12876,12876,1
2020-11-04,15:13:08.058000,12875,12876,12876,1
2020-11-04,15:13:08.210000,12875,12876,12876,1
2020-11-04,15:13:08.932000,12875,12876,12876,4
2020-11-04,15:13:09.596000,12876,12877,12877,4
2020-11-04,15:13:09.596000,12876,12877,12877,2
2020-11-04,15:13:09.619000,12876,12877,12878,2
2020-11-04,15:13:10.076000,12877,12878,12877,1
2020-11-04,15:13:10.703000,12877,12878,12878,5
2020-11-04,15:13:10.704000,12877,12878,12878,1
2020-11-04,15:13:10.704000,12877,12878,12878,1
2020-11-04,15:13:11.152000,12877,12879,12877,1
2020-11-04,15:13:12.756000,12877,12879,12878,2
2020-11-04,15:13:12.865000,12877,12879,12878,4
2020-11-04,15:13:13.403000,12877,12879,12879,10
2020-11-04,15:13:14.994000,12878,12880,12879,1
2020-11-04,15:13:16.044000,12878,12880,12878,2
2020-11-04,15:13:16.579000,12878,12880,12879,3
2020-11-04,15:13:16.913000,12878,12880,12878,2
2020-11-04,15:13:17.482000,12877,12878,12878,2
2020-11-04,15:13:17.904000,12878,12879,12878,1
2020-11-04,15:13:20.456000,12877,12878,12877,1
2020-11-04,15:13:22.997000,12877,12878,12877,1
2020-11-04,15:13:28.977000,12877,12878,12877,1
2020-11-04,15:13:33.177000,12877,12878,12878,1
2020-11-04,15:13:33.177000,12877,12878,12878,1
2020-11-04,15:13:33.177000,12877,12878,12878,1
2020-11-04,15:13:33.177000,12877,12878,12878,1
2020-11-04,15:13:35.124000,12878,12879,12878,1
2020-11-04,15:13:36.414000,12878,12879,12878,1
2020-11-04,15:13:37.504000,12878,12879,12878,2
2020-11-04,15:13:39.350000,12877,12879,12878,2
2020-11-04,15:13:42.766000,12877,12878,12877,1
2020-11-04,15:13:44.522000,12877,12878,12878,1
2020-11-04,15:13:45.211000,12877,12878,12878,1
2020-11-04,15:13:45.949000,12877,12878,12878,3
2020-11-04,15:13:48.792000,12878,12879,12878,1
2020-11-04,15:13:49.802000,12877,12878,12878,1
2020-11-04,15:13:51.462000,12877,12878,12878,1
2020-11-04,15:13:54.215000,12877,12878,12878,1
2020-11-04,15:13:54.900000,12877,12878,12878,1
2020-11-04,15:14:00.327000,12877,12878,12878,4
2020-11-04,15:14:00.423000,12878,12879,12878,1
2020-11-04,15:14:00.478000,12878,12879,12878,1
2020-11-04,15:14:04.121000,12878,12879,12878,1
2020-11-04,15:14:05.243000,12878,12879,12879,1
2020-11-04,15:14:05.389000,12878,12879,12878,1
2020-11-04,15:14:07.376000,12878,12879,12879,6
2020-11-04,15:14:07.780000,12879,12880,12879,1
2020-11-04,15:14:08.016000,12879,12880,12879,2
2020-11-04,15:14:08.335000,12878,12879,12879,1
2020-11-04,15:14:10.744000,12878,12879,12879,1
2020-11-04,15:14:11.620000,12878,12880,12880,2
2020-11-04,15:14:16.547000,12879,12880,12879,2
2020-11-04,15:14:16.593000,12879,12880,12879,2
2020-11-04,15:14:16.874000,12878,12879,12879,1
2020-11-04,15:14:16.977000,12878,12880,12878,1
2020-11-04,15:14:17.953000,12878,12879,12879,1
2020-11-04,15:14:18.031000,12878,12879,12879,2
2020-11-04,15:14:18.031000,12878,12879,12879,4
2020-11-04,15:14:18.031000,12878,12879,12880,11
2020-11-04,15:14:18.031000,12878,12879,12880,10
2020-11-04,15:14:18.031000,12878,12879,12881,6
2020-11-04,15:14:18.031000,12878,12879,12881,2
2020-11-04,15:14:18.032000,12878,12879,12880,1
2020-11-04,15:14:18.032000,12878,12879,12881,3
2020-11-04,15:14:18.032000,12878,12879,12881,1
2020-11-04,15:14:18.032000,12878,12879,12882,1
2020-11-04,15:14:18.032000,12878,12879,12882,1
2020-11-04,15:14:18.033000,12878,12879,12880,1
2020-11-04,15:14:18.033000,12878,12879,12880,1
2020-11-04,15:14:18.033000,12878,12879,12882,1
2020-11-04,15:14:18.034000,12878,12879,12882,1
2020-11-04,15:14:18.034000,12878,12879,12882,3
2020-11-04,15:14:18.035000,12878,12879,12883,2
2020-11-04,15:14:18.035000,12878,12879,12883,3
2020-11-04,15:14:18.035000,12878,12879,12883,3
2020-11-04,15:14:18.035000,12878,12879,12883,7
2020-11-04,15:14:18.036000,12878,12879,12884,3
2020-11-04,15:14:18.036000,12878,12879,12884,1
2020-11-04,15:14:18.037000,12878,12879,12885,3
2020-11-04,15:14:18.037000,12878,12879,12885,2
2020-11-04,15:14:18.038000,12878,12879,12885,1
2020-11-04,15:14:18.038000,12878,12879,12885,1
2020-11-04,15:14:18.039000,12878,12879,12885,3
2020-11-04,15:14:18.039000,12878,12879,12885,3
2020-11-04,15:14:18.039000,12878,12879,12885,4
2020-11-04,15:14:18.040000,12878,12879,12886,2
2020-11-04,15:14:18.040000,12878,12879,12886,1
2020-11-04,15:14:18.040000,12878,12879,12885,3
2020-11-04,15:14:18.042000,12878,12879,12885,1
2020-11-04,15:14:18.106000,12878,12879,12884,2
2020-11-04,15:14:18.109000,12878,12879,12885,1
2020-11-04,15:14:18.139000,12878,12879,12883,5
2020-11-04,15:14:18.283000,12882,12883,12883,1
2020-11-04,15:14:18.531000,12882,12883,12882,1
2020-11-04,15:14:18.532000,12882,12883,12882,1
2020-11-04,15:14:18.532000,12882,12883,12882,1
2020-11-04,15:14:18.658000,12881,12883,12881,1
2020-11-04,15:14:18.780000,12882,12883,12882,1
2020-11-04,15:14:20.381000,12881,12883,12881,3
2020-11-04,15:14:23.899000,12881,12883,12881,1
2020-11-04,15:14:24.234000,12881,12882,12881,1
2020-11-04,15:14:24.611000,12881,12882,12881,1
2020-11-04,15:14:25.762000,12881,12882,12881,1
2020-11-04,15:14:25.942000,12881,12882,12881,1
2020-11-04,15:14:28.094000,12881,12882,12881,1
2020-11-04,15:14:29.073000,12881,12882,12881,3
2020-11-04,15:14:29.155000,12880,12881,12881,1
2020-11-04,15:14:29.155000,12880,12881,12882,8
2020-11-04,15:14:29.155000,12880,12881,12883,5
2020-11-04,15:14:29.156000,12880,12881,12881,1
2020-11-04,15:14:29.156000,12880,12881,12881,3
2020-11-04,15:14:29.156000,12880,12881,12883,2
2020-11-04,15:14:29.156000,12880,12881,12884,9
2020-11-04,15:14:29.156000,12880,12881,12884,1
2020-11-04,15:14:29.157000,12880,12881,12883,2
2020-11-04,15:14:29.157000,12880,12881,12884,1
2020-11-04,15:14:29.157000,12880,12881,12885,2
2020-11-04,15:14:29.157000,12880,12881,12885,1
2020-11-04,15:14:29.157000,12880,12881,12885,1
2020-11-04,15:14:29.158000,12880,12881,12883,4
2020-11-04,15:14:29.158000,12880,12881,12883,3
2020-11-04,15:14:29.160000,12880,12881,12884,4
2020-11-04,15:14:29.160000,12880,12881,12885,1
2020-11-04,15:14:29.160000,12880,12881,12885,4
2020-11-04,15:14:29.160000,12880,12881,12885,1
2020-11-04,15:14:29.160000,12880,12881,12884,2
2020-11-04,15:14:29.162000,12880,12881,12885,1
2020-11-04,15:14:29.162000,12880,12881,12885,2
2020-11-04,15:14:29.163000,12880,12881,12885,3
2020-11-04,15:14:29.163000,12880,12881,12885,2
2020-11-04,15:14:29.163000,12880,12881,12885,2
2020-11-04,15:14:29.163000,12880,12881,12885,2
2020-11-04,15:14:29.164000,12880,12881,12886,1
2020-11-04,15:14:29.164000,12880,12881,12886,3
2020-11-04,15:14:29.164000,12880,12881,12886,1
2020-11-04,15:14:29.164000,12880,12881,12886,2
2020-11-04,15:14:29.164000,12880,12881,12886,2
2020-11-04,15:14:29.164000,12880,12881,12886,3
2020-11-04,15:14:29.164000,12880,12881,12887,4
2020-11-04,15:14:29.165000,12880,12881,12887,1
2020-11-04,15:14:29.165000,12880,12881,12887,1
2020-11-04,15:14:29.186000,12880,12881,12886,1
2020-11-04,15:14:29.225000,12880,12881,12886,1
2020-11-04,15:14:29.358000,12885,12886,12886,1
2020-11-04,15:14:30.774000,12881,12883,12881,1
2020-11-04,15:14:31.890000,12881,12883,12883,1
2020-11-04,15:14:32.752000,12881,12883,12883,1
2020-11-04,15:14:33.499000,12883,12885,12885,3
2020-11-04,15:14:34.065000,12884,12885,12884,1
2020-11-04,15:14:34.140000,12884,12885,12884,1
2020-11-04,15:14:34.445000,12884,12885,12884,1
2020-11-04,15:14:35.280000,12884,12885,12885,1
2020-11-04,15:14:36.913000,12885,12886,12886,1
2020-11-04,15:14:37.115000,12885,12886,12886,2
2020-11-04,15:14:37.142000,12885,12886,12886,1
2020-11-04,15:14:37.155000,12886,12887,12886,1
2020-11-04,15:14:37.155000,12886,12887,12887,1
2020-11-04,15:14:37.155000,12886,12887,12887,3
2020-11-04,15:14:37.155000,12886,12887,12888,4
2020-11-04,15:14:37.156000,12886,12887,12887,4
2020-11-04,15:14:37.156000,12886,12887,12888,2
2020-11-04,15:14:37.156000,12886,12887,12888,1
2020-11-04,15:14:37.156000,12886,12887,12888,1
2020-11-04,15:14:37.156000,12886,12887,12888,3
2020-11-04,15:14:37.157000,12886,12887,12888,1
2020-11-04,15:14:37.157000,12886,12887,12888,1
2020-11-04,15:14:37.158000,12886,12887,12888,1
2020-11-04,15:14:37.160000,12886,12887,12888,1
2020-11-04,15:14:37.160000,12886,12887,12888,1
2020-11-04,15:14:37.160000,12886,12887,12889,1
2020-11-04,15:14:37.160000,12886,12887,12889,1
2020-11-04,15:14:37.160000,12886,12887,12889,1
2020-11-04,15:14:37.161000,12886,12887,12889,3
2020-11-04,15:14:37.162000,12886,12887,12889,2
2020-11-04,15:14:37.163000,12886,12887,12889,3
2020-11-04,15:14:37.165000,12886,12887,12889,4
2020-11-04,15:14:37.365000,12887,12889,12889,2
2020-11-04,15:14:37.668000,12887,12889,12887,2
2020-11-04,15:14:37.669000,12887,12889,12887,1
2020-11-04,15:14:37.748000,12887,12889,12888,4
2020-11-04,15:14:37.911000,12887,12889,12889,1
2020-11-04,15:14:38.095000,12887,12888,12888,1
2020-11-04,15:14:38.174000,12887,12888,12888,1
2020-11-04,15:14:38.327000,12887,12888,12887,2
2020-11-04,15:14:38.954000,12886,12888,12886,1
2020-11-04,15:14:38.969000,12886,12888,12886,2
2020-11-04,15:14:39.268000,12886,12888,12886,1
2020-11-04,15:14:39.291000,12886,12888,12886,1
2020-11-04,15:14:39.326000,12886,12888,12886,2
2020-11-04,15:14:40.991000,12885,12888,12885,2
2020-11-04,15:14:41.010000,12885,12888,12888,1
2020-11-04,15:14:41.020000,12885,12888,12888,2
2020-11-04,15:14:41.029000,12885,12887,12887,1
2020-11-04,15:14:41.041000,12885,12887,12885,1
2020-11-04,15:14:41.071000,12885,12887,12887,1
2020-11-04,15:14:41.096000,12885,12887,12887,1
2020-11-04,15:14:41.110000,12885,12887,12887,1
2020-11-04,15:14:41.116000,12885,12887,12887,1
2020-11-04,15:14:41.145000,12885,12887,12887,1
2020-11-04,15:14:41.193000,12885,12887,12887,1
2020-11-04,15:14:41.464000,12885,12887,12885,1
2020-11-04,15:14:42.040000,12885,12887,12887,1
2020-11-04,15:14:42.040000,12885,12887,12887,1
2020-11-04,15:14:42.323000,12885,12886,12885,4
2020-11-04,15:14:43.170000,12885,12886,12885,1
2020-11-04,15:14:50.532000,12885,12887,12887,1
2020-11-04,15:14:51.062000,12885,12886,12886,1
2020-11-04,15:14:51.155000,12885,12886,12886,2
2020-11-04,15:14:51.156000,12885,12886,12886,1
2020-11-04,15:14:51.156000,12885,12886,12887,1
2020-11-04,15:14:51.157000,12885,12886,12887,1
2020-11-04,15:14:51.159000,12885,12886,12887,1
2020-11-04,15:14:51.486000,12886,12887,12887,1
2020-11-04,15:14:51.715000,12886,12887,12886,1
2020-11-04,15:14:52.406000,12886,12888,12888,1
2020-11-04,15:14:52.416000,12886,12888,12888,1
2020-11-04,15:14:52.477000,12886,12888,12887,1
2020-11-04,15:14:52.649000,12886,12888,12888,1
2020-11-04,15:14:52.658000,12886,12888,12888,1
2020-11-04,15:14:53.140000,12886,12888,12887,4
2020-11-04,15:14:53.270000,12886,12887,12886,1
2020-11-04,15:14:53.781000,12885,12887,12887,1
2020-11-04,15:14:54.468000,12885,12887,12887,1
2020-11-04,15:14:55.287000,12886,12887,12887,1
2020-11-04,15:14:58.051000,12886,12887,12887,1
2020-11-04,15:14:58.541000,12885,12887,12886,10
2020-11-04,15:14:59.182000,12885,12887,12886,1
2020-11-04,15:14:59.281000,12885,12887,12887,1
2020-11-04,15:14:59.282000,12885,12887,12887,1
2020-11-04,15:14:59.677000,12886,12887,12887,1
2020-11-04,15:14:59.866000,12886,12887,12886,1
2020-11-04,15:15:02.307000,12886,12887,12886,1
2020-11-04,15:15:02.337000,12886,12887,12886,1
2020-11-04,15:15:02.422000,12885,12886,12885,1
2020-11-04,15:15:02.822000,12885,12886,12886,1
2020-11-04,15:15:02.829000,12885,12886,12886,1
2020-11-04,15:15:03.001000,12885,12886,12886,4
2020-11-04,15:15:03.045000,12885,12886,12886,1
2020-11-04,15:15:03.182000,12885,12886,12885,4
2020-11-04,15:15:03.355000,12885,12886,12886,1
2020-11-04,15:15:03.394000,12885,12886,12885,6
2020-11-04,15:15:03.394000,12885,12886,12885,4
2020-11-04,15:15:03.483000,12885,12886,12885,6
2020-11-04,15:15:03.626000,12884,12885,12884,2
2020-11-04,15:15:03.837000,12883,12885,12885,1
2020-11-04,15:15:03.921000,12883,12885,12885,1
2020-11-04,15:15:03.977000,12883,12885,12885,6
2020-11-04,15:15:03.978000,12883,12885,12885,4
2020-11-04,15:15:04.080000,12884,12885,12885,1
2020-11-04,15:15:04.326000,12884,12885,12884,1
2020-11-04,15:15:04.427000,12883,12885,12885,1
2020-11-04,15:15:04.438000,12883,12885,12884,1
2020-11-04,15:15:04.449000,12883,12885,12885,1
2020-11-04,15:15:04.452000,12883,12885,12885,1
2020-11-04,15:15:04.468000,12883,12885,12885,1
2020-11-04,15:15:04.519000,12883,12885,12885,1
2020-11-04,15:15:05.071000,12885,12886,12885,4
2020-11-04,15:15:05.539000,12885,12886,12885,1
2020-11-04,15:15:05.674000,12885,12886,12886,1
2020-11-04,15:15:06.040000,12885,12886,12885,1
2020-11-04,15:15:07.217000,12884,12886,12886,1
2020-11-04,15:15:07.644000,12885,12887,12885,2
2020-11-04,15:15:09.088000,12885,12887,12885,2
2020-11-04,15:15:09.969000,12886,12887,12886,2
2020-11-04,15:15:10.272000,12885,12887,12887,3
2020-11-04,15:15:10.882000,12885,12887,12885,2
2020-11-04,15:15:11.915000,12885,12886,12885,2
2020-11-04,15:15:11.915000,12885,12886,12885,1
2020-11-04,15:15:12.270000,12883,12885,12883,1
2020-11-04,15:15:12.272000,12883,12885,12885,1
2020-11-04,15:15:13.762000,12883,12885,12885,2
2020-11-04,15:15:15.017000,12883,12885,12885,7
2020-11-04,15:15:15.019000,12883,12885,12885,3
2020-11-04,15:15:16.039000,12884,12885,12885,2
2020-11-04,15:15:17.471000,12884,12885,12884,1
2020-11-04,15:15:18.077000,12883,12884,12883,2
2020-11-04,15:15:21.283000,12882,12884,12882,1
2020-11-04,15:15:21.318000,12882,12884,12884,1
2020-11-04,15:15:21.352000,12882,12884,12884,3
2020-11-04,15:15:23.455000,12882,12884,12883,1
2020-11-04,15:15:24.108000,12882,12884,12884,4
2020-11-04,15:15:24.445000,12882,12884,12882,1
2020-11-04,15:15:25.714000,12882,12884,12884,2
2020-11-04,15:15:25.909000,12882,12883,12882,4
2020-11-04,15:15:28.948000,12881,12882,12881,1
2020-11-04,15:15:28.948000,12881,12882,12881,2
2020-11-04,15:15:28.948000,12881,12882,12881,1
2020-11-04,15:15:29.380000,12880,12881,12881,3
2020-11-04,15:15:31.545000,12880,12881,12881,1
2020-11-04,15:15:31.550000,12880,12881,12880,1
2020-11-04,15:15:32.208000,12880,12881,12881,4
2020-11-04,15:15:32.208000,12880,12881,12881,7
2020-11-04,15:15:33.360000,12881,12883,12883,1
2020-11-04,15:15:33.374000,12881,12883,12881,1
2020-11-04,15:15:33.749000,12881,12883,12881,1
2020-11-04,15:15:35.742000,12881,12883,12881,1
2020-11-04,15:15:35.829000,12881,12883,12881,1
2020-11-04,15:15:36.569000,12881,12883,12881,2
2020-11-04,15:15:37.482000,12880,12882,12880,2
2020-11-04,15:15:37.880000,12880,12882,12882,2
2020-11-04,15:15:40.026000,12880,12881,12881,1
2020-11-04,15:15:40.517000,12880,12882,12881,2
2020-11-04,15:15:41.567000,12881,12882,12881,1
2020-11-04,15:15:42.150000,12881,12882,12881,1
2020-11-04,15:15:43.150000,12881,12882,12881,2
2020-11-04,15:15:44.728000,12881,12882,12881,1
2020-11-04,15:15:44.730000,12881,12882,12881,1
2020-11-04,15:15:44.959000,12880,12882,12882,1
2020-11-04,15:15:45.008000,12880,12882,12881,5
2020-11-04,15:15:45.009000,12880,12882,12881,1
2020-11-04,15:15:47.392000,12880,12881,12881,4
2020-11-04,15:15:47.894000,12880,12881,12880,3
2020-11-04,15:15:49.702000,12880,12881,12881,1
2020-11-04,15:15:49.792000,12880,12881,12880,4
2020-11-04,15:15:49.792000,12880,12881,12880,4
2020-11-04,15:15:49.792000,12880,12881,12880,3
2020-11-04,15:15:49.792000,12880,12881,12880,4
2020-11-04,15:15:49.907000,12879,12880,12879,4
2020-11-04,15:15:49.908000,12879,12880,12879,2
2020-11-04,15:15:50.131000,12878,12880,12878,4
2020-11-04,15:15:50.170000,12878,12880,12878,4
2020-11-04,15:15:51.391000,12878,12879,12878,2
2020-11-04,15:15:51.700000,12878,12879,12878,1
2020-11-04,15:15:53.186000,12877,12879,12879,1
2020-11-04,15:15:54.287000,12877,12879,12877,2
2020-11-04,15:15:56.466000,12877,12878,12877,6
2020-11-04,15:15:56.471000,12877,12878,12877,1
2020-11-04,15:15:56.490000,12877,12878,12877,1
2020-11-04,15:15:56.827000,12877,12878,12877,1
2020-11-04,15:15:57.070000,12877,12878,12877,2
2020-11-04,15:15:57.099000,12877,12878,12877,1
2020-11-04,15:15:57.126000,12877,12878,12877,1
2020-11-04,15:15:57.151000,12877,12878,12877,1
2020-11-04,15:15:57.894000,12877,12878,12877,1
2020-11-04,15:15:57.905000,12876,12877,12877,1
2020-11-04,15:15:58.027000,12876,12877,12877,2
2020-11-04,15:15:58.217000,12876,12878,12876,4
2020-11-04,15:15:58.792000,12876,12877,12877,1
2020-11-04,15:16:00.030000,12876,12877,12876,9
2020-11-04,15:16:00.069000,12876,12877,12875,4
2020-11-04,15:16:00.153000,12876,12877,12875,1
2020-11-04,15:16:00.162000,12875,12876,12875,1
2020-11-04,15:16:00.170000,12875,12876,12875,1
2020-11-04,15:16:00.171000,12875,12876,12875,8
2020-11-04,15:16:00.171000,12875,12876,12875,1
2020-11-04,15:16:00.296000,12874,12875,12874,2
2020-11-04,15:16:02.465000,12874,12875,12874,2
2020-11-04,15:16:02.927000,12874,12875,12875,4
2020-11-04,15:16:02.927000,12874,12875,12875,7
2020-11-04,15:16:03.224000,12875,12876,12875,2
2020-11-04,15:16:03.845000,12875,12876,12876,1
2020-11-04,15:16:04.697000,12876,12877,12876,1
2020-11-04,15:16:05.872000,12875,12876,12875,1
2020-11-04,15:16:06.543000,12874,12876,12876,1
2020-11-04,15:16:08.765000,12875,12876,12875,1
2020-11-04,15:16:09.804000,12875,12876,12875,1
2020-11-04,15:16:09.931000,12875,12876,12875,1
2020-11-04,15:16:09.931000,12875,12876,12875,3
2020-11-04,15:16:11.857000,12875,12876,12875,2
2020-11-04,15:16:14.843000,12875,12876,12876,1
2020-11-04,15:16:15.405000,12876,12877,12876,1
2020-11-04,15:16:15.452000,12876,12877,12876,2
2020-11-04,15:16:16.024000,12876,12877,12876,1
2020-11-04,15:16:20.145000,12875,12876,12876,1
2020-11-04,15:16:20.156000,12875,12876,12875,1
2020-11-04,15:16:20.158000,12875,12876,12875,1
2020-11-04,15:16:21.522000,12875,12876,12875,9
2020-11-04,15:16:21.784000,12874,12875,12875,2
2020-11-04,15:16:22.529000,12874,12875,12874,1
2020-11-04,15:16:22.726000,12874,12875,12875,1
2020-11-04,15:16:22.726000,12874,12875,12875,1
2020-11-04,15:16:22.727000,12874,12875,12875,1
2020-11-04,15:16:22.727000,12874,12875,12875,6
2020-11-04,15:16:22.894000,12875,12876,12875,1
2020-11-04,15:16:23.107000,12875,12876,12876,1
2020-11-04,15:16:23.384000,12875,12876,12876,2
2020-11-04,15:16:23.676000,12876,12877,12876,1
2020-11-04,15:16:26.921000,12876,12877,12876,2
2020-11-04,15:16:26.933000,12876,12877,12875,5
2020-11-04,15:16:27.145000,12875,12877,12876,1
2020-11-04,15:16:28.182000,12875,12877,12877,1
2020-11-04,15:16:29.400000,12874,12876,12876,1
2020-11-04,15:16:32.054000,12875,12876,12876,2
2020-11-04,15:16:32.109000,12875,12876,12876,1
2020-11-04,15:16:37.057000,12876,12877,12877,1
2020-11-04,15:16:37.058000,12876,12877,12877,5
2020-11-04,15:16:38.083000,12877,12878,12878,2
2020-11-04,15:16:38.635000,12877,12879,12877,1
2020-11-04,15:16:38.902000,12878,12879,12878,1
2020-11-04,15:16:41.832000,12877,12879,12877,1
2020-11-04,15:16:45.200000,12877,12878,12878,1
2020-11-04,15:16:46.293000,12877,12879,12879,2
2020-11-04,15:16:48.348000,12878,12879,12879,2
2020-11-04,15:16:48.348000,12878,12879,12879,1
2020-11-04,15:16:48.382000,12878,12879,12878,1
2020-11-04,15:16:50.649000,12879,12880,12880,4
2020-11-04,15:16:50.650000,12879,12880,12880,3
2020-11-04,15:16:50.649000,12879,12880,12880,1
2020-11-04,15:16:51.020000,12880,12881,12880,4
2020-11-04,15:16:51.020000,12880,12881,12879,6
2020-11-04,15:16:52.727000,12879,12880,12880,2
2020-11-04,15:16:52.727000,12879,12880,12880,1
2020-11-04,15:16:52.727000,12879,12880,12880,1
2020-11-04,15:16:52.727000,12879,12880,12880,6
2020-11-04,15:16:52.727000,12879,12880,12881,5
2020-11-04,15:16:54.044000,12880,12882,12880,1
2020-11-04,15:16:54.854000,12880,12882,12881,1
2020-11-04,15:16:55.182000,12880,12882,12881,4
2020-11-04,15:16:55.864000,12881,12882,12881,3
2020-11-04,15:16:56.321000,12880,12881,12880,4
2020-11-04,15:16:56.806000,12878,12880,12880,1
2020-11-04,15:16:57.280000,12878,12880,12880,2
2020-11-04,15:16:58.959000,12879,12881,12879,4
2020-11-04,15:16:58.959000,12879,12881,12879,1
2020-11-04,15:16:58.959000,12879,12881,12879,2
2020-11-04,15:16:58.959000,12879,12881,12879,1
2020-11-04,15:16:58.960000,12879,12881,12879,2
2020-11-04,15:17:04.546000,12877,12878,12877,1
2020-11-04,15:17:04.671000,12876,12878,12876,1
2020-11-04,15:17:04.685000,12876,12878,12878,1
2020-11-04,15:17:08.983000,12876,12878,12876,1
2020-11-04,15:17:10.943000,12877,12879,12877,1
2020-11-04,15:17:14.195000,12877,12878,12877,1
2020-11-04,15:17:15.642000,12877,12878,12877,1
2020-11-04,15:17:17.078000,12876,12877,12876,3
2020-11-04,15:17:17.198000,12875,12877,12877,1
2020-11-04,15:17:18.306000,12875,12877,12875,1
2020-11-04,15:17:23.762000,12876,12877,12876,1
2020-11-04,15:17:25.382000,12876,12877,12876,2
2020-11-04,15:17:27.123000,12876,12877,12876,2
2020-11-04,15:17:29.416000,12875,12876,12875,1
2020-11-04,15:17:29.417000,12875,12876,12875,3
2020-11-04,15:17:29.417000,12875,12876,12875,4
2020-11-04,15:17:29.417000,12875,12876,12875,3
2020-11-04,15:17:29.562000,12874,12875,12875,4
2020-11-04,15:17:30.543000,12874,12876,12874,10
2020-11-04,15:17:32.753000,12875,12876,12876,1
2020-11-04,15:17:34.581000,12875,12876,12875,10
2020-11-04,15:17:36.209000,12875,12876,12875,1
2020-11-04,15:17:39.912000,12875,12876,12875,2
2020-11-04,15:17:40.358000,12875,12876,12875,2
2020-11-04,15:17:40.420000,12875,12876,12875,1
2020-11-04,15:17:40.476000,12875,12876,12874,2
2020-11-04,15:17:42.572000,12875,12876,12875,1
2020-11-04,15:17:44.183000,12874,12875,12874,1
2020-11-04,15:17:45.697000,12874,12875,12874,6
2020-11-04,15:17:46.483000,12873,12874,12874,2
2020-11-04,15:17:46.835000,12874,12875,12875,1
2020-11-04,15:17:47.921000,12874,12875,12875,3
2020-11-04,15:17:47.924000,12874,12875,12875,1
2020-11-04,15:17:50.938000,12874,12876,12875,2
2020-11-04,15:17:52.394000,12875,12876,12875,1
2020-11-04,15:17:55.745000,12873,12875,12874,1
2020-11-04,15:17:58.022000,12874,12875,12874,4
2020-11-04,15:18:01.261000,12873,12874,12873,14
2020-11-04,15:18:01.298000,12872,12873,12872,1
2020-11-04,15:18:01.504000,12872,12873,12872,1
2020-11-04,15:18:01.805000,12872,12873,12872,5
2020-11-04,15:18:01.823000,12872,12873,12872,1
2020-11-04,15:18:01.851000,12872,12873,12873,2
2020-11-04,15:18:02.948000,12872,12873,12872,3
2020-11-04,15:18:03.057000,12872,12873,12872,1
2020-11-04,15:18:03.625000,12872,12873,12873,1
2020-11-04,15:18:04.047000,12872,12873,12873,1
2020-11-04,15:18:04.854000,12872,12873,12873,2
2020-11-04,15:18:05.155000,12873,12874,12873,1
2020-11-04,15:18:05.713000,12873,12874,12873,1
2020-11-04,15:18:05.748000,12873,12874,12873,2
2020-11-04,15:18:11.820000,12872,12873,12872,1
2020-11-04,15:18:11.963000,12872,12873,12872,2
2020-11-04,15:18:13.008000,12872,12873,12872,1
2020-11-04,15:18:13.008000,12872,12873,12872,4
2020-11-04,15:18:13.009000,12872,12873,12872,1
2020-11-04,15:18:13.009000,12872,12873,12872,1
2020-11-04,15:18:13.986000,12871,12872,12871,2
2020-11-04,15:18:14.125000,12871,12872,12871,1
2020-11-04,15:18:14.145000,12871,12872,12871,1
2020-11-04,15:18:14.145000,12871,12872,12871,3
2020-11-04,15:18:14.146000,12871,12872,12871,6
2020-11-04,15:18:14.146000,12871,12872,12871,5
2020-11-04,15:18:14.521000,12870,12871,12870,1
2020-11-04,15:18:14.569000,12870,12871,12870,1
2020-11-04,15:18:14.653000,12870,12871,12870,1
2020-11-04,15:18:14.653000,12870,12871,12870,1
2020-11-04,15:18:14.655000,12870,12871,12870,1
2020-11-04,15:18:14.655000,12870,12871,12870,1
2020-11-04,15:18:14.656000,12870,12871,12870,1
2020-11-04,15:18:14.657000,12870,12871,12870,1
2020-11-04,15:18:14.664000,12870,12871,12869,1
2020-11-04,15:18:14.664000,12870,12871,12869,1
2020-11-04,15:18:14.667000,12870,12871,12869,1
2020-11-04,15:18:14.670000,12870,12871,12869,1
2020-11-04,15:18:14.689000,12870,12871,12869,1
2020-11-04,15:18:14.691000,12870,12871,12869,1
2020-11-04,15:18:14.696000,12870,12871,12869,1
2020-11-04,15:18:14.698000,12870,12871,12868,1
2020-11-04,15:18:14.730000,12870,12871,12868,1
2020-11-04,15:18:14.759000,12870,12871,12868,1
2020-11-04,15:18:14.767000,12870,12871,12868,1
2020-11-04,15:18:14.772000,12870,12871,12868,1
2020-11-04,15:18:15.094000,12868,12870,12868,1
2020-11-04,15:18:15.330000,12869,12871,12869,1
2020-11-04,15:18:16.840000,12869,12870,12869,3
2020-11-04,15:18:16.960000,12868,12870,12868,3
2020-11-04,15:18:18.255000,12868,12869,12868,3
2020-11-04,15:18:18.614000,12868,12869,12869,1
2020-11-04,15:18:19.276000,12868,12870,12870,1
2020-11-04,15:18:22.637000,12868,12869,12868,1
2020-11-04,15:18:22.637000,12868,12869,12867,7
2020-11-04,15:18:22.638000,12868,12869,12867,2
2020-11-04,15:18:22.801000,12866,12868,12866,2
2020-11-04,15:18:22.948000,12866,12868,12866,4
2020-11-04,15:18:22.975000,12866,12868,12866,3
2020-11-04,15:18:23.180000,12866,12868,12866,2
2020-11-04,15:18:23.192000,12866,12868,12866,1
2020-11-04,15:18:23.242000,12866,12868,12866,4
2020-11-04,15:18:23.242000,12866,12868,12865,21
2020-11-04,15:18:23.265000,12866,12868,12865,2
2020-11-04,15:18:23.829000,12865,12866,12866,1
2020-11-04,15:18:25.071000,12864,12866,12866,1
2020-11-04,15:18:25.228000,12864,12866,12864,1
2020-11-04,15:18:25.306000,12864,12866,12864,1
2020-11-04,15:18:26.219000,12864,12865,12864,3
2020-11-04,15:18:26.451000,12864,12865,12865,1
2020-11-04,15:18:27.461000,12864,12865,12865,1
2020-11-04,15:18:28.500000,12864,12865,12864,6
2020-11-04,15:18:30.124000,12863,12864,12864,1
2020-11-04,15:18:30.174000,12863,12864,12864,1
2020-11-04,15:18:30.225000,12863,12864,12863,2
2020-11-04,15:18:30.245000,12863,12864,12863,1
2020-11-04,15:18:30.308000,12863,12864,12863,2
2020-11-04,15:18:30.311000,12863,12864,12863,1
2020-11-04,15:18:30.352000,12863,12864,12863,1
2020-11-04,15:18:31.088000,12863,12864,12863,1
2020-11-04,15:18:32.725000,12863,12864,12864,1
2020-11-04,15:18:33.875000,12863,12864,12863,1
2020-11-04,15:18:34.878000,12863,12864,12863,1
2020-11-04,15:18:34.897000,12863,12864,12863,1
2020-11-04,15:18:35.134000,12862,12864,12863,1
2020-11-04,15:18:35.234000,12863,12864,12863,1
2020-11-04,15:18:35.397000,12863,12864,12863,1
2020-11-04,15:18:35.419000,12863,12864,12863,1
2020-11-04,15:18:36.465000,12863,12864,12863,1
2020-11-04,15:18:37.208000,12862,12863,12863,1
2020-11-04,15:18:37.455000,12863,12864,12863,1
2020-11-04,15:18:37.462000,12863,12864,12862,1
2020-11-04,15:18:38.247000,12862,12863,12862,3
2020-11-04,15:18:38.342000,12861,12863,12861,9
2020-11-04,15:18:38.343000,12861,12863,12861,1
2020-11-04,15:18:38.463000,12861,12862,12861,2
2020-11-04,15:18:38.507000,12861,12862,12861,1
2020-11-04,15:18:38.526000,12861,12862,12860,1
2020-11-04,15:18:38.533000,12860,12862,12860,1
2020-11-04,15:18:38.731000,12860,12862,12860,1
2020-11-04,15:18:38.996000,12860,12862,12860,1
2020-11-04,15:18:39.226000,12860,12862,12860,2
2020-11-04,15:18:39.399000,12860,12862,12862,1
2020-11-04,15:18:39.980000,12860,12862,12860,10
2020-11-04,15:18:41.467000,12859,12861,12859,1
2020-11-04,15:18:41.841000,12860,12861,12860,1
2020-11-04,15:18:41.852000,12860,12861,12860,1
2020-11-04,15:18:41.874000,12860,12861,12859,1
2020-11-04,15:18:41.906000,12859,12860,12859,4
2020-11-04,15:18:41.907000,12859,12860,12859,1
2020-11-04,15:18:41.907000,12859,12860,12859,1
2020-11-04,15:18:41.970000,12859,12860,12858,1
2020-11-04,15:18:41.977000,12859,12860,12860,1
2020-11-04,15:18:41.995000,12859,12860,12858,1
2020-11-04,15:18:42.017000,12859,12860,12859,1
2020-11-04,15:18:42.020000,12859,12860,12858,1
2020-11-04,15:18:42.040000,12858,12860,12858,1
2020-11-04,15:18:42.069000,12858,12860,12858,1
2020-11-04,15:18:42.131000,12858,12860,12857,2
2020-11-04,15:18:42.156000,12857,12859,12858,4
2020-11-04,15:18:42.198000,12857,12859,12857,1
2020-11-04,15:18:42.251000,12857,12859,12857,1
2020-11-04,15:18:42.444000,12857,12859,12857,1
2020-11-04,15:18:42.454000,12857,12859,12857,1
2020-11-04,15:18:43.019000,12857,12858,12858,1
2020-11-04,15:18:43.019000,12857,12858,12858,1
2020-11-04,15:18:43.842000,12857,12859,12858,1
2020-11-04,15:18:43.844000,12857,12859,12859,3
2020-11-04,15:18:44.918000,12859,12860,12859,4
2020-11-04,15:18:44.918000,12859,12860,12858,6
2020-11-04,15:18:45.209000,12858,12860,12859,1
2020-11-04,15:18:46.228000,12858,12860,12859,1
2020-11-04,15:18:47.238000,12858,12859,12859,1
2020-11-04,15:18:47.280000,12858,12860,12858,1
2020-11-04,15:18:47.281000,12858,12860,12858,1
2020-11-04,15:18:48.474000,12858,12859,12859,1
2020-11-04,15:18:48.789000,12858,12859,12858,1
2020-11-04,15:18:48.811000,12858,12859,12858,1
2020-11-04,15:18:48.813000,12858,12859,12858,6
2020-11-04,15:18:48.925000,12857,12858,12858,3
2020-11-04,15:18:49.406000,12858,12859,12858,1
2020-11-04,15:18:50.376000,12858,12859,12859,1
2020-11-04,15:18:50.406000,12858,12859,12858,1
2020-11-04,15:18:51.249000,12858,12859,12858,1
2020-11-04,15:18:51.505000,12857,12859,12858,1
2020-11-04,15:18:51.907000,12858,12859,12858,1
2020-11-04,15:18:52.543000,12857,12858,12858,1
2020-11-04,15:18:52.815000,12857,12859,12857,5
2020-11-04,15:18:53,12857,12858,12857,2
2020-11-04,15:18:53.323000,12857,12858,12858,1
2020-11-04,15:18:53.504000,12857,12858,12858,1
2020-11-04,15:18:53.708000,12856,12858,12856,1
2020-11-04,15:18:54.156000,12856,12858,12858,1
2020-11-04,15:18:55.072000,12856,12857,12857,1
2020-11-04,15:18:55.197000,12856,12857,12856,4
2020-11-04,15:18:55.556000,12855,12856,12856,1
2020-11-04,15:18:56.565000,12856,12857,12856,1
2020-11-04,15:18:56.566000,12856,12857,12856,4
2020-11-04,15:18:57.622000,12856,12857,12856,5
2020-11-04,15:18:58.185000,12855,12856,12856,1
2020-11-04,15:18:58.299000,12855,12856,12855,1
2020-11-04,15:18:59.570000,12855,12856,12855,5
2020-11-04,15:18:59.975000,12855,12856,12856,1
2020-11-04,15:19:00.155000,12855,12856,12855,2
2020-11-04,15:19:00.296000,12855,12856,12855,1
2020-11-04,15:19:00.313000,12855,12856,12855,1
2020-11-04,15:19:00.318000,12855,12856,12855,4
2020-11-04,15:19:00.319000,12855,12856,12855,1
2020-11-04,15:19:00.322000,12855,12856,12854,8
2020-11-04,15:19:00.323000,12855,12856,12854,3
2020-11-04,15:19:00.425000,12853,12855,12853,1
2020-11-04,15:19:00.443000,12853,12855,12855,1
2020-11-04,15:19:00.448000,12853,12855,12855,9
2020-11-04,15:19:00.448000,12853,12855,12856,21
2020-11-04,15:19:00.458000,12853,12855,12855,1
2020-11-04,15:19:00.483000,12853,12855,12855,1
2020-11-04,15:19:00.601000,12855,12857,12855,1
2020-11-04,15:19:00.761000,12855,12857,12855,2
2020-11-04,15:19:00.937000,12855,12857,12855,3
2020-11-04,15:19:00.937000,12855,12857,12854,1
2020-11-04,15:19:01.834000,12856,12857,12857,3
2020-11-04,15:19:01.907000,12856,12858,12856,1
2020-11-04,15:19:03.083000,12857,12858,12857,1
2020-11-04,15:19:03.083000,12857,12858,12857,1
2020-11-04,15:19:03.084000,12857,12858,12857,1
2020-11-04,15:19:03.084000,12857,12858,12857,1
2020-11-04,15:19:03.084000,12857,12858,12857,1
2020-11-04,15:19:03.118000,12857,12858,12856,3
2020-11-04,15:19:03.129000,12857,12858,12855,1
2020-11-04,15:19:03.513000,12855,12857,12857,1
2020-11-04,15:19:03.553000,12856,12858,12856,1
2020-11-04,15:19:03.553000,12856,12858,12856,1
2020-11-04,15:19:04.938000,12856,12857,12857,1
2020-11-04,15:19:04.939000,12856,12857,12857,4
2020-11-04,15:19:06.192000,12856,12858,12858,1
2020-11-04,15:19:06.353000,12856,12858,12857,1
2020-11-04,15:19:06.353000,12856,12858,12856,1
2020-11-04,15:19:06.354000,12856,12858,12856,2
2020-11-04,15:19:06.901000,12857,12858,12858,9
2020-11-04,15:19:07.661000,12857,12859,12859,6
2020-11-04,15:19:07.662000,12857,12859,12859,2
2020-11-04,15:19:07.780000,12859,12860,12859,1
2020-11-04,15:19:07.781000,12859,12860,12859,1
2020-11-04,15:19:08.363000,12859,12860,12859,2
2020-11-04,15:19:09.075000,12858,12860,12858,4
2020-11-04,15:19:09.076000,12858,12860,12858,1
2020-11-04,15:19:09.768000,12858,12859,12858,1
2020-11-04,15:19:09.768000,12858,12859,12857,1
2020-11-04,15:19:12.245000,12857,12859,12858,2
2020-11-04,15:19:12.366000,12857,12859,12857,2
2020-11-04,15:19:12.813000,12857,12859,12857,1
2020-11-04,15:19:13.341000,12858,12859,12858,1
2020-11-04,15:19:13.500000,12857,12859,12859,2
2020-11-04,15:19:13.921000,12858,12860,12858,1
2020-11-04,15:19:14.490000,12858,12860,12858,1
2020-11-04,15:19:14.557000,12857,12859,12857,5
2020-11-04,15:19:15.454000,12857,12859,12859,5
2020-11-04,15:19:16.543000,12858,12859,12858,1
2020-11-04,15:19:17.247000,12857,12858,12858,1
2020-11-04,15:19:17.280000,12857,12859,12857,1
2020-11-04,15:19:17.281000,12857,12859,12857,1
2020-11-04,15:19:20.232000,12858,12859,12859,4
2020-11-04,15:19:20.232000,12858,12859,12860,6
2020-11-04,15:19:21.013000,12858,12859,12859,1
2020-11-04,15:19:22.248000,12859,12860,12860,11
2020-11-04,15:19:22.434000,12860,12861,12861,2
2020-11-04,15:19:25.369000,12859,12861,12861,1
2020-11-04,15:19:27.335000,12858,12861,12859,4
2020-11-04,15:19:28.145000,12857,12859,12860,1
2020-11-04,15:19:28.155000,12858,12860,12858,1
2020-11-04,15:19:28.158000,12858,12860,12858,1
2020-11-04,15:19:32.697000,12858,12860,12860,2
2020-11-04,15:19:32.946000,12858,12860,12858,1
2020-11-04,15:19:33.551000,12859,12860,12860,2
2020-11-04,15:19:33.571000,12859,12860,12860,1
2020-11-04,15:19:33.572000,12859,12860,12860,4
2020-11-04,15:19:35.373000,12860,12861,12860,2
2020-11-04,15:19:35.381000,12860,12861,12861,1
2020-11-04,15:19:35.654000,12860,12862,12862,1
2020-11-04,15:19:35.810000,12860,12862,12862,1
2020-11-04,15:19:39.323000,12860,12861,12861,1
2020-11-04,15:19:39.597000,12860,12861,12861,1
2020-11-04,15:19:40.930000,12860,12861,12861,5
2020-11-04,15:19:40.930000,12860,12861,12862,7
2020-11-04,15:19:41.031000,12861,12862,12861,1
2020-11-04,15:19:41.032000,12861,12862,12861,1
2020-11-04,15:19:42.636000,12860,12861,12860,1
2020-11-04,15:19:42.637000,12860,12861,12860,4
2020-11-04,15:19:42.661000,12859,12860,12860,1
2020-11-04,15:19:42.875000,12859,12860,12859,1
2020-11-04,15:19:42.880000,12859,12860,12859,2
2020-11-04,15:19:42.943000,12858,12859,12858,1
2020-11-04,15:19:43.146000,12858,12859,12859,1
2020-11-04,15:19:43.445000,12858,12860,12858,2
2020-11-04,15:19:43.585000,12858,12860,12860,1
2020-11-04,15:19:46.524000,12859,12860,12859,1
2020-11-04,15:19:47.004000,12859,12860,12860,1
2020-11-04,15:19:47.751000,12859,12860,12860,1
2020-11-04,15:19:50.730000,12859,12860,12860,1
2020-11-04,15:19:50.848000,12859,12860,12860,1
2020-11-04,15:19:51.207000,12859,12860,12860,2
2020-11-04,15:19:52.639000,12859,12860,12859,5
2020-11-04,15:19:53.902000,12859,12860,12859,1
2020-11-04,15:19:55.035000,12859,12860,12860,4
2020-11-04,15:19:59.649000,12859,12860,12859,1
2020-11-04,15:19:59.649000,12859,12860,12859,1
2020-11-04,15:20:00.630000,12858,12860,12858,1
2020-11-04,15:20:00.671000,12858,12860,12858,1
2020-11-04,15:20:01.805000,12858,12859,12859,1
2020-11-04,15:20:02.280000,12858,12859,12859,1
2020-11-04,15:20:02.758000,12859,12860,12859,1
2020-11-04,15:20:02.759000,12859,12860,12859,1
2020-11-04,15:20:05.475000,12858,12859,12859,1
2020-11-04,15:20:06.524000,12858,12859,12858,1
2020-11-04,15:20:06.700000,12858,12859,12859,1
2020-11-04,15:20:08.277000,12858,12859,12858,4
2020-11-04,15:20:08.277000,12858,12859,12858,2
2020-11-04,15:20:08.277000,12858,12859,12858,2
2020-11-04,15:20:08.804000,12857,12858,12857,2
2020-11-04,15:20:08.805000,12857,12858,12857,2
2020-11-04,15:20:08.955000,12856,12858,12858,6
2020-11-04,15:20:09.428000,12856,12857,12857,1
2020-11-04,15:20:10.029000,12856,12857,12856,8
2020-11-04,15:20:10.064000,12856,12857,12855,2
2020-11-04,15:20:14.815000,12856,12857,12857,2
2020-11-04,15:20:14.816000,12856,12857,12857,5
2020-11-04,15:20:14.816000,12856,12857,12857,10
2020-11-04,15:20:14.817000,12856,12857,12858,1
2020-11-04,15:20:15.108000,12858,12859,12858,1
2020-11-04,15:20:16.277000,12858,12859,12858,1
2020-11-04,15:20:16.277000,12858,12859,12858,1
2020-11-04,15:20:19.032000,12856,12858,12856,1
2020-11-04,15:20:20.202000,12856,12857,12856,2
2020-11-04,15:20:21.867000,12856,12857,12856,1
2020-11-04,15:20:22.514000,12856,12857,12858,1
2020-11-04,15:20:23.121000,12857,12858,12857,1
2020-11-04,15:20:24.773000,12856,12858,12856,3
2020-11-04,15:20:26.860000,12856,12857,12856,1
2020-11-04,15:20:26.861000,12856,12857,12856,1
2020-11-04,15:20:26.861000,12856,12857,12856,1
2020-11-04,15:20:26.861000,12856,12857,12856,1
2020-11-04,15:20:28.101000,12855,12856,12855,1
2020-11-04,15:20:28.482000,12855,12856,12855,4
2020-11-04,15:20:28.483000,12855,12856,12855,1
2020-11-04,15:20:28.483000,12855,12856,12855,3
2020-11-04,15:20:28.483000,12855,12856,12855,10
2020-11-04,15:20:29.521000,12854,12855,12855,1
2020-11-04,15:20:30.022000,12854,12856,12854,5
2020-11-04,15:20:32.414000,12854,12855,12854,1
2020-11-04,15:20:32.932000,12853,12855,12853,5
2020-11-04,15:20:33.289000,12853,12855,12853,1
2020-11-04,15:20:33.370000,12853,12855,12853,2
2020-11-04,15:20:33.376000,12853,12855,12853,1
2020-11-04,15:20:33.401000,12853,12855,12853,2
2020-11-04,15:20:33.512000,12853,12854,12853,1
2020-11-04,15:20:33.705000,12853,12854,12853,3
2020-11-04,15:20:34.760000,12852,12853,12853,2
2020-11-04,15:20:35.053000,12852,12854,12854,1
2020-11-04,15:20:35.638000,12853,12854,12854,2
2020-11-04,15:20:35.781000,12853,12855,12853,1
2020-11-04,15:20:36.548000,12854,12855,12854,2
2020-11-04,15:20:37.249000,12854,12855,12854,1
2020-11-04,15:20:37.271000,12854,12855,12854,1
2020-11-04,15:20:37.271000,12854,12855,12853,3
2020-11-04,15:20:37.406000,12853,12854,12853,1
2020-11-04,15:20:38.304000,12854,12855,12854,1
2020-11-04,15:20:38.361000,12854,12855,12854,1
2020-11-04,15:20:41.108000,12853,12854,12854,1
2020-11-04,15:20:41.600000,12853,12854,12854,1
2020-11-04,15:20:42.011000,12854,12855,12854,1
2020-11-04,15:20:42.670000,12854,12855,12854,1
2020-11-04,15:20:43.255000,12854,12855,12854,1
2020-11-04,15:20:43.572000,12854,12855,12854,3
2020-11-04,15:20:43.894000,12853,12854,12853,4
2020-11-04,15:20:44.761000,12853,12854,12854,1
2020-11-04,15:20:45.624000,12854,12855,12854,1
2020-11-04,15:20:46.220000,12853,12854,12854,1
2020-11-04,15:20:47.011000,12853,12854,12854,1
2020-11-04,15:20:48.300000,12853,12854,12853,5
2020-11-04,15:20:48.338000,12853,12854,12853,3
2020-11-04,15:20:48.338000,12853,12854,12852,12
2020-11-04,15:20:48.540000,12852,12854,12852,1
2020-11-04,15:20:50.529000,12854,12855,12854,1
2020-11-04,15:20:50.530000,12854,12855,12854,3
2020-11-04,15:20:51.993000,12853,12854,12854,1
2020-11-04,15:20:52.175000,12854,12855,12854,1
2020-11-04,15:20:52.247000,12854,12855,12853,2
2020-11-04,15:20:52.425000,12853,12855,12853,1
2020-11-04,15:20:54.369000,12854,12855,12854,1
2020-11-04,15:20:54.476000,12854,12855,12854,1
2020-11-04,15:20:54.476000,12854,12855,12854,1
2020-11-04,15:20:54.760000,12853,12855,12855,1
2020-11-04,15:20:54.934000,12854,12855,12854,2
2020-11-04,15:20:55.185000,12854,12855,12855,3
2020-11-04,15:20:55.243000,12854,12855,12855,4
2020-11-04,15:20:55.243000,12854,12855,12855,2
2020-11-04,15:20:55.891000,12855,12856,12855,1
2020-11-04,15:20:56.385000,12855,12856,12856,3
2020-11-04,15:20:56.686000,12855,12857,12855,1
2020-11-04,15:20:56.691000,12855,12857,12855,1
2020-11-04,15:21:00.572000,12854,12855,12855,1
2020-11-04,15:21:00.670000,12854,12856,12854,1
2020-11-04,15:21:01.025000,12854,12856,12854,1
2020-11-04,15:21:01.526000,12854,12856,12854,1
2020-11-04,15:21:01.526000,12854,12856,12854,1
2020-11-04,15:21:01.928000,12854,12856,12854,1
2020-11-04,15:21:02.048000,12854,12856,12854,1
2020-11-04,15:21:02.153000,12854,12856,12853,1
2020-11-04,15:21:05.846000,12854,12856,12854,2
2020-11-04,15:21:06.006000,12854,12856,12854,2
2020-11-04,15:21:07.449000,12855,12856,12855,1
2020-11-04,15:21:07.721000,12855,12856,12855,1
2020-11-04,15:21:08.412000,12855,12856,12856,1
2020-11-04,15:21:08.603000,12855,12856,12856,1
2020-11-04,15:21:11.996000,12855,12856,12855,1
2020-11-04,15:21:13.080000,12854,12855,12856,1
2020-11-04,15:21:13.774000,12854,12855,12855,2
2020-11-04,15:21:15.661000,12855,12856,12855,1
2020-11-04,15:21:16.173000,12855,12856,12855,1
2020-11-04,15:21:16.788000,12855,12856,12855,5
2020-11-04,15:21:16.789000,12855,12856,12855,1
2020-11-04,15:21:16.789000,12855,12856,12855,2
2020-11-04,15:21:18.781000,12854,12855,12855,1
2020-11-04,15:21:18.851000,12854,12855,12855,1
2020-11-04,15:21:20.595000,12855,12856,12855,1
2020-11-04,15:21:23.134000,12854,12855,12854,1
2020-11-04,15:21:23.134000,12854,12855,12854,3
2020-11-04,15:21:23.134000,12854,12855,12854,3
2020-11-04,15:21:23.239000,12853,12854,12853,1
2020-11-04,15:21:23.314000,12853,12854,12853,1
2020-11-04,15:21:23.318000,12853,12854,12853,1
2020-11-04,15:21:23.322000,12853,12854,12853,1
2020-11-04,15:21:23.323000,12853,12854,12853,2
2020-11-04,15:21:24.786000,12852,12853,12853,1
2020-11-04,15:21:25.815000,12853,12854,12854,1
2020-11-04,15:21:25.954000,12853,12854,12853,1
2020-11-04,15:21:26.067000,12852,12854,12853,1
2020-11-04,15:21:27.464000,12853,12855,12853,5
2020-11-04,15:21:28.921000,12853,12854,12854,1
2020-11-04,15:21:29.200000,12854,12855,12854,1
2020-11-04,15:21:29.693000,12854,12855,12855,1
2020-11-04,15:21:30.479000,12853,12855,12853,1
2020-11-04,15:21:31.306000,12854,12855,12854,1
2020-11-04,15:21:33.320000,12853,12854,12854,3
2020-11-04,15:21:34.229000,12853,12855,12855,1
2020-11-04,15:21:36.619000,12853,12854,12853,1
2020-11-04,15:21:39.677000,12853,12854,12853,1
2020-11-04,15:21:40.374000,12853,12854,12853,1
2020-11-04,15:21:41.317000,12852,12853,12853,3
2020-11-04,15:21:41.317000,12852,12853,12853,1
2020-11-04,15:21:41.415000,12852,12854,12852,7
