2019-08-28,15:00:00.051000,10411,10412,10412,33
2019-08-28,15:00:00.394000,10411,10412,10412,2
2019-08-28,15:00:00.529000,10411,10412,10412,4
2019-08-28,15:00:00.714000,10411,10412,10411,2
2019-08-28,15:00:00.736000,10411,10412,10412,2
2019-08-28,15:00:00.854000,10411,10412,10412,1
2019-08-28,15:00:00.896000,10411,10412,10412,1
2019-08-28,15:00:00.896000,10411,10412,10413,2
2019-08-28,15:00:01.131000,10411,10412,10412,2
2019-08-28,15:00:01.159000,10411,10412,10411,2
2019-08-28,15:00:01.367000,10410,10411,10411,1
2019-08-28,15:00:01.428000,10410,10411,10410,1
2019-08-28,15:00:01.518000,10410,10411,10410,1
2019-08-28,15:00:01.632000,10410,10411,10410,1
2019-08-28,15:00:01.832000,10410,10411,10410,1
2019-08-28,15:00:02.031000,10410,10411,10410,1
2019-08-28,15:00:02.235000,10410,10411,10410,1
2019-08-28,15:00:02.432000,10410,10411,10410,10
2019-08-28,15:00:02.510000,10410,10411,10410,7
2019-08-28,15:00:02.616000,10410,10411,10410,2
2019-08-28,15:00:02.624000,10410,10411,10410,2
2019-08-28,15:00:02.633000,10410,10411,10410,1
2019-08-28,15:00:02.636000,10410,10411,10410,12
2019-08-28,15:00:02.716000,10410,10411,10409,2
2019-08-28,15:00:02.723000,10410,10411,10409,1
2019-08-28,15:00:02.731000,10410,10411,10409,2
2019-08-28,15:00:02.879000,10409,10411,10409,1
2019-08-28,15:00:02.885000,10409,10411,10409,1
2019-08-28,15:00:02.945000,10409,10411,10409,1
2019-08-28,15:00:03.513000,10409,10410,10409,2
2019-08-28,15:00:03.820000,10408,10409,10409,2
2019-08-28,15:00:06.756000,10408,10409,10409,1
2019-08-28,15:00:07.063000,10408,10409,10408,5
2019-08-28,15:00:07.624000,10408,10409,10409,1
2019-08-28,15:00:08.853000,10408,10409,10408,1
2019-08-28,15:00:09.202000,10408,10409,10408,1
2019-08-28,15:00:10.702000,10408,10409,10409,1
2019-08-28,15:00:11.506000,10408,10409,10409,2
2019-08-28,15:00:13.542000,10408,10409,10409,1
2019-08-28,15:00:21.502000,10408,10409,10409,5
2019-08-28,15:00:23.791000,10408,10409,10408,1
2019-08-28,15:00:26.749000,10408,10409,10408,1
2019-08-28,15:00:28.571000,10408,10409,10409,1
2019-08-28,15:00:29.143000,10408,10409,10408,1
2019-08-28,15:00:29.270000,10408,10409,10409,1
2019-08-28,15:00:41.096000,10408,10409,10409,1
2019-08-28,15:00:46.434000,10408,10409,10409,6
2019-08-28,15:00:47.967000,10408,10409,10409,3
2019-08-28,15:00:48.081000,10409,10410,10409,2
2019-08-28,15:00:50.631000,10408,10409,10408,13
2019-08-28,15:00:54.812000,10407,10408,10407,1
2019-08-28,15:00:55.289000,10407,10408,10407,1
2019-08-28,15:00:55.330000,10407,10408,10408,1
2019-08-28,15:00:55.768000,10407,10408,10407,5
2019-08-28,15:00:56.939000,10407,10408,10407,1
2019-08-28,15:00:58.859000,10407,10408,10407,2
2019-08-28,15:00:59.331000,10407,10408,10407,2
2019-08-28,15:00:59.385000,10407,10408,10407,5
2019-08-28,15:01:00.129000,10406,10407,10407,1
2019-08-28,15:01:00.235000,10406,10407,10407,1
2019-08-28,15:01:02.461000,10406,10407,10406,1
2019-08-28,15:01:02.694000,10406,10407,10406,4
2019-08-28,15:01:02.746000,10406,10407,10406,4
2019-08-28,15:01:02.748000,10406,10407,10406,2
2019-08-28,15:01:02.801000,10406,10407,10406,4
2019-08-28,15:01:02.851000,10406,10407,10406,2
2019-08-28,15:01:02.866000,10406,10407,10406,1
2019-08-28,15:01:02.866000,10406,10407,10406,1
2019-08-28,15:01:02.903000,10406,10407,10406,1
2019-08-28,15:01:02.903000,10406,10407,10405,1
2019-08-28,15:01:02.952000,10406,10407,10405,2
2019-08-28,15:01:03.040000,10405,10407,10405,2
2019-08-28,15:01:03.108000,10405,10407,10405,2
2019-08-28,15:01:03.166000,10405,10407,10405,2
2019-08-28,15:01:03.251000,10405,10406,10405,2
2019-08-28,15:01:03.320000,10405,10406,10405,2
2019-08-28,15:01:03.393000,10405,10406,10405,2
2019-08-28,15:01:03.450000,10405,10406,10405,2
2019-08-28,15:01:03.517000,10405,10406,10405,2
2019-08-28,15:01:03.574000,10405,10406,10405,4
2019-08-28,15:01:03.640000,10405,10406,10405,2
2019-08-28,15:01:03.706000,10405,10406,10405,4
2019-08-28,15:01:03.781000,10404,10406,10404,2
2019-08-28,15:01:03.830000,10404,10406,10404,2
2019-08-28,15:01:04.027000,10404,10406,10404,2
2019-08-28,15:01:04.095000,10404,10406,10404,2
2019-08-28,15:01:05.556000,10404,10405,10404,1
2019-08-28,15:01:06.047000,10404,10405,10404,2
2019-08-28,15:01:06.051000,10404,10405,10404,2
2019-08-28,15:01:06.143000,10404,10405,10404,4
2019-08-28,15:01:06.955000,10404,10405,10404,1
2019-08-28,15:01:07.717000,10404,10405,10404,2
2019-08-28,15:01:07.764000,10404,10405,10404,1
2019-08-28,15:01:09.024000,10404,10405,10404,1
2019-08-28,15:01:09.553000,10404,10405,10404,1
2019-08-28,15:01:09.744000,10403,10404,10404,1
2019-08-28,15:01:09.963000,10403,10405,10404,1
2019-08-28,15:01:10.633000,10403,10404,10404,1
2019-08-28,15:01:10.810000,10403,10404,10404,1
2019-08-28,15:01:11.140000,10403,10404,10403,9
2019-08-28,15:01:11.241000,10403,10404,10403,1
2019-08-28,15:01:11.241000,10403,10404,10403,1
2019-08-28,15:01:11.268000,10403,10404,10403,1
2019-08-28,15:01:11.387000,10403,10404,10403,23
2019-08-28,15:01:12.113000,10402,10403,10403,1
2019-08-28,15:01:12.222000,10402,10403,10402,5
2019-08-28,15:01:12.241000,10402,10403,10402,13
2019-08-28,15:01:12.318000,10402,10403,10402,1
2019-08-28,15:01:12.327000,10402,10403,10402,2
2019-08-28,15:01:12.366000,10402,10403,10402,3
2019-08-28,15:01:12.366000,10402,10403,10402,1
2019-08-28,15:01:13.336000,10401,10402,10401,6
2019-08-28,15:01:13.546000,10401,10402,10401,11
2019-08-28,15:01:13.577000,10401,10402,10402,1
2019-08-28,15:01:13.736000,10401,10402,10401,1
2019-08-28,15:01:14.868000,10401,10402,10401,2
2019-08-28,15:01:15.652000,10401,10402,10402,1
2019-08-28,15:01:15.987000,10401,10402,10401,1
2019-08-28,15:01:16.047000,10401,10402,10401,3
2019-08-28,15:01:16.372000,10400,10401,10401,2
2019-08-28,15:01:16.373000,10400,10401,10401,1
2019-08-28,15:01:16.748000,10401,10402,10401,5
2019-08-28,15:01:17.372000,10401,10402,10402,1
2019-08-28,15:01:17.415000,10401,10402,10401,4
2019-08-28,15:01:17.646000,10401,10402,10401,5
2019-08-28,15:01:17.835000,10401,10402,10401,1
2019-08-28,15:01:18.334000,10401,10402,10402,1
2019-08-28,15:01:18.350000,10401,10402,10401,5
2019-08-28,15:01:19.387000,10401,10402,10401,1
2019-08-28,15:01:19.587000,10401,10402,10402,1
2019-08-28,15:01:19.667000,10401,10402,10401,1
2019-08-28,15:01:20.054000,10401,10402,10402,1
2019-08-28,15:01:20.975000,10401,10402,10402,1
2019-08-28,15:01:21.601000,10402,10403,10402,5
2019-08-28,15:01:22.865000,10402,10404,10402,1
2019-08-28,15:01:23.339000,10402,10404,10402,1
2019-08-28,15:01:23.786000,10402,10403,10402,1
2019-08-28,15:01:27.036000,10402,10403,10402,2
2019-08-28,15:01:27.470000,10402,10403,10402,1
2019-08-28,15:01:31.346000,10402,10403,10403,1
2019-08-28,15:01:32.953000,10402,10403,10403,2
2019-08-28,15:01:33.075000,10402,10403,10403,1
2019-08-28,15:01:33.529000,10402,10403,10403,6
2019-08-28,15:01:33.731000,10403,10404,10403,1
2019-08-28,15:01:34.720000,10403,10404,10404,2
2019-08-28,15:01:34.720000,10403,10404,10405,28
2019-08-28,15:01:34.812000,10404,10405,10405,2
2019-08-28,15:01:35.491000,10405,10406,10405,1
2019-08-28,15:01:35.900000,10404,10406,10406,1
2019-08-28,15:01:37.049000,10405,10406,10406,1
2019-08-28,15:01:38.019000,10405,10406,10406,1
2019-08-28,15:01:43.547000,10405,10406,10405,1
2019-08-28,15:01:45.099000,10405,10406,10406,1
2019-08-28,15:01:47.466000,10405,10406,10406,1
2019-08-28,15:01:50.538000,10405,10406,10405,1
2019-08-28,15:01:55.695000,10405,10406,10405,1
2019-08-28,15:01:57.886000,10405,10406,10405,1
2019-08-28,15:01:58.097000,10405,10406,10405,13
2019-08-28,15:01:59.239000,10404,10405,10404,1
2019-08-28,15:01:59.302000,10404,10405,10404,1
2019-08-28,15:02:00.617000,10404,10405,10404,1
2019-08-28,15:02:01.314000,10404,10405,10404,1
2019-08-28,15:02:01.591000,10404,10405,10404,1
2019-08-28,15:02:03.896000,10403,10404,10403,5
2019-08-28,15:02:04.080000,10403,10404,10404,4
2019-08-28,15:02:04.103000,10403,10404,10405,3
2019-08-28,15:02:04.715000,10404,10405,10404,2
2019-08-28,15:02:04.760000,10404,10405,10405,1
2019-08-28,15:02:07.350000,10404,10405,10404,4
2019-08-28,15:02:12.344000,10403,10404,10404,1
2019-08-28,15:02:14.544000,10403,10404,10404,3
2019-08-28,15:02:16.225000,10404,10405,10404,2
2019-08-28,15:02:16.315000,10404,10405,10404,2
2019-08-28,15:02:21.248000,10403,10404,10404,1
2019-08-28,15:02:21.920000,10404,10405,10404,1
2019-08-28,15:02:21.920000,10404,10405,10403,15
2019-08-28,15:02:29.205000,10403,10404,10404,1
2019-08-28,15:02:29.355000,10403,10404,10404,1
2019-08-28,15:02:35.085000,10403,10404,10404,1
2019-08-28,15:02:38.059000,10403,10404,10404,1
2019-08-28,15:02:38.480000,10403,10404,10404,2
2019-08-28,15:02:44.671000,10403,10404,10404,1
2019-08-28,15:02:45.040000,10403,10404,10404,1
2019-08-28,15:02:48.319000,10403,10404,10404,1
2019-08-28,15:02:49.635000,10403,10404,10403,3
2019-08-28,15:02:51.141000,10403,10404,10403,1
2019-08-28,15:02:51.522000,10403,10404,10404,1
2019-08-28,15:03:00.654000,10403,10404,10404,2
2019-08-28,15:03:00.948000,10403,10404,10403,1
2019-08-28,15:03:00.950000,10403,10404,10403,1
2019-08-28,15:03:05.155000,10403,10404,10404,1
2019-08-28,15:03:05.618000,10403,10404,10404,2
2019-08-28,15:03:07.139000,10403,10405,10405,1
2019-08-28,15:03:07.686000,10403,10405,10405,2
2019-08-28,15:03:10.560000,10404,10405,10404,5
2019-08-28,15:03:16.757000,10403,10404,10404,1
2019-08-28,15:03:18.835000,10403,10404,10403,1
2019-08-28,15:03:19.891000,10403,10404,10404,1
2019-08-28,15:03:26.999000,10403,10404,10404,1
2019-08-28,15:03:27.482000,10403,10404,10404,1
2019-08-28,15:03:30.618000,10403,10404,10404,1
2019-08-28,15:03:32.648000,10403,10404,10404,1
2019-08-28,15:03:32.780000,10403,10404,10404,1
2019-08-28,15:03:33.405000,10403,10404,10404,1
2019-08-28,15:03:33.451000,10403,10404,10404,2
2019-08-28,15:03:33.451000,10403,10404,10404,1
2019-08-28,15:03:33.451000,10403,10404,10404,1
2019-08-28,15:03:40.816000,10404,10405,10404,2
2019-08-28,15:03:41.399000,10403,10404,10403,1
2019-08-28,15:03:46.742000,10403,10404,10404,1
2019-08-28,15:03:47.871000,10403,10404,10403,1
2019-08-28,15:03:48.216000,10403,10404,10404,1
2019-08-28,15:03:56.907000,10403,10404,10404,2
2019-08-28,15:03:57.022000,10403,10404,10403,1
2019-08-28,15:03:57.881000,10403,10404,10403,4
2019-08-28,15:03:59.314000,10403,10404,10404,2
2019-08-28,15:04:04.840000,10403,10404,10403,15
2019-08-28,15:04:06.667000,10403,10404,10403,8
2019-08-28,15:04:08.274000,10402,10403,10403,1
2019-08-28,15:04:11.092000,10402,10403,10402,1
2019-08-28,15:04:12.591000,10402,10403,10402,5
2019-08-28,15:04:12.624000,10402,10403,10403,1
2019-08-28,15:04:18.336000,10402,10403,10402,16
2019-08-28,15:04:19.744000,10401,10402,10402,1
2019-08-28,15:04:20.578000,10401,10402,10402,1
2019-08-28,15:04:23.198000,10401,10402,10402,1
2019-08-28,15:04:25.388000,10401,10402,10402,1
2019-08-28,15:04:26.207000,10401,10402,10401,50
2019-08-28,15:04:26.241000,10401,10402,10401,5
2019-08-28,15:04:26.241000,10401,10402,10401,1
2019-08-28,15:04:26.615000,10400,10401,10401,9
2019-08-28,15:04:26.615000,10400,10401,10402,30
2019-08-28,15:04:26.866000,10401,10403,10402,1
2019-08-28,15:04:26.866000,10401,10403,10403,2
2019-08-28,15:04:28.050000,10401,10402,10401,1
2019-08-28,15:04:29.296000,10401,10403,10402,1
2019-08-28,15:04:31.532000,10401,10402,10401,1
2019-08-28,15:04:31.636000,10401,10402,10402,1
2019-08-28,15:04:31.636000,10401,10402,10403,1
2019-08-28,15:04:31.835000,10401,10403,10401,2
2019-08-28,15:04:32.380000,10401,10402,10402,1
2019-08-28,15:04:32.475000,10401,10402,10402,2
2019-08-28,15:04:33.856000,10401,10402,10402,2
2019-08-28,15:04:35.843000,10401,10402,10401,2
2019-08-28,15:04:37.810000,10402,10403,10402,5
2019-08-28,15:04:47.800000,10401,10402,10402,1
2019-08-28,15:04:49.428000,10401,10402,10401,1
2019-08-28,15:04:50.171000,10401,10402,10402,1
2019-08-28,15:04:54.055000,10401,10402,10402,1
2019-08-28,15:04:54.642000,10401,10402,10402,2
2019-08-28,15:04:56.776000,10401,10402,10402,2
2019-08-28,15:04:57.326000,10401,10402,10401,1
2019-08-28,15:04:57.385000,10401,10402,10402,1
2019-08-28,15:04:57.754000,10401,10402,10402,2
2019-08-28,15:04:58.274000,10401,10402,10402,7
2019-08-28,15:04:58.274000,10401,10402,10402,2
2019-08-28,15:04:58.275000,10401,10402,10402,2
2019-08-28,15:04:58.282000,10401,10402,10402,1
2019-08-28,15:04:58.283000,10401,10402,10402,5
2019-08-28,15:05:01.157000,10402,10403,10402,2
2019-08-28,15:05:01.457000,10402,10403,10402,1
2019-08-28,15:05:01.696000,10402,10403,10402,2
2019-08-28,15:05:01.733000,10402,10403,10402,2
2019-08-28,15:05:01.733000,10402,10403,10402,1
2019-08-28,15:05:01.733000,10402,10403,10402,1
2019-08-28,15:05:01.733000,10402,10403,10402,1
2019-08-28,15:05:01.829000,10401,10402,10401,1
2019-08-28,15:05:02.999000,10401,10402,10402,1
2019-08-28,15:05:04.682000,10401,10403,10403,2
2019-08-28,15:05:05.611000,10402,10403,10402,2
2019-08-28,15:05:06.474000,10402,10403,10402,5
2019-08-28,15:05:07.866000,10402,10403,10403,9
2019-08-28,15:05:07.943000,10402,10403,10402,1
2019-08-28,15:05:08.241000,10402,10403,10403,1
2019-08-28,15:05:08.603000,10402,10404,10402,2
2019-08-28,15:05:09.656000,10402,10404,10404,2
2019-08-28,15:05:13.959000,10403,10404,10404,1
2019-08-28,15:05:18.288000,10403,10404,10403,3
2019-08-28,15:05:19.497000,10403,10404,10404,2
2019-08-28,15:05:23.610000,10403,10404,10404,2
2019-08-28,15:05:27.702000,10403,10404,10404,1
2019-08-28,15:05:28.477000,10403,10404,10404,5
2019-08-28,15:05:29.138000,10403,10404,10404,1
2019-08-28,15:05:29.368000,10403,10404,10403,1
2019-08-28,15:05:31.732000,10403,10404,10404,3
2019-08-28,15:05:36.564000,10403,10404,10403,5
2019-08-28,15:05:38.073000,10403,10404,10403,5
2019-08-28,15:05:38.125000,10403,10404,10403,2
2019-08-28,15:05:53.202000,10402,10403,10403,1
2019-08-28,15:05:55.527000,10402,10403,10402,1
2019-08-28,15:06:01.385000,10402,10403,10402,1
2019-08-28,15:06:10.222000,10402,10403,10403,1
2019-08-28,15:06:10.287000,10402,10403,10403,1
2019-08-28,15:06:13.767000,10402,10403,10403,1
2019-08-28,15:06:15.333000,10402,10403,10403,1
2019-08-28,15:06:16.160000,10402,10403,10403,5
2019-08-28,15:06:25.335000,10402,10403,10403,1
2019-08-28,15:06:25.573000,10402,10403,10403,1
2019-08-28,15:06:32.037000,10402,10403,10402,4
2019-08-28,15:06:37.013000,10402,10403,10403,4
2019-08-28,15:06:43.644000,10403,10404,10404,1
2019-08-28,15:06:57.384000,10403,10404,10404,2
2019-08-28,15:06:58.435000,10403,10404,10404,1
2019-08-28,15:06:58.480000,10403,10404,10403,2
2019-08-28,15:07:02.629000,10403,10404,10403,1
2019-08-28,15:07:11.870000,10403,10404,10403,1
2019-08-28,15:07:15.743000,10403,10404,10403,1
2019-08-28,15:07:18.999000,10403,10404,10403,2
2019-08-28,15:07:23.101000,10403,10404,10404,1
2019-08-28,15:07:24.132000,10403,10404,10403,1
2019-08-28,15:07:26.876000,10403,10404,10403,30
2019-08-28,15:07:27.556000,10402,10403,10403,1
2019-08-28,15:07:29.588000,10403,10404,10403,1
2019-08-28,15:07:31.898000,10403,10404,10403,1
2019-08-28,15:07:33.688000,10402,10403,10403,4
2019-08-28,15:07:36.248000,10403,10404,10403,2
2019-08-28,15:07:36.248000,10403,10404,10403,7
2019-08-28,15:07:43.555000,10402,10403,10403,2
2019-08-28,15:07:43.677000,10402,10403,10403,1
2019-08-28,15:07:48.280000,10402,10403,10403,4
2019-08-28,15:08:00.125000,10402,10403,10403,1
2019-08-28,15:08:00.295000,10402,10403,10403,1
2019-08-28,15:08:01.623000,10402,10403,10403,1
2019-08-28,15:08:02.907000,10402,10403,10403,1
2019-08-28,15:08:04.453000,10402,10403,10403,1
2019-08-28,15:08:06.716000,10402,10403,10403,9
2019-08-28,15:08:09.498000,10403,10404,10403,1
2019-08-28,15:08:14.406000,10403,10404,10403,1
2019-08-28,15:08:17.269000,10403,10404,10404,1
2019-08-28,15:08:19.542000,10403,10404,10403,1
2019-08-28,15:08:20.669000,10403,10404,10403,1
2019-08-28,15:08:25.298000,10403,10404,10404,1
2019-08-28,15:08:42.845000,10403,10404,10404,5
2019-08-28,15:08:50.914000,10403,10404,10404,4
2019-08-28,15:08:55.601000,10403,10404,10404,1
2019-08-28,15:08:55.989000,10403,10404,10404,1
2019-08-28,15:08:58.054000,10403,10404,10404,2
2019-08-28,15:08:58.598000,10403,10404,10404,1
2019-08-28,15:08:58.782000,10403,10404,10403,1
2019-08-28,15:08:59.326000,10403,10404,10404,1
2019-08-28,15:09:08.470000,10403,10404,10403,2
2019-08-28,15:09:08.471000,10403,10404,10403,6
2019-08-28,15:09:08.471000,10403,10404,10403,1
2019-08-28,15:09:08.471000,10403,10404,10403,4
2019-08-28,15:09:08.471000,10403,10404,10403,1
2019-08-28,15:09:08.471000,10403,10404,10403,1
2019-08-28,15:09:08.842000,10402,10403,10403,1
2019-08-28,15:09:12.560000,10403,10404,10403,1
2019-08-28,15:09:15.977000,10402,10403,10403,1
2019-08-28,15:09:18.891000,10402,10403,10402,1
2019-08-28,15:09:18.936000,10402,10403,10402,1
2019-08-28,15:09:29.339000,10402,10403,10403,1
2019-08-28,15:09:36.823000,10402,10403,10402,1
2019-08-28,15:09:44.837000,10402,10403,10403,1
2019-08-28,15:09:50.373000,10402,10403,10403,1
2019-08-28,15:10:00.071000,10402,10403,10402,1
2019-08-28,15:10:00.116000,10402,10403,10402,5
2019-08-28,15:10:00.241000,10402,10403,10402,11
2019-08-28,15:10:01.601000,10402,10403,10402,1
2019-08-28,15:10:14.949000,10402,10403,10402,1
2019-08-28,15:10:16.773000,10402,10403,10402,1
2019-08-28,15:10:33.854000,10402,10403,10402,1
2019-08-28,15:10:35.652000,10402,10403,10402,5
2019-08-28,15:10:35.669000,10402,10403,10402,5
2019-08-28,15:10:35.680000,10402,10403,10402,5
2019-08-28,15:10:35.727000,10402,10403,10402,1
2019-08-28,15:10:41.196000,10402,10403,10402,2
2019-08-28,15:10:41.241000,10402,10403,10402,1
2019-08-28,15:10:43.372000,10402,10403,10402,1
2019-08-28,15:10:44.395000,10402,10403,10402,1
2019-08-28,15:10:53.818000,10402,10403,10403,1
2019-08-28,15:10:53.823000,10402,10403,10403,1
2019-08-28,15:10:58.024000,10402,10403,10403,1
2019-08-28,15:11:02.757000,10402,10403,10402,1
2019-08-28,15:11:05.063000,10402,10403,10403,1
2019-08-28,15:11:05.289000,10402,10403,10403,1
2019-08-28,15:11:12.844000,10402,10403,10403,1
2019-08-28,15:11:17.998000,10402,10403,10402,25
2019-08-28,15:11:18.116000,10402,10403,10402,5
2019-08-28,15:11:18.116000,10402,10403,10402,4
2019-08-28,15:11:18.158000,10402,10403,10402,1
2019-08-28,15:11:19.541000,10401,10402,10401,25
2019-08-28,15:11:19.775000,10401,10402,10401,1
2019-08-28,15:11:19.836000,10401,10402,10401,2
2019-08-28,15:11:19.959000,10401,10402,10401,17
2019-08-28,15:11:19.960000,10401,10402,10401,1
2019-08-28,15:11:19.960000,10401,10402,10401,1
2019-08-28,15:11:19.960000,10401,10402,10401,1
2019-08-28,15:11:19.991000,10401,10402,10401,3
2019-08-28,15:11:20.359000,10401,10402,10401,2
2019-08-28,15:11:20.359000,10401,10402,10401,3
2019-08-28,15:11:20.749000,10400,10401,10401,1
2019-08-28,15:11:23.078000,10400,10401,10400,4
2019-08-28,15:11:23.149000,10400,10401,10400,1
2019-08-28,15:11:23.913000,10400,10401,10400,1
2019-08-28,15:11:24.475000,10400,10401,10401,1
2019-08-28,15:11:25.107000,10400,10401,10401,1
2019-08-28,15:11:25.158000,10400,10401,10400,1
2019-08-28,15:11:26.158000,10400,10401,10401,1
2019-08-28,15:11:26.820000,10400,10401,10401,1
2019-08-28,15:11:27.158000,10400,10401,10401,2
2019-08-28,15:11:27.159000,10400,10401,10401,2
2019-08-28,15:11:27.159000,10400,10401,10401,1
2019-08-28,15:11:27.159000,10400,10401,10401,2
2019-08-28,15:11:28.190000,10401,10402,10402,1
2019-08-28,15:11:28.767000,10401,10402,10401,1
2019-08-28,15:11:31.631000,10401,10402,10401,1
2019-08-28,15:11:33.220000,10401,10402,10401,1
2019-08-28,15:11:33.326000,10401,10402,10401,6
2019-08-28,15:11:36.115000,10401,10402,10401,1
2019-08-28,15:11:36.545000,10401,10402,10401,25
2019-08-28,15:11:37.973000,10401,10402,10401,1
2019-08-28,15:11:39.022000,10401,10402,10401,1
2019-08-28,15:11:39.713000,10401,10402,10402,1
2019-08-28,15:11:40.632000,10401,10402,10402,1
2019-08-28,15:11:55.851000,10401,10402,10402,1
2019-08-28,15:11:58.570000,10401,10402,10401,20
2019-08-28,15:12:02.790000,10401,10402,10401,1
2019-08-28,15:12:02.901000,10401,10402,10402,1
2019-08-28,15:12:03.478000,10401,10402,10401,3
2019-08-28,15:12:04.017000,10401,10402,10401,1
2019-08-28,15:12:06.428000,10401,10402,10401,1
2019-08-28,15:12:10.522000,10400,10401,10401,1
2019-08-28,15:12:11.315000,10400,10401,10401,1
2019-08-28,15:12:13.302000,10400,10401,10401,3
2019-08-28,15:12:14.866000,10400,10401,10401,1
2019-08-28,15:12:17.749000,10401,10402,10401,1
2019-08-28,15:12:22.572000,10401,10402,10402,1
2019-08-28,15:12:24.782000,10401,10402,10401,1
2019-08-28,15:12:28.392000,10401,10402,10401,1
2019-08-28,15:12:33.920000,10401,10402,10401,1
2019-08-28,15:12:35.222000,10401,10402,10401,2
2019-08-28,15:12:36.403000,10401,10402,10401,1
2019-08-28,15:12:36.794000,10401,10402,10401,5
2019-08-28,15:12:36.794000,10401,10402,10400,15
2019-08-28,15:12:38.165000,10400,10401,10401,1
2019-08-28,15:12:42.724000,10400,10401,10401,1
2019-08-28,15:12:47.117000,10400,10401,10401,1
2019-08-28,15:12:50.565000,10400,10401,10401,1
2019-08-28,15:12:50.680000,10400,10401,10400,1
2019-08-28,15:12:51.369000,10400,10401,10400,1
2019-08-28,15:12:52.613000,10400,10401,10400,1
2019-08-28,15:12:54.530000,10400,10401,10400,1
2019-08-28,15:12:55.534000,10400,10401,10400,1
2019-08-28,15:12:58.613000,10400,10401,10401,1
2019-08-28,15:13:00.148000,10400,10401,10400,1
2019-08-28,15:13:00.776000,10400,10401,10400,1
2019-08-28,15:13:03.559000,10400,10401,10401,2
2019-08-28,15:13:05.521000,10400,10401,10401,2
2019-08-28,15:13:07.413000,10400,10401,10401,1
2019-08-28,15:13:10.939000,10400,10401,10400,2
2019-08-28,15:13:12.174000,10400,10401,10401,2
2019-08-28,15:13:15.579000,10400,10401,10401,4
2019-08-28,15:13:15.616000,10400,10401,10401,1
2019-08-28,15:13:17.595000,10401,10402,10401,2
2019-08-28,15:13:19.257000,10401,10402,10401,3
2019-08-28,15:13:22.197000,10400,10401,10400,1
2019-08-28,15:13:26.556000,10400,10401,10400,1
2019-08-28,15:13:31.590000,10400,10401,10400,2
2019-08-28,15:13:33.030000,10400,10401,10400,1
2019-08-28,15:13:34.121000,10400,10401,10400,1
2019-08-28,15:13:35.399000,10400,10401,10400,1
2019-08-28,15:13:38.417000,10400,10401,10400,2
2019-08-28,15:13:38.500000,10400,10401,10400,1
2019-08-28,15:13:38.836000,10400,10401,10400,5
2019-08-28,15:13:38.988000,10400,10401,10400,1
2019-08-28,15:13:38.988000,10400,10401,10400,1
2019-08-28,15:13:38.988000,10400,10401,10400,7
2019-08-28,15:13:38.988000,10400,10401,10400,2
2019-08-28,15:13:38.989000,10400,10401,10400,2
2019-08-28,15:13:42.310000,10399,10400,10400,4
2019-08-28,15:13:46.062000,10399,10400,10400,1
2019-08-28,15:13:52.186000,10399,10400,10400,1
2019-08-28,15:13:55.098000,10399,10400,10399,3
2019-08-28,15:14:02.868000,10399,10400,10399,1
2019-08-28,15:14:04.481000,10399,10400,10399,1
2019-08-28,15:14:05.270000,10399,10400,10399,1
2019-08-28,15:14:05.996000,10399,10400,10399,3
2019-08-28,15:14:06.251000,10399,10400,10399,1
2019-08-28,15:14:07.349000,10399,10400,10399,2
2019-08-28,15:14:09.153000,10399,10400,10399,10
2019-08-28,15:14:09.283000,10399,10400,10399,1
2019-08-28,15:14:09.285000,10399,10400,10399,1
2019-08-28,15:14:09.609000,10399,10400,10400,1
2019-08-28,15:14:10.498000,10399,10400,10399,1
2019-08-28,15:14:11.176000,10399,10400,10399,1
2019-08-28,15:14:12.656000,10399,10400,10399,5
2019-08-28,15:14:12.668000,10399,10400,10399,5
2019-08-28,15:14:12.677000,10399,10400,10399,5
2019-08-28,15:14:18.839000,10398,10399,10398,1
2019-08-28,15:14:19.438000,10398,10399,10398,1
2019-08-28,15:14:19.445000,10398,10399,10398,1
2019-08-28,15:14:19.455000,10398,10399,10398,1
2019-08-28,15:14:19.464000,10398,10399,10398,1
2019-08-28,15:14:19.472000,10398,10399,10398,1
2019-08-28,15:14:19.485000,10398,10399,10398,1
2019-08-28,15:14:19.677000,10398,10399,10398,2
2019-08-28,15:14:19.989000,10398,10399,10398,1
2019-08-28,15:14:20.002000,10398,10399,10398,1
2019-08-28,15:14:20.072000,10398,10399,10398,1
2019-08-28,15:14:21.369000,10398,10399,10398,1
2019-08-28,15:14:22.356000,10398,10399,10398,1
2019-08-28,15:14:24.940000,10398,10399,10398,1
2019-08-28,15:14:25.860000,10398,10399,10398,5
2019-08-28,15:14:26.792000,10398,10399,10399,1
2019-08-28,15:14:27.005000,10398,10399,10398,10
2019-08-28,15:14:27.473000,10398,10399,10398,6
2019-08-28,15:14:28.857000,10397,10398,10398,1
2019-08-28,15:14:29.588000,10397,10398,10398,1
2019-08-28,15:14:30.609000,10397,10399,10399,1
2019-08-28,15:14:33.123000,10398,10399,10398,1
2019-08-28,15:14:34.084000,10398,10399,10398,1
2019-08-28,15:14:34.234000,10398,10399,10399,1
2019-08-28,15:14:34.280000,10398,10399,10398,1
2019-08-28,15:14:39.163000,10398,10399,10398,1
2019-08-28,15:14:39.424000,10398,10399,10398,1
2019-08-28,15:14:39.458000,10398,10399,10399,1
2019-08-28,15:14:40.034000,10398,10399,10399,16
2019-08-28,15:14:40.498000,10399,10400,10399,1
2019-08-28,15:14:42.978000,10398,10400,10398,1
2019-08-28,15:14:46.506000,10398,10399,10399,1
2019-08-28,15:14:48.206000,10398,10399,10399,1
2019-08-28,15:14:58.216000,10398,10399,10399,4
2019-08-28,15:14:59.279000,10399,10400,10399,1
2019-08-28,15:15:00.850000,10399,10400,10399,2
2019-08-28,15:15:07.722000,10399,10400,10400,2
2019-08-28,15:15:11.699000,10399,10400,10400,2
2019-08-28,15:15:11.995000,10399,10400,10400,1
2019-08-28,15:15:13.282000,10399,10400,10399,2
2019-08-28,15:15:13.317000,10399,10400,10399,2
2019-08-28,15:15:13.321000,10399,10400,10399,2
2019-08-28,15:15:13.327000,10399,10400,10399,1
2019-08-28,15:15:14.185000,10398,10399,10399,1
2019-08-28,15:15:15.450000,10398,10399,10399,1
2019-08-28,15:15:16.112000,10398,10399,10399,1
2019-08-28,15:15:16.301000,10398,10399,10399,1
2019-08-28,15:15:16.332000,10398,10399,10399,1
2019-08-28,15:15:17.755000,10399,10400,10399,1
2019-08-28,15:15:20.894000,10399,10400,10399,1
2019-08-28,15:15:22.707000,10398,10399,10399,1
2019-08-28,15:15:31.157000,10398,10399,10398,1
2019-08-28,15:15:33.507000,10398,10399,10398,1
2019-08-28,15:15:37.965000,10398,10399,10398,12
2019-08-28,15:15:38.829000,10398,10399,10398,2
2019-08-28,15:15:42.046000,10398,10399,10398,2
2019-08-28,15:15:43.378000,10398,10399,10398,1
2019-08-28,15:15:44.820000,10398,10399,10398,1
2019-08-28,15:15:47.020000,10398,10399,10398,1
2019-08-28,15:15:49.198000,10398,10399,10398,2
2019-08-28,15:15:50.211000,10398,10399,10398,1
2019-08-28,15:15:56.994000,10397,10398,10397,1
2019-08-28,15:15:57.147000,10397,10398,10397,2
2019-08-28,15:15:57.370000,10397,10398,10397,1
2019-08-28,15:15:57.403000,10397,10398,10397,1
2019-08-28,15:16:02.145000,10397,10398,10398,1
2019-08-28,15:16:02.703000,10397,10398,10397,1
2019-08-28,15:16:03.007000,10397,10398,10397,2
2019-08-28,15:16:03.644000,10397,10398,10397,2
2019-08-28,15:16:04.531000,10397,10398,10397,1
2019-08-28,15:16:06.294000,10397,10398,10397,4
2019-08-28,15:16:07.757000,10397,10398,10397,1
2019-08-28,15:16:08.453000,10397,10398,10397,1
2019-08-28,15:16:09.328000,10397,10398,10397,1
2019-08-28,15:16:10.821000,10397,10398,10397,2
2019-08-28,15:16:11.212000,10397,10398,10397,3
2019-08-28,15:16:13.489000,10397,10398,10397,1
2019-08-28,15:16:14.825000,10397,10398,10397,2
2019-08-28,15:16:15.398000,10397,10398,10397,1
2019-08-28,15:16:16.029000,10397,10398,10397,1
2019-08-28,15:16:19.531000,10397,10398,10398,1
2019-08-28,15:16:19.866000,10397,10398,10397,1
2019-08-28,15:16:21.391000,10397,10398,10397,1
2019-08-28,15:16:21.689000,10397,10398,10397,1
2019-08-28,15:16:21.882000,10397,10398,10397,1
2019-08-28,15:16:24.848000,10397,10398,10397,1
2019-08-28,15:16:29.986000,10397,10398,10398,1
2019-08-28,15:16:30.116000,10397,10398,10398,22
2019-08-28,15:16:30.289000,10397,10399,10398,2
2019-08-28,15:16:30.435000,10397,10399,10398,1
2019-08-28,15:16:30.925000,10398,10399,10398,1
2019-08-28,15:16:31.798000,10398,10399,10398,1
2019-08-28,15:16:34.120000,10398,10399,10399,1
2019-08-28,15:16:34.178000,10398,10399,10398,3
2019-08-28,15:16:35.002000,10398,10399,10398,3
2019-08-28,15:16:36.051000,10398,10399,10399,5
2019-08-28,15:16:37.065000,10398,10399,10398,1
2019-08-28,15:16:41.535000,10398,10399,10399,1
2019-08-28,15:16:46.546000,10398,10399,10398,1
2019-08-28,15:16:48.792000,10398,10399,10398,4
2019-08-28,15:16:50.773000,10398,10399,10398,5
2019-08-28,15:16:51.214000,10398,10399,10399,1
2019-08-28,15:16:51.557000,10398,10399,10398,10
2019-08-28,15:16:53.122000,10398,10399,10399,5
2019-08-28,15:16:54.027000,10398,10399,10398,5
2019-08-28,15:16:55.405000,10398,10399,10399,1
2019-08-28,15:16:55.702000,10398,10399,10398,5
2019-08-28,15:16:56.337000,10398,10399,10398,5
2019-08-28,15:16:56.364000,10398,10399,10398,1
2019-08-28,15:16:56.524000,10397,10398,10397,1
2019-08-28,15:16:56.670000,10397,10398,10397,2
2019-08-28,15:16:56.785000,10397,10398,10397,2
2019-08-28,15:16:58.184000,10397,10398,10398,1
2019-08-28,15:17:06.991000,10397,10398,10398,9
2019-08-28,15:17:07.439000,10397,10399,10397,10
2019-08-28,15:17:07.515000,10397,10399,10397,6
2019-08-28,15:17:08.201000,10398,10399,10398,1
2019-08-28,15:17:08.778000,10398,10399,10398,3
2019-08-28,15:17:09.186000,10398,10399,10398,1
2019-08-28,15:17:09.667000,10398,10399,10398,1
2019-08-28,15:17:10.498000,10398,10399,10398,1
2019-08-28,15:17:14.526000,10398,10399,10398,1
2019-08-28,15:17:15.234000,10398,10399,10398,2
2019-08-28,15:17:16.809000,10398,10399,10398,1
2019-08-28,15:17:18.433000,10398,10399,10398,1
2019-08-28,15:17:23.715000,10397,10398,10398,7
2019-08-28,15:17:24.771000,10397,10399,10397,2
2019-08-28,15:17:26.164000,10397,10399,10398,1
2019-08-28,15:17:34.157000,10398,10399,10398,2
2019-08-28,15:17:36.506000,10398,10399,10398,5
2019-08-28,15:17:42.264000,10398,10399,10398,6
2019-08-28,15:17:45.479000,10398,10399,10398,1
2019-08-28,15:17:46.041000,10398,10399,10398,1
2019-08-28,15:17:50.225000,10398,10399,10398,1
2019-08-28,15:17:53.998000,10398,10399,10398,1
2019-08-28,15:18:01.582000,10398,10399,10398,1
2019-08-28,15:18:03.598000,10398,10399,10398,2
2019-08-28,15:18:07.825000,10398,10399,10398,2
2019-08-28,15:18:07.830000,10398,10399,10398,1
2019-08-28,15:18:12.314000,10398,10399,10399,1
2019-08-28,15:18:13.300000,10398,10399,10398,3
2019-08-28,15:18:14.583000,10398,10399,10398,1
2019-08-28,15:18:17.071000,10398,10399,10398,2
2019-08-28,15:18:19.621000,10398,10399,10399,11
2019-08-28,15:18:19.650000,10398,10399,10398,3
2019-08-28,15:18:30.873000,10399,10400,10399,5
2019-08-28,15:18:31.986000,10398,10400,10398,1
2019-08-28,15:18:32.180000,10398,10400,10398,1
2019-08-28,15:18:32.429000,10398,10400,10400,1
2019-08-28,15:18:33.688000,10398,10400,10400,3
2019-08-28,15:18:38.924000,10399,10400,10400,1
2019-08-28,15:18:46.323000,10399,10400,10399,1
2019-08-28,15:18:48.625000,10399,10400,10399,1
2019-08-28,15:19:02.241000,10399,10400,10400,15
2019-08-28,15:19:02.366000,10399,10400,10400,7
2019-08-28,15:19:02.369000,10399,10400,10400,2
2019-08-28,15:19:05.525000,10400,10401,10400,1
2019-08-28,15:19:10.841000,10400,10401,10400,1
2019-08-28,15:19:12.282000,10400,10401,10400,2
2019-08-28,15:19:16.083000,10399,10400,10400,1
2019-08-28,15:19:18.428000,10399,10400,10400,1
2019-08-28,15:19:18.843000,10400,10401,10400,2
2019-08-28,15:19:18.843000,10400,10401,10399,4
2019-08-28,15:19:18.999000,10399,10401,10401,1
2019-08-28,15:19:30.545000,10400,10401,10400,1
2019-08-28,15:19:36.991000,10400,10401,10400,1
2019-08-28,15:19:48.573000,10400,10401,10401,2
2019-08-28,15:19:51.731000,10400,10401,10400,1
2019-08-28,15:19:54.536000,10400,10401,10401,1
2019-08-28,15:20:00.786000,10400,10401,10401,1
2019-08-28,15:20:08.433000,10400,10401,10401,10
2019-08-28,15:20:08.903000,10400,10401,10400,3
2019-08-28,15:20:09.443000,10400,10401,10401,1
2019-08-28,15:20:17.100000,10400,10401,10401,1
2019-08-28,15:20:19.065000,10400,10401,10401,2
2019-08-28,15:20:19.066000,10400,10401,10401,1
2019-08-28,15:20:19.066000,10400,10401,10401,2
2019-08-28,15:20:19.068000,10400,10401,10401,2
2019-08-28,15:20:19.077000,10400,10401,10401,1
2019-08-28,15:20:19.077000,10400,10401,10401,1
2019-08-28,15:20:19.515000,10400,10402,10400,1
2019-08-28,15:20:23.430000,10401,10402,10401,1
2019-08-28,15:20:27.759000,10400,10402,10402,2
2019-08-28,15:20:27.881000,10400,10402,10401,1
2019-08-28,15:20:29.327000,10401,10402,10401,1
2019-08-28,15:20:29.370000,10400,10401,10401,1
2019-08-28,15:20:36.183000,10401,10402,10401,1
2019-08-28,15:20:43.356000,10401,10402,10401,3
2019-08-28,15:20:45.470000,10400,10401,10401,1
2019-08-28,15:20:56.738000,10401,10402,10401,1
2019-08-28,15:20:57.274000,10401,10402,10402,5
2019-08-28,15:21:01.200000,10401,10402,10402,1
2019-08-28,15:21:01.614000,10401,10402,10401,2
2019-08-28,15:21:01.638000,10401,10402,10401,2
2019-08-28,15:21:01.662000,10401,10402,10401,2
2019-08-28,15:21:05.374000,10401,10402,10402,1
2019-08-28,15:21:09.901000,10401,10402,10402,1
2019-08-28,15:21:11.790000,10401,10402,10402,1
2019-08-28,15:21:14.354000,10401,10402,10402,1
2019-08-28,15:21:14.369000,10401,10402,10401,6
2019-08-28,15:21:18.701000,10401,10402,10401,1
2019-08-28,15:21:27.702000,10401,10402,10401,1
2019-08-28,15:21:30.464000,10401,10402,10402,1
2019-08-28,15:21:32.509000,10401,10402,10402,2
2019-08-28,15:21:34.517000,10401,10402,10402,1
2019-08-28,15:21:36.309000,10401,10402,10402,5
2019-08-28,15:21:45.539000,10402,10403,10403,3
2019-08-28,15:21:45.783000,10402,10403,10403,2
2019-08-28,15:21:48.904000,10402,10403,10402,3
2019-08-28,15:21:48.904000,10402,10403,10401,4
2019-08-28,15:21:53.884000,10402,10403,10402,1
2019-08-28,15:21:58.650000,10402,10403,10402,1
2019-08-28,15:21:59.340000,10401,10403,10401,1
2019-08-28,15:22:01.723000,10401,10403,10401,2
2019-08-28,15:22:12.534000,10401,10402,10401,1
2019-08-28,15:22:22.436000,10401,10402,10402,5
2019-08-28,15:22:22.534000,10401,10402,10402,3
2019-08-28,15:22:27.451000,10402,10403,10402,6
2019-08-28,15:22:27.452000,10402,10403,10402,2
2019-08-28,15:22:27.741000,10401,10403,10401,2
2019-08-28,15:22:27.832000,10401,10403,10402,2
2019-08-28,15:22:29.980000,10402,10403,10402,1
2019-08-28,15:22:30.317000,10401,10402,10402,1
2019-08-28,15:23:09.104000,10402,10403,10403,1
2019-08-28,15:23:13.506000,10402,10403,10403,1
2019-08-28,15:23:27.337000,10402,10403,10403,4
2019-08-28,15:23:30.049000,10402,10403,10403,1
2019-08-28,15:23:34.711000,10402,10403,10403,1
2019-08-28,15:23:35.518000,10402,10403,10403,1
2019-08-28,15:23:37.677000,10402,10403,10403,10
2019-08-28,15:23:37.741000,10402,10403,10403,6
2019-08-28,15:23:38.487000,10402,10404,10404,5
2019-08-28,15:23:38.752000,10402,10404,10404,1
2019-08-28,15:23:40.447000,10403,10404,10403,1
2019-08-28,15:23:46.668000,10403,10404,10403,1
2019-08-28,15:23:56.460000,10403,10404,10403,1
2019-08-28,15:23:58.165000,10403,10404,10403,3
2019-08-28,15:24:01.748000,10403,10404,10403,1
2019-08-28,15:24:05.569000,10403,10404,10403,1
2019-08-28,15:24:05.754000,10403,10404,10403,1
2019-08-28,15:24:07.605000,10403,10404,10403,1
2019-08-28,15:24:22.337000,10403,10404,10404,1
2019-08-28,15:24:24.614000,10403,10404,10404,10
2019-08-28,15:24:26.804000,10403,10404,10404,18
2019-08-28,15:24:27.986000,10404,10405,10404,2
2019-08-28,15:24:31.825000,10404,10405,10404,2
2019-08-28,15:24:31.935000,10404,10405,10404,5
2019-08-28,15:24:34.248000,10404,10405,10404,2
2019-08-28,15:24:34.953000,10404,10405,10404,3
2019-08-28,15:24:35.372000,10403,10404,10403,1
2019-08-28,15:24:39.302000,10403,10404,10404,1
2019-08-28,15:24:55.789000,10403,10404,10404,7
2019-08-28,15:25:06.252000,10403,10404,10404,12
2019-08-28,15:25:07.498000,10403,10404,10404,2
2019-08-28,15:25:13.608000,10404,10405,10404,1
2019-08-28,15:25:23.034000,10404,10405,10404,1
2019-08-28,15:25:32.221000,10404,10405,10404,1
2019-08-28,15:25:44.737000,10404,10405,10405,1
2019-08-28,15:25:46.801000,10404,10405,10404,2
2019-08-28,15:25:52.099000,10404,10405,10404,2
2019-08-28,15:25:54.726000,10404,10405,10404,5
2019-08-28,15:25:55.266000,10404,10405,10404,1
2019-08-28,15:25:56.115000,10404,10405,10404,10
2019-08-28,15:25:56.862000,10403,10404,10404,5
2019-08-28,15:25:57.563000,10403,10404,10404,2
2019-08-28,15:26:01.954000,10403,10404,10404,8
2019-08-28,15:26:02.812000,10404,10405,10404,1
2019-08-28,15:26:04.306000,10404,10405,10404,1
2019-08-28,15:26:04.432000,10404,10405,10405,6
2019-08-28,15:26:13.659000,10404,10405,10404,10
2019-08-28,15:26:20.043000,10403,10404,10404,5
2019-08-28,15:26:21.162000,10404,10405,10404,1
2019-08-28,15:26:28.299000,10403,10404,10404,1
2019-08-28,15:26:32.760000,10404,10405,10404,1
2019-08-28,15:26:43.180000,10404,10405,10405,1
2019-08-28,15:26:48.280000,10404,10405,10405,3
2019-08-28,15:26:52.107000,10404,10405,10405,4
2019-08-28,15:26:52.290000,10404,10405,10405,1
2019-08-28,15:27:08.075000,10404,10405,10404,5
2019-08-28,15:27:08.880000,10404,10405,10404,6
2019-08-28,15:27:09.540000,10404,10405,10405,5
2019-08-28,15:27:13.367000,10403,10405,10405,3
2019-08-28,15:27:18.790000,10404,10405,10404,1
2019-08-28,15:27:21.631000,10403,10404,10404,1
2019-08-28,15:27:23.182000,10403,10404,10403,1
2019-08-28,15:27:28.635000,10403,10404,10403,2
2019-08-28,15:27:45.423000,10403,10404,10403,3
2019-08-28,15:28:19.745000,10403,10404,10403,1
2019-08-28,15:29:00.788000,10403,10404,10404,1
2019-08-28,15:29:32.006000,10403,10404,10403,4
2019-08-28,15:29:40.365000,10403,10404,10404,24
2019-08-28,15:29:41.294000,10404,10405,10405,4
2019-08-28,15:29:41.366000,10404,10405,10405,8
2019-08-28,15:29:41.629000,10404,10405,10405,2
2019-08-28,15:29:41.630000,10404,10405,10405,2
2019-08-28,15:29:41.630000,10404,10405,10405,1
2019-08-28,15:29:41.631000,10404,10405,10405,2
2019-08-28,15:29:41.631000,10404,10405,10405,1
2019-08-28,15:29:41.632000,10404,10405,10405,3
2019-08-28,15:29:41.670000,10404,10405,10405,1
2019-08-28,15:29:41.670000,10404,10405,10405,3
2019-08-28,15:29:41.671000,10404,10405,10405,3
2019-08-28,15:29:46.296000,10404,10405,10405,39
2019-08-28,15:29:47.526000,10405,10406,10406,7
2019-08-28,15:29:47.526000,10405,10406,10406,4
2019-08-28,15:29:55.391000,10406,10407,10407,2
2019-08-28,15:29:56.149000,10406,10407,10407,1
2019-08-28,15:29:56.750000,10406,10407,10407,1
2019-08-28,15:30:01.074000,10406,10407,10406,2
2019-08-28,15:30:01.074000,10406,10407,10406,1
2019-08-28,15:30:02.169000,10405,10406,10406,2
2019-08-28,15:30:02.253000,10406,10407,10406,1
2019-08-28,15:30:02.314000,10406,10407,10406,2
2019-08-28,15:30:03.798000,10406,10407,10406,1
2019-08-28,15:30:05.099000,10406,10407,10406,1
2019-08-28,15:30:05.293000,10406,10407,10406,1
2019-08-28,15:30:05.293000,10406,10407,10406,1
2019-08-28,15:30:07.248000,10405,10406,10405,1
2019-08-28,15:30:09.089000,10405,10406,10406,1
2019-08-28,15:30:14.305000,10405,10406,10406,3
2019-08-28,15:30:16.642000,10406,10407,10406,3
2019-08-28,15:30:20.685000,10405,10406,10406,1
2019-08-28,15:30:20.949000,10405,10406,10406,1
2019-08-28,15:30:21.548000,10405,10406,10406,3
2019-08-28,15:30:26.576000,10406,10407,10406,1
2019-08-28,15:30:27.036000,10406,10407,10406,1
2019-08-28,15:30:27.735000,10406,10407,10407,1
2019-08-28,15:30:30.653000,10406,10407,10407,1
2019-08-28,15:30:31.254000,10406,10407,10406,5
2019-08-28,15:30:31.600000,10405,10407,10407,1
2019-08-28,15:30:35.439000,10406,10407,10406,1
2019-08-28,15:30:37.470000,10406,10407,10406,1
2019-08-28,15:30:38.057000,10406,10407,10407,1
2019-08-28,15:30:40.541000,10406,10407,10407,1
2019-08-28,15:30:46.954000,10406,10407,10407,3
2019-08-28,15:30:47.548000,10406,10407,10407,1
2019-08-28,15:30:53.683000,10406,10407,10406,1
2019-08-28,15:30:53.741000,10406,10407,10406,10
2019-08-28,15:30:53.826000,10406,10407,10405,5
2019-08-28,15:30:57.869000,10405,10406,10406,5
2019-08-28,15:31:00.378000,10405,10406,10406,1
2019-08-28,15:31:01.202000,10405,10406,10406,1
2019-08-28,15:31:09.168000,10406,10407,10406,1
2019-08-28,15:31:10.664000,10406,10407,10406,1
2019-08-28,15:31:12.531000,10406,10407,10406,1
2019-08-28,15:31:16.353000,10406,10407,10406,1
2019-08-28,15:31:17.173000,10406,10407,10406,9
2019-08-28,15:31:17.173000,10406,10407,10405,55
2019-08-28,15:31:17.191000,10406,10407,10405,1
2019-08-28,15:31:17.241000,10405,10406,10405,3
2019-08-28,15:31:17.241000,10405,10406,10405,2
2019-08-28,15:31:17.241000,10405,10406,10405,2
2019-08-28,15:31:17.242000,10405,10406,10405,2
2019-08-28,15:31:17.294000,10405,10406,10404,47
2019-08-28,15:31:17.366000,10403,10404,10404,1
2019-08-28,15:31:17.491000,10403,10404,10404,2
2019-08-28,15:31:18.840000,10403,10404,10403,1
2019-08-28,15:31:25.155000,10403,10404,10403,1
2019-08-28,15:31:31.924000,10403,10404,10403,1
2019-08-28,15:31:36.817000,10403,10404,10403,1
2019-08-28,15:31:39.585000,10403,10404,10404,1
2019-08-28,15:31:42.237000,10403,10404,10404,1
2019-08-28,15:31:44.549000,10403,10404,10403,2
2019-08-28,15:32:00.884000,10403,10404,10403,1
2019-08-28,15:32:01.991000,10403,10404,10403,47
2019-08-28,15:32:09.876000,10402,10403,10402,18
2019-08-28,15:32:09.991000,10402,10403,10402,14
2019-08-28,15:32:09.991000,10402,10403,10402,1
2019-08-28,15:32:09.991000,10402,10403,10402,2
2019-08-28,15:32:10.230000,10401,10403,10402,1
2019-08-28,15:32:14.277000,10401,10402,10402,6
2019-08-28,15:32:16.693000,10401,10402,10402,2
2019-08-28,15:32:18.176000,10401,10402,10401,4
2019-08-28,15:32:21.274000,10401,10402,10402,4
2019-08-28,15:32:22.656000,10402,10403,10402,14
2019-08-28,15:32:22.991000,10402,10403,10402,1
2019-08-28,15:32:25.033000,10402,10403,10402,1
2019-08-28,15:32:25.730000,10402,10403,10402,6
2019-08-28,15:32:26.013000,10402,10403,10402,10
2019-08-28,15:32:26.089000,10402,10403,10402,1
2019-08-28,15:32:26.117000,10401,10402,10402,8
2019-08-28,15:32:29.057000,10401,10403,10403,1
2019-08-28,15:32:34.993000,10401,10403,10401,4
2019-08-28,15:32:35.412000,10401,10403,10401,1
2019-08-28,15:32:37.920000,10401,10403,10403,1
2019-08-28,15:32:46.761000,10402,10403,10403,16
2019-08-28,15:32:49.708000,10402,10403,10403,2
2019-08-28,15:32:57.987000,10402,10403,10403,1
2019-08-28,15:33:00.838000,10402,10403,10403,1
2019-08-28,15:33:17.839000,10402,10403,10403,5
2019-08-28,15:33:22.182000,10402,10403,10403,1
2019-08-28,15:33:24.492000,10402,10403,10403,1
2019-08-28,15:33:25.134000,10402,10403,10403,1
2019-08-28,15:33:26.016000,10402,10403,10403,1
2019-08-28,15:33:52.582000,10403,10404,10403,1
2019-08-28,15:33:55.688000,10403,10404,10403,1
2019-08-28,15:34:04.376000,10403,10404,10403,1
2019-08-28,15:34:05.755000,10403,10404,10403,1
2019-08-28,15:34:23.636000,10403,10404,10404,1
2019-08-28,15:34:37.162000,10403,10404,10404,1
2019-08-28,15:34:39.352000,10403,10404,10404,2
2019-08-28,15:34:48.839000,10404,10405,10404,1
2019-08-28,15:34:48.839000,10404,10405,10404,5
2019-08-28,15:35:24.814000,10403,10404,10403,1
2019-08-28,15:35:24.814000,10403,10404,10403,4
2019-08-28,15:35:24.814000,10403,10404,10403,1
2019-08-28,15:35:24.814000,10403,10404,10403,2
2019-08-28,15:35:24.815000,10403,10404,10403,2
2019-08-28,15:35:24.815000,10403,10404,10403,4
2019-08-28,15:35:24.815000,10403,10404,10403,2
2019-08-28,15:35:24.815000,10403,10404,10403,2
2019-08-28,15:35:27.228000,10402,10403,10403,1
2019-08-28,15:35:31.736000,10402,10403,10402,1
2019-08-28,15:35:50.327000,10402,10403,10403,1
2019-08-28,15:36:17.065000,10402,10403,10402,8
2019-08-28,15:36:17.116000,10402,10403,10402,2
2019-08-28,15:36:22.385000,10401,10402,10401,4
2019-08-28,15:36:22.797000,10401,10402,10401,1
2019-08-28,15:36:22.798000,10401,10402,10401,1
2019-08-28,15:36:22.803000,10401,10402,10401,1
2019-08-28,15:36:37.851000,10401,10402,10401,1
2019-08-28,15:36:39.968000,10401,10402,10401,8
2019-08-28,15:36:43.952000,10401,10402,10401,1
2019-08-28,15:36:45.566000,10401,10402,10401,1
2019-08-28,15:36:48.294000,10401,10402,10401,8
2019-08-28,15:36:50.028000,10401,10402,10401,1
2019-08-28,15:36:50.072000,10401,10402,10401,1
2019-08-28,15:36:50.373000,10401,10402,10401,1
2019-08-28,15:36:55.501000,10401,10402,10401,1
2019-08-28,15:36:58.132000,10401,10402,10401,1
2019-08-28,15:37:05.051000,10401,10402,10401,1
2019-08-28,15:37:08.373000,10401,10402,10401,12
2019-08-28,15:37:13.452000,10400,10401,10400,1
2019-08-28,15:37:13.522000,10400,10401,10400,1
2019-08-28,15:37:13.823000,10400,10401,10401,1
2019-08-28,15:37:23.519000,10400,10401,10401,1
2019-08-28,15:37:28.012000,10400,10401,10401,1
2019-08-28,15:37:28.358000,10400,10401,10401,1
2019-08-28,15:37:33.907000,10400,10401,10400,1
2019-08-28,15:37:40.108000,10400,10401,10400,1
2019-08-28,15:37:44.113000,10400,10401,10400,2
2019-08-28,15:37:52.352000,10400,10401,10401,1
2019-08-28,15:37:54.748000,10400,10401,10400,1
2019-08-28,15:37:55.579000,10400,10401,10400,1
2019-08-28,15:38:05.429000,10400,10401,10400,5
2019-08-28,15:38:06.095000,10400,10401,10400,1
2019-08-28,15:38:09.007000,10400,10401,10400,2
2019-08-28,15:38:10.419000,10400,10401,10400,2
2019-08-28,15:38:17.079000,10400,10401,10400,1
2019-08-28,15:38:20.968000,10400,10401,10400,1
2019-08-28,15:38:25.056000,10400,10401,10400,1
2019-08-28,15:38:27.333000,10400,10401,10401,1
2019-08-28,15:38:30.039000,10400,10401,10401,5
2019-08-28,15:38:30.039000,10400,10401,10401,2
2019-08-28,15:38:30.039000,10400,10401,10401,1
2019-08-28,15:38:30.039000,10400,10401,10401,6
2019-08-28,15:38:49.350000,10401,10402,10402,2
2019-08-28,15:38:49.350000,10401,10402,10402,7
2019-08-28,15:39:06.584000,10401,10403,10403,1
2019-08-28,15:39:17.014000,10401,10402,10402,1
2019-08-28,15:39:17.027000,10401,10402,10402,1
2019-08-28,15:39:18.723000,10401,10402,10402,1
2019-08-28,15:39:20.606000,10401,10402,10402,1
2019-08-28,15:39:25.019000,10401,10402,10402,1
2019-08-28,15:39:30.546000,10401,10402,10402,2
2019-08-28,15:39:30.998000,10401,10402,10402,2
2019-08-28,15:39:37.171000,10401,10402,10402,1
2019-08-28,15:39:49.416000,10402,10403,10402,1
2019-08-28,15:39:49.416000,10402,10403,10402,2
2019-08-28,15:39:49.416000,10402,10403,10402,1
2019-08-28,15:39:49.416000,10402,10403,10402,1
2019-08-28,15:40:18.698000,10402,10403,10403,3
2019-08-28,15:40:29.677000,10402,10403,10402,11
2019-08-28,15:40:29.708000,10402,10403,10402,1
2019-08-28,15:40:44.071000,10401,10402,10402,2
2019-08-28,15:40:44.661000,10401,10402,10401,1
2019-08-28,15:40:48.161000,10401,10402,10402,2
2019-08-28,15:40:54.871000,10401,10402,10402,1
2019-08-28,15:41:19.888000,10401,10402,10402,1
2019-08-28,15:41:27.418000,10402,10403,10402,3
2019-08-28,15:41:59.118000,10402,10403,10402,2
2019-08-28,15:41:59.154000,10402,10403,10402,1
2019-08-28,15:42:17.201000,10401,10402,10402,3
2019-08-28,15:42:38.496000,10401,10402,10402,1
2019-08-28,15:42:55.849000,10401,10402,10402,2
2019-08-28,15:43:06.757000,10401,10402,10402,1
2019-08-28,15:43:17.274000,10401,10402,10402,1
2019-08-28,15:43:19.333000,10401,10402,10402,1
2019-08-28,15:43:43.827000,10402,10403,10402,1
2019-08-28,15:43:51.419000,10402,10403,10402,1
2019-08-28,15:43:51.419000,10402,10403,10401,9
2019-08-28,15:43:51.818000,10401,10403,10401,1
2019-08-28,15:43:51.820000,10401,10403,10401,1
2019-08-28,15:43:51.848000,10401,10403,10401,1
2019-08-28,15:44:20.067000,10401,10402,10402,1
2019-08-28,15:44:20.408000,10401,10402,10401,1
2019-08-28,15:44:32.502000,10401,10402,10402,1
2019-08-28,15:45:16.322000,10401,10402,10401,10
2019-08-28,15:45:16.658000,10401,10402,10401,2
2019-08-28,15:45:16.672000,10401,10402,10401,2
2019-08-28,15:45:16.892000,10401,10402,10401,2
2019-08-28,15:45:26.072000,10401,10402,10401,1
2019-08-28,15:45:33.097000,10401,10402,10401,2
2019-08-28,15:46:11.866000,10400,10401,10400,18
2019-08-28,15:46:12.286000,10400,10401,10400,4
2019-08-28,15:46:12.888000,10400,10401,10400,2
2019-08-28,15:46:16.860000,10400,10401,10400,1
2019-08-28,15:46:16.860000,10400,10401,10400,1
2019-08-28,15:46:18.251000,10399,10400,10400,1
2019-08-28,15:46:18.294000,10399,10400,10400,3
2019-08-28,15:46:21.032000,10399,10400,10400,1
2019-08-28,15:46:29.575000,10399,10400,10400,1
2019-08-28,15:46:30.087000,10399,10400,10400,1
2019-08-28,15:46:33.304000,10399,10400,10400,1
2019-08-28,15:46:34.237000,10399,10400,10399,1
2019-08-28,15:46:35.732000,10399,10400,10399,1
2019-08-28,15:46:47.864000,10399,10400,10399,1
2019-08-28,15:46:48.958000,10399,10400,10399,3
2019-08-28,15:46:51.806000,10399,10400,10399,1
2019-08-28,15:46:51.913000,10399,10400,10399,1
2019-08-28,15:46:54.155000,10399,10400,10399,1
2019-08-28,15:46:54.296000,10399,10400,10399,1
2019-08-28,15:46:56.213000,10399,10400,10399,1
2019-08-28,15:47:08.886000,10399,10400,10399,1
2019-08-28,15:47:11.104000,10399,10400,10399,2
2019-08-28,15:47:11.631000,10399,10400,10400,1
2019-08-28,15:47:12.418000,10399,10400,10399,12
2019-08-28,15:47:14.492000,10399,10400,10399,1
2019-08-28,15:47:16.391000,10399,10400,10399,1
2019-08-28,15:47:16.428000,10399,10400,10399,1
2019-08-28,15:47:17.478000,10399,10400,10399,2
2019-08-28,15:47:18.912000,10399,10400,10399,1
2019-08-28,15:47:29.408000,10399,10400,10399,7
2019-08-28,15:47:32.413000,10398,10399,10399,1
2019-08-28,15:47:44.511000,10398,10399,10399,10
2019-08-28,15:47:46.866000,10399,10400,10399,1
2019-08-28,15:47:48.160000,10399,10400,10399,1
2019-08-28,15:47:48.420000,10399,10400,10399,1
2019-08-28,15:47:57.011000,10399,10400,10399,2
2019-08-28,15:47:57.728000,10398,10399,10399,1
2019-08-28,15:48:01.496000,10398,10399,10399,1
2019-08-28,15:48:01.496000,10398,10399,10399,1
2019-08-28,15:48:01.496000,10398,10399,10399,1
2019-08-28,15:48:01.851000,10399,10400,10399,2
2019-08-28,15:48:01.931000,10399,10400,10399,2
2019-08-28,15:48:04.254000,10399,10400,10399,1
2019-08-28,15:48:05.025000,10399,10400,10399,1
2019-08-28,15:48:14.259000,10399,10400,10399,1
2019-08-28,15:48:21.484000,10399,10400,10399,1
2019-08-28,15:48:25.294000,10399,10400,10399,1
2019-08-28,15:48:27.221000,10399,10400,10399,1
2019-08-28,15:48:27.641000,10399,10400,10399,1
2019-08-28,15:48:27.829000,10399,10400,10399,1
2019-08-28,15:48:28.329000,10399,10400,10399,1
2019-08-28,15:48:32.954000,10399,10400,10399,1
2019-08-28,15:48:42.023000,10399,10400,10399,3
2019-08-28,15:48:55.756000,10399,10400,10400,1
2019-08-28,15:49:03.310000,10399,10400,10399,1
2019-08-28,15:49:10.610000,10399,10400,10399,1
2019-08-28,15:49:15.118000,10399,10400,10399,16
2019-08-28,15:49:20.728000,10399,10400,10399,1
2019-08-28,15:49:28.238000,10399,10400,10399,1
2019-08-28,15:49:30.062000,10399,10400,10399,1
2019-08-28,15:49:53.451000,10399,10400,10399,1
2019-08-28,15:49:54.966000,10399,10400,10399,1
2019-08-28,15:49:57.619000,10399,10400,10400,2
2019-08-28,15:49:57.741000,10399,10400,10400,11
2019-08-28,15:50:02.445000,10400,10401,10400,2
2019-08-28,15:50:36.757000,10400,10401,10401,2
2019-08-28,15:50:38.547000,10400,10401,10401,2
2019-08-28,15:50:40.411000,10400,10401,10401,1
2019-08-28,15:50:53.028000,10400,10401,10401,1
2019-08-28,15:51:01.501000,10400,10401,10400,1
2019-08-28,15:51:02.206000,10400,10401,10401,1
2019-08-28,15:51:03.226000,10400,10401,10400,3
2019-08-28,15:51:12.163000,10400,10401,10400,1
2019-08-28,15:51:16.469000,10400,10401,10401,1
2019-08-28,15:51:28.882000,10400,10401,10401,1
2019-08-28,15:51:29.227000,10400,10401,10401,1
2019-08-28,15:51:29.228000,10400,10401,10401,1
2019-08-28,15:51:29.241000,10400,10401,10401,1
2019-08-28,15:51:56.357000,10401,10402,10402,2
2019-08-28,15:52:08.153000,10401,10402,10402,1
2019-08-28,15:52:10.411000,10401,10402,10402,1
2019-08-28,15:52:10.556000,10401,10402,10402,3
2019-08-28,15:52:10.699000,10401,10402,10402,2
2019-08-28,15:52:13.866000,10401,10402,10402,1
2019-08-28,15:52:20.504000,10401,10402,10402,1
2019-08-28,15:52:25.788000,10402,10403,10402,1
2019-08-28,15:52:26.643000,10402,10403,10402,2
2019-08-28,15:52:30.337000,10402,10403,10402,1
2019-08-28,15:52:31.962000,10402,10403,10402,1
2019-08-28,15:52:31.962000,10402,10403,10402,1
2019-08-28,15:52:31.962000,10402,10403,10402,1
2019-08-28,15:52:38.171000,10401,10402,10401,3
2019-08-28,15:52:39.911000,10401,10402,10401,1
2019-08-28,15:52:39.991000,10401,10402,10401,2
2019-08-28,15:52:47.536000,10401,10402,10401,2
2019-08-28,15:53:26.068000,10401,10402,10401,2
2019-08-28,15:53:50.557000,10401,10402,10401,2
2019-08-28,15:54:13.572000,10400,10401,10401,1
2019-08-28,15:54:16.987000,10400,10401,10401,1
2019-08-28,15:54:37.246000,10400,10401,10401,2
2019-08-28,15:54:50.048000,10400,10401,10401,8
2019-08-28,15:54:58.368000,10401,10402,10401,2
2019-08-28,15:55:00.792000,10401,10402,10402,1
2019-08-28,15:55:21.690000,10401,10402,10402,1
2019-08-28,15:55:30.742000,10401,10402,10402,1
2019-08-28,15:55:57.831000,10401,10402,10401,1
2019-08-28,15:56:00.853000,10401,10402,10401,1
2019-08-28,15:56:02.197000,10401,10402,10401,1
2019-08-28,15:56:07.491000,10401,10402,10401,2
2019-08-28,15:56:07.616000,10401,10402,10401,11
2019-08-28,15:56:38.155000,10400,10401,10400,1
2019-08-28,15:56:39.781000,10400,10401,10400,1
2019-08-28,15:56:44.092000,10400,10401,10400,1
2019-08-28,15:56:46.585000,10400,10401,10400,1
2019-08-28,15:56:51.488000,10400,10401,10401,10
2019-08-28,15:56:59.164000,10400,10401,10401,1
2019-08-28,15:57:00.850000,10400,10401,10401,1
2019-08-28,15:57:03.246000,10400,10401,10400,2
2019-08-28,15:57:04.162000,10400,10401,10401,1
2019-08-28,15:57:06.874000,10400,10401,10400,1
2019-08-28,15:57:22.129000,10400,10401,10400,1
2019-08-28,15:57:38.143000,10400,10401,10401,4
2019-08-28,15:57:38.241000,10401,10402,10401,1
2019-08-28,15:57:38.491000,10401,10402,10401,4
2019-08-28,15:57:47.247000,10400,10401,10401,1
2019-08-28,15:57:58.665000,10400,10401,10400,1
2019-08-28,15:58:07.800000,10400,10401,10401,2
2019-08-28,15:58:21.781000,10400,10401,10401,2
2019-08-28,15:58:25.663000,10400,10401,10401,2
2019-08-28,15:58:32.617000,10400,10401,10400,1
2019-08-28,15:58:32.618000,10400,10401,10400,2
2019-08-28,15:58:32.618000,10400,10401,10400,1
2019-08-28,15:58:47.660000,10400,10401,10401,1
2019-08-28,15:59:32.529000,10400,10401,10401,2
2019-08-28,15:59:46.618000,10400,10401,10401,1
2019-08-28,15:59:46.991000,10400,10401,10401,4
2019-08-28,15:59:46.991000,10400,10401,10401,3
2019-08-28,15:59:46.991000,10400,10401,10401,2
2019-08-28,15:59:49.200000,10401,10402,10401,1
2019-08-28,15:59:58.916000,10401,10402,10402,6
2019-08-28,15:59:58.991000,10401,10402,10402,4
2019-08-28,16:00:09.652000,10401,10402,10402,2
2019-08-28,16:00:15.997000,10401,10402,10402,1
2019-08-28,16:00:16.974000,10401,10402,10402,7
2019-08-28,16:00:21.292000,10401,10402,10402,1
2019-08-28,16:00:27.568000,10401,10402,10402,1
2019-08-28,16:00:30.099000,10401,10402,10402,1
2019-08-28,16:00:33.683000,10401,10402,10402,1
2019-08-28,16:00:36.222000,10401,10402,10402,1
2019-08-28,16:00:36.241000,10402,10403,10402,2
2019-08-28,16:00:42.616000,10402,10403,10402,2
2019-08-28,16:00:43.131000,10401,10402,10402,2
2019-08-28,16:00:58.778000,10401,10402,10401,13
2019-08-28,16:01:09.984000,10400,10401,10401,1
2019-08-28,16:01:19.191000,10400,10401,10400,5
2019-08-28,16:01:19.241000,10400,10401,10400,14
2019-08-28,16:01:19.366000,10400,10401,10400,3
2019-08-28,16:01:46.304000,10399,10400,10399,1
2019-08-28,16:01:56.338000,10399,10400,10399,1
2019-08-28,16:02:03.167000,10399,10400,10399,5
2019-08-28,16:02:03.436000,10399,10400,10399,1
2019-08-28,16:02:05.238000,10399,10400,10399,1
2019-08-28,16:02:06.830000,10399,10400,10399,1
2019-08-28,16:02:08.586000,10399,10400,10399,1
2019-08-28,16:02:09.247000,10399,10400,10399,5
2019-08-28,16:02:10.396000,10399,10400,10399,1
2019-08-28,16:02:24.919000,10399,10400,10399,1
2019-08-28,16:02:26.359000,10399,10400,10400,2
2019-08-28,16:02:36.164000,10399,10400,10399,2
2019-08-28,16:02:39.019000,10399,10400,10400,1
2019-08-28,16:02:45.385000,10399,10400,10400,1
2019-08-28,16:02:46.572000,10399,10400,10400,1
2019-08-28,16:02:51.438000,10399,10400,10400,2
2019-08-28,16:02:56.947000,10399,10400,10400,1
2019-08-28,16:02:56.947000,10399,10400,10400,1
2019-08-28,16:02:56.948000,10399,10400,10400,3
2019-08-28,16:03:00.936000,10400,10401,10400,8
2019-08-28,16:03:03.698000,10399,10400,10400,1
2019-08-28,16:03:17.029000,10399,10400,10400,1
2019-08-28,16:03:18.994000,10400,10401,10400,1
2019-08-28,16:03:28.427000,10400,10401,10400,1
2019-08-28,16:03:54.830000,10400,10401,10401,3
2019-08-28,16:04:01.573000,10400,10401,10401,7
2019-08-28,16:04:06.271000,10401,10402,10401,1
2019-08-28,16:04:08.723000,10400,10401,10401,1
2019-08-28,16:04:35.686000,10400,10401,10401,5
2019-08-28,16:04:40.159000,10400,10401,10401,1
2019-08-28,16:04:52.067000,10401,10402,10402,1
2019-08-28,16:05:15.179000,10401,10402,10401,1
2019-08-28,16:05:29.741000,10401,10402,10402,4
2019-08-28,16:05:29.779000,10401,10402,10402,1
2019-08-28,16:05:29.779000,10401,10402,10402,1
2019-08-28,16:05:29.779000,10401,10402,10402,1
2019-08-28,16:05:29.779000,10401,10402,10402,2
2019-08-28,16:05:38.503000,10402,10403,10402,2
2019-08-28,16:05:39.553000,10402,10403,10403,2
2019-08-28,16:05:39.553000,10402,10403,10403,3
2019-08-28,16:05:39.565000,10402,10403,10403,2
2019-08-28,16:05:39.571000,10402,10403,10403,2
2019-08-28,16:05:39.571000,10402,10403,10403,9
2019-08-28,16:05:39.572000,10402,10403,10403,6
2019-08-28,16:05:39.572000,10402,10403,10403,2
2019-08-28,16:05:39.572000,10402,10403,10403,2
2019-08-28,16:05:39.586000,10402,10403,10403,2
2019-08-28,16:05:39.587000,10402,10403,10403,1
2019-08-28,16:05:39.588000,10402,10403,10403,2
2019-08-28,16:05:39.593000,10402,10403,10403,2
2019-08-28,16:05:39.862000,10403,10404,10404,17
2019-08-28,16:05:39.862000,10403,10404,10404,2
2019-08-28,16:05:40.113000,10404,10405,10404,2
2019-08-28,16:05:40.115000,10404,10405,10404,2
2019-08-28,16:05:40.115000,10404,10405,10404,2
2019-08-28,16:05:40.116000,10404,10405,10404,2
2019-08-28,16:05:42.770000,10404,10405,10405,8
2019-08-28,16:05:42.770000,10404,10405,10405,7
2019-08-28,16:05:42.770000,10404,10405,10405,7
2019-08-28,16:05:42.770000,10404,10405,10405,8
2019-08-28,16:05:42.771000,10404,10405,10405,2
2019-08-28,16:05:42.771000,10404,10405,10405,1
2019-08-28,16:05:42.771000,10404,10405,10405,1
2019-08-28,16:05:42.771000,10404,10405,10405,4
2019-08-28,16:05:42.771000,10404,10405,10405,2
2019-08-28,16:05:42.771000,10404,10405,10405,1
2019-08-28,16:05:42.771000,10404,10405,10405,2
2019-08-28,16:05:42.772000,10404,10405,10405,2
2019-08-28,16:05:42.772000,10404,10405,10405,2
2019-08-28,16:05:42.772000,10404,10405,10405,3
2019-08-28,16:05:42.867000,10405,10406,10406,18
2019-08-28,16:05:42.867000,10405,10406,10406,6
2019-08-28,16:05:43.400000,10406,10407,10407,2
2019-08-28,16:05:43.455000,10406,10407,10407,1
2019-08-28,16:05:43.742000,10406,10407,10406,1
2019-08-28,16:05:43.742000,10406,10407,10406,1
2019-08-28,16:05:43.742000,10406,10407,10406,6
2019-08-28,16:05:44.299000,10406,10407,10407,1
2019-08-28,16:05:46.440000,10406,10407,10406,2
2019-08-28,16:05:46.440000,10406,10407,10406,1
2019-08-28,16:05:46.440000,10406,10407,10406,1
2019-08-28,16:05:46.440000,10406,10407,10406,1
2019-08-28,16:05:46.440000,10406,10407,10406,10
2019-08-28,16:05:46.741000,10405,10406,10406,1
2019-08-28,16:05:48.701000,10406,10407,10407,16
2019-08-28,16:05:49.561000,10406,10407,10407,1
2019-08-28,16:05:49.562000,10406,10407,10407,2
2019-08-28,16:05:49.616000,10406,10407,10407,12
2019-08-28,16:05:51.462000,10406,10407,10406,1
2019-08-28,16:05:52.561000,10406,10407,10406,1
2019-08-28,16:05:54.080000,10405,10407,10407,2
2019-08-28,16:05:55.532000,10405,10406,10406,5
2019-08-28,16:05:59.514000,10405,10406,10406,1
2019-08-28,16:06:01.231000,10405,10407,10407,10
2019-08-28,16:06:04.306000,10406,10407,10406,1
2019-08-28,16:06:06.078000,10406,10407,10407,1
2019-08-28,16:06:11.051000,10406,10407,10407,3
2019-08-28,16:06:12.960000,10406,10407,10406,5
2019-08-28,16:06:12.960000,10406,10407,10406,1
2019-08-28,16:06:12.965000,10406,10407,10406,3
2019-08-28,16:06:18.018000,10405,10406,10405,2
2019-08-28,16:06:18.932000,10404,10405,10405,1
2019-08-28,16:06:26.731000,10404,10405,10404,1
2019-08-28,16:06:27.795000,10404,10405,10405,1
2019-08-28,16:06:33.354000,10405,10406,10406,1
2019-08-28,16:06:41.032000,10405,10406,10406,1
2019-08-28,16:06:41.339000,10405,10406,10406,1
2019-08-28,16:06:42.102000,10405,10406,10406,1
2019-08-28,16:06:42.983000,10405,10406,10406,3
2019-08-28,16:06:44.204000,10405,10406,10406,2
2019-08-28,16:06:47.070000,10405,10406,10406,5
2019-08-28,16:06:47.070000,10405,10406,10406,3
2019-08-28,16:06:47.070000,10405,10406,10406,2
2019-08-28,16:06:47.070000,10405,10406,10406,1
2019-08-28,16:06:49.508000,10406,10407,10406,1
2019-08-28,16:06:51.206000,10406,10407,10406,1
2019-08-28,16:06:52.455000,10406,10407,10407,1
2019-08-28,16:06:53.779000,10406,10407,10407,2
2019-08-28,16:06:54.728000,10406,10407,10407,2
2019-08-28,16:06:55.109000,10406,10407,10407,2
2019-08-28,16:06:55.866000,10406,10407,10406,1
2019-08-28,16:06:57.190000,10406,10407,10407,2
2019-08-28,16:06:58.562000,10406,10407,10406,1
2019-08-28,16:06:59.507000,10406,10407,10407,1
2019-08-28,16:07:04.018000,10406,10407,10407,2
2019-08-28,16:07:06.452000,10406,10407,10407,1
2019-08-28,16:07:06.737000,10406,10407,10407,1
2019-08-28,16:07:07.528000,10406,10407,10407,11
2019-08-28,16:07:15.287000,10407,10408,10407,1
2019-08-28,16:07:18.132000,10407,10408,10407,1
2019-08-28,16:07:20.498000,10407,10408,10407,1
2019-08-28,16:07:23.906000,10407,10408,10407,1
2019-08-28,16:07:28.044000,10407,10408,10408,1
2019-08-28,16:07:28.146000,10407,10408,10408,1
2019-08-28,16:07:28.174000,10407,10408,10408,1
2019-08-28,16:07:28.214000,10407,10408,10408,5
2019-08-28,16:07:28.316000,10407,10408,10408,1
2019-08-28,16:07:28.620000,10407,10408,10408,1
2019-08-28,16:07:28.948000,10407,10408,10408,1
2019-08-28,16:07:29.374000,10407,10408,10408,2
2019-08-28,16:07:29.375000,10407,10408,10408,7
2019-08-28,16:07:29.375000,10407,10408,10408,1
2019-08-28,16:07:29.375000,10407,10408,10408,2
2019-08-28,16:07:29.375000,10407,10408,10408,2
2019-08-28,16:07:29.375000,10407,10408,10408,3
2019-08-28,16:07:29.375000,10407,10408,10408,1
2019-08-28,16:07:29.375000,10407,10408,10408,1
2019-08-28,16:07:29.375000,10407,10408,10408,1
2019-08-28,16:07:29.375000,10407,10408,10408,1
2019-08-28,16:07:29.416000,10407,10408,10409,1
2019-08-28,16:07:30.053000,10408,10409,10408,1
2019-08-28,16:07:31.291000,10408,10409,10408,1
2019-08-28,16:07:33.752000,10408,10409,10409,5
2019-08-28,16:07:33.866000,10408,10409,10409,2
2019-08-28,16:07:33.928000,10408,10409,10409,2
2019-08-28,16:07:33.928000,10408,10409,10409,23
2019-08-28,16:07:36.309000,10409,10410,10410,1
2019-08-28,16:07:36.341000,10409,10410,10409,1
2019-08-28,16:07:36.355000,10409,10410,10409,2
2019-08-28,16:07:37.457000,10409,10410,10409,1
2019-08-28,16:07:38.125000,10409,10410,10410,6
2019-08-28,16:07:38.264000,10409,10410,10410,1
2019-08-28,16:07:38.268000,10409,10410,10410,2
2019-08-28,16:07:38.855000,10409,10410,10409,1
2019-08-28,16:07:40.799000,10409,10410,10409,1
2019-08-28,16:07:41.690000,10409,10410,10410,4
2019-08-28,16:07:41.715000,10409,10410,10409,1
2019-08-28,16:07:41.871000,10409,10410,10410,1
2019-08-28,16:07:43.269000,10409,10410,10410,5
2019-08-28,16:07:43.581000,10409,10410,10409,15
2019-08-28,16:07:43.849000,10409,10410,10410,1
2019-08-28,16:07:43.956000,10409,10410,10410,1
2019-08-28,16:07:44.070000,10409,10410,10410,4
2019-08-28,16:07:44.697000,10410,10411,10410,5
2019-08-28,16:07:46.106000,10410,10411,10410,1
2019-08-28,16:07:46.107000,10410,10411,10410,1
2019-08-28,16:07:46.316000,10409,10410,10410,1
2019-08-28,16:07:46.483000,10409,10410,10410,2
2019-08-28,16:07:46.519000,10409,10410,10410,2
2019-08-28,16:07:48.338000,10409,10410,10410,1
2019-08-28,16:07:49.844000,10409,10410,10410,2
2019-08-28,16:07:50.991000,10409,10410,10409,6
2019-08-28,16:07:58.758000,10408,10409,10409,1
2019-08-28,16:07:59.148000,10408,10409,10408,1
2019-08-28,16:07:59.148000,10408,10409,10408,2
2019-08-28,16:07:59.568000,10407,10408,10408,1
2019-08-28,16:07:59.629000,10407,10408,10408,1
2019-08-28,16:08:00.353000,10407,10408,10408,1
2019-08-28,16:08:00.659000,10407,10408,10408,1
2019-08-28,16:08:00.741000,10407,10408,10408,1
2019-08-28,16:08:00.778000,10407,10408,10408,1
2019-08-28,16:08:02.213000,10407,10408,10408,1
2019-08-28,16:08:03.048000,10407,10408,10408,1
2019-08-28,16:08:06.097000,10407,10408,10408,1
2019-08-28,16:08:06.457000,10408,10409,10409,1
2019-08-28,16:08:09.120000,10408,10409,10408,1
2019-08-28,16:08:09.477000,10407,10408,10408,1
2019-08-28,16:08:11.488000,10407,10408,10408,5
2019-08-28,16:08:13.718000,10407,10408,10408,5
2019-08-28,16:08:14.585000,10407,10408,10408,3
2019-08-28,16:08:14.585000,10407,10408,10409,2
2019-08-28,16:08:20.416000,10408,10409,10409,1
2019-08-28,16:08:20.793000,10408,10409,10409,4
2019-08-28,16:08:23.553000,10408,10409,10408,1
2019-08-28,16:08:24.529000,10407,10409,10407,1
2019-08-28,16:08:30.879000,10408,10409,10408,2
2019-08-28,16:08:30.991000,10408,10409,10408,1
2019-08-28,16:08:33.955000,10408,10409,10408,1
2019-08-28,16:08:34,10407,10408,10408,1
2019-08-28,16:08:36.976000,10407,10408,10407,1
2019-08-28,16:08:39.813000,10407,10408,10408,1
2019-08-28,16:08:40.814000,10407,10408,10408,1
2019-08-28,16:08:43.256000,10407,10408,10408,2
2019-08-28,16:08:47.421000,10407,10408,10408,1
2019-08-28,16:08:47.874000,10407,10408,10407,1
2019-08-28,16:08:47.905000,10407,10408,10408,1
2019-08-28,16:08:48.355000,10407,10408,10408,1
2019-08-28,16:08:49.096000,10407,10408,10408,1
2019-08-28,16:08:49.898000,10407,10408,10408,1
2019-08-28,16:08:50.697000,10407,10408,10408,1
2019-08-28,16:08:53.335000,10407,10408,10408,1
2019-08-28,16:08:53.543000,10407,10408,10408,1
2019-08-28,16:08:54.008000,10407,10408,10408,1
2019-08-28,16:08:54.728000,10407,10408,10408,1
2019-08-28,16:08:57.054000,10408,10409,10408,1
2019-08-28,16:08:59.566000,10408,10409,10408,1
2019-08-28,16:09:03.288000,10407,10408,10408,2
2019-08-28,16:09:18.782000,10407,10408,10407,22
2019-08-28,16:09:18.866000,10407,10408,10407,5
2019-08-28,16:09:19.841000,10406,10407,10406,1
2019-08-28,16:09:20.491000,10406,10407,10407,2
2019-08-28,16:09:34.031000,10406,10407,10407,1
2019-08-28,16:09:39.469000,10406,10407,10407,1
2019-08-28,16:09:40.671000,10406,10407,10407,1
2019-08-28,16:09:41.260000,10406,10407,10407,1
2019-08-28,16:09:46.451000,10407,10408,10407,1
2019-08-28,16:09:47.604000,10407,10408,10407,1
2019-08-28,16:09:51.566000,10407,10408,10407,2
2019-08-28,16:09:51.597000,10407,10408,10407,1
2019-08-28,16:09:54.088000,10407,10408,10407,1
2019-08-28,16:09:54.242000,10407,10408,10407,6
2019-08-28,16:09:59.889000,10406,10407,10407,1
2019-08-28,16:10:12.158000,10406,10407,10407,1
2019-08-28,16:10:12.593000,10406,10407,10407,1
2019-08-28,16:10:13.193000,10406,10407,10407,1
2019-08-28,16:10:30.320000,10406,10407,10407,1
2019-08-28,16:10:35.366000,10406,10407,10407,1
2019-08-28,16:10:36.952000,10406,10407,10407,2
2019-08-28,16:10:41.116000,10406,10407,10407,2
2019-08-28,16:10:51.423000,10406,10407,10407,2
2019-08-28,16:11:10.890000,10407,10408,10407,1
2019-08-28,16:11:14.718000,10407,10408,10407,1
2019-08-28,16:11:16.627000,10407,10408,10407,3
2019-08-28,16:11:17.031000,10407,10408,10408,1
2019-08-28,16:11:21.107000,10407,10408,10407,1
2019-08-28,16:11:25.654000,10407,10408,10407,1
2019-08-28,16:11:29.837000,10407,10408,10407,1
2019-08-28,16:11:30.025000,10407,10408,10408,1
2019-08-28,16:11:40.137000,10407,10408,10407,1
2019-08-28,16:11:50.694000,10407,10408,10408,1
2019-08-28,16:12:00.964000,10407,10408,10407,7
2019-08-28,16:12:00.991000,10407,10408,10407,2
2019-08-28,16:12:01.119000,10406,10407,10407,1
2019-08-28,16:12:07.457000,10406,10407,10407,5
2019-08-28,16:12:07.529000,10406,10408,10408,5
2019-08-28,16:12:12.868000,10407,10408,10407,1
2019-08-28,16:12:14.949000,10407,10408,10407,1
2019-08-28,16:12:22.540000,10406,10407,10407,1
2019-08-28,16:12:29.219000,10406,10407,10407,2
2019-08-28,16:12:29.220000,10406,10407,10407,5
2019-08-28,16:12:29.220000,10406,10407,10407,1
2019-08-28,16:12:38.513000,10406,10407,10406,3
2019-08-28,16:12:42.090000,10406,10407,10407,1
2019-08-28,16:12:50.429000,10406,10407,10407,4
2019-08-28,16:12:51.233000,10406,10407,10406,5
2019-08-28,16:12:51.245000,10406,10407,10406,1
2019-08-28,16:13:10.628000,10406,10407,10407,1
2019-08-28,16:13:16.207000,10406,10407,10407,1
2019-08-28,16:13:16.207000,10406,10407,10407,2
2019-08-28,16:13:16.207000,10406,10407,10407,1
2019-08-28,16:13:30.508000,10407,10408,10407,2
2019-08-28,16:13:37.440000,10407,10408,10407,3
2019-08-28,16:13:45.793000,10406,10408,10408,1
2019-08-28,16:13:51.238000,10407,10408,10407,3
2019-08-28,16:14:15.880000,10407,10408,10407,1
2019-08-28,16:14:19.564000,10407,10408,10407,1
2019-08-28,16:14:20.360000,10407,10408,10407,3
2019-08-28,16:14:20.763000,10406,10407,10407,2
2019-08-28,16:14:23.796000,10406,10407,10407,1
2019-08-28,16:14:24.762000,10407,10408,10407,3
2019-08-28,16:14:25.605000,10406,10407,10407,1
2019-08-28,16:14:30.882000,10406,10407,10407,1
2019-08-28,16:14:41.031000,10406,10407,10407,2
2019-08-28,16:15:04.836000,10406,10407,10407,1
2019-08-28,16:15:04.836000,10406,10407,10407,3
2019-08-28,16:15:28.580000,10407,10408,10407,1
2019-08-28,16:15:32.610000,10407,10408,10407,1
2019-08-28,16:16:03.481000,10407,10408,10407,1
2019-08-28,16:16:43.195000,10407,10408,10407,15
2019-08-28,16:16:43.195000,10407,10408,10407,2
2019-08-28,16:16:43.241000,10407,10408,10407,3
2019-08-28,16:16:43.241000,10407,10408,10407,2
2019-08-28,16:16:43.241000,10407,10408,10407,1
2019-08-28,16:16:43.241000,10407,10408,10407,3
2019-08-28,16:16:54.940000,10406,10407,10407,1
2019-08-28,16:17:02.906000,10406,10407,10407,1
2019-08-28,16:17:05.313000,10406,10407,10407,1
2019-08-28,16:17:09.087000,10406,10408,10407,1
2019-08-28,16:17:11.027000,10407,10408,10407,1
2019-08-28,16:17:11.458000,10407,10408,10408,15
2019-08-28,16:17:11.491000,10407,10408,10408,10
2019-08-28,16:17:15.430000,10408,10409,10409,4
2019-08-28,16:17:39.393000,10408,10409,10408,2
2019-08-28,16:17:40.687000,10408,10409,10409,1
2019-08-28,16:17:41.590000,10408,10409,10408,2
2019-08-28,16:18:03.456000,10408,10409,10409,4
2019-08-28,16:18:03.754000,10408,10409,10409,2
2019-08-28,16:18:03.870000,10408,10409,10409,2
2019-08-28,16:18:05.750000,10408,10409,10409,1
2019-08-28,16:18:06.224000,10408,10409,10409,1
2019-08-28,16:18:07.786000,10408,10409,10408,1
2019-08-28,16:18:08.594000,10408,10409,10409,1
2019-08-28,16:18:09.449000,10408,10409,10408,1
2019-08-28,16:18:12.894000,10408,10409,10409,1
2019-08-28,16:18:36.894000,10408,10409,10409,4
2019-08-28,16:18:37.287000,10408,10409,10409,5
2019-08-28,16:18:48.883000,10408,10409,10409,1
2019-08-28,16:18:49.464000,10408,10409,10409,1
2019-08-28,16:18:51.044000,10408,10409,10409,2
2019-08-28,16:18:54.359000,10408,10409,10409,10
2019-08-28,16:19:06.586000,10409,10410,10409,6
2019-08-28,16:19:08.026000,10408,10409,10409,1
2019-08-28,16:19:14.241000,10408,10409,10409,3
2019-08-28,16:19:14.498000,10409,10410,10409,1
2019-08-28,16:19:26.915000,10408,10409,10409,2
2019-08-28,16:19:31.754000,10408,10409,10409,1
2019-08-28,16:19:36.699000,10408,10409,10409,1
2019-08-28,16:19:37.330000,10408,10409,10409,5
2019-08-28,16:19:41.464000,10409,10410,10409,1
2019-08-28,16:19:43.703000,10409,10410,10409,1
2019-08-28,16:19:45.124000,10409,10410,10409,1
2019-08-28,16:19:45.438000,10409,10410,10410,4
2019-08-28,16:19:45.449000,10409,10410,10409,1
2019-08-28,16:19:56.218000,10409,10410,10409,5
2019-08-28,16:19:58.954000,10409,10410,10409,1
2019-08-28,16:20:03.667000,10409,10410,10410,1
2019-08-28,16:20:04.228000,10409,10410,10409,2
2019-08-28,16:20:04.262000,10409,10410,10409,2
2019-08-28,16:20:12.781000,10409,10410,10410,5
2019-08-28,16:20:25.129000,10409,10410,10410,2
2019-08-28,16:20:25.655000,10409,10410,10410,4
2019-08-28,16:20:31.763000,10409,10410,10410,1
2019-08-28,16:20:39.111000,10409,10410,10410,5
2019-08-28,16:20:39.880000,10409,10410,10410,2
2019-08-28,16:20:58.222000,10410,10411,10410,5
2019-08-28,16:20:59.655000,10409,10410,10410,1
2019-08-28,16:21:01.217000,10409,10410,10410,2
2019-08-28,16:21:04.855000,10409,10410,10410,2
2019-08-28,16:21:09.493000,10409,10410,10410,1
2019-08-28,16:21:10.814000,10409,10410,10410,2
2019-08-28,16:21:13.486000,10409,10410,10410,4
2019-08-28,16:21:22.136000,10410,10411,10410,1
2019-08-28,16:21:24.435000,10410,10411,10410,2
2019-08-28,16:21:30.883000,10410,10411,10410,1
2019-08-28,16:21:32.737000,10410,10411,10410,1
2019-08-28,16:21:44.163000,10410,10411,10410,19
2019-08-28,16:21:45.419000,10409,10410,10410,1
2019-08-28,16:21:53.380000,10409,10410,10410,1
2019-08-28,16:22:00.788000,10409,10410,10410,1
2019-08-28,16:22:07.961000,10409,10410,10410,14
2019-08-28,16:22:16.971000,10410,10411,10410,3
2019-08-28,16:22:25.385000,10410,10411,10410,3
2019-08-28,16:22:26.199000,10410,10411,10410,1
2019-08-28,16:22:28.852000,10409,10410,10410,1
2019-08-28,16:22:29.717000,10409,10410,10410,1
2019-08-28,16:22:34.186000,10410,10411,10410,1
2019-08-28,16:22:42.807000,10409,10410,10410,1
2019-08-28,16:22:49.661000,10409,10410,10410,1
2019-08-28,16:22:51.303000,10410,10411,10410,1
2019-08-28,16:22:51.306000,10410,10411,10410,1
2019-08-28,16:22:53.616000,10410,10411,10410,1
2019-08-28,16:22:53.741000,10410,10411,10410,1
2019-08-28,16:23:02.485000,10410,10411,10410,1
2019-08-28,16:23:05.965000,10410,10411,10410,1
2019-08-28,16:23:16.825000,10409,10410,10410,1
2019-08-28,16:23:19.411000,10409,10410,10410,1
2019-08-28,16:23:26.792000,10409,10410,10410,1
2019-08-28,16:23:46.002000,10409,10410,10410,2
2019-08-28,16:23:47.160000,10409,10410,10410,1
2019-08-28,16:23:47.806000,10409,10410,10410,1
2019-08-28,16:23:52.544000,10409,10410,10410,1
2019-08-28,16:24:12.676000,10409,10410,10409,2
2019-08-28,16:24:13.006000,10409,10410,10409,1
2019-08-28,16:24:17.815000,10409,10410,10410,6
2019-08-28,16:24:19.487000,10409,10410,10409,1
2019-08-28,16:24:20.732000,10409,10410,10409,1
2019-08-28,16:24:32.885000,10409,10410,10409,1
2019-08-28,16:24:35.953000,10409,10410,10409,5
2019-08-28,16:24:43.572000,10409,10410,10409,1
2019-08-28,16:24:58.274000,10409,10410,10409,1
2019-08-28,16:25:06.434000,10409,10410,10409,1
2019-08-28,16:25:09.852000,10409,10410,10409,1
2019-08-28,16:25:15.491000,10409,10410,10409,9
2019-08-28,16:25:15.616000,10409,10410,10409,7
2019-08-28,16:25:37.050000,10409,10410,10409,1
2019-08-28,16:25:53.609000,10409,10410,10409,8
2019-08-28,16:26:05.301000,10408,10409,10409,2
2019-08-28,16:26:16.281000,10408,10409,10409,2
2019-08-28,16:26:21.826000,10408,10409,10409,2
2019-08-28,16:26:32.252000,10408,10409,10409,6
2019-08-28,16:26:32.366000,10408,10409,10409,4
2019-08-28,16:26:49.295000,10408,10410,10408,1
2019-08-28,16:26:56.803000,10409,10410,10409,1
2019-08-28,16:27:14.113000,10409,10410,10409,1
2019-08-28,16:27:21.866000,10409,10410,10410,18
2019-08-28,16:27:21.991000,10409,10410,10410,17
2019-08-28,16:27:35.168000,10410,10411,10411,1
2019-08-28,16:27:35.344000,10410,10411,10411,1
2019-08-28,16:27:35.348000,10410,10411,10410,1
2019-08-28,16:27:48.416000,10410,10411,10410,1
2019-08-28,16:28:05.428000,10410,10411,10411,5
2019-08-28,16:28:07.205000,10410,10411,10410,1
2019-08-28,16:28:10.686000,10410,10411,10410,15
2019-08-28,16:28:11.093000,10409,10410,10410,2
2019-08-28,16:28:16.336000,10409,10410,10410,1
2019-08-28,16:28:49.877000,10409,10410,10409,1
2019-08-28,16:28:51.195000,10409,10410,10410,3
2019-08-28,16:29:23.478000,10409,10410,10410,1
2019-08-28,16:29:39.823000,10409,10410,10410,1
2019-08-28,16:30:07.060000,10409,10410,10410,10
2019-08-28,16:30:23.741000,10410,10411,10411,9
2019-08-28,16:30:23.866000,10410,10411,10411,7
2019-08-28,16:30:27.994000,10411,10412,10412,1
2019-08-28,16:30:28.468000,10411,10412,10412,1
2019-08-28,16:30:29.068000,10411,10412,10412,1
2019-08-28,16:30:29.524000,10411,10412,10412,1
2019-08-28,16:30:30.033000,10411,10412,10412,1
2019-08-28,16:30:32.224000,10411,10412,10412,1
2019-08-28,16:30:34.232000,10411,10412,10412,20
2019-08-28,16:30:36.010000,10411,10412,10412,3
2019-08-28,16:30:37.632000,10411,10412,10412,10
2019-08-28,16:30:38.329000,10411,10412,10412,5
2019-08-28,16:30:38.398000,10411,10413,10413,1
2019-08-28,16:30:38.517000,10411,10413,10413,1
2019-08-28,16:30:38.535000,10411,10413,10413,2
2019-08-28,16:30:38.879000,10412,10413,10413,6
2019-08-28,16:30:38.885000,10412,10413,10413,5
2019-08-28,16:30:38.909000,10412,10413,10413,10
2019-08-28,16:30:38.922000,10412,10413,10413,7
2019-08-28,16:30:38.934000,10412,10413,10413,6
2019-08-28,16:30:38.937000,10412,10413,10413,8
2019-08-28,16:30:38.991000,10412,10413,10413,6
2019-08-28,16:30:38.991000,10412,10413,10413,1
2019-08-28,16:30:38.991000,10412,10413,10413,1
2019-08-28,16:30:38.991000,10412,10413,10413,2
2019-08-28,16:30:38.991000,10412,10413,10413,2
2019-08-28,16:30:40.763000,10412,10413,10413,2
2019-08-28,16:30:41.066000,10412,10414,10413,1
2019-08-28,16:30:41.076000,10412,10414,10413,1
2019-08-28,16:30:43.541000,10412,10413,10413,1
2019-08-28,16:30:43.974000,10413,10414,10414,1
2019-08-28,16:30:44.010000,10413,10414,10414,5
2019-08-28,16:30:44.025000,10413,10414,10414,1
2019-08-28,16:30:48.411000,10413,10414,10414,1
2019-08-28,16:30:48.839000,10413,10414,10414,1
2019-08-28,16:30:57.657000,10413,10414,10414,1
2019-08-28,16:30:58.153000,10413,10414,10413,2
2019-08-28,16:30:58.395000,10413,10414,10413,2
2019-08-28,16:30:58.396000,10413,10414,10413,2
2019-08-28,16:30:58.412000,10413,10414,10413,1
2019-08-28,16:31:14.336000,10412,10413,10412,1
2019-08-28,16:31:16.231000,10412,10413,10412,1
2019-08-28,16:31:16.232000,10412,10413,10412,3
2019-08-28,16:31:16.232000,10412,10413,10412,1
2019-08-28,16:31:23.072000,10411,10412,10411,6
2019-08-28,16:31:23.073000,10411,10412,10410,1
2019-08-28,16:31:23.531000,10410,10411,10410,1
2019-08-28,16:31:34.066000,10410,10411,10410,3
2019-08-28,16:31:40.177000,10409,10410,10410,5
2019-08-28,16:31:47.582000,10409,10410,10410,5
2019-08-28,16:31:48.996000,10409,10410,10410,2
2019-08-28,16:32:15.806000,10410,10411,10410,2
2019-08-28,16:32:20.209000,10410,10411,10410,3
2019-08-28,16:32:25.214000,10409,10410,10410,1
2019-08-28,16:32:25.214000,10409,10410,10411,4
2019-08-28,16:32:39.906000,10409,10411,10411,5
2019-08-28,16:32:53.766000,10409,10410,10410,1
2019-08-28,16:33:07.558000,10410,10411,10410,1
2019-08-28,16:33:16.750000,10410,10411,10410,1
2019-08-28,16:33:31.041000,10410,10411,10411,5
2019-08-28,16:33:31.041000,10410,10411,10411,2
2019-08-28,16:33:32.500000,10411,10412,10411,1
2019-08-28,16:33:48.573000,10411,10412,10412,2
2019-08-28,16:33:50.207000,10411,10412,10412,1
2019-08-28,16:33:53.918000,10411,10412,10412,1
2019-08-28,16:33:54.389000,10411,10412,10412,1
2019-08-28,16:33:54.766000,10411,10412,10412,2
2019-08-28,16:33:58.131000,10411,10412,10412,4
2019-08-28,16:34:01.986000,10412,10413,10412,2
2019-08-28,16:34:03.862000,10412,10413,10412,1
2019-08-28,16:34:04.114000,10412,10413,10412,2
2019-08-28,16:34:04.434000,10411,10412,10411,1
2019-08-28,16:34:09.592000,10411,10412,10412,1
2019-08-28,16:34:16.223000,10411,10412,10411,1
2019-08-28,16:34:21.637000,10411,10412,10411,5
2019-08-28,16:34:21.637000,10411,10412,10411,3
2019-08-28,16:34:56.094000,10410,10412,10412,2
2019-08-28,16:35:27.320000,10410,10412,10410,1
2019-08-28,16:35:27.583000,10410,10412,10412,2
2019-08-28,16:35:27.731000,10410,10412,10412,2
2019-08-28,16:35:30.231000,10410,10411,10410,2
2019-08-28,16:35:30.361000,10410,10411,10410,2
2019-08-28,16:35:30.361000,10410,10411,10410,3
2019-08-28,16:35:30.361000,10410,10411,10410,10
2019-08-28,16:35:51.410000,10409,10410,10409,2
2019-08-28,16:35:51.430000,10409,10410,10409,2
2019-08-28,16:35:51.491000,10409,10410,10409,7
2019-08-28,16:35:57.133000,10408,10409,10408,1
2019-08-28,16:36:00.718000,10408,10409,10409,1
2019-08-28,16:36:03.141000,10408,10409,10409,1
2019-08-28,16:36:22.687000,10408,10409,10408,1
2019-08-28,16:36:25.578000,10408,10409,10408,1
2019-08-28,16:36:26.509000,10408,10409,10408,3
2019-08-28,16:36:27.278000,10408,10409,10408,1
2019-08-28,16:36:28.937000,10408,10409,10408,1
2019-08-28,16:36:33.852000,10408,10409,10408,2
2019-08-28,16:36:38.878000,10408,10409,10408,2
2019-08-28,16:36:38.880000,10408,10409,10408,13
2019-08-28,16:36:38.889000,10408,10409,10408,1
2019-08-28,16:36:40.477000,10407,10408,10408,2
2019-08-28,16:36:52.740000,10407,10408,10408,3
2019-08-28,16:36:58.816000,10407,10408,10407,1
2019-08-28,16:37:03.516000,10407,10408,10408,7
2019-08-28,16:37:19.220000,10408,10409,10409,1
2019-08-28,16:37:59.335000,10408,10409,10408,1
2019-08-28,16:38:09.439000,10408,10409,10409,1
2019-08-28,16:38:12.393000,10408,10409,10408,2
2019-08-28,16:38:20.872000,10407,10408,10408,1
2019-08-28,16:38:38.038000,10407,10408,10407,1
2019-08-28,16:38:38.038000,10407,10408,10407,1
2019-08-28,16:38:38.041000,10407,10408,10407,1
2019-08-28,16:38:38.042000,10407,10408,10407,2
2019-08-28,16:38:38.042000,10407,10408,10407,5
2019-08-28,16:38:38.055000,10407,10408,10407,7
2019-08-28,16:39:06.227000,10406,10407,10407,1
2019-08-28,16:39:15.008000,10406,10407,10406,1
2019-08-28,16:39:15.009000,10406,10407,10406,1
2019-08-28,16:39:15.009000,10406,10407,10406,8
2019-08-28,16:39:15.116000,10406,10407,10406,6
2019-08-28,16:39:15.116000,10406,10407,10406,3
2019-08-28,16:39:15.116000,10406,10407,10406,3
2019-08-28,16:39:15.116000,10406,10407,10406,1
2019-08-28,16:39:15.181000,10406,10407,10405,2
2019-08-28,16:39:17.371000,10405,10406,10405,3
2019-08-28,16:39:17.371000,10405,10406,10405,2
2019-08-28,16:39:17.372000,10405,10406,10405,3
2019-08-28,16:39:17.410000,10405,10406,10405,1
2019-08-28,16:39:17.491000,10405,10406,10405,5
2019-08-28,16:39:18.762000,10405,10406,10405,1
2019-08-28,16:39:19.763000,10405,10406,10405,1
2019-08-28,16:39:19.763000,10405,10406,10405,1
2019-08-28,16:39:19.765000,10405,10406,10405,10
2019-08-28,16:39:20.367000,10404,10405,10404,1
2019-08-28,16:39:20.556000,10404,10405,10404,1
2019-08-28,16:39:20.663000,10404,10405,10404,3
2019-08-28,16:39:20.812000,10404,10405,10404,1
2019-08-28,16:39:20.950000,10404,10405,10405,1
2019-08-28,16:39:21.133000,10404,10405,10404,5
2019-08-28,16:39:21.562000,10403,10405,10405,1
2019-08-28,16:39:21.681000,10403,10405,10404,1
2019-08-28,16:39:23.009000,10403,10404,10403,2
2019-08-28,16:39:23.147000,10403,10404,10403,1
2019-08-28,16:39:23.152000,10403,10404,10403,2
2019-08-28,16:39:25.010000,10403,10404,10404,1
2019-08-28,16:39:25.995000,10403,10404,10403,2
2019-08-28,16:39:28.271000,10403,10404,10403,1
2019-08-28,16:39:28.272000,10403,10404,10403,2
2019-08-28,16:39:28.302000,10403,10404,10403,1
2019-08-28,16:39:28.327000,10403,10404,10403,1
2019-08-28,16:39:28.327000,10403,10404,10403,1
2019-08-28,16:39:28.336000,10403,10404,10403,2
2019-08-28,16:39:28.336000,10403,10404,10403,3
2019-08-28,16:39:28.366000,10403,10404,10403,2
2019-08-28,16:39:28.366000,10403,10404,10403,5
2019-08-28,16:39:28.429000,10403,10404,10403,2
2019-08-28,16:39:28.429000,10403,10404,10403,1
2019-08-28,16:39:28.430000,10403,10404,10403,1
2019-08-28,16:39:28.523000,10403,10404,10403,2
2019-08-28,16:39:28.616000,10403,10404,10403,2
2019-08-28,16:39:31.351000,10402,10403,10402,1
2019-08-28,16:39:31.422000,10402,10403,10402,1
2019-08-28,16:39:32.577000,10402,10403,10402,2
2019-08-28,16:39:32.941000,10402,10403,10402,1
2019-08-28,16:39:34.558000,10402,10403,10403,1
2019-08-28,16:39:35.317000,10402,10403,10402,10
2019-08-28,16:39:36.472000,10402,10403,10402,1
2019-08-28,16:39:36.826000,10402,10403,10402,1
2019-08-28,16:39:38.341000,10402,10403,10402,3
2019-08-28,16:39:38.558000,10402,10403,10402,2
2019-08-28,16:39:38.605000,10402,10403,10402,3
2019-08-28,16:39:39.556000,10402,10403,10402,5
2019-08-28,16:39:39.620000,10401,10402,10402,1
2019-08-28,16:39:40.796000,10401,10402,10401,4
2019-08-28,16:39:40.798000,10401,10402,10401,2
2019-08-28,16:39:40.800000,10401,10402,10401,1
2019-08-28,16:39:40.800000,10401,10402,10401,2
2019-08-28,16:39:40.803000,10401,10402,10401,3
2019-08-28,16:39:40.832000,10401,10402,10401,1
2019-08-28,16:39:40.933000,10401,10402,10401,1
2019-08-28,16:39:40.952000,10401,10402,10401,1
2019-08-28,16:39:40.966000,10401,10402,10401,1
2019-08-28,16:39:40.988000,10401,10402,10401,1
2019-08-28,16:39:40.991000,10401,10402,10401,1
2019-08-28,16:39:40.991000,10401,10402,10401,1
2019-08-28,16:39:41.119000,10401,10402,10401,1
2019-08-28,16:39:41.119000,10401,10402,10401,1
2019-08-28,16:39:41.125000,10401,10402,10401,1
2019-08-28,16:39:41.135000,10401,10402,10401,4
2019-08-28,16:39:41.136000,10401,10402,10401,1
2019-08-28,16:39:41.230000,10401,10402,10401,1
2019-08-28,16:39:41.247000,10401,10402,10401,10
2019-08-28,16:39:41.366000,10401,10402,10401,4
2019-08-28,16:39:41.366000,10401,10402,10401,1
2019-08-28,16:39:41.366000,10401,10402,10401,5
2019-08-28,16:39:41.590000,10400,10401,10401,2
2019-08-28,16:39:41.593000,10400,10401,10401,2
2019-08-28,16:39:41.601000,10400,10401,10401,2
2019-08-28,16:39:42.307000,10400,10401,10400,1
2019-08-28,16:39:42.448000,10400,10401,10400,1
2019-08-28,16:39:42.728000,10400,10401,10400,2
2019-08-28,16:39:42.936000,10400,10401,10400,2
2019-08-28,16:39:43.061000,10400,10401,10400,1
2019-08-28,16:39:43.120000,10400,10401,10400,2
2019-08-28,16:39:43.224000,10400,10401,10400,10
2019-08-28,16:39:43.391000,10400,10401,10400,10
2019-08-28,16:39:43.407000,10400,10401,10400,1
2019-08-28,16:39:43.577000,10400,10401,10400,10
2019-08-28,16:39:43.795000,10400,10401,10400,2
2019-08-28,16:39:43.866000,10400,10401,10400,3
2019-08-28,16:39:43.965000,10400,10401,10400,2
2019-08-28,16:39:44.212000,10399,10401,10401,1
2019-08-28,16:39:44.275000,10399,10401,10400,2
2019-08-28,16:39:44.290000,10399,10401,10399,3
2019-08-28,16:39:44.437000,10399,10401,10399,4
2019-08-28,16:39:44.536000,10399,10401,10399,1
2019-08-28,16:39:44.537000,10399,10401,10399,1
2019-08-28,16:39:44.804000,10399,10400,10399,2
2019-08-28,16:39:45.341000,10399,10400,10399,4
2019-08-28,16:39:45.368000,10399,10400,10399,1
2019-08-28,16:39:45.369000,10399,10400,10399,2
2019-08-28,16:39:45.371000,10399,10400,10399,2
2019-08-28,16:39:45.372000,10399,10400,10399,2
2019-08-28,16:39:45.455000,10399,10400,10399,2
2019-08-28,16:39:45.491000,10399,10400,10399,2
2019-08-28,16:39:46.229000,10399,10400,10399,2
2019-08-28,16:39:46.487000,10399,10400,10399,1
2019-08-28,16:39:47.232000,10399,10400,10399,2
2019-08-28,16:39:47.804000,10399,10400,10399,1
2019-08-28,16:39:48.203000,10399,10400,10400,4
2019-08-28,16:39:48.241000,10399,10400,10400,17
2019-08-28,16:39:48.262000,10399,10400,10400,1
2019-08-28,16:39:48.336000,10399,10400,10400,2
2019-08-28,16:39:48.915000,10400,10401,10400,1
2019-08-28,16:39:49.176000,10400,10401,10399,1
2019-08-28,16:39:49.243000,10399,10400,10399,1
2019-08-28,16:39:49.368000,10399,10400,10399,2
2019-08-28,16:39:49.719000,10399,10400,10399,1
2019-08-28,16:39:51.041000,10399,10400,10400,1
2019-08-28,16:39:52.343000,10399,10400,10399,5
2019-08-28,16:39:52.597000,10399,10400,10400,1
2019-08-28,16:39:52.790000,10399,10400,10400,1
2019-08-28,16:39:52.791000,10399,10400,10399,1
2019-08-28,16:39:53.681000,10399,10400,10399,3
2019-08-28,16:39:54.239000,10398,10399,10398,1
2019-08-28,16:39:54.366000,10398,10399,10398,1
2019-08-28,16:39:54.501000,10398,10399,10398,2
2019-08-28,16:39:55.089000,10398,10399,10399,1
2019-08-28,16:39:55.253000,10398,10399,10398,1
2019-08-28,16:39:55.254000,10398,10399,10398,1
2019-08-28,16:39:55.254000,10398,10399,10398,1
2019-08-28,16:39:55.277000,10398,10399,10398,2
2019-08-28,16:39:55.280000,10398,10399,10398,1
2019-08-28,16:39:55.324000,10398,10399,10398,2
2019-08-28,16:39:55.340000,10398,10399,10398,2
2019-08-28,16:39:55.366000,10398,10399,10398,17
2019-08-28,16:39:55.366000,10398,10399,10398,2
2019-08-28,16:39:55.366000,10398,10399,10398,1
2019-08-28,16:39:55.367000,10398,10399,10398,1
2019-08-28,16:39:55.367000,10398,10399,10398,1
2019-08-28,16:39:55.368000,10398,10399,10398,31
2019-08-28,16:39:57.231000,10397,10398,10397,1
2019-08-28,16:39:57.367000,10397,10398,10397,2
2019-08-28,16:39:57.375000,10397,10398,10397,1
2019-08-28,16:39:57.496000,10397,10398,10397,2
2019-08-28,16:39:57.499000,10397,10398,10397,2
2019-08-28,16:39:57.575000,10397,10398,10397,1
2019-08-28,16:39:57.752000,10397,10398,10397,1
2019-08-28,16:39:57.910000,10397,10398,10397,3
2019-08-28,16:39:57.934000,10397,10398,10397,1
2019-08-28,16:39:57.936000,10397,10398,10397,1
2019-08-28,16:39:58.104000,10397,10398,10397,1
2019-08-28,16:39:58.236000,10397,10398,10397,8
2019-08-28,16:39:58.236000,10397,10398,10397,3
2019-08-28,16:39:58.245000,10397,10398,10397,7
2019-08-28,16:39:58.247000,10397,10398,10397,3
2019-08-28,16:39:58.259000,10397,10398,10397,3
2019-08-28,16:39:58.296000,10397,10398,10397,1
2019-08-28,16:39:58.341000,10397,10398,10397,2
2019-08-28,16:39:58.344000,10397,10398,10397,3
2019-08-28,16:39:58.366000,10397,10398,10397,2
2019-08-28,16:39:58.426000,10397,10398,10397,5
2019-08-28,16:39:58.455000,10397,10398,10397,1
2019-08-28,16:39:58.462000,10397,10398,10397,1
2019-08-28,16:39:58.467000,10397,10398,10397,9
2019-08-28,16:39:58.469000,10397,10398,10397,1
2019-08-28,16:39:58.477000,10397,10398,10397,2
2019-08-28,16:39:58.490000,10396,10398,10396,4
2019-08-28,16:39:58.491000,10396,10398,10396,1
2019-08-28,16:39:58.510000,10396,10398,10396,3
2019-08-28,16:39:58.530000,10396,10398,10396,1
2019-08-28,16:39:58.616000,10396,10397,10397,1
2019-08-28,16:39:58.675000,10396,10397,10396,1
2019-08-28,16:39:58.997000,10396,10397,10397,1
2019-08-28,16:39:59.377000,10396,10397,10396,6
2019-08-28,16:39:59.600000,10396,10397,10396,5
2019-08-28,16:40:00.263000,10396,10397,10396,2
2019-08-28,16:40:00.300000,10396,10397,10396,1
2019-08-28,16:40:00.316000,10396,10397,10396,1
2019-08-28,16:40:00.348000,10396,10397,10396,2
2019-08-28,16:40:00.360000,10396,10397,10396,1
2019-08-28,16:40:00.363000,10396,10397,10396,1
2019-08-28,16:40:00.397000,10396,10397,10396,1
2019-08-28,16:40:00.397000,10396,10397,10396,1
2019-08-28,16:40:00.421000,10396,10397,10396,1
2019-08-28,16:40:00.445000,10396,10397,10396,1
2019-08-28,16:40:00.482000,10396,10397,10396,3
2019-08-28,16:40:00.521000,10396,10397,10396,1
2019-08-28,16:40:00.944000,10396,10397,10396,1
2019-08-28,16:40:01.110000,10396,10397,10397,1
2019-08-28,16:40:01.398000,10396,10397,10396,2
2019-08-28,16:40:01.543000,10396,10397,10396,32
2019-08-28,16:40:02.093000,10395,10396,10395,8
2019-08-28,16:40:02.158000,10395,10396,10395,1
2019-08-28,16:40:02.163000,10395,10396,10395,1
2019-08-28,16:40:02.164000,10395,10396,10395,1
2019-08-28,16:40:02.167000,10395,10396,10395,2
2019-08-28,16:40:02.256000,10395,10396,10395,2
2019-08-28,16:40:02.269000,10395,10396,10395,3
2019-08-28,16:40:02.317000,10395,10396,10395,1
2019-08-28,16:40:02.361000,10395,10396,10396,1
2019-08-28,16:40:02.412000,10395,10396,10395,4
2019-08-28,16:40:02.423000,10395,10396,10395,4
2019-08-28,16:40:02.434000,10395,10396,10395,1
2019-08-28,16:40:02.457000,10395,10396,10395,4
2019-08-28,16:40:02.491000,10395,10396,10395,10
2019-08-28,16:40:02.491000,10395,10396,10395,6
2019-08-28,16:40:02.522000,10395,10396,10395,1
2019-08-28,16:40:02.572000,10395,10396,10395,1
2019-08-28,16:40:03.217000,10394,10395,10394,12
2019-08-28,16:40:03.243000,10394,10395,10394,3
2019-08-28,16:40:03.246000,10394,10395,10394,1
2019-08-28,16:40:03.270000,10394,10395,10394,1
2019-08-28,16:40:03.270000,10394,10395,10393,1
2019-08-28,16:40:03.270000,10394,10395,10393,1
2019-08-28,16:40:03.295000,10394,10395,10393,1
2019-08-28,16:40:03.312000,10394,10395,10394,1
2019-08-28,16:40:03.312000,10394,10395,10393,3
2019-08-28,16:40:03.339000,10394,10395,10394,4
2019-08-28,16:40:03.353000,10394,10395,10394,1
2019-08-28,16:40:03.357000,10394,10395,10394,1
2019-08-28,16:40:03.386000,10394,10395,10394,1
2019-08-28,16:40:03.420000,10394,10395,10394,2
2019-08-28,16:40:03.549000,10394,10395,10394,1
2019-08-28,16:40:03.610000,10394,10395,10393,2
2019-08-28,16:40:03.616000,10393,10394,10394,1
2019-08-28,16:40:03.717000,10393,10394,10394,1
2019-08-28,16:40:03.741000,10393,10394,10394,1
2019-08-28,16:40:03.743000,10393,10394,10394,1
2019-08-28,16:40:03.744000,10393,10394,10394,2
2019-08-28,16:40:03.744000,10393,10394,10394,2
2019-08-28,16:40:03.745000,10393,10394,10394,1
2019-08-28,16:40:03.745000,10393,10394,10394,1
2019-08-28,16:40:03.801000,10393,10394,10393,1
2019-08-28,16:40:03.866000,10393,10394,10394,2
2019-08-28,16:40:03.866000,10393,10394,10394,2
2019-08-28,16:40:04.003000,10393,10394,10394,6
2019-08-28,16:40:04.003000,10393,10394,10394,2
2019-08-28,16:40:04.003000,10393,10394,10394,2
2019-08-28,16:40:04.003000,10393,10394,10394,2
2019-08-28,16:40:04.060000,10393,10394,10394,2
2019-08-28,16:40:04.077000,10393,10394,10394,4
2019-08-28,16:40:04.165000,10394,10395,10394,1
2019-08-28,16:40:04.184000,10394,10395,10394,10
2019-08-28,16:40:04.332000,10394,10395,10394,2
2019-08-28,16:40:04.385000,10394,10395,10394,3
2019-08-28,16:40:04.491000,10393,10394,10394,7
2019-08-28,16:40:04.540000,10393,10394,10394,3
2019-08-28,16:40:04.540000,10393,10394,10393,7
2019-08-28,16:40:04.928000,10394,10395,10394,2
2019-08-28,16:40:05.283000,10394,10395,10394,1
2019-08-28,16:40:05.286000,10394,10395,10394,1
2019-08-28,16:40:05.291000,10394,10395,10394,1
2019-08-28,16:40:05.307000,10394,10395,10393,1
2019-08-28,16:40:05.316000,10394,10395,10393,1
2019-08-28,16:40:05.333000,10394,10395,10393,1
2019-08-28,16:40:05.336000,10394,10395,10393,1
2019-08-28,16:40:05.360000,10394,10395,10393,1
2019-08-28,16:40:05.879000,10394,10395,10394,4
2019-08-28,16:40:05.879000,10394,10395,10393,1
2019-08-28,16:40:06.016000,10393,10395,10393,1
2019-08-28,16:40:06.127000,10393,10395,10393,3
2019-08-28,16:40:06.616000,10393,10394,10394,2
2019-08-28,16:40:06.672000,10393,10394,10394,1
2019-08-28,16:40:06.674000,10393,10394,10394,1
2019-08-28,16:40:06.740000,10393,10394,10393,3
2019-08-28,16:40:06.741000,10393,10394,10394,2
2019-08-28,16:40:06.751000,10393,10394,10394,1
2019-08-28,16:40:07.493000,10394,10395,10394,2
2019-08-28,16:40:07.507000,10394,10395,10393,1
2019-08-28,16:40:07.514000,10394,10395,10393,1
2019-08-28,16:40:08.106000,10393,10395,10393,1
2019-08-28,16:40:08.471000,10394,10395,10394,1
2019-08-28,16:40:08.567000,10394,10395,10395,10
2019-08-28,16:40:08.576000,10394,10395,10395,1
2019-08-28,16:40:09.837000,10394,10395,10394,1
2019-08-28,16:40:10.041000,10394,10395,10394,1
2019-08-28,16:40:10.071000,10394,10395,10394,10
2019-08-28,16:40:10.099000,10394,10395,10395,1
2019-08-28,16:40:10.595000,10393,10395,10394,3
2019-08-28,16:40:12.598000,10394,10395,10395,5
2019-08-28,16:40:12.616000,10394,10396,10395,4
2019-08-28,16:40:12.741000,10394,10395,10395,1
2019-08-28,16:40:12.935000,10395,10396,10395,2
2019-08-28,16:40:13.303000,10395,10396,10395,1
2019-08-28,16:40:13.535000,10395,10396,10395,2
2019-08-28,16:40:13.808000,10395,10396,10395,1
2019-08-28,16:40:13.866000,10394,10395,10395,1
2019-08-28,16:40:14.886000,10395,10396,10395,2
2019-08-28,16:40:14.991000,10394,10395,10395,1
2019-08-28,16:40:15.116000,10395,10396,10394,1
2019-08-28,16:40:15.273000,10394,10396,10394,5
2019-08-28,16:40:16.008000,10394,10395,10395,2
2019-08-28,16:40:16.380000,10394,10395,10394,1
2019-08-28,16:40:16.441000,10394,10395,10395,2
2019-08-28,16:40:16.800000,10395,10396,10395,1
2019-08-28,16:40:16.835000,10395,10396,10395,1
2019-08-28,16:40:17.741000,10394,10395,10395,1
2019-08-28,16:40:20.755000,10394,10395,10394,2
2019-08-28,16:40:24.894000,10394,10395,10394,5
2019-08-28,16:40:26.068000,10394,10395,10395,1
2019-08-28,16:40:26.491000,10394,10395,10395,4
2019-08-28,16:40:26.613000,10394,10395,10395,4
2019-08-28,16:40:26.613000,10394,10395,10395,1
2019-08-28,16:40:26.613000,10394,10395,10395,1
2019-08-28,16:40:26.613000,10394,10395,10395,1
2019-08-28,16:40:26.613000,10394,10395,10395,2
2019-08-28,16:40:26.614000,10394,10395,10395,1
2019-08-28,16:40:26.615000,10394,10395,10395,9
2019-08-28,16:40:26.680000,10395,10396,10396,2
2019-08-28,16:40:26.680000,10395,10396,10396,4
2019-08-28,16:40:26.681000,10395,10396,10396,6
2019-08-28,16:40:26.798000,10396,10397,10396,2
2019-08-28,16:40:27.360000,10396,10397,10396,1
2019-08-28,16:40:28.635000,10396,10397,10397,1
2019-08-28,16:40:28.636000,10396,10397,10397,3
2019-08-28,16:40:28.650000,10396,10397,10397,4
2019-08-28,16:40:28.652000,10396,10397,10397,4
2019-08-28,16:40:29.432000,10396,10397,10397,1
2019-08-28,16:40:29.433000,10396,10397,10397,2
2019-08-28,16:40:29.433000,10396,10397,10397,1
2019-08-28,16:40:29.433000,10396,10397,10397,1
2019-08-28,16:40:29.433000,10396,10397,10397,1
2019-08-28,16:40:29.434000,10396,10397,10397,3
2019-08-28,16:40:29.434000,10396,10397,10397,1
2019-08-28,16:40:29.523000,10397,10398,10397,2
2019-08-28,16:40:30.523000,10396,10397,10396,9
2019-08-28,16:40:30.524000,10396,10397,10396,1
2019-08-28,16:40:30.525000,10396,10397,10396,1
2019-08-28,16:40:30.537000,10396,10397,10396,1
2019-08-28,16:40:32.865000,10396,10397,10396,1
2019-08-28,16:40:33.170000,10396,10397,10396,1
2019-08-28,16:40:33.782000,10396,10397,10396,1
2019-08-28,16:40:34.664000,10396,10397,10397,1
2019-08-28,16:40:35.983000,10396,10397,10397,1
2019-08-28,16:40:36.381000,10396,10397,10396,1
2019-08-28,16:40:36.671000,10396,10397,10397,1
2019-08-28,16:40:36.889000,10396,10397,10397,1
2019-08-28,16:40:38.739000,10396,10397,10396,3
2019-08-28,16:40:38.739000,10396,10397,10395,1
2019-08-28,16:40:38.789000,10395,10397,10396,2
2019-08-28,16:40:39.238000,10395,10397,10397,1
2019-08-28,16:40:40.464000,10395,10396,10396,2
2019-08-28,16:40:43.041000,10396,10397,10396,4
2019-08-28,16:40:44.756000,10396,10397,10397,2
2019-08-28,16:40:45.622000,10396,10397,10397,1
2019-08-28,16:40:45.623000,10396,10397,10397,2
2019-08-28,16:40:45.623000,10396,10397,10397,1
2019-08-28,16:40:48.753000,10396,10397,10396,2
2019-08-28,16:40:48.768000,10396,10397,10396,1
2019-08-28,16:40:48.912000,10396,10397,10397,3
2019-08-28,16:40:50.115000,10396,10397,10397,1
2019-08-28,16:40:50.491000,10396,10397,10397,1
2019-08-28,16:40:52.884000,10396,10397,10397,1
2019-08-28,16:40:53.597000,10396,10398,10398,5
2019-08-28,16:40:53.656000,10397,10398,10397,1
2019-08-28,16:40:56.172000,10397,10398,10397,1
2019-08-28,16:40:57.031000,10397,10398,10397,1
2019-08-28,16:41:01.915000,10397,10398,10397,4
2019-08-28,16:41:02.410000,10397,10398,10397,1
2019-08-28,16:41:05.400000,10397,10398,10397,1
2019-08-28,16:41:05.400000,10397,10398,10396,3
2019-08-28,16:41:06.894000,10397,10398,10397,1
2019-08-28,16:41:11.023000,10397,10398,10398,1
2019-08-28,16:41:12.510000,10397,10398,10398,1
2019-08-28,16:41:15.916000,10397,10398,10397,2
2019-08-28,16:41:17.351000,10396,10398,10398,1
2019-08-28,16:41:18.540000,10396,10397,10397,1
2019-08-28,16:41:22.983000,10397,10398,10398,3
2019-08-28,16:41:24.404000,10397,10398,10397,7
2019-08-28,16:41:25.514000,10396,10397,10397,1
2019-08-28,16:41:26.170000,10396,10397,10396,1
2019-08-28,16:41:28.242000,10396,10397,10397,1
2019-08-28,16:41:29.802000,10396,10397,10397,3
2019-08-28,16:41:30.183000,10396,10397,10397,1
2019-08-28,16:41:30.183000,10396,10397,10398,1
2019-08-28,16:41:31.602000,10396,10398,10396,1
2019-08-28,16:41:33.633000,10397,10398,10397,5
2019-08-28,16:41:34.284000,10396,10398,10398,1
2019-08-28,16:41:36.333000,10397,10398,10398,2
2019-08-28,16:41:41,10397,10399,10399,2
2019-08-28,16:41:41.089000,10397,10399,10399,5
2019-08-28,16:41:41.339000,10398,10399,10399,1
2019-08-28,16:41:45.718000,10398,10399,10398,1
2019-08-28,16:41:55.032000,10398,10399,10398,9
2019-08-28,16:41:55.032000,10398,10399,10397,12
2019-08-28,16:41:57.044000,10397,10398,10398,1
2019-08-28,16:42:00.597000,10397,10398,10398,4
2019-08-28,16:42:01.340000,10397,10398,10397,5
2019-08-28,16:42:02.002000,10396,10397,10397,1
2019-08-28,16:42:02.543000,10396,10397,10397,1
2019-08-28,16:42:06.603000,10397,10398,10397,2
2019-08-28,16:42:09.654000,10396,10397,10397,1
2019-08-28,16:42:11.080000,10396,10397,10397,1
2019-08-28,16:42:11.875000,10396,10397,10397,1
2019-08-28,16:42:15.906000,10396,10397,10396,11
2019-08-28,16:42:17.486000,10396,10397,10396,2
2019-08-28,16:42:17.486000,10396,10397,10396,10
2019-08-28,16:42:17.487000,10396,10397,10396,4
2019-08-28,16:42:17.487000,10396,10397,10396,1
2019-08-28,16:42:17.491000,10396,10397,10396,8
2019-08-28,16:42:17.491000,10396,10397,10396,14
2019-08-28,16:42:17.491000,10396,10397,10396,8
2019-08-28,16:42:17.496000,10396,10397,10396,1
2019-08-28,16:42:17.501000,10396,10397,10396,2
2019-08-28,16:42:18.200000,10395,10396,10395,4
2019-08-28,16:42:18.241000,10395,10396,10395,5
2019-08-28,16:42:18.241000,10395,10396,10395,1
2019-08-28,16:42:18.241000,10395,10396,10395,2
2019-08-28,16:42:18.241000,10395,10396,10395,2
2019-08-28,16:42:18.241000,10395,10396,10395,3
2019-08-28,16:42:18.241000,10395,10396,10395,2
2019-08-28,16:42:18.244000,10395,10396,10395,1
2019-08-28,16:42:18.245000,10395,10396,10395,2
2019-08-28,16:42:18.283000,10395,10396,10395,4
2019-08-28,16:42:18.389000,10394,10395,10395,1
2019-08-28,16:42:19.876000,10394,10395,10395,1
2019-08-28,16:42:20.335000,10394,10395,10394,2
2019-08-28,16:42:21.857000,10394,10395,10395,2
2019-08-28,16:42:22.353000,10394,10395,10394,1
2019-08-28,16:42:23.006000,10394,10395,10394,2
2019-08-28,16:42:25.456000,10394,10395,10394,10
2019-08-28,16:42:26.869000,10394,10395,10394,2
2019-08-28,16:42:27.373000,10394,10395,10394,3
2019-08-28,16:42:29.353000,10394,10395,10394,1
2019-08-28,16:42:31.133000,10394,10395,10394,5
2019-08-28,16:42:31.149000,10394,10395,10394,2
