2019-09-10,15:00:00.044000,10748,10749,10749,50
2019-09-10,15:00:00.375000,10748,10749,10749,2
2019-09-10,15:00:00.384000,10748,10749,10749,2
2019-09-10,15:00:00.396000,10748,10749,10750,2
2019-09-10,15:00:00.661000,10748,10750,10750,2
2019-09-10,15:00:00.732000,10748,10750,10750,2
2019-09-10,15:00:01.317000,10748,10749,10749,1
2019-09-10,15:00:01.332000,10748,10749,10749,2
2019-09-10,15:00:02.177000,10748,10749,10749,2
2019-09-10,15:00:03.804000,10749,10750,10749,1
2019-09-10,15:00:04.429000,10749,10750,10749,1
2019-09-10,15:00:05.306000,10749,10750,10749,1
2019-09-10,15:00:05.367000,10749,10750,10749,1
2019-09-10,15:00:05.942000,10748,10749,10749,1
2019-09-10,15:00:07.771000,10749,10750,10749,1
2019-09-10,15:00:08.088000,10748,10749,10749,1
2019-09-10,15:00:08.192000,10748,10749,10749,1
2019-09-10,15:00:08.317000,10748,10749,10749,1
2019-09-10,15:00:10.942000,10749,10750,10750,1
2019-09-10,15:00:11.348000,10749,10750,10749,2
2019-09-10,15:00:11.548000,10749,10750,10749,1
2019-09-10,15:00:12.673000,10749,10750,10749,1
2019-09-10,15:00:12.910000,10749,10750,10750,14
2019-09-10,15:00:13.090000,10749,10750,10750,46
2019-09-10,15:00:13.317000,10750,10751,10751,2
2019-09-10,15:00:13.317000,10750,10751,10751,2
2019-09-10,15:00:13.322000,10750,10751,10751,2
2019-09-10,15:00:13.618000,10750,10751,10750,1
2019-09-10,15:00:13.951000,10750,10751,10750,5
2019-09-10,15:00:14.742000,10750,10751,10750,1
2019-09-10,15:00:15.467000,10750,10751,10750,1
2019-09-10,15:00:17.644000,10750,10751,10750,3
2019-09-10,15:00:18.421000,10750,10751,10750,1
2019-09-10,15:00:19.539000,10750,10751,10750,1
2019-09-10,15:00:22.338000,10750,10751,10751,23
2019-09-10,15:00:22.834000,10751,10752,10752,2
2019-09-10,15:00:23.389000,10751,10753,10751,1
2019-09-10,15:00:26.296000,10751,10752,10751,5
2019-09-10,15:00:26.479000,10751,10752,10751,2
2019-09-10,15:00:26.602000,10751,10752,10751,1
2019-09-10,15:00:26.604000,10751,10752,10752,1
2019-09-10,15:00:27.655000,10751,10752,10752,1
2019-09-10,15:00:27.678000,10751,10752,10752,1
2019-09-10,15:00:28.098000,10751,10752,10752,1
2019-09-10,15:00:28.963000,10751,10752,10751,5
2019-09-10,15:00:29.176000,10751,10752,10752,2
2019-09-10,15:00:30.977000,10751,10752,10751,2
2019-09-10,15:00:30.978000,10751,10752,10751,2
2019-09-10,15:00:31.284000,10750,10751,10751,1
2019-09-10,15:00:31.547000,10750,10751,10751,3
2019-09-10,15:00:37.618000,10750,10751,10750,1
2019-09-10,15:00:39.805000,10750,10751,10751,1
2019-09-10,15:00:40.969000,10750,10751,10751,1
2019-09-10,15:00:44.520000,10750,10751,10751,1
2019-09-10,15:00:44.587000,10750,10751,10751,1
2019-09-10,15:00:45.132000,10750,10751,10750,1
2019-09-10,15:00:45.311000,10750,10751,10750,1
2019-09-10,15:00:51.545000,10750,10751,10750,1
2019-09-10,15:00:53.316000,10750,10751,10750,1
2019-09-10,15:00:53.529000,10750,10751,10750,2
2019-09-10,15:00:56.726000,10750,10751,10750,1
2019-09-10,15:00:57.340000,10750,10751,10750,1
2019-09-10,15:00:57.915000,10750,10751,10751,1
2019-09-10,15:00:59.840000,10750,10751,10750,1
2019-09-10,15:01:00.035000,10750,10751,10750,1
2019-09-10,15:01:00.221000,10750,10751,10750,1
2019-09-10,15:01:00.293000,10750,10751,10750,10
2019-09-10,15:01:00.599000,10750,10751,10750,1
2019-09-10,15:01:01.060000,10750,10751,10750,4
2019-09-10,15:01:01.097000,10750,10751,10750,1
2019-09-10,15:01:01.192000,10750,10751,10750,1
2019-09-10,15:01:02.336000,10749,10750,10750,1
2019-09-10,15:01:08.208000,10749,10750,10750,1
2019-09-10,15:01:10.299000,10749,10750,10750,1
2019-09-10,15:01:11.609000,10750,10751,10750,1
2019-09-10,15:01:11.833000,10750,10751,10750,1
2019-09-10,15:01:14.790000,10749,10750,10749,3
2019-09-10,15:01:17.366000,10749,10750,10749,2
2019-09-10,15:01:17.366000,10749,10750,10749,1
2019-09-10,15:01:21.729000,10748,10749,10749,1
2019-09-10,15:01:25.799000,10748,10749,10748,3
2019-09-10,15:01:27.428000,10748,10749,10748,1
2019-09-10,15:01:28.787000,10748,10749,10748,1
2019-09-10,15:01:30.240000,10748,10749,10748,1
2019-09-10,15:01:30.373000,10747,10749,10747,1
2019-09-10,15:01:32.944000,10748,10749,10748,1
2019-09-10,15:01:35.028000,10747,10748,10747,1
2019-09-10,15:01:36.233000,10747,10748,10747,1
2019-09-10,15:01:38.196000,10747,10748,10747,1
2019-09-10,15:01:39.796000,10747,10748,10747,2
2019-09-10,15:01:39.797000,10747,10748,10747,3
2019-09-10,15:01:43.028000,10746,10747,10747,1
2019-09-10,15:01:43.479000,10746,10747,10747,1
2019-09-10,15:01:44.231000,10747,10748,10747,1
2019-09-10,15:01:48.871000,10747,10748,10747,1
2019-09-10,15:01:50.586000,10747,10748,10747,1
2019-09-10,15:01:52.238000,10747,10748,10747,1
2019-09-10,15:01:53.314000,10746,10748,10747,1
2019-09-10,15:01:56.706000,10747,10748,10747,1
2019-09-10,15:02:02.094000,10747,10748,10747,1
2019-09-10,15:02:02.448000,10747,10748,10748,10
2019-09-10,15:02:02.757000,10747,10748,10748,10
2019-09-10,15:02:03.278000,10747,10748,10747,1
2019-09-10,15:02:03.298000,10747,10748,10747,1
2019-09-10,15:02:03.363000,10747,10748,10747,1
2019-09-10,15:02:03.395000,10747,10748,10747,1
2019-09-10,15:02:03.419000,10747,10748,10747,1
2019-09-10,15:02:03.445000,10747,10748,10747,1
2019-09-10,15:02:06.335000,10746,10747,10747,1
2019-09-10,15:02:08.222000,10747,10748,10747,1
2019-09-10,15:02:10.466000,10746,10747,10746,1
2019-09-10,15:02:12.819000,10746,10747,10747,1
2019-09-10,15:02:13.054000,10746,10747,10747,20
2019-09-10,15:02:14.411000,10746,10747,10747,1
2019-09-10,15:02:16.816000,10746,10747,10747,1
2019-09-10,15:02:18.015000,10747,10748,10747,1
2019-09-10,15:02:20.532000,10747,10748,10747,1
2019-09-10,15:02:21.817000,10746,10747,10747,1
2019-09-10,15:02:24.131000,10747,10748,10748,1
2019-09-10,15:02:27.049000,10747,10748,10747,1
2019-09-10,15:02:34.200000,10747,10748,10747,1
2019-09-10,15:02:36.633000,10747,10748,10747,1
2019-09-10,15:02:43.344000,10747,10748,10747,1
2019-09-10,15:02:44.817000,10747,10748,10747,1
2019-09-10,15:02:44.920000,10747,10748,10747,1
2019-09-10,15:02:44.942000,10747,10748,10747,2
2019-09-10,15:02:47.994000,10746,10748,10746,1
2019-09-10,15:02:57.446000,10746,10747,10746,1
2019-09-10,15:03:03.678000,10746,10747,10747,3
2019-09-10,15:03:03.692000,10747,10748,10747,10
2019-09-10,15:03:04.534000,10746,10748,10746,2
2019-09-10,15:03:10.645000,10746,10747,10746,2
2019-09-10,15:03:12.038000,10746,10747,10746,1
2019-09-10,15:03:12.052000,10746,10747,10746,4
2019-09-10,15:03:12.052000,10746,10747,10746,3
2019-09-10,15:03:12.053000,10746,10747,10746,1
2019-09-10,15:03:14.326000,10745,10746,10745,11
2019-09-10,15:03:16.054000,10744,10745,10745,3
2019-09-10,15:03:18.590000,10745,10746,10745,1
2019-09-10,15:03:25.999000,10745,10746,10745,1
2019-09-10,15:03:31.563000,10745,10746,10745,2
2019-09-10,15:03:34.904000,10745,10746,10745,1
2019-09-10,15:03:43.059000,10745,10746,10745,1
2019-09-10,15:03:46.154000,10745,10746,10746,19
2019-09-10,15:03:46.271000,10746,10747,10746,1
2019-09-10,15:03:46.762000,10746,10747,10746,1
2019-09-10,15:03:54.193000,10745,10746,10746,1
2019-09-10,15:03:58.375000,10746,10747,10747,1
2019-09-10,15:03:59.195000,10746,10747,10747,14
2019-09-10,15:04:01.257000,10747,10748,10747,2
2019-09-10,15:04:01.492000,10747,10748,10747,1
2019-09-10,15:04:02.013000,10747,10748,10747,1
2019-09-10,15:04:02.394000,10747,10748,10747,1
2019-09-10,15:04:03.622000,10747,10748,10748,4
2019-09-10,15:04:04.510000,10747,10748,10747,1
2019-09-10,15:04:15.114000,10747,10748,10748,1
2019-09-10,15:04:15.507000,10747,10748,10747,1
2019-09-10,15:04:26.665000,10747,10748,10747,15
2019-09-10,15:04:26.666000,10747,10748,10747,1
2019-09-10,15:04:26.666000,10747,10748,10747,1
2019-09-10,15:04:26.693000,10746,10747,10747,3
2019-09-10,15:04:31.971000,10747,10748,10747,1
2019-09-10,15:04:32.720000,10747,10748,10747,2
2019-09-10,15:04:32.721000,10747,10748,10747,1
2019-09-10,15:04:32.721000,10747,10748,10747,1
2019-09-10,15:04:32.721000,10747,10748,10747,4
2019-09-10,15:04:32.721000,10747,10748,10747,3
2019-09-10,15:04:33.050000,10746,10747,10746,1
2019-09-10,15:04:40.191000,10746,10747,10747,3
2019-09-10,15:04:41.928000,10746,10747,10746,1
2019-09-10,15:04:49.869000,10746,10747,10746,1
2019-09-10,15:04:50.270000,10746,10747,10746,1
2019-09-10,15:04:50.688000,10746,10747,10746,1
2019-09-10,15:04:51.093000,10746,10747,10746,1
2019-09-10,15:04:51.942000,10746,10747,10746,1
2019-09-10,15:04:58.981000,10746,10747,10746,3
2019-09-10,15:05:00.554000,10746,10747,10747,4
2019-09-10,15:05:00.557000,10746,10747,10747,4
2019-09-10,15:05:00.558000,10746,10747,10747,1
2019-09-10,15:05:01.444000,10747,10748,10747,1
2019-09-10,15:05:01.943000,10746,10747,10747,1
2019-09-10,15:05:01.944000,10746,10747,10746,1
2019-09-10,15:05:09.180000,10746,10747,10747,1
2019-09-10,15:05:13.568000,10746,10747,10747,1
2019-09-10,15:05:15.502000,10746,10747,10746,3
2019-09-10,15:05:15.651000,10746,10747,10746,1
2019-09-10,15:05:16.038000,10746,10747,10746,1
2019-09-10,15:05:16.444000,10746,10747,10746,1
2019-09-10,15:05:17.102000,10745,10747,10747,2
2019-09-10,15:05:24.176000,10746,10747,10746,1
2019-09-10,15:05:24.384000,10746,10747,10746,1
2019-09-10,15:05:26.424000,10746,10747,10746,5
2019-09-10,15:05:26.443000,10745,10746,10746,5
2019-09-10,15:05:28.612000,10745,10746,10746,1
2019-09-10,15:05:39.080000,10745,10746,10746,1
2019-09-10,15:06:00.818000,10745,10746,10746,5
2019-09-10,15:06:08.202000,10745,10746,10746,1
2019-09-10,15:06:10.803000,10745,10747,10746,1
2019-09-10,15:06:11.410000,10746,10747,10746,1
2019-09-10,15:06:16.862000,10746,10747,10747,3
2019-09-10,15:06:21.135000,10746,10747,10746,3
2019-09-10,15:06:21.997000,10746,10747,10746,1
2019-09-10,15:06:32.769000,10746,10747,10747,2
2019-09-10,15:06:41.445000,10746,10747,10746,7
2019-09-10,15:06:55.762000,10745,10746,10745,12
2019-09-10,15:07:05.155000,10745,10746,10744,1
2019-09-10,15:07:05.323000,10744,10745,10744,1
2019-09-10,15:07:07.249000,10744,10745,10745,1
2019-09-10,15:07:30.992000,10744,10745,10745,10
2019-09-10,15:07:47.095000,10744,10745,10745,1
2019-09-10,15:07:58.601000,10744,10745,10745,1
2019-09-10,15:08:16.608000,10744,10745,10745,5
2019-09-10,15:08:18.137000,10744,10745,10745,1
2019-09-10,15:08:26.341000,10744,10745,10745,3
2019-09-10,15:08:33.697000,10744,10745,10744,1
2019-09-10,15:08:34.815000,10744,10745,10745,2
2019-09-10,15:08:35.522000,10744,10745,10744,1
2019-09-10,15:08:52.308000,10744,10745,10745,3
2019-09-10,15:09:06.537000,10744,10745,10744,10
2019-09-10,15:09:07.526000,10744,10745,10744,4
2019-09-10,15:09:27.357000,10743,10744,10744,1
2019-09-10,15:09:29.029000,10743,10744,10743,1
2019-09-10,15:09:29.283000,10743,10744,10743,10
2019-09-10,15:09:29.296000,10743,10744,10743,1
2019-09-10,15:09:29.315000,10743,10744,10743,3
2019-09-10,15:09:30.697000,10743,10744,10743,1
2019-09-10,15:09:32.847000,10743,10744,10743,1
2019-09-10,15:09:33.555000,10743,10744,10743,4
2019-09-10,15:09:37.711000,10743,10744,10743,1
2019-09-10,15:09:54.791000,10743,10744,10743,1
2019-09-10,15:10:04.580000,10743,10744,10744,3
2019-09-10,15:10:04.582000,10743,10744,10744,4
2019-09-10,15:10:04.616000,10743,10744,10744,3
2019-09-10,15:10:05.977000,10744,10745,10744,1
2019-09-10,15:10:28.585000,10743,10744,10744,1
2019-09-10,15:10:29.187000,10743,10744,10744,11
2019-09-10,15:10:29.706000,10744,10745,10744,1
2019-09-10,15:10:34.469000,10744,10745,10744,2
2019-09-10,15:10:47.697000,10743,10745,10745,29
2019-09-10,15:10:55.442000,10744,10745,10745,1
2019-09-10,15:10:55.692000,10744,10745,10745,2
2019-09-10,15:10:55.855000,10744,10745,10745,1
2019-09-10,15:10:55.855000,10744,10745,10745,2
2019-09-10,15:10:55.855000,10744,10745,10745,5
2019-09-10,15:10:55.855000,10744,10745,10745,1
2019-09-10,15:11:04.246000,10745,10746,10745,4
2019-09-10,15:11:05.154000,10744,10745,10745,1
2019-09-10,15:11:18.318000,10744,10745,10745,3
2019-09-10,15:11:20.202000,10744,10745,10744,1
2019-09-10,15:11:20.362000,10744,10745,10744,1
2019-09-10,15:11:20.764000,10743,10745,10743,1
2019-09-10,15:11:56.508000,10743,10744,10743,1
2019-09-10,15:12:07.796000,10743,10744,10744,8
2019-09-10,15:12:20.811000,10744,10745,10745,1
2019-09-10,15:12:20.811000,10744,10745,10745,2
2019-09-10,15:12:21.716000,10745,10746,10746,9
2019-09-10,15:12:30.943000,10746,10747,10746,5
2019-09-10,15:12:35.662000,10746,10747,10746,2
2019-09-10,15:12:47.474000,10745,10746,10745,1
2019-09-10,15:12:50.418000,10744,10745,10745,1
2019-09-10,15:12:57.436000,10744,10745,10744,1
2019-09-10,15:13:01.442000,10744,10745,10744,1
2019-09-10,15:13:05.942000,10743,10744,10743,2
2019-09-10,15:13:06.100000,10743,10744,10743,5
2019-09-10,15:13:06.100000,10743,10744,10742,5
2019-09-10,15:13:06.502000,10742,10744,10742,2
2019-09-10,15:13:23.469000,10743,10744,10743,1
2019-09-10,15:13:26.055000,10743,10744,10743,5
2019-09-10,15:13:29.066000,10742,10743,10743,2
2019-09-10,15:13:29.318000,10742,10743,10743,2
2019-09-10,15:13:29.572000,10742,10743,10743,2
2019-09-10,15:13:29.824000,10742,10743,10743,2
2019-09-10,15:13:30.075000,10742,10743,10743,1
2019-09-10,15:13:30.193000,10743,10744,10743,1
2019-09-10,15:13:30.726000,10743,10744,10743,2
2019-09-10,15:13:30.817000,10743,10744,10743,3
2019-09-10,15:14:07.884000,10743,10744,10744,1
2019-09-10,15:14:08.866000,10743,10744,10744,2
2019-09-10,15:14:14.385000,10743,10744,10744,2
2019-09-10,15:14:17.393000,10743,10744,10744,2
2019-09-10,15:14:17.644000,10743,10744,10744,2
2019-09-10,15:14:20.402000,10744,10745,10744,2
2019-09-10,15:14:20.655000,10743,10744,10744,2
2019-09-10,15:14:20.973000,10743,10744,10744,1
2019-09-10,15:14:22.448000,10743,10744,10744,1
2019-09-10,15:14:23.664000,10743,10744,10744,2
2019-09-10,15:14:45.306000,10743,10744,10744,1
2019-09-10,15:14:47.954000,10743,10744,10743,7
2019-09-10,15:14:57.030000,10743,10744,10743,1
2019-09-10,15:15:09.087000,10743,10744,10743,1
2019-09-10,15:15:09.139000,10743,10744,10743,2
2019-09-10,15:15:09.526000,10743,10744,10744,4
2019-09-10,15:15:09.541000,10743,10744,10744,4
2019-09-10,15:15:10.341000,10743,10744,10743,1
2019-09-10,15:15:15.027000,10743,10744,10744,3
2019-09-10,15:15:17.364000,10743,10744,10743,1
2019-09-10,15:15:19.339000,10743,10744,10743,14
2019-09-10,15:15:22.217000,10742,10743,10742,14
2019-09-10,15:15:22.370000,10742,10743,10742,14
2019-09-10,15:15:22.567000,10742,10743,10742,3
2019-09-10,15:15:26.979000,10741,10742,10741,2
2019-09-10,15:15:27.291000,10741,10742,10742,2
2019-09-10,15:15:29.098000,10741,10742,10741,1
2019-09-10,15:15:31.164000,10741,10743,10741,6
2019-09-10,15:15:48.381000,10742,10743,10742,1
2019-09-10,15:15:56.598000,10742,10743,10742,1
2019-09-10,15:15:59.462000,10742,10743,10742,1
2019-09-10,15:16:00.428000,10742,10743,10742,5
2019-09-10,15:16:30.518000,10741,10742,10742,1
2019-09-10,15:16:37.938000,10741,10742,10742,1
2019-09-10,15:16:40.098000,10741,10742,10741,1
2019-09-10,15:16:48.197000,10741,10742,10741,1
2019-09-10,15:16:50.144000,10741,10742,10741,1
2019-09-10,15:16:53.201000,10741,10742,10741,1
2019-09-10,15:16:58.612000,10741,10742,10741,1
2019-09-10,15:17:04.670000,10741,10742,10742,5
2019-09-10,15:17:12.747000,10742,10743,10743,4
2019-09-10,15:17:13.515000,10743,10744,10743,1
2019-09-10,15:17:16.152000,10743,10744,10743,1
2019-09-10,15:17:19.536000,10743,10744,10743,1
2019-09-10,15:17:21.710000,10743,10744,10743,1
2019-09-10,15:17:24.645000,10742,10744,10742,1
2019-09-10,15:17:34.840000,10742,10744,10742,1
2019-09-10,15:17:37.905000,10742,10744,10742,1
2019-09-10,15:17:58.469000,10742,10743,10742,1
2019-09-10,15:17:58.491000,10742,10743,10743,4
2019-09-10,15:17:59.150000,10743,10744,10743,1
2019-09-10,15:18:13.176000,10743,10744,10743,1
2019-09-10,15:18:16.688000,10743,10744,10744,1
2019-09-10,15:18:21.208000,10743,10744,10744,2
2019-09-10,15:18:21.812000,10744,10745,10745,14
2019-09-10,15:18:21.987000,10744,10745,10745,14
2019-09-10,15:18:34.905000,10744,10745,10745,2
2019-09-10,15:18:35.608000,10744,10745,10745,1
2019-09-10,15:18:37.206000,10744,10745,10745,1
2019-09-10,15:18:54.482000,10744,10745,10745,1
2019-09-10,15:18:57.980000,10744,10745,10745,1
2019-09-10,15:19:19.915000,10744,10745,10744,1
2019-09-10,15:19:22.021000,10744,10745,10744,3
2019-09-10,15:19:36.489000,10744,10745,10744,2
2019-09-10,15:19:36.493000,10744,10745,10744,1
2019-09-10,15:19:45.071000,10743,10744,10744,1
2019-09-10,15:19:52.075000,10743,10744,10744,1
2019-09-10,15:19:56.021000,10743,10744,10744,1
2019-09-10,15:20:00.361000,10743,10744,10744,1
2019-09-10,15:20:02.190000,10744,10745,10744,1
2019-09-10,15:20:03.253000,10743,10744,10744,2
2019-09-10,15:20:03.326000,10744,10745,10744,1
2019-09-10,15:20:04.655000,10743,10745,10743,1
2019-09-10,15:20:35.713000,10743,10744,10743,1
2019-09-10,15:20:36.568000,10743,10744,10743,25
2019-09-10,15:20:45.459000,10742,10744,10742,1
2019-09-10,15:21:03.358000,10742,10743,10742,1
2019-09-10,15:21:13.693000,10742,10743,10742,11
2019-09-10,15:21:17.513000,10742,10743,10742,1
2019-09-10,15:21:27.065000,10741,10742,10742,1
2019-09-10,15:21:38.137000,10742,10743,10742,1
2019-09-10,15:21:43.202000,10741,10742,10742,1
2019-09-10,15:22:11.333000,10742,10743,10742,1
2019-09-10,15:22:11.337000,10742,10743,10742,1
2019-09-10,15:22:13.885000,10742,10743,10742,1
2019-09-10,15:22:30.528000,10742,10743,10742,1
2019-09-10,15:22:30.838000,10742,10743,10742,1
2019-09-10,15:22:34.797000,10741,10742,10741,14
2019-09-10,15:22:36.747000,10741,10742,10741,8
2019-09-10,15:22:36.748000,10741,10742,10741,1
2019-09-10,15:22:36.788000,10741,10742,10741,1
2019-09-10,15:22:36.789000,10741,10742,10741,1
2019-09-10,15:22:36.818000,10740,10741,10741,3
2019-09-10,15:22:40.484000,10741,10742,10741,1
2019-09-10,15:22:45.300000,10741,10742,10741,5
2019-09-10,15:22:51.126000,10741,10742,10741,1
2019-09-10,15:22:55.506000,10741,10742,10741,1
2019-09-10,15:23:01.312000,10740,10741,10741,1
2019-09-10,15:23:10.800000,10740,10741,10741,10
2019-09-10,15:23:21.639000,10740,10741,10741,1
2019-09-10,15:23:28.456000,10740,10741,10741,2
2019-09-10,15:23:32.664000,10740,10741,10740,1
2019-09-10,15:23:32.756000,10740,10741,10740,1
2019-09-10,15:23:32.928000,10740,10741,10741,2
2019-09-10,15:23:34.084000,10740,10741,10740,30
2019-09-10,15:23:35.521000,10739,10740,10739,4
2019-09-10,15:23:35.602000,10739,10740,10739,1
2019-09-10,15:23:35.797000,10739,10740,10740,2
2019-09-10,15:23:46.376000,10739,10740,10740,1
2019-09-10,15:23:50.878000,10739,10740,10740,1
2019-09-10,15:24:12.521000,10739,10740,10740,1
2019-09-10,15:24:12.848000,10739,10740,10740,1
2019-09-10,15:24:20.431000,10739,10740,10740,1
2019-09-10,15:24:31.245000,10739,10740,10739,1
2019-09-10,15:24:33.239000,10739,10740,10740,1
2019-09-10,15:24:40.923000,10739,10740,10739,1
2019-09-10,15:24:40.928000,10739,10740,10739,3
2019-09-10,15:24:40.936000,10739,10740,10739,1
2019-09-10,15:24:40.942000,10739,10740,10739,2
2019-09-10,15:24:40.942000,10739,10740,10739,17
2019-09-10,15:24:40.942000,10739,10740,10739,4
2019-09-10,15:24:41.077000,10738,10739,10739,1
2019-09-10,15:24:45.684000,10738,10739,10738,1
2019-09-10,15:24:45.757000,10738,10739,10738,5
2019-09-10,15:24:46.942000,10738,10739,10738,8
2019-09-10,15:24:46.943000,10738,10739,10738,31
2019-09-10,15:24:47.192000,10737,10738,10737,12
2019-09-10,15:24:47.902000,10737,10738,10737,1
2019-09-10,15:24:48.840000,10737,10738,10737,1
2019-09-10,15:24:51.160000,10737,10738,10737,1
2019-09-10,15:24:53.358000,10737,10738,10737,1
2019-09-10,15:24:54.510000,10737,10738,10738,1
2019-09-10,15:24:57.710000,10737,10738,10738,1
2019-09-10,15:25:08.377000,10737,10738,10738,1
2019-09-10,15:25:10.278000,10737,10738,10738,1
2019-09-10,15:25:10.497000,10737,10738,10738,1
2019-09-10,15:25:10.712000,10737,10738,10738,1
2019-09-10,15:25:10.961000,10737,10738,10738,1
2019-09-10,15:25:11.194000,10737,10738,10738,1
2019-09-10,15:25:13.032000,10737,10738,10737,17
2019-09-10,15:25:15.472000,10736,10737,10736,2
2019-09-10,15:25:15.589000,10736,10737,10736,1
2019-09-10,15:25:16.880000,10736,10737,10737,1
2019-09-10,15:25:17.533000,10736,10737,10737,1
2019-09-10,15:25:18.573000,10736,10737,10736,1
2019-09-10,15:25:18.788000,10736,10737,10737,1
2019-09-10,15:25:19.352000,10736,10737,10736,1
2019-09-10,15:25:21.713000,10736,10737,10736,2
2019-09-10,15:25:22.347000,10736,10737,10737,1
2019-09-10,15:25:23.773000,10736,10737,10737,1
2019-09-10,15:25:23.865000,10736,10737,10737,1
2019-09-10,15:25:25.480000,10736,10737,10737,1
2019-09-10,15:25:26.788000,10736,10737,10737,1
2019-09-10,15:25:28.909000,10736,10737,10737,1
2019-09-10,15:25:28.979000,10736,10737,10737,1
2019-09-10,15:25:30.131000,10736,10737,10737,1
2019-09-10,15:25:30.584000,10736,10737,10737,5
2019-09-10,15:25:31.630000,10736,10737,10737,1
2019-09-10,15:25:32.761000,10736,10737,10737,1
2019-09-10,15:25:39.622000,10736,10737,10736,5
2019-09-10,15:25:40.120000,10736,10737,10737,1
2019-09-10,15:25:41.584000,10736,10737,10736,4
2019-09-10,15:25:42.852000,10736,10737,10736,1
2019-09-10,15:25:46.074000,10736,10737,10736,1
2019-09-10,15:25:49.321000,10736,10737,10736,20
2019-09-10,15:25:49.992000,10736,10737,10737,1
2019-09-10,15:25:51.567000,10736,10737,10736,1
2019-09-10,15:25:52.090000,10736,10737,10736,1
2019-09-10,15:25:52.134000,10736,10737,10736,1
2019-09-10,15:25:52.134000,10736,10737,10735,2
2019-09-10,15:25:54.347000,10736,10737,10736,1
2019-09-10,15:25:54.410000,10736,10737,10736,1
2019-09-10,15:26:02.030000,10736,10737,10736,2
2019-09-10,15:26:02.068000,10736,10737,10736,1
2019-09-10,15:26:02.616000,10735,10737,10735,1
2019-09-10,15:26:05.257000,10735,10736,10735,1
2019-09-10,15:26:05.522000,10735,10736,10736,1
2019-09-10,15:26:06.847000,10735,10736,10735,1
2019-09-10,15:26:06.931000,10735,10736,10735,1
2019-09-10,15:26:07.556000,10735,10736,10736,1
2019-09-10,15:26:09.434000,10735,10736,10735,2
2019-09-10,15:26:16.023000,10735,10736,10735,1
2019-09-10,15:26:20.610000,10735,10736,10736,1
2019-09-10,15:26:21.317000,10735,10736,10736,11
2019-09-10,15:26:21.442000,10735,10736,10736,1
2019-09-10,15:26:21.666000,10736,10737,10735,1
2019-09-10,15:26:22.515000,10736,10737,10736,1
2019-09-10,15:26:24.899000,10735,10737,10737,1
2019-09-10,15:26:24.987000,10735,10737,10737,1
2019-09-10,15:26:25.239000,10735,10737,10735,1
2019-09-10,15:26:30.410000,10735,10737,10736,1
2019-09-10,15:26:31.016000,10736,10737,10736,1
2019-09-10,15:26:33.673000,10735,10737,10737,1
2019-09-10,15:26:35.682000,10736,10737,10736,1
2019-09-10,15:26:43.613000,10736,10737,10736,2
2019-09-10,15:26:43.613000,10736,10737,10735,11
2019-09-10,15:26:55.551000,10736,10737,10736,1
2019-09-10,15:26:56.753000,10736,10737,10736,1
2019-09-10,15:27:04.396000,10736,10737,10736,1
2019-09-10,15:27:11.755000,10736,10737,10736,2
2019-09-10,15:27:18.956000,10736,10737,10736,1
2019-09-10,15:27:30.192000,10736,10737,10737,1
2019-09-10,15:27:30.467000,10736,10737,10736,5
2019-09-10,15:27:38.802000,10736,10737,10737,5
2019-09-10,15:27:40.317000,10736,10737,10737,7
2019-09-10,15:27:42.568000,10737,10738,10737,6
2019-09-10,15:27:52.645000,10737,10738,10737,1
2019-09-10,15:27:54.083000,10737,10738,10737,1
2019-09-10,15:27:54.779000,10737,10738,10737,1
2019-09-10,15:28:09.292000,10736,10737,10737,1
2019-09-10,15:28:10.241000,10736,10737,10737,3
2019-09-10,15:28:10.269000,10736,10737,10737,1
2019-09-10,15:28:10.269000,10736,10737,10738,2
2019-09-10,15:28:10.411000,10736,10738,10737,1
2019-09-10,15:28:12.942000,10736,10737,10737,1
2019-09-10,15:28:13.808000,10736,10737,10737,1
2019-09-10,15:28:16.951000,10736,10737,10737,1
2019-09-10,15:28:20.995000,10736,10737,10737,1
2019-09-10,15:28:26.071000,10736,10738,10736,1
2019-09-10,15:28:46.878000,10736,10737,10737,3
2019-09-10,15:28:49.826000,10736,10737,10737,1
2019-09-10,15:28:53.025000,10736,10737,10737,1
2019-09-10,15:28:54.540000,10736,10737,10736,1
2019-09-10,15:29:10.403000,10736,10737,10737,1
2019-09-10,15:29:11.317000,10736,10737,10736,2
2019-09-10,15:29:27.662000,10736,10737,10737,1
2019-09-10,15:29:34.890000,10736,10737,10736,3
2019-09-10,15:29:39.787000,10736,10737,10736,3
2019-09-10,15:29:47.079000,10736,10737,10736,1
2019-09-10,15:29:47.225000,10736,10737,10736,1
2019-09-10,15:29:55.016000,10736,10737,10736,2
2019-09-10,15:29:55.078000,10736,10737,10737,5
2019-09-10,15:30:01.070000,10736,10737,10736,2
2019-09-10,15:30:01.072000,10736,10737,10736,1
2019-09-10,15:30:01.072000,10736,10737,10736,6
2019-09-10,15:30:01.192000,10736,10737,10736,5
2019-09-10,15:30:02.366000,10735,10736,10735,1
2019-09-10,15:30:02.462000,10735,10736,10735,3
2019-09-10,15:30:02.471000,10735,10736,10735,2
2019-09-10,15:30:06.256000,10735,10736,10735,2
2019-09-10,15:30:09.688000,10735,10736,10735,12
2019-09-10,15:30:09.688000,10735,10736,10735,4
2019-09-10,15:30:09.692000,10735,10736,10735,15
2019-09-10,15:30:09.692000,10735,10736,10735,2
2019-09-10,15:30:18.499000,10734,10735,10734,2
2019-09-10,15:30:18.741000,10734,10735,10734,10
2019-09-10,15:30:18.746000,10734,10735,10734,1
2019-09-10,15:30:18.759000,10734,10735,10734,1
2019-09-10,15:30:18.797000,10734,10735,10734,2
2019-09-10,15:30:18.797000,10734,10735,10735,1
2019-09-10,15:30:18.801000,10734,10735,10733,10
2019-09-10,15:30:18.850000,10733,10735,10734,1
2019-09-10,15:30:19.102000,10733,10734,10734,1
2019-09-10,15:30:19.248000,10734,10735,10734,1
2019-09-10,15:30:23.667000,10734,10735,10734,1
2019-09-10,15:30:30.160000,10734,10735,10734,1
2019-09-10,15:30:34.398000,10734,10735,10734,3
2019-09-10,15:30:35.374000,10734,10735,10734,3
2019-09-10,15:30:36.069000,10734,10735,10734,1
2019-09-10,15:30:38.382000,10734,10735,10734,1
2019-09-10,15:30:41.641000,10734,10735,10735,2
2019-09-10,15:30:42.254000,10735,10736,10735,1
2019-09-10,15:30:47.066000,10735,10736,10736,2
2019-09-10,15:31:07.147000,10735,10736,10735,1
2019-09-10,15:31:07.929000,10735,10736,10736,2
2019-09-10,15:31:08.355000,10735,10736,10735,2
2019-09-10,15:31:20.082000,10735,10736,10735,1
2019-09-10,15:31:50.676000,10735,10736,10735,15
2019-09-10,15:31:56.970000,10735,10736,10736,1
2019-09-10,15:31:57.483000,10735,10736,10735,2
2019-09-10,15:31:59.567000,10735,10736,10736,18
2019-09-10,15:32:05.319000,10736,10737,10736,1
2019-09-10,15:32:10.579000,10736,10737,10736,1
2019-09-10,15:32:10.579000,10736,10737,10735,16
2019-09-10,15:32:15.754000,10735,10736,10735,1
2019-09-10,15:32:22.019000,10735,10736,10735,5
2019-09-10,15:32:26.200000,10735,10736,10736,1
2019-09-10,15:32:26.733000,10735,10736,10735,2
2019-09-10,15:32:28.856000,10735,10736,10735,44
2019-09-10,15:32:28.856000,10735,10736,10734,56
2019-09-10,15:32:28.942000,10734,10735,10734,9
2019-09-10,15:32:28.942000,10734,10735,10734,5
2019-09-10,15:32:28.942000,10734,10735,10734,2
2019-09-10,15:32:28.942000,10734,10735,10734,3
2019-09-10,15:32:28.943000,10734,10735,10734,2
2019-09-10,15:32:28.948000,10734,10735,10734,5
2019-09-10,15:32:29.067000,10733,10734,10733,5
2019-09-10,15:32:29.068000,10733,10734,10734,1
2019-09-10,15:32:29.409000,10733,10734,10734,4
2019-09-10,15:32:40.721000,10734,10735,10735,2
2019-09-10,15:32:40.721000,10734,10735,10735,7
2019-09-10,15:32:48.922000,10735,10736,10736,2
2019-09-10,15:33:00.974000,10735,10736,10736,1
2019-09-10,15:33:00.986000,10735,10736,10735,1
2019-09-10,15:33:07.140000,10735,10736,10736,1
2019-09-10,15:33:07.442000,10735,10736,10736,12
2019-09-10,15:33:12.066000,10736,10737,10736,1
2019-09-10,15:33:16.912000,10736,10737,10737,1
2019-09-10,15:33:28.631000,10736,10737,10737,1
2019-09-10,15:33:32.801000,10736,10737,10737,2
2019-09-10,15:33:32.801000,10736,10737,10737,4
2019-09-10,15:33:36.719000,10737,10738,10738,9
2019-09-10,15:33:36.719000,10737,10738,10738,1
2019-09-10,15:33:36.719000,10737,10738,10738,1
2019-09-10,15:33:39.345000,10738,10739,10738,29
2019-09-10,15:33:40.867000,10737,10738,10738,2
2019-09-10,15:33:45.671000,10737,10738,10738,12
2019-09-10,15:33:45.671000,10737,10738,10739,2
2019-09-10,15:33:50.152000,10737,10738,10738,5
2019-09-10,15:33:55.011000,10737,10738,10738,1
2019-09-10,15:33:55.849000,10737,10738,10738,4
2019-09-10,15:33:57.204000,10737,10738,10738,1
2019-09-10,15:33:59.748000,10737,10738,10738,1
2019-09-10,15:34:02.192000,10737,10738,10738,1
2019-09-10,15:34:05.990000,10738,10739,10739,1
2019-09-10,15:34:11.638000,10738,10739,10739,3
2019-09-10,15:34:12.817000,10739,10740,10739,1
2019-09-10,15:34:13.463000,10738,10740,10740,1
2019-09-10,15:34:14.124000,10738,10739,10739,1
2019-09-10,15:34:20.985000,10738,10739,10738,4
2019-09-10,15:34:23.091000,10738,10739,10739,1
2019-09-10,15:34:34.317000,10738,10739,10738,4
2019-09-10,15:34:41.558000,10737,10738,10738,1
2019-09-10,15:34:54.289000,10737,10738,10738,3
2019-09-10,15:35:00.638000,10737,10738,10737,1
2019-09-10,15:35:01.102000,10737,10738,10737,1
2019-09-10,15:35:01.630000,10737,10738,10737,1
2019-09-10,15:35:02.124000,10737,10738,10737,1
2019-09-10,15:35:02.680000,10737,10738,10737,1
2019-09-10,15:35:18.305000,10737,10738,10737,1
2019-09-10,15:35:25.227000,10737,10738,10737,2
2019-09-10,15:35:31.168000,10737,10738,10737,1
2019-09-10,15:35:41.192000,10736,10737,10736,7
2019-09-10,15:35:41.991000,10735,10737,10737,1
2019-09-10,15:35:50.484000,10736,10737,10737,1
2019-09-10,15:35:57.141000,10736,10737,10736,1
2019-09-10,15:35:57.142000,10736,10737,10736,4
2019-09-10,15:36:03.129000,10735,10736,10736,1
2019-09-10,15:36:23.070000,10736,10737,10736,1
2019-09-10,15:36:29.530000,10735,10737,10737,5
2019-09-10,15:36:29.567000,10735,10737,10736,1
2019-09-10,15:36:40.442000,10736,10737,10736,1
2019-09-10,15:36:43.821000,10736,10737,10736,1
2019-09-10,15:36:46.185000,10735,10736,10736,1
2019-09-10,15:36:52.184000,10736,10737,10737,12
2019-09-10,15:37:00.968000,10737,10738,10737,1
2019-09-10,15:37:02.288000,10737,10738,10738,1
2019-09-10,15:37:02.624000,10737,10738,10738,1
2019-09-10,15:37:07.396000,10737,10738,10737,3
2019-09-10,15:37:10.359000,10737,10738,10737,5
2019-09-10,15:37:10.359000,10737,10738,10736,5
2019-09-10,15:37:34.521000,10736,10737,10736,1
2019-09-10,15:37:38.770000,10736,10737,10736,1
2019-09-10,15:37:50.069000,10736,10737,10736,5
2019-09-10,15:39:02.462000,10735,10736,10735,3
2019-09-10,15:39:04.758000,10735,10736,10736,1
2019-09-10,15:39:15.488000,10735,10736,10735,1
2019-09-10,15:39:18.343000,10735,10736,10735,1
2019-09-10,15:39:21.098000,10735,10736,10736,1
2019-09-10,15:39:23.656000,10735,10736,10735,2
2019-09-10,15:39:24.609000,10735,10736,10735,2
2019-09-10,15:39:25.417000,10735,10736,10735,1
2019-09-10,15:39:25.958000,10735,10736,10735,12
2019-09-10,15:39:27.143000,10734,10735,10735,1
2019-09-10,15:39:29.686000,10734,10735,10735,1
2019-09-10,15:39:40.846000,10734,10735,10735,3
2019-09-10,15:39:43.619000,10734,10735,10735,1
2019-09-10,15:39:43.696000,10734,10736,10734,1
2019-09-10,15:39:44.694000,10734,10736,10734,1
2019-09-10,15:39:45.312000,10735,10736,10735,1
2019-09-10,15:39:47.810000,10734,10736,10735,1
2019-09-10,15:39:50.703000,10734,10735,10734,2
2019-09-10,15:39:57.145000,10734,10735,10735,2
2019-09-10,15:39:57.505000,10734,10735,10734,1
2019-09-10,15:40:01.664000,10734,10735,10734,1
2019-09-10,15:40:02.135000,10734,10735,10734,1
2019-09-10,15:40:03.703000,10734,10735,10734,1
2019-09-10,15:40:05.076000,10734,10735,10735,2
2019-09-10,15:40:13.097000,10735,10736,10735,9
2019-09-10,15:40:13.367000,10734,10735,10735,1
2019-09-10,15:40:14.275000,10734,10735,10734,1
2019-09-10,15:40:19.053000,10734,10735,10735,1
2019-09-10,15:40:20.415000,10734,10735,10734,1
2019-09-10,15:40:24.995000,10734,10735,10734,1
2019-09-10,15:40:25.512000,10734,10735,10735,1
2019-09-10,15:40:27.537000,10734,10735,10734,1
2019-09-10,15:40:28.181000,10734,10735,10734,1
2019-09-10,15:40:31.314000,10734,10735,10735,1
2019-09-10,15:40:31.347000,10734,10735,10734,1
2019-09-10,15:40:41.139000,10734,10735,10735,1
2019-09-10,15:40:49.188000,10734,10735,10734,1
2019-09-10,15:40:49.188000,10734,10735,10734,2
2019-09-10,15:40:49.191000,10734,10735,10734,2
2019-09-10,15:40:49.192000,10734,10735,10734,4
2019-09-10,15:40:49.192000,10734,10735,10734,2
2019-09-10,15:40:49.192000,10734,10735,10734,3
2019-09-10,15:40:50.855000,10733,10734,10734,1
2019-09-10,15:40:53.401000,10733,10734,10733,1
2019-09-10,15:40:53.449000,10733,10734,10733,1
2019-09-10,15:40:58.180000,10733,10734,10733,5
2019-09-10,15:41:02.676000,10733,10734,10733,10
2019-09-10,15:41:02.865000,10733,10734,10733,1
2019-09-10,15:41:04.222000,10733,10734,10733,1
2019-09-10,15:41:04.317000,10733,10734,10733,1
2019-09-10,15:41:09.919000,10732,10733,10732,54
2019-09-10,15:41:10.319000,10731,10732,10732,3
2019-09-10,15:41:11.778000,10731,10732,10732,1
2019-09-10,15:41:12.813000,10731,10732,10732,1
2019-09-10,15:41:13.454000,10731,10732,10731,1
2019-09-10,15:41:13.595000,10731,10732,10731,2
2019-09-10,15:41:13.633000,10731,10732,10732,1
2019-09-10,15:41:13.717000,10731,10732,10731,2
2019-09-10,15:41:13.741000,10731,10732,10731,1
2019-09-10,15:41:13.822000,10731,10732,10732,3
2019-09-10,15:41:13.848000,10731,10732,10731,1
2019-09-10,15:41:13.855000,10731,10732,10731,1
2019-09-10,15:41:13.886000,10731,10732,10731,6
2019-09-10,15:41:13.886000,10731,10732,10731,1
2019-09-10,15:41:14.042000,10731,10732,10731,1
2019-09-10,15:41:14.050000,10731,10732,10731,4
2019-09-10,15:41:14.077000,10731,10732,10731,4
2019-09-10,15:41:14.124000,10731,10732,10731,1
2019-09-10,15:41:14.223000,10731,10732,10731,1
2019-09-10,15:41:14.224000,10731,10732,10731,1
2019-09-10,15:41:14.388000,10731,10732,10731,1
2019-09-10,15:41:14.446000,10731,10732,10731,10
2019-09-10,15:41:14.446000,10731,10732,10731,1
2019-09-10,15:41:14.710000,10731,10732,10731,1
2019-09-10,15:41:14.735000,10731,10732,10731,10
2019-09-10,15:41:14.817000,10731,10732,10731,2
2019-09-10,15:41:14.817000,10731,10732,10731,4
2019-09-10,15:41:14.817000,10731,10732,10731,11
2019-09-10,15:41:14.942000,10731,10732,10731,4
2019-09-10,15:41:14.942000,10731,10732,10731,2
2019-09-10,15:41:15.007000,10731,10732,10731,4
2019-09-10,15:41:15.029000,10731,10732,10730,1
2019-09-10,15:41:15.111000,10730,10731,10730,15
2019-09-10,15:41:15.128000,10730,10731,10730,1
2019-09-10,15:41:15.129000,10730,10731,10730,5
2019-09-10,15:41:15.130000,10730,10731,10730,1
2019-09-10,15:41:15.139000,10730,10731,10730,1
2019-09-10,15:41:15.180000,10730,10731,10730,1
2019-09-10,15:41:15.205000,10730,10731,10730,1
2019-09-10,15:41:15.277000,10730,10731,10730,1
2019-09-10,15:41:15.308000,10730,10731,10730,1
2019-09-10,15:41:15.361000,10730,10731,10730,1
2019-09-10,15:41:15.381000,10730,10731,10731,3
2019-09-10,15:41:15.417000,10730,10731,10730,3
2019-09-10,15:41:15.419000,10730,10731,10730,1
2019-09-10,15:41:15.538000,10730,10731,10730,1
2019-09-10,15:41:15.616000,10730,10731,10730,3
2019-09-10,15:41:15.644000,10730,10731,10730,2
2019-09-10,15:41:15.680000,10730,10731,10730,1
2019-09-10,15:41:15.823000,10730,10731,10730,2
2019-09-10,15:41:15.971000,10730,10731,10730,1
2019-09-10,15:41:16.075000,10730,10731,10730,10
2019-09-10,15:41:16.797000,10730,10731,10731,1
2019-09-10,15:41:17.918000,10730,10731,10731,3
2019-09-10,15:41:20.758000,10730,10731,10730,2
2019-09-10,15:41:21.147000,10730,10731,10730,1
2019-09-10,15:41:21.411000,10730,10731,10730,5
2019-09-10,15:41:21.620000,10730,10731,10730,3
2019-09-10,15:41:21.988000,10730,10731,10730,5
2019-09-10,15:41:22.733000,10730,10731,10730,1
2019-09-10,15:41:23.069000,10730,10731,10730,1
2019-09-10,15:41:23.526000,10730,10731,10730,1
2019-09-10,15:41:24.117000,10730,10731,10730,5
2019-09-10,15:41:24.811000,10729,10731,10730,1
2019-09-10,15:41:24.811000,10729,10731,10731,2
2019-09-10,15:41:25.289000,10729,10731,10730,1
2019-09-10,15:41:25.802000,10730,10731,10730,3
2019-09-10,15:41:27.111000,10730,10731,10730,1
2019-09-10,15:41:30.128000,10730,10731,10730,1
2019-09-10,15:41:31.130000,10730,10731,10730,3
2019-09-10,15:41:32.784000,10730,10731,10730,5
2019-09-10,15:41:36.755000,10730,10731,10730,3
2019-09-10,15:41:38.496000,10730,10731,10731,1
2019-09-10,15:41:42.617000,10730,10731,10731,1
2019-09-10,15:41:43.162000,10730,10731,10731,1
2019-09-10,15:41:44.084000,10730,10731,10730,3
2019-09-10,15:41:44.745000,10730,10731,10731,1
2019-09-10,15:41:48.170000,10730,10731,10731,5
2019-09-10,15:41:51.093000,10730,10731,10730,1
2019-09-10,15:41:52.072000,10730,10731,10731,1
2019-09-10,15:41:54.691000,10730,10731,10731,14
2019-09-10,15:41:55.864000,10731,10732,10731,1
2019-09-10,15:41:55.973000,10731,10732,10732,3
2019-09-10,15:41:58.607000,10732,10734,10732,3
2019-09-10,15:41:58.899000,10732,10734,10732,1
2019-09-10,15:42:02.586000,10732,10734,10732,2
2019-09-10,15:42:02.875000,10732,10734,10732,2
2019-09-10,15:42:03.455000,10732,10734,10732,1
2019-09-10,15:42:05.912000,10732,10734,10732,2
2019-09-10,15:42:12.898000,10732,10733,10732,3
2019-09-10,15:42:26.408000,10731,10732,10732,1
2019-09-10,15:42:29.511000,10731,10732,10732,1
2019-09-10,15:42:33.558000,10731,10732,10732,1
2019-09-10,15:42:37.133000,10731,10732,10732,1
2019-09-10,15:42:38.810000,10731,10732,10732,7
2019-09-10,15:42:39.933000,10732,10733,10732,1
2019-09-10,15:42:40.998000,10732,10733,10732,2
2019-09-10,15:42:41.371000,10732,10733,10732,3
2019-09-10,15:42:41.915000,10732,10733,10732,1
2019-09-10,15:42:49.797000,10732,10733,10733,3
2019-09-10,15:43:00.204000,10732,10733,10733,1
2019-09-10,15:43:05.910000,10732,10733,10733,1
2019-09-10,15:43:09.306000,10732,10733,10733,1
2019-09-10,15:43:12.394000,10732,10733,10732,4
2019-09-10,15:43:14.187000,10732,10733,10732,1
2019-09-10,15:43:14.990000,10732,10733,10733,1
2019-09-10,15:43:25.837000,10732,10733,10732,3
2019-09-10,15:43:27.663000,10732,10733,10733,1
2019-09-10,15:43:29.216000,10732,10733,10732,2
2019-09-10,15:43:29.891000,10732,10733,10732,1
2019-09-10,15:43:38.119000,10732,10733,10733,1
2019-09-10,15:43:39.056000,10732,10733,10733,1
2019-09-10,15:43:40.991000,10732,10733,10733,1
2019-09-10,15:43:42.846000,10732,10733,10733,1
2019-09-10,15:43:50.158000,10732,10733,10733,1
2019-09-10,15:43:51.692000,10732,10733,10733,1
2019-09-10,15:43:52.085000,10732,10733,10733,5
2019-09-10,15:43:56.697000,10732,10733,10733,2
2019-09-10,15:43:58.531000,10733,10734,10733,2
2019-09-10,15:44:01.178000,10733,10734,10733,2
2019-09-10,15:44:14.235000,10733,10734,10733,1
2019-09-10,15:44:14.484000,10733,10734,10733,1
2019-09-10,15:44:19.516000,10733,10734,10733,1
2019-09-10,15:44:25.357000,10733,10734,10733,1
2019-09-10,15:44:27.164000,10732,10733,10733,2
2019-09-10,15:44:34.694000,10732,10734,10734,2
2019-09-10,15:44:35.513000,10732,10734,10734,2
2019-09-10,15:44:38.607000,10733,10734,10734,1
2019-09-10,15:44:42.856000,10733,10734,10733,7
2019-09-10,15:44:56.865000,10732,10733,10733,1
2019-09-10,15:45:06.196000,10732,10733,10733,1
2019-09-10,15:45:06.782000,10733,10734,10733,1
2019-09-10,15:45:07.742000,10733,10734,10733,1
2019-09-10,15:45:09.881000,10733,10734,10733,1
2019-09-10,15:45:10.090000,10733,10734,10733,1
2019-09-10,15:45:26.313000,10733,10734,10734,1
2019-09-10,15:45:29.030000,10733,10734,10733,1
2019-09-10,15:45:47.628000,10732,10733,10733,1
2019-09-10,15:45:58.541000,10732,10733,10733,1
2019-09-10,15:45:59.479000,10733,10734,10734,1
2019-09-10,15:46:08.039000,10733,10734,10734,10
2019-09-10,15:46:09.647000,10733,10734,10734,1
2019-09-10,15:46:09.724000,10733,10734,10734,1
2019-09-10,15:46:14.539000,10733,10734,10734,2
2019-09-10,15:46:14.543000,10733,10734,10734,1
2019-09-10,15:46:16.122000,10733,10734,10733,10
2019-09-10,15:46:16.339000,10733,10734,10733,10
2019-09-10,15:46:16.536000,10733,10734,10733,2
2019-09-10,15:46:18.951000,10732,10733,10733,5
2019-09-10,15:46:19.040000,10732,10733,10733,10
2019-09-10,15:46:22.400000,10732,10733,10733,1
2019-09-10,15:46:23.053000,10732,10733,10733,1
2019-09-10,15:46:24.681000,10732,10733,10733,10
2019-09-10,15:46:29.765000,10732,10733,10733,2
2019-09-10,15:46:32.202000,10733,10734,10733,1
2019-09-10,15:46:36.858000,10733,10734,10733,6
2019-09-10,15:46:51.697000,10733,10734,10733,1
2019-09-10,15:47:40.450000,10733,10734,10734,5
2019-09-10,15:47:51.997000,10733,10734,10734,1
2019-09-10,15:48:01.012000,10733,10734,10734,5
2019-09-10,15:48:01.127000,10733,10734,10734,1
2019-09-10,15:48:01.183000,10733,10734,10734,2
2019-09-10,15:48:01.183000,10733,10734,10735,1
2019-09-10,15:48:01.920000,10734,10735,10734,1
2019-09-10,15:48:05.043000,10734,10735,10734,1
2019-09-10,15:48:05.045000,10734,10735,10734,2
2019-09-10,15:48:06.017000,10734,10735,10734,1
2019-09-10,15:48:09.200000,10733,10734,10733,1
2019-09-10,15:48:17.009000,10733,10734,10734,2
2019-09-10,15:48:30.470000,10733,10734,10734,1
2019-09-10,15:48:32.010000,10733,10734,10734,1
2019-09-10,15:48:32.817000,10733,10734,10734,1
2019-09-10,15:48:36.367000,10733,10735,10733,1
2019-09-10,15:48:40.611000,10733,10734,10733,1
2019-09-10,15:48:42.895000,10733,10734,10733,1
2019-09-10,15:48:51.705000,10733,10734,10734,1
2019-09-10,15:48:56.437000,10733,10734,10734,2
2019-09-10,15:49:20.045000,10734,10735,10735,1
2019-09-10,15:49:22.612000,10734,10735,10735,1
2019-09-10,15:49:23.850000,10734,10735,10735,1
2019-09-10,15:49:25.857000,10734,10735,10735,1
2019-09-10,15:49:30.959000,10734,10735,10735,1
2019-09-10,15:49:31.300000,10734,10735,10735,1
2019-09-10,15:49:37.327000,10734,10735,10734,1
2019-09-10,15:49:40.293000,10734,10735,10734,2
2019-09-10,15:49:42.030000,10734,10735,10735,1
2019-09-10,15:49:42.880000,10734,10735,10735,1
2019-09-10,15:49:44.352000,10734,10735,10735,4
2019-09-10,15:49:44.946000,10734,10735,10735,1
2019-09-10,15:49:48.022000,10734,10735,10735,1
2019-09-10,15:49:53.736000,10734,10735,10735,16
2019-09-10,15:49:57.400000,10735,10736,10736,1
2019-09-10,15:50:13.356000,10735,10736,10736,1
2019-09-10,15:50:14.649000,10735,10736,10736,1
2019-09-10,15:50:16.815000,10735,10736,10735,1
2019-09-10,15:50:40.564000,10735,10736,10736,4
2019-09-10,15:50:41.218000,10735,10736,10735,1
2019-09-10,15:50:42.731000,10735,10736,10736,1
2019-09-10,15:50:45.485000,10735,10736,10736,10
2019-09-10,15:50:45.643000,10736,10737,10736,1
2019-09-10,15:50:50.230000,10736,10737,10737,1
2019-09-10,15:50:51.150000,10736,10737,10737,1
2019-09-10,15:50:51.161000,10736,10737,10737,1
2019-09-10,15:50:51.499000,10736,10737,10737,18
2019-09-10,15:50:51.567000,10736,10737,10737,2
2019-09-10,15:50:51.568000,10736,10737,10737,4
2019-09-10,15:50:51.568000,10736,10737,10737,2
2019-09-10,15:50:51.568000,10736,10737,10737,1
2019-09-10,15:50:51.568000,10736,10737,10737,2
2019-09-10,15:50:51.568000,10736,10737,10737,1
2019-09-10,15:50:51.568000,10736,10737,10737,2
2019-09-10,15:50:51.768000,10737,10738,10737,1
2019-09-10,15:50:53.892000,10737,10738,10737,3
2019-09-10,15:50:54.395000,10737,10738,10738,1
2019-09-10,15:50:54.496000,10737,10738,10738,1
2019-09-10,15:50:54.593000,10737,10738,10738,1
2019-09-10,15:50:56.440000,10737,10738,10737,2
2019-09-10,15:50:56.732000,10736,10738,10738,1
2019-09-10,15:51:09.639000,10737,10738,10737,1
2019-09-10,15:51:10.346000,10736,10737,10737,1
2019-09-10,15:51:12.097000,10736,10737,10737,1
2019-09-10,15:51:14.290000,10736,10737,10736,1
2019-09-10,15:51:14.563000,10735,10736,10736,2
2019-09-10,15:51:16.591000,10735,10737,10737,1
2019-09-10,15:51:18.426000,10736,10737,10737,1
2019-09-10,15:51:25.042000,10736,10737,10737,1
2019-09-10,15:51:26.948000,10736,10737,10737,1
2019-09-10,15:51:31.934000,10736,10737,10737,1
2019-09-10,15:51:32.745000,10736,10737,10737,1
2019-09-10,15:51:35.216000,10736,10737,10737,1
2019-09-10,15:51:42.743000,10736,10737,10737,1
2019-09-10,15:51:52.724000,10736,10737,10737,1
2019-09-10,15:51:57.768000,10736,10737,10737,1
2019-09-10,15:52:04.777000,10736,10737,10737,1
2019-09-10,15:52:04.807000,10736,10737,10736,1
2019-09-10,15:52:07.446000,10736,10737,10736,1
2019-09-10,15:52:07.820000,10736,10737,10737,1
2019-09-10,15:52:43.928000,10736,10737,10737,1
2019-09-10,15:52:45.472000,10736,10737,10737,1
2019-09-10,15:52:45.820000,10736,10737,10737,1
2019-09-10,15:52:46.393000,10736,10737,10737,1
2019-09-10,15:52:49.827000,10736,10737,10737,1
2019-09-10,15:52:51.800000,10736,10737,10737,1
2019-09-10,15:52:59.500000,10736,10737,10737,2
2019-09-10,15:53:05.883000,10736,10737,10737,1
2019-09-10,15:53:17.081000,10736,10737,10737,1
2019-09-10,15:53:21.364000,10736,10737,10736,1
2019-09-10,15:53:21.442000,10736,10737,10736,6
2019-09-10,15:53:21.567000,10736,10737,10736,2
2019-09-10,15:53:23.321000,10736,10737,10737,1
2019-09-10,15:53:31.674000,10736,10737,10736,1
2019-09-10,15:53:39.076000,10736,10737,10736,1
2019-09-10,15:53:44.260000,10736,10737,10736,2
2019-09-10,15:53:44.852000,10736,10737,10736,1
2019-09-10,15:53:52.818000,10736,10737,10736,1
2019-09-10,15:54:27.200000,10736,10737,10737,1
2019-09-10,15:54:27.969000,10736,10737,10737,1
2019-09-10,15:54:27.976000,10736,10737,10737,1
2019-09-10,15:54:29.694000,10736,10737,10737,10
2019-09-10,15:54:29.963000,10736,10737,10737,10
2019-09-10,15:54:30.067000,10736,10737,10737,7
2019-09-10,15:54:32.897000,10737,10738,10737,2
2019-09-10,15:54:32.898000,10737,10738,10737,4
2019-09-10,15:54:32.899000,10737,10738,10737,2
2019-09-10,15:54:32.903000,10737,10738,10737,2
2019-09-10,15:54:45.017000,10737,10738,10737,1
2019-09-10,15:54:45.393000,10736,10737,10737,1
2019-09-10,15:54:59.768000,10737,10738,10737,1
2019-09-10,15:55:02.335000,10737,10738,10737,2
2019-09-10,15:55:02.737000,10737,10738,10738,1
2019-09-10,15:55:25.209000,10737,10738,10737,1
2019-09-10,15:55:28.657000,10737,10738,10737,4
2019-09-10,15:55:29.570000,10736,10737,10737,1
2019-09-10,15:55:32.755000,10736,10737,10737,1
2019-09-10,15:55:36.911000,10736,10737,10737,1
2019-09-10,15:55:42.971000,10736,10737,10737,1
2019-09-10,15:55:46.243000,10736,10737,10737,1
2019-09-10,15:56:11.150000,10736,10737,10737,2
2019-09-10,15:56:22.765000,10736,10737,10737,5
2019-09-10,15:56:22.769000,10736,10737,10737,2
2019-09-10,15:56:22.769000,10736,10737,10737,1
2019-09-10,15:56:22.769000,10736,10737,10737,3
2019-09-10,15:56:22.770000,10736,10737,10737,2
2019-09-10,15:56:22.770000,10736,10737,10737,4
2019-09-10,15:56:38.347000,10736,10737,10737,1
2019-09-10,15:56:49.031000,10736,10737,10736,1
2019-09-10,15:56:57.302000,10736,10737,10737,1
2019-09-10,15:57:05.790000,10736,10737,10736,2
2019-09-10,15:57:15.224000,10736,10737,10736,1
2019-09-10,15:57:22.420000,10736,10737,10736,1
2019-09-10,15:57:25.904000,10736,10737,10736,1
2019-09-10,15:57:25.942000,10736,10737,10736,6
2019-09-10,15:57:26.067000,10736,10737,10736,7
2019-09-10,15:57:26.192000,10736,10737,10736,1
2019-09-10,15:57:41.877000,10735,10736,10735,1
2019-09-10,15:57:57.837000,10735,10736,10735,3
2019-09-10,15:57:57.837000,10735,10736,10735,1
2019-09-10,15:57:57.942000,10735,10736,10735,4
2019-09-10,15:57:58.067000,10735,10736,10735,2
2019-09-10,15:57:58.067000,10735,10736,10735,4
2019-09-10,15:57:58.067000,10735,10736,10735,2
2019-09-10,15:57:58.067000,10735,10736,10735,10
2019-09-10,15:58:02.261000,10734,10735,10734,1
2019-09-10,15:58:07.992000,10734,10735,10734,1
2019-09-10,15:58:08.121000,10734,10735,10734,1
2019-09-10,15:58:11.683000,10734,10735,10734,2
2019-09-10,15:58:11.724000,10734,10735,10735,1
2019-09-10,15:58:11.724000,10734,10735,10735,1
2019-09-10,15:58:12.387000,10734,10735,10735,27
2019-09-10,15:58:15.504000,10735,10736,10735,1
2019-09-10,15:58:17.913000,10735,10736,10735,1
2019-09-10,15:58:24.910000,10735,10736,10735,1
2019-09-10,15:58:35.159000,10734,10735,10735,1
2019-09-10,15:58:41.091000,10734,10735,10735,1
2019-09-10,15:59:03.626000,10735,10736,10735,1
2019-09-10,15:59:04.181000,10735,10736,10735,1
2019-09-10,15:59:04.221000,10734,10736,10734,1
2019-09-10,15:59:07.251000,10734,10736,10736,1
2019-09-10,15:59:08.052000,10734,10736,10736,1
2019-09-10,15:59:10.907000,10734,10736,10736,1
2019-09-10,15:59:12.660000,10734,10736,10736,1
2019-09-10,15:59:44.782000,10735,10736,10735,2
2019-09-10,15:59:58.903000,10735,10736,10735,1
2019-09-10,16:00:00.433000,10735,10736,10735,1
2019-09-10,16:00:00.848000,10735,10736,10735,1
2019-09-10,16:00:01.533000,10735,10736,10735,1
2019-09-10,16:00:02.654000,10734,10735,10734,5
2019-09-10,16:00:02.659000,10734,10735,10734,1
2019-09-10,16:00:03.195000,10734,10735,10735,2
2019-09-10,16:00:12.320000,10735,10736,10735,1
2019-09-10,16:00:15.253000,10734,10735,10735,1
2019-09-10,16:00:24.663000,10734,10736,10734,1
2019-09-10,16:00:32.105000,10734,10735,10734,1
2019-09-10,16:00:33.005000,10734,10735,10735,1
2019-09-10,16:00:33.008000,10734,10735,10735,1
2019-09-10,16:00:43.540000,10735,10736,10736,1
2019-09-10,16:00:48.064000,10735,10736,10736,1
2019-09-10,16:00:58.600000,10735,10736,10735,1
2019-09-10,16:01:01.483000,10735,10736,10735,1
2019-09-10,16:01:03.360000,10735,10736,10735,1
2019-09-10,16:01:04.377000,10735,10736,10735,1
2019-09-10,16:01:58.449000,10735,10736,10735,15
2019-09-10,16:02:04.321000,10734,10735,10735,5
2019-09-10,16:02:34.284000,10734,10735,10735,5
2019-09-10,16:02:36.726000,10734,10735,10735,1
2019-09-10,16:03:02.841000,10735,10736,10735,4
2019-09-10,16:03:03.221000,10734,10735,10735,4
2019-09-10,16:03:03.896000,10735,10736,10735,1
2019-09-10,16:03:06.967000,10734,10735,10735,1
2019-09-10,16:03:28.120000,10734,10735,10734,5
2019-09-10,16:03:32.301000,10734,10735,10734,1
2019-09-10,16:03:49.865000,10734,10735,10734,1
2019-09-10,16:03:51.001000,10734,10735,10734,1
2019-09-10,16:03:53.706000,10734,10735,10734,1
2019-09-10,16:04:02.591000,10734,10735,10734,1
2019-09-10,16:04:05.362000,10734,10735,10734,1
2019-09-10,16:04:06.597000,10734,10735,10734,1
2019-09-10,16:04:09.200000,10734,10735,10734,1
2019-09-10,16:04:20.377000,10734,10735,10734,1
2019-09-10,16:04:22.073000,10734,10735,10734,3
2019-09-10,16:05:00.448000,10733,10734,10734,4
2019-09-10,16:05:00.448000,10733,10734,10734,16
2019-09-10,16:05:00.520000,10733,10734,10734,3
2019-09-10,16:05:00.520000,10733,10734,10734,1
2019-09-10,16:05:32.485000,10734,10735,10734,1
2019-09-10,16:05:35.925000,10734,10735,10734,6
2019-09-10,16:05:36.321000,10733,10734,10734,1
2019-09-10,16:05:41.797000,10733,10734,10733,1
2019-09-10,16:05:41.855000,10733,10734,10733,3
2019-09-10,16:05:42.217000,10733,10734,10733,1
2019-09-10,16:06:10.952000,10733,10734,10734,1
2019-09-10,16:06:27.456000,10734,10735,10734,1
2019-09-10,16:06:34.507000,10734,10735,10734,1
2019-09-10,16:06:34.968000,10734,10735,10734,1
2019-09-10,16:06:51.296000,10734,10735,10734,2
2019-09-10,16:06:52.649000,10734,10735,10734,1
2019-09-10,16:07:00.285000,10734,10735,10734,5
2019-09-10,16:07:03.322000,10734,10735,10734,1
2019-09-10,16:07:05.354000,10734,10735,10734,1
2019-09-10,16:07:05.354000,10734,10735,10734,1
2019-09-10,16:07:05.355000,10734,10735,10734,1
2019-09-10,16:07:07.540000,10734,10735,10734,1
2019-09-10,16:07:20.198000,10733,10734,10733,1
2019-09-10,16:07:20.600000,10733,10734,10733,1
2019-09-10,16:07:20.700000,10733,10734,10733,1
2019-09-10,16:07:21.940000,10733,10734,10733,4
2019-09-10,16:07:21.941000,10733,10734,10733,8
2019-09-10,16:07:21.941000,10733,10734,10733,2
2019-09-10,16:07:28.108000,10732,10733,10733,5
2019-09-10,16:07:40.065000,10732,10733,10732,1
2019-09-10,16:07:44.176000,10732,10733,10732,3
2019-09-10,16:07:54.708000,10732,10733,10732,1
2019-09-10,16:08:04.204000,10732,10733,10732,41
2019-09-10,16:08:04.205000,10732,10733,10732,1
2019-09-10,16:08:11.663000,10731,10732,10731,5
2019-09-10,16:08:14.189000,10731,10732,10732,5
2019-09-10,16:08:19.321000,10731,10732,10731,1
2019-09-10,16:08:19.528000,10731,10732,10732,1
2019-09-10,16:08:20.191000,10731,10732,10731,5
2019-09-10,16:08:26.297000,10731,10732,10732,1
2019-09-10,16:08:33.209000,10731,10732,10731,1
2019-09-10,16:08:34.904000,10731,10732,10731,3
2019-09-10,16:08:43.943000,10731,10732,10731,1
2019-09-10,16:08:53.081000,10731,10732,10731,1
2019-09-10,16:09:05.236000,10731,10732,10731,1
2019-09-10,16:09:05.944000,10731,10732,10731,1
2019-09-10,16:09:11.781000,10731,10732,10732,10
2019-09-10,16:09:12.119000,10731,10732,10732,10
2019-09-10,16:09:12.192000,10731,10732,10732,1
2019-09-10,16:09:30.946000,10732,10733,10733,1
2019-09-10,16:09:31.572000,10732,10733,10733,1
2019-09-10,16:09:34.903000,10732,10733,10733,1
2019-09-10,16:09:35.571000,10732,10733,10733,1
2019-09-10,16:09:39.998000,10732,10733,10733,3
2019-09-10,16:09:40.772000,10733,10734,10734,1
2019-09-10,16:09:43.240000,10733,10734,10733,1
2019-09-10,16:09:43.908000,10733,10734,10734,4
2019-09-10,16:09:49.019000,10733,10734,10733,1
2019-09-10,16:09:54.556000,10733,10734,10733,7
2019-09-10,16:09:55.166000,10732,10733,10733,3
2019-09-10,16:10:05.078000,10732,10733,10733,2
2019-09-10,16:10:38.653000,10733,10734,10733,2
2019-09-10,16:10:44.793000,10733,10734,10733,3
2019-09-10,16:10:45.718000,10733,10734,10733,2
2019-09-10,16:10:45.719000,10733,10734,10733,1
2019-09-10,16:10:45.719000,10733,10734,10733,1
2019-09-10,16:10:45.719000,10733,10734,10733,2
2019-09-10,16:10:47.341000,10732,10733,10732,13
2019-09-10,16:10:47.341000,10732,10733,10732,2
2019-09-10,16:10:47.442000,10732,10733,10732,1
2019-09-10,16:10:47.442000,10732,10733,10732,4
2019-09-10,16:10:47.442000,10732,10733,10732,13
2019-09-10,16:10:53.298000,10731,10732,10732,1
2019-09-10,16:10:55.231000,10731,10732,10731,3
2019-09-10,16:10:55.389000,10731,10732,10732,1
2019-09-10,16:10:56.902000,10731,10732,10731,1
2019-09-10,16:10:57.371000,10731,10732,10732,1
2019-09-10,16:11:03.681000,10731,10732,10731,3
2019-09-10,16:11:07.972000,10731,10732,10731,2
2019-09-10,16:11:09.255000,10731,10732,10731,23
2019-09-10,16:11:14.106000,10730,10731,10730,1
2019-09-10,16:11:14.269000,10730,10731,10730,1
2019-09-10,16:11:15.005000,10730,10731,10730,6
2019-09-10,16:11:15.027000,10730,10731,10730,4
2019-09-10,16:11:15.037000,10730,10731,10730,1
2019-09-10,16:11:15.051000,10730,10731,10730,2
2019-09-10,16:11:15.059000,10730,10731,10730,5
2019-09-10,16:11:15.062000,10730,10731,10730,2
2019-09-10,16:11:15.062000,10730,10731,10730,1
2019-09-10,16:11:15.062000,10730,10731,10730,2
2019-09-10,16:11:15.062000,10730,10731,10730,2
2019-09-10,16:11:15.066000,10730,10731,10730,2
2019-09-10,16:11:15.103000,10730,10731,10730,3
2019-09-10,16:11:15.103000,10730,10731,10729,1
2019-09-10,16:11:15.184000,10730,10731,10730,1
2019-09-10,16:11:15.231000,10730,10731,10730,1
2019-09-10,16:11:15.240000,10730,10731,10730,1
2019-09-10,16:11:15.275000,10730,10731,10730,1
2019-09-10,16:11:15.292000,10730,10731,10730,2
2019-09-10,16:11:15.399000,10730,10731,10729,4
2019-09-10,16:11:15.420000,10730,10731,10729,1
2019-09-10,16:11:15.442000,10729,10731,10730,1
2019-09-10,16:11:15.559000,10729,10731,10729,3
2019-09-10,16:11:15.735000,10729,10730,10729,1
2019-09-10,16:11:15.827000,10729,10730,10729,1
2019-09-10,16:11:15.871000,10729,10730,10729,1
2019-09-10,16:11:16.023000,10729,10730,10729,1
2019-09-10,16:11:16.187000,10729,10730,10729,1
2019-09-10,16:11:17.971000,10729,10731,10729,2
2019-09-10,16:11:19.229000,10729,10731,10729,1
2019-09-10,16:11:26.984000,10730,10731,10730,1
2019-09-10,16:11:29.294000,10730,10731,10730,1
2019-09-10,16:11:35.886000,10730,10731,10731,1
2019-09-10,16:11:35.886000,10730,10731,10731,2
2019-09-10,16:11:35.887000,10730,10731,10731,2
2019-09-10,16:11:37.172000,10730,10731,10730,1
2019-09-10,16:11:38.793000,10730,10731,10731,1
2019-09-10,16:11:40.624000,10730,10731,10731,1
2019-09-10,16:11:45.260000,10731,10732,10731,2
2019-09-10,16:11:49.957000,10731,10732,10731,8
2019-09-10,16:11:58.141000,10731,10732,10731,2
2019-09-10,16:11:59.262000,10731,10732,10731,1
2019-09-10,16:12:00.284000,10731,10732,10731,1
2019-09-10,16:12:00.700000,10731,10732,10731,4
2019-09-10,16:12:05.351000,10731,10732,10732,2
2019-09-10,16:12:05.351000,10731,10732,10732,3
2019-09-10,16:12:07.410000,10731,10732,10731,5
2019-09-10,16:12:10.761000,10731,10732,10731,1
2019-09-10,16:12:21.822000,10731,10732,10731,2
2019-09-10,16:12:30.148000,10731,10732,10731,1
2019-09-10,16:12:43.278000,10731,10732,10731,5
2019-09-10,16:12:57.177000,10731,10732,10731,5
2019-09-10,16:13:02.943000,10731,10732,10731,1
2019-09-10,16:13:09.332000,10731,10732,10731,5
2019-09-10,16:13:09.548000,10731,10732,10731,5
2019-09-10,16:13:19.253000,10731,10732,10731,5
2019-09-10,16:13:21.393000,10731,10732,10731,1
2019-09-10,16:13:25.224000,10730,10731,10730,5
2019-09-10,16:13:31.437000,10730,10731,10730,5
2019-09-10,16:13:32.787000,10730,10731,10730,2
2019-09-10,16:13:37.372000,10730,10731,10730,1
2019-09-10,16:13:40.864000,10730,10731,10730,1
2019-09-10,16:13:41.317000,10730,10731,10730,5
2019-09-10,16:13:51.109000,10730,10731,10730,5
2019-09-10,16:13:51.364000,10730,10731,10730,1
2019-09-10,16:13:53.701000,10730,10731,10730,1
2019-09-10,16:13:55.499000,10730,10731,10730,1
2019-09-10,16:14:01.742000,10730,10731,10730,5
2019-09-10,16:14:02.641000,10730,10731,10730,4
2019-09-10,16:14:05.046000,10730,10731,10730,1
2019-09-10,16:14:05.098000,10730,10731,10730,2
2019-09-10,16:14:05.099000,10730,10731,10730,2
2019-09-10,16:14:05.229000,10730,10731,10730,1
2019-09-10,16:14:05.336000,10730,10731,10730,2
2019-09-10,16:14:05.437000,10730,10731,10730,1
2019-09-10,16:14:05.437000,10730,10731,10729,1
2019-09-10,16:14:05.437000,10730,10731,10729,2
2019-09-10,16:14:07.615000,10729,10730,10730,1
2019-09-10,16:14:10.206000,10729,10730,10729,1
2019-09-10,16:14:13.330000,10729,10730,10729,5
2019-09-10,16:14:14.721000,10729,10730,10729,1
2019-09-10,16:14:19.199000,10729,10730,10730,3
2019-09-10,16:14:33.668000,10729,10730,10729,5
2019-09-10,16:14:33.854000,10729,10730,10729,3
2019-09-10,16:14:34.603000,10729,10730,10730,1
2019-09-10,16:14:37.489000,10729,10730,10729,5
2019-09-10,16:14:38.010000,10729,10730,10729,11
2019-09-10,16:14:47.216000,10728,10729,10728,1
2019-09-10,16:14:47.651000,10728,10729,10728,1
2019-09-10,16:14:47.671000,10728,10729,10728,1
2019-09-10,16:14:48.096000,10728,10729,10728,1
2019-09-10,16:14:49.186000,10728,10729,10729,2
2019-09-10,16:14:55.273000,10728,10729,10728,2
2019-09-10,16:15:04.300000,10728,10729,10728,1
2019-09-10,16:15:05.477000,10728,10729,10728,2
2019-09-10,16:15:07.772000,10728,10729,10729,1
2019-09-10,16:15:07.823000,10728,10729,10728,3
2019-09-10,16:15:14.331000,10728,10729,10728,2
2019-09-10,16:15:16.391000,10728,10729,10729,1
2019-09-10,16:15:17.257000,10728,10729,10728,1
2019-09-10,16:15:18.220000,10728,10729,10728,1
2019-09-10,16:15:19.335000,10728,10729,10729,1
2019-09-10,16:15:24.603000,10728,10729,10729,1
2019-09-10,16:15:30.504000,10728,10729,10729,1
2019-09-10,16:15:33.924000,10728,10729,10729,1
2019-09-10,16:15:35.083000,10728,10729,10729,1
2019-09-10,16:15:38.626000,10728,10729,10728,1
2019-09-10,16:15:40.793000,10728,10729,10728,3
2019-09-10,16:15:40.994000,10728,10729,10728,3
2019-09-10,16:15:55.862000,10728,10729,10728,1
2019-09-10,16:15:56.817000,10728,10729,10728,66
2019-09-10,16:15:57.067000,10727,10728,10727,1
2019-09-10,16:15:57.067000,10727,10728,10727,6
2019-09-10,16:15:57.067000,10727,10728,10727,1
2019-09-10,16:15:57.067000,10727,10728,10727,2
2019-09-10,16:15:57.067000,10727,10728,10727,1
2019-09-10,16:15:57.067000,10727,10728,10727,4
2019-09-10,16:15:57.239000,10726,10727,10726,1
2019-09-10,16:15:57.351000,10726,10727,10726,1
2019-09-10,16:15:57.462000,10726,10727,10726,1
2019-09-10,16:15:57.679000,10726,10727,10726,4
2019-09-10,16:15:57.876000,10726,10727,10726,1
2019-09-10,16:16:00.636000,10726,10727,10727,1
2019-09-10,16:16:02.853000,10726,10727,10726,1
2019-09-10,16:16:03.387000,10726,10727,10726,1
2019-09-10,16:16:04.297000,10726,10727,10726,1
2019-09-10,16:16:04.530000,10726,10727,10726,1
2019-09-10,16:16:05.439000,10726,10727,10726,2
2019-09-10,16:16:05.607000,10726,10727,10727,1
2019-09-10,16:16:09.058000,10726,10727,10727,1
2019-09-10,16:16:10.697000,10726,10727,10726,1
2019-09-10,16:16:11.599000,10726,10727,10726,2
2019-09-10,16:16:11.912000,10726,10727,10727,1
2019-09-10,16:16:11.997000,10726,10727,10727,1
2019-09-10,16:16:12.200000,10726,10727,10726,1
2019-09-10,16:16:12.479000,10726,10727,10726,1
2019-09-10,16:16:12.567000,10726,10727,10726,1
2019-09-10,16:16:14.692000,10726,10727,10726,5
2019-09-10,16:16:15.943000,10726,10727,10726,3
2019-09-10,16:16:16.297000,10726,10727,10726,2
2019-09-10,16:16:16.935000,10726,10727,10726,1
2019-09-10,16:16:17.038000,10726,10727,10727,1
2019-09-10,16:16:17.054000,10726,10727,10726,1
2019-09-10,16:16:17.157000,10726,10727,10726,8
2019-09-10,16:16:17.313000,10725,10726,10726,1
2019-09-10,16:16:17.427000,10725,10726,10726,1
2019-09-10,16:16:18.406000,10725,10726,10725,1
2019-09-10,16:16:18.473000,10725,10726,10725,1
2019-09-10,16:16:18.474000,10725,10726,10725,2
2019-09-10,16:16:18.475000,10725,10726,10725,1
2019-09-10,16:16:18.480000,10725,10726,10725,1
2019-09-10,16:16:18.640000,10725,10726,10725,2
2019-09-10,16:16:21.303000,10725,10726,10725,3
2019-09-10,16:16:22.524000,10725,10726,10725,1
2019-09-10,16:16:22.524000,10725,10726,10725,3
2019-09-10,16:16:22.524000,10725,10726,10725,2
2019-09-10,16:16:22.524000,10725,10726,10725,9
2019-09-10,16:16:22.524000,10725,10726,10725,3
2019-09-10,16:16:22.524000,10725,10726,10725,2
2019-09-10,16:16:22.524000,10725,10726,10725,2
2019-09-10,16:16:23.219000,10724,10726,10725,1
2019-09-10,16:16:23.359000,10724,10725,10725,2
2019-09-10,16:16:23.823000,10724,10725,10724,1
2019-09-10,16:16:24.023000,10724,10725,10725,1
2019-09-10,16:16:24.204000,10725,10726,10725,1
2019-09-10,16:16:24.352000,10724,10726,10726,1
2019-09-10,16:16:24.631000,10725,10726,10725,8
2019-09-10,16:16:25.085000,10724,10726,10724,1
2019-09-10,16:16:25.473000,10724,10726,10724,1
2019-09-10,16:16:25.695000,10724,10725,10725,1
2019-09-10,16:16:30.142000,10724,10725,10724,1
2019-09-10,16:16:31.258000,10724,10725,10724,10
2019-09-10,16:16:31.478000,10724,10725,10724,10
2019-09-10,16:16:31.686000,10724,10725,10724,8
2019-09-10,16:16:31.687000,10724,10725,10724,2
2019-09-10,16:16:31.897000,10723,10724,10724,2
2019-09-10,16:16:31.897000,10723,10724,10724,3
2019-09-10,16:16:33.514000,10724,10725,10724,1
2019-09-10,16:16:34.156000,10724,10725,10724,2
2019-09-10,16:16:34.450000,10724,10725,10725,1
2019-09-10,16:16:34.476000,10724,10725,10725,1
2019-09-10,16:16:35.071000,10724,10725,10725,2
2019-09-10,16:16:35.071000,10724,10725,10725,9
2019-09-10,16:16:35.071000,10724,10725,10725,1
2019-09-10,16:16:37.031000,10725,10726,10725,1
2019-09-10,16:16:37.837000,10725,10726,10725,1
2019-09-10,16:16:38.862000,10725,10726,10725,1
2019-09-10,16:16:39.001000,10725,10726,10725,2
2019-09-10,16:16:40.729000,10725,10726,10725,23
2019-09-10,16:16:41.992000,10724,10725,10725,1
2019-09-10,16:16:42.060000,10724,10725,10725,1
2019-09-10,16:16:42.305000,10724,10725,10725,1
2019-09-10,16:16:43.514000,10724,10725,10725,1
2019-09-10,16:16:43.814000,10724,10726,10725,3
2019-09-10,16:16:44.295000,10724,10725,10725,1
2019-09-10,16:16:51.536000,10724,10725,10724,3
2019-09-10,16:16:51.664000,10724,10725,10724,2
2019-09-10,16:16:52.062000,10724,10725,10725,2
2019-09-10,16:16:52.613000,10724,10725,10724,1
2019-09-10,16:16:59.944000,10724,10725,10724,1
2019-09-10,16:17:07.283000,10724,10725,10724,1
2019-09-10,16:17:08.007000,10724,10725,10724,1
2019-09-10,16:17:08.686000,10724,10725,10724,12
2019-09-10,16:17:14.438000,10723,10724,10723,1
2019-09-10,16:17:14.603000,10723,10724,10723,3
2019-09-10,16:17:14.642000,10723,10724,10723,1
2019-09-10,16:17:14.972000,10723,10724,10723,1
2019-09-10,16:17:14.994000,10723,10724,10724,1
2019-09-10,16:17:18.955000,10723,10724,10723,1
2019-09-10,16:17:19.210000,10723,10724,10724,1
2019-09-10,16:17:24.223000,10723,10724,10724,3
2019-09-10,16:17:27.049000,10723,10724,10724,2
2019-09-10,16:17:27.771000,10723,10724,10723,1
2019-09-10,16:17:28.127000,10723,10724,10723,2
2019-09-10,16:17:28.673000,10723,10724,10724,1
2019-09-10,16:17:28.922000,10723,10724,10724,1
2019-09-10,16:17:29.007000,10723,10724,10724,1
2019-09-10,16:17:29.106000,10723,10724,10724,1
2019-09-10,16:17:29.637000,10723,10724,10724,1
2019-09-10,16:17:31.452000,10723,10724,10724,2
2019-09-10,16:17:31.567000,10723,10724,10724,1
2019-09-10,16:17:31.982000,10723,10725,10724,1
2019-09-10,16:17:32.839000,10724,10725,10725,1
2019-09-10,16:17:32.843000,10724,10725,10724,2
2019-09-10,16:17:33.948000,10724,10725,10724,3
2019-09-10,16:17:36.919000,10724,10725,10725,2
2019-09-10,16:17:44.169000,10724,10725,10725,1
2019-09-10,16:17:44.402000,10724,10725,10725,10
2019-09-10,16:17:46.990000,10724,10725,10725,2
2019-09-10,16:17:51.772000,10724,10725,10725,3
2019-09-10,16:17:52.170000,10724,10725,10725,1
2019-09-10,16:17:53.245000,10724,10725,10725,2
2019-09-10,16:17:53.437000,10724,10725,10725,1
2019-09-10,16:17:54.777000,10724,10725,10725,8
2019-09-10,16:17:55.587000,10724,10725,10725,8
2019-09-10,16:17:57.725000,10724,10725,10725,2
2019-09-10,16:17:57.910000,10724,10725,10725,1
2019-09-10,16:17:58.574000,10724,10726,10726,4
2019-09-10,16:18:00.511000,10725,10726,10725,1
2019-09-10,16:18:00.568000,10725,10726,10725,1
2019-09-10,16:18:01.687000,10725,10726,10726,3
2019-09-10,16:18:02.168000,10725,10726,10726,1
2019-09-10,16:18:03.447000,10725,10726,10726,2
2019-09-10,16:18:04.256000,10725,10726,10726,1
2019-09-10,16:18:06.198000,10725,10726,10726,1
2019-09-10,16:18:07.334000,10725,10726,10726,9
2019-09-10,16:18:07.522000,10726,10727,10726,1
2019-09-10,16:18:12.405000,10725,10726,10726,2
2019-09-10,16:18:15.032000,10725,10726,10726,1
2019-09-10,16:18:17.160000,10725,10726,10726,1
2019-09-10,16:18:17.344000,10726,10727,10727,1
2019-09-10,16:18:19.586000,10726,10727,10727,1
2019-09-10,16:18:25.588000,10726,10727,10727,5
2019-09-10,16:18:35.329000,10726,10727,10727,2
2019-09-10,16:18:38.976000,10726,10727,10727,1
2019-09-10,16:18:41.937000,10726,10727,10726,5
2019-09-10,16:18:50.456000,10726,10727,10726,1
2019-09-10,16:18:51.024000,10726,10727,10726,6
2019-09-10,16:18:51.067000,10725,10726,10726,2
2019-09-10,16:18:51.466000,10726,10727,10726,1
2019-09-10,16:18:52.574000,10726,10727,10726,1
2019-09-10,16:18:59.583000,10725,10726,10725,3
2019-09-10,16:19:07.578000,10725,10726,10726,4
2019-09-10,16:19:11.380000,10725,10726,10725,1
2019-09-10,16:19:11.821000,10725,10726,10725,1
2019-09-10,16:19:17.278000,10725,10726,10726,1
2019-09-10,16:19:23.106000,10725,10726,10726,1
2019-09-10,16:19:30.450000,10725,10726,10726,1
2019-09-10,16:19:33.802000,10725,10726,10725,1
2019-09-10,16:19:37.448000,10725,10726,10726,3
2019-09-10,16:19:47.444000,10725,10726,10726,1
2019-09-10,16:19:50.429000,10725,10726,10726,1
2019-09-10,16:19:50.429000,10725,10726,10726,6
2019-09-10,16:19:58.787000,10726,10727,10726,7
2019-09-10,16:20:04.717000,10726,10727,10726,1
2019-09-10,16:20:05.331000,10726,10727,10726,1
2019-09-10,16:20:06.184000,10726,10727,10726,1
2019-09-10,16:20:14.831000,10726,10727,10726,1
2019-09-10,16:20:19.852000,10726,10727,10726,1
2019-09-10,16:20:28.464000,10726,10727,10726,1
2019-09-10,16:20:29.781000,10726,10727,10726,5
2019-09-10,16:20:30.999000,10726,10727,10726,4
2019-09-10,16:20:42.841000,10725,10726,10726,1
2019-09-10,16:20:42.997000,10725,10726,10726,1
2019-09-10,16:20:43.168000,10725,10726,10726,1
2019-09-10,16:20:44.623000,10725,10726,10726,1
2019-09-10,16:20:47.987000,10725,10726,10726,1
2019-09-10,16:20:48.609000,10725,10726,10726,1
2019-09-10,16:20:49.350000,10725,10726,10726,1
2019-09-10,16:20:51.205000,10725,10726,10726,1
2019-09-10,16:20:51.899000,10725,10726,10725,6
2019-09-10,16:20:53.178000,10725,10726,10726,1
2019-09-10,16:20:55.460000,10725,10726,10726,1
2019-09-10,16:20:55.489000,10725,10726,10726,1
2019-09-10,16:20:59.234000,10725,10726,10726,3
2019-09-10,16:20:59.317000,10725,10726,10726,5
2019-09-10,16:21:05.546000,10725,10726,10726,1
2019-09-10,16:21:07.540000,10725,10726,10726,1
2019-09-10,16:21:09.158000,10725,10726,10726,3
2019-09-10,16:21:15.522000,10726,10727,10726,5
2019-09-10,16:21:18.907000,10726,10727,10726,1
2019-09-10,16:21:19.286000,10726,10727,10726,3
2019-09-10,16:21:27.677000,10726,10727,10726,4
2019-09-10,16:21:31.146000,10726,10727,10727,1
2019-09-10,16:21:47.024000,10726,10727,10727,1
2019-09-10,16:21:51.073000,10726,10727,10727,1
2019-09-10,16:21:51.270000,10726,10727,10727,1
2019-09-10,16:21:51.421000,10726,10727,10727,1
2019-09-10,16:21:52.742000,10726,10727,10727,1
2019-09-10,16:22:00.697000,10726,10727,10727,13
2019-09-10,16:22:08.306000,10727,10728,10728,1
2019-09-10,16:22:15.925000,10727,10728,10728,3
2019-09-10,16:22:20.670000,10727,10728,10728,1
2019-09-10,16:22:24.340000,10727,10728,10727,2
2019-09-10,16:22:32.927000,10727,10728,10727,1
2019-09-10,16:22:38.758000,10727,10728,10727,1
2019-09-10,16:22:52.936000,10727,10728,10727,4
2019-09-10,16:22:57.668000,10727,10728,10727,1
2019-09-10,16:23:08.999000,10727,10728,10728,1
2019-09-10,16:23:09.490000,10727,10728,10727,1
2019-09-10,16:23:13.163000,10727,10728,10728,1
2019-09-10,16:23:14.069000,10727,10728,10727,1
2019-09-10,16:23:19.562000,10727,10728,10728,1
2019-09-10,16:23:21.402000,10727,10728,10727,1
2019-09-10,16:23:58.993000,10727,10728,10728,3
2019-09-10,16:24:05.169000,10727,10728,10728,1
2019-09-10,16:24:08.938000,10727,10728,10728,1
2019-09-10,16:24:10.132000,10727,10728,10727,8
2019-09-10,16:24:10.192000,10727,10728,10727,7
2019-09-10,16:24:12.447000,10726,10727,10727,1
2019-09-10,16:24:12.729000,10726,10727,10727,1
2019-09-10,16:24:15.796000,10726,10727,10727,1
2019-09-10,16:24:26.397000,10727,10728,10727,5
2019-09-10,16:24:29.571000,10727,10728,10727,1
2019-09-10,16:24:35.143000,10726,10727,10727,1
2019-09-10,16:24:36.146000,10727,10728,10727,1
2019-09-10,16:24:46.673000,10726,10727,10727,2
2019-09-10,16:24:48.081000,10726,10728,10726,4
2019-09-10,16:25:00.495000,10726,10727,10727,4
2019-09-10,16:25:01.783000,10726,10727,10727,1
2019-09-10,16:25:04.753000,10726,10727,10727,2
2019-09-10,16:25:04.753000,10726,10727,10727,2
2019-09-10,16:25:05.812000,10727,10728,10727,3
2019-09-10,16:25:06.962000,10727,10728,10727,2
2019-09-10,16:25:10.569000,10727,10728,10727,3
2019-09-10,16:25:10.626000,10727,10728,10728,1
2019-09-10,16:25:16.022000,10727,10728,10727,1
2019-09-10,16:25:21.992000,10727,10728,10727,1
2019-09-10,16:25:22.284000,10727,10728,10727,1
2019-09-10,16:25:42.196000,10727,10728,10727,1
2019-09-10,16:25:57.799000,10727,10728,10727,8
2019-09-10,16:25:57.799000,10727,10728,10727,2
2019-09-10,16:26:05.736000,10726,10727,10727,1
2019-09-10,16:26:17.845000,10726,10727,10727,1
2019-09-10,16:26:23.777000,10726,10727,10727,1
2019-09-10,16:26:37.118000,10726,10727,10726,1
2019-09-10,16:26:44.648000,10726,10727,10726,1
2019-09-10,16:26:55.994000,10726,10727,10726,1
2019-09-10,16:27:10.191000,10726,10727,10727,1
2019-09-10,16:27:13.946000,10726,10727,10726,1
2019-09-10,16:27:21.027000,10726,10727,10726,1
2019-09-10,16:27:31.939000,10726,10727,10727,2
2019-09-10,16:27:38.844000,10726,10727,10727,9
2019-09-10,16:27:39.739000,10727,10728,10727,1
2019-09-10,16:27:40.748000,10727,10728,10727,3
2019-09-10,16:27:43.188000,10727,10728,10727,3
2019-09-10,16:27:44.941000,10727,10728,10727,1
2019-09-10,16:27:48.322000,10727,10728,10727,1
2019-09-10,16:27:55.190000,10727,10728,10728,1
2019-09-10,16:27:56.005000,10727,10728,10728,1
2019-09-10,16:28:14.318000,10727,10728,10727,2
2019-09-10,16:28:47.800000,10727,10728,10727,1
2019-09-10,16:28:54.918000,10727,10728,10727,1
2019-09-10,16:29:08.209000,10727,10728,10727,1
2019-09-10,16:29:16.029000,10727,10728,10727,6
2019-09-10,16:29:16.030000,10727,10728,10727,4
2019-09-10,16:29:16.031000,10727,10728,10727,2
2019-09-10,16:29:21.177000,10727,10728,10727,1
2019-09-10,16:29:24.913000,10726,10727,10727,1
2019-09-10,16:29:25.230000,10726,10728,10726,1
2019-09-10,16:29:53.620000,10726,10727,10726,1
2019-09-10,16:29:54.574000,10726,10727,10726,1
2019-09-10,16:29:54.603000,10726,10727,10726,1
2019-09-10,16:30:00.107000,10726,10727,10727,1
2019-09-10,16:30:00.304000,10727,10728,10727,2
2019-09-10,16:30:00.616000,10726,10728,10727,5
2019-09-10,16:30:00.738000,10727,10728,10726,2
2019-09-10,16:30:00.819000,10727,10728,10727,1
2019-09-10,16:30:00.904000,10727,10728,10726,1
2019-09-10,16:30:01.035000,10726,10728,10726,2
2019-09-10,16:30:02.099000,10726,10728,10727,1
2019-09-10,16:30:02.807000,10726,10728,10726,1
2019-09-10,16:30:15.268000,10727,10728,10727,2
2019-09-10,16:30:24.214000,10726,10727,10727,1
2019-09-10,16:30:32.853000,10726,10727,10727,1
2019-09-10,16:30:35.227000,10726,10727,10727,1
2019-09-10,16:30:43.538000,10726,10728,10726,1
2019-09-10,16:30:49.250000,10727,10728,10727,1
2019-09-10,16:30:54.101000,10726,10727,10727,1
2019-09-10,16:30:57.404000,10726,10727,10727,1
2019-09-10,16:31:37.548000,10726,10727,10727,5
2019-09-10,16:31:41.136000,10726,10727,10727,1
2019-09-10,16:31:51.081000,10726,10727,10727,1
2019-09-10,16:32:07.727000,10727,10728,10727,1
2019-09-10,16:32:10.029000,10727,10728,10727,1
2019-09-10,16:32:10.160000,10727,10728,10727,1
2019-09-10,16:32:23.100000,10726,10727,10726,1
2019-09-10,16:32:25.152000,10726,10727,10726,1
2019-09-10,16:33:41.570000,10726,10727,10726,2
2019-09-10,16:34:02.779000,10726,10727,10727,2
2019-09-10,16:34:06.460000,10726,10727,10727,1
2019-09-10,16:34:12.627000,10726,10727,10727,1
2019-09-10,16:34:14.408000,10726,10727,10727,1
2019-09-10,16:34:23.489000,10726,10727,10727,5
2019-09-10,16:34:30.885000,10727,10728,10728,1
2019-09-10,16:34:32.366000,10727,10728,10728,1
2019-09-10,16:34:33.656000,10727,10728,10727,1
2019-09-10,16:35:04.455000,10727,10728,10727,1
2019-09-10,16:35:11.215000,10726,10727,10727,4
2019-09-10,16:35:11.378000,10726,10728,10728,4
2019-09-10,16:35:11.814000,10726,10728,10728,1
2019-09-10,16:35:18.038000,10727,10728,10728,1
2019-09-10,16:35:19.591000,10727,10728,10728,1
2019-09-10,16:35:20.807000,10727,10728,10728,1
2019-09-10,16:35:23.018000,10727,10728,10728,1
2019-09-10,16:35:25.707000,10727,10728,10728,1
2019-09-10,16:35:37.951000,10727,10728,10727,1
2019-09-10,16:35:48.259000,10727,10728,10727,1
2019-09-10,16:36:13.495000,10727,10728,10727,1
2019-09-10,16:36:26.947000,10727,10728,10727,5
2019-09-10,16:36:28.042000,10727,10728,10727,1
2019-09-10,16:36:30.188000,10727,10728,10727,1
2019-09-10,16:36:32.242000,10727,10728,10727,1
2019-09-10,16:36:32.912000,10727,10728,10728,1
2019-09-10,16:36:52.968000,10727,10728,10728,1
2019-09-10,16:36:55.098000,10727,10728,10728,2
2019-09-10,16:36:55.099000,10727,10728,10728,5
2019-09-10,16:36:55.099000,10727,10728,10728,1
2019-09-10,16:36:55.100000,10727,10728,10728,1
2019-09-10,16:36:55.100000,10727,10728,10728,4
2019-09-10,16:36:55.100000,10727,10728,10728,2
2019-09-10,16:36:55.100000,10727,10728,10728,6
2019-09-10,16:36:55.394000,10728,10729,10729,18
2019-09-10,16:36:56.011000,10728,10730,10730,1
2019-09-10,16:36:56.127000,10728,10730,10730,1
2019-09-10,16:36:56.234000,10728,10730,10730,2
2019-09-10,16:36:56.274000,10728,10730,10730,1
2019-09-10,16:36:56.542000,10728,10730,10728,1
2019-09-10,16:37:15.792000,10729,10730,10730,1
2019-09-10,16:37:16.615000,10729,10730,10729,4
2019-09-10,16:37:17.831000,10729,10730,10729,3
2019-09-10,16:37:18.368000,10728,10730,10730,2
2019-09-10,16:37:21.142000,10729,10730,10730,2
2019-09-10,16:37:22.742000,10729,10730,10730,1
2019-09-10,16:37:26.724000,10729,10730,10729,1
2019-09-10,16:37:27.263000,10729,10730,10730,1
2019-09-10,16:37:39.368000,10729,10730,10730,5
2019-09-10,16:37:40.940000,10729,10730,10730,1
2019-09-10,16:37:46.427000,10729,10730,10730,4
2019-09-10,16:37:50.557000,10729,10730,10730,1
2019-09-10,16:37:54.042000,10729,10730,10730,1
2019-09-10,16:37:58.318000,10729,10730,10730,12
2019-09-10,16:38:08.197000,10730,10731,10730,3
2019-09-10,16:38:08.258000,10730,10731,10730,2
2019-09-10,16:38:11.114000,10730,10731,10730,1
2019-09-10,16:38:28.588000,10730,10731,10731,4
2019-09-10,16:38:28.794000,10730,10731,10731,1
2019-09-10,16:38:32.752000,10730,10731,10731,1
2019-09-10,16:38:45.643000,10730,10731,10731,1
2019-09-10,16:38:52.400000,10730,10731,10731,6
2019-09-10,16:38:54.290000,10730,10731,10731,2
2019-09-10,16:38:54.892000,10730,10731,10731,1
2019-09-10,16:38:59.064000,10730,10731,10731,1
2019-09-10,16:39:01.333000,10730,10731,10731,1
2019-09-10,16:39:07.639000,10730,10731,10730,6
2019-09-10,16:39:12.741000,10730,10731,10730,1
2019-09-10,16:39:13.467000,10730,10731,10730,1
2019-09-10,16:39:17.070000,10730,10731,10730,1
2019-09-10,16:39:17.130000,10730,10731,10730,1
2019-09-10,16:39:26.023000,10730,10731,10730,1
2019-09-10,16:39:33.541000,10730,10731,10730,1
2019-09-10,16:39:39.404000,10730,10731,10731,25
2019-09-10,16:39:39.890000,10731,10732,10731,2
2019-09-10,16:39:39.890000,10731,10732,10731,7
2019-09-10,16:39:39.890000,10731,10732,10731,3
2019-09-10,16:39:42.694000,10730,10731,10731,1
2019-09-10,16:39:43.925000,10731,10732,10731,2
2019-09-10,16:39:49.953000,10731,10732,10731,5
2019-09-10,16:39:50.486000,10731,10732,10731,3
2019-09-10,16:39:56.924000,10731,10732,10731,2
2019-09-10,16:39:57.581000,10731,10732,10731,1
2019-09-10,16:39:58.201000,10731,10732,10731,3
2019-09-10,16:40:06.006000,10731,10732,10731,1
2019-09-10,16:40:07.920000,10731,10732,10731,1
2019-09-10,16:40:14.417000,10731,10732,10731,1
2019-09-10,16:40:14.994000,10731,10732,10731,1
2019-09-10,16:40:16.819000,10731,10732,10731,1
2019-09-10,16:40:31.218000,10731,10732,10731,3
2019-09-10,16:40:50.165000,10730,10731,10731,2
2019-09-10,16:40:56.267000,10730,10731,10731,1
2019-09-10,16:41:02.353000,10730,10731,10731,3
2019-09-10,16:41:04.190000,10730,10731,10731,3
2019-09-10,16:41:07.906000,10730,10731,10731,2
2019-09-10,16:41:32.785000,10730,10731,10731,1
2019-09-10,16:41:53.251000,10730,10731,10731,1
2019-09-10,16:42:10.251000,10730,10731,10731,1
2019-09-10,16:42:26.458000,10730,10731,10731,1
2019-09-10,16:42:27,10730,10731,10731,2
2019-09-10,16:42:27.991000,10730,10731,10731,1
2019-09-10,16:42:33.465000,10730,10731,10730,1
2019-09-10,16:42:33.961000,10730,10731,10731,2
2019-09-10,16:42:38.840000,10730,10731,10731,1
2019-09-10,16:42:39.691000,10730,10731,10731,1
2019-09-10,16:42:40.404000,10730,10731,10731,1
2019-09-10,16:42:48.207000,10730,10731,10731,1
2019-09-10,16:42:49.747000,10730,10731,10731,2
2019-09-10,16:42:49.934000,10730,10731,10731,4
2019-09-10,16:42:49.942000,10730,10731,10731,1
2019-09-10,16:42:50.285000,10731,10732,10731,1
2019-09-10,16:42:51.405000,10731,10732,10731,3
2019-09-10,16:42:56.667000,10731,10732,10731,1
2019-09-10,16:42:57.157000,10730,10731,10731,1
2019-09-10,16:43:01.119000,10730,10731,10731,1
2019-09-10,16:43:06.202000,10730,10731,10731,2
2019-09-10,16:43:07.107000,10730,10731,10731,1
2019-09-10,16:43:10.888000,10730,10731,10731,1
2019-09-10,16:43:15.721000,10730,10731,10731,1
2019-09-10,16:43:16.014000,10730,10731,10731,1
2019-09-10,16:43:23.374000,10730,10731,10731,1
2019-09-10,16:43:26.240000,10730,10731,10730,1
2019-09-10,16:43:26.911000,10730,10731,10731,2
2019-09-10,16:43:33.333000,10730,10731,10731,5
2019-09-10,16:43:46.704000,10730,10731,10730,1
2019-09-10,16:43:52.774000,10730,10731,10731,1
2019-09-10,16:43:54.700000,10730,10731,10731,1
2019-09-10,16:44:07.190000,10730,10731,10730,1
2019-09-10,16:44:11.780000,10730,10731,10730,1
2019-09-10,16:44:17.281000,10730,10731,10730,1
2019-09-10,16:44:31.903000,10730,10731,10730,1
2019-09-10,16:44:31.941000,10730,10731,10730,9
2019-09-10,16:44:32.067000,10730,10731,10730,4
2019-09-10,16:44:32.067000,10730,10731,10730,3
2019-09-10,16:44:32.067000,10730,10731,10730,4
2019-09-10,16:44:32.271000,10729,10730,10730,1
2019-09-10,16:44:41.802000,10729,10730,10729,1
2019-09-10,16:44:42.574000,10729,10730,10730,1
2019-09-10,16:45:02.315000,10730,10731,10730,1
2019-09-10,16:45:03.683000,10730,10731,10731,1
2019-09-10,16:45:03.703000,10730,10731,10731,2
2019-09-10,16:45:03.884000,10730,10731,10731,1
2019-09-10,16:45:03.927000,10730,10731,10731,1
2019-09-10,16:45:03.982000,10730,10731,10731,1
2019-09-10,16:45:03.984000,10730,10731,10731,1
2019-09-10,16:45:04.192000,10730,10731,10731,5
2019-09-10,16:45:04.396000,10730,10732,10732,2
2019-09-10,16:45:04.850000,10731,10732,10732,2
2019-09-10,16:45:08.758000,10731,10732,10731,1
2019-09-10,16:45:11.598000,10731,10732,10731,1
2019-09-10,16:45:13.584000,10730,10731,10731,1
2019-09-10,16:46:19.174000,10731,10732,10732,2
2019-09-10,16:46:21.633000,10731,10732,10731,1
2019-09-10,16:46:44.678000,10731,10732,10732,1
2019-09-10,16:46:47.582000,10731,10732,10732,1
2019-09-10,16:47:34.892000,10731,10732,10732,2
2019-09-10,16:47:37.680000,10731,10732,10731,1
2019-09-10,16:47:53.674000,10731,10732,10731,2
2019-09-10,16:48:07.105000,10731,10732,10731,1
2019-09-10,16:48:07.644000,10731,10732,10731,1
2019-09-10,16:48:12.502000,10731,10732,10731,10
2019-09-10,16:48:12.567000,10731,10732,10731,1
2019-09-10,16:48:12.567000,10731,10732,10731,1
2019-09-10,16:48:12.567000,10731,10732,10731,3
2019-09-10,16:48:12.567000,10731,10732,10731,2
2019-09-10,16:48:12.567000,10731,10732,10731,1
2019-09-10,16:48:16.944000,10730,10731,10731,1
2019-09-10,16:48:25.595000,10730,10731,10730,1
2019-09-10,16:48:25.692000,10730,10731,10730,3
2019-09-10,16:48:48.248000,10730,10731,10730,2
2019-09-10,16:48:48.248000,10730,10731,10730,2
2019-09-10,16:49:46.993000,10729,10730,10730,1
2019-09-10,16:51:39.184000,10729,10730,10730,1
2019-09-10,16:51:40.567000,10729,10730,10730,1
2019-09-10,16:52:01.556000,10729,10730,10730,10
2019-09-10,16:52:08.740000,10730,10731,10730,1
2019-09-10,16:52:14.086000,10730,10731,10730,2
2019-09-10,16:52:33.468000,10729,10730,10729,1
2019-09-10,16:53:05.526000,10729,10730,10730,1
2019-09-10,16:53:07.143000,10729,10730,10730,1
2019-09-10,16:53:45.700000,10729,10730,10730,5
2019-09-10,16:53:48.894000,10729,10730,10730,2
2019-09-10,16:53:48.972000,10730,10731,10730,1
2019-09-10,16:54:31.663000,10730,10731,10731,1
2019-09-10,16:54:31.759000,10730,10731,10730,1
2019-09-10,16:54:37.979000,10730,10731,10731,1
2019-09-10,16:54:38.390000,10730,10731,10730,2
2019-09-10,16:55:11.554000,10730,10731,10730,10
2019-09-10,16:55:30.074000,10729,10730,10730,1
2019-09-10,16:55:41.664000,10729,10730,10730,2
2019-09-10,16:55:44.921000,10729,10730,10729,1
2019-09-10,16:55:57.817000,10729,10730,10730,4
2019-09-10,16:55:57.839000,10729,10730,10730,1
2019-09-10,16:55:57.942000,10729,10730,10730,4
2019-09-10,16:55:57.942000,10729,10730,10730,1
2019-09-10,16:56:06.836000,10729,10730,10730,1
2019-09-10,16:56:23.006000,10729,10730,10729,1
2019-09-10,16:56:54.999000,10729,10730,10729,1
2019-09-10,16:57:11.189000,10729,10730,10729,2
2019-09-10,16:58:08.339000,10729,10730,10730,1
2019-09-10,16:58:08.443000,10729,10730,10730,10
2019-09-10,16:58:17.486000,10730,10731,10731,2
2019-09-10,16:58:23.109000,10730,10731,10730,5
2019-09-10,16:58:50.912000,10730,10731,10730,4
2019-09-10,16:58:55.686000,10729,10730,10730,1
2019-09-10,16:59:06.909000,10730,10731,10730,5
2019-09-10,16:59:06.909000,10730,10731,10730,3
2019-09-10,16:59:06.909000,10730,10731,10730,2
2019-09-10,16:59:06.942000,10730,10731,10730,4
2019-09-10,16:59:06.942000,10730,10731,10730,5
2019-09-10,16:59:15.122000,10729,10730,10730,1
2019-09-10,16:59:19.172000,10729,10730,10730,1
2019-09-10,16:59:32.420000,10729,10730,10730,1
2019-09-10,17:00:00.325000,10729,10730,10730,1
2019-09-10,17:00:00.753000,10729,10730,10730,1
2019-09-10,17:00:00.848000,10729,10730,10730,1
2019-09-10,17:00:01.757000,10729,10730,10730,1
2019-09-10,17:00:04.494000,10729,10730,10730,1
2019-09-10,17:00:04.567000,10729,10730,10730,2
2019-09-10,17:00:10.342000,10729,10731,10729,1
2019-09-10,17:00:21.946000,10730,10731,10731,1
2019-09-10,17:00:22.094000,10730,10731,10731,2
2019-09-10,17:00:36.237000,10730,10731,10731,2
2019-09-10,17:00:51.915000,10730,10731,10731,1
2019-09-10,17:01:01.652000,10730,10731,10731,1
2019-09-10,17:01:06.805000,10730,10731,10730,1
2019-09-10,17:01:20.829000,10730,10731,10731,1
2019-09-10,17:01:21.590000,10730,10731,10730,1
2019-09-10,17:01:38.194000,10729,10731,10731,1
2019-09-10,17:02:21.588000,10730,10731,10730,3
2019-09-10,17:02:33.152000,10730,10731,10730,2
2019-09-10,17:02:33.155000,10730,10731,10730,1
2019-09-10,17:02:45.457000,10729,10730,10730,1
2019-09-10,17:02:45.459000,10729,10730,10730,1
2019-09-10,17:02:54.203000,10730,10731,10730,1
2019-09-10,17:02:56.045000,10730,10731,10730,1
2019-09-10,17:02:59.775000,10730,10731,10730,2
2019-09-10,17:03:05.018000,10729,10730,10730,1
2019-09-10,17:03:05.192000,10729,10730,10730,7
2019-09-10,17:03:09.936000,10730,10731,10731,27
2019-09-10,17:03:09.942000,10730,10731,10731,8
2019-09-10,17:03:11.041000,10731,10732,10732,1
2019-09-10,17:03:21.980000,10731,10732,10732,30
2019-09-10,17:03:25.995000,10731,10732,10732,4
2019-09-10,17:03:26.196000,10731,10732,10732,28
2019-09-10,17:03:34.574000,10732,10733,10732,1
2019-09-10,17:03:41.632000,10732,10733,10732,1
2019-09-10,17:03:42.599000,10732,10733,10733,3
2019-09-10,17:03:42.696000,10732,10733,10733,9
2019-09-10,17:03:42.817000,10732,10733,10733,1
2019-09-10,17:03:48.872000,10732,10733,10733,4
2019-09-10,17:03:49.185000,10733,10734,10733,2
2019-09-10,17:03:50.163000,10733,10734,10733,5
2019-09-10,17:03:50.603000,10733,10734,10733,3
2019-09-10,17:03:50.812000,10733,10734,10733,2
2019-09-10,17:03:50.813000,10733,10734,10733,4
2019-09-10,17:03:53.729000,10732,10733,10733,2
2019-09-10,17:03:54.602000,10732,10733,10733,8
2019-09-10,17:03:54.942000,10733,10734,10734,2
2019-09-10,17:03:55.096000,10733,10734,10734,1
2019-09-10,17:03:55.105000,10733,10734,10734,1
2019-09-10,17:03:55.589000,10733,10734,10734,1
2019-09-10,17:03:55.746000,10733,10734,10734,3
2019-09-10,17:03:56.944000,10733,10734,10733,4
2019-09-10,17:03:57.471000,10733,10734,10733,2
2019-09-10,17:04:00.053000,10733,10734,10733,3
2019-09-10,17:04:00.163000,10733,10734,10734,1
2019-09-10,17:04:01.710000,10733,10734,10734,1
2019-09-10,17:04:02.333000,10733,10734,10734,1
2019-09-10,17:04:05.718000,10733,10734,10733,5
2019-09-10,17:04:05.860000,10733,10734,10733,3
2019-09-10,17:04:08.465000,10733,10734,10734,24
2019-09-10,17:04:16.942000,10734,10735,10735,52
2019-09-10,17:04:17.129000,10735,10736,10736,1
2019-09-10,17:04:17.167000,10735,10736,10736,1
2019-09-10,17:04:17.505000,10735,10736,10736,1
2019-09-10,17:04:17.606000,10735,10736,10735,2
2019-09-10,17:04:17.858000,10735,10736,10735,1
2019-09-10,17:04:18.078000,10735,10736,10735,1
2019-09-10,17:04:18.386000,10735,10736,10736,1
2019-09-10,17:04:18.400000,10735,10736,10735,1
2019-09-10,17:04:21.944000,10735,10736,10736,47
2019-09-10,17:04:23.132000,10736,10737,10737,1
2019-09-10,17:04:23.236000,10736,10737,10737,10
2019-09-10,17:04:23.374000,10736,10737,10736,1
2019-09-10,17:04:25.577000,10736,10737,10737,1
2019-09-10,17:04:25.747000,10736,10737,10736,5
2019-09-10,17:04:25.767000,10736,10737,10737,10
2019-09-10,17:04:27.797000,10735,10737,10737,1
2019-09-10,17:04:28.983000,10736,10737,10737,1
2019-09-10,17:04:31.600000,10736,10737,10737,1
2019-09-10,17:04:32.388000,10736,10737,10737,1
2019-09-10,17:04:33.415000,10736,10737,10737,3
2019-09-10,17:04:33.488000,10736,10737,10736,4
2019-09-10,17:04:33.513000,10736,10737,10737,10
2019-09-10,17:04:34.558000,10736,10737,10737,6
2019-09-10,17:04:34.560000,10736,10737,10737,1
2019-09-10,17:04:34.605000,10736,10737,10737,2
2019-09-10,17:04:40.590000,10736,10737,10737,1
2019-09-10,17:04:44.051000,10736,10737,10737,1
2019-09-10,17:04:44.182000,10736,10737,10737,1
2019-09-10,17:04:51.900000,10736,10737,10737,1
2019-09-10,17:04:53.239000,10736,10737,10737,1
2019-09-10,17:04:56.477000,10736,10737,10737,3
2019-09-10,17:04:56.486000,10736,10737,10737,1
2019-09-10,17:04:57.238000,10736,10737,10737,1
2019-09-10,17:04:57.644000,10736,10737,10737,4
2019-09-10,17:05:06.198000,10736,10737,10737,14
2019-09-10,17:05:06.730000,10736,10737,10737,1
2019-09-10,17:05:06.742000,10736,10737,10737,1
2019-09-10,17:05:06.748000,10736,10737,10737,4
2019-09-10,17:05:06.906000,10736,10738,10738,1
2019-09-10,17:05:07.002000,10736,10738,10738,1
2019-09-10,17:05:07.322000,10737,10738,10737,1
2019-09-10,17:05:07.472000,10736,10738,10738,2
2019-09-10,17:05:07.612000,10736,10738,10738,1
2019-09-10,17:05:07.712000,10736,10738,10738,3
2019-09-10,17:05:07.713000,10736,10738,10738,3
2019-09-10,17:05:11.588000,10737,10738,10738,1
2019-09-10,17:05:13.797000,10737,10738,10737,1
2019-09-10,17:05:14.467000,10737,10738,10738,1
2019-09-10,17:05:15.854000,10737,10738,10738,1
2019-09-10,17:05:17.680000,10737,10738,10737,1
2019-09-10,17:05:17.919000,10737,10738,10737,2
2019-09-10,17:05:19.877000,10737,10738,10738,1
2019-09-10,17:05:20.102000,10737,10738,10737,3
2019-09-10,17:05:21.980000,10737,10738,10737,7
2019-09-10,17:05:22.622000,10736,10737,10737,2
2019-09-10,17:05:23.835000,10736,10737,10737,1
2019-09-10,17:05:23.880000,10736,10737,10737,1
2019-09-10,17:05:25.527000,10736,10737,10737,1
2019-09-10,17:05:29.320000,10736,10737,10737,1
2019-09-10,17:05:37.459000,10736,10737,10737,1
2019-09-10,17:05:51.489000,10736,10737,10737,5
2019-09-10,17:06:03.098000,10736,10737,10737,10
2019-09-10,17:06:03.294000,10736,10737,10737,1
2019-09-10,17:06:03.797000,10737,10738,10738,1
2019-09-10,17:06:04.377000,10737,10738,10738,2
2019-09-10,17:06:17.184000,10737,10738,10738,2
2019-09-10,17:06:18.541000,10737,10738,10737,1
2019-09-10,17:06:27.488000,10737,10738,10738,1
2019-09-10,17:06:28.148000,10737,10738,10737,1
2019-09-10,17:06:31.013000,10737,10738,10738,3
2019-09-10,17:06:31.179000,10737,10738,10737,1
2019-09-10,17:06:37.084000,10737,10738,10737,1
2019-09-10,17:06:38.973000,10737,10738,10737,2
2019-09-10,17:06:39.322000,10736,10737,10737,1
2019-09-10,17:06:46.663000,10736,10737,10737,1
2019-09-10,17:06:50.780000,10736,10737,10737,1
2019-09-10,17:06:56.577000,10736,10737,10737,1
2019-09-10,17:06:57.470000,10736,10737,10737,1
2019-09-10,17:06:57.581000,10736,10738,10737,1
2019-09-10,17:06:57.625000,10736,10738,10737,1
2019-09-10,17:06:57.692000,10737,10738,10737,1
2019-09-10,17:07:00.239000,10736,10737,10737,2
2019-09-10,17:07:07.896000,10736,10737,10737,2
2019-09-10,17:07:07.898000,10736,10737,10737,1
2019-09-10,17:07:10.151000,10737,10738,10737,1
2019-09-10,17:07:16.368000,10737,10738,10737,1
2019-09-10,17:07:26.401000,10737,10738,10737,1
2019-09-10,17:07:26.795000,10737,10738,10737,1
2019-09-10,17:07:30.310000,10737,10738,10737,12
2019-09-10,17:07:44.793000,10737,10738,10738,50
2019-09-10,17:07:44.817000,10737,10738,10738,2
2019-09-10,17:07:56.455000,10738,10739,10738,1
2019-09-10,17:08:02.772000,10738,10739,10738,5
2019-09-10,17:08:03.218000,10738,10739,10739,1
2019-09-10,17:08:03.483000,10738,10739,10738,1
2019-09-10,17:08:04.179000,10738,10739,10739,1
2019-09-10,17:08:16.144000,10737,10738,10738,1
2019-09-10,17:08:25.693000,10737,10738,10737,12
2019-09-10,17:08:27.409000,10737,10738,10737,7
2019-09-10,17:08:30.505000,10736,10737,10737,1
2019-09-10,17:08:33.955000,10736,10737,10737,1
2019-09-10,17:08:38.086000,10736,10737,10737,1
2019-09-10,17:08:39.230000,10736,10737,10737,5
2019-09-10,17:08:48.441000,10736,10737,10737,2
2019-09-10,17:08:51.803000,10736,10737,10737,1
2019-09-10,17:08:52.290000,10736,10737,10737,1
2019-09-10,17:08:53.305000,10736,10737,10737,1
2019-09-10,17:09:02.655000,10736,10737,10737,5
2019-09-10,17:09:03.695000,10736,10737,10737,1
2019-09-10,17:09:12.023000,10736,10737,10737,1
2019-09-10,17:09:22.723000,10736,10737,10737,1
2019-09-10,17:09:22.738000,10736,10737,10737,1
2019-09-10,17:09:24.640000,10736,10737,10737,1
2019-09-10,17:09:30.803000,10736,10737,10737,1
2019-09-10,17:09:31.429000,10736,10737,10737,2
2019-09-10,17:09:38.412000,10737,10738,10738,5
2019-09-10,17:09:38.471000,10737,10738,10737,1
2019-09-10,17:09:49.130000,10737,10738,10737,2
2019-09-10,17:09:50.471000,10737,10738,10737,2
2019-09-10,17:09:50.783000,10737,10738,10737,1
2019-09-10,17:09:56.015000,10737,10738,10737,1
2019-09-10,17:09:56.485000,10737,10738,10737,1
2019-09-10,17:09:59.573000,10737,10738,10737,3
2019-09-10,17:10:00.537000,10736,10737,10737,1
2019-09-10,17:10:16.477000,10736,10737,10737,2
2019-09-10,17:10:17.487000,10736,10737,10737,2
2019-09-10,17:10:19.705000,10737,10738,10737,1
2019-09-10,17:10:23.495000,10736,10737,10737,1
2019-09-10,17:10:24.706000,10737,10738,10737,2
2019-09-10,17:10:29.698000,10736,10738,10738,2
2019-09-10,17:10:35.866000,10737,10738,10737,1
2019-09-10,17:10:40.741000,10737,10738,10738,1
2019-09-10,17:10:45.122000,10737,10738,10738,1
2019-09-10,17:10:54.003000,10737,10738,10737,1
2019-09-10,17:11:14.111000,10737,10738,10737,2
2019-09-10,17:11:15.086000,10737,10738,10737,3
2019-09-10,17:11:18.003000,10737,10738,10737,3
2019-09-10,17:11:18.415000,10737,10738,10737,1
2019-09-10,17:11:36.314000,10737,10738,10738,5
2019-09-10,17:11:36.315000,10737,10738,10738,2
2019-09-10,17:11:36.315000,10737,10738,10738,1
2019-09-10,17:11:36.315000,10737,10738,10738,13
2019-09-10,17:11:36.315000,10737,10738,10738,1
2019-09-10,17:11:36.315000,10737,10738,10738,2
2019-09-10,17:11:36.315000,10737,10738,10738,1
2019-09-10,17:11:53.026000,10738,10739,10738,2
2019-09-10,17:11:54.217000,10738,10739,10738,2
2019-09-10,17:11:54.217000,10738,10739,10738,6
2019-09-10,17:11:57.957000,10737,10738,10738,1
2019-09-10,17:12:08.741000,10737,10738,10738,2
2019-09-10,17:12:09.225000,10737,10738,10738,1
2019-09-10,17:12:17.019000,10737,10738,10738,1
2019-09-10,17:12:18.906000,10737,10738,10738,2
2019-09-10,17:12:31.712000,10737,10738,10737,9
2019-09-10,17:12:45.779000,10736,10737,10736,1
2019-09-10,17:13:07.411000,10736,10737,10737,1
2019-09-10,17:13:54.432000,10736,10737,10737,5
2019-09-10,17:13:58.923000,10736,10737,10737,1
2019-09-10,17:14:09.488000,10737,10738,10737,1
2019-09-10,17:14:10.067000,10737,10738,10738,1
2019-09-10,17:14:11.317000,10737,10738,10737,2
2019-09-10,17:14:12.977000,10736,10738,10738,3
2019-09-10,17:14:15.756000,10737,10738,10738,1
2019-09-10,17:14:30.084000,10736,10737,10737,1
2019-09-10,17:14:30.941000,10736,10737,10737,2
2019-09-10,17:14:31.675000,10736,10737,10737,2
2019-09-10,17:14:31.675000,10736,10737,10738,1
2019-09-10,17:14:38.652000,10736,10738,10737,1
2019-09-10,17:14:48.539000,10736,10737,10737,1
2019-09-10,17:14:55.291000,10736,10737,10736,1
2019-09-10,17:14:56.132000,10736,10737,10737,1
2019-09-10,17:14:58.751000,10737,10738,10737,1
2019-09-10,17:15:00.161000,10737,10738,10738,2
2019-09-10,17:15:00.162000,10737,10738,10738,2
2019-09-10,17:15:00.169000,10737,10738,10738,2
2019-09-10,17:15:00.808000,10737,10738,10738,1
2019-09-10,17:15:01.204000,10737,10738,10738,1
2019-09-10,17:15:02.068000,10737,10738,10738,1
2019-09-10,17:15:03.866000,10737,10738,10738,10
2019-09-10,17:15:15.892000,10737,10738,10737,1
2019-09-10,17:15:25.206000,10736,10737,10737,1
2019-09-10,17:16:04.797000,10736,10737,10737,1
2019-09-10,17:16:14.954000,10736,10737,10737,5
2019-09-10,17:16:50.443000,10736,10737,10737,9
2019-09-10,17:16:50.443000,10736,10737,10737,4
2019-09-10,17:16:50.567000,10736,10737,10737,6
2019-09-10,17:16:50.567000,10736,10737,10737,1
2019-09-10,17:17:08.608000,10737,10738,10738,3
2019-09-10,17:17:27.868000,10737,10738,10737,2
2019-09-10,17:17:30.645000,10736,10738,10738,1
2019-09-10,17:17:33.916000,10737,10738,10737,1
2019-09-10,17:17:34.362000,10736,10737,10737,3
2019-09-10,17:17:34.951000,10736,10737,10737,1
2019-09-10,17:17:45.377000,10736,10738,10736,2
2019-09-10,17:17:55.196000,10736,10737,10737,5
2019-09-10,17:17:57.180000,10736,10737,10737,1
2019-09-10,17:17:58.168000,10737,10738,10737,1
2019-09-10,17:17:58.294000,10737,10738,10737,1
2019-09-10,17:18:01.673000,10736,10737,10737,1
2019-09-10,17:18:26.158000,10736,10737,10737,1
2019-09-10,17:18:38.369000,10737,10738,10737,2
2019-09-10,17:18:51.117000,10736,10737,10737,2
2019-09-10,17:18:54.184000,10736,10737,10737,1
2019-09-10,17:18:59.451000,10736,10737,10737,1
2019-09-10,17:19:00.457000,10736,10737,10737,1
2019-09-10,17:19:00.493000,10736,10737,10738,1
2019-09-10,17:19:00.539000,10736,10737,10738,4
2019-09-10,17:19:06.936000,10737,10738,10737,1
2019-09-10,17:19:07.468000,10736,10738,10738,1
2019-09-10,17:19:17.063000,10736,10737,10737,1
2019-09-10,17:19:18.224000,10736,10737,10737,1
2019-09-10,17:19:30.096000,10736,10737,10737,2
2019-09-10,17:19:31.340000,10736,10737,10737,1
2019-09-10,17:19:39.214000,10737,10738,10737,1
2019-09-10,17:19:44.807000,10737,10738,10737,1
2019-09-10,17:19:54.068000,10737,10738,10737,2
2019-09-10,17:20:27.409000,10736,10737,10737,2
2019-09-10,17:20:30.553000,10736,10737,10737,1
2019-09-10,17:20:34.863000,10736,10737,10737,1
2019-09-10,17:20:44.206000,10736,10738,10738,10
2019-09-10,17:20:44.874000,10737,10738,10737,1
2019-09-10,17:20:51.941000,10736,10737,10737,1
2019-09-10,17:21:02.742000,10737,10738,10738,3
2019-09-10,17:21:04.900000,10737,10738,10737,1
2019-09-10,17:21:54.347000,10737,10738,10737,1
2019-09-10,17:22:02.904000,10737,10738,10738,2
2019-09-10,17:22:05.331000,10737,10738,10738,1
2019-09-10,17:22:19.900000,10737,10738,10737,6
2019-09-10,17:22:19.900000,10737,10738,10737,5
2019-09-10,17:22:21.477000,10736,10737,10737,1
2019-09-10,17:22:25.400000,10736,10737,10736,1
2019-09-10,17:22:31.734000,10736,10737,10736,1
2019-09-10,17:22:53.988000,10736,10737,10737,1
2019-09-10,17:23:01.500000,10736,10737,10737,1
2019-09-10,17:23:01.500000,10736,10737,10738,2
2019-09-10,17:23:02.110000,10737,10738,10737,1
2019-09-10,17:23:55.439000,10736,10737,10737,1
2019-09-10,17:24:03.082000,10736,10737,10737,3
2019-09-10,17:24:03.789000,10736,10737,10737,1
2019-09-10,17:24:30.273000,10736,10737,10736,1
2019-09-10,17:24:37.706000,10736,10737,10736,1
2019-09-10,17:24:39.405000,10736,10737,10736,1
2019-09-10,17:25:13.091000,10736,10737,10737,19
2019-09-10,17:25:13.092000,10736,10737,10737,1
2019-09-10,17:25:24.157000,10736,10737,10737,1
2019-09-10,17:25:44.018000,10736,10737,10737,17
2019-09-10,17:26:11.150000,10737,10738,10737,10
2019-09-10,17:26:11.567000,10736,10738,10738,1
2019-09-10,17:27:06.476000,10736,10737,10737,1
2019-09-10,17:27:07.021000,10736,10737,10737,1
2019-09-10,17:27:32.233000,10736,10737,10737,1
2019-09-10,17:27:48.022000,10736,10737,10737,4
2019-09-10,17:28:40.386000,10736,10737,10737,1
2019-09-10,17:28:56.235000,10736,10737,10737,1
2019-09-10,17:28:56.317000,10737,10738,10737,3
2019-09-10,17:28:56.318000,10737,10738,10737,1
2019-09-10,17:29:15.292000,10736,10737,10737,1
2019-09-10,17:29:25.189000,10736,10737,10737,1
2019-09-10,17:29:46.063000,10736,10737,10736,6
2019-09-10,17:29:46.070000,10736,10737,10736,14
2019-09-10,17:30:09.428000,10736,10737,10736,1
2019-09-10,17:30:09.809000,10735,10737,10735,2
2019-09-10,17:30:09.826000,10735,10737,10735,1
2019-09-10,17:30:15.218000,10735,10736,10736,1
2019-09-10,17:31:02.693000,10735,10736,10735,1
2019-09-10,17:31:03.957000,10735,10736,10735,5
2019-09-10,17:31:09.112000,10735,10736,10735,1
2019-09-10,17:31:10.624000,10735,10736,10735,4
2019-09-10,17:31:11.137000,10734,10735,10735,1
2019-09-10,17:31:19.448000,10735,10736,10735,1
2019-09-10,17:31:25.717000,10735,10736,10735,1
2019-09-10,17:31:35.897000,10735,10736,10735,1
2019-09-10,17:31:43.656000,10734,10735,10735,1
2019-09-10,17:31:44.145000,10734,10735,10735,1
2019-09-10,17:31:44.468000,10734,10735,10735,1
2019-09-10,17:31:44.680000,10734,10735,10735,1
2019-09-10,17:31:44.692000,10734,10735,10735,1
2019-09-10,17:31:48.019000,10735,10736,10735,4
2019-09-10,17:31:51.246000,10734,10736,10734,1
2019-09-10,17:31:53.768000,10734,10736,10734,1
2019-09-10,17:31:55.363000,10734,10736,10734,1
2019-09-10,17:32:06.817000,10735,10736,10735,5
2019-09-10,17:32:10.004000,10735,10736,10735,3
2019-09-10,17:32:20.947000,10735,10736,10735,1
2019-09-10,17:32:21.991000,10735,10736,10735,2
2019-09-10,17:32:23.758000,10735,10736,10735,1
2019-09-10,17:32:27.738000,10735,10736,10735,5
2019-09-10,17:32:39.192000,10734,10735,10735,1
2019-09-10,17:32:56.588000,10734,10735,10735,1
2019-09-10,17:33:22.585000,10735,10736,10735,1
2019-09-10,17:33:23.206000,10734,10736,10736,1
2019-09-10,17:33:25.428000,10735,10736,10735,1
2019-09-10,17:33:31.071000,10734,10735,10735,1
2019-09-10,17:33:40.545000,10734,10735,10734,2
2019-09-10,17:33:59.186000,10734,10735,10734,2
2019-09-10,17:34:03.499000,10734,10735,10734,1
2019-09-10,17:34:04.684000,10734,10735,10734,1
2019-09-10,17:34:25.672000,10734,10735,10734,1
2019-09-10,17:34:34.086000,10734,10735,10734,1
2019-09-10,17:34:37.402000,10734,10735,10734,3
2019-09-10,17:34:37.442000,10734,10735,10734,5
2019-09-10,17:34:48.478000,10733,10734,10734,1
2019-09-10,17:34:58.260000,10734,10735,10734,1
2019-09-10,17:35:34.477000,10733,10734,10733,10
2019-09-10,17:35:35.559000,10733,10734,10733,2
2019-09-10,17:35:41.612000,10732,10733,10733,11
2019-09-10,17:35:48.182000,10733,10734,10733,1
2019-09-10,17:35:48.889000,10733,10734,10733,1
2019-09-10,17:35:57.693000,10733,10734,10734,1
2019-09-10,17:35:57.694000,10733,10734,10734,1
2019-09-10,17:36:01.619000,10733,10734,10733,9
2019-09-10,17:36:04.615000,10732,10733,10733,1
2019-09-10,17:36:08.271000,10732,10733,10733,1
2019-09-10,17:36:33.396000,10732,10733,10733,10
2019-09-10,17:36:34.589000,10732,10733,10733,1
2019-09-10,17:36:58.028000,10732,10733,10733,1
2019-09-10,17:37:06.913000,10732,10733,10732,14
2019-09-10,17:37:13.131000,10732,10733,10732,4
2019-09-10,17:37:18.061000,10732,10733,10732,10
2019-09-10,17:37:19.584000,10732,10733,10732,10
2019-09-10,17:37:23.284000,10732,10733,10732,1
2019-09-10,17:37:23.284000,10732,10733,10732,5
2019-09-10,17:37:23.284000,10732,10733,10732,1
2019-09-10,17:37:23.290000,10732,10733,10732,1
