2019-03-20,15:00:00,10521,10521,10521,190
2019-03-20,15:00:00.000100,10521,10521,10521,2
2019-03-20,15:00:00.000200,10521,10521,10521,4
2019-03-20,15:00:00.000300,10521,10521,10521,2
2019-03-20,15:00:00.000400,10521,10521,10521,2
2019-03-20,15:00:00.000500,10521,10521,10521,2
2019-03-20,15:00:00.000600,10522,10522,10522,2
2019-03-20,15:00:00.000700,10522,10522,10522,6
2019-03-20,15:00:00.000800,10522,10522,10522,6
2019-03-20,15:00:00.000900,10523,10523,10523,6
2019-03-20,15:00:00.001000,10523,10523,10523,2
2019-03-20,15:00:00.001100,10524,10524,10524,2
2019-03-20,15:00:00.001200,10524,10524,10524,2
2019-03-20,15:00:00.001300,10523,10523,10523,2
2019-03-20,15:00:00.001400,10524,10524,10524,2
2019-03-20,15:00:00.001500,10522,10522,10522,2
2019-03-20,15:00:00.001600,10524,10524,10524,24
2019-03-20,15:00:01,10525,10525,10525,2
2019-03-20,15:00:01.000100,10523,10523,10523,2
2019-03-20,15:00:01.000200,10525,10525,10525,2
2019-03-20,15:00:01.000300,10525,10525,10525,2
2019-03-20,15:00:01.000400,10523,10523,10523,2
2019-03-20,15:00:01.000500,10525,10525,10525,2
2019-03-20,15:00:01.000600,10524,10524,10524,2
2019-03-20,15:00:02,10524,10524,10524,4
2019-03-20,15:00:02.000100,10524,10524,10524,4
2019-03-20,15:00:02.000200,10525,10525,10525,2
2019-03-20,15:00:03,10524,10524,10524,2
2019-03-20,15:00:03.000100,10523,10523,10523,2
2019-03-20,15:00:03.000200,10523,10523,10523,2
2019-03-20,15:00:04,10523,10523,10523,2
2019-03-20,15:00:05,10523,10523,10523,2
2019-03-20,15:00:06,10523,10523,10523,2
2019-03-20,15:00:07,10523,10523,10523,2
2019-03-20,15:00:07.000100,10523,10523,10523,2
2019-03-20,15:00:07.000200,10525,10525,10525,20
2019-03-20,15:00:08,10524,10524,10524,4
2019-03-20,15:00:08.000100,10523,10523,10523,2
2019-03-20,15:00:09,10523,10523,10523,2
2019-03-20,15:00:09.000100,10525,10525,10525,6
2019-03-20,15:00:10,10523,10523,10523,2
2019-03-20,15:00:12,10524,10524,10524,2
2019-03-20,15:00:12.000100,10525,10525,10525,6
2019-03-20,15:00:17,10523,10523,10523,4
2019-03-20,15:00:17.000100,10524,10524,10524,2
2019-03-20,15:00:17.000200,10524,10524,10524,2
2019-03-20,15:00:19,10524,10524,10524,2
2019-03-20,15:00:20,10524,10524,10524,6
2019-03-20,15:00:20.000100,10524,10524,10524,4
2019-03-20,15:00:23,10524,10524,10524,14
2019-03-20,15:00:23.000100,10523,10523,10523,2
2019-03-20,15:00:25,10524,10524,10524,14
2019-03-20,15:00:26,10523,10523,10523,2
2019-03-20,15:00:27,10523,10523,10523,2
2019-03-20,15:00:28,10524,10524,10524,2
2019-03-20,15:00:30,10524,10524,10524,2
2019-03-20,15:00:31,10524,10524,10524,2
2019-03-20,15:00:31.000100,10524,10524,10524,6
2019-03-20,15:00:34,10523,10523,10523,2
2019-03-20,15:00:34.000100,10523,10523,10523,2
2019-03-20,15:00:34.000200,10523,10523,10523,2
2019-03-20,15:00:34.000300,10523,10523,10523,2
2019-03-20,15:00:34.000400,10523,10523,10523,2
2019-03-20,15:00:34.000500,10523,10523,10523,2
2019-03-20,15:00:34.000600,10523,10523,10523,4
2019-03-20,15:00:34.000700,10523,10523,10523,14
2019-03-20,15:00:35,10524,10524,10524,6
2019-03-20,15:00:35.000100,10523,10523,10523,2
2019-03-20,15:00:36,10524,10524,10524,2
2019-03-20,15:00:36.000100,10524,10524,10524,2
2019-03-20,15:00:42,10523,10523,10523,4
2019-03-20,15:00:43,10524,10524,10524,2
2019-03-20,15:00:45,10524,10524,10524,2
2019-03-20,15:00:48,10523,10523,10523,2
2019-03-20,15:00:49,10523,10523,10523,2
2019-03-20,15:00:49.000100,10523,10523,10523,8
2019-03-20,15:00:51,10524,10524,10524,2
2019-03-20,15:00:59,10524,10524,10524,10
2019-03-20,15:01:00,10524,10524,10524,8
2019-03-20,15:01:02,10524,10524,10524,8
2019-03-20,15:01:02.000100,10523,10523,10523,2
2019-03-20,15:01:04,10523,10523,10523,2
2019-03-20,15:01:06,10524,10524,10524,2
2019-03-20,15:01:08,10523,10523,10523,2
2019-03-20,15:01:14,10523,10523,10523,2
2019-03-20,15:01:14.000100,10524,10524,10524,2
2019-03-20,15:01:15,10523,10523,10523,8
2019-03-20,15:01:19,10523,10523,10523,2
2019-03-20,15:01:23,10523,10523,10523,2
2019-03-20,15:01:23.000100,10524,10524,10524,2
2019-03-20,15:01:27,10524,10524,10524,2
2019-03-20,15:01:27.000100,10524,10524,10524,2
2019-03-20,15:01:29,10523,10523,10523,2
2019-03-20,15:01:30,10524,10524,10524,2
2019-03-20,15:01:32,10523,10523,10523,2
2019-03-20,15:01:32.000100,10524,10524,10524,2
2019-03-20,15:01:34,10523,10523,10523,2
2019-03-20,15:01:35,10523,10523,10523,8
2019-03-20,15:01:35.000100,10523,10523,10523,2
2019-03-20,15:01:35.000200,10523,10523,10523,8
2019-03-20,15:01:35.000300,10523,10523,10523,2
2019-03-20,15:01:35.000400,10523,10523,10523,2
2019-03-20,15:01:35.000500,10523,10523,10523,6
2019-03-20,15:01:35.000600,10523,10523,10523,6
2019-03-20,15:01:35.000700,10523,10523,10523,2
2019-03-20,15:01:35.000800,10523,10523,10523,2
2019-03-20,15:01:35.000900,10523,10523,10523,10
2019-03-20,15:01:35.001000,10523,10523,10523,2
2019-03-20,15:01:35.001100,10523,10523,10523,2
2019-03-20,15:01:35.001200,10523,10523,10523,6
2019-03-20,15:01:35.001300,10523,10523,10523,2
2019-03-20,15:01:35.001400,10523,10523,10523,2
2019-03-20,15:01:35.001500,10523,10523,10523,2
2019-03-20,15:01:35.001600,10523,10523,10523,2
2019-03-20,15:01:35.001700,10523,10523,10523,2
2019-03-20,15:01:35.001800,10523,10523,10523,2
2019-03-20,15:01:35.001900,10523,10523,10523,2
2019-03-20,15:01:35.002000,10522,10522,10522,4
2019-03-20,15:01:35.002100,10523,10523,10523,8
2019-03-20,15:01:35.002200,10522,10522,10522,4
2019-03-20,15:01:35.002300,10522,10522,10522,2
2019-03-20,15:01:35.002400,10522,10522,10522,2
2019-03-20,15:01:35.002400,10522,10522,10522,4
2019-03-20,15:01:35.002500,10522,10522,10522,2
2019-03-20,15:01:35.002600,10522,10522,10522,6
2019-03-20,15:01:38,10521,10521,10521,2
2019-03-20,15:01:41,10521,10521,10521,2
2019-03-20,15:01:43,10521,10521,10521,8
2019-03-20,15:01:43.000100,10521,10521,10521,2
2019-03-20,15:01:44,10522,10522,10522,2
2019-03-20,15:01:45,10522,10522,10522,4
2019-03-20,15:01:47,10521,10521,10521,2
2019-03-20,15:01:47.000100,10521,10521,10521,2
2019-03-20,15:01:48,10522,10522,10522,2
2019-03-20,15:01:50,10521,10521,10521,4
2019-03-20,15:01:51,10521,10521,10521,2
2019-03-20,15:01:51.000100,10521,10521,10521,4
2019-03-20,15:01:51.000200,10521,10521,10521,4
2019-03-20,15:01:51.000300,10521,10521,10521,2
2019-03-20,15:01:53,10521,10521,10521,2
2019-03-20,15:01:55,10521,10521,10521,2
2019-03-20,15:01:56,10521,10521,10521,2
2019-03-20,15:01:56.000100,10521,10521,10521,2
2019-03-20,15:01:59,10521,10521,10521,2
2019-03-20,15:02:00,10522,10522,10522,14
2019-03-20,15:02:01,10521,10521,10521,2
2019-03-20,15:02:02,10521,10521,10521,2
2019-03-20,15:02:07,10521,10521,10521,2
2019-03-20,15:02:07.000100,10522,10522,10522,2
2019-03-20,15:02:08,10521,10521,10521,2
2019-03-20,15:02:12,10521,10521,10521,2
2019-03-20,15:02:12.000100,10521,10521,10521,2
2019-03-20,15:02:12.000200,10521,10521,10521,2
2019-03-20,15:02:12.000300,10521,10521,10521,2
2019-03-20,15:02:12.000400,10521,10521,10521,2
2019-03-20,15:02:12.000500,10521,10521,10521,2
2019-03-20,15:02:12.000600,10521,10521,10521,4
2019-03-20,15:02:12.000700,10521,10521,10521,4
2019-03-20,15:02:13,10521,10521,10521,2
2019-03-20,15:02:13.000100,10521,10521,10521,2
2019-03-20,15:02:15,10522,10522,10522,2
2019-03-20,15:02:15.000100,10521,10521,10521,2
2019-03-20,15:02:15.000200,10521,10521,10521,2
2019-03-20,15:02:17,10521,10521,10521,2
2019-03-20,15:02:17.000100,10521,10521,10521,2
2019-03-20,15:02:23,10522,10522,10522,10
2019-03-20,15:02:23.000100,10523,10523,10523,4
2019-03-20,15:02:23.000200,10523,10523,10523,6
2019-03-20,15:02:23.000300,10523,10523,10523,4
2019-03-20,15:02:24,10523,10523,10523,14
2019-03-20,15:02:25,10524,10524,10524,2
2019-03-20,15:02:25.000100,10523,10523,10523,2
2019-03-20,15:02:25.000200,10523,10523,10523,2
2019-03-20,15:02:26,10523,10523,10523,2
2019-03-20,15:02:28,10523,10523,10523,2
2019-03-20,15:02:31,10522,10522,10522,2
2019-03-20,15:02:34,10523,10523,10523,2
2019-03-20,15:02:36,10523,10523,10523,2
2019-03-20,15:02:39,10522,10522,10522,2
2019-03-20,15:02:41,10523,10523,10523,4
2019-03-20,15:02:42,10522,10522,10522,2
2019-03-20,15:02:46,10523,10523,10523,2
2019-03-20,15:02:47,10523,10523,10523,2
2019-03-20,15:02:47.000100,10523,10523,10523,2
2019-03-20,15:02:50,10523,10523,10523,16
2019-03-20,15:02:51,10523,10523,10523,2
2019-03-20,15:02:54,10523,10523,10523,2
2019-03-20,15:02:57,10524,10524,10524,2
2019-03-20,15:02:57.000100,10523,10523,10523,2
2019-03-20,15:03:00,10524,10524,10524,8
2019-03-20,15:03:02,10523,10523,10523,4
2019-03-20,15:03:02.000100,10524,10524,10524,10
2019-03-20,15:03:05,10524,10524,10524,2
2019-03-20,15:03:07,10524,10524,10524,2
2019-03-20,15:03:07.000100,10523,10523,10523,2
2019-03-20,15:03:07.000200,10523,10523,10523,6
2019-03-20,15:03:07.000300,10523,10523,10523,2
2019-03-20,15:03:08,10524,10524,10524,2
2019-03-20,15:03:08.000100,10524,10524,10524,2
2019-03-20,15:03:08.000200,10524,10524,10524,96
2019-03-20,15:03:08.000300,10525,10525,10525,4
2019-03-20,15:03:08.000400,10525,10525,10525,6
2019-03-20,15:03:08.000500,10525,10525,10525,14
2019-03-20,15:03:08.000600,10525,10525,10525,26
2019-03-20,15:03:08.000700,10525,10525,10525,20
2019-03-20,15:03:08.000800,10525,10525,10525,26
2019-03-20,15:03:08.000900,10525,10525,10525,2
2019-03-20,15:03:08.001000,10525,10525,10525,2
2019-03-20,15:03:09,10525,10525,10525,2
2019-03-20,15:03:09.000100,10525,10525,10525,12
2019-03-20,15:03:09.000200,10525,10525,10525,2
2019-03-20,15:03:09.000300,10525,10525,10525,12
2019-03-20,15:03:09.000400,10525,10525,10525,18
2019-03-20,15:03:09.000500,10525,10525,10525,8
2019-03-20,15:03:09.000600,10525,10525,10525,4
2019-03-20,15:03:09.000700,10525,10525,10525,2
2019-03-20,15:03:09.000800,10525,10525,10525,2
2019-03-20,15:03:09.000900,10524,10524,10524,10
2019-03-20,15:03:09.001000,10525,10525,10525,10
2019-03-20,15:03:09.001100,10525,10525,10525,2
2019-03-20,15:03:16,10525,10525,10525,2
2019-03-20,15:03:16.000100,10525,10525,10525,2
2019-03-20,15:03:16.000200,10525,10525,10525,2
2019-03-20,15:03:16.000300,10525,10525,10525,8
2019-03-20,15:03:17,10525,10525,10525,10
2019-03-20,15:03:19,10526,10526,10526,2
2019-03-20,15:03:20,10526,10526,10526,2
2019-03-20,15:03:20.000100,10526,10526,10526,4
2019-03-20,15:03:22,10525,10525,10525,2
2019-03-20,15:03:23,10525,10525,10525,6
2019-03-20,15:03:28,10525,10525,10525,2
2019-03-20,15:03:29,10525,10525,10525,2
2019-03-20,15:03:30,10526,10526,10526,2
2019-03-20,15:03:30.000100,10526,10526,10526,2
2019-03-20,15:03:37,10526,10526,10526,4
2019-03-20,15:03:37.000100,10526,10526,10526,2
2019-03-20,15:03:42,10525,10525,10525,2
2019-03-20,15:03:42.000100,10525,10525,10525,4
2019-03-20,15:03:42.000200,10525,10525,10525,2
2019-03-20,15:03:43,10526,10526,10526,2
2019-03-20,15:03:45,10525,10525,10525,4
2019-03-20,15:03:45.000100,10525,10525,10525,2
2019-03-20,15:03:45.000200,10525,10525,10525,2
2019-03-20,15:03:45.000300,10525,10525,10525,2
2019-03-20,15:03:47,10526,10526,10526,2
2019-03-20,15:03:47.000100,10526,10526,10526,2
2019-03-20,15:03:49,10525,10525,10525,2
2019-03-20,15:03:49.000100,10525,10525,10525,2
2019-03-20,15:03:49.000200,10525,10525,10525,2
2019-03-20,15:03:49.000300,10525,10525,10525,2
2019-03-20,15:03:49.000400,10525,10525,10525,4
2019-03-20,15:03:49.000500,10525,10525,10525,2
2019-03-20,15:03:54,10525,10525,10525,4
2019-03-20,15:03:55,10525,10525,10525,2
2019-03-20,15:03:57,10525,10525,10525,10
2019-03-20,15:03:57.000100,10525,10525,10525,2
2019-03-20,15:03:58,10524,10524,10524,8
2019-03-20,15:03:58.000100,10524,10524,10524,2
2019-03-20,15:03:58.000200,10524,10524,10524,8
2019-03-20,15:03:58.000300,10524,10524,10524,4
2019-03-20,15:03:58.000400,10524,10524,10524,2
2019-03-20,15:03:58.000500,10524,10524,10524,2
2019-03-20,15:03:58.000600,10524,10524,10524,2
2019-03-20,15:03:58.000700,10524,10524,10524,2
2019-03-20,15:03:58.000800,10524,10524,10524,2
2019-03-20,15:03:58.000900,10524,10524,10524,6
2019-03-20,15:03:59,10524,10524,10524,2
2019-03-20,15:04:01,10524,10524,10524,10
2019-03-20,15:04:01.000100,10524,10524,10524,2
2019-03-20,15:04:02,10524,10524,10524,20
2019-03-20,15:04:03,10523,10523,10523,2
2019-03-20,15:04:03.000100,10523,10523,10523,2
2019-03-20,15:04:03.000200,10523,10523,10523,2
2019-03-20,15:04:03.000300,10523,10523,10523,6
2019-03-20,15:04:03.000400,10523,10523,10523,8
2019-03-20,15:04:04,10523,10523,10523,2
2019-03-20,15:04:04.000100,10523,10523,10523,2
2019-03-20,15:04:05,10524,10524,10524,12
2019-03-20,15:04:05.000100,10524,10524,10524,2
2019-03-20,15:04:05.000200,10523,10523,10523,2
2019-03-20,15:04:05.000300,10523,10523,10523,2
2019-03-20,15:04:06,10523,10523,10523,2
2019-03-20,15:04:06.000100,10523,10523,10523,2
2019-03-20,15:04:06.000200,10523,10523,10523,2
2019-03-20,15:04:06.000300,10523,10523,10523,2
2019-03-20,15:04:06.000400,10523,10523,10523,2
2019-03-20,15:04:06.000500,10523,10523,10523,2
2019-03-20,15:04:06.000600,10523,10523,10523,2
2019-03-20,15:04:06.000700,10523,10523,10523,6
2019-03-20,15:04:08,10524,10524,10524,2
2019-03-20,15:04:11,10523,10523,10523,2
2019-03-20,15:04:16,10523,10523,10523,2
2019-03-20,15:04:16.000100,10523,10523,10523,2
2019-03-20,15:04:16.000200,10523,10523,10523,2
2019-03-20,15:04:17,10523,10523,10523,2
2019-03-20,15:04:17.000100,10523,10523,10523,2
2019-03-20,15:04:25,10524,10524,10524,2
2019-03-20,15:04:27,10524,10524,10524,2
2019-03-20,15:04:38,10524,10524,10524,2
2019-03-20,15:04:38.000100,10524,10524,10524,8
2019-03-20,15:04:38.000200,10524,10524,10524,2
2019-03-20,15:04:38.000300,10524,10524,10524,2
2019-03-20,15:04:38.000400,10524,10524,10524,2
2019-03-20,15:04:38.000500,10524,10524,10524,2
2019-03-20,15:04:38.000600,10524,10524,10524,4
2019-03-20,15:04:40,10524,10524,10524,2
2019-03-20,15:04:41,10524,10524,10524,2
2019-03-20,15:04:45,10524,10524,10524,10
2019-03-20,15:04:45.000100,10524,10524,10524,2
2019-03-20,15:04:45.000200,10524,10524,10524,2
2019-03-20,15:04:45.000300,10523,10523,10523,2
2019-03-20,15:04:45.000400,10523,10523,10523,4
2019-03-20,15:04:49,10524,10524,10524,2
2019-03-20,15:04:52,10525,10525,10525,4
2019-03-20,15:05:00,10525,10525,10525,2
2019-03-20,15:05:00.000100,10524,10524,10524,4
2019-03-20,15:05:01,10524,10524,10524,2
2019-03-20,15:05:01.000100,10524,10524,10524,2
2019-03-20,15:05:04,10524,10524,10524,2
2019-03-20,15:05:06,10524,10524,10524,2
2019-03-20,15:05:09,10524,10524,10524,4
2019-03-20,15:05:16,10524,10524,10524,2
2019-03-20,15:05:26,10524,10524,10524,2
2019-03-20,15:05:27,10524,10524,10524,2
2019-03-20,15:05:30,10524,10524,10524,2
2019-03-20,15:05:32,10524,10524,10524,4
2019-03-20,15:05:32.000100,10524,10524,10524,2
2019-03-20,15:05:39,10524,10524,10524,2
2019-03-20,15:05:39.000100,10525,10525,10525,2
2019-03-20,15:05:43,10524,10524,10524,2
2019-03-20,15:05:43.000100,10524,10524,10524,2
2019-03-20,15:05:47,10524,10524,10524,2
2019-03-20,15:05:48,10525,10525,10525,2
2019-03-20,15:05:50,10524,10524,10524,6
2019-03-20,15:05:59,10525,10525,10525,2
2019-03-20,15:06:05,10525,10525,10525,2
2019-03-20,15:06:06,10525,10525,10525,14
2019-03-20,15:06:13,10525,10525,10525,2
2019-03-20,15:06:14,10525,10525,10525,2
2019-03-20,15:06:14.000100,10525,10525,10525,2
2019-03-20,15:06:25,10525,10525,10525,2
2019-03-20,15:06:26,10525,10525,10525,2
2019-03-20,15:06:28,10525,10525,10525,2
2019-03-20,15:06:29,10525,10525,10525,16
2019-03-20,15:06:32,10525,10525,10525,2
2019-03-20,15:06:38,10524,10524,10524,8
2019-03-20,15:06:38.000100,10525,10525,10525,10
2019-03-20,15:06:40,10525,10525,10525,2
2019-03-20,15:06:43,10524,10524,10524,8
2019-03-20,15:06:55,10524,10524,10524,10
2019-03-20,15:06:59,10524,10524,10524,2
2019-03-20,15:06:59.000100,10524,10524,10524,2
2019-03-20,15:06:59.000200,10524,10524,10524,4
2019-03-20,15:06:59.000300,10524,10524,10524,4
2019-03-20,15:06:59.000400,10524,10524,10524,2
2019-03-20,15:07:02,10525,10525,10525,2
2019-03-20,15:07:03,10524,10524,10524,2
2019-03-20,15:07:03.000100,10524,10524,10524,4
2019-03-20,15:07:03.000200,10524,10524,10524,4
2019-03-20,15:07:03.000300,10524,10524,10524,2
2019-03-20,15:07:03.000400,10524,10524,10524,2
2019-03-20,15:07:10,10524,10524,10524,2
2019-03-20,15:07:15,10524,10524,10524,2
2019-03-20,15:07:21,10525,10525,10525,12
2019-03-20,15:07:22,10524,10524,10524,2
2019-03-20,15:07:22.000100,10524,10524,10524,2
2019-03-20,15:07:23,10525,10525,10525,2
2019-03-20,15:07:29,10525,10525,10525,2
2019-03-20,15:07:41,10524,10524,10524,2
2019-03-20,15:07:41.000100,10524,10524,10524,4
2019-03-20,15:07:41.000200,10524,10524,10524,4
2019-03-20,15:07:41.000300,10525,10525,10525,4
2019-03-20,15:07:42,10525,10525,10525,2
2019-03-20,15:07:43,10524,10524,10524,10
2019-03-20,15:07:45,10524,10524,10524,10
2019-03-20,15:07:47,10525,10525,10525,10
2019-03-20,15:07:53,10525,10525,10525,20
2019-03-20,15:07:56,10524,10524,10524,2
2019-03-20,15:08:00,10525,10525,10525,2
2019-03-20,15:08:16,10525,10525,10525,20
2019-03-20,15:08:21,10525,10525,10525,2
2019-03-20,15:08:23,10525,10525,10525,2
2019-03-20,15:08:23.000100,10525,10525,10525,2
2019-03-20,15:08:36,10525,10525,10525,4
2019-03-20,15:08:37,10524,10524,10524,2
2019-03-20,15:08:37.000100,10524,10524,10524,12
2019-03-20,15:08:37.000200,10524,10524,10524,2
2019-03-20,15:08:37.000300,10524,10524,10524,2
2019-03-20,15:08:37.000400,10524,10524,10524,4
2019-03-20,15:08:52,10525,10525,10525,2
2019-03-20,15:09:09,10524,10524,10524,2
2019-03-20,15:09:10,10524,10524,10524,2
2019-03-20,15:09:23,10524,10524,10524,2
2019-03-20,15:09:31,10524,10524,10524,2
2019-03-20,15:09:33,10524,10524,10524,2
2019-03-20,15:09:53,10524,10524,10524,2
2019-03-20,15:10:02,10524,10524,10524,2
2019-03-20,15:10:02.000100,10524,10524,10524,2
2019-03-20,15:10:03,10524,10524,10524,4
2019-03-20,15:10:04,10524,10524,10524,2
2019-03-20,15:10:04.000100,10524,10524,10524,2
2019-03-20,15:10:06,10524,10524,10524,2
2019-03-20,15:10:10,10524,10524,10524,2
2019-03-20,15:10:10.000100,10524,10524,10524,8
2019-03-20,15:10:10.000200,10524,10524,10524,4
2019-03-20,15:10:10.000300,10524,10524,10524,2
2019-03-20,15:10:10.000400,10524,10524,10524,2
2019-03-20,15:10:10.000500,10524,10524,10524,2
2019-03-20,15:10:12,10524,10524,10524,4
2019-03-20,15:10:15,10524,10524,10524,2
2019-03-20,15:10:19,10524,10524,10524,2
2019-03-20,15:10:20,10524,10524,10524,2
2019-03-20,15:10:21,10524,10524,10524,2
2019-03-20,15:10:28,10524,10524,10524,2
2019-03-20,15:10:31,10524,10524,10524,2
2019-03-20,15:10:34,10525,10525,10525,8
2019-03-20,15:10:34.000100,10525,10525,10525,2
2019-03-20,15:10:34.000200,10525,10525,10525,6
2019-03-20,15:10:34.000300,10525,10525,10525,4
2019-03-20,15:10:34.000400,10525,10525,10525,6
2019-03-20,15:10:34.000500,10525,10525,10525,2
2019-03-20,15:10:38,10525,10525,10525,2
2019-03-20,15:10:39,10525,10525,10525,4
2019-03-20,15:10:39.000100,10525,10525,10525,6
2019-03-20,15:10:39.000200,10525,10525,10525,2
2019-03-20,15:10:39.000300,10525,10525,10525,6
2019-03-20,15:10:42,10525,10525,10525,2
2019-03-20,15:10:42.000100,10525,10525,10525,20
2019-03-20,15:10:42.000200,10525,10525,10525,34
2019-03-20,15:10:44,10525,10525,10525,2
2019-03-20,15:10:44.000100,10525,10525,10525,2
2019-03-20,15:10:45,10525,10525,10525,2
2019-03-20,15:10:45.000100,10525,10525,10525,2
2019-03-20,15:10:46,10526,10526,10526,6
2019-03-20,15:10:46.000100,10526,10526,10526,4
2019-03-20,15:10:46.000200,10526,10526,10526,6
2019-03-20,15:10:46.000300,10526,10526,10526,2
2019-03-20,15:10:46.000400,10526,10526,10526,4
2019-03-20,15:10:46.000500,10526,10526,10526,2
2019-03-20,15:10:46.000600,10526,10526,10526,10
2019-03-20,15:10:46.000700,10525,10525,10525,2
2019-03-20,15:10:46.000800,10525,10525,10525,2
2019-03-20,15:10:46.000900,10526,10526,10526,2
2019-03-20,15:10:46.001000,10526,10526,10526,4
2019-03-20,15:10:46.001100,10526,10526,10526,4
2019-03-20,15:10:46.001200,10526,10526,10526,2
2019-03-20,15:10:46.001300,10526,10526,10526,2
2019-03-20,15:10:48,10526,10526,10526,2
2019-03-20,15:10:49,10526,10526,10526,2
2019-03-20,15:10:49.000100,10526,10526,10526,2
2019-03-20,15:10:50,10526,10526,10526,2
2019-03-20,15:10:51,10526,10526,10526,2
2019-03-20,15:10:55,10526,10526,10526,2
2019-03-20,15:10:56,10526,10526,10526,2
2019-03-20,15:10:58,10527,10527,10527,2
2019-03-20,15:10:58.000100,10527,10527,10527,2
2019-03-20,15:10:58.000200,10526,10526,10526,2
2019-03-20,15:11:00,10527,10527,10527,2
2019-03-20,15:11:02,10527,10527,10527,10
2019-03-20,15:11:03,10526,10526,10526,2
2019-03-20,15:11:03.000100,10527,10527,10527,2
2019-03-20,15:11:08,10527,10527,10527,2
2019-03-20,15:11:10,10527,10527,10527,2
2019-03-20,15:11:11,10527,10527,10527,4
2019-03-20,15:11:13,10527,10527,10527,2
2019-03-20,15:11:14,10527,10527,10527,2
2019-03-20,15:11:14.000100,10526,10526,10526,2
2019-03-20,15:11:14.000200,10526,10526,10526,2
2019-03-20,15:11:14.000300,10526,10526,10526,2
2019-03-20,15:11:14.000400,10526,10526,10526,6
2019-03-20,15:11:14.000500,10526,10526,10526,4
2019-03-20,15:11:14.000600,10526,10526,10526,2
2019-03-20,15:11:14.000700,10526,10526,10526,2
2019-03-20,15:11:14.000800,10526,10526,10526,2
2019-03-20,15:11:16,10526,10526,10526,2
2019-03-20,15:11:16.000100,10526,10526,10526,2
2019-03-20,15:11:16.000200,10527,10527,10527,2
2019-03-20,15:11:21,10525,10525,10525,2
2019-03-20,15:11:22,10525,10525,10525,4
2019-03-20,15:11:22.000100,10525,10525,10525,4
2019-03-20,15:11:23,10525,10525,10525,4
2019-03-20,15:11:24,10525,10525,10525,4
2019-03-20,15:11:24.000100,10525,10525,10525,2
2019-03-20,15:11:24.000200,10525,10525,10525,2
2019-03-20,15:11:25,10525,10525,10525,8
2019-03-20,15:11:25.000100,10525,10525,10525,2
2019-03-20,15:11:25.000200,10525,10525,10525,2
2019-03-20,15:11:25.000300,10525,10525,10525,2
2019-03-20,15:11:25.000400,10525,10525,10525,2
2019-03-20,15:11:30,10525,10525,10525,2
2019-03-20,15:11:34,10525,10525,10525,2
2019-03-20,15:11:34.000100,10525,10525,10525,2
2019-03-20,15:11:35,10525,10525,10525,2
2019-03-20,15:11:35.000100,10526,10526,10526,2
2019-03-20,15:11:41,10526,10526,10526,2
2019-03-20,15:11:44,10525,10525,10525,2
2019-03-20,15:11:44.000100,10525,10525,10525,2
2019-03-20,15:11:45,10525,10525,10525,2
2019-03-20,15:11:45.000100,10525,10525,10525,2
2019-03-20,15:11:45.000200,10525,10525,10525,2
2019-03-20,15:11:45.000300,10525,10525,10525,2
2019-03-20,15:11:45.000400,10525,10525,10525,2
2019-03-20,15:11:47,10526,10526,10526,2
2019-03-20,15:11:48,10525,10525,10525,2
2019-03-20,15:11:48.000100,10525,10525,10525,2
2019-03-20,15:11:50,10526,10526,10526,2
2019-03-20,15:11:53,10525,10525,10525,2
2019-03-20,15:11:53.000100,10525,10525,10525,6
2019-03-20,15:11:55,10525,10525,10525,2
2019-03-20,15:11:56,10525,10525,10525,2
2019-03-20,15:11:58,10525,10525,10525,2
2019-03-20,15:11:59,10525,10525,10525,2
2019-03-20,15:12:01,10525,10525,10525,2
2019-03-20,15:12:02,10524,10524,10524,2
2019-03-20,15:12:02.000100,10524,10524,10524,2
2019-03-20,15:12:02.000200,10524,10524,10524,4
2019-03-20,15:12:02.000300,10524,10524,10524,2
2019-03-20,15:12:02.000400,10524,10524,10524,2
2019-03-20,15:12:02.000500,10524,10524,10524,2
2019-03-20,15:12:02.000600,10524,10524,10524,4
2019-03-20,15:12:02.000700,10524,10524,10524,2
2019-03-20,15:12:06,10525,10525,10525,6
2019-03-20,15:12:06.000100,10526,10526,10526,4
2019-03-20,15:12:12,10525,10525,10525,2
2019-03-20,15:12:16,10525,10525,10525,8
2019-03-20,15:12:16.000100,10526,10526,10526,14
2019-03-20,15:12:25,10526,10526,10526,2
2019-03-20,15:12:27,10526,10526,10526,4
2019-03-20,15:12:30,10525,10525,10525,2
2019-03-20,15:12:30.000100,10525,10525,10525,2
2019-03-20,15:12:35,10525,10525,10525,2
2019-03-20,15:12:45,10525,10525,10525,2
2019-03-20,15:12:46,10525,10525,10525,2
2019-03-20,15:12:46.000100,10525,10525,10525,2
2019-03-20,15:12:46.000200,10525,10525,10525,2
2019-03-20,15:12:48,10525,10525,10525,2
2019-03-20,15:12:58,10525,10525,10525,2
2019-03-20,15:12:59,10525,10525,10525,2
2019-03-20,15:13:01,10526,10526,10526,2
2019-03-20,15:13:12,10525,10525,10525,2
2019-03-20,15:13:12.000100,10525,10525,10525,2
2019-03-20,15:13:12.000200,10525,10525,10525,2
2019-03-20,15:13:12.000300,10525,10525,10525,2
2019-03-20,15:13:12.000400,10525,10525,10525,2
2019-03-20,15:13:15,10525,10525,10525,2
2019-03-20,15:13:21,10525,10525,10525,2
2019-03-20,15:13:27,10525,10525,10525,2
2019-03-20,15:13:37,10525,10525,10525,2
2019-03-20,15:13:42,10526,10526,10526,2
2019-03-20,15:13:50,10526,10526,10526,2
2019-03-20,15:13:58,10526,10526,10526,2
2019-03-20,15:14:02,10526,10526,10526,2
2019-03-20,15:14:07,10526,10526,10526,2
2019-03-20,15:14:08,10526,10526,10526,2
2019-03-20,15:14:13,10526,10526,10526,2
2019-03-20,15:14:17,10526,10526,10526,2
2019-03-20,15:14:19,10525,10525,10525,2
2019-03-20,15:14:23,10526,10526,10526,2
2019-03-20,15:14:27,10526,10526,10526,4
2019-03-20,15:14:33,10526,10526,10526,2
2019-03-20,15:14:33.000100,10525,10525,10525,2
2019-03-20,15:14:50,10525,10525,10525,4
2019-03-20,15:14:54,10525,10525,10525,2
2019-03-20,15:14:55,10525,10525,10525,2
2019-03-20,15:15:16,10525,10525,10525,2
2019-03-20,15:15:17,10526,10526,10526,10
2019-03-20,15:15:17.000100,10525,10525,10525,2
2019-03-20,15:15:17.000200,10525,10525,10525,2
2019-03-20,15:15:17.000300,10525,10525,10525,2
2019-03-20,15:15:17.000400,10525,10525,10525,2
2019-03-20,15:15:19,10525,10525,10525,2
2019-03-20,15:15:27,10525,10525,10525,2
2019-03-20,15:15:29,10525,10525,10525,2
2019-03-20,15:15:29.000100,10525,10525,10525,2
2019-03-20,15:15:30,10525,10525,10525,2
2019-03-20,15:15:32,10525,10525,10525,2
2019-03-20,15:15:32.000100,10525,10525,10525,2
2019-03-20,15:15:34,10526,10526,10526,6
2019-03-20,15:15:43,10525,10525,10525,2
2019-03-20,15:15:52,10525,10525,10525,8
2019-03-20,15:15:52.000100,10525,10525,10525,2
2019-03-20,15:16:21,10526,10526,10526,2
2019-03-20,15:16:24,10525,10525,10525,10
2019-03-20,15:16:29,10525,10525,10525,2
2019-03-20,15:16:41,10525,10525,10525,2
2019-03-20,15:16:59,10525,10525,10525,2
2019-03-20,15:17:01,10526,10526,10526,2
2019-03-20,15:17:21,10525,10525,10525,2
2019-03-20,15:17:21.000100,10525,10525,10525,2
2019-03-20,15:17:21.000200,10525,10525,10525,4
2019-03-20,15:17:21.000300,10525,10525,10525,2
2019-03-20,15:17:21.000400,10525,10525,10525,2
2019-03-20,15:17:21.000500,10525,10525,10525,6
2019-03-20,15:17:21.000600,10525,10525,10525,2
2019-03-20,15:17:21.000700,10525,10525,10525,2
2019-03-20,15:17:21.000800,10525,10525,10525,2
2019-03-20,15:17:21.000900,10525,10525,10525,2
2019-03-20,15:17:21.001000,10525,10525,10525,2
2019-03-20,15:17:30,10524,10524,10524,4
2019-03-20,15:17:31,10525,10525,10525,2
2019-03-20,15:17:49,10525,10525,10525,20
2019-03-20,15:18:02,10525,10525,10525,2
2019-03-20,15:18:08,10525,10525,10525,20
2019-03-20,15:18:10,10525,10525,10525,2
2019-03-20,15:18:11,10525,10525,10525,10
2019-03-20,15:18:21,10525,10525,10525,4
2019-03-20,15:18:26,10525,10525,10525,2
2019-03-20,15:18:27,10525,10525,10525,2
2019-03-20,15:18:27.000100,10525,10525,10525,2
2019-03-20,15:18:31,10524,10524,10524,6
2019-03-20,15:18:33,10524,10524,10524,4
2019-03-20,15:18:33.000100,10524,10524,10524,2
2019-03-20,15:18:39,10525,10525,10525,2
2019-03-20,15:19:01,10525,10525,10525,2
2019-03-20,15:19:14,10525,10525,10525,2
2019-03-20,15:19:23,10525,10525,10525,2
2019-03-20,15:19:24,10525,10525,10525,2
2019-03-20,15:19:27,10524,10524,10524,2
2019-03-20,15:19:29,10525,10525,10525,2
2019-03-20,15:19:46,10525,10525,10525,2
2019-03-20,15:19:48,10524,10524,10524,6
2019-03-20,15:19:48.000100,10524,10524,10524,2
2019-03-20,15:19:48.000200,10524,10524,10524,2
2019-03-20,15:19:48.000300,10524,10524,10524,2
2019-03-20,15:19:48.000400,10524,10524,10524,2
2019-03-20,15:19:48.000500,10524,10524,10524,2
2019-03-20,15:19:48.000600,10524,10524,10524,2
2019-03-20,15:19:48.000700,10524,10524,10524,2
2019-03-20,15:19:51,10524,10524,10524,2
2019-03-20,15:20:00,10524,10524,10524,2
2019-03-20,15:20:03,10524,10524,10524,2
2019-03-20,15:20:17,10524,10524,10524,2
2019-03-20,15:20:23,10524,10524,10524,2
2019-03-20,15:20:23.000100,10524,10524,10524,2
2019-03-20,15:20:24,10524,10524,10524,2
2019-03-20,15:20:26,10524,10524,10524,2
2019-03-20,15:20:26.000100,10524,10524,10524,2
2019-03-20,15:20:29,10524,10524,10524,2
2019-03-20,15:20:29.000100,10524,10524,10524,2
2019-03-20,15:20:30,10524,10524,10524,2
2019-03-20,15:20:39,10524,10524,10524,2
2019-03-20,15:20:49,10524,10524,10524,2
2019-03-20,15:22:12,10524,10524,10524,2
2019-03-20,15:22:12.000100,10523,10523,10523,2
2019-03-20,15:22:20,10523,10523,10523,2
2019-03-20,15:22:21,10523,10523,10523,2
2019-03-20,15:22:21.000100,10523,10523,10523,2
2019-03-20,15:22:33,10523,10523,10523,2
2019-03-20,15:22:51,10523,10523,10523,2
2019-03-20,15:22:52,10523,10523,10523,2
2019-03-20,15:22:55,10523,10523,10523,2
2019-03-20,15:23:03,10524,10524,10524,4
2019-03-20,15:23:06,10523,10523,10523,2
2019-03-20,15:23:24,10524,10524,10524,2
2019-03-20,15:23:26,10524,10524,10524,2
2019-03-20,15:23:26.000100,10524,10524,10524,2
2019-03-20,15:23:58,10524,10524,10524,4
2019-03-20,15:24:03,10524,10524,10524,8
2019-03-20,15:24:03.000100,10523,10523,10523,2
2019-03-20,15:24:12,10523,10523,10523,2
2019-03-20,15:24:29,10523,10523,10523,2
2019-03-20,15:24:55,10523,10523,10523,2
2019-03-20,15:25:00,10524,10524,10524,4
2019-03-20,15:25:01,10524,10524,10524,2
2019-03-20,15:25:02,10524,10524,10524,2
2019-03-20,15:25:02.000100,10524,10524,10524,2
2019-03-20,15:25:03,10524,10524,10524,2
2019-03-20,15:25:04,10524,10524,10524,2
2019-03-20,15:25:04.000100,10524,10524,10524,2
2019-03-20,15:25:05,10524,10524,10524,2
2019-03-20,15:25:05.000100,10524,10524,10524,2
2019-03-20,15:25:06,10524,10524,10524,2
2019-03-20,15:25:13,10524,10524,10524,2
2019-03-20,15:25:16,10524,10524,10524,2
2019-03-20,15:25:17,10524,10524,10524,2
2019-03-20,15:25:18,10524,10524,10524,2
2019-03-20,15:25:22,10524,10524,10524,2
2019-03-20,15:26:06,10524,10524,10524,2
2019-03-20,15:26:06.000100,10524,10524,10524,2
2019-03-20,15:26:06.000200,10524,10524,10524,2
2019-03-20,15:26:06.000300,10524,10524,10524,2
2019-03-20,15:26:12,10524,10524,10524,10
2019-03-20,15:26:12.000100,10524,10524,10524,2
2019-03-20,15:26:29,10524,10524,10524,4
2019-03-20,15:26:29.000100,10523,10523,10523,2
2019-03-20,15:26:29.000200,10523,10523,10523,2
2019-03-20,15:26:55,10523,10523,10523,2
2019-03-20,15:27:13,10523,10523,10523,2
2019-03-20,15:27:27,10523,10523,10523,2
2019-03-20,15:27:31,10523,10523,10523,2
2019-03-20,15:27:35,10523,10523,10523,2
2019-03-20,15:27:39,10523,10523,10523,2
2019-03-20,15:28:23,10523,10523,10523,2
2019-03-20,15:28:39,10523,10523,10523,2
2019-03-20,15:28:44,10523,10523,10523,6
2019-03-20,15:28:51,10524,10524,10524,2
2019-03-20,15:29:00,10523,10523,10523,4
2019-03-20,15:29:05,10523,10523,10523,2
2019-03-20,15:29:08,10523,10523,10523,2
2019-03-20,15:29:09,10524,10524,10524,2
2019-03-20,15:29:17,10523,10523,10523,2
2019-03-20,15:29:25,10524,10524,10524,2
2019-03-20,15:29:26,10523,10523,10523,12
2019-03-20,15:29:42,10523,10523,10523,12
2019-03-20,15:29:43,10523,10523,10523,2
2019-03-20,15:29:43.000100,10523,10523,10523,2
2019-03-20,15:29:46,10523,10523,10523,2
2019-03-20,15:29:46.000100,10523,10523,10523,2
2019-03-20,15:29:47,10523,10523,10523,2
2019-03-20,15:29:47.000100,10523,10523,10523,2
2019-03-20,15:29:47.000200,10523,10523,10523,2
2019-03-20,15:29:47.000300,10523,10523,10523,2
2019-03-20,15:29:47.000400,10523,10523,10523,2
2019-03-20,15:29:47.000500,10523,10523,10523,2
2019-03-20,15:29:47.000600,10523,10523,10523,2
2019-03-20,15:29:47.000700,10523,10523,10523,2
2019-03-20,15:29:47.000800,10523,10523,10523,2
2019-03-20,15:29:47.000900,10523,10523,10523,2
2019-03-20,15:29:47.001000,10523,10523,10523,2
2019-03-20,15:29:47.001100,10523,10523,10523,2
2019-03-20,15:29:48,10523,10523,10523,2
2019-03-20,15:29:48.000100,10523,10523,10523,2
2019-03-20,15:29:48.000200,10523,10523,10523,2
2019-03-20,15:29:48.000300,10523,10523,10523,4
2019-03-20,15:29:48.000400,10523,10523,10523,2
2019-03-20,15:29:48.000500,10523,10523,10523,2
2019-03-20,15:29:48.000600,10523,10523,10523,2
2019-03-20,15:29:48.000700,10523,10523,10523,2
2019-03-20,15:29:48.000800,10523,10523,10523,10
2019-03-20,15:29:48.000900,10523,10523,10523,4
2019-03-20,15:29:48.001000,10523,10523,10523,2
2019-03-20,15:29:48.001100,10523,10523,10523,2
2019-03-20,15:29:48.001200,10523,10523,10523,2
2019-03-20,15:29:48.001300,10523,10523,10523,2
2019-03-20,15:29:48.001400,10523,10523,10523,2
2019-03-20,15:29:48.001500,10523,10523,10523,2
2019-03-20,15:29:48.001600,10523,10523,10523,2
2019-03-20,15:29:48.001700,10523,10523,10523,2
2019-03-20,15:29:48.001800,10523,10523,10523,2
2019-03-20,15:29:48.001900,10523,10523,10523,6
2019-03-20,15:29:48.002000,10523,10523,10523,2
2019-03-20,15:29:48.002100,10523,10523,10523,6
2019-03-20,15:29:48.002200,10523,10523,10523,2
2019-03-20,15:29:48.002300,10523,10523,10523,2
2019-03-20,15:29:50,10523,10523,10523,4
2019-03-20,15:30:09,10523,10523,10523,2
2019-03-20,15:30:10,10523,10523,10523,10
2019-03-20,15:30:10.000100,10523,10523,10523,4
2019-03-20,15:30:10.000200,10523,10523,10523,10
2019-03-20,15:30:12,10523,10523,10523,6
2019-03-20,15:30:23,10523,10523,10523,2
2019-03-20,15:30:23.000100,10523,10523,10523,2
2019-03-20,15:30:24,10523,10523,10523,2
2019-03-20,15:30:28,10523,10523,10523,2
2019-03-20,15:30:31,10522,10522,10522,2
2019-03-20,15:30:33,10522,10522,10522,2
2019-03-20,15:30:42,10522,10522,10522,2
2019-03-20,15:30:48,10522,10522,10522,2
2019-03-20,15:30:54,10522,10522,10522,10
2019-03-20,15:30:54.000100,10522,10522,10522,2
2019-03-20,15:30:54.000200,10522,10522,10522,2
2019-03-20,15:30:54.000300,10522,10522,10522,2
2019-03-20,15:30:54.000400,10522,10522,10522,2
2019-03-20,15:30:54.000500,10522,10522,10522,2
2019-03-20,15:30:54.000600,10522,10522,10522,2
2019-03-20,15:30:54.000700,10522,10522,10522,2
2019-03-20,15:30:54.000800,10522,10522,10522,2
2019-03-20,15:30:54.000900,10522,10522,10522,2
2019-03-20,15:30:54.001000,10522,10522,10522,2
2019-03-20,15:30:54.001100,10522,10522,10522,2
2019-03-20,15:30:54.001200,10522,10522,10522,4
2019-03-20,15:30:54.001300,10522,10522,10522,4
2019-03-20,15:30:54.001400,10522,10522,10522,2
2019-03-20,15:30:54.001500,10522,10522,10522,2
2019-03-20,15:30:54.001600,10522,10522,10522,2
2019-03-20,15:30:54.001700,10522,10522,10522,2
2019-03-20,15:30:55,10522,10522,10522,2
2019-03-20,15:31:03,10521,10521,10521,2
2019-03-20,15:31:10,10522,10522,10522,2
2019-03-20,15:31:19,10522,10522,10522,2
2019-03-20,15:31:25,10522,10522,10522,2
2019-03-20,15:31:26,10522,10522,10522,2
2019-03-20,15:31:31,10522,10522,10522,2
2019-03-20,15:31:33,10522,10522,10522,2
2019-03-20,15:31:34,10522,10522,10522,2
2019-03-20,15:31:44,10522,10522,10522,2
2019-03-20,15:31:48,10522,10522,10522,2
2019-03-20,15:31:49,10522,10522,10522,4
2019-03-20,15:31:52,10521,10521,10521,2
2019-03-20,15:32:00,10521,10521,10521,2
2019-03-20,15:32:01,10521,10521,10521,2
2019-03-20,15:32:01.000100,10521,10521,10521,2
2019-03-20,15:32:03,10521,10521,10521,2
2019-03-20,15:32:03.000100,10521,10521,10521,2
2019-03-20,15:32:05,10521,10521,10521,2
2019-03-20,15:32:06,10521,10521,10521,2
2019-03-20,15:32:06.000100,10521,10521,10521,2
2019-03-20,15:32:06.000200,10521,10521,10521,2
2019-03-20,15:32:07,10521,10521,10521,2
2019-03-20,15:32:08,10521,10521,10521,2
2019-03-20,15:32:08.000100,10521,10521,10521,2
2019-03-20,15:32:11,10521,10521,10521,2
2019-03-20,15:32:12,10521,10521,10521,2
2019-03-20,15:32:12.000100,10521,10521,10521,2
2019-03-20,15:32:12.000200,10521,10521,10521,2
2019-03-20,15:32:12.000300,10521,10521,10521,2
2019-03-20,15:32:12.000400,10521,10521,10521,2
2019-03-20,15:32:24,10521,10521,10521,2
2019-03-20,15:32:26,10521,10521,10521,2
2019-03-20,15:32:28,10521,10521,10521,2
2019-03-20,15:32:29,10521,10521,10521,2
2019-03-20,15:32:29.000100,10521,10521,10521,2
2019-03-20,15:32:29.000200,10521,10521,10521,2
2019-03-20,15:32:31,10521,10521,10521,4
2019-03-20,15:32:31.000100,10521,10521,10521,2
2019-03-20,15:32:31.000200,10521,10521,10521,6
2019-03-20,15:32:38,10520,10520,10520,2
2019-03-20,15:32:38.000100,10520,10520,10520,4
2019-03-20,15:32:38.000200,10520,10520,10520,2
2019-03-20,15:32:44,10520,10520,10520,2
2019-03-20,15:32:51,10520,10520,10520,2
2019-03-20,15:33:07,10520,10520,10520,2
2019-03-20,15:33:08,10520,10520,10520,2
2019-03-20,15:33:10,10520,10520,10520,4
2019-03-20,15:33:19,10520,10520,10520,4
2019-03-20,15:33:19.000100,10520,10520,10520,2
2019-03-20,15:33:19.000200,10520,10520,10520,2
2019-03-20,15:33:23,10521,10521,10521,2
2019-03-20,15:33:24,10521,10521,10521,2
2019-03-20,15:33:26,10521,10521,10521,2
2019-03-20,15:33:31,10521,10521,10521,2
2019-03-20,15:33:34,10521,10521,10521,2
2019-03-20,15:33:38,10520,10520,10520,2
2019-03-20,15:33:42,10520,10520,10520,2
2019-03-20,15:33:44,10520,10520,10520,2
2019-03-20,15:33:45,10520,10520,10520,2
2019-03-20,15:33:46,10520,10520,10520,2
2019-03-20,15:33:49,10521,10521,10521,4
2019-03-20,15:33:52,10521,10521,10521,2
2019-03-20,15:33:52.000100,10520,10520,10520,2
2019-03-20,15:33:55,10520,10520,10520,2
2019-03-20,15:34:01,10520,10520,10520,2
2019-03-20,15:34:06,10520,10520,10520,2
2019-03-20,15:34:06.000100,10520,10520,10520,2
2019-03-20,15:34:06.000200,10520,10520,10520,2
2019-03-20,15:34:06.000300,10520,10520,10520,2
2019-03-20,15:34:29,10521,10521,10521,10
2019-03-20,15:34:31,10521,10521,10521,2
2019-03-20,15:34:32,10521,10521,10521,2
2019-03-20,15:34:35,10520,10520,10520,2
2019-03-20,15:34:35.000100,10520,10520,10520,2
2019-03-20,15:34:38,10520,10520,10520,2
2019-03-20,15:34:40,10520,10520,10520,2
2019-03-20,15:34:40.000100,10520,10520,10520,2
2019-03-20,15:34:40.000200,10520,10520,10520,2
2019-03-20,15:34:40.000300,10520,10520,10520,2
2019-03-20,15:34:40.000400,10520,10520,10520,2
2019-03-20,15:34:40.000500,10520,10520,10520,2
2019-03-20,15:34:40.000600,10520,10520,10520,2
2019-03-20,15:34:40.000700,10520,10520,10520,2
2019-03-20,15:34:42,10521,10521,10521,16
2019-03-20,15:34:43,10521,10521,10521,4
2019-03-20,15:34:44,10521,10521,10521,2
2019-03-20,15:34:55,10522,10522,10522,2
2019-03-20,15:35:06,10522,10522,10522,2
2019-03-20,15:35:15,10522,10522,10522,2
2019-03-20,15:35:18,10522,10522,10522,2
2019-03-20,15:35:18.000100,10522,10522,10522,2
2019-03-20,15:35:20,10522,10522,10522,2
2019-03-20,15:35:25,10522,10522,10522,4
2019-03-20,15:35:25.000100,10522,10522,10522,18
2019-03-20,15:35:26,10522,10522,10522,2
2019-03-20,15:35:38,10523,10523,10523,2
2019-03-20,15:35:38.000100,10522,10522,10522,2
2019-03-20,15:35:41,10522,10522,10522,2
2019-03-20,15:35:45,10523,10523,10523,4
2019-03-20,15:35:46,10522,10522,10522,2
2019-03-20,15:35:50,10522,10522,10522,2
2019-03-20,15:35:58,10523,10523,10523,2
2019-03-20,15:36:11,10523,10523,10523,4
2019-03-20,15:36:15,10522,10522,10522,2
2019-03-20,15:36:15.000100,10523,10523,10523,2
2019-03-20,15:36:42,10522,10522,10522,4
2019-03-20,15:36:46,10523,10523,10523,2
2019-03-20,15:36:51,10523,10523,10523,4
2019-03-20,15:37:02,10523,10523,10523,2
2019-03-20,15:37:30,10523,10523,10523,2
2019-03-20,15:37:37,10523,10523,10523,2
2019-03-20,15:37:38,10523,10523,10523,2
2019-03-20,15:38:02,10523,10523,10523,2
2019-03-20,15:38:30,10523,10523,10523,4
2019-03-20,15:38:31,10522,10522,10522,4
2019-03-20,15:38:31.000100,10522,10522,10522,2
2019-03-20,15:38:31.000200,10522,10522,10522,2
2019-03-20,15:38:31.000300,10522,10522,10522,2
2019-03-20,15:38:35,10523,10523,10523,10
2019-03-20,15:38:36,10523,10523,10523,2
2019-03-20,15:38:57,10522,10522,10522,2
2019-03-20,15:38:57.000100,10522,10522,10522,4
2019-03-20,15:38:57.000200,10522,10522,10522,4
2019-03-20,15:39:08,10522,10522,10522,2
2019-03-20,15:39:18,10522,10522,10522,6
2019-03-20,15:39:20,10522,10522,10522,2
2019-03-20,15:39:37,10523,10523,10523,2
2019-03-20,15:39:38,10522,10522,10522,2
2019-03-20,15:39:38.000100,10522,10522,10522,2
2019-03-20,15:40:06,10522,10522,10522,2
2019-03-20,15:40:09,10522,10522,10522,2
2019-03-20,15:40:23,10522,10522,10522,2
2019-03-20,15:40:33,10522,10522,10522,2
2019-03-20,15:40:34,10522,10522,10522,2
2019-03-20,15:40:36,10522,10522,10522,2
2019-03-20,15:40:36.000100,10522,10522,10522,4
2019-03-20,15:40:36.000200,10522,10522,10522,2
2019-03-20,15:40:36.000300,10522,10522,10522,2
2019-03-20,15:40:36.000400,10522,10522,10522,10
2019-03-20,15:40:36.000500,10522,10522,10522,2
2019-03-20,15:40:56,10521,10521,10521,2
2019-03-20,15:40:56.000100,10521,10521,10521,2
2019-03-20,15:40:59,10521,10521,10521,2
2019-03-20,15:40:59.000100,10521,10521,10521,2
2019-03-20,15:40:59.000200,10521,10521,10521,2
2019-03-20,15:40:59.000300,10521,10521,10521,2
2019-03-20,15:40:59.000400,10521,10521,10521,2
2019-03-20,15:41:00,10521,10521,10521,2
2019-03-20,15:41:36,10520,10520,10520,2
2019-03-20,15:41:45,10520,10520,10520,4
2019-03-20,15:41:45.000100,10520,10520,10520,4
2019-03-20,15:41:45.000200,10520,10520,10520,4
2019-03-20,15:41:45.000300,10520,10520,10520,8
2019-03-20,15:41:48,10520,10520,10520,2
2019-03-20,15:41:53,10520,10520,10520,2
2019-03-20,15:41:53.000100,10520,10520,10520,2
2019-03-20,15:41:54,10520,10520,10520,2
2019-03-20,15:41:57,10520,10520,10520,2
2019-03-20,15:41:57.000100,10520,10520,10520,2
2019-03-20,15:42:02,10520,10520,10520,2
2019-03-20,15:42:05,10520,10520,10520,2
2019-03-20,15:42:05.000100,10520,10520,10520,2
2019-03-20,15:42:14,10520,10520,10520,2
2019-03-20,15:42:34,10520,10520,10520,2
2019-03-20,15:42:39,10521,10521,10521,2
2019-03-20,15:42:42,10521,10521,10521,2
2019-03-20,15:42:42.000100,10521,10521,10521,2
2019-03-20,15:42:43,10520,10520,10520,2
2019-03-20,15:42:51,10520,10520,10520,2
2019-03-20,15:43:09,10521,10521,10521,2
2019-03-20,15:43:44,10521,10521,10521,22
2019-03-20,15:43:44.000100,10522,10522,10522,2
2019-03-20,15:43:47,10521,10521,10521,2
2019-03-20,15:44:27,10521,10521,10521,2
2019-03-20,15:44:51,10522,10522,10522,2
2019-03-20,15:44:51.000100,10522,10522,10522,2
2019-03-20,15:44:51.000200,10522,10522,10522,4
2019-03-20,15:44:51.000300,10522,10522,10522,2
2019-03-20,15:44:57,10522,10522,10522,20
2019-03-20,15:45:01,10522,10522,10522,20
2019-03-20,15:45:05,10521,10521,10521,2
2019-03-20,15:45:06,10522,10522,10522,2
2019-03-20,15:45:09,10522,10522,10522,6
2019-03-20,15:45:13,10522,10522,10522,2
2019-03-20,15:45:17,10522,10522,10522,2
2019-03-20,15:45:18,10522,10522,10522,2
2019-03-20,15:45:18.000100,10522,10522,10522,4
2019-03-20,15:45:25,10522,10522,10522,2
2019-03-20,15:45:31,10521,10521,10521,2
2019-03-20,15:45:31.000100,10521,10521,10521,2
2019-03-20,15:45:31.000200,10521,10521,10521,2
2019-03-20,15:45:40,10521,10521,10521,2
2019-03-20,15:45:40.000100,10521,10521,10521,2
2019-03-20,15:45:40.000200,10521,10521,10521,2
2019-03-20,15:45:40.000300,10521,10521,10521,2
2019-03-20,15:45:48,10522,10522,10522,20
2019-03-20,15:46:00,10521,10521,10521,2
2019-03-20,15:46:00.000100,10521,10521,10521,6
2019-03-20,15:46:14,10521,10521,10521,2
2019-03-20,15:46:14.000100,10521,10521,10521,2
2019-03-20,15:46:21,10521,10521,10521,20
2019-03-20,15:46:31,10521,10521,10521,2
2019-03-20,15:46:31.000100,10521,10521,10521,2
2019-03-20,15:46:31.000200,10521,10521,10521,2
2019-03-20,15:46:31.000300,10521,10521,10521,2
2019-03-20,15:46:31.000400,10521,10521,10521,2
2019-03-20,15:46:31.000500,10521,10521,10521,2
2019-03-20,15:46:43,10522,10522,10522,20
2019-03-20,15:47:15,10522,10522,10522,18
2019-03-20,15:47:15.000100,10523,10523,10523,2
2019-03-20,15:47:33,10522,10522,10522,2
2019-03-20,15:47:34,10522,10522,10522,2
2019-03-20,15:47:39,10522,10522,10522,2
2019-03-20,15:47:45,10522,10522,10522,6
2019-03-20,15:47:49,10522,10522,10522,2
2019-03-20,15:47:50,10522,10522,10522,2
2019-03-20,15:48:21,10522,10522,10522,2
2019-03-20,15:48:26,10523,10523,10523,2
2019-03-20,15:48:39,10523,10523,10523,4
2019-03-20,15:48:42,10523,10523,10523,12
2019-03-20,15:48:43,10523,10523,10523,6
2019-03-20,15:48:43.000100,10523,10523,10523,2
2019-03-20,15:48:43.000200,10523,10523,10523,2
2019-03-20,15:48:44,10523,10523,10523,4
2019-03-20,15:48:50,10523,10523,10523,2
2019-03-20,15:48:52,10523,10523,10523,16
2019-03-20,15:48:52.000100,10524,10524,10524,4
2019-03-20,15:49:09,10523,10523,10523,2
2019-03-20,15:49:10,10523,10523,10523,2
2019-03-20,15:49:12,10523,10523,10523,2
2019-03-20,15:49:12.000100,10523,10523,10523,2
2019-03-20,15:49:58,10524,10524,10524,20
2019-03-20,15:50:07,10523,10523,10523,2
2019-03-20,15:50:30,10524,10524,10524,16
2019-03-20,15:50:30.000100,10524,10524,10524,4
2019-03-20,15:50:42,10524,10524,10524,2
2019-03-20,15:50:49,10524,10524,10524,2
2019-03-20,15:50:55,10524,10524,10524,2
2019-03-20,15:51:03,10524,10524,10524,2
2019-03-20,15:51:04,10524,10524,10524,2
2019-03-20,15:51:13,10524,10524,10524,2
2019-03-20,15:51:23,10524,10524,10524,2
2019-03-20,15:51:25,10524,10524,10524,20
2019-03-20,15:51:26,10524,10524,10524,2
2019-03-20,15:51:29,10524,10524,10524,2
2019-03-20,15:51:29.000100,10524,10524,10524,4
2019-03-20,15:51:29.000200,10524,10524,10524,2
2019-03-20,15:51:29.000300,10524,10524,10524,2
2019-03-20,15:51:31,10524,10524,10524,2
2019-03-20,15:51:31.000100,10524,10524,10524,2
2019-03-20,15:51:35,10524,10524,10524,2
2019-03-20,15:51:37,10524,10524,10524,2
2019-03-20,15:51:54,10524,10524,10524,2
2019-03-20,15:52:01,10525,10525,10525,2
2019-03-20,15:52:05,10525,10525,10525,20
2019-03-20,15:52:15,10524,10524,10524,2
2019-03-20,15:52:16,10525,10525,10525,8
2019-03-20,15:52:19,10524,10524,10524,2
2019-03-20,15:52:20,10524,10524,10524,2
2019-03-20,15:52:20.000100,10524,10524,10524,2
2019-03-20,15:52:29,10524,10524,10524,2
2019-03-20,15:52:49,10524,10524,10524,2
2019-03-20,15:52:49.000100,10524,10524,10524,2
2019-03-20,15:52:55,10524,10524,10524,2
2019-03-20,15:52:55.000100,10524,10524,10524,2
2019-03-20,15:52:57,10524,10524,10524,2
2019-03-20,15:52:59,10524,10524,10524,2
2019-03-20,15:52:59.000100,10524,10524,10524,2
2019-03-20,15:53:10,10524,10524,10524,2
2019-03-20,15:53:13,10524,10524,10524,2
2019-03-20,15:53:42,10524,10524,10524,2
2019-03-20,15:53:53,10524,10524,10524,8
2019-03-20,15:53:59,10524,10524,10524,2
2019-03-20,15:53:59.000100,10524,10524,10524,2
2019-03-20,15:54:02,10524,10524,10524,4
2019-03-20,15:54:04,10524,10524,10524,4
2019-03-20,15:54:04.000100,10524,10524,10524,2
2019-03-20,15:54:04.000200,10524,10524,10524,2
2019-03-20,15:54:31,10524,10524,10524,2
2019-03-20,15:54:31.000100,10524,10524,10524,2
2019-03-20,15:54:45,10524,10524,10524,2
2019-03-20,15:54:45.000100,10524,10524,10524,2
2019-03-20,15:54:45.000200,10524,10524,10524,2
2019-03-20,15:54:45.000300,10524,10524,10524,2
2019-03-20,15:54:46,10525,10525,10525,2
2019-03-20,15:54:52,10524,10524,10524,2
2019-03-20,15:55:03,10524,10524,10524,2
2019-03-20,15:55:41,10524,10524,10524,2
2019-03-20,15:55:42,10524,10524,10524,10
2019-03-20,15:56:07,10524,10524,10524,2
2019-03-20,15:56:12,10524,10524,10524,2
2019-03-20,15:56:20,10524,10524,10524,2
2019-03-20,15:56:51,10525,10525,10525,2
2019-03-20,15:56:59,10524,10524,10524,2
2019-03-20,15:56:59.000100,10525,10525,10525,2
2019-03-20,15:57:20,10525,10525,10525,2
2019-03-20,15:57:39,10525,10525,10525,6
2019-03-20,15:57:42,10525,10525,10525,20
2019-03-20,15:57:55,10525,10525,10525,2
2019-03-20,15:57:58,10525,10525,10525,4
2019-03-20,15:57:59,10525,10525,10525,2
2019-03-20,15:58:05,10525,10525,10525,12
2019-03-20,15:58:05.000100,10525,10525,10525,12
2019-03-20,15:58:05.000200,10525,10525,10525,8
2019-03-20,15:58:05.000300,10525,10525,10525,4
2019-03-20,15:58:05.000400,10525,10525,10525,82
2019-03-20,15:58:05.000500,10526,10526,10526,8
2019-03-20,15:58:05.000600,10526,10526,10526,16
2019-03-20,15:58:05.000700,10526,10526,10526,16
2019-03-20,15:58:11,10526,10526,10526,2
2019-03-20,15:58:12,10526,10526,10526,6
2019-03-20,15:58:12.000100,10526,10526,10526,2
2019-03-20,15:58:19,10525,10525,10525,2
2019-03-20,15:58:21,10525,10525,10525,2
2019-03-20,15:58:23,10525,10525,10525,2
2019-03-20,15:58:23.000100,10526,10526,10526,2
2019-03-20,15:58:23.000200,10526,10526,10526,2
2019-03-20,15:58:23.000300,10526,10526,10526,2
2019-03-20,15:58:23.000400,10526,10526,10526,2
2019-03-20,15:58:23.000500,10526,10526,10526,2
2019-03-20,15:58:35,10526,10526,10526,14
2019-03-20,15:58:42,10526,10526,10526,4
2019-03-20,15:58:43,10526,10526,10526,2
2019-03-20,15:58:46,10526,10526,10526,2
2019-03-20,15:58:47,10525,10525,10525,2
2019-03-20,15:58:49,10526,10526,10526,2
2019-03-20,15:58:50,10526,10526,10526,2
2019-03-20,15:58:50.000100,10526,10526,10526,2
2019-03-20,15:58:57,10526,10526,10526,4
2019-03-20,15:58:58,10526,10526,10526,2
2019-03-20,15:58:59,10526,10526,10526,2
2019-03-20,15:59:01,10526,10526,10526,4
2019-03-20,15:59:07,10526,10526,10526,2
2019-03-20,15:59:16,10526,10526,10526,2
2019-03-20,15:59:21,10525,10525,10525,2
2019-03-20,15:59:52,10525,10525,10525,2
2019-03-20,15:59:56,10525,10525,10525,2
2019-03-20,16:00:00,10526,10526,10526,4
2019-03-20,16:00:00.000100,10526,10526,10526,4
2019-03-20,16:00:02,10525,10525,10525,2
2019-03-20,16:00:02.000100,10525,10525,10525,4
2019-03-20,16:00:02.000200,10525,10525,10525,2
2019-03-20,16:00:02.000300,10525,10525,10525,2
2019-03-20,16:00:02.000400,10525,10525,10525,4
2019-03-20,16:00:02.000500,10525,10525,10525,8
2019-03-20,16:00:02.000600,10525,10525,10525,2
2019-03-20,16:00:02.000700,10525,10525,10525,4
2019-03-20,16:00:02.000800,10525,10525,10525,2
2019-03-20,16:00:02.000900,10525,10525,10525,2
2019-03-20,16:00:02.001000,10525,10525,10525,2
2019-03-20,16:00:02.001100,10525,10525,10525,10
2019-03-20,16:00:02.001200,10525,10525,10525,2
2019-03-20,16:00:08,10525,10525,10525,2
2019-03-20,16:00:11,10525,10525,10525,2
2019-03-20,16:00:17,10525,10525,10525,8
2019-03-20,16:00:37,10525,10525,10525,2
2019-03-20,16:00:48,10526,10526,10526,2
2019-03-20,16:00:58,10526,10526,10526,12
2019-03-20,16:00:59,10526,10526,10526,6
2019-03-20,16:00:59.000100,10526,10526,10526,48
2019-03-20,16:01:12,10527,10527,10527,2
2019-03-20,16:01:12.000100,10527,10527,10527,2
2019-03-20,16:01:12.000200,10527,10527,10527,2
2019-03-20,16:01:12.000300,10527,10527,10527,4
2019-03-20,16:01:12.000400,10527,10527,10527,10
2019-03-20,16:01:12.000500,10527,10527,10527,10
2019-03-20,16:01:12.000600,10527,10527,10527,10
2019-03-20,16:01:12.000700,10527,10527,10527,2
2019-03-20,16:01:12.000800,10528,10528,10528,8
2019-03-20,16:01:12.000900,10528,10528,10528,2
2019-03-20,16:01:12.001000,10528,10528,10528,2
2019-03-20,16:01:12.001100,10528,10528,10528,2
2019-03-20,16:01:12.001200,10528,10528,10528,2
2019-03-20,16:01:12.001300,10528,10528,10528,2
2019-03-20,16:01:12.001400,10528,10528,10528,2
2019-03-20,16:01:12.001500,10528,10528,10528,2
2019-03-20,16:01:13,10528,10528,10528,2
2019-03-20,16:01:13.000100,10528,10528,10528,2
2019-03-20,16:01:14,10527,10527,10527,2
2019-03-20,16:01:14.000100,10527,10527,10527,2
2019-03-20,16:01:17,10527,10527,10527,2
2019-03-20,16:01:17.000100,10526,10526,10526,2
2019-03-20,16:01:19,10527,10527,10527,2
2019-03-20,16:01:26,10526,10526,10526,2
2019-03-20,16:01:26.000100,10526,10526,10526,2
2019-03-20,16:01:26.000200,10526,10526,10526,2
2019-03-20,16:01:26.000300,10526,10526,10526,4
2019-03-20,16:01:26.000400,10526,10526,10526,2
2019-03-20,16:01:26.000500,10526,10526,10526,2
2019-03-20,16:01:26.000600,10526,10526,10526,2
2019-03-20,16:01:26.000700,10526,10526,10526,2
2019-03-20,16:01:26.000800,10526,10526,10526,2
2019-03-20,16:01:26.000900,10526,10526,10526,2
2019-03-20,16:01:29,10526,10526,10526,2
2019-03-20,16:01:30,10526,10526,10526,4
2019-03-20,16:01:38,10526,10526,10526,2
2019-03-20,16:01:41,10526,10526,10526,2
2019-03-20,16:01:53,10526,10526,10526,2
2019-03-20,16:02:03,10526,10526,10526,2
2019-03-20,16:02:04,10525,10525,10525,2
2019-03-20,16:02:04.000100,10525,10525,10525,2
2019-03-20,16:02:04.000200,10525,10525,10525,2
2019-03-20,16:02:04.000300,10525,10525,10525,2
2019-03-20,16:02:04.000400,10525,10525,10525,2
2019-03-20,16:02:04.000500,10525,10525,10525,2
2019-03-20,16:02:04.000600,10525,10525,10525,2
2019-03-20,16:02:04.000700,10525,10525,10525,2
2019-03-20,16:02:04.000800,10525,10525,10525,2
2019-03-20,16:02:04.000900,10525,10525,10525,2
2019-03-20,16:02:09,10525,10525,10525,2
2019-03-20,16:02:10,10525,10525,10525,2
2019-03-20,16:02:12,10524,10524,10524,2
2019-03-20,16:02:42,10525,10525,10525,2
2019-03-20,16:02:43,10525,10525,10525,2
2019-03-20,16:02:45,10525,10525,10525,2
2019-03-20,16:02:47,10525,10525,10525,2
2019-03-20,16:02:52,10525,10525,10525,2
2019-03-20,16:03:00,10524,10524,10524,2
2019-03-20,16:03:00.000100,10524,10524,10524,2
2019-03-20,16:03:00.000200,10524,10524,10524,4
2019-03-20,16:03:06,10525,10525,10525,2
2019-03-20,16:03:06.000100,10525,10525,10525,2
2019-03-20,16:03:07,10525,10525,10525,2
2019-03-20,16:03:33,10525,10525,10525,2
2019-03-20,16:03:33.000100,10525,10525,10525,2
2019-03-20,16:03:36,10525,10525,10525,2
2019-03-20,16:03:36.000100,10525,10525,10525,2
2019-03-20,16:03:36.000200,10525,10525,10525,4
2019-03-20,16:03:36.000300,10525,10525,10525,6
2019-03-20,16:03:36.000400,10525,10525,10525,4
2019-03-20,16:03:37,10525,10525,10525,2
2019-03-20,16:03:41,10524,10524,10524,2
2019-03-20,16:03:52,10525,10525,10525,4
2019-03-20,16:03:52.000100,10525,10525,10525,4
2019-03-20,16:03:58,10525,10525,10525,4
2019-03-20,16:04:06,10524,10524,10524,4
2019-03-20,16:04:17,10525,10525,10525,2
2019-03-20,16:04:27,10524,10524,10524,2
2019-03-20,16:04:30,10524,10524,10524,2
2019-03-20,16:04:35,10525,10525,10525,2
2019-03-20,16:04:37,10524,10524,10524,4
2019-03-20,16:04:41,10524,10524,10524,2
2019-03-20,16:04:41.000100,10524,10524,10524,6
2019-03-20,16:04:41.000200,10524,10524,10524,2
2019-03-20,16:04:42,10525,10525,10525,2
2019-03-20,16:04:48,10524,10524,10524,2
2019-03-20,16:05:00,10524,10524,10524,2
2019-03-20,16:05:00.000100,10524,10524,10524,2
2019-03-20,16:05:00.000200,10524,10524,10524,2
2019-03-20,16:05:00.000300,10524,10524,10524,2
2019-03-20,16:05:00.000400,10524,10524,10524,2
2019-03-20,16:05:07,10524,10524,10524,2
2019-03-20,16:05:08,10524,10524,10524,2
2019-03-20,16:05:08.000100,10524,10524,10524,2
2019-03-20,16:05:08.000200,10524,10524,10524,2
2019-03-20,16:05:08.000300,10524,10524,10524,2
2019-03-20,16:05:08.000400,10524,10524,10524,2
2019-03-20,16:05:08.000500,10524,10524,10524,6
2019-03-20,16:05:08.000600,10524,10524,10524,4
2019-03-20,16:05:09,10524,10524,10524,2
2019-03-20,16:05:13,10524,10524,10524,2
2019-03-20,16:05:13.000100,10524,10524,10524,2
2019-03-20,16:05:13.000200,10524,10524,10524,2
2019-03-20,16:05:20,10524,10524,10524,2
2019-03-20,16:05:22,10524,10524,10524,2
2019-03-20,16:05:22.000100,10524,10524,10524,2
2019-03-20,16:05:22.000200,10524,10524,10524,4
2019-03-20,16:05:27,10524,10524,10524,2
2019-03-20,16:05:27.000100,10524,10524,10524,2
2019-03-20,16:05:27.000200,10524,10524,10524,2
2019-03-20,16:05:29,10524,10524,10524,4
2019-03-20,16:05:29.000100,10524,10524,10524,2
2019-03-20,16:05:32,10524,10524,10524,2
2019-03-20,16:05:47,10524,10524,10524,2
2019-03-20,16:05:49,10525,10525,10525,4
2019-03-20,16:06:14,10525,10525,10525,2
2019-03-20,16:06:39,10524,10524,10524,2
2019-03-20,16:06:42,10524,10524,10524,2
2019-03-20,16:06:42.000100,10524,10524,10524,2
2019-03-20,16:06:45,10525,10525,10525,2
2019-03-20,16:06:57,10525,10525,10525,4
2019-03-20,16:07:06,10525,10525,10525,4
2019-03-20,16:07:09,10525,10525,10525,2
2019-03-20,16:07:33,10524,10524,10524,2
2019-03-20,16:07:46,10524,10524,10524,2
2019-03-20,16:07:46.000100,10524,10524,10524,2
2019-03-20,16:07:49,10524,10524,10524,2
2019-03-20,16:07:49.000100,10524,10524,10524,2
2019-03-20,16:07:49.000200,10524,10524,10524,2
2019-03-20,16:07:49.000300,10524,10524,10524,2
2019-03-20,16:08:06,10524,10524,10524,2
2019-03-20,16:09:06,10523,10523,10523,2
2019-03-20,16:09:06.000100,10523,10523,10523,2
2019-03-20,16:09:06.000200,10523,10523,10523,2
2019-03-20,16:09:11,10523,10523,10523,2
2019-03-20,16:09:35,10523,10523,10523,2
2019-03-20,16:09:40,10524,10524,10524,2
2019-03-20,16:09:41,10524,10524,10524,2
2019-03-20,16:10:06,10523,10523,10523,10
2019-03-20,16:10:06.000100,10523,10523,10523,2
2019-03-20,16:10:06.000200,10523,10523,10523,10
2019-03-20,16:10:06.000300,10523,10523,10523,2
2019-03-20,16:10:06.000400,10523,10523,10523,4
2019-03-20,16:10:06.000500,10523,10523,10523,2
2019-03-20,16:10:06.000600,10523,10523,10523,4
2019-03-20,16:10:06.000700,10523,10523,10523,2
2019-03-20,16:10:06.000800,10523,10523,10523,2
2019-03-20,16:10:06.000900,10523,10523,10523,2
2019-03-20,16:10:06.001000,10523,10523,10523,2
2019-03-20,16:10:06.001100,10523,10523,10523,2
2019-03-20,16:10:06.001200,10523,10523,10523,2
2019-03-20,16:10:06.001300,10523,10523,10523,2
2019-03-20,16:10:06.001400,10523,10523,10523,8
2019-03-20,16:10:06.001500,10523,10523,10523,2
2019-03-20,16:10:06.001600,10523,10523,10523,4
2019-03-20,16:10:06.001700,10523,10523,10523,2
2019-03-20,16:10:06.001800,10523,10523,10523,4
2019-03-20,16:10:06.001900,10523,10523,10523,2
2019-03-20,16:10:18,10523,10523,10523,2
2019-03-20,16:10:37,10523,10523,10523,2
2019-03-20,16:10:57,10522,10522,10522,2
2019-03-20,16:10:59,10523,10523,10523,2
2019-03-20,16:11:03,10523,10523,10523,2
2019-03-20,16:11:11,10522,10522,10522,2
2019-03-20,16:11:22,10522,10522,10522,2
2019-03-20,16:11:40,10522,10522,10522,2
2019-03-20,16:11:40.000100,10522,10522,10522,2
2019-03-20,16:11:40.000200,10522,10522,10522,2
2019-03-20,16:11:40.000300,10522,10522,10522,2
2019-03-20,16:11:40.000400,10522,10522,10522,2
2019-03-20,16:11:53,10522,10522,10522,4
2019-03-20,16:11:58,10522,10522,10522,2
2019-03-20,16:11:58.000100,10522,10522,10522,2
2019-03-20,16:11:58.000200,10522,10522,10522,2
2019-03-20,16:11:58.000300,10522,10522,10522,2
2019-03-20,16:11:58.000400,10522,10522,10522,10
2019-03-20,16:11:58.000500,10522,10522,10522,2
2019-03-20,16:12:27,10522,10522,10522,2
2019-03-20,16:12:27.000100,10522,10522,10522,2
2019-03-20,16:12:30,10522,10522,10522,2
2019-03-20,16:12:31,10522,10522,10522,2
2019-03-20,16:12:32,10522,10522,10522,2
2019-03-20,16:12:32.000100,10522,10522,10522,2
2019-03-20,16:12:32.000200,10522,10522,10522,2
2019-03-20,16:12:32.000300,10522,10522,10522,2
2019-03-20,16:12:32.000400,10522,10522,10522,2
2019-03-20,16:12:34,10522,10522,10522,2
2019-03-20,16:12:41,10522,10522,10522,12
2019-03-20,16:13:12,10522,10522,10522,8
2019-03-20,16:13:53,10522,10522,10522,2
2019-03-20,16:13:59,10522,10522,10522,2
2019-03-20,16:14:07,10523,10523,10523,2
2019-03-20,16:14:41,10523,10523,10523,30
2019-03-20,16:14:41.000100,10523,10523,10523,16
2019-03-20,16:14:57,10523,10523,10523,2
2019-03-20,16:15:00,10523,10523,10523,2
2019-03-20,16:15:02,10523,10523,10523,4
2019-03-20,16:15:05,10523,10523,10523,2
2019-03-20,16:15:05.000100,10523,10523,10523,2
2019-03-20,16:15:09,10523,10523,10523,4
2019-03-20,16:15:09.000100,10523,10523,10523,4
2019-03-20,16:15:09.000200,10523,10523,10523,2
2019-03-20,16:15:16,10523,10523,10523,2
2019-03-20,16:15:50,10523,10523,10523,2
2019-03-20,16:15:50.000100,10523,10523,10523,2
2019-03-20,16:15:59,10523,10523,10523,2
2019-03-20,16:16:23,10523,10523,10523,2
2019-03-20,16:16:26,10524,10524,10524,4
2019-03-20,16:16:36,10524,10524,10524,2
2019-03-20,16:17:29,10524,10524,10524,2
2019-03-20,16:17:35,10523,10523,10523,2
2019-03-20,16:17:35.000100,10523,10523,10523,4
2019-03-20,16:17:35.000200,10523,10523,10523,2
2019-03-20,16:17:35.000300,10523,10523,10523,2
2019-03-20,16:17:40,10523,10523,10523,2
2019-03-20,16:17:48,10523,10523,10523,2
2019-03-20,16:17:55,10523,10523,10523,2
2019-03-20,16:18:18,10523,10523,10523,2
2019-03-20,16:18:18.000100,10523,10523,10523,2
2019-03-20,16:18:18.000200,10523,10523,10523,2
2019-03-20,16:18:18.000300,10523,10523,10523,2
2019-03-20,16:18:18.000400,10523,10523,10523,2
2019-03-20,16:18:22,10523,10523,10523,2
2019-03-20,16:18:24,10523,10523,10523,2
2019-03-20,16:18:32,10522,10522,10522,8
2019-03-20,16:18:32.000100,10522,10522,10522,2
2019-03-20,16:18:32.000200,10523,10523,10523,2
2019-03-20,16:19:06,10523,10523,10523,2
2019-03-20,16:19:10,10523,10523,10523,2
2019-03-20,16:19:20,10523,10523,10523,2
2019-03-20,16:19:34,10522,10522,10522,2
2019-03-20,16:19:48,10522,10522,10522,2
2019-03-20,16:20:03,10522,10522,10522,2
2019-03-20,16:20:21,10522,10522,10522,10
2019-03-20,16:20:37,10522,10522,10522,2
2019-03-20,16:20:47,10522,10522,10522,4
2019-03-20,16:21:01,10522,10522,10522,2
2019-03-20,16:21:54,10522,10522,10522,10
2019-03-20,16:23:04,10522,10522,10522,8
2019-03-20,16:23:09,10522,10522,10522,2
2019-03-20,16:23:09.000100,10522,10522,10522,6
2019-03-20,16:23:22,10523,10523,10523,6
2019-03-20,16:23:23,10523,10523,10523,2
2019-03-20,16:23:23.000100,10523,10523,10523,2
2019-03-20,16:23:33,10523,10523,10523,2
2019-03-20,16:24:06,10523,10523,10523,2
2019-03-20,16:24:41,10523,10523,10523,2
2019-03-20,16:24:55,10523,10523,10523,2
2019-03-20,16:25:03,10523,10523,10523,10
2019-03-20,16:25:27,10523,10523,10523,4
2019-03-20,16:25:38,10523,10523,10523,2
2019-03-20,16:26:07,10523,10523,10523,2
2019-03-20,16:26:07.000100,10523,10523,10523,2
2019-03-20,16:26:07.000200,10523,10523,10523,2
2019-03-20,16:26:07.000300,10523,10523,10523,2
2019-03-20,16:26:07.000400,10523,10523,10523,2
2019-03-20,16:26:24,10523,10523,10523,2
2019-03-20,16:26:24.000100,10523,10523,10523,2
2019-03-20,16:26:28,10523,10523,10523,2
2019-03-20,16:26:41,10523,10523,10523,2
2019-03-20,16:27:01,10523,10523,10523,2
2019-03-20,16:27:15,10523,10523,10523,2
2019-03-20,16:27:20,10522,10522,10522,2
2019-03-20,16:27:31,10522,10522,10522,2
2019-03-20,16:27:31.000100,10522,10522,10522,2
2019-03-20,16:27:45,10523,10523,10523,2
2019-03-20,16:28:03,10523,10523,10523,4
2019-03-20,16:28:07,10523,10523,10523,2
2019-03-20,16:28:16,10523,10523,10523,8
2019-03-20,16:28:31,10522,10522,10522,2
2019-03-20,16:29:27,10522,10522,10522,4
2019-03-20,16:29:44,10522,10522,10522,4
2019-03-20,16:29:57,10522,10522,10522,2
2019-03-20,16:29:59,10522,10522,10522,2
2019-03-20,16:29:59.000100,10522,10522,10522,2
2019-03-20,16:29:59.000200,10522,10522,10522,2
2019-03-20,16:30:01,10522,10522,10522,2
2019-03-20,16:30:02,10523,10523,10523,2
2019-03-20,16:30:02.000100,10523,10523,10523,16
2019-03-20,16:30:02.000200,10523,10523,10523,22
2019-03-20,16:30:03,10523,10523,10523,6
2019-03-20,16:30:08,10523,10523,10523,10
2019-03-20,16:30:09,10523,10523,10523,2
2019-03-20,16:30:12,10523,10523,10523,2
2019-03-20,16:30:13,10523,10523,10523,4
2019-03-20,16:30:13.000100,10523,10523,10523,2
2019-03-20,16:30:13.000200,10523,10523,10523,2
2019-03-20,16:30:13.000300,10523,10523,10523,4
2019-03-20,16:30:15,10523,10523,10523,4
2019-03-20,16:31:01,10523,10523,10523,2
2019-03-20,16:32:20,10523,10523,10523,2
2019-03-20,16:32:26,10523,10523,10523,2
2019-03-20,16:32:27,10523,10523,10523,2
2019-03-20,16:32:27.000100,10523,10523,10523,8
2019-03-20,16:32:53,10524,10524,10524,2
2019-03-20,16:33:15,10524,10524,10524,2
2019-03-20,16:33:21,10524,10524,10524,10
2019-03-20,16:33:21.000100,10524,10524,10524,2
2019-03-20,16:33:22,10524,10524,10524,4
2019-03-20,16:33:22.000100,10524,10524,10524,4
2019-03-20,16:33:22.000200,10524,10524,10524,2
2019-03-20,16:33:28,10524,10524,10524,2
2019-03-20,16:33:40,10525,10525,10525,16
2019-03-20,16:33:40.000100,10525,10525,10525,16
2019-03-20,16:33:40.000200,10525,10525,10525,14
2019-03-20,16:33:40.000300,10525,10525,10525,4
2019-03-20,16:33:40.000400,10525,10525,10525,14
2019-03-20,16:33:40.000500,10525,10525,10525,16
2019-03-20,16:33:40.000600,10525,10525,10525,2
2019-03-20,16:33:40.000700,10526,10526,10526,2
2019-03-20,16:33:43,10525,10525,10525,2
2019-03-20,16:33:43.000100,10525,10525,10525,2
2019-03-20,16:34:02,10526,10526,10526,4
2019-03-20,16:34:08,10526,10526,10526,4
2019-03-20,16:34:12,10526,10526,10526,2
2019-03-20,16:34:15,10525,10525,10525,4
2019-03-20,16:34:15.000100,10525,10525,10525,2
2019-03-20,16:34:15.000200,10525,10525,10525,4
2019-03-20,16:34:15.000300,10525,10525,10525,8
2019-03-20,16:34:15.000400,10525,10525,10525,2
2019-03-20,16:34:25,10525,10525,10525,4
2019-03-20,16:34:25.000100,10525,10525,10525,4
2019-03-20,16:34:25.000200,10525,10525,10525,4
2019-03-20,16:34:25.000300,10525,10525,10525,4
2019-03-20,16:34:25.000400,10525,10525,10525,4
2019-03-20,16:34:25.000500,10525,10525,10525,4
2019-03-20,16:34:28,10524,10524,10524,2
2019-03-20,16:34:28.000100,10524,10524,10524,4
2019-03-20,16:34:29,10524,10524,10524,2
2019-03-20,16:34:31,10524,10524,10524,2
2019-03-20,16:34:46,10525,10525,10525,4
2019-03-20,16:34:51,10525,10525,10525,2
2019-03-20,16:34:53,10525,10525,10525,2
2019-03-20,16:34:55,10526,10526,10526,2
2019-03-20,16:34:56,10525,10525,10525,2
2019-03-20,16:34:56.000100,10525,10525,10525,2
2019-03-20,16:35:01,10525,10525,10525,2
2019-03-20,16:35:02,10525,10525,10525,4
2019-03-20,16:35:05,10525,10525,10525,2
2019-03-20,16:35:06,10525,10525,10525,2
2019-03-20,16:35:09,10525,10525,10525,2
2019-03-20,16:35:09.000100,10525,10525,10525,2
2019-03-20,16:35:11,10525,10525,10525,2
2019-03-20,16:35:11.000100,10525,10525,10525,2
2019-03-20,16:35:13,10525,10525,10525,2
2019-03-20,16:35:13.000100,10525,10525,10525,2
2019-03-20,16:35:13.000200,10525,10525,10525,2
2019-03-20,16:35:13.000300,10525,10525,10525,2
2019-03-20,16:35:13.000400,10525,10525,10525,2
2019-03-20,16:35:13.000500,10525,10525,10525,2
2019-03-20,16:35:15,10525,10525,10525,4
2019-03-20,16:35:18,10525,10525,10525,2
2019-03-20,16:35:23,10524,10524,10524,2
2019-03-20,16:35:33,10525,10525,10525,2
2019-03-20,16:35:54,10525,10525,10525,2
2019-03-20,16:35:54.000100,10525,10525,10525,2
2019-03-20,16:35:54.000200,10524,10524,10524,2
2019-03-20,16:36:04,10525,10525,10525,2
2019-03-20,16:36:13,10525,10525,10525,2
2019-03-20,16:36:13.000100,10525,10525,10525,2
2019-03-20,16:36:22,10525,10525,10525,4
2019-03-20,16:36:35,10525,10525,10525,2
2019-03-20,16:36:57,10525,10525,10525,4
2019-03-20,16:37:02,10525,10525,10525,8
2019-03-20,16:37:17,10525,10525,10525,4
2019-03-20,16:37:40,10525,10525,10525,2
2019-03-20,16:37:51,10525,10525,10525,2
2019-03-20,16:37:52,10525,10525,10525,2
2019-03-20,16:37:54,10525,10525,10525,2
2019-03-20,16:38:14,10525,10525,10525,2
2019-03-20,16:38:17,10525,10525,10525,2
2019-03-20,16:38:27,10525,10525,10525,2
2019-03-20,16:38:37,10525,10525,10525,4
2019-03-20,16:38:37.000100,10525,10525,10525,2
2019-03-20,16:38:40,10525,10525,10525,2
2019-03-20,16:39:14,10525,10525,10525,4
2019-03-20,16:39:14.000100,10525,10525,10525,4
2019-03-20,16:39:21,10525,10525,10525,2
2019-03-20,16:39:36,10524,10524,10524,2
2019-03-20,16:39:43,10525,10525,10525,12
2019-03-20,16:39:46,10525,10525,10525,2
2019-03-20,16:39:53,10524,10524,10524,2
2019-03-20,16:40:02,10524,10524,10524,2
2019-03-20,16:40:13,10525,10525,10525,2
2019-03-20,16:40:13.000100,10525,10525,10525,2
2019-03-20,16:40:14,10525,10525,10525,2
2019-03-20,16:40:41,10525,10525,10525,2
2019-03-20,16:40:41.000100,10525,10525,10525,2
2019-03-20,16:40:43,10525,10525,10525,2
2019-03-20,16:40:44,10525,10525,10525,2
2019-03-20,16:40:46,10525,10525,10525,2
2019-03-20,16:40:46.000100,10525,10525,10525,2
2019-03-20,16:40:46.000200,10525,10525,10525,4
2019-03-20,16:40:48,10525,10525,10525,2
2019-03-20,16:40:51,10525,10525,10525,2
2019-03-20,16:40:51.000100,10526,10526,10526,2
2019-03-20,16:41:03,10525,10525,10525,2
2019-03-20,16:41:51,10524,10524,10524,2
2019-03-20,16:42:11,10524,10524,10524,2
2019-03-20,16:42:11.000100,10524,10524,10524,10
2019-03-20,16:42:11.000200,10524,10524,10524,2
2019-03-20,16:42:11.000300,10524,10524,10524,2
2019-03-20,16:42:40,10525,10525,10525,2
2019-03-20,16:43:05,10525,10525,10525,2
2019-03-20,16:43:13,10525,10525,10525,2
2019-03-20,16:43:31,10525,10525,10525,4
2019-03-20,16:43:38,10525,10525,10525,10
2019-03-20,16:43:39,10525,10525,10525,14
2019-03-20,16:43:44,10525,10525,10525,2
2019-03-20,16:43:54,10525,10525,10525,12
2019-03-20,16:44:15,10525,10525,10525,2
2019-03-20,16:44:17,10525,10525,10525,30
2019-03-20,16:44:17.000100,10525,10525,10525,2
2019-03-20,16:44:18,10525,10525,10525,2
2019-03-20,16:44:20,10525,10525,10525,2
2019-03-20,16:44:32,10525,10525,10525,4
2019-03-20,16:44:33,10526,10526,10526,20
2019-03-20,16:44:33.000100,10525,10525,10525,2
2019-03-20,16:44:33.000200,10526,10526,10526,20
2019-03-20,16:44:34,10525,10525,10525,2
2019-03-20,16:44:53,10526,10526,10526,2
2019-03-20,16:45:08,10525,10525,10525,2
2019-03-20,16:45:13,10525,10525,10525,10
2019-03-20,16:45:13.000100,10525,10525,10525,2
2019-03-20,16:45:13.000200,10525,10525,10525,2
2019-03-20,16:45:13.000300,10525,10525,10525,2
2019-03-20,16:45:13.000400,10524,10524,10524,2
2019-03-20,16:45:24,10525,10525,10525,2
2019-03-20,16:45:41,10525,10525,10525,2
2019-03-20,16:45:42,10525,10525,10525,4
2019-03-20,16:45:49,10525,10525,10525,2
2019-03-20,16:45:54,10525,10525,10525,2
2019-03-20,16:46:14,10526,10526,10526,12
2019-03-20,16:46:15,10525,10525,10525,2
2019-03-20,16:46:21,10525,10525,10525,2
2019-03-20,16:46:32,10525,10525,10525,2
2019-03-20,16:46:48,10525,10525,10525,2
2019-03-20,16:46:53,10525,10525,10525,2
2019-03-20,16:46:59,10525,10525,10525,2
2019-03-20,16:47:03,10525,10525,10525,2
2019-03-20,16:47:04,10525,10525,10525,12
2019-03-20,16:47:28,10525,10525,10525,2
2019-03-20,16:47:48,10525,10525,10525,4
2019-03-20,16:47:49,10525,10525,10525,2
2019-03-20,16:48:05,10525,10525,10525,2
2019-03-20,16:48:28,10525,10525,10525,2
2019-03-20,16:48:56,10525,10525,10525,2
2019-03-20,16:49:00,10525,10525,10525,2
2019-03-20,16:49:02,10525,10525,10525,6
2019-03-20,16:49:02.000100,10525,10525,10525,4
2019-03-20,16:49:08,10525,10525,10525,2
2019-03-20,16:49:12,10525,10525,10525,4
2019-03-20,16:49:14,10525,10525,10525,2
2019-03-20,16:49:14.000100,10525,10525,10525,2
2019-03-20,16:49:23,10525,10525,10525,2
2019-03-20,16:49:29,10525,10525,10525,2
2019-03-20,16:49:31,10525,10525,10525,2
2019-03-20,16:49:31.000100,10525,10525,10525,2
2019-03-20,16:49:37,10525,10525,10525,8
2019-03-20,16:49:38,10525,10525,10525,2
2019-03-20,16:49:42,10525,10525,10525,4
2019-03-20,16:50:02,10525,10525,10525,4
2019-03-20,16:50:02.000100,10526,10526,10526,6
2019-03-20,16:50:16,10525,10525,10525,2
2019-03-20,16:50:21,10525,10525,10525,2
2019-03-20,16:50:27,10525,10525,10525,2
2019-03-20,16:50:30,10526,10526,10526,2
2019-03-20,16:50:32,10525,10525,10525,2
2019-03-20,16:50:32.000100,10525,10525,10525,2
2019-03-20,16:50:32.000200,10525,10525,10525,2
2019-03-20,16:50:32.000300,10524,10524,10524,2
2019-03-20,16:50:43,10525,10525,10525,4
2019-03-20,16:50:43.000100,10525,10525,10525,2
2019-03-20,16:50:43.000200,10525,10525,10525,2
2019-03-20,16:51:19,10524,10524,10524,2
2019-03-20,16:51:33,10524,10524,10524,2
2019-03-20,16:51:33.000100,10524,10524,10524,2
2019-03-20,16:51:33.000200,10524,10524,10524,6
2019-03-20,16:52:48,10524,10524,10524,2
2019-03-20,16:52:50,10525,10525,10525,2
2019-03-20,16:52:52,10524,10524,10524,2
2019-03-20,16:53:18,10525,10525,10525,6
2019-03-20,16:53:25,10524,10524,10524,2
2019-03-20,16:53:49,10524,10524,10524,2
2019-03-20,16:54:19,10524,10524,10524,2
2019-03-20,16:54:19.000100,10524,10524,10524,2
2019-03-20,16:54:25,10524,10524,10524,2
2019-03-20,16:54:25.000100,10524,10524,10524,2
2019-03-20,16:54:25.000200,10524,10524,10524,2
2019-03-20,16:54:25.000300,10524,10524,10524,2
2019-03-20,16:55:49,10525,10525,10525,4
2019-03-20,16:55:52,10524,10524,10524,16
2019-03-20,16:55:52.000100,10524,10524,10524,2
2019-03-20,16:55:52.000200,10524,10524,10524,8
2019-03-20,16:55:52.000300,10524,10524,10524,2
2019-03-20,16:55:52.000400,10524,10524,10524,2
2019-03-20,16:55:52.000500,10524,10524,10524,2
2019-03-20,16:55:52.000600,10524,10524,10524,10
2019-03-20,16:55:52.000700,10524,10524,10524,2
2019-03-20,16:55:52.000800,10524,10524,10524,4
2019-03-20,16:55:52.000900,10524,10524,10524,2
2019-03-20,16:55:52.001000,10524,10524,10524,2
2019-03-20,16:55:52.001100,10524,10524,10524,2
2019-03-20,16:55:52.001200,10524,10524,10524,2
2019-03-20,16:55:52.001300,10524,10524,10524,2
2019-03-20,16:55:52.001400,10524,10524,10524,2
2019-03-20,16:55:53,10524,10524,10524,2
2019-03-20,16:55:54,10524,10524,10524,2
2019-03-20,16:55:59,10524,10524,10524,4
2019-03-20,16:56:20,10524,10524,10524,2
2019-03-20,16:56:33,10524,10524,10524,2
2019-03-20,16:56:33.000100,10524,10524,10524,2
2019-03-20,16:56:48,10524,10524,10524,2
2019-03-20,16:57:02,10525,10525,10525,2
2019-03-20,16:58:08,10525,10525,10525,2
2019-03-20,16:58:17,10524,10524,10524,2
2019-03-20,16:58:27,10525,10525,10525,4
2019-03-20,16:59:33,10525,10525,10525,8
2019-03-20,16:59:39,10525,10525,10525,2
2019-03-20,16:59:41,10525,10525,10525,2
2019-03-20,16:59:55,10525,10525,10525,2
2019-03-20,16:59:59,10525,10525,10525,2
2019-03-20,17:00:53,10525,10525,10525,10
2019-03-20,17:00:53.000100,10525,10525,10525,2
2019-03-20,17:01:03,10524,10524,10524,2
2019-03-20,17:01:16,10524,10524,10524,4
2019-03-20,17:01:16.000100,10524,10524,10524,2
2019-03-20,17:01:16.000200,10524,10524,10524,2
2019-03-20,17:01:16.000300,10524,10524,10524,2
2019-03-20,17:01:19,10524,10524,10524,2
2019-03-20,17:01:20,10524,10524,10524,2
2019-03-20,17:01:29,10524,10524,10524,10
2019-03-20,17:01:29.000100,10524,10524,10524,2
2019-03-20,17:01:29.000200,10524,10524,10524,2
2019-03-20,17:01:43,10524,10524,10524,2
2019-03-20,17:02:22,10524,10524,10524,2
2019-03-20,17:02:27,10523,10523,10523,2
2019-03-20,17:02:27.000100,10523,10523,10523,10
2019-03-20,17:02:27.000200,10523,10523,10523,2
2019-03-20,17:02:27.000300,10523,10523,10523,2
2019-03-20,17:02:27.000400,10523,10523,10523,6
2019-03-20,17:02:27.000500,10523,10523,10523,2
2019-03-20,17:02:27.000600,10523,10523,10523,2
2019-03-20,17:02:27.000700,10523,10523,10523,2
2019-03-20,17:02:27.000800,10523,10523,10523,2
2019-03-20,17:02:27.000900,10523,10523,10523,2
2019-03-20,17:02:27.001000,10523,10523,10523,2
2019-03-20,17:02:27.001100,10523,10523,10523,2
2019-03-20,17:02:27.001200,10523,10523,10523,2
2019-03-20,17:02:27.001300,10523,10523,10523,2
2019-03-20,17:02:27.001400,10523,10523,10523,10
2019-03-20,17:02:27.001500,10523,10523,10523,6
2019-03-20,17:02:35,10523,10523,10523,4
2019-03-20,17:02:46,10523,10523,10523,10
2019-03-20,17:02:50,10523,10523,10523,4
2019-03-20,17:02:52,10523,10523,10523,10
2019-03-20,17:03:18,10523,10523,10523,2
2019-03-20,17:03:18.000100,10523,10523,10523,2
2019-03-20,17:03:22,10523,10523,10523,2
2019-03-20,17:03:56,10522,10522,10522,2
2019-03-20,17:03:57,10522,10522,10522,2
2019-03-20,17:04:07,10522,10522,10522,2
2019-03-20,17:04:18,10522,10522,10522,2
2019-03-20,17:04:36,10522,10522,10522,2
2019-03-20,17:04:36.000100,10522,10522,10522,2
2019-03-20,17:04:36.000200,10522,10522,10522,4
2019-03-20,17:04:36.000300,10522,10522,10522,6
2019-03-20,17:04:36.000400,10522,10522,10522,2
2019-03-20,17:04:36.000500,10522,10522,10522,2
2019-03-20,17:04:39,10522,10522,10522,2
2019-03-20,17:04:39.000100,10522,10522,10522,4
2019-03-20,17:04:44,10522,10522,10522,2
2019-03-20,17:04:46,10522,10522,10522,2
2019-03-20,17:04:46.000100,10522,10522,10522,2
2019-03-20,17:04:46.000200,10522,10522,10522,2
2019-03-20,17:04:59,10522,10522,10522,2
2019-03-20,17:04:59.000100,10522,10522,10522,8
2019-03-20,17:04:59.000200,10522,10522,10522,2
2019-03-20,17:04:59.000300,10522,10522,10522,2
2019-03-20,17:04:59.000400,10522,10522,10522,2
2019-03-20,17:04:59.000500,10522,10522,10522,2
2019-03-20,17:04:59.000600,10522,10522,10522,2
2019-03-20,17:04:59.000700,10522,10522,10522,4
2019-03-20,17:04:59.000800,10522,10522,10522,4
2019-03-20,17:04:59.000900,10522,10522,10522,2
2019-03-20,17:04:59.001000,10522,10522,10522,2
2019-03-20,17:04:59.001100,10522,10522,10522,10
2019-03-20,17:04:59.001200,10522,10522,10522,2
2019-03-20,17:04:59.001300,10522,10522,10522,2
2019-03-20,17:04:59.001400,10522,10522,10522,4
2019-03-20,17:04:59.001500,10522,10522,10522,4
2019-03-20,17:04:59.001600,10522,10522,10522,2
2019-03-20,17:04:59.001700,10522,10522,10522,2
2019-03-20,17:04:59.001800,10522,10522,10522,10
2019-03-20,17:04:59.001900,10522,10522,10522,2
2019-03-20,17:04:59.002000,10522,10522,10522,10
2019-03-20,17:04:59.002100,10522,10522,10522,10
2019-03-20,17:05:03,10521,10521,10521,2
2019-03-20,17:05:03.000100,10521,10521,10521,2
2019-03-20,17:05:03.000200,10521,10521,10521,2
2019-03-20,17:05:03.000300,10521,10521,10521,4
2019-03-20,17:05:04,10521,10521,10521,2
2019-03-20,17:05:04.000100,10521,10521,10521,4
2019-03-20,17:05:04.000200,10521,10521,10521,4
2019-03-20,17:05:04.000300,10521,10521,10521,10
2019-03-20,17:05:04.000400,10521,10521,10521,10
2019-03-20,17:05:04.000500,10521,10521,10521,2
2019-03-20,17:05:04.000600,10521,10521,10521,2
2019-03-20,17:05:04.000700,10521,10521,10521,2
2019-03-20,17:05:04.000800,10521,10521,10521,2
2019-03-20,17:05:04.000900,10521,10521,10521,4
2019-03-20,17:05:04.001000,10521,10521,10521,2
2019-03-20,17:05:04.001100,10521,10521,10521,4
2019-03-20,17:05:04.001200,10521,10521,10521,2
2019-03-20,17:05:04.001300,10521,10521,10521,2
2019-03-20,17:05:04.001400,10521,10521,10521,2
2019-03-20,17:05:04.001500,10521,10521,10521,2
2019-03-20,17:05:04.001600,10521,10521,10521,2
2019-03-20,17:05:04.001700,10521,10521,10521,2
2019-03-20,17:05:04.001800,10521,10521,10521,2
2019-03-20,17:05:04.001900,10521,10521,10521,8
2019-03-20,17:05:04.002000,10521,10521,10521,8
2019-03-20,17:05:04.002100,10521,10521,10521,2
2019-03-20,17:05:04.002200,10521,10521,10521,6
2019-03-20,17:05:04.002300,10521,10521,10521,10
2019-03-20,17:05:04.002400,10521,10521,10521,4
2019-03-20,17:05:04.002400,10521,10521,10521,2
2019-03-20,17:05:04.002500,10521,10521,10521,2
2019-03-20,17:05:04.002600,10521,10521,10521,2
2019-03-20,17:05:04.002700,10521,10521,10521,2
2019-03-20,17:05:06,10521,10521,10521,4
2019-03-20,17:05:06.000100,10521,10521,10521,10
2019-03-20,17:05:12,10521,10521,10521,10
2019-03-20,17:05:18,10521,10521,10521,12
2019-03-20,17:05:18.000100,10521,10521,10521,2
2019-03-20,17:05:18.000200,10521,10521,10521,6
2019-03-20,17:05:37,10521,10521,10521,4
2019-03-20,17:05:42,10521,10521,10521,10
2019-03-20,17:05:42.000100,10520,10520,10520,2
2019-03-20,17:05:43,10520,10520,10520,2
2019-03-20,17:05:43.000100,10520,10520,10520,2
2019-03-20,17:05:43.000200,10520,10520,10520,2
2019-03-20,17:05:43.000300,10520,10520,10520,2
2019-03-20,17:05:43.000400,10520,10520,10520,2
2019-03-20,17:05:43.000500,10521,10521,10521,2
2019-03-20,17:05:44,10521,10521,10521,20
2019-03-20,17:05:51,10521,10521,10521,4
2019-03-20,17:05:52,10521,10521,10521,2
2019-03-20,17:05:59,10522,10522,10522,8
2019-03-20,17:05:59.000100,10522,10522,10522,4
2019-03-20,17:06:00,10522,10522,10522,10
2019-03-20,17:06:02,10521,10521,10521,2
2019-03-20,17:06:17,10521,10521,10521,2
2019-03-20,17:06:27,10521,10521,10521,2
2019-03-20,17:06:36,10521,10521,10521,4
2019-03-20,17:06:48,10522,10522,10522,10
2019-03-20,17:06:53,10522,10522,10522,10
2019-03-20,17:06:59,10522,10522,10522,2
2019-03-20,17:06:59.000100,10522,10522,10522,8
2019-03-20,17:07:01,10522,10522,10522,4
2019-03-20,17:07:28,10522,10522,10522,10
2019-03-20,17:07:37,10521,10521,10521,2
2019-03-20,17:08:42,10522,10522,10522,2
2019-03-20,17:08:43,10522,10522,10522,2
2019-03-20,17:09:09,10522,10522,10522,10
2019-03-20,17:09:19,10521,10521,10521,2
2019-03-20,17:09:20,10521,10521,10521,2
2019-03-20,17:09:20.000100,10521,10521,10521,2
2019-03-20,17:09:26,10522,10522,10522,6
2019-03-20,17:09:49,10522,10522,10522,20
2019-03-20,17:09:49.000100,10522,10522,10522,16
2019-03-20,17:09:49.000200,10522,10522,10522,22
2019-03-20,17:10:04,10522,10522,10522,2
2019-03-20,17:10:09,10522,10522,10522,2
2019-03-20,17:10:13,10523,10523,10523,2
2019-03-20,17:12:34,10522,10522,10522,2
2019-03-20,17:12:34.000100,10522,10522,10522,2
2019-03-20,17:12:40,10523,10523,10523,10
2019-03-20,17:13:17,10522,10522,10522,2
2019-03-20,17:13:17.000100,10522,10522,10522,2
2019-03-20,17:13:20,10522,10522,10522,2
2019-03-20,17:13:20.000100,10522,10522,10522,2
2019-03-20,17:13:20.000200,10522,10522,10522,2
2019-03-20,17:13:23,10522,10522,10522,2
2019-03-20,17:13:23.000100,10522,10522,10522,4
2019-03-20,17:13:23.000200,10522,10522,10522,2
2019-03-20,17:13:39,10521,10521,10521,2
2019-03-20,17:13:39.000100,10521,10521,10521,4
2019-03-20,17:13:39.000200,10521,10521,10521,10
2019-03-20,17:13:39.000300,10521,10521,10521,6
2019-03-20,17:13:39.000400,10521,10521,10521,2
2019-03-20,17:13:39.000500,10521,10521,10521,2
2019-03-20,17:13:39.000600,10521,10521,10521,2
2019-03-20,17:13:39.000700,10521,10521,10521,2
2019-03-20,17:13:39.000800,10521,10521,10521,4
2019-03-20,17:13:39.000900,10521,10521,10521,2
2019-03-20,17:13:39.001000,10521,10521,10521,4
2019-03-20,17:13:56,10521,10521,10521,2
2019-03-20,17:13:56.000100,10521,10521,10521,2
2019-03-20,17:14:10,10521,10521,10521,2
2019-03-20,17:14:11,10521,10521,10521,2
2019-03-20,17:14:39,10522,10522,10522,4
2019-03-20,17:15:00,10522,10522,10522,2
2019-03-20,17:15:29,10522,10522,10522,2
2019-03-20,17:15:44,10522,10522,10522,2
2019-03-20,17:15:56,10522,10522,10522,10
2019-03-20,17:15:57,10522,10522,10522,2
2019-03-20,17:17:28,10522,10522,10522,2
2019-03-20,17:17:35,10522,10522,10522,2
2019-03-20,17:17:35.000100,10522,10522,10522,4
2019-03-20,17:17:35.000200,10522,10522,10522,6
2019-03-20,17:17:35.000300,10522,10522,10522,4
2019-03-20,17:17:35.000400,10522,10522,10522,4
2019-03-20,17:17:35.000500,10522,10522,10522,2
2019-03-20,17:17:57,10521,10521,10521,2
2019-03-20,17:18:05,10521,10521,10521,2
2019-03-20,17:18:07,10521,10521,10521,2
2019-03-20,17:18:07.000100,10521,10521,10521,2
2019-03-20,17:18:20,10521,10521,10521,2
2019-03-20,17:18:31,10521,10521,10521,2
2019-03-20,17:18:53,10521,10521,10521,2
2019-03-20,17:19:28,10521,10521,10521,2
2019-03-20,17:19:28.000100,10521,10521,10521,4
2019-03-20,17:19:28.000200,10521,10521,10521,2
2019-03-20,17:19:28.000300,10521,10521,10521,2
2019-03-20,17:19:28.000400,10521,10521,10521,2
2019-03-20,17:19:28.000500,10521,10521,10521,2
2019-03-20,17:19:28.000600,10521,10521,10521,2
2019-03-20,17:19:28.000700,10521,10521,10521,6
2019-03-20,17:19:43,10521,10521,10521,2
2019-03-20,17:19:53,10522,10522,10522,2
2019-03-20,17:20:00,10521,10521,10521,2
2019-03-20,17:20:08,10521,10521,10521,2
2019-03-20,17:20:10,10522,10522,10522,2
2019-03-20,17:20:31,10521,10521,10521,2
2019-03-20,17:20:31.000100,10521,10521,10521,2
2019-03-20,17:20:31.000200,10521,10521,10521,2
2019-03-20,17:20:31.000300,10521,10521,10521,2
2019-03-20,17:20:31.000400,10521,10521,10521,2
2019-03-20,17:20:31.000500,10521,10521,10521,2
2019-03-20,17:20:33,10522,10522,10522,2
2019-03-20,17:20:44,10522,10522,10522,2
2019-03-20,17:21:04,10522,10522,10522,30
2019-03-20,17:21:04.000100,10522,10522,10522,2
2019-03-20,17:21:12,10522,10522,10522,2
2019-03-20,17:21:34,10522,10522,10522,2
2019-03-20,17:21:35,10522,10522,10522,2
2019-03-20,17:21:36,10522,10522,10522,2
2019-03-20,17:21:37,10521,10521,10521,2
2019-03-20,17:22:02,10522,10522,10522,2
2019-03-20,17:22:13,10522,10522,10522,4
2019-03-20,17:22:13.000100,10522,10522,10522,4
2019-03-20,17:22:13.000200,10522,10522,10522,4
2019-03-20,17:22:14,10522,10522,10522,2
2019-03-20,17:22:26,10522,10522,10522,4
2019-03-20,17:22:26.000100,10522,10522,10522,2
2019-03-20,17:23:02,10523,10523,10523,2
2019-03-20,17:23:30,10522,10522,10522,2
2019-03-20,17:23:33,10522,10522,10522,2
2019-03-20,17:23:34,10522,10522,10522,2
2019-03-20,17:23:34.000100,10523,10523,10523,2
2019-03-20,17:23:44,10523,10523,10523,2
2019-03-20,17:23:52,10522,10522,10522,16
2019-03-20,17:23:52.000100,10522,10522,10522,14
2019-03-20,17:23:52.000200,10522,10522,10522,2
2019-03-20,17:23:52.000300,10522,10522,10522,6
2019-03-20,17:23:54,10522,10522,10522,2
2019-03-20,17:24:05,10522,10522,10522,2
2019-03-20,17:24:05.000100,10522,10522,10522,2
2019-03-20,17:24:49,10522,10522,10522,2
2019-03-20,17:24:49.000100,10522,10522,10522,2
2019-03-20,17:24:49.000200,10522,10522,10522,2
2019-03-20,17:24:56,10522,10522,10522,2
2019-03-20,17:24:59,10522,10522,10522,4
2019-03-20,17:26:07,10522,10522,10522,4
2019-03-20,17:26:09,10522,10522,10522,10
2019-03-20,17:26:11,10522,10522,10522,2
2019-03-20,17:26:11.000100,10521,10521,10521,2
2019-03-20,17:26:18,10522,10522,10522,2
2019-03-20,17:26:46,10521,10521,10521,2
2019-03-20,17:26:46.000100,10521,10521,10521,2
2019-03-20,17:26:51,10522,10522,10522,2
2019-03-20,17:27:01,10522,10522,10522,2
2019-03-20,17:27:01.000100,10522,10522,10522,2
2019-03-20,17:28:40,10522,10522,10522,6
2019-03-20,17:28:52,10522,10522,10522,2
2019-03-20,17:29:19,10522,10522,10522,2
2019-03-20,17:29:24,10522,10522,10522,2
2019-03-20,17:29:31,10522,10522,10522,2
2019-03-20,17:30:03,10522,10522,10522,4
2019-03-20,17:30:03.000100,10522,10522,10522,2
2019-03-20,17:30:04,10522,10522,10522,2
2019-03-20,17:30:22,10522,10522,10522,4
2019-03-20,17:30:32,10521,10521,10521,2
2019-03-20,17:30:36,10522,10522,10522,2
2019-03-20,17:30:36.000100,10522,10522,10522,2
2019-03-20,17:30:36.000200,10522,10522,10522,2
2019-03-20,17:30:36.000300,10522,10522,10522,2
2019-03-20,17:31:01,10522,10522,10522,2
2019-03-20,17:32:12,10521,10521,10521,6
2019-03-20,17:32:12.000100,10521,10521,10521,2
2019-03-20,17:32:12.000200,10521,10521,10521,2
2019-03-20,17:32:12.000300,10521,10521,10521,2
2019-03-20,17:32:12.000400,10521,10521,10521,2
2019-03-20,17:32:12.000500,10521,10521,10521,2
2019-03-20,17:32:12.000600,10521,10521,10521,2
2019-03-20,17:32:13,10521,10521,10521,2
2019-03-20,17:32:33,10521,10521,10521,4
2019-03-20,17:32:48,10521,10521,10521,12
2019-03-20,17:32:48.000100,10522,10522,10522,8
2019-03-20,17:33:30,10521,10521,10521,2
2019-03-20,17:33:30.000100,10521,10521,10521,2
2019-03-20,17:33:30.000200,10521,10521,10521,2
2019-03-20,17:33:38,10521,10521,10521,2
2019-03-20,17:33:54,10521,10521,10521,2
2019-03-20,17:34:19,10522,10522,10522,2
2019-03-20,17:34:21,10522,10522,10522,2
2019-03-20,17:34:41,10521,10521,10521,2
2019-03-20,17:35:00,10521,10521,10521,2
2019-03-20,17:35:35,10521,10521,10521,2
2019-03-20,17:35:38,10521,10521,10521,2
2019-03-20,17:35:52,10521,10521,10521,2
2019-03-20,17:35:54,10521,10521,10521,12
2019-03-20,17:35:55,10521,10521,10521,14
2019-03-20,17:35:55.000100,10521,10521,10521,2
2019-03-20,17:35:55.000200,10521,10521,10521,2
2019-03-20,17:35:55.000300,10521,10521,10521,2
2019-03-20,17:35:55.000400,10521,10521,10521,2
2019-03-20,17:35:55.000500,10521,10521,10521,4
2019-03-20,17:36:41,10521,10521,10521,2
2019-03-20,17:36:45,10521,10521,10521,10
2019-03-20,17:36:45.000100,10521,10521,10521,2
2019-03-20,17:36:47,10520,10520,10520,2
2019-03-20,17:36:59,10520,10520,10520,2
2019-03-20,17:36:59.000100,10520,10520,10520,4
2019-03-20,17:36:59.000200,10520,10520,10520,2
2019-03-20,17:36:59.000300,10520,10520,10520,2
2019-03-20,17:36:59.000400,10520,10520,10520,2
2019-03-20,17:37:02,10520,10520,10520,2
2019-03-20,17:37:02.000100,10520,10520,10520,2
2019-03-20,17:37:02.000200,10520,10520,10520,2
2019-03-20,17:37:27,10521,10521,10521,2
2019-03-20,17:37:38,10520,10520,10520,2
2019-03-20,17:37:43,10520,10520,10520,2
2019-03-20,17:37:46,10520,10520,10520,2
2019-03-20,17:37:56,10520,10520,10520,20
2019-03-20,17:37:57,10520,10520,10520,2
2019-03-20,17:37:57.000100,10520,10520,10520,2
2019-03-20,17:37:57.000200,10520,10520,10520,2
2019-03-20,17:37:57.000300,10520,10520,10520,2
2019-03-20,17:38:00,10520,10520,10520,2
2019-03-20,17:38:00.000100,10520,10520,10520,4
2019-03-20,17:38:05,10520,10520,10520,2
2019-03-20,17:38:05.000100,10520,10520,10520,2
2019-03-20,17:38:05.000200,10520,10520,10520,2
2019-03-20,17:38:15,10520,10520,10520,2
2019-03-20,17:38:15.000100,10520,10520,10520,2
2019-03-20,17:38:19,10520,10520,10520,4
2019-03-20,17:38:22,10520,10520,10520,2
2019-03-20,17:38:23,10520,10520,10520,4
2019-03-20,17:38:23.000100,10520,10520,10520,2
2019-03-20,17:38:25,10520,10520,10520,2
2019-03-20,17:38:26,10520,10520,10520,2
2019-03-20,17:38:26.000100,10520,10520,10520,2
2019-03-20,17:38:26.000200,10520,10520,10520,2
2019-03-20,17:38:26.000300,10520,10520,10520,2
2019-03-20,17:38:31,10520,10520,10520,2
2019-03-20,17:38:31.000100,10520,10520,10520,2
2019-03-20,17:38:34,10520,10520,10520,2
2019-03-20,17:38:44,10520,10520,10520,2
2019-03-20,17:38:44.000100,10520,10520,10520,2
2019-03-20,17:38:44.000200,10520,10520,10520,2
2019-03-20,17:38:44.000300,10520,10520,10520,2
2019-03-20,17:38:44.000400,10520,10520,10520,2
2019-03-20,17:38:47,10520,10520,10520,2
2019-03-20,17:38:52,10520,10520,10520,2
2019-03-20,17:38:53,10520,10520,10520,2
2019-03-20,17:39:01,10520,10520,10520,2
2019-03-20,17:39:11,10520,10520,10520,2
2019-03-20,17:39:13,10520,10520,10520,2
2019-03-20,17:39:17,10520,10520,10520,2
2019-03-20,17:39:17.000100,10520,10520,10520,2
2019-03-20,17:39:17.000200,10520,10520,10520,4
2019-03-20,17:39:17.000300,10520,10520,10520,2
2019-03-20,17:39:17.000400,10520,10520,10520,2
2019-03-20,17:39:17.000500,10520,10520,10520,2
2019-03-20,17:39:17.000600,10520,10520,10520,4
2019-03-20,17:39:17.000700,10520,10520,10520,2
2019-03-20,17:39:17.000800,10520,10520,10520,2
2019-03-20,17:39:17.000900,10520,10520,10520,8
2019-03-20,17:39:17.001000,10520,10520,10520,2
2019-03-20,17:39:17.001100,10520,10520,10520,10
2019-03-20,17:39:17.001200,10520,10520,10520,2
2019-03-20,17:39:17.001300,10520,10520,10520,2
2019-03-20,17:39:17.001400,10520,10520,10520,2
2019-03-20,17:39:17.001500,10520,10520,10520,8
2019-03-20,17:39:20,10520,10520,10520,2
2019-03-20,17:39:29,10519,10519,10519,2
2019-03-20,17:39:30,10519,10519,10519,2
2019-03-20,17:39:30.000100,10519,10519,10519,2
2019-03-20,17:39:30.000200,10519,10519,10519,2
2019-03-20,17:39:30.000300,10519,10519,10519,2
2019-03-20,17:39:30.000400,10519,10519,10519,2
2019-03-20,17:39:30.000500,10519,10519,10519,2
2019-03-20,17:39:30.000600,10519,10519,10519,2
2019-03-20,17:39:44,10519,10519,10519,2
2019-03-20,17:39:45,10519,10519,10519,2
2019-03-20,17:39:50,10519,10519,10519,2
2019-03-20,17:39:50.000100,10519,10519,10519,2
2019-03-20,17:39:56,10519,10519,10519,2
2019-03-20,17:39:56.000100,10519,10519,10519,6
2019-03-20,17:39:56.000200,10519,10519,10519,4
2019-03-20,17:39:56.000300,10519,10519,10519,4
2019-03-20,17:39:56.000400,10519,10519,10519,2
2019-03-20,17:39:56.000500,10519,10519,10519,6
2019-03-20,17:40:08,10519,10519,10519,2
2019-03-20,17:40:08.000100,10519,10519,10519,2
2019-03-20,17:40:08.000200,10519,10519,10519,2
2019-03-20,17:40:11,10519,10519,10519,2
2019-03-20,17:40:16,10519,10519,10519,2
2019-03-20,17:40:16.000100,10519,10519,10519,6
2019-03-20,17:40:16.000200,10519,10519,10519,6
2019-03-20,17:40:16.000300,10519,10519,10519,2
2019-03-20,17:40:20,10519,10519,10519,2
2019-03-20,17:40:20.000100,10519,10519,10519,4
2019-03-20,17:40:20.000200,10519,10519,10519,2
2019-03-20,17:40:21,10519,10519,10519,2
2019-03-20,17:40:22,10519,10519,10519,2
2019-03-20,17:40:22.000100,10519,10519,10519,4
2019-03-20,17:40:26,10519,10519,10519,2
2019-03-20,17:40:39,10519,10519,10519,10
2019-03-20,17:40:47,10519,10519,10519,2
2019-03-20,17:41:09,10519,10519,10519,2
2019-03-20,17:41:13,10519,10519,10519,2
2019-03-20,17:41:28,10519,10519,10519,30
2019-03-20,17:41:36,10518,10518,10518,6
2019-03-20,17:41:45,10518,10518,10518,2
2019-03-20,17:41:48,10518,10518,10518,2
2019-03-20,17:41:58,10518,10518,10518,2
2019-03-20,17:42:00,10518,10518,10518,2
2019-03-20,17:42:00.000100,10518,10518,10518,2
2019-03-20,17:42:00.000200,10518,10518,10518,2
2019-03-20,17:42:00.000300,10518,10518,10518,2
2019-03-20,17:42:00.000400,10518,10518,10518,2
2019-03-20,17:42:06,10518,10518,10518,2
2019-03-20,17:42:09,10518,10518,10518,8
2019-03-20,17:42:09.000100,10518,10518,10518,4
2019-03-20,17:42:09.000200,10518,10518,10518,4
2019-03-20,17:42:09.000300,10518,10518,10518,2
2019-03-20,17:42:09.000400,10518,10518,10518,2
2019-03-20,17:42:09.000500,10518,10518,10518,8
2019-03-20,17:42:09.000600,10518,10518,10518,2
2019-03-20,17:42:09.000700,10518,10518,10518,2
2019-03-20,17:42:09.000800,10518,10518,10518,2
2019-03-20,17:42:09.000900,10518,10518,10518,2
2019-03-20,17:42:09.001000,10518,10518,10518,2
2019-03-20,17:42:09.001100,10518,10518,10518,2
2019-03-20,17:42:15,10518,10518,10518,2
2019-03-20,17:42:20,10518,10518,10518,2
2019-03-20,17:42:21,10518,10518,10518,2
2019-03-20,17:42:26,10518,10518,10518,2
2019-03-20,17:42:26.000100,10518,10518,10518,16
2019-03-20,17:42:26.000200,10518,10518,10518,4
2019-03-20,17:42:26.000300,10518,10518,10518,2
2019-03-20,17:42:26.000400,10518,10518,10518,4
2019-03-20,17:42:26.000500,10518,10518,10518,2
2019-03-20,17:42:26.000600,10518,10518,10518,2
2019-03-20,17:42:28,10518,10518,10518,2
2019-03-20,17:42:30,10518,10518,10518,6
2019-03-20,17:42:32,10517,10517,10517,2
2019-03-20,17:42:32.000100,10517,10517,10517,2
2019-03-20,17:42:40,10517,10517,10517,2
2019-03-20,17:42:40.000100,10517,10517,10517,2
2019-03-20,17:42:41,10517,10517,10517,2
2019-03-20,17:42:44,10517,10517,10517,2
2019-03-20,17:42:52,10518,10518,10518,2
2019-03-20,17:42:54,10517,10517,10517,2
2019-03-20,17:42:56,10518,10518,10518,2
2019-03-20,17:43:09,10517,10517,10517,2
2019-03-20,17:43:09.000100,10517,10517,10517,2
2019-03-20,17:43:09.000200,10517,10517,10517,2
2019-03-20,17:43:09.000300,10517,10517,10517,4
2019-03-20,17:43:09.000400,10517,10517,10517,2
2019-03-20,17:43:09.000500,10517,10517,10517,2
2019-03-20,17:43:09.000600,10517,10517,10517,2
2019-03-20,17:43:09.000700,10517,10517,10517,4
2019-03-20,17:43:09.000800,10518,10518,10518,2
2019-03-20,17:43:10,10518,10518,10518,2
2019-03-20,17:43:29,10517,10517,10517,2
2019-03-20,17:43:30,10518,10518,10518,2
2019-03-20,17:43:31,10518,10518,10518,2
2019-03-20,17:43:32,10517,10517,10517,2
2019-03-20,17:43:32.000100,10517,10517,10517,2
2019-03-20,17:43:32.000200,10517,10517,10517,2
2019-03-20,17:43:32.000300,10517,10517,10517,4
2019-03-20,17:43:32.000400,10517,10517,10517,2
2019-03-20,17:43:32.000500,10517,10517,10517,2
2019-03-20,17:43:36,10517,10517,10517,2
2019-03-20,17:43:38,10517,10517,10517,2
2019-03-20,17:43:38.000100,10517,10517,10517,4
2019-03-20,17:43:38.000200,10517,10517,10517,2
2019-03-20,17:43:38.000300,10517,10517,10517,2
2019-03-20,17:43:38.000400,10517,10517,10517,2
2019-03-20,17:43:44,10517,10517,10517,4
2019-03-20,17:43:46,10517,10517,10517,2
2019-03-20,17:43:46.000100,10517,10517,10517,2
2019-03-20,17:43:54,10517,10517,10517,2
2019-03-20,17:43:54.000100,10517,10517,10517,2
2019-03-20,17:43:59,10517,10517,10517,2
2019-03-20,17:44:02,10518,10518,10518,14
2019-03-20,17:44:02.000100,10518,10518,10518,2
2019-03-20,17:44:03,10518,10518,10518,2
2019-03-20,17:44:04,10518,10518,10518,2
2019-03-20,17:44:04.000100,10518,10518,10518,2
2019-03-20,17:44:09,10518,10518,10518,2
2019-03-20,17:44:13,10518,10518,10518,2
2019-03-20,17:44:16,10518,10518,10518,2
2019-03-20,17:44:16.000100,10518,10518,10518,2
2019-03-20,17:44:25,10518,10518,10518,4
2019-03-20,17:44:29,10518,10518,10518,2
2019-03-20,17:44:51,10519,10519,10519,2
2019-03-20,17:45:02,10519,10519,10519,2
2019-03-20,17:45:29,10518,10518,10518,2
2019-03-20,17:45:44,10518,10518,10518,2
2019-03-20,17:45:44.000100,10518,10518,10518,2
2019-03-20,17:45:49,10518,10518,10518,4
2019-03-20,17:45:52,10518,10518,10518,6
2019-03-20,17:45:52.000100,10518,10518,10518,2
2019-03-20,17:45:52.000200,10518,10518,10518,2
2019-03-20,17:45:57,10518,10518,10518,2
2019-03-20,17:45:57.000100,10518,10518,10518,2
2019-03-20,17:45:57.000200,10518,10518,10518,2
2019-03-20,17:46:03,10518,10518,10518,2
2019-03-20,17:46:17,10518,10518,10518,2
2019-03-20,17:46:17.000100,10518,10518,10518,2
2019-03-20,17:46:23,10518,10518,10518,2
2019-03-20,17:46:40,10518,10518,10518,2
2019-03-20,17:46:40.000100,10518,10518,10518,2
2019-03-20,17:46:41,10518,10518,10518,2
2019-03-20,17:46:41.000100,10518,10518,10518,2
2019-03-20,17:46:46,10517,10517,10517,2
2019-03-20,17:46:51,10517,10517,10517,2
2019-03-20,17:47:12,10518,10518,10518,4
2019-03-20,17:47:13,10518,10518,10518,4
2019-03-20,17:47:17,10518,10518,10518,2
2019-03-20,17:47:17.000100,10518,10518,10518,2
2019-03-20,17:47:17.000200,10518,10518,10518,2
2019-03-20,17:47:27,10518,10518,10518,2
2019-03-20,17:47:35,10518,10518,10518,2
2019-03-20,17:47:35.000100,10518,10518,10518,4
2019-03-20,17:47:37,10518,10518,10518,2
2019-03-20,17:47:38,10518,10518,10518,2
2019-03-20,17:47:39,10518,10518,10518,2
2019-03-20,17:47:39.000100,10518,10518,10518,2
2019-03-20,17:47:39.000200,10518,10518,10518,2
2019-03-20,17:47:39.000300,10518,10518,10518,2
2019-03-20,17:47:45,10519,10519,10519,2
2019-03-20,17:47:56,10518,10518,10518,2
2019-03-20,17:47:56.000100,10518,10518,10518,2
2019-03-20,17:48:16,10518,10518,10518,2
2019-03-20,17:48:16.000100,10518,10518,10518,2
2019-03-20,17:48:16.000200,10518,10518,10518,2
2019-03-20,17:48:30,10518,10518,10518,2
2019-03-20,17:48:43,10519,10519,10519,2
2019-03-20,17:49:02,10519,10519,10519,4
2019-03-20,17:49:09,10519,10519,10519,2
2019-03-20,17:49:11,10518,10518,10518,4
2019-03-20,17:49:15,10518,10518,10518,4
2019-03-20,17:49:56,10518,10518,10518,2
2019-03-20,17:50:07,10519,10519,10519,2
2019-03-20,17:50:12,10519,10519,10519,2
2019-03-20,17:50:25,10519,10519,10519,2
2019-03-20,17:50:28,10519,10519,10519,2
2019-03-20,17:50:48,10518,10518,10518,2
2019-03-20,17:51:02,10519,10519,10519,8
2019-03-20,17:51:04,10519,10519,10519,4
2019-03-20,17:51:09,10519,10519,10519,2
2019-03-20,17:51:21,10519,10519,10519,4
2019-03-20,17:52:19,10519,10519,10519,16
2019-03-20,17:52:21,10519,10519,10519,2
2019-03-20,17:52:34,10518,10518,10518,2
2019-03-20,17:52:34.000100,10518,10518,10518,2
2019-03-20,17:53:02,10519,10519,10519,8
2019-03-20,17:53:09,10518,10518,10518,2
2019-03-20,17:53:09.000100,10518,10518,10518,2
2019-03-20,17:53:09.000200,10518,10518,10518,2
2019-03-20,17:53:09.000300,10518,10518,10518,2
2019-03-20,17:53:09.000400,10518,10518,10518,2
2019-03-20,17:53:09.000500,10518,10518,10518,2
2019-03-20,17:53:09.000600,10518,10518,10518,2
2019-03-20,17:53:09.000700,10518,10518,10518,2
2019-03-20,17:53:09.000800,10518,10518,10518,2
2019-03-20,17:53:09.000900,10518,10518,10518,2
2019-03-20,17:53:09.001000,10518,10518,10518,2
2019-03-20,17:53:09.001100,10518,10518,10518,2
2019-03-20,17:53:09.001200,10518,10518,10518,6
2019-03-20,17:53:09.001300,10518,10518,10518,2
2019-03-20,17:53:09.001400,10518,10518,10518,2
2019-03-20,17:53:09.001500,10518,10518,10518,2
2019-03-20,17:53:09.001600,10518,10518,10518,2
2019-03-20,17:53:09.001700,10518,10518,10518,2
2019-03-20,17:53:13,10517,10517,10517,2
2019-03-20,17:53:22,10517,10517,10517,2
2019-03-20,17:53:27,10517,10517,10517,2
2019-03-20,17:53:29,10517,10517,10517,2
2019-03-20,17:53:43,10517,10517,10517,2
2019-03-20,17:53:43.000100,10517,10517,10517,2
2019-03-20,17:53:50,10517,10517,10517,2
2019-03-20,17:53:50.000100,10517,10517,10517,2
2019-03-20,17:53:50.000200,10517,10517,10517,2
2019-03-20,17:53:50.000300,10517,10517,10517,2
2019-03-20,17:53:50.000400,10517,10517,10517,2
2019-03-20,17:53:50.000500,10517,10517,10517,2
2019-03-20,17:53:50.000600,10517,10517,10517,2
2019-03-20,17:53:53,10517,10517,10517,10
2019-03-20,17:54:05,10517,10517,10517,2
2019-03-20,17:54:11,10516,10516,10516,2
2019-03-20,17:54:11.000100,10516,10516,10516,2
2019-03-20,17:54:11.000200,10516,10516,10516,2
2019-03-20,17:54:11.000300,10516,10516,10516,2
2019-03-20,17:54:11.000400,10516,10516,10516,2
2019-03-20,17:54:11.000500,10516,10516,10516,2
2019-03-20,17:54:11.000600,10516,10516,10516,6
2019-03-20,17:54:11.000700,10516,10516,10516,2
2019-03-20,17:54:11.000800,10517,10517,10517,2
2019-03-20,17:54:17,10516,10516,10516,2
2019-03-20,17:54:17.000100,10516,10516,10516,2
2019-03-20,17:54:17.000200,10516,10516,10516,2
2019-03-20,17:54:21,10516,10516,10516,2
2019-03-20,17:54:21.000100,10516,10516,10516,2
2019-03-20,17:54:25,10516,10516,10516,2
2019-03-20,17:54:27,10515,10515,10515,6
2019-03-20,17:54:27.000100,10515,10515,10515,2
2019-03-20,17:54:27.000200,10515,10515,10515,2
2019-03-20,17:54:27.000300,10515,10515,10515,2
2019-03-20,17:54:27.000400,10515,10515,10515,2
2019-03-20,17:54:27.000500,10515,10515,10515,2
2019-03-20,17:54:27.000600,10515,10515,10515,4
2019-03-20,17:54:27.000700,10515,10515,10515,4
2019-03-20,17:54:34,10515,10515,10515,2
2019-03-20,17:54:34.000100,10515,10515,10515,2
2019-03-20,17:54:34.000200,10515,10515,10515,8
2019-03-20,17:54:36,10515,10515,10515,2
2019-03-20,17:54:37,10515,10515,10515,2
2019-03-20,17:54:37.000100,10515,10515,10515,2
2019-03-20,17:54:40,10515,10515,10515,2
2019-03-20,17:54:41,10515,10515,10515,4
2019-03-20,17:54:43,10516,10516,10516,2
2019-03-20,17:54:44,10515,10515,10515,2
2019-03-20,17:54:46,10515,10515,10515,4
2019-03-20,17:54:46.000100,10515,10515,10515,2
2019-03-20,17:54:46.000200,10515,10515,10515,2
2019-03-20,17:54:48,10516,10516,10516,4
2019-03-20,17:54:49,10516,10516,10516,2
2019-03-20,17:55:00,10515,10515,10515,2
2019-03-20,17:55:00.000100,10515,10515,10515,2
2019-03-20,17:55:01,10515,10515,10515,2
2019-03-20,17:55:04,10516,10516,10516,2
2019-03-20,17:55:10,10515,10515,10515,2
2019-03-20,17:55:18,10515,10515,10515,2
2019-03-20,17:55:18.000100,10515,10515,10515,8
2019-03-20,17:55:19,10515,10515,10515,2
2019-03-20,17:55:19.000100,10515,10515,10515,2
2019-03-20,17:55:19.000200,10515,10515,10515,2
2019-03-20,17:55:19.000300,10515,10515,10515,2
2019-03-20,17:55:19.000400,10515,10515,10515,2
2019-03-20,17:55:19.000500,10515,10515,10515,2
2019-03-20,17:55:23,10515,10515,10515,2
2019-03-20,17:55:29,10515,10515,10515,2
2019-03-20,17:55:29.000100,10515,10515,10515,2
2019-03-20,17:55:30,10515,10515,10515,2
2019-03-20,17:55:32,10515,10515,10515,6
2019-03-20,17:55:32.000100,10515,10515,10515,2
