2020-02-19,15:00:00.046000,11760,11762,11762,39
2020-02-19,15:00:00.058000,11761,11762,11762,9
2020-02-19,15:00:00.058000,11761,11762,11763,15
2020-02-19,15:00:00.058000,11761,11762,11764,9
2020-02-19,15:00:00.062000,11761,11762,11764,14
2020-02-19,15:00:00.062000,11761,11762,11765,4
2020-02-19,15:00:00.062000,11761,11762,11766,5
2020-02-19,15:00:00.062000,11761,11762,11767,3
2020-02-19,15:00:00.062000,11761,11762,11768,4
2020-02-19,15:00:00.062000,11761,11762,11769,6
2020-02-19,15:00:00.062000,11761,11762,11770,9
2020-02-19,15:00:00.062000,11761,11762,11770,13
2020-02-19,15:00:00.062000,11761,11762,11771,2
2020-02-19,15:00:00.062000,11761,11762,11772,7
2020-02-19,15:00:00.062000,11761,11762,11773,8
2020-02-19,15:00:00.062000,11761,11762,11774,1
2020-02-19,15:00:00.062000,11761,11762,11774,6
2020-02-19,15:00:00.063000,11761,11762,11774,17
2020-02-19,15:00:00.063000,11761,11762,11775,7
2020-02-19,15:00:00.063000,11761,11762,11776,3
2020-02-19,15:00:00.063000,11761,11762,11777,4
2020-02-19,15:00:00.063000,11761,11762,11778,16
2020-02-19,15:00:00.063000,11761,11762,11779,3
2020-02-19,15:00:00.063000,11761,11762,11780,12
2020-02-19,15:00:00.063000,11761,11762,11782,5
2020-02-19,15:00:00.063000,11761,11762,11782,9
2020-02-19,15:00:00.064000,11761,11762,11782,2
2020-02-19,15:00:00.064000,11761,11762,11783,2
2020-02-19,15:00:00.076000,11761,11783,11783,2
2020-02-19,15:00:00.076000,11761,11783,11785,11
2020-02-19,15:00:00.076000,11761,11783,11786,18
2020-02-19,15:00:00.076000,11761,11783,11786,6
2020-02-19,15:00:00.076000,11761,11783,11787,1
2020-02-19,15:00:00.076000,11761,11783,11788,4
2020-02-19,15:00:00.076000,11761,11783,11789,2
2020-02-19,15:00:00.076000,11761,11783,11790,5
2020-02-19,15:00:00.076000,11761,11783,11792,3
2020-02-19,15:00:00.076000,11761,11783,11793,1
2020-02-19,15:00:00.076000,11761,11783,11795,2
2020-02-19,15:00:00.076000,11761,11783,11796,5
2020-02-19,15:00:00.076000,11761,11783,11798,2
2020-02-19,15:00:00.076000,11761,11783,11798,4
2020-02-19,15:00:00.077000,11761,11783,11798,31
2020-02-19,15:00:00.077000,11761,11783,11798,8
2020-02-19,15:00:00.077000,11761,11783,11798,31
2020-02-19,15:00:00.078000,11761,11783,11798,31
2020-02-19,15:00:00.079000,11761,11783,11798,34
2020-02-19,15:00:00.079000,11761,11783,11799,4
2020-02-19,15:00:00.079000,11761,11783,11800,8
2020-02-19,15:00:00.079000,11761,11783,11804,2
2020-02-19,15:00:00.079000,11761,11783,11805,3
2020-02-19,15:00:00.080000,11761,11783,11805,2
2020-02-19,15:00:00.080000,11761,11783,11807,2
2020-02-19,15:00:00.084000,11761,11783,11807,1
2020-02-19,15:00:00.084000,11761,11783,11808,2
2020-02-19,15:00:00.084000,11761,11783,11809,1
2020-02-19,15:00:00.084000,11761,11783,11810,9
2020-02-19,15:00:00.086000,11761,11783,11810,1
2020-02-19,15:00:00.086000,11761,11783,11811,1
2020-02-19,15:00:00.086000,11761,11783,11812,1
2020-02-19,15:00:00.086000,11761,11783,11813,1
2020-02-19,15:00:00.086000,11761,11783,11814,2
2020-02-19,15:00:00.086000,11761,11783,11815,2
2020-02-19,15:00:00.086000,11761,11783,11815,1
2020-02-19,15:00:00.086000,11761,11783,11819,1
2020-02-19,15:00:00.086000,11761,11783,11820,4
2020-02-19,15:00:00.162000,11762,11820,11813,1
2020-02-19,15:00:00.183000,11762,11820,11820,2
2020-02-19,15:00:00.203000,11762,11820,11820,2
2020-02-19,15:00:00.256000,11799,11822,11799,1
2020-02-19,15:00:00.271000,11799,11822,11799,4
2020-02-19,15:00:00.271000,11799,11822,11788,2
2020-02-19,15:00:00.332000,11799,11822,11822,2
2020-02-19,15:00:00.362000,11788,11822,11822,2
2020-02-19,15:00:00.375000,11788,11822,11822,1
2020-02-19,15:00:00.383000,11788,11822,11822,1
2020-02-19,15:00:00.399000,11788,11822,11822,1
2020-02-19,15:00:00.414000,11788,11822,11822,1
2020-02-19,15:00:00.443000,11788,11822,11821,1
2020-02-19,15:00:00.449000,11788,11822,11788,2
2020-02-19,15:00:00.463000,11788,11822,11822,1
2020-02-19,15:00:00.467000,11788,11822,11788,1
2020-02-19,15:00:00.494000,11788,11822,11821,1
2020-02-19,15:00:00.494000,11788,11822,11779,1
2020-02-19,15:00:00.494000,11788,11822,11775,1
2020-02-19,15:00:00.494000,11788,11822,11765,3
2020-02-19,15:00:00.549000,11788,11822,11821,1
2020-02-19,15:00:00.566000,11788,11822,11821,1
2020-02-19,15:00:00.579000,11788,11822,11790,1
2020-02-19,15:00:00.579000,11788,11822,11789,1
2020-02-19,15:00:00.579000,11788,11822,11765,1
2020-02-19,15:00:00.641000,11788,11821,11809,1
2020-02-19,15:00:00.654000,11788,11821,11821,1
2020-02-19,15:00:00.672000,11788,11821,11821,2
2020-02-19,15:00:00.672000,11788,11821,11822,1
2020-02-19,15:00:00.690000,11788,11821,11822,2
2020-02-19,15:00:00.697000,11788,11821,11822,2
2020-02-19,15:00:00.708000,11788,11821,11822,1
2020-02-19,15:00:00.714000,11820,11822,11820,3
2020-02-19,15:00:00.731000,11820,11822,11820,6
2020-02-19,15:00:00.768000,11820,11822,11821,3
2020-02-19,15:00:00.786000,11820,11822,11821,2
2020-02-19,15:00:00.795000,11820,11822,11821,1
2020-02-19,15:00:00.813000,11820,11822,11821,1
2020-02-19,15:00:00.813000,11820,11822,11822,1
2020-02-19,15:00:00.855000,11789,11822,11822,1
2020-02-19,15:00:00.869000,11789,11822,11790,2
2020-02-19,15:00:00.940000,11789,11822,11790,3
2020-02-19,15:00:01.029000,11789,11821,11820,1
2020-02-19,15:00:01.066000,11789,11821,11820,1
2020-02-19,15:00:01.116000,11790,11820,11795,2
2020-02-19,15:00:01.123000,11790,11820,11819,1
2020-02-19,15:00:01.123000,11790,11820,11819,1
2020-02-19,15:00:01.125000,11790,11820,11819,1
2020-02-19,15:00:01.126000,11790,11820,11819,1
2020-02-19,15:00:01.166000,11790,11820,11819,1
2020-02-19,15:00:01.248000,11790,11820,11820,3
2020-02-19,15:00:01.252000,11790,11820,11820,1
2020-02-19,15:00:01.308000,11790,11820,11821,1
2020-02-19,15:00:01.424000,11790,11821,11816,1
2020-02-19,15:00:01.434000,11790,11821,11822,1
2020-02-19,15:00:01.470000,11808,11824,11809,1
2020-02-19,15:00:01.470000,11808,11824,11808,1
2020-02-19,15:00:01.491000,11808,11824,11809,1
2020-02-19,15:00:01.491000,11808,11824,11808,2
2020-02-19,15:00:01.491000,11808,11824,11807,2
2020-02-19,15:00:01.523000,11808,11824,11806,1
2020-02-19,15:00:01.594000,11790,11823,11822,1
2020-02-19,15:00:01.842000,11791,11794,11794,1
2020-02-19,15:00:01.847000,11791,11794,11792,1
2020-02-19,15:00:01.847000,11791,11794,11791,1
2020-02-19,15:00:01.851000,11791,11794,11791,1
2020-02-19,15:00:01.862000,11791,11794,11791,1
2020-02-19,15:00:01.862000,11791,11794,11794,2
2020-02-19,15:00:01.862000,11791,11794,11795,1
2020-02-19,15:00:01.933000,11791,11794,11790,2
2020-02-19,15:00:01.933000,11791,11794,11789,5
2020-02-19,15:00:01.933000,11791,11794,11784,3
2020-02-19,15:00:02.065000,11784,11795,11784,1
2020-02-19,15:00:02.227000,11783,11794,11794,1
2020-02-19,15:00:02.367000,11783,11794,11783,1
2020-02-19,15:00:02.823000,11786,11792,11791,1
2020-02-19,15:00:02.986000,11788,11791,11788,1
2020-02-19,15:00:03.076000,11788,11791,11787,1
2020-02-19,15:00:03.076000,11788,11791,11786,1
2020-02-19,15:00:03.355000,11784,11790,11789,1
2020-02-19,15:00:03.444000,11784,11790,11783,5
2020-02-19,15:00:03.444000,11784,11790,11778,4
2020-02-19,15:00:03.444000,11784,11790,11777,4
2020-02-19,15:00:03.444000,11784,11790,11773,15
2020-02-19,15:00:03.444000,11784,11790,11772,1
2020-02-19,15:00:03.444000,11784,11790,11766,2
2020-02-19,15:00:03.444000,11784,11790,11765,12
2020-02-19,15:00:03.444000,11784,11790,11762,2
2020-02-19,15:00:03.715000,11762,11772,11771,3
2020-02-19,15:00:03.715000,11762,11772,11772,2
2020-02-19,15:00:03.746000,11762,11772,11771,1
2020-02-19,15:00:03.746000,11762,11772,11772,4
2020-02-19,15:00:04.043000,11764,11787,11787,1
2020-02-19,15:00:04.362000,11763,11787,11786,1
2020-02-19,15:00:04.753000,11763,11786,11763,1
2020-02-19,15:00:04.806000,11763,11786,11786,1
2020-02-19,15:00:04.858000,11763,11786,11763,1
2020-02-19,15:00:06.209000,11764,11776,11764,1
2020-02-19,15:00:06.839000,11765,11766,11766,1
2020-02-19,15:00:07.089000,11767,11770,11769,1
2020-02-19,15:00:07.089000,11767,11770,11770,1
2020-02-19,15:00:07.214000,11767,11770,11770,1
2020-02-19,15:00:07.339000,11767,11769,11771,1
2020-02-19,15:00:07.356000,11767,11769,11767,1
2020-02-19,15:00:07.696000,11767,11771,11771,2
2020-02-19,15:00:07.696000,11767,11771,11772,1
2020-02-19,15:00:07.714000,11767,11771,11771,1
2020-02-19,15:00:08.089000,11767,11769,11769,1
2020-02-19,15:00:10.253000,11767,11769,11768,1
2020-02-19,15:00:10.295000,11767,11769,11769,1
2020-02-19,15:00:11.058000,11767,11770,11770,1
2020-02-19,15:00:11.795000,11767,11770,11770,1
2020-02-19,15:00:12.089000,11768,11769,11769,1
2020-02-19,15:00:12.105000,11768,11769,11769,1
2020-02-19,15:00:12.345000,11768,11769,11769,1
2020-02-19,15:00:12.714000,11769,11770,11770,2
2020-02-19,15:00:12.714000,11769,11770,11770,5
2020-02-19,15:00:12.714000,11769,11770,11770,2
2020-02-19,15:00:12.753000,11769,11770,11772,1
2020-02-19,15:00:13.010000,11770,11773,11771,1
2020-02-19,15:00:13.106000,11771,11773,11772,1
2020-02-19,15:00:13.214000,11771,11772,11772,1
2020-02-19,15:00:13.216000,11771,11772,11772,1
2020-02-19,15:00:13.230000,11771,11772,11771,2
2020-02-19,15:00:13.241000,11771,11772,11771,1
2020-02-19,15:00:13.339000,11770,11772,11772,1
2020-02-19,15:00:13.481000,11772,11773,11772,1
2020-02-19,15:00:13.775000,11771,11773,11771,1
2020-02-19,15:00:14.105000,11772,11773,11772,3
2020-02-19,15:00:14.339000,11771,11773,11772,1
2020-02-19,15:00:14.860000,11771,11772,11772,1
2020-02-19,15:00:14.964000,11771,11772,11772,1
2020-02-19,15:00:15.112000,11772,11773,11772,1
2020-02-19,15:00:15.714000,11771,11772,11772,1
2020-02-19,15:00:15.875000,11772,11773,11772,1
2020-02-19,15:00:15.977000,11772,11773,11772,3
2020-02-19,15:00:16.214000,11771,11772,11772,1
2020-02-19,15:00:16.214000,11771,11772,11772,1
2020-02-19,15:00:16.230000,11771,11772,11771,5
2020-02-19,15:00:16.664000,11771,11772,11772,2
2020-02-19,15:00:16.855000,11772,11773,11772,1
2020-02-19,15:00:17.081000,11772,11773,11772,1
2020-02-19,15:00:17.339000,11772,11773,11772,1
2020-02-19,15:00:17.606000,11771,11772,11771,1
2020-02-19,15:00:17.676000,11771,11772,11772,2
2020-02-19,15:00:17.676000,11771,11772,11773,2
2020-02-19,15:00:17.778000,11771,11773,11773,1
2020-02-19,15:00:17.979000,11771,11772,11771,2
2020-02-19,15:00:18.427000,11771,11772,11772,2
2020-02-19,15:00:18.433000,11771,11772,11771,2
2020-02-19,15:00:18.787000,11771,11772,11771,1
2020-02-19,15:00:18.854000,11770,11771,11771,1
2020-02-19,15:00:18.997000,11770,11772,11772,1
2020-02-19,15:00:20.095000,11770,11772,11772,1
2020-02-19,15:00:20.232000,11770,11771,11770,5
2020-02-19,15:00:20.355000,11770,11771,11770,1
2020-02-19,15:00:20.661000,11770,11771,11771,1
2020-02-19,15:00:20.702000,11770,11771,11771,1
2020-02-19,15:00:20.823000,11770,11771,11770,2
2020-02-19,15:00:22.455000,11769,11771,11771,1
2020-02-19,15:00:23.223000,11770,11771,11771,1
2020-02-19,15:00:24.185000,11770,11771,11771,1
2020-02-19,15:00:24.417000,11770,11771,11771,1
2020-02-19,15:00:24.596000,11770,11772,11771,1
2020-02-19,15:00:24.606000,11770,11772,11771,1
2020-02-19,15:00:25.431000,11770,11772,11770,1
2020-02-19,15:00:26.289000,11770,11771,11771,1
2020-02-19,15:00:26.376000,11770,11772,11770,4
2020-02-19,15:00:26.677000,11770,11772,11770,3
2020-02-19,15:00:26.742000,11770,11772,11770,1
2020-02-19,15:00:26.873000,11769,11771,11770,5
2020-02-19,15:00:27.151000,11769,11771,11771,1
2020-02-19,15:00:27.586000,11769,11771,11771,2
2020-02-19,15:00:28.156000,11771,11772,11771,2
2020-02-19,15:00:28.362000,11771,11772,11771,1
2020-02-19,15:00:28.542000,11771,11772,11771,1
2020-02-19,15:00:28.589000,11770,11771,11771,1
2020-02-19,15:00:28.924000,11770,11771,11770,7
2020-02-19,15:00:29.294000,11770,11771,11770,1
2020-02-19,15:00:29.905000,11769,11771,11771,2
2020-02-19,15:00:29.989000,11769,11771,11770,2
2020-02-19,15:00:30.423000,11769,11771,11769,6
2020-02-19,15:00:30.544000,11768,11771,11770,1
2020-02-19,15:00:30.552000,11768,11771,11769,6
2020-02-19,15:00:31.039000,11768,11770,11770,1
2020-02-19,15:00:31.166000,11768,11770,11770,1
2020-02-19,15:00:32.078000,11768,11770,11770,1
2020-02-19,15:00:32.374000,11769,11770,11769,1
2020-02-19,15:00:32.546000,11769,11770,11769,3
2020-02-19,15:00:33.297000,11769,11770,11769,3
2020-02-19,15:00:33.491000,11769,11770,11769,1
2020-02-19,15:00:34.086000,11768,11770,11770,2
2020-02-19,15:00:35.806000,11769,11770,11769,5
2020-02-19,15:00:36.184000,11768,11770,11770,1
2020-02-19,15:00:36.942000,11769,11770,11769,1
2020-02-19,15:00:37.307000,11769,11770,11769,1
2020-02-19,15:00:37.990000,11769,11770,11769,2
2020-02-19,15:00:38.488000,11768,11769,11769,1
2020-02-19,15:00:38.920000,11768,11769,11768,1
2020-02-19,15:00:40.545000,11768,11769,11769,2
2020-02-19,15:00:40.942000,11768,11769,11769,1
2020-02-19,15:00:41.904000,11768,11769,11769,1
2020-02-19,15:00:42.501000,11768,11769,11768,3
2020-02-19,15:00:43.512000,11768,11769,11768,2
2020-02-19,15:00:43.569000,11768,11769,11769,10
2020-02-19,15:00:43.936000,11768,11769,11769,2
2020-02-19,15:00:43.964000,11768,11769,11769,2
2020-02-19,15:00:44.089000,11768,11769,11769,2
2020-02-19,15:00:44.238000,11769,11770,11769,2
2020-02-19,15:00:46.280000,11769,11770,11770,1
2020-02-19,15:00:46.339000,11769,11770,11770,8
2020-02-19,15:00:46.464000,11769,11770,11770,1
2020-02-19,15:00:46.464000,11769,11770,11770,5
2020-02-19,15:00:46.464000,11769,11770,11770,2
2020-02-19,15:00:46.589000,11769,11770,11770,1
2020-02-19,15:00:47.109000,11770,11771,11770,2
2020-02-19,15:00:47.589000,11770,11771,11771,2
2020-02-19,15:00:48.214000,11770,11771,11771,2
2020-02-19,15:00:48.339000,11770,11771,11771,1
2020-02-19,15:00:48.580000,11770,11771,11771,1
2020-02-19,15:00:48.589000,11770,11771,11771,3
2020-02-19,15:00:48.783000,11770,11771,11771,2
2020-02-19,15:00:48.839000,11770,11771,11771,1
2020-02-19,15:00:49.097000,11771,11772,11771,5
2020-02-19,15:00:49.097000,11771,11772,11770,13
2020-02-19,15:00:49.161000,11771,11772,11770,1
2020-02-19,15:00:49.214000,11769,11770,11770,1
2020-02-19,15:00:49.254000,11769,11770,11771,2
2020-02-19,15:00:49.634000,11771,11772,11771,3
2020-02-19,15:00:52.517000,11770,11771,11770,2
2020-02-19,15:00:52.596000,11770,11771,11771,1
2020-02-19,15:00:53.219000,11770,11771,11770,1
2020-02-19,15:00:54.603000,11770,11771,11771,1
2020-02-19,15:00:54.735000,11770,11771,11770,8
2020-02-19,15:00:55.480000,11769,11770,11770,3
2020-02-19,15:00:55.724000,11769,11770,11770,1
2020-02-19,15:00:55.962000,11769,11770,11769,2
2020-02-19,15:00:56.256000,11769,11770,11769,1
2020-02-19,15:00:57.314000,11769,11770,11770,1
2020-02-19,15:00:59.061000,11769,11770,11769,2
2020-02-19,15:00:59.081000,11769,11770,11770,1
2020-02-19,15:00:59.372000,11769,11770,11770,2
2020-02-19,15:00:59.374000,11769,11770,11770,3
2020-02-19,15:00:59.386000,11769,11770,11770,2
2020-02-19,15:00:59.400000,11769,11770,11770,4
2020-02-19,15:00:59.412000,11769,11770,11771,2
2020-02-19,15:01:00.069000,11770,11771,11771,4
2020-02-19,15:01:00.278000,11770,11772,11770,7
2020-02-19,15:01:00.278000,11770,11772,11769,2
2020-02-19,15:01:00.396000,11769,11772,11771,2
2020-02-19,15:01:00.455000,11769,11772,11769,1
2020-02-19,15:01:00.486000,11769,11771,11771,1
2020-02-19,15:01:01.219000,11769,11770,11770,3
2020-02-19,15:01:01.219000,11769,11770,11770,1
2020-02-19,15:01:01.245000,11769,11770,11770,1
2020-02-19,15:01:01.245000,11769,11770,11771,1
2020-02-19,15:01:01.245000,11769,11770,11771,2
2020-02-19,15:01:01.550000,11770,11771,11770,6
2020-02-19,15:01:01.550000,11770,11771,11769,1
2020-02-19,15:01:01.608000,11769,11771,11771,1
2020-02-19,15:01:01.750000,11769,11771,11770,1
2020-02-19,15:01:02.009000,11769,11771,11769,10
2020-02-19,15:01:02.204000,11769,11771,11771,6
2020-02-19,15:01:02.204000,11769,11771,11772,5
2020-02-19,15:01:02.250000,11770,11772,11772,4
2020-02-19,15:01:02.250000,11770,11772,11773,4
2020-02-19,15:01:02.298000,11770,11772,11772,4
2020-02-19,15:01:02.298000,11770,11772,11771,1
2020-02-19,15:01:02.299000,11770,11772,11773,3
2020-02-19,15:01:02.435000,11772,11773,11772,1
2020-02-19,15:01:02.477000,11772,11773,11772,1
2020-02-19,15:01:02.500000,11772,11773,11772,1
2020-02-19,15:01:02.964000,11772,11773,11772,1
2020-02-19,15:01:03.352000,11771,11772,11772,2
2020-02-19,15:01:03.421000,11771,11772,11771,1
2020-02-19,15:01:03.957000,11770,11772,11772,5
2020-02-19,15:01:04.180000,11770,11773,11771,1
2020-02-19,15:01:04.180000,11770,11773,11770,6
2020-02-19,15:01:04.565000,11770,11772,11770,2
2020-02-19,15:01:04.794000,11771,11772,11772,1
2020-02-19,15:01:04.839000,11771,11772,11772,5
2020-02-19,15:01:05.020000,11771,11773,11771,5
2020-02-19,15:01:05.201000,11771,11773,11772,1
2020-02-19,15:01:05.349000,11771,11773,11771,6
2020-02-19,15:01:05.464000,11770,11771,11771,14
2020-02-19,15:01:05.682000,11770,11772,11773,1
2020-02-19,15:01:05.801000,11770,11773,11770,1
2020-02-19,15:01:06.362000,11770,11772,11770,1
2020-02-19,15:01:06.420000,11770,11772,11770,1
2020-02-19,15:01:07.404000,11770,11772,11772,4
2020-02-19,15:01:07.481000,11772,11773,11772,2
2020-02-19,15:01:07.589000,11772,11773,11772,1
2020-02-19,15:01:07.891000,11772,11773,11772,1
2020-02-19,15:01:09.951000,11771,11772,11771,2
2020-02-19,15:01:10.394000,11771,11772,11771,5
2020-02-19,15:01:10.394000,11771,11772,11770,15
2020-02-19,15:01:12.410000,11770,11771,11770,2
2020-02-19,15:01:12.410000,11770,11771,11769,4
2020-02-19,15:01:12.475000,11769,11771,11770,1
2020-02-19,15:01:12.475000,11769,11771,11771,4
2020-02-19,15:01:13.231000,11769,11771,11771,3
2020-02-19,15:01:13.312000,11769,11771,11771,1
2020-02-19,15:01:13.773000,11769,11771,11771,1
2020-02-19,15:01:15.964000,11769,11770,11770,1
2020-02-19,15:01:16.089000,11769,11770,11770,1
2020-02-19,15:01:16.147000,11769,11770,11771,1
2020-02-19,15:01:16.214000,11769,11771,11771,1
2020-02-19,15:01:16.339000,11769,11771,11771,1
2020-02-19,15:01:16.464000,11770,11771,11771,1
2020-02-19,15:01:16.589000,11770,11771,11771,1
2020-02-19,15:01:16.714000,11770,11771,11771,1
2020-02-19,15:01:17.851000,11770,11771,11771,5
2020-02-19,15:01:17.899000,11770,11771,11770,2
2020-02-19,15:01:18.280000,11770,11771,11771,3
2020-02-19,15:01:18.280000,11770,11771,11772,2
2020-02-19,15:01:18.917000,11771,11772,11771,1
2020-02-19,15:01:19.349000,11771,11772,11771,1
2020-02-19,15:01:20.505000,11771,11772,11771,1
2020-02-19,15:01:20.934000,11771,11772,11772,5
2020-02-19,15:01:20.946000,11771,11772,11771,7
2020-02-19,15:01:20.964000,11770,11771,11771,1
2020-02-19,15:01:21.209000,11771,11772,11771,1
2020-02-19,15:01:22.481000,11771,11772,11772,3
2020-02-19,15:01:22.520000,11771,11772,11772,1
2020-02-19,15:01:23.971000,11771,11772,11771,1
2020-02-19,15:01:24.840000,11771,11772,11771,1
2020-02-19,15:01:25.121000,11771,11772,11772,3
2020-02-19,15:01:25.380000,11771,11772,11772,1
2020-02-19,15:01:25.530000,11771,11772,11772,1
2020-02-19,15:01:26.885000,11772,11773,11773,1
2020-02-19,15:01:26.964000,11772,11773,11773,2
2020-02-19,15:01:26.980000,11772,11773,11773,2
2020-02-19,15:01:27.126000,11773,11774,11773,1
2020-02-19,15:01:28.883000,11773,11774,11773,1
2020-02-19,15:01:29.652000,11773,11774,11774,1
2020-02-19,15:01:29.714000,11773,11774,11774,1
2020-02-19,15:01:29.774000,11773,11774,11774,2
2020-02-19,15:01:29.774000,11773,11774,11775,5
2020-02-19,15:01:29.865000,11774,11775,11774,1
2020-02-19,15:01:30.429000,11774,11775,11774,2
2020-02-19,15:01:32.788000,11774,11775,11775,2
2020-02-19,15:01:34.314000,11774,11775,11774,1
2020-02-19,15:01:34.368000,11774,11775,11774,1
2020-02-19,15:01:34.929000,11774,11775,11774,2
2020-02-19,15:01:35.522000,11774,11775,11774,1
2020-02-19,15:01:36.093000,11774,11775,11775,1
2020-02-19,15:01:36.964000,11774,11775,11775,3
2020-02-19,15:01:37.449000,11775,11776,11775,1
2020-02-19,15:01:38.147000,11774,11775,11775,2
2020-02-19,15:01:38.573000,11775,11776,11775,4
2020-02-19,15:01:43.053000,11774,11775,11775,2
2020-02-19,15:01:44.712000,11774,11775,11775,2
2020-02-19,15:01:45.122000,11774,11775,11775,1
2020-02-19,15:01:46.356000,11774,11775,11774,2
2020-02-19,15:01:46.846000,11774,11775,11775,1
2020-02-19,15:01:47.012000,11774,11775,11775,1
2020-02-19,15:01:48.147000,11774,11775,11775,3
2020-02-19,15:01:48.945000,11774,11775,11775,1
2020-02-19,15:01:49.560000,11775,11776,11775,1
2020-02-19,15:01:50.696000,11775,11776,11775,2
2020-02-19,15:01:51.147000,11775,11776,11775,1
2020-02-19,15:01:52.547000,11775,11776,11775,7
2020-02-19,15:01:52.833000,11774,11775,11775,1
2020-02-19,15:01:53.070000,11774,11775,11775,1
2020-02-19,15:01:53.817000,11774,11775,11775,1
2020-02-19,15:01:54.678000,11774,11775,11774,4
2020-02-19,15:01:54.809000,11774,11775,11775,2
2020-02-19,15:01:56.214000,11774,11775,11775,1
2020-02-19,15:01:56.845000,11774,11775,11775,2
2020-02-19,15:01:56.971000,11774,11775,11775,1
2020-02-19,15:01:57.134000,11774,11776,11775,1
2020-02-19,15:01:58.872000,11775,11776,11775,1
2020-02-19,15:01:59.182000,11775,11776,11775,2
2020-02-19,15:01:59.320000,11775,11776,11775,1
2020-02-19,15:01:59.495000,11775,11776,11775,2
2020-02-19,15:02:00.056000,11775,11776,11776,1
2020-02-19,15:02:01.217000,11775,11776,11775,1
2020-02-19,15:02:01.802000,11775,11776,11775,5
2020-02-19,15:02:01.802000,11775,11776,11774,35
2020-02-19,15:02:01.869000,11773,11774,11774,1
2020-02-19,15:02:02.428000,11773,11774,11773,1
2020-02-19,15:02:02.475000,11773,11774,11774,1
2020-02-19,15:02:02.580000,11773,11774,11774,3
2020-02-19,15:02:02.720000,11773,11775,11773,5
2020-02-19,15:02:03.052000,11774,11775,11774,8
2020-02-19,15:02:03.482000,11773,11775,11774,2
2020-02-19,15:02:03.556000,11773,11775,11775,1
2020-02-19,15:02:04.482000,11774,11775,11775,1
2020-02-19,15:02:04.735000,11774,11775,11775,1
2020-02-19,15:02:05.178000,11774,11776,11774,10
2020-02-19,15:02:06.173000,11774,11775,11774,5
2020-02-19,15:02:07.980000,11774,11775,11775,3
2020-02-19,15:02:08.149000,11774,11775,11774,1
2020-02-19,15:02:12.105000,11774,11775,11775,6
2020-02-19,15:02:12.107000,11774,11775,11775,1
2020-02-19,15:02:13.185000,11775,11776,11775,1
2020-02-19,15:02:14.771000,11775,11776,11776,1
2020-02-19,15:02:15.174000,11775,11776,11776,2
2020-02-19,15:02:15.223000,11775,11776,11775,1
2020-02-19,15:02:17.986000,11775,11776,11775,2
2020-02-19,15:02:19.885000,11775,11776,11776,1
2020-02-19,15:02:21.340000,11775,11776,11775,2
2020-02-19,15:02:22.929000,11775,11776,11776,1
2020-02-19,15:02:23.140000,11775,11776,11775,1
2020-02-19,15:02:23.701000,11775,11776,11775,2
2020-02-19,15:02:23.996000,11774,11775,11775,5
2020-02-19,15:02:25.318000,11775,11776,11775,1
2020-02-19,15:02:26.332000,11775,11776,11775,1
2020-02-19,15:02:26.618000,11774,11775,11774,1
2020-02-19,15:02:28.556000,11774,11775,11774,5
2020-02-19,15:02:29.672000,11774,11775,11775,1
2020-02-19,15:02:30.470000,11774,11775,11774,1
2020-02-19,15:02:30.565000,11774,11775,11775,1
2020-02-19,15:02:31.307000,11774,11775,11775,1
2020-02-19,15:02:31.401000,11774,11775,11774,1
2020-02-19,15:02:32.321000,11774,11775,11774,1
2020-02-19,15:02:32.378000,11774,11775,11775,1
2020-02-19,15:02:33.115000,11774,11775,11774,1
2020-02-19,15:02:33.975000,11774,11775,11775,2
2020-02-19,15:02:34.104000,11774,11775,11774,1
2020-02-19,15:02:34.960000,11774,11775,11774,1
2020-02-19,15:02:35.027000,11774,11775,11775,1
2020-02-19,15:02:35.231000,11774,11775,11774,1
2020-02-19,15:02:35.498000,11774,11775,11774,2
2020-02-19,15:02:35.747000,11774,11775,11775,5
2020-02-19,15:02:36.392000,11774,11775,11774,1
2020-02-19,15:02:36.904000,11774,11775,11774,5
2020-02-19,15:02:37.314000,11774,11775,11775,1
2020-02-19,15:02:37.752000,11774,11775,11775,2
2020-02-19,15:02:40.185000,11774,11775,11774,1
2020-02-19,15:02:41.871000,11774,11775,11775,2
2020-02-19,15:02:45.384000,11774,11775,11775,1
2020-02-19,15:02:47.729000,11774,11775,11775,1
2020-02-19,15:02:48.206000,11774,11775,11775,4
2020-02-19,15:02:48.539000,11774,11775,11775,2
2020-02-19,15:02:50.694000,11774,11775,11775,2
2020-02-19,15:02:51.080000,11774,11775,11775,1
2020-02-19,15:02:51.490000,11775,11776,11775,1
2020-02-19,15:02:52.672000,11774,11775,11775,3
2020-02-19,15:02:52.920000,11775,11776,11776,11
2020-02-19,15:02:53.418000,11775,11776,11775,3
2020-02-19,15:02:56.691000,11775,11776,11776,1
2020-02-19,15:02:58.933000,11775,11776,11776,7
2020-02-19,15:03:00.179000,11776,11777,11777,1
2020-02-19,15:03:00.566000,11776,11777,11777,1
2020-02-19,15:03:01.225000,11776,11777,11777,2
2020-02-19,15:03:01.386000,11776,11777,11777,1
2020-02-19,15:03:01.479000,11776,11777,11777,1
2020-02-19,15:03:02.437000,11777,11778,11777,2
2020-02-19,15:03:03.181000,11777,11778,11777,2
2020-02-19,15:03:05.750000,11777,11778,11778,1
2020-02-19,15:03:06.961000,11777,11778,11778,1
2020-02-19,15:03:07.624000,11777,11778,11778,1
2020-02-19,15:03:08.382000,11777,11778,11778,6
2020-02-19,15:03:09.775000,11777,11778,11778,6
2020-02-19,15:03:09.791000,11777,11778,11778,1
2020-02-19,15:03:10.325000,11778,11779,11778,1
2020-02-19,15:03:11.277000,11778,11779,11779,1
2020-02-19,15:03:11.353000,11778,11779,11778,1
2020-02-19,15:03:11.412000,11778,11779,11778,2
2020-02-19,15:03:12.102000,11777,11778,11778,1
2020-02-19,15:03:12.157000,11777,11778,11778,1
2020-02-19,15:03:15.556000,11777,11778,11778,3
2020-02-19,15:03:17.327000,11777,11778,11778,1
2020-02-19,15:03:17.631000,11777,11778,11778,1
2020-02-19,15:03:18,11777,11778,11778,2
2020-02-19,15:03:18.227000,11777,11778,11778,3
2020-02-19,15:03:18.339000,11778,11779,11778,1
2020-02-19,15:03:18.520000,11777,11778,11778,3
2020-02-19,15:03:18.520000,11777,11778,11779,3
2020-02-19,15:03:21.002000,11778,11779,11778,1
2020-02-19,15:03:21.482000,11778,11779,11779,1
2020-02-19,15:03:22.301000,11778,11779,11778,1
2020-02-19,15:03:23.429000,11778,11779,11778,1
2020-02-19,15:03:24.689000,11777,11778,11778,1
2020-02-19,15:03:24.758000,11777,11778,11778,1
2020-02-19,15:03:26.014000,11777,11778,11778,1
2020-02-19,15:03:26.813000,11777,11778,11778,1
2020-02-19,15:03:27.189000,11777,11778,11778,1
2020-02-19,15:03:29.010000,11777,11778,11778,4
2020-02-19,15:03:30.719000,11778,11779,11779,5
2020-02-19,15:03:31.595000,11778,11779,11778,1
2020-02-19,15:03:31.978000,11778,11779,11779,1
2020-02-19,15:03:32.599000,11778,11779,11779,3
2020-02-19,15:03:32.645000,11778,11779,11779,1
2020-02-19,15:03:35.443000,11778,11779,11778,1
2020-02-19,15:03:35.699000,11778,11779,11779,1
2020-02-19,15:03:35.734000,11778,11779,11779,1
2020-02-19,15:03:36.753000,11778,11779,11779,1
2020-02-19,15:03:37.531000,11778,11779,11779,5
2020-02-19,15:03:41.177000,11778,11779,11779,1
2020-02-19,15:03:41.385000,11778,11779,11779,2
2020-02-19,15:03:43.478000,11778,11779,11779,1
2020-02-19,15:03:45.014000,11778,11779,11779,1
2020-02-19,15:03:45.152000,11778,11779,11779,1
2020-02-19,15:03:45.714000,11778,11779,11779,1
2020-02-19,15:03:45.984000,11778,11779,11779,1
2020-02-19,15:03:47.162000,11778,11779,11779,1
2020-02-19,15:03:47.540000,11778,11779,11779,1
2020-02-19,15:03:47.557000,11778,11779,11778,1
2020-02-19,15:03:47.874000,11778,11779,11778,1
2020-02-19,15:03:48.848000,11778,11779,11778,1
2020-02-19,15:03:49.590000,11778,11779,11779,1
2020-02-19,15:03:49.687000,11778,11779,11778,1
2020-02-19,15:03:50.617000,11778,11779,11778,5
2020-02-19,15:03:52.828000,11778,11779,11779,5
2020-02-19,15:03:53.093000,11778,11779,11778,1
2020-02-19,15:03:53.292000,11778,11779,11779,1
2020-02-19,15:03:56.379000,11778,11779,11778,5
2020-02-19,15:03:58.639000,11778,11779,11778,1
2020-02-19,15:03:58.846000,11778,11779,11779,5
2020-02-19,15:04:02.105000,11778,11779,11779,1
2020-02-19,15:04:02.472000,11778,11779,11779,1
2020-02-19,15:04:02.787000,11778,11779,11778,1
2020-02-19,15:04:06.243000,11778,11779,11779,2
2020-02-19,15:04:09.399000,11778,11779,11779,5
2020-02-19,15:04:10.540000,11778,11779,11778,7
2020-02-19,15:04:11.714000,11777,11778,11777,12
2020-02-19,15:04:11.839000,11777,11778,11777,12
2020-02-19,15:04:12.089000,11776,11777,11776,8
2020-02-19,15:04:12.214000,11776,11777,11776,1
2020-02-19,15:04:12.435000,11775,11777,11775,5
2020-02-19,15:04:12.598000,11775,11776,11776,1
2020-02-19,15:04:13.183000,11775,11776,11776,1
2020-02-19,15:04:14.132000,11775,11776,11775,1
2020-02-19,15:04:14.215000,11775,11776,11775,2
2020-02-19,15:04:16.507000,11775,11776,11775,1
2020-02-19,15:04:18.575000,11775,11776,11776,1
2020-02-19,15:04:18.977000,11775,11776,11775,8
2020-02-19,15:04:19.007000,11775,11776,11775,1
2020-02-19,15:04:19.089000,11774,11775,11775,1
2020-02-19,15:04:19.214000,11774,11776,11775,1
2020-02-19,15:04:19.321000,11774,11776,11775,1
2020-02-19,15:04:19.321000,11774,11776,11775,1
2020-02-19,15:04:19.427000,11775,11776,11775,2
2020-02-19,15:04:19.584000,11775,11776,11775,2
2020-02-19,15:04:21.578000,11775,11776,11775,1
2020-02-19,15:04:21.716000,11775,11776,11776,1
2020-02-19,15:04:25.141000,11775,11776,11775,8
2020-02-19,15:04:25.727000,11774,11775,11775,1
2020-02-19,15:04:27.957000,11774,11775,11775,1
2020-02-19,15:04:29.390000,11774,11775,11775,1
2020-02-19,15:04:33.392000,11774,11775,11774,1
2020-02-19,15:04:34.057000,11774,11775,11775,1
2020-02-19,15:04:34.535000,11774,11775,11774,1
2020-02-19,15:04:37.146000,11774,11775,11775,1
2020-02-19,15:04:37.753000,11774,11775,11774,1
2020-02-19,15:04:38.387000,11774,11775,11775,2
2020-02-19,15:04:39.427000,11774,11775,11774,1
2020-02-19,15:04:40.134000,11774,11775,11775,1
2020-02-19,15:04:40.552000,11774,11775,11774,5
2020-02-19,15:04:41.396000,11774,11775,11775,2
2020-02-19,15:04:41.710000,11774,11775,11774,1
2020-02-19,15:04:43.829000,11774,11775,11774,1
2020-02-19,15:04:44.208000,11773,11775,11775,1
2020-02-19,15:04:47.670000,11774,11775,11774,1
2020-02-19,15:04:49.700000,11774,11775,11774,5
2020-02-19,15:04:49.951000,11774,11775,11774,2
2020-02-19,15:04:52.830000,11773,11774,11773,3
2020-02-19,15:04:54.709000,11773,11774,11774,3
2020-02-19,15:04:55.031000,11773,11774,11774,1
2020-02-19,15:04:58.447000,11773,11774,11774,1
2020-02-19,15:05:03.385000,11773,11774,11774,1
2020-02-19,15:05:03.659000,11773,11774,11774,1
2020-02-19,15:05:03.715000,11773,11774,11774,1
2020-02-19,15:05:03.725000,11773,11774,11774,1
2020-02-19,15:05:04.497000,11773,11774,11774,1
2020-02-19,15:05:09.179000,11773,11774,11774,1
2020-02-19,15:05:18.214000,11773,11774,11773,17
2020-02-19,15:05:18.214000,11773,11774,11773,5
2020-02-19,15:05:18.339000,11773,11774,11773,1
2020-02-19,15:05:18.339000,11773,11774,11773,4
2020-02-19,15:05:18.381000,11773,11774,11773,1
2020-02-19,15:05:22.145000,11772,11773,11773,2
2020-02-19,15:05:24.521000,11772,11773,11772,5
2020-02-19,15:05:25.147000,11772,11773,11772,2
2020-02-19,15:05:25.465000,11772,11773,11773,2
2020-02-19,15:05:26.296000,11772,11773,11772,5
2020-02-19,15:05:26.576000,11772,11773,11772,1
2020-02-19,15:05:27.910000,11771,11772,11772,1
2020-02-19,15:05:32.829000,11772,11773,11772,5
2020-02-19,15:05:32.840000,11771,11772,11772,5
2020-02-19,15:05:33.219000,11772,11773,11773,1
2020-02-19,15:05:33.316000,11772,11773,11772,2
2020-02-19,15:05:34.721000,11772,11773,11772,4
2020-02-19,15:05:35.265000,11772,11773,11772,1
2020-02-19,15:05:36.716000,11772,11773,11772,1
2020-02-19,15:05:37.420000,11772,11773,11773,3
2020-02-19,15:05:39.382000,11772,11773,11772,1
2020-02-19,15:05:40.195000,11772,11773,11772,1
2020-02-19,15:05:43.033000,11772,11773,11772,4
2020-02-19,15:05:45.106000,11772,11773,11772,1
2020-02-19,15:05:45.206000,11772,11773,11773,5
2020-02-19,15:05:45.381000,11772,11774,11772,5
2020-02-19,15:05:46.515000,11773,11774,11773,1
2020-02-19,15:05:46.671000,11772,11773,11773,4
2020-02-19,15:05:47.270000,11772,11774,11772,1
2020-02-19,15:05:47.528000,11772,11774,11772,2
2020-02-19,15:05:47.629000,11772,11774,11774,2
2020-02-19,15:05:48.409000,11772,11774,11774,6
2020-02-19,15:05:54.650000,11773,11774,11774,1
2020-02-19,15:05:55.086000,11773,11774,11774,5
2020-02-19,15:05:56.669000,11773,11774,11774,2
2020-02-19,15:05:57.381000,11773,11774,11774,2
2020-02-19,15:06:03.307000,11773,11774,11774,1
2020-02-19,15:06:03.428000,11773,11774,11774,5
2020-02-19,15:06:03.726000,11773,11774,11774,1
2020-02-19,15:06:03.733000,11773,11774,11774,1
2020-02-19,15:06:04.300000,11773,11774,11774,1
2020-02-19,15:06:06.457000,11773,11774,11774,1
2020-02-19,15:06:06.700000,11773,11774,11773,1
2020-02-19,15:06:06.786000,11773,11774,11774,1
2020-02-19,15:06:07.196000,11774,11775,11774,1
2020-02-19,15:06:07.217000,11774,11775,11774,1
2020-02-19,15:06:08.956000,11774,11775,11774,1
2020-02-19,15:06:09.335000,11773,11775,11775,36
2020-02-19,15:06:09.335000,11773,11775,11776,10
2020-02-19,15:06:17.298000,11774,11775,11775,3
2020-02-19,15:06:20.589000,11774,11775,11775,1
2020-02-19,15:06:22.536000,11774,11775,11775,1
2020-02-19,15:06:24.186000,11774,11775,11775,2
2020-02-19,15:06:24.214000,11774,11775,11775,4
2020-02-19,15:06:28.062000,11775,11776,11775,1
2020-02-19,15:06:30.643000,11774,11775,11775,1
2020-02-19,15:06:30.643000,11774,11775,11776,1
2020-02-19,15:06:31.840000,11774,11776,11775,1
2020-02-19,15:06:33.914000,11774,11776,11776,15
2020-02-19,15:06:33.914000,11774,11776,11777,27
2020-02-19,15:06:33.914000,11774,11776,11778,14
2020-02-19,15:06:33.915000,11774,11776,11778,4
2020-02-19,15:06:34.006000,11777,11778,11778,5
2020-02-19,15:06:34.340000,11777,11778,11778,1
2020-02-19,15:06:34.554000,11777,11778,11778,1
2020-02-19,15:06:34.598000,11777,11778,11777,1
2020-02-19,15:06:35.214000,11776,11777,11777,3
2020-02-19,15:06:40.339000,11777,11778,11777,1
2020-02-19,15:06:42.181000,11777,11778,11777,1
2020-02-19,15:06:42.920000,11776,11777,11777,1
2020-02-19,15:06:43.216000,11776,11777,11777,1
2020-02-19,15:06:43.230000,11776,11777,11776,1
2020-02-19,15:06:43.427000,11776,11778,11778,1
2020-02-19,15:06:44.026000,11776,11778,11778,2
2020-02-19,15:06:45.177000,11777,11778,11778,1
2020-02-19,15:06:45.250000,11777,11778,11778,1
2020-02-19,15:06:46.358000,11777,11778,11777,1
2020-02-19,15:06:48.184000,11777,11778,11777,5
2020-02-19,15:06:48.323000,11776,11778,11778,2
2020-02-19,15:06:48.462000,11776,11778,11778,1
2020-02-19,15:06:53.277000,11777,11778,11778,1
2020-02-19,15:06:53.796000,11777,11778,11778,1
2020-02-19,15:06:55.605000,11777,11778,11778,1
2020-02-19,15:06:55.800000,11777,11778,11778,5
2020-02-19,15:06:55.800000,11777,11778,11779,5
2020-02-19,15:06:55.998000,11777,11779,11779,1
2020-02-19,15:06:56.339000,11778,11779,11778,1
2020-02-19,15:06:58.551000,11778,11779,11778,1
2020-02-19,15:06:58.637000,11778,11779,11778,2
2020-02-19,15:06:58.714000,11778,11779,11778,1
2020-02-19,15:07:00.080000,11778,11779,11778,1
2020-02-19,15:07:04.931000,11777,11778,11778,1
2020-02-19,15:07:06.969000,11777,11778,11778,1
2020-02-19,15:07:08.348000,11777,11778,11778,1
2020-02-19,15:07:09.394000,11777,11778,11777,1
2020-02-19,15:07:09.533000,11777,11778,11778,1
2020-02-19,15:07:14.722000,11777,11778,11778,1
2020-02-19,15:07:15.692000,11777,11778,11777,5
2020-02-19,15:07:15.886000,11777,11778,11778,1
2020-02-19,15:07:16.031000,11777,11778,11778,3
2020-02-19,15:07:17.575000,11777,11778,11778,1
2020-02-19,15:07:18.705000,11777,11778,11778,1
2020-02-19,15:07:22.106000,11777,11778,11778,1
2020-02-19,15:07:24.020000,11777,11778,11777,1
2020-02-19,15:07:30.667000,11777,11778,11777,1
2020-02-19,15:07:30.997000,11777,11778,11777,1
2020-02-19,15:07:31.523000,11777,11778,11777,4
2020-02-19,15:07:31.589000,11777,11778,11777,12
2020-02-19,15:07:32.119000,11776,11777,11777,1
2020-02-19,15:07:32.642000,11776,11777,11776,1
2020-02-19,15:07:32.819000,11776,11777,11776,2
2020-02-19,15:07:32.981000,11776,11777,11777,6
2020-02-19,15:07:33.317000,11776,11777,11776,2
2020-02-19,15:07:33.942000,11776,11777,11776,2
2020-02-19,15:07:34.368000,11776,11777,11777,1
2020-02-19,15:07:35.197000,11776,11777,11776,1
2020-02-19,15:07:37.643000,11776,11777,11776,5
2020-02-19,15:07:40.432000,11776,11777,11776,1
2020-02-19,15:07:42.288000,11776,11777,11777,1
2020-02-19,15:07:49.343000,11776,11777,11777,1
2020-02-19,15:07:52.198000,11776,11777,11777,2
2020-02-19,15:07:55.253000,11776,11777,11776,5
2020-02-19,15:07:55.253000,11776,11777,11776,5
2020-02-19,15:07:55.253000,11776,11777,11776,2
2020-02-19,15:07:55.339000,11776,11777,11776,6
2020-02-19,15:07:55.339000,11776,11777,11776,1
2020-02-19,15:07:55.339000,11776,11777,11776,1
2020-02-19,15:07:55.339000,11776,11777,11776,1
2020-02-19,15:07:55.339000,11776,11777,11776,20
2020-02-19,15:07:55.410000,11776,11777,11775,2
2020-02-19,15:07:55.410000,11776,11777,11775,3
2020-02-19,15:07:55.589000,11775,11776,11775,1
2020-02-19,15:07:55.604000,11775,11776,11775,1
2020-02-19,15:07:55.607000,11775,11776,11776,2
2020-02-19,15:07:58.041000,11775,11776,11775,2
2020-02-19,15:07:58.802000,11775,11776,11775,2
2020-02-19,15:07:59.789000,11775,11776,11775,2
2020-02-19,15:07:59.839000,11775,11776,11775,1
2020-02-19,15:07:59.967000,11774,11775,11775,1
2020-02-19,15:08:02.006000,11774,11775,11775,2
2020-02-19,15:08:03.217000,11774,11775,11775,1
2020-02-19,15:08:03.287000,11774,11775,11775,2
2020-02-19,15:08:04.151000,11774,11775,11775,1
2020-02-19,15:08:04.801000,11774,11775,11775,2
2020-02-19,15:08:07.640000,11774,11775,11775,1
2020-02-19,15:08:14.851000,11774,11775,11775,4
2020-02-19,15:08:17.259000,11774,11775,11775,1
2020-02-19,15:08:17.375000,11774,11775,11775,4
2020-02-19,15:08:19.289000,11774,11775,11775,1
2020-02-19,15:08:21.510000,11774,11775,11775,1
2020-02-19,15:08:23.970000,11774,11775,11775,2
2020-02-19,15:08:25.058000,11774,11776,11775,1
2020-02-19,15:08:25.058000,11774,11776,11776,5
2020-02-19,15:08:32.853000,11775,11776,11775,1
2020-02-19,15:08:33.054000,11775,11776,11776,1
2020-02-19,15:08:35.633000,11775,11776,11776,6
2020-02-19,15:08:36.945000,11775,11776,11775,1
2020-02-19,15:08:39.109000,11775,11776,11775,1
2020-02-19,15:08:39.804000,11775,11776,11776,1
2020-02-19,15:08:43.915000,11775,11776,11776,2
2020-02-19,15:08:44.068000,11775,11776,11775,1
2020-02-19,15:08:47.684000,11775,11776,11776,5
2020-02-19,15:08:49.336000,11775,11776,11776,1
2020-02-19,15:08:53.214000,11775,11776,11775,2
2020-02-19,15:08:53.615000,11775,11776,11776,1
2020-02-19,15:08:57.921000,11775,11776,11775,1
2020-02-19,15:08:59.856000,11775,11776,11775,10
2020-02-19,15:08:59.856000,11775,11776,11774,23
2020-02-19,15:09:00.346000,11774,11775,11774,1
2020-02-19,15:09:00.946000,11774,11775,11774,1
2020-02-19,15:09:06.218000,11774,11775,11774,5
2020-02-19,15:09:07.152000,11774,11775,11774,1
2020-02-19,15:09:10.183000,11774,11775,11774,1
2020-02-19,15:09:10.375000,11774,11775,11774,1
2020-02-19,15:09:15.958000,11774,11775,11774,1
2020-02-19,15:09:17.166000,11774,11775,11774,1
2020-02-19,15:09:17.986000,11774,11775,11775,5
2020-02-19,15:09:18.723000,11774,11775,11775,7
2020-02-19,15:09:18.781000,11774,11775,11774,3
2020-02-19,15:09:20.169000,11775,11776,11775,5
2020-02-19,15:09:20.169000,11775,11776,11774,5
2020-02-19,15:09:23.776000,11774,11775,11775,1
2020-02-19,15:09:23.776000,11774,11775,11775,1
2020-02-19,15:09:24.124000,11775,11776,11776,1
2020-02-19,15:09:26.936000,11775,11776,11776,3
2020-02-19,15:09:27.066000,11775,11776,11776,3
2020-02-19,15:09:28.027000,11776,11777,11776,1
2020-02-19,15:09:29.532000,11776,11777,11776,1
2020-02-19,15:09:30.138000,11776,11777,11776,1
2020-02-19,15:09:30.452000,11776,11777,11776,2
2020-02-19,15:09:30.669000,11776,11777,11777,3
2020-02-19,15:09:34.411000,11776,11777,11777,2
2020-02-19,15:09:34.451000,11776,11777,11777,1
2020-02-19,15:09:34.464000,11777,11778,11777,2
2020-02-19,15:09:38.335000,11776,11777,11777,1
2020-02-19,15:09:38.560000,11776,11777,11776,2
2020-02-19,15:09:39.938000,11776,11777,11776,1
2020-02-19,15:09:44.156000,11776,11777,11777,2
2020-02-19,15:09:45.584000,11776,11777,11776,1
2020-02-19,15:09:47.365000,11776,11777,11776,1
2020-02-19,15:09:49.292000,11776,11777,11777,1
2020-02-19,15:09:50.684000,11776,11777,11776,1
2020-02-19,15:09:51.013000,11776,11777,11776,2
2020-02-19,15:09:54.237000,11776,11777,11777,1
2020-02-19,15:09:57.008000,11776,11777,11777,1
2020-02-19,15:09:57.878000,11776,11777,11777,1
2020-02-19,15:10:00.641000,11776,11777,11776,1
2020-02-19,15:10:01.321000,11776,11777,11776,1
2020-02-19,15:10:04.129000,11776,11777,11776,1
2020-02-19,15:10:07.173000,11776,11777,11777,2
2020-02-19,15:10:10.080000,11776,11777,11776,2
2020-02-19,15:10:12.057000,11776,11777,11777,1
2020-02-19,15:10:12.285000,11776,11777,11777,1
2020-02-19,15:10:12.500000,11776,11777,11777,1
2020-02-19,15:10:12.656000,11776,11777,11777,1
2020-02-19,15:10:13.233000,11776,11777,11777,1
2020-02-19,15:10:15.909000,11776,11777,11776,6
2020-02-19,15:10:16.723000,11775,11776,11775,2
2020-02-19,15:10:20.426000,11775,11776,11775,1
2020-02-19,15:10:24.489000,11775,11776,11775,2
2020-02-19,15:10:25.998000,11775,11776,11775,2
2020-02-19,15:10:27.997000,11775,11776,11775,3
2020-02-19,15:10:30.558000,11775,11776,11775,1
2020-02-19,15:10:31.069000,11775,11776,11775,1
2020-02-19,15:10:32.659000,11775,11776,11775,2
2020-02-19,15:10:36.635000,11774,11775,11775,1
2020-02-19,15:10:37.378000,11774,11775,11775,1
2020-02-19,15:10:38.589000,11774,11775,11775,3
2020-02-19,15:10:39.567000,11774,11775,11775,1
2020-02-19,15:10:40.726000,11774,11775,11774,1
2020-02-19,15:10:41.743000,11774,11775,11775,1
2020-02-19,15:10:49.652000,11774,11775,11775,6
2020-02-19,15:10:53.316000,11774,11775,11775,4
2020-02-19,15:11:03.208000,11774,11775,11774,5
2020-02-19,15:11:08.196000,11774,11775,11774,2
2020-02-19,15:11:08.694000,11774,11775,11774,2
2020-02-19,15:11:08.788000,11774,11775,11774,1
2020-02-19,15:11:09.697000,11774,11775,11774,2
2020-02-19,15:11:10.167000,11774,11775,11775,1
2020-02-19,15:11:14.218000,11774,11775,11774,1
2020-02-19,15:11:15.868000,11774,11775,11774,1
2020-02-19,15:11:18.017000,11774,11775,11775,1
2020-02-19,15:11:19.328000,11774,11775,11774,1
2020-02-19,15:11:21.653000,11774,11775,11774,1
2020-02-19,15:11:24.824000,11774,11775,11774,1
2020-02-19,15:11:25.912000,11774,11775,11775,1
2020-02-19,15:11:29.016000,11774,11775,11775,1
2020-02-19,15:11:33.543000,11774,11775,11774,1
2020-02-19,15:11:38.775000,11774,11775,11774,2
2020-02-19,15:11:44.740000,11774,11775,11774,6
2020-02-19,15:11:47.164000,11774,11775,11774,1
2020-02-19,15:11:50.097000,11774,11775,11774,1
2020-02-19,15:11:56.120000,11774,11775,11774,1
2020-02-19,15:11:58.696000,11774,11775,11774,1
2020-02-19,15:11:59.159000,11774,11775,11774,1
2020-02-19,15:12:04.014000,11774,11775,11774,26
2020-02-19,15:12:04.672000,11773,11774,11773,3
2020-02-19,15:12:05.741000,11773,11774,11774,5
2020-02-19,15:12:10.293000,11773,11774,11773,1
2020-02-19,15:12:10.782000,11773,11774,11774,1
2020-02-19,15:12:16.500000,11773,11774,11773,1
2020-02-19,15:12:17.294000,11773,11774,11774,1
2020-02-19,15:12:20.222000,11773,11774,11773,1
2020-02-19,15:12:27.086000,11773,11774,11773,1
2020-02-19,15:12:28.962000,11773,11774,11773,1
2020-02-19,15:12:33.276000,11773,11774,11773,1
2020-02-19,15:12:36.083000,11773,11774,11773,3
2020-02-19,15:12:41.694000,11773,11774,11773,2
2020-02-19,15:12:44.112000,11773,11774,11773,1
2020-02-19,15:12:44.113000,11773,11774,11773,1
2020-02-19,15:12:44.125000,11773,11774,11773,6
2020-02-19,15:12:48.545000,11772,11773,11773,1
2020-02-19,15:12:51.131000,11772,11773,11772,16
2020-02-19,15:12:51.803000,11771,11772,11772,1
2020-02-19,15:12:52.414000,11771,11772,11772,1
2020-02-19,15:12:54.314000,11771,11772,11772,2
2020-02-19,15:12:56.473000,11771,11772,11772,1
2020-02-19,15:12:56.629000,11771,11772,11771,2
2020-02-19,15:12:58.129000,11771,11772,11771,1
2020-02-19,15:12:59.764000,11771,11772,11772,1
2020-02-19,15:13:00.447000,11771,11772,11771,1
2020-02-19,15:13:03.374000,11771,11772,11771,12
2020-02-19,15:13:03.494000,11771,11772,11771,1
2020-02-19,15:13:03.922000,11771,11772,11772,1
2020-02-19,15:13:04.171000,11771,11772,11771,1
2020-02-19,15:13:04.199000,11771,11772,11771,1
2020-02-19,15:13:04.256000,11771,11772,11772,1
2020-02-19,15:13:04.444000,11771,11772,11771,2
2020-02-19,15:13:05.326000,11771,11772,11771,1
2020-02-19,15:13:05.349000,11771,11772,11771,1
2020-02-19,15:13:06.076000,11771,11772,11771,1
2020-02-19,15:13:06.215000,11770,11771,11771,1
2020-02-19,15:13:06.694000,11771,11772,11771,2
2020-02-19,15:13:11.638000,11770,11771,11770,1
2020-02-19,15:13:15.582000,11770,11771,11770,2
2020-02-19,15:13:19.839000,11770,11771,11771,3
2020-02-19,15:13:20.279000,11770,11771,11770,1
2020-02-19,15:13:22.683000,11770,11771,11770,2
2020-02-19,15:13:23.213000,11770,11771,11770,1
2020-02-19,15:13:23.815000,11770,11771,11770,1
2020-02-19,15:13:26.098000,11770,11771,11770,1
2020-02-19,15:13:27.857000,11770,11771,11770,1
2020-02-19,15:13:29.464000,11770,11771,11770,20
2020-02-19,15:13:31.181000,11770,11771,11770,1
2020-02-19,15:13:36.431000,11770,11771,11770,10
2020-02-19,15:13:36.818000,11770,11771,11770,2
2020-02-19,15:13:39.553000,11770,11771,11770,1
2020-02-19,15:13:39.825000,11770,11771,11770,2
2020-02-19,15:13:41.311000,11770,11771,11770,1
2020-02-19,15:13:41.332000,11770,11771,11770,1
2020-02-19,15:13:41.838000,11770,11771,11770,1
2020-02-19,15:13:42.595000,11770,11771,11770,1
2020-02-19,15:13:42.773000,11770,11771,11770,2
2020-02-19,15:13:42.943000,11770,11771,11770,2
2020-02-19,15:13:43.054000,11770,11771,11770,3
2020-02-19,15:13:45.261000,11769,11770,11769,15
2020-02-19,15:13:45.261000,11769,11770,11768,5
2020-02-19,15:13:48.890000,11768,11769,11769,1
2020-02-19,15:13:49.925000,11768,11770,11768,2
2020-02-19,15:13:50.405000,11768,11770,11768,2
2020-02-19,15:13:51.605000,11768,11770,11768,1
2020-02-19,15:13:51.639000,11768,11770,11768,1
2020-02-19,15:13:51.651000,11768,11770,11770,1
2020-02-19,15:13:52.445000,11769,11770,11769,2
2020-02-19,15:13:54.648000,11769,11770,11769,3
2020-02-19,15:13:55.379000,11769,11770,11769,1
2020-02-19,15:13:55.464000,11768,11769,11769,17
2020-02-19,15:13:55.464000,11768,11769,11769,4
2020-02-19,15:13:55.589000,11768,11769,11769,1
2020-02-19,15:13:56.415000,11769,11770,11769,1
2020-02-19,15:13:58.043000,11769,11770,11769,1
2020-02-19,15:13:58.660000,11769,11770,11769,3
2020-02-19,15:13:59.964000,11769,11770,11770,13
2020-02-19,15:14:05.547000,11770,11771,11770,1
2020-02-19,15:14:05.680000,11770,11771,11770,1
2020-02-19,15:14:07.423000,11770,11771,11771,1
2020-02-19,15:14:07.809000,11770,11771,11770,1
2020-02-19,15:14:08.602000,11770,11771,11770,13
2020-02-19,15:14:12.936000,11769,11770,11769,1
2020-02-19,15:14:16.787000,11769,11770,11770,1
2020-02-19,15:14:20.209000,11769,11770,11769,2
2020-02-19,15:14:33.699000,11769,11770,11769,1
2020-02-19,15:14:34.741000,11769,11770,11769,2
2020-02-19,15:14:39.265000,11769,11770,11769,1
2020-02-19,15:14:39.445000,11769,11770,11769,1
2020-02-19,15:14:40.462000,11769,11770,11769,5
2020-02-19,15:14:42.091000,11769,11770,11769,1
2020-02-19,15:14:51.913000,11769,11770,11770,1
2020-02-19,15:14:52.519000,11769,11770,11769,1
2020-02-19,15:15:04.148000,11769,11770,11769,29
2020-02-19,15:15:04.673000,11768,11769,11768,1
2020-02-19,15:15:05.229000,11768,11769,11769,2
2020-02-19,15:15:05.571000,11769,11770,11769,1
2020-02-19,15:15:05.916000,11768,11769,11769,2
2020-02-19,15:15:09.812000,11769,11770,11770,2
2020-02-19,15:15:10.070000,11769,11770,11769,1
2020-02-19,15:15:10.572000,11769,11770,11769,1
2020-02-19,15:15:10.589000,11768,11769,11769,1
2020-02-19,15:15:15.546000,11769,11770,11769,3
2020-02-19,15:15:16.605000,11769,11770,11769,1
2020-02-19,15:15:18.282000,11769,11770,11770,1
2020-02-19,15:15:18.534000,11769,11770,11770,1
2020-02-19,15:15:18.793000,11769,11770,11770,1
2020-02-19,15:15:19.198000,11769,11770,11770,1
2020-02-19,15:15:22.358000,11769,11770,11769,2
2020-02-19,15:15:26.103000,11769,11770,11769,2
2020-02-19,15:15:28.427000,11769,11770,11769,1
2020-02-19,15:15:28.815000,11769,11770,11770,1
2020-02-19,15:15:31.033000,11769,11770,11769,4
2020-02-19,15:15:31.369000,11768,11769,11769,1
2020-02-19,15:15:33.825000,11768,11769,11768,4
2020-02-19,15:15:37.043000,11768,11769,11768,2
2020-02-19,15:15:37.605000,11768,11769,11769,2
2020-02-19,15:15:38.999000,11768,11769,11769,1
2020-02-19,15:15:39.384000,11768,11769,11768,1
2020-02-19,15:15:52.674000,11768,11769,11768,1
2020-02-19,15:15:55.363000,11768,11769,11768,2
2020-02-19,15:15:57.512000,11768,11769,11768,4
2020-02-19,15:15:58.281000,11768,11769,11769,2
2020-02-19,15:16:03.041000,11768,11769,11769,1
2020-02-19,15:16:04.255000,11768,11769,11768,1
2020-02-19,15:16:05.246000,11768,11769,11769,1
2020-02-19,15:16:05.347000,11768,11769,11769,1
2020-02-19,15:16:05.347000,11768,11769,11769,1
2020-02-19,15:16:05.350000,11768,11769,11769,1
2020-02-19,15:16:05.351000,11768,11769,11769,1
2020-02-19,15:16:05.352000,11768,11769,11769,1
2020-02-19,15:16:05.353000,11768,11769,11769,1
2020-02-19,15:16:05.357000,11768,11769,11769,1
2020-02-19,15:16:05.357000,11768,11769,11769,1
2020-02-19,15:16:05.359000,11768,11769,11769,1
2020-02-19,15:16:05.359000,11768,11769,11769,1
2020-02-19,15:16:05.359000,11768,11769,11769,1
2020-02-19,15:16:05.360000,11768,11769,11770,2
2020-02-19,15:16:05.360000,11768,11769,11770,1
2020-02-19,15:16:05.363000,11768,11769,11770,1
2020-02-19,15:16:05.949000,11769,11770,11769,1
2020-02-19,15:16:05.964000,11768,11769,11769,1
2020-02-19,15:16:15.040000,11769,11770,11769,1
2020-02-19,15:16:15.226000,11769,11770,11769,1
2020-02-19,15:16:17.322000,11769,11770,11770,3
2020-02-19,15:16:20.334000,11769,11770,11769,5
2020-02-19,15:16:24.794000,11769,11770,11770,1
2020-02-19,15:16:29.214000,11769,11770,11770,22
2020-02-19,15:16:29.339000,11769,11770,11770,2
2020-02-19,15:16:29.543000,11770,11771,11771,13
2020-02-19,15:16:32.952000,11771,11772,11771,1
2020-02-19,15:16:36.821000,11771,11772,11771,1
2020-02-19,15:16:42.920000,11771,11772,11771,3
2020-02-19,15:16:42.920000,11771,11772,11770,1
2020-02-19,15:16:57.087000,11770,11771,11770,10
2020-02-19,15:17:05.632000,11769,11770,11770,1
2020-02-19,15:17:06.784000,11769,11770,11770,1
2020-02-19,15:17:09.416000,11769,11770,11770,1
2020-02-19,15:17:12.419000,11769,11770,11770,1
2020-02-19,15:17:22.279000,11769,11770,11769,1
2020-02-19,15:17:29.484000,11769,11770,11770,3
2020-02-19,15:17:37.218000,11769,11770,11770,1
2020-02-19,15:17:38.992000,11769,11770,11770,1
2020-02-19,15:17:40.105000,11769,11770,11770,6
2020-02-19,15:17:40.214000,11770,11771,11770,2
2020-02-19,15:17:40.339000,11770,11771,11770,2
2020-02-19,15:17:50.589000,11770,11771,11770,1
2020-02-19,15:17:54.294000,11769,11770,11770,1
2020-02-19,15:18:02.429000,11769,11770,11770,2
2020-02-19,15:18:02.669000,11770,11771,11771,1
2020-02-19,15:18:06.778000,11770,11771,11770,1
2020-02-19,15:18:07.997000,11770,11771,11771,4
2020-02-19,15:18:11.977000,11770,11771,11771,2
2020-02-19,15:18:13.276000,11770,11771,11771,1
2020-02-19,15:18:13.568000,11771,11772,11771,2
2020-02-19,15:18:13.714000,11771,11772,11771,1
2020-02-19,15:18:13.983000,11770,11772,11770,1
2020-02-19,15:18:14.429000,11770,11771,11771,6
2020-02-19,15:18:14.429000,11770,11771,11772,36
2020-02-19,15:18:14.430000,11770,11771,11772,1
2020-02-19,15:18:14.430000,11770,11771,11772,2
2020-02-19,15:18:14.430000,11770,11771,11772,1
2020-02-19,15:18:14.464000,11771,11772,11772,1
2020-02-19,15:18:14.464000,11771,11772,11772,1
2020-02-19,15:18:14.516000,11771,11772,11772,2
2020-02-19,15:18:14.588000,11772,11773,11772,1
2020-02-19,15:18:14.589000,11772,11773,11772,1
2020-02-19,15:18:14.589000,11772,11773,11772,1
2020-02-19,15:18:14.589000,11772,11773,11773,2
2020-02-19,15:18:14.623000,11772,11773,11773,1
2020-02-19,15:18:14.825000,11771,11773,11772,1
2020-02-19,15:18:16.514000,11771,11773,11771,3
2020-02-19,15:18:16.683000,11771,11773,11771,1
2020-02-19,15:18:16.736000,11771,11773,11773,1
2020-02-19,15:18:17.276000,11771,11773,11771,1
2020-02-19,15:18:17.307000,11771,11773,11773,1
2020-02-19,15:18:20.922000,11772,11773,11773,1
2020-02-19,15:18:24.698000,11772,11773,11772,1
2020-02-19,15:18:31.859000,11771,11772,11771,1
2020-02-19,15:18:32.320000,11771,11772,11771,2
2020-02-19,15:18:37.945000,11771,11772,11771,1
2020-02-19,15:18:46.720000,11771,11772,11771,3
2020-02-19,15:18:47.843000,11771,11772,11771,1
2020-02-19,15:18:47.898000,11771,11772,11772,8
2020-02-19,15:18:47.964000,11772,11773,11772,1
2020-02-19,15:18:57.052000,11772,11773,11773,1
2020-02-19,15:19:02.218000,11772,11773,11773,2
2020-02-19,15:19:02.280000,11772,11773,11773,3
2020-02-19,15:19:03.773000,11772,11773,11773,5
2020-02-19,15:19:06.661000,11772,11773,11773,2
2020-02-19,15:19:07.227000,11772,11773,11773,1
2020-02-19,15:19:07.339000,11773,11774,11773,4
2020-02-19,15:19:07.562000,11773,11774,11773,1
2020-02-19,15:19:16.033000,11772,11773,11773,1
2020-02-19,15:19:17.274000,11772,11773,11773,1
2020-02-19,15:19:18.349000,11772,11773,11773,10
2020-02-19,15:19:21.819000,11772,11773,11773,1
2020-02-19,15:19:22.500000,11772,11773,11773,1
2020-02-19,15:19:25.721000,11772,11773,11772,8
2020-02-19,15:19:25.901000,11771,11772,11772,2
2020-02-19,15:19:54.435000,11772,11773,11773,5
2020-02-19,15:20:02.800000,11772,11773,11773,10
2020-02-19,15:20:03.121000,11773,11774,11774,1
2020-02-19,15:20:03.166000,11773,11774,11774,1
2020-02-19,15:20:03.293000,11773,11774,11774,1
2020-02-19,15:20:03.427000,11773,11774,11774,1
2020-02-19,15:20:03.527000,11773,11774,11774,1
2020-02-19,15:20:03.845000,11773,11774,11774,1
2020-02-19,15:20:03.952000,11773,11774,11774,5
2020-02-19,15:20:03.964000,11773,11774,11774,1
2020-02-19,15:20:09.665000,11774,11775,11774,4
2020-02-19,15:20:11.299000,11773,11774,11774,1
2020-02-19,15:20:12.429000,11773,11774,11774,1
2020-02-19,15:20:14.777000,11773,11774,11774,2
2020-02-19,15:20:16.009000,11774,11775,11775,1
2020-02-19,15:20:16.123000,11774,11775,11775,1
2020-02-19,15:20:16.465000,11774,11775,11775,13
2020-02-19,15:20:19.877000,11775,11776,11776,1
2020-02-19,15:20:20.413000,11775,11776,11775,1
2020-02-19,15:20:20.493000,11775,11776,11775,1
2020-02-19,15:20:20.740000,11775,11776,11776,1
2020-02-19,15:20:22.241000,11775,11776,11775,2
2020-02-19,15:20:28.496000,11775,11776,11776,1
2020-02-19,15:20:28.502000,11775,11776,11775,6
2020-02-19,15:20:28.589000,11774,11775,11775,1
2020-02-19,15:20:28.590000,11774,11775,11775,1
2020-02-19,15:20:32.673000,11775,11776,11775,1
2020-02-19,15:20:33.459000,11774,11775,11775,1
2020-02-19,15:20:33.465000,11774,11775,11775,1
2020-02-19,15:20:37.239000,11774,11775,11775,2
2020-02-19,15:20:38.636000,11775,11776,11776,1
2020-02-19,15:20:42.058000,11775,11776,11776,1
2020-02-19,15:20:42.748000,11775,11776,11775,1
2020-02-19,15:20:47.349000,11775,11776,11775,3
2020-02-19,15:20:51.959000,11775,11776,11776,20
2020-02-19,15:20:53.187000,11775,11776,11775,1
2020-02-19,15:20:53.521000,11775,11776,11775,9
2020-02-19,15:20:53.999000,11774,11775,11775,1
2020-02-19,15:20:54.417000,11774,11775,11775,1
2020-02-19,15:20:56.185000,11774,11775,11775,1
2020-02-19,15:21:05.196000,11774,11775,11774,2
2020-02-19,15:21:06.103000,11774,11775,11775,1
2020-02-19,15:21:06.443000,11774,11775,11774,2
2020-02-19,15:21:09.329000,11774,11775,11774,2
2020-02-19,15:21:14.809000,11773,11774,11774,1
2020-02-19,15:21:15.693000,11773,11774,11773,2
2020-02-19,15:21:17.630000,11773,11774,11774,1
2020-02-19,15:21:19.580000,11773,11774,11774,1
2020-02-19,15:21:19.744000,11773,11774,11773,2
2020-02-19,15:21:20.069000,11773,11774,11773,2
2020-02-19,15:21:25.070000,11773,11774,11773,2
2020-02-19,15:21:26.044000,11773,11774,11774,5
2020-02-19,15:21:47.902000,11773,11774,11773,2
2020-02-19,15:21:58.196000,11773,11774,11773,4
2020-02-19,15:21:58.196000,11773,11774,11772,56
2020-02-19,15:21:58.197000,11773,11774,11772,1
2020-02-19,15:21:58.714000,11771,11772,11771,5
2020-02-19,15:22:00.229000,11771,11772,11772,6
2020-02-19,15:22:00.229000,11771,11772,11773,3
2020-02-19,15:22:01.366000,11771,11772,11772,1
2020-02-19,15:22:03.649000,11771,11772,11771,1
2020-02-19,15:22:04.925000,11770,11771,11771,1
2020-02-19,15:22:05.720000,11770,11771,11771,1
2020-02-19,15:22:11.494000,11771,11772,11771,2
2020-02-19,15:22:12.095000,11771,11772,11771,2
2020-02-19,15:22:13.718000,11770,11771,11771,3
2020-02-19,15:22:24.146000,11771,11772,11771,1
2020-02-19,15:22:37.968000,11771,11772,11771,1
2020-02-19,15:22:43.006000,11771,11772,11771,1
2020-02-19,15:22:43.491000,11771,11772,11771,1
2020-02-19,15:22:59.918000,11770,11771,11771,1
2020-02-19,15:23:01.641000,11770,11771,11771,2
2020-02-19,15:23:02.333000,11770,11771,11771,2
2020-02-19,15:23:02.523000,11770,11771,11771,1
2020-02-19,15:23:10.060000,11771,11772,11772,14
2020-02-19,15:23:25.935000,11772,11773,11773,2
2020-02-19,15:23:39.297000,11773,11774,11774,3
2020-02-19,15:23:39.404000,11773,11774,11773,3
2020-02-19,15:23:43.886000,11772,11773,11773,1
2020-02-19,15:23:46.759000,11773,11774,11773,1
2020-02-19,15:23:49.025000,11773,11774,11774,1
2020-02-19,15:23:52.379000,11773,11774,11774,4
2020-02-19,15:23:52.506000,11773,11774,11774,3
2020-02-19,15:23:52.506000,11773,11774,11774,2
2020-02-19,15:23:55.285000,11774,11775,11775,1
2020-02-19,15:23:58.433000,11774,11775,11775,6
2020-02-19,15:24:01.384000,11775,11776,11775,7
2020-02-19,15:24:01.384000,11775,11776,11774,29
2020-02-19,15:24:01.384000,11775,11776,11773,24
2020-02-19,15:24:01.385000,11775,11776,11774,1
2020-02-19,15:24:01.466000,11773,11774,11774,4
2020-02-19,15:24:01.519000,11773,11774,11774,4
2020-02-19,15:24:01.611000,11773,11774,11774,2
2020-02-19,15:24:01.637000,11773,11774,11775,1
2020-02-19,15:24:01.637000,11773,11774,11775,10
2020-02-19,15:24:01.653000,11773,11774,11775,4
2020-02-19,15:24:01.755000,11773,11775,11775,1
2020-02-19,15:24:01.798000,11773,11775,11775,1
2020-02-19,15:24:01.952000,11774,11775,11774,1
2020-02-19,15:24:02.368000,11774,11775,11775,3
2020-02-19,15:24:04.095000,11774,11775,11775,5
2020-02-19,15:24:05.036000,11774,11775,11774,2
2020-02-19,15:24:15.459000,11774,11775,11774,1
2020-02-19,15:24:15.568000,11774,11775,11774,1
2020-02-19,15:24:23.392000,11774,11775,11774,1
2020-02-19,15:24:23.817000,11774,11775,11774,1
2020-02-19,15:24:33.801000,11774,11775,11774,13
2020-02-19,15:24:33.801000,11774,11775,11773,39
2020-02-19,15:24:34.451000,11773,11774,11774,4
2020-02-19,15:24:34.685000,11773,11774,11774,1
2020-02-19,15:24:34.715000,11773,11774,11774,1
2020-02-19,15:24:40.491000,11774,11775,11774,2
2020-02-19,15:24:40.887000,11773,11774,11774,3
2020-02-19,15:24:41.370000,11774,11775,11774,1
2020-02-19,15:24:42.084000,11774,11775,11775,2
2020-02-19,15:24:46.500000,11774,11775,11775,8
2020-02-19,15:24:51.084000,11775,11776,11775,5
2020-02-19,15:24:55.727000,11775,11776,11775,1
2020-02-19,15:24:56.344000,11775,11776,11775,3
2020-02-19,15:24:57.723000,11774,11775,11774,18
2020-02-19,15:24:58.349000,11773,11774,11774,1
2020-02-19,15:25:02.138000,11773,11774,11774,3
2020-02-19,15:25:18.194000,11773,11774,11774,1
2020-02-19,15:25:18.859000,11773,11774,11774,2
2020-02-19,15:25:19.779000,11773,11774,11774,1
2020-02-19,15:25:24.982000,11773,11774,11773,2
2020-02-19,15:25:33.748000,11773,11774,11773,1
2020-02-19,15:25:58.858000,11773,11774,11773,1
2020-02-19,15:26:00.625000,11773,11774,11774,1
2020-02-19,15:26:00.809000,11773,11774,11774,2
2020-02-19,15:26:07.455000,11773,11774,11774,1
2020-02-19,15:26:19.783000,11773,11774,11774,20
2020-02-19,15:26:19.839000,11773,11774,11774,2
2020-02-19,15:26:19.964000,11773,11774,11774,8
2020-02-19,15:26:20.089000,11773,11774,11774,2
2020-02-19,15:26:21.886000,11773,11775,11775,1
2020-02-19,15:26:22.659000,11773,11775,11774,1
2020-02-19,15:26:34.325000,11774,11775,11774,2
2020-02-19,15:26:35.549000,11774,11775,11774,3
2020-02-19,15:26:35.855000,11774,11775,11774,1
2020-02-19,15:26:42.566000,11774,11775,11774,1
2020-02-19,15:27:00.695000,11773,11774,11774,1
2020-02-19,15:27:03.883000,11773,11774,11774,10
2020-02-19,15:27:05.033000,11773,11774,11774,5
2020-02-19,15:27:05.035000,11773,11774,11774,3
2020-02-19,15:27:05.037000,11773,11774,11774,3
2020-02-19,15:27:05.039000,11773,11774,11774,1
2020-02-19,15:27:05.058000,11773,11774,11774,1
2020-02-19,15:27:07.562000,11773,11775,11775,1
2020-02-19,15:27:20.733000,11774,11775,11774,1
2020-02-19,15:27:21.950000,11773,11774,11774,1
2020-02-19,15:27:23.839000,11773,11774,11774,2
2020-02-19,15:27:30.688000,11773,11774,11774,1
2020-02-19,15:27:33.372000,11773,11775,11775,1
2020-02-19,15:27:44.824000,11773,11774,11774,1
2020-02-19,15:27:51.038000,11773,11774,11774,1
2020-02-19,15:27:51.038000,11773,11774,11773,1
2020-02-19,15:27:51.856000,11773,11774,11773,1
2020-02-19,15:27:53.328000,11773,11774,11773,2
2020-02-19,15:27:54.480000,11773,11774,11774,1
2020-02-19,15:28:11.021000,11773,11774,11774,5
2020-02-19,15:28:11.108000,11774,11775,11774,1
2020-02-19,15:28:13.320000,11774,11775,11774,4
2020-02-19,15:28:13.320000,11774,11775,11773,1
2020-02-19,15:28:23.338000,11773,11775,11774,1
2020-02-19,15:28:27.548000,11773,11774,11774,1
2020-02-19,15:28:34.631000,11773,11774,11774,3
2020-02-19,15:28:35.398000,11774,11775,11774,1
2020-02-19,15:28:35.750000,11774,11775,11774,1
2020-02-19,15:28:36.364000,11774,11775,11774,1
2020-02-19,15:28:45.773000,11774,11775,11774,1
2020-02-19,15:29:02.130000,11773,11774,11774,1
2020-02-19,15:29:07.307000,11773,11774,11774,1
2020-02-19,15:29:08.167000,11773,11774,11774,2
2020-02-19,15:29:17.952000,11773,11774,11773,1
2020-02-19,15:29:53.358000,11773,11774,11774,1
2020-02-19,15:29:56.413000,11773,11774,11774,6
2020-02-19,15:29:56.461000,11773,11774,11774,3
2020-02-19,15:29:58.587000,11774,11775,11774,2
2020-02-19,15:29:59.280000,11773,11775,11773,2
2020-02-19,15:30:12.178000,11773,11774,11773,3
2020-02-19,15:30:12.515000,11773,11774,11774,1
2020-02-19,15:30:12.591000,11773,11774,11774,1
2020-02-19,15:30:12.591000,11773,11774,11775,1
2020-02-19,15:30:12.706000,11773,11774,11775,3
2020-02-19,15:30:13.153000,11773,11774,11773,1
2020-02-19,15:30:20.917000,11773,11774,11774,2
2020-02-19,15:30:20.971000,11773,11775,11773,1
2020-02-19,15:30:20.971000,11773,11775,11773,1
2020-02-19,15:30:20.971000,11773,11775,11773,1
2020-02-19,15:30:20.972000,11773,11775,11773,1
2020-02-19,15:30:20.973000,11773,11775,11773,1
2020-02-19,15:30:20.973000,11773,11775,11773,2
2020-02-19,15:30:20.975000,11773,11775,11773,1
2020-02-19,15:30:20.976000,11773,11775,11773,1
2020-02-19,15:30:20.976000,11773,11775,11773,1
2020-02-19,15:30:20.978000,11773,11775,11773,1
2020-02-19,15:30:20.979000,11773,11775,11773,1
2020-02-19,15:30:20.982000,11773,11775,11773,1
2020-02-19,15:30:20.983000,11773,11775,11773,1
2020-02-19,15:30:20.988000,11773,11775,11773,1
2020-02-19,15:30:25.103000,11773,11774,11774,1
2020-02-19,15:30:33.941000,11773,11774,11774,1
2020-02-19,15:30:40.107000,11773,11774,11774,1
2020-02-19,15:30:52.155000,11773,11774,11774,2
2020-02-19,15:31:03.444000,11774,11775,11775,6
2020-02-19,15:31:05.477000,11774,11775,11774,1
2020-02-19,15:31:10.008000,11774,11775,11775,3
2020-02-19,15:31:13.211000,11774,11775,11775,1
2020-02-19,15:31:28.054000,11774,11775,11775,2
2020-02-19,15:31:28.055000,11774,11775,11775,2
2020-02-19,15:31:28.055000,11774,11775,11775,3
2020-02-19,15:31:28.442000,11775,11776,11775,2
2020-02-19,15:31:32.169000,11775,11776,11775,1
2020-02-19,15:31:49.280000,11774,11775,11775,1
2020-02-19,15:31:49.339000,11774,11775,11775,3
2020-02-19,15:32:02.667000,11775,11776,11775,1
2020-02-19,15:32:02.701000,11775,11776,11775,1
2020-02-19,15:32:12.909000,11775,11776,11775,1
2020-02-19,15:32:13.469000,11775,11776,11776,1
2020-02-19,15:32:21.416000,11775,11776,11776,1
2020-02-19,15:32:27.957000,11775,11776,11776,1
2020-02-19,15:32:30.228000,11775,11776,11776,1
2020-02-19,15:32:45.970000,11775,11776,11775,1
2020-02-19,15:32:46.335000,11775,11776,11776,5
2020-02-19,15:32:52.500000,11775,11776,11776,1
2020-02-19,15:32:59.671000,11775,11776,11776,2
2020-02-19,15:33:01.161000,11775,11776,11776,2
2020-02-19,15:33:03.006000,11775,11776,11776,2
2020-02-19,15:33:03.931000,11775,11776,11776,5
2020-02-19,15:33:04.225000,11775,11776,11776,1
2020-02-19,15:33:13.077000,11776,11777,11776,3
2020-02-19,15:33:15.493000,11776,11777,11776,1
2020-02-19,15:33:16.161000,11776,11777,11776,1
2020-02-19,15:33:17.043000,11776,11777,11777,5
2020-02-19,15:33:17.064000,11776,11777,11776,1
2020-02-19,15:33:19.892000,11776,11777,11777,1
2020-02-19,15:33:21.420000,11776,11777,11777,5
2020-02-19,15:33:22.894000,11776,11777,11777,5
2020-02-19,15:33:23.470000,11776,11777,11777,1
2020-02-19,15:33:23.470000,11776,11777,11778,4
2020-02-19,15:33:23.635000,11776,11778,11778,1
2020-02-19,15:33:24.637000,11777,11778,11777,1
2020-02-19,15:33:26.964000,11777,11778,11777,1
2020-02-19,15:33:29.067000,11776,11778,11778,2
2020-02-19,15:33:31.871000,11777,11778,11778,5
2020-02-19,15:33:36.342000,11777,11778,11778,1
2020-02-19,15:33:38.537000,11777,11778,11778,1
2020-02-19,15:33:41.964000,11777,11778,11777,2
2020-02-19,15:33:42.942000,11777,11778,11778,1
2020-02-19,15:33:43.963000,11777,11778,11777,1
2020-02-19,15:33:53.036000,11777,11778,11778,5
2020-02-19,15:33:56.406000,11777,11778,11778,1
2020-02-19,15:34:03.417000,11777,11778,11778,1
2020-02-19,15:34:08.259000,11777,11778,11778,1
2020-02-19,15:34:09.471000,11777,11778,11778,1
2020-02-19,15:34:09.507000,11777,11778,11778,1
2020-02-19,15:34:11.356000,11777,11778,11778,3
2020-02-19,15:34:16.202000,11777,11778,11778,1
2020-02-19,15:34:18.387000,11777,11778,11778,1
2020-02-19,15:34:18.480000,11777,11778,11777,2
2020-02-19,15:34:18.522000,11777,11778,11777,1
2020-02-19,15:34:20.178000,11777,11778,11778,1
2020-02-19,15:34:21.589000,11777,11778,11778,3
2020-02-19,15:34:23.943000,11778,11779,11778,2
2020-02-19,15:34:24.645000,11778,11779,11778,1
2020-02-19,15:34:27.414000,11778,11779,11779,1
2020-02-19,15:34:27.414000,11778,11779,11779,9
2020-02-19,15:34:27.414000,11778,11779,11779,2
2020-02-19,15:34:27.415000,11778,11779,11779,11
2020-02-19,15:34:27.416000,11778,11779,11779,4
2020-02-19,15:34:27.464000,11778,11779,11779,1
2020-02-19,15:34:27.872000,11779,11780,11779,1
2020-02-19,15:34:29.958000,11779,11780,11780,2
2020-02-19,15:34:29.964000,11779,11780,11780,11
2020-02-19,15:34:29.964000,11779,11780,11780,1
2020-02-19,15:34:29.995000,11779,11780,11780,2
2020-02-19,15:34:29.997000,11779,11780,11780,1
2020-02-19,15:34:30.089000,11779,11780,11780,13
2020-02-19,15:34:30.089000,11779,11780,11780,3
2020-02-19,15:34:30.089000,11779,11780,11780,2
2020-02-19,15:34:30.089000,11779,11780,11780,1
2020-02-19,15:34:30.089000,11779,11780,11780,3
2020-02-19,15:34:30.089000,11779,11780,11780,3
2020-02-19,15:34:30.214000,11779,11780,11780,1
2020-02-19,15:34:30.214000,11779,11780,11780,2
2020-02-19,15:34:30.214000,11779,11780,11780,18
2020-02-19,15:34:30.214000,11779,11780,11780,2
2020-02-19,15:34:30.218000,11779,11780,11780,1
2020-02-19,15:34:31.992000,11780,11781,11781,1
2020-02-19,15:34:32.032000,11780,11781,11781,1
2020-02-19,15:34:32.089000,11780,11781,11781,4
2020-02-19,15:34:32.405000,11780,11781,11781,11
2020-02-19,15:34:33.436000,11781,11782,11781,1
2020-02-19,15:34:34.975000,11780,11782,11782,1
2020-02-19,15:34:35.318000,11780,11782,11782,1
2020-02-19,15:34:35.412000,11780,11782,11782,1
2020-02-19,15:34:35.624000,11780,11781,11781,1
2020-02-19,15:34:37.486000,11780,11782,11782,5
2020-02-19,15:34:38.273000,11780,11782,11782,5
2020-02-19,15:34:39.873000,11781,11782,11781,2
2020-02-19,15:34:39.936000,11781,11782,11782,1
2020-02-19,15:34:39.988000,11781,11782,11782,5
2020-02-19,15:34:40.404000,11781,11782,11782,5
2020-02-19,15:34:41.194000,11781,11782,11781,2
2020-02-19,15:34:41.194000,11781,11782,11781,2
2020-02-19,15:34:41.627000,11780,11781,11781,1
2020-02-19,15:34:41.664000,11780,11781,11781,20
2020-02-19,15:34:44.430000,11780,11781,11780,1
2020-02-19,15:34:50.775000,11780,11781,11781,4
2020-02-19,15:34:50.775000,11780,11781,11782,1
2020-02-19,15:34:52.056000,11781,11782,11782,5
2020-02-19,15:34:52.453000,11781,11782,11782,1
2020-02-19,15:34:55,11781,11782,11782,1
2020-02-19,15:34:55.291000,11781,11782,11782,1
2020-02-19,15:34:56.584000,11781,11782,11782,1
2020-02-19,15:34:57.195000,11781,11782,11782,1
2020-02-19,15:34:57.217000,11781,11782,11782,1
2020-02-19,15:34:57.471000,11781,11782,11782,1
2020-02-19,15:34:58.003000,11781,11782,11782,1
2020-02-19,15:34:58.260000,11781,11782,11782,1
2020-02-19,15:34:58.321000,11781,11782,11782,1
2020-02-19,15:35:00.588000,11781,11782,11782,1
2020-02-19,15:35:01.090000,11781,11782,11781,3
2020-02-19,15:35:01.482000,11781,11782,11782,1
2020-02-19,15:35:01.525000,11781,11782,11782,3
2020-02-19,15:35:03.964000,11781,11782,11781,4
2020-02-19,15:35:08.035000,11780,11781,11781,1
2020-02-19,15:35:08.090000,11781,11782,11781,1
2020-02-19,15:35:12.299000,11780,11781,11781,3
2020-02-19,15:35:14.836000,11781,11782,11781,1
2020-02-19,15:35:28.352000,11781,11782,11781,1
2020-02-19,15:35:33.012000,11781,11782,11782,10
2020-02-19,15:35:41.136000,11781,11782,11782,10
2020-02-19,15:35:41.619000,11781,11782,11782,1
2020-02-19,15:35:41.800000,11781,11782,11782,1
2020-02-19,15:35:41.960000,11781,11782,11782,1
2020-02-19,15:35:42.469000,11781,11782,11782,1
2020-02-19,15:35:42.549000,11781,11782,11782,1
2020-02-19,15:35:43.255000,11781,11782,11782,1
2020-02-19,15:35:43.424000,11782,11783,11782,2
2020-02-19,15:35:43.424000,11782,11783,11782,3
2020-02-19,15:35:43.464000,11782,11783,11782,1
2020-02-19,15:35:43.543000,11782,11783,11782,2
2020-02-19,15:35:43.543000,11782,11783,11782,1
2020-02-19,15:35:46.138000,11782,11783,11783,5
2020-02-19,15:35:46.300000,11782,11783,11783,1
2020-02-19,15:35:46.306000,11782,11783,11783,1
2020-02-19,15:35:46.447000,11782,11783,11782,1
2020-02-19,15:35:49.587000,11782,11783,11783,1
2020-02-19,15:35:53.444000,11782,11783,11783,2
2020-02-19,15:35:54.083000,11782,11783,11783,1
2020-02-19,15:35:58.541000,11782,11783,11782,1
2020-02-19,15:36:01.075000,11782,11783,11783,1
2020-02-19,15:36:01.387000,11782,11783,11783,1
2020-02-19,15:36:01.983000,11782,11783,11783,1
2020-02-19,15:36:02.263000,11782,11783,11783,3
2020-02-19,15:36:05.469000,11782,11783,11783,2
2020-02-19,15:36:09.774000,11782,11783,11782,1
2020-02-19,15:36:11.445000,11782,11783,11783,1
2020-02-19,15:36:11.868000,11782,11783,11783,1
2020-02-19,15:36:14.253000,11782,11783,11782,1
2020-02-19,15:36:14.912000,11782,11783,11782,1
2020-02-19,15:36:17.204000,11782,11783,11782,1
2020-02-19,15:36:30.336000,11782,11783,11782,1
2020-02-19,15:36:30.673000,11782,11783,11783,1
2020-02-19,15:36:31.801000,11782,11783,11783,2
2020-02-19,15:36:34.454000,11782,11783,11783,1
2020-02-19,15:36:36.335000,11782,11783,11782,8
2020-02-19,15:36:39.261000,11782,11783,11782,2
2020-02-19,15:36:39.262000,11782,11783,11782,5
2020-02-19,15:36:40.816000,11781,11782,11781,18
2020-02-19,15:36:53.058000,11780,11781,11781,1
2020-02-19,15:36:57.106000,11780,11781,11781,1
2020-02-19,15:37:01.363000,11780,11781,11780,5
2020-02-19,15:37:06.089000,11780,11781,11780,4
2020-02-19,15:37:07.253000,11779,11780,11779,1
2020-02-19,15:37:07.353000,11779,11780,11779,1
2020-02-19,15:37:12.278000,11779,11780,11779,1
2020-02-19,15:37:12.282000,11779,11780,11779,1
2020-02-19,15:37:13.742000,11779,11780,11780,1
2020-02-19,15:37:14.528000,11779,11780,11779,2
2020-02-19,15:37:15.551000,11779,11780,11779,5
2020-02-19,15:37:28.316000,11779,11780,11779,1
2020-02-19,15:37:32.973000,11779,11780,11779,13
2020-02-19,15:37:43.691000,11778,11779,11779,1
2020-02-19,15:38:02.966000,11778,11779,11779,1
2020-02-19,15:38:03.126000,11778,11779,11778,3
2020-02-19,15:38:05.077000,11778,11779,11778,2
2020-02-19,15:38:05.077000,11778,11779,11778,11
2020-02-19,15:38:06.428000,11777,11778,11778,1
2020-02-19,15:38:07.781000,11777,11778,11777,1
2020-02-19,15:38:08.791000,11777,11778,11777,2
2020-02-19,15:38:15.144000,11777,11778,11777,1
2020-02-19,15:38:16.397000,11777,11778,11777,1
2020-02-19,15:38:17.502000,11777,11778,11777,1
2020-02-19,15:38:17.810000,11777,11778,11777,1
2020-02-19,15:38:19.401000,11777,11778,11777,1
2020-02-19,15:38:20.335000,11777,11778,11777,2
2020-02-19,15:38:21.958000,11777,11778,11777,2
2020-02-19,15:38:22.198000,11777,11778,11777,2
2020-02-19,15:38:22.214000,11777,11778,11777,2
2020-02-19,15:38:25.888000,11776,11777,11777,2
2020-02-19,15:38:29.067000,11777,11778,11777,1
2020-02-19,15:38:29.464000,11777,11778,11777,1
2020-02-19,15:38:32.288000,11776,11777,11777,1
2020-02-19,15:38:32.847000,11776,11777,11777,1
2020-02-19,15:38:33.170000,11776,11777,11777,2
2020-02-19,15:38:40.355000,11777,11778,11777,1
2020-02-19,15:38:47.382000,11776,11777,11776,12
2020-02-19,15:38:47.382000,11776,11777,11775,8
2020-02-19,15:38:47.464000,11775,11776,11775,21
2020-02-19,15:38:51.414000,11775,11776,11775,2
2020-02-19,15:38:53.096000,11775,11776,11776,1
2020-02-19,15:38:53.281000,11775,11776,11776,9
2020-02-19,15:38:53.911000,11776,11777,11776,1
2020-02-19,15:38:54.721000,11776,11777,11777,1
2020-02-19,15:38:55.294000,11776,11777,11777,1
2020-02-19,15:38:55.776000,11776,11778,11777,1
2020-02-19,15:38:57.103000,11777,11778,11778,1
2020-02-19,15:38:59.718000,11777,11778,11777,2
2020-02-19,15:39:01.131000,11777,11778,11778,1
2020-02-19,15:39:03.257000,11776,11778,11776,2
2020-02-19,15:39:14.198000,11776,11777,11776,2
2020-02-19,15:39:14.819000,11776,11777,11776,2
2020-02-19,15:39:15.444000,11776,11777,11776,2
2020-02-19,15:39:16.074000,11776,11777,11776,2
2020-02-19,15:39:17.285000,11776,11777,11776,1
2020-02-19,15:39:17.568000,11776,11777,11776,1
2020-02-19,15:39:24.605000,11775,11776,11776,1
2020-02-19,15:39:24.825000,11775,11776,11775,2
2020-02-19,15:39:26.193000,11775,11776,11775,11
2020-02-19,15:39:31.968000,11774,11775,11775,1
2020-02-19,15:39:32.583000,11774,11775,11774,1
2020-02-19,15:39:35.800000,11774,11775,11775,1
2020-02-19,15:39:59.534000,11774,11775,11775,1
2020-02-19,15:40:00.587000,11774,11775,11775,3
2020-02-19,15:40:00.587000,11774,11775,11775,2
2020-02-19,15:40:00.587000,11774,11775,11775,1
2020-02-19,15:40:00.588000,11774,11775,11775,10
2020-02-19,15:40:00.588000,11774,11775,11775,3
2020-02-19,15:40:00.588000,11774,11775,11775,1
2020-02-19,15:40:02.002000,11775,11776,11775,10
2020-02-19,15:40:05.007000,11774,11775,11775,1
2020-02-19,15:40:06.350000,11774,11775,11775,1
2020-02-19,15:40:08.267000,11774,11775,11774,1
2020-02-19,15:40:17.766000,11774,11775,11774,1
2020-02-19,15:40:18.764000,11774,11775,11774,1
2020-02-19,15:40:19.107000,11774,11775,11775,1
2020-02-19,15:40:21.488000,11774,11775,11774,1
2020-02-19,15:40:21.820000,11774,11775,11774,1
2020-02-19,15:40:24.712000,11774,11775,11775,1
2020-02-19,15:40:25.462000,11774,11775,11774,1
2020-02-19,15:40:25.494000,11774,11775,11774,1
2020-02-19,15:40:25.704000,11774,11775,11775,1
2020-02-19,15:40:31.108000,11774,11775,11774,18
2020-02-19,15:40:32.318000,11773,11774,11773,2
2020-02-19,15:40:32.817000,11773,11774,11773,2
2020-02-19,15:40:32.878000,11773,11774,11773,2
2020-02-19,15:40:35.821000,11773,11774,11773,2
2020-02-19,15:40:37.201000,11773,11774,11773,2
2020-02-19,15:40:37.507000,11773,11774,11774,3
2020-02-19,15:40:37.828000,11773,11774,11773,2
2020-02-19,15:40:41.942000,11773,11774,11773,1
2020-02-19,15:40:42.560000,11773,11774,11773,4
2020-02-19,15:40:43.466000,11773,11774,11773,8
2020-02-19,15:40:43.490000,11773,11774,11773,1
2020-02-19,15:40:43.491000,11773,11774,11773,1
2020-02-19,15:40:45.203000,11773,11774,11773,1
2020-02-19,15:40:53.859000,11773,11774,11773,1
2020-02-19,15:41:03.981000,11773,11774,11773,1
2020-02-19,15:41:04.116000,11773,11774,11774,1
2020-02-19,15:41:06.188000,11773,11774,11774,10
2020-02-19,15:41:11.427000,11774,11775,11774,1
2020-02-19,15:41:12.115000,11773,11775,11773,1
2020-02-19,15:41:18.533000,11774,11775,11774,2
2020-02-19,15:41:20.537000,11773,11774,11773,1
2020-02-19,15:41:24.462000,11773,11774,11774,2
2020-02-19,15:41:40.710000,11773,11774,11774,2
2020-02-19,15:41:42.760000,11773,11774,11774,2
2020-02-19,15:41:42.839000,11773,11774,11774,1
2020-02-19,15:41:44.913000,11774,11775,11774,2
2020-02-19,15:41:48.050000,11773,11775,11775,1
2020-02-19,15:41:58.427000,11774,11775,11775,1
2020-02-19,15:42:01.114000,11774,11775,11775,2
2020-02-19,15:42:01.535000,11774,11775,11775,2
2020-02-19,15:42:12.427000,11774,11775,11775,1
2020-02-19,15:42:22.994000,11775,11776,11776,2
2020-02-19,15:42:23.576000,11775,11776,11776,6
2020-02-19,15:42:30.840000,11775,11776,11776,1
2020-02-19,15:42:42.514000,11775,11776,11776,2
2020-02-19,15:43:04.215000,11775,11776,11776,2
2020-02-19,15:43:06.050000,11776,11777,11776,1
2020-02-19,15:43:22.599000,11776,11777,11777,1
2020-02-19,15:43:26.751000,11776,11777,11777,1
2020-02-19,15:43:27.570000,11776,11777,11777,2
2020-02-19,15:43:30.179000,11776,11777,11777,1
2020-02-19,15:43:32.178000,11776,11777,11777,5
2020-02-19,15:43:37.197000,11777,11778,11777,1
2020-02-19,15:43:37.215000,11776,11777,11777,1
2020-02-19,15:43:38.573000,11776,11778,11778,1
2020-02-19,15:43:38.811000,11777,11778,11777,1
2020-02-19,15:43:49.555000,11776,11778,11778,1
2020-02-19,15:43:56.758000,11777,11778,11777,1
2020-02-19,15:43:59.055000,11777,11778,11777,2
2020-02-19,15:44:06.980000,11777,11778,11777,1
2020-02-19,15:44:12.601000,11776,11777,11777,2
2020-02-19,15:44:14.731000,11776,11777,11777,1
2020-02-19,15:44:16.706000,11776,11777,11777,1
2020-02-19,15:44:16.714000,11776,11777,11777,1
2020-02-19,15:44:17.261000,11777,11778,11777,1
2020-02-19,15:44:20.462000,11777,11778,11777,1
2020-02-19,15:44:22.598000,11777,11778,11777,1
2020-02-19,15:44:25.395000,11776,11778,11778,1
2020-02-19,15:44:25.689000,11777,11778,11777,1
2020-02-19,15:44:30.868000,11776,11777,11777,1
2020-02-19,15:44:37.208000,11777,11778,11777,1
2020-02-19,15:45:12.978000,11777,11778,11777,2
2020-02-19,15:45:13.505000,11777,11778,11778,3
2020-02-19,15:45:20.192000,11777,11778,11777,2
2020-02-19,15:45:20.192000,11777,11778,11777,2
2020-02-19,15:45:20.222000,11776,11777,11777,1
2020-02-19,15:45:29.864000,11777,11778,11777,4
2020-02-19,15:45:31.699000,11776,11777,11777,1
2020-02-19,15:45:31.699000,11776,11777,11778,1
2020-02-19,15:45:34.084000,11777,11778,11778,1
2020-02-19,15:45:36.714000,11777,11778,11777,1
2020-02-19,15:45:39.965000,11776,11777,11777,1
2020-02-19,15:45:45.771000,11776,11777,11777,2
2020-02-19,15:45:51.307000,11777,11778,11777,1
2020-02-19,15:46:03.464000,11777,11778,11778,8
2020-02-19,15:46:05.839000,11778,11779,11779,12
2020-02-19,15:46:05.964000,11778,11779,11779,2
2020-02-19,15:46:06.617000,11779,11780,11779,1
2020-02-19,15:46:13.385000,11779,11780,11779,5
2020-02-19,15:46:13.846000,11778,11779,11778,1
2020-02-19,15:46:14.069000,11778,11779,11778,1
2020-02-19,15:46:15.474000,11778,11779,11779,3
2020-02-19,15:46:20.820000,11778,11779,11778,1
2020-02-19,15:46:22.819000,11777,11779,11779,1
2020-02-19,15:46:34.605000,11778,11779,11779,2
2020-02-19,15:46:36.484000,11778,11779,11779,1
2020-02-19,15:46:37.590000,11778,11779,11779,2
2020-02-19,15:46:44.909000,11778,11779,11779,2
2020-02-19,15:46:45.069000,11778,11779,11778,1
2020-02-19,15:46:49.523000,11778,11779,11779,1
2020-02-19,15:47:01.957000,11778,11779,11778,8
2020-02-19,15:47:09.619000,11777,11778,11778,1
2020-02-19,15:47:13.731000,11778,11779,11778,1
2020-02-19,15:47:16.053000,11778,11779,11779,2
2020-02-19,15:47:21.025000,11778,11779,11779,1
2020-02-19,15:47:23.516000,11778,11779,11779,1
2020-02-19,15:47:24.191000,11778,11779,11778,3
2020-02-19,15:47:26.034000,11777,11778,11778,1
2020-02-19,15:47:28.374000,11777,11779,11779,1
2020-02-19,15:47:28.729000,11777,11779,11779,1
2020-02-19,15:47:50.446000,11778,11779,11778,2
2020-02-19,15:47:57.517000,11777,11778,11777,4
2020-02-19,15:47:59.066000,11777,11778,11777,2
2020-02-19,15:47:59.066000,11777,11778,11777,1
2020-02-19,15:47:59.066000,11777,11778,11777,6
2020-02-19,15:48:04.835000,11776,11777,11777,1
2020-02-19,15:48:08.447000,11776,11777,11777,1
2020-02-19,15:48:31.790000,11777,11778,11778,1
2020-02-19,15:48:47.723000,11777,11778,11778,1
2020-02-19,15:48:49.209000,11777,11778,11778,2
2020-02-19,15:49:02.413000,11777,11778,11777,1
2020-02-19,15:49:04.503000,11777,11778,11778,2
2020-02-19,15:49:04.503000,11777,11778,11778,1
2020-02-19,15:49:04.503000,11777,11778,11778,1
2020-02-19,15:49:09.868000,11777,11778,11778,1
2020-02-19,15:49:14.673000,11778,11779,11778,2
2020-02-19,15:49:18.964000,11777,11778,11778,1
2020-02-19,15:49:30.761000,11778,11779,11778,1
2020-02-19,15:49:30.761000,11778,11779,11778,2
2020-02-19,15:49:37.412000,11778,11779,11778,1
2020-02-19,15:49:42.214000,11778,11779,11778,1
2020-02-19,15:49:42.339000,11778,11779,11778,2
2020-02-19,15:50:19.089000,11777,11778,11778,9
2020-02-19,15:50:19.214000,11777,11778,11778,2
2020-02-19,15:50:22.703000,11778,11779,11779,1
2020-02-19,15:50:23.729000,11778,11779,11779,1
2020-02-19,15:50:31.150000,11778,11779,11778,7
2020-02-19,15:50:31.214000,11777,11778,11778,1
2020-02-19,15:50:34.424000,11777,11779,11779,1
2020-02-19,15:50:38.531000,11778,11779,11778,1
2020-02-19,15:50:43.200000,11778,11779,11779,1
2020-02-19,15:50:54.268000,11778,11779,11778,4
2020-02-19,15:50:56.723000,11777,11778,11778,1
2020-02-19,15:51:04.655000,11777,11778,11778,1
2020-02-19,15:51:06.424000,11777,11778,11778,1
2020-02-19,15:51:19.066000,11777,11778,11778,1
2020-02-19,15:51:31.858000,11777,11778,11778,1
2020-02-19,15:51:32.198000,11778,11779,11778,2
2020-02-19,15:51:33.947000,11778,11779,11779,1
2020-02-19,15:51:47.749000,11778,11779,11778,2
2020-02-19,15:51:47.749000,11778,11779,11777,70
2020-02-19,15:51:47.840000,11776,11778,11776,3
2020-02-19,15:51:47.964000,11776,11777,11776,11
2020-02-19,15:51:57.904000,11776,11777,11776,2
2020-02-19,15:51:57.904000,11776,11777,11776,1
2020-02-19,15:52:01.326000,11775,11776,11776,1
2020-02-19,15:52:02.573000,11776,11777,11776,1
2020-02-19,15:52:03.315000,11776,11777,11776,1
2020-02-19,15:52:03.369000,11776,11777,11776,1
2020-02-19,15:52:12.429000,11776,11777,11776,1
2020-02-19,15:52:15.020000,11776,11777,11776,1
2020-02-19,15:52:19.899000,11776,11777,11776,2
2020-02-19,15:52:27.795000,11776,11777,11777,1
2020-02-19,15:52:35.829000,11776,11777,11776,1
2020-02-19,15:52:40.917000,11776,11777,11777,1
2020-02-19,15:52:55.413000,11776,11777,11777,1
2020-02-19,15:53:00.526000,11776,11777,11777,1
2020-02-19,15:53:01.714000,11776,11777,11777,1
2020-02-19,15:53:07.320000,11776,11778,11778,1
2020-02-19,15:53:14.198000,11777,11778,11777,1
2020-02-19,15:53:17.421000,11777,11778,11777,1
2020-02-19,15:53:22.320000,11776,11777,11777,1
2020-02-19,15:53:38.089000,11777,11778,11778,1
2020-02-19,15:53:44.719000,11777,11778,11778,5
2020-02-19,15:53:44.839000,11777,11778,11778,7
2020-02-19,15:53:50.509000,11777,11779,11777,1
2020-02-19,15:54:12.699000,11778,11779,11778,1
2020-02-19,15:54:15.536000,11778,11779,11778,1
2020-02-19,15:54:31.934000,11777,11778,11778,1
2020-02-19,15:54:31.934000,11777,11778,11779,1
2020-02-19,15:54:56.652000,11778,11779,11778,2
2020-02-19,15:55:05.317000,11777,11778,11778,5
2020-02-19,15:55:13.337000,11777,11778,11778,1
2020-02-19,15:55:15.123000,11777,11778,11778,1
2020-02-19,15:55:27.186000,11778,11779,11778,4
2020-02-19,15:55:29.863000,11777,11778,11778,1
2020-02-19,15:55:30.188000,11777,11778,11778,1
2020-02-19,15:55:31.727000,11777,11778,11778,1
2020-02-19,15:55:38.355000,11777,11778,11778,2
2020-02-19,15:55:55.803000,11777,11778,11778,1
2020-02-19,15:55:59.334000,11777,11778,11778,5
2020-02-19,15:56:03.586000,11777,11778,11778,2
2020-02-19,15:56:09.427000,11777,11778,11778,1
2020-02-19,15:56:11.550000,11777,11778,11778,1
2020-02-19,15:56:11.808000,11777,11778,11778,1
2020-02-19,15:56:17.396000,11777,11778,11778,2
2020-02-19,15:56:20.866000,11777,11778,11778,1
2020-02-19,15:57:33.487000,11777,11778,11778,1
2020-02-19,15:57:33.912000,11777,11778,11778,2
2020-02-19,15:57:33.913000,11777,11778,11778,13
2020-02-19,15:57:33.994000,11778,11779,11779,3
2020-02-19,15:57:34.089000,11778,11779,11779,1
2020-02-19,15:57:34.089000,11778,11779,11779,25
2020-02-19,15:57:34.089000,11778,11779,11779,3
2020-02-19,15:57:34.089000,11778,11779,11779,1
2020-02-19,15:57:34.089000,11778,11779,11779,1
2020-02-19,15:57:34.090000,11778,11779,11779,1
2020-02-19,15:57:49.419000,11779,11780,11779,1
2020-02-19,15:57:50.899000,11779,11780,11780,5
2020-02-19,15:57:53.797000,11779,11780,11779,1
2020-02-19,15:57:57.950000,11779,11780,11779,1
2020-02-19,15:58:08.831000,11779,11780,11780,5
2020-02-19,15:58:25.989000,11779,11780,11779,5
2020-02-19,15:58:26.089000,11779,11780,11779,3
2020-02-19,15:58:27.284000,11778,11779,11779,1
2020-02-19,15:58:33.772000,11778,11779,11779,1
2020-02-19,15:58:35.578000,11778,11779,11778,1
2020-02-19,15:58:44.397000,11778,11779,11779,2
2020-02-19,15:58:44.397000,11778,11779,11779,1
2020-02-19,15:58:45.882000,11778,11779,11779,1
2020-02-19,15:59:12.086000,11779,11780,11780,15
2020-02-19,15:59:14.184000,11779,11780,11779,1
2020-02-19,15:59:29.889000,11779,11780,11780,3
2020-02-19,15:59:31.603000,11779,11780,11780,12
2020-02-19,15:59:31.603000,11779,11780,11780,1
2020-02-19,15:59:31.655000,11779,11780,11780,1
2020-02-19,15:59:31.655000,11779,11780,11780,1
2020-02-19,15:59:31.656000,11779,11780,11780,2
2020-02-19,15:59:31.656000,11779,11780,11780,1
2020-02-19,15:59:31.656000,11779,11780,11780,1
2020-02-19,15:59:31.656000,11779,11780,11780,1
2020-02-19,15:59:31.657000,11779,11780,11780,1
2020-02-19,15:59:31.657000,11779,11780,11780,1
2020-02-19,15:59:31.672000,11779,11780,11780,1
2020-02-19,15:59:31.672000,11779,11780,11780,1
2020-02-19,15:59:36.335000,11780,11781,11780,1
2020-02-19,15:59:38.086000,11780,11781,11781,3
2020-02-19,15:59:40.202000,11780,11781,11781,4
2020-02-19,15:59:43.936000,11780,11781,11781,4
2020-02-19,15:59:45.092000,11780,11781,11781,4
2020-02-19,15:59:49.093000,11780,11781,11781,1
2020-02-19,16:00:00.156000,11780,11781,11780,1
2020-02-19,16:00:00.156000,11780,11781,11780,8
2020-02-19,16:00:00.156000,11780,11781,11780,1
2020-02-19,16:00:00.157000,11780,11781,11780,1
2020-02-19,16:00:00.678000,11779,11780,11779,16
2020-02-19,16:00:00.678000,11779,11780,11779,1
2020-02-19,16:00:00.918000,11778,11779,11778,18
2020-02-19,16:00:01.125000,11777,11778,11777,1
2020-02-19,16:00:01.125000,11777,11778,11777,4
2020-02-19,16:00:01.125000,11777,11778,11777,1
2020-02-19,16:00:01.125000,11777,11778,11777,13
2020-02-19,16:00:01.174000,11777,11778,11777,1
2020-02-19,16:00:01.214000,11777,11778,11777,7
2020-02-19,16:00:01.339000,11777,11778,11777,1
2020-02-19,16:00:01.422000,11777,11778,11777,1
2020-02-19,16:00:01.428000,11777,11778,11777,1
2020-02-19,16:00:01.431000,11777,11778,11777,1
2020-02-19,16:00:01.736000,11777,11778,11777,1
2020-02-19,16:00:03.839000,11778,11779,11779,1
2020-02-19,16:00:10.444000,11778,11779,11778,2
2020-02-19,16:00:12.436000,11777,11779,11777,1
2020-02-19,16:00:13.975000,11778,11779,11778,1
2020-02-19,16:00:17.099000,11778,11779,11778,1
2020-02-19,16:00:19.395000,11778,11779,11778,1
2020-02-19,16:00:19.868000,11778,11779,11778,1
2020-02-19,16:00:19.869000,11778,11779,11778,5
2020-02-19,16:00:27.635000,11777,11778,11777,6
2020-02-19,16:00:28.359000,11776,11777,11777,1
2020-02-19,16:00:28.946000,11776,11777,11777,1
2020-02-19,16:00:30.743000,11776,11777,11777,1
2020-02-19,16:00:33.572000,11776,11777,11776,1
2020-02-19,16:00:34.386000,11776,11777,11776,1
2020-02-19,16:00:35.378000,11776,11777,11777,1
2020-02-19,16:00:35.401000,11776,11777,11777,1
2020-02-19,16:00:38.625000,11776,11777,11776,3
2020-02-19,16:00:39.195000,11776,11777,11776,1
2020-02-19,16:00:42.276000,11776,11777,11777,2
2020-02-19,16:00:43.252000,11776,11777,11776,1
2020-02-19,16:00:45.438000,11776,11777,11776,1
2020-02-19,16:00:47.375000,11776,11777,11776,1
2020-02-19,16:00:51.593000,11776,11777,11776,2
2020-02-19,16:00:53.463000,11776,11777,11777,1
2020-02-19,16:01:01.830000,11776,11777,11776,1
2020-02-19,16:01:01.992000,11776,11777,11777,2
2020-02-19,16:01:03.089000,11776,11777,11777,1
2020-02-19,16:01:04.271000,11777,11778,11777,1
2020-02-19,16:01:04.290000,11777,11778,11777,1
2020-02-19,16:01:07.589000,11777,11778,11778,1
2020-02-19,16:01:09.184000,11777,11778,11777,1
2020-02-19,16:01:16.473000,11777,11778,11777,4
2020-02-19,16:01:17.546000,11776,11778,11776,10
2020-02-19,16:01:22.081000,11776,11777,11776,1
2020-02-19,16:01:22.580000,11775,11777,11775,3
2020-02-19,16:01:25.848000,11776,11777,11776,1
2020-02-19,16:01:27.263000,11776,11777,11776,1
2020-02-19,16:01:27.284000,11776,11777,11776,1
2020-02-19,16:01:34.587000,11776,11777,11776,2
2020-02-19,16:01:36.886000,11776,11777,11777,1
2020-02-19,16:01:58.273000,11777,11778,11778,4
2020-02-19,16:02:20.089000,11778,11779,11778,1
2020-02-19,16:02:27.878000,11777,11778,11778,2
2020-02-19,16:02:30.916000,11777,11778,11778,1
2020-02-19,16:02:35.380000,11777,11778,11778,1
2020-02-19,16:02:35.987000,11778,11779,11778,1
2020-02-19,16:02:36.283000,11777,11778,11778,1
2020-02-19,16:02:42.770000,11778,11779,11779,2
2020-02-19,16:02:42.770000,11778,11779,11779,4
2020-02-19,16:02:52.553000,11779,11780,11779,1
2020-02-19,16:02:53.135000,11779,11780,11779,1
2020-02-19,16:02:56.030000,11778,11779,11779,2
2020-02-19,16:02:56.065000,11778,11779,11779,1
2020-02-19,16:02:57.864000,11779,11780,11779,1
2020-02-19,16:02:59.219000,11779,11780,11779,1
2020-02-19,16:02:59.219000,11779,11780,11779,4
2020-02-19,16:02:59.219000,11779,11780,11779,4
2020-02-19,16:02:59.219000,11779,11780,11779,3
2020-02-19,16:03:01.603000,11778,11779,11779,1
2020-02-19,16:03:05.712000,11778,11779,11778,2
2020-02-19,16:03:05.712000,11778,11779,11778,1
2020-02-19,16:03:07.974000,11777,11778,11778,2
2020-02-19,16:03:13.385000,11777,11778,11777,6
2020-02-19,16:03:16.988000,11777,11778,11777,1
2020-02-19,16:03:22.991000,11777,11778,11777,1
2020-02-19,16:03:23.159000,11777,11778,11777,1
2020-02-19,16:03:23.221000,11777,11778,11777,1
2020-02-19,16:03:30.553000,11776,11777,11777,1
2020-02-19,16:03:43.218000,11776,11777,11777,2
2020-02-19,16:03:45.139000,11776,11777,11777,2
2020-02-19,16:03:52.689000,11776,11777,11777,1
2020-02-19,16:03:54.181000,11776,11777,11776,9
2020-02-19,16:03:57.281000,11775,11776,11775,10
2020-02-19,16:03:57.339000,11775,11776,11775,1
2020-02-19,16:03:57.339000,11775,11776,11775,26
2020-02-19,16:03:57.339000,11775,11776,11775,2
2020-02-19,16:03:57.339000,11775,11776,11775,4
2020-02-19,16:03:57.339000,11775,11776,11775,2
2020-02-19,16:03:59.456000,11774,11775,11775,1
2020-02-19,16:04:00.910000,11774,11775,11775,4
2020-02-19,16:04:06.644000,11774,11775,11774,10
2020-02-19,16:04:06.715000,11774,11775,11774,5
2020-02-19,16:04:08.121000,11773,11774,11774,1
2020-02-19,16:04:10.809000,11773,11774,11773,1
2020-02-19,16:04:13.927000,11773,11774,11773,27
2020-02-19,16:04:14.522000,11772,11773,11773,1
2020-02-19,16:04:16.144000,11772,11773,11772,1
2020-02-19,16:04:17.136000,11772,11773,11772,1
2020-02-19,16:04:18.301000,11772,11773,11772,1
2020-02-19,16:04:18.323000,11772,11773,11773,2
2020-02-19,16:04:22.224000,11772,11773,11773,1
2020-02-19,16:04:23.047000,11772,11773,11772,5
2020-02-19,16:04:27.243000,11772,11773,11772,2
2020-02-19,16:04:37.964000,11772,11773,11772,1
2020-02-19,16:04:42.689000,11772,11773,11772,1
2020-02-19,16:04:43.537000,11772,11773,11772,5
2020-02-19,16:04:43.749000,11772,11773,11772,1
2020-02-19,16:04:44.473000,11772,11773,11773,1
2020-02-19,16:04:44.817000,11772,11773,11772,1
2020-02-19,16:04:46.146000,11772,11773,11772,1
2020-02-19,16:04:48.330000,11772,11773,11772,5
2020-02-19,16:04:48.339000,11771,11772,11772,10
2020-02-19,16:04:49.746000,11772,11773,11772,1
2020-02-19,16:04:54.704000,11772,11773,11773,1
2020-02-19,16:04:55.521000,11772,11773,11772,2
2020-02-19,16:04:56.325000,11772,11773,11772,2
2020-02-19,16:04:56.494000,11772,11773,11772,10
2020-02-19,16:04:56.501000,11772,11773,11773,1
2020-02-19,16:04:56.701000,11772,11773,11772,7
2020-02-19,16:04:56.703000,11772,11773,11772,3
2020-02-19,16:04:56.931000,11772,11773,11772,7
2020-02-19,16:04:56.931000,11772,11773,11772,1
2020-02-19,16:04:56.964000,11771,11772,11772,2
2020-02-19,16:04:57.182000,11772,11773,11772,1
2020-02-19,16:04:57.564000,11772,11773,11772,1
2020-02-19,16:04:58.543000,11772,11773,11772,1
2020-02-19,16:05:01.072000,11772,11773,11772,2
2020-02-19,16:05:04.726000,11772,11773,11772,1
2020-02-19,16:05:06.811000,11772,11773,11772,12
2020-02-19,16:05:06.813000,11772,11773,11772,14
2020-02-19,16:05:06.840000,11771,11772,11771,2
2020-02-19,16:05:06.840000,11771,11772,11771,1
2020-02-19,16:05:06.846000,11771,11772,11771,1
2020-02-19,16:05:06.850000,11771,11772,11771,1
2020-02-19,16:05:06.852000,11771,11772,11771,3
2020-02-19,16:05:06.854000,11771,11772,11771,2
2020-02-19,16:05:06.855000,11771,11772,11771,2
2020-02-19,16:05:06.859000,11771,11772,11771,1
2020-02-19,16:05:06.859000,11771,11772,11771,3
2020-02-19,16:05:06.860000,11771,11772,11771,2
2020-02-19,16:05:06.860000,11771,11772,11771,2
2020-02-19,16:05:06.861000,11771,11772,11771,4
2020-02-19,16:05:06.865000,11771,11772,11771,1
2020-02-19,16:05:06.867000,11771,11772,11771,1
2020-02-19,16:05:06.868000,11771,11772,11771,2
2020-02-19,16:05:06.869000,11771,11772,11771,1
2020-02-19,16:05:06.869000,11771,11772,11770,1
2020-02-19,16:05:06.870000,11771,11772,11770,7
2020-02-19,16:05:06.871000,11771,11772,11770,2
2020-02-19,16:05:06.965000,11770,11771,11770,8
2020-02-19,16:05:06.995000,11770,11771,11770,1
2020-02-19,16:05:07.391000,11770,11771,11770,1
2020-02-19,16:05:07.486000,11770,11771,11770,2
2020-02-19,16:05:11.312000,11770,11771,11771,1
2020-02-19,16:05:11.656000,11770,11771,11770,2
2020-02-19,16:05:12.471000,11770,11771,11771,1
2020-02-19,16:05:12.594000,11770,11771,11770,2
2020-02-19,16:05:12.856000,11770,11771,11770,2
2020-02-19,16:05:13.101000,11770,11771,11770,2
2020-02-19,16:05:15.048000,11770,11771,11770,8
2020-02-19,16:05:15.194000,11770,11771,11770,1
2020-02-19,16:05:15.215000,11770,11771,11771,1
2020-02-19,16:05:15.229000,11770,11771,11770,1
2020-02-19,16:05:17.481000,11770,11771,11771,2
2020-02-19,16:05:17.483000,11770,11771,11771,7
2020-02-19,16:05:17.483000,11770,11771,11771,4
2020-02-19,16:05:17.589000,11770,11771,11771,1
2020-02-19,16:05:19.240000,11771,11772,11771,10
2020-02-19,16:05:24.105000,11771,11772,11772,1
2020-02-19,16:05:24.622000,11771,11772,11772,1
2020-02-19,16:05:34.218000,11771,11772,11772,4
2020-02-19,16:05:36.191000,11771,11772,11771,1
2020-02-19,16:05:36.698000,11771,11772,11772,1
2020-02-19,16:05:38.860000,11771,11772,11772,2
2020-02-19,16:05:39.387000,11771,11772,11772,4
2020-02-19,16:05:40.200000,11771,11772,11772,1
2020-02-19,16:05:41.760000,11772,11773,11772,1
2020-02-19,16:05:43.482000,11772,11773,11772,1
2020-02-19,16:05:44.866000,11772,11773,11772,1
2020-02-19,16:05:46.084000,11772,11773,11772,4
2020-02-19,16:05:46.089000,11771,11772,11772,1
2020-02-19,16:05:47.733000,11771,11773,11771,1
2020-02-19,16:05:47.839000,11772,11773,11772,1
2020-02-19,16:05:53.170000,11772,11773,11772,3
2020-02-19,16:05:53.623000,11772,11773,11772,1
2020-02-19,16:05:56.009000,11772,11773,11772,1
2020-02-19,16:05:58.446000,11772,11773,11772,1
2020-02-19,16:05:58.590000,11772,11773,11772,15
2020-02-19,16:05:59.016000,11771,11772,11772,3
2020-02-19,16:06:00.016000,11771,11772,11772,1
2020-02-19,16:06:00.597000,11771,11772,11771,1
2020-02-19,16:06:03.693000,11771,11772,11771,2
2020-02-19,16:06:08.883000,11771,11772,11771,6
2020-02-19,16:06:08.977000,11771,11772,11771,2
2020-02-19,16:06:08.978000,11771,11772,11771,2
2020-02-19,16:06:08.979000,11771,11772,11771,1
2020-02-19,16:06:08.979000,11771,11772,11771,1
2020-02-19,16:06:08.979000,11771,11772,11771,1
2020-02-19,16:06:08.980000,11771,11772,11771,2
2020-02-19,16:06:08.981000,11771,11772,11771,2
2020-02-19,16:06:08.981000,11771,11772,11771,1
2020-02-19,16:06:08.982000,11771,11772,11771,2
2020-02-19,16:06:08.982000,11771,11772,11771,3
2020-02-19,16:06:08.982000,11771,11772,11771,1
2020-02-19,16:06:08.984000,11771,11772,11771,1
2020-02-19,16:06:08.984000,11771,11772,11771,1
2020-02-19,16:06:08.987000,11771,11772,11771,1
2020-02-19,16:06:08.988000,11771,11772,11771,2
2020-02-19,16:06:08.988000,11771,11772,11771,1
2020-02-19,16:06:08.989000,11771,11772,11771,2
2020-02-19,16:06:08.990000,11771,11772,11771,4
2020-02-19,16:06:08.990000,11771,11772,11770,3
2020-02-19,16:06:08.991000,11771,11772,11770,2
2020-02-19,16:06:08.994000,11771,11772,11770,1
2020-02-19,16:06:13.844000,11770,11771,11771,2
2020-02-19,16:06:13.964000,11770,11771,11771,2
2020-02-19,16:06:14.090000,11771,11772,11771,1
2020-02-19,16:06:14.211000,11771,11772,11771,1
2020-02-19,16:06:14.418000,11771,11772,11771,4
2020-02-19,16:06:20.725000,11770,11771,11770,3
2020-02-19,16:06:24.195000,11770,11771,11770,6
2020-02-19,16:06:27.550000,11770,11771,11770,3
2020-02-19,16:06:27.839000,11770,11771,11771,9
2020-02-19,16:06:27.839000,11770,11771,11771,1
2020-02-19,16:06:27.964000,11771,11772,11771,1
2020-02-19,16:06:28.368000,11771,11772,11771,2
2020-02-19,16:06:29.402000,11771,11772,11771,2
2020-02-19,16:06:29.464000,11771,11772,11771,1
2020-02-19,16:06:29.582000,11771,11772,11770,8
2020-02-19,16:06:32.380000,11770,11772,11770,1
2020-02-19,16:06:34.301000,11770,11771,11771,1
2020-02-19,16:06:38.061000,11771,11772,11771,1
2020-02-19,16:06:38.095000,11770,11771,11771,1
2020-02-19,16:06:44.843000,11770,11771,11771,1
2020-02-19,16:06:45.214000,11770,11771,11770,22
2020-02-19,16:06:45.339000,11770,11771,11770,5
2020-02-19,16:06:45.339000,11770,11771,11770,1
2020-02-19,16:06:45.610000,11769,11770,11769,17
2020-02-19,16:06:45.611000,11769,11770,11769,1
2020-02-19,16:06:45.674000,11769,11770,11769,1
2020-02-19,16:06:46.244000,11768,11770,11769,1
2020-02-19,16:06:46.274000,11768,11770,11769,1
2020-02-19,16:06:49.346000,11769,11770,11770,2
2020-02-19,16:06:49.624000,11769,11770,11769,2
2020-02-19,16:06:50.178000,11769,11770,11769,2
2020-02-19,16:06:51.565000,11769,11770,11769,4
2020-02-19,16:06:51.566000,11769,11770,11769,5
2020-02-19,16:06:51.566000,11769,11770,11769,3
2020-02-19,16:06:51.566000,11769,11770,11769,3
2020-02-19,16:06:52.627000,11768,11769,11768,30
2020-02-19,16:06:52.714000,11768,11769,11768,1
2020-02-19,16:06:52.839000,11768,11769,11768,4
2020-02-19,16:06:52.839000,11768,11769,11768,8
2020-02-19,16:06:55.639000,11767,11768,11768,1
2020-02-19,16:06:56.117000,11767,11768,11767,18
2020-02-19,16:06:56.117000,11767,11768,11767,1
2020-02-19,16:06:56.471000,11766,11767,11766,1
2020-02-19,16:06:56.599000,11766,11767,11767,1
2020-02-19,16:06:56.682000,11766,11767,11767,1
2020-02-19,16:06:56.714000,11766,11767,11767,1
2020-02-19,16:06:56.948000,11766,11767,11768,1
2020-02-19,16:06:57.040000,11766,11768,11766,17
2020-02-19,16:06:57.254000,11766,11767,11767,1
2020-02-19,16:06:57.638000,11766,11767,11766,15
2020-02-19,16:06:57.658000,11766,11767,11767,1
2020-02-19,16:06:57.948000,11765,11767,11767,1
2020-02-19,16:06:58.211000,11766,11767,11767,1
2020-02-19,16:06:58.452000,11766,11767,11766,4
2020-02-19,16:06:58.539000,11766,11767,11767,1
2020-02-19,16:06:58.753000,11767,11768,11767,1
2020-02-19,16:06:58.870000,11766,11768,11766,1
2020-02-19,16:06:59.030000,11766,11768,11767,1
2020-02-19,16:06:59.296000,11766,11767,11766,1
2020-02-19,16:06:59.417000,11766,11768,11768,1
2020-02-19,16:06:59.765000,11766,11767,11766,1
2020-02-19,16:06:59.938000,11766,11767,11766,9
2020-02-19,16:07:00.328000,11765,11766,11766,1
2020-02-19,16:07:00.328000,11765,11766,11767,19
2020-02-19,16:07:00.720000,11766,11767,11767,1
2020-02-19,16:07:00.720000,11766,11767,11768,1
2020-02-19,16:07:00.798000,11766,11767,11766,1
2020-02-19,16:07:00.850000,11766,11767,11766,10
2020-02-19,16:07:01.144000,11765,11767,11765,1
2020-02-19,16:07:01.253000,11765,11767,11765,1
2020-02-19,16:07:01.320000,11765,11767,11765,1
2020-02-19,16:07:01.698000,11765,11767,11765,2
2020-02-19,16:07:01.706000,11765,11767,11765,2
2020-02-19,16:07:01.728000,11765,11767,11765,1
2020-02-19,16:07:01.758000,11765,11767,11766,3
2020-02-19,16:07:01.758000,11765,11767,11767,17
2020-02-19,16:07:01.785000,11765,11767,11766,1
2020-02-19,16:07:02.621000,11766,11767,11766,1
2020-02-19,16:07:02.729000,11766,11767,11767,2
2020-02-19,16:07:03.191000,11766,11767,11767,1
2020-02-19,16:07:03.504000,11766,11767,11766,1
2020-02-19,16:07:04.078000,11765,11767,11767,13
2020-02-19,16:07:04.089000,11767,11768,11767,7
2020-02-19,16:07:04.689000,11766,11767,11766,2
2020-02-19,16:07:05.097000,11765,11767,11767,2
2020-02-19,16:07:05.392000,11765,11767,11765,3
2020-02-19,16:07:06.015000,11766,11767,11766,1
2020-02-19,16:07:06.899000,11765,11766,11766,1
2020-02-19,16:07:07.410000,11765,11766,11766,1
2020-02-19,16:07:07.410000,11765,11766,11767,9
2020-02-19,16:07:07.854000,11766,11767,11766,4
2020-02-19,16:07:07.965000,11765,11766,11766,1
2020-02-19,16:07:08.301000,11765,11766,11767,1
2020-02-19,16:07:08.525000,11765,11767,11765,2
2020-02-19,16:07:11.712000,11765,11766,11766,2
2020-02-19,16:07:11.797000,11766,11767,11766,1
2020-02-19,16:07:13.200000,11766,11767,11766,2
2020-02-19,16:07:13.200000,11766,11767,11765,6
2020-02-19,16:07:16.453000,11766,11767,11766,1
2020-02-19,16:07:16.453000,11766,11767,11765,45
2020-02-19,16:07:17.613000,11764,11766,11764,1
2020-02-19,16:07:17.909000,11764,11765,11764,1
2020-02-19,16:07:17.995000,11764,11765,11764,3
2020-02-19,16:07:18.066000,11764,11765,11764,1
2020-02-19,16:07:19.768000,11765,11766,11765,1
2020-02-19,16:07:20.367000,11764,11765,11764,1
