2020-09-11,15:00:00.070000,12658,12659,12656,95
2020-09-11,15:00:00.071000,12656,12658,12658,1
2020-09-11,15:00:00.072000,12656,12658,12658,3
2020-09-11,15:00:00.284000,12657,12659,12659,1
2020-09-11,15:00:00.444000,12657,12659,12659,2
2020-09-11,15:00:00.491000,12657,12659,12659,1
2020-09-11,15:00:00.599000,12657,12659,12659,5
2020-09-11,15:00:00.599000,12657,12659,12660,8
2020-09-11,15:00:00.603000,12657,12659,12661,4
2020-09-11,15:00:00.608000,12657,12659,12662,1
2020-09-11,15:00:00.612000,12657,12659,12662,1
2020-09-11,15:00:00.613000,12657,12659,12662,7
2020-09-11,15:00:00.720000,12661,12663,12663,3
2020-09-11,15:00:00.725000,12661,12663,12663,4
2020-09-11,15:00:00.806000,12663,12664,12664,1
2020-09-11,15:00:00.846000,12663,12664,12664,1
2020-09-11,15:00:00.874000,12663,12664,12664,2
2020-09-11,15:00:00.874000,12663,12664,12665,1
2020-09-11,15:00:00.917000,12663,12664,12665,1
2020-09-11,15:00:00.957000,12663,12664,12665,1
2020-09-11,15:00:00.957000,12663,12664,12665,1
2020-09-11,15:00:01.020000,12663,12665,12665,2
2020-09-11,15:00:01.029000,12663,12665,12665,1
2020-09-11,15:00:01.036000,12663,12665,12665,2
2020-09-11,15:00:01.081000,12663,12665,12665,4
2020-09-11,15:00:01.082000,12663,12665,12665,18
2020-09-11,15:00:01.124000,12665,12666,12666,1
2020-09-11,15:00:01.124000,12665,12666,12666,1
2020-09-11,15:00:01.254000,12665,12667,12665,1
2020-09-11,15:00:01.282000,12665,12667,12666,1
2020-09-11,15:00:01.291000,12665,12667,12666,1
2020-09-11,15:00:01.297000,12665,12667,12666,1
2020-09-11,15:00:01.334000,12665,12667,12665,1
2020-09-11,15:00:01.390000,12665,12667,12667,1
2020-09-11,15:00:01.423000,12665,12667,12667,1
2020-09-11,15:00:01.445000,12665,12667,12667,8
2020-09-11,15:00:01.470000,12665,12667,12667,3
2020-09-11,15:00:01.470000,12665,12667,12668,2
2020-09-11,15:00:01.470000,12665,12667,12668,5
2020-09-11,15:00:01.476000,12665,12667,12668,1
2020-09-11,15:00:01.507000,12667,12668,12668,5
2020-09-11,15:00:01.546000,12667,12668,12669,2
2020-09-11,15:00:01.550000,12667,12668,12669,2
2020-09-11,15:00:01.668000,12668,12670,12669,2
2020-09-11,15:00:01.673000,12668,12670,12670,5
2020-09-11,15:00:01.799000,12668,12670,12670,2
2020-09-11,15:00:01.869000,12668,12670,12668,3
2020-09-11,15:00:01.921000,12667,12668,12668,1
2020-09-11,15:00:01.930000,12667,12668,12669,2
2020-09-11,15:00:01.997000,12667,12669,12669,1
2020-09-11,15:00:02.009000,12667,12669,12669,2
2020-09-11,15:00:02.018000,12667,12669,12667,3
2020-09-11,15:00:02.018000,12667,12669,12666,2
2020-09-11,15:00:02.018000,12667,12669,12665,2
2020-09-11,15:00:02.031000,12667,12669,12666,1
2020-09-11,15:00:02.031000,12667,12669,12665,3
2020-09-11,15:00:02.121000,12664,12666,12666,1
2020-09-11,15:00:02.141000,12664,12666,12664,1
2020-09-11,15:00:02.159000,12664,12666,12666,3
2020-09-11,15:00:02.214000,12664,12666,12666,3
2020-09-11,15:00:02.225000,12664,12666,12666,1
2020-09-11,15:00:02.229000,12664,12666,12666,1
2020-09-11,15:00:02.232000,12664,12666,12667,1
2020-09-11,15:00:02.255000,12665,12668,12666,1
2020-09-11,15:00:02.472000,12665,12667,12666,1
2020-09-11,15:00:02.862000,12664,12665,12664,4
2020-09-11,15:00:03.675000,12663,12664,12663,5
2020-09-11,15:00:03.837000,12663,12664,12664,1
2020-09-11,15:00:04.036000,12663,12664,12664,1
2020-09-11,15:00:04.139000,12663,12665,12665,1
2020-09-11,15:00:04.139000,12663,12665,12665,1
2020-09-11,15:00:04.189000,12663,12665,12665,1
2020-09-11,15:00:04.189000,12663,12665,12666,1
2020-09-11,15:00:04.223000,12663,12665,12666,1
2020-09-11,15:00:04.237000,12663,12665,12666,1
2020-09-11,15:00:04.325000,12664,12666,12664,1
2020-09-11,15:00:04.467000,12663,12665,12663,4
2020-09-11,15:00:04.742000,12663,12665,12666,1
2020-09-11,15:00:04.742000,12663,12665,12666,1
2020-09-11,15:00:04.821000,12664,12666,12665,1
2020-09-11,15:00:04.896000,12665,12666,12665,1
2020-09-11,15:00:04.956000,12665,12666,12666,1
2020-09-11,15:00:05.042000,12664,12666,12665,2
2020-09-11,15:00:05.048000,12664,12666,12667,2
2020-09-11,15:00:06.075000,12664,12665,12664,9
2020-09-11,15:00:06.075000,12664,12665,12663,1
2020-09-11,15:00:06.277000,12663,12664,12663,1
2020-09-11,15:00:06.375000,12663,12664,12663,1
2020-09-11,15:00:07.932000,12663,12665,12664,1
2020-09-11,15:00:07.999000,12663,12664,12664,1
2020-09-11,15:00:09.368000,12663,12665,12665,1
2020-09-11,15:00:09.370000,12663,12665,12665,2
2020-09-11,15:00:09.689000,12664,12665,12665,1
2020-09-11,15:00:09.805000,12665,12666,12665,1
2020-09-11,15:00:10.736000,12664,12665,12665,1
2020-09-11,15:00:13.237000,12663,12664,12664,1
2020-09-11,15:00:13.240000,12663,12664,12664,1
2020-09-11,15:00:13.776000,12663,12665,12663,1
2020-09-11,15:00:14.022000,12663,12665,12663,3
2020-09-11,15:00:14.374000,12662,12663,12663,3
2020-09-11,15:00:16.171000,12662,12664,12664,1
2020-09-11,15:00:19.917000,12662,12663,12663,1
2020-09-11,15:00:20.349000,12662,12663,12663,1
2020-09-11,15:00:20.513000,12662,12663,12663,1
2020-09-11,15:00:20.513000,12662,12663,12664,1
2020-09-11,15:00:21.103000,12662,12664,12662,1
2020-09-11,15:00:21.147000,12662,12664,12664,6
2020-09-11,15:00:21.147000,12662,12664,12665,14
2020-09-11,15:00:22.730000,12663,12664,12663,2
2020-09-11,15:00:22.730000,12663,12664,12662,1
2020-09-11,15:00:22.806000,12662,12664,12662,2
2020-09-11,15:00:22.806000,12662,12664,12661,3
2020-09-11,15:00:22.860000,12662,12664,12662,1
2020-09-11,15:00:23.030000,12661,12664,12661,1
2020-09-11,15:00:24.027000,12661,12662,12662,1
2020-09-11,15:00:24.845000,12661,12662,12662,1
2020-09-11,15:00:24.930000,12661,12662,12662,1
2020-09-11,15:00:24.974000,12661,12662,12662,1
2020-09-11,15:00:24.974000,12661,12662,12663,1
2020-09-11,15:00:25.132000,12661,12664,12664,2
2020-09-11,15:00:25.535000,12661,12663,12663,2
2020-09-11,15:00:26.438000,12662,12664,12662,1
2020-09-11,15:00:26.563000,12661,12663,12662,1
2020-09-11,15:00:26.993000,12661,12663,12662,1
2020-09-11,15:00:27.770000,12661,12663,12661,1
2020-09-11,15:00:27.873000,12661,12663,12663,1
2020-09-11,15:00:27.873000,12661,12663,12663,1
2020-09-11,15:00:28.169000,12662,12663,12662,1
2020-09-11,15:00:28.778000,12661,12662,12661,1
2020-09-11,15:00:28.807000,12661,12662,12662,3
2020-09-11,15:00:29.138000,12661,12663,12661,1
2020-09-11,15:00:29.282000,12661,12662,12662,2
2020-09-11,15:00:30.432000,12661,12662,12662,1
2020-09-11,15:00:30.694000,12661,12662,12661,1
2020-09-11,15:00:31.777000,12661,12662,12662,2
2020-09-11,15:00:32.108000,12661,12662,12661,1
2020-09-11,15:00:32.109000,12661,12662,12661,3
2020-09-11,15:00:32.488000,12660,12662,12660,1
2020-09-11,15:00:32.521000,12660,12662,12662,2
2020-09-11,15:00:32.536000,12660,12662,12661,1
2020-09-11,15:00:32.551000,12660,12662,12661,3
2020-09-11,15:00:32.551000,12660,12662,12662,3
2020-09-11,15:00:32.551000,12660,12662,12663,14
2020-09-11,15:00:34.277000,12660,12662,12660,5
2020-09-11,15:00:34.435000,12660,12661,12661,1
2020-09-11,15:00:34.542000,12661,12662,12661,3
2020-09-11,15:00:34.705000,12660,12661,12660,1
2020-09-11,15:00:34.740000,12660,12661,12660,3
2020-09-11,15:00:34.744000,12660,12661,12660,1
2020-09-11,15:00:34.759000,12659,12660,12660,1
2020-09-11,15:00:35.502000,12660,12661,12660,1
2020-09-11,15:00:37.188000,12659,12661,12661,1
2020-09-11,15:00:37.444000,12659,12662,12660,1
2020-09-11,15:00:37.444000,12659,12662,12659,1
2020-09-11,15:00:37.512000,12659,12661,12661,1
2020-09-11,15:00:38.080000,12660,12662,12660,1
2020-09-11,15:00:39.463000,12660,12661,12661,1
2020-09-11,15:00:40.409000,12660,12662,12662,1
2020-09-11,15:00:44.263000,12661,12662,12662,1
2020-09-11,15:00:45.077000,12661,12663,12661,6
2020-09-11,15:00:45.368000,12661,12663,12661,1
2020-09-11,15:00:48.877000,12661,12662,12661,1
2020-09-11,15:00:51.099000,12661,12662,12661,1
2020-09-11,15:00:51.099000,12661,12662,12661,2
2020-09-11,15:00:51.099000,12661,12662,12661,7
2020-09-11,15:00:52.415000,12660,12662,12661,1
2020-09-11,15:00:53.762000,12660,12662,12662,20
2020-09-11,15:00:54.158000,12660,12662,12662,2
2020-09-11,15:00:56.443000,12661,12662,12662,1
2020-09-11,15:00:56.763000,12661,12663,12663,2
2020-09-11,15:00:58.435000,12661,12663,12663,1
2020-09-11,15:00:58.579000,12661,12662,12662,3
2020-09-11,15:00:59.083000,12661,12662,12662,1
2020-09-11,15:00:59.919000,12661,12662,12662,1
2020-09-11,15:00:59.919000,12661,12662,12663,14
2020-09-11,15:00:59.935000,12661,12662,12663,5
2020-09-11,15:01:00.021000,12661,12663,12663,4
2020-09-11,15:01:00.059000,12661,12663,12663,5
2020-09-11,15:01:00.059000,12661,12663,12664,1
2020-09-11,15:01:00.091000,12661,12663,12661,1
2020-09-11,15:01:00.124000,12661,12663,12663,6
2020-09-11,15:01:00.213000,12661,12663,12663,1
2020-09-11,15:01:00.213000,12661,12663,12664,1
2020-09-11,15:01:00.215000,12661,12663,12664,1
2020-09-11,15:01:00.216000,12661,12663,12664,1
2020-09-11,15:01:00.216000,12661,12663,12664,1
2020-09-11,15:01:00.266000,12661,12664,12664,1
2020-09-11,15:01:00.266000,12661,12664,12664,1
2020-09-11,15:01:00.267000,12661,12664,12664,1
2020-09-11,15:01:01.246000,12661,12662,12661,1
2020-09-11,15:01:01.311000,12661,12662,12661,1
2020-09-11,15:01:01.496000,12660,12661,12660,14
2020-09-11,15:01:01.621000,12659,12660,12659,20
2020-09-11,15:01:01.951000,12658,12660,12660,1
2020-09-11,15:01:01.990000,12658,12660,12658,2
2020-09-11,15:01:02.002000,12658,12660,12658,1
2020-09-11,15:01:02.036000,12658,12660,12658,1
2020-09-11,15:01:02.042000,12658,12660,12658,1
2020-09-11,15:01:06.621000,12658,12659,12658,5
2020-09-11,15:01:06.621000,12658,12659,12658,1
2020-09-11,15:01:06.855000,12657,12659,12659,3
2020-09-11,15:01:06.976000,12658,12659,12658,1
2020-09-11,15:01:07.167000,12657,12659,12657,1
2020-09-11,15:01:07.247000,12657,12659,12659,1
2020-09-11,15:01:10.388000,12657,12658,12657,1
2020-09-11,15:01:11.081000,12657,12658,12658,1
2020-09-11,15:01:11.357000,12657,12658,12657,1
2020-09-11,15:01:11.358000,12657,12658,12657,5
2020-09-11,15:01:11.549000,12657,12658,12658,1
2020-09-11,15:01:13.681000,12657,12658,12658,1
2020-09-11,15:01:13.897000,12657,12658,12658,1
2020-09-11,15:01:13.943000,12657,12658,12659,4
2020-09-11,15:01:14.340000,12658,12659,12659,1
2020-09-11,15:01:14.951000,12658,12660,12660,11
2020-09-11,15:01:14.951000,12658,12660,12661,4
2020-09-11,15:01:17.171000,12659,12660,12659,1
2020-09-11,15:01:20.211000,12659,12661,12659,2
2020-09-11,15:01:24.465000,12660,12661,12660,1
2020-09-11,15:01:28.147000,12660,12661,12661,7
2020-09-11,15:01:28.873000,12661,12662,12662,3
2020-09-11,15:01:31.262000,12661,12662,12661,1
2020-09-11,15:01:32.357000,12661,12662,12661,1
2020-09-11,15:01:34.125000,12661,12662,12661,7
2020-09-11,15:01:35.109000,12660,12661,12661,3
2020-09-11,15:01:36.724000,12660,12661,12660,1
2020-09-11,15:01:36.830000,12660,12661,12660,3
2020-09-11,15:01:36.830000,12660,12661,12660,8
2020-09-11,15:01:37.299000,12659,12660,12660,1
2020-09-11,15:01:39.400000,12659,12660,12659,11
2020-09-11,15:01:39.612000,12658,12659,12659,1
2020-09-11,15:01:40.204000,12658,12659,12659,1
2020-09-11,15:01:41.276000,12658,12659,12659,3
2020-09-11,15:01:41.696000,12658,12659,12658,3
2020-09-11,15:01:41.696000,12658,12659,12658,2
2020-09-11,15:01:41.744000,12658,12659,12658,1
2020-09-11,15:01:41.888000,12657,12658,12657,5
2020-09-11,15:01:42.482000,12657,12658,12658,1
2020-09-11,15:01:44.747000,12657,12658,12657,26
2020-09-11,15:01:44.887000,12656,12657,12656,5
2020-09-11,15:01:44.889000,12656,12657,12656,12
2020-09-11,15:01:44.890000,12656,12657,12656,3
2020-09-11,15:01:45.167000,12655,12656,12656,1
2020-09-11,15:01:47.057000,12655,12656,12655,1
2020-09-11,15:01:47.789000,12655,12656,12655,5
2020-09-11,15:01:48.481000,12655,12656,12655,1
2020-09-11,15:01:48.844000,12654,12655,12654,1
2020-09-11,15:01:49.023000,12654,12655,12654,1
2020-09-11,15:01:49.667000,12655,12656,12655,1
2020-09-11,15:01:49.855000,12654,12656,12654,1
2020-09-11,15:01:52.611000,12655,12656,12656,1
2020-09-11,15:01:53.357000,12655,12656,12655,1
2020-09-11,15:01:53.564000,12655,12656,12655,1
2020-09-11,15:01:54.829000,12655,12656,12655,1
2020-09-11,15:01:56.025000,12655,12656,12655,1
2020-09-11,15:01:57.223000,12655,12656,12655,8
2020-09-11,15:01:58.833000,12655,12656,12655,5
2020-09-11,15:01:59.899000,12655,12656,12655,1
2020-09-11,15:02:00.444000,12655,12656,12655,1
2020-09-11,15:02:01.162000,12655,12656,12656,1
2020-09-11,15:02:01.162000,12655,12656,12656,2
2020-09-11,15:02:01.997000,12655,12657,12657,1
2020-09-11,15:02:02.048000,12655,12657,12657,1
2020-09-11,15:02:02.105000,12655,12657,12656,1
2020-09-11,15:02:02.392000,12655,12657,12656,2
2020-09-11,15:02:02.534000,12655,12657,12657,1
2020-09-11,15:02:02.789000,12656,12657,12656,2
2020-09-11,15:02:03.260000,12656,12657,12657,1
2020-09-11,15:02:04.841000,12656,12657,12657,2
2020-09-11,15:02:06.660000,12657,12658,12658,1
2020-09-11,15:02:09.345000,12656,12658,12658,1
2020-09-11,15:02:12.339000,12657,12658,12658,1
2020-09-11,15:02:13.642000,12657,12658,12658,3
2020-09-11,15:02:17.074000,12658,12659,12658,1
2020-09-11,15:02:17.213000,12657,12659,12657,2
2020-09-11,15:02:18.642000,12657,12658,12658,1
2020-09-11,15:02:20.550000,12657,12658,12658,1
2020-09-11,15:02:27.426000,12658,12659,12658,1
2020-09-11,15:02:28.874000,12658,12659,12659,1
2020-09-11,15:02:29.047000,12659,12660,12659,1
2020-09-11,15:02:31.340000,12659,12660,12660,8
2020-09-11,15:02:33.036000,12659,12661,12661,1
2020-09-11,15:02:35.237000,12659,12661,12661,2
2020-09-11,15:02:37.079000,12659,12661,12659,1
2020-09-11,15:02:37.558000,12659,12661,12659,2
2020-09-11,15:02:40.332000,12659,12660,12660,4
2020-09-11,15:02:41.054000,12660,12661,12660,1
2020-09-11,15:02:42.238000,12659,12661,12661,4
2020-09-11,15:02:42.732000,12660,12661,12661,2
2020-09-11,15:02:45.858000,12660,12661,12661,3
2020-09-11,15:02:47.350000,12661,12662,12661,3
2020-09-11,15:02:48.596000,12661,12662,12661,1
2020-09-11,15:02:49.149000,12661,12662,12662,3
2020-09-11,15:02:51.212000,12661,12662,12662,1
2020-09-11,15:02:51.389000,12661,12663,12663,4
2020-09-11,15:02:51.912000,12662,12663,12662,5
2020-09-11,15:02:52.441000,12662,12663,12662,1
2020-09-11,15:02:53.050000,12662,12663,12662,3
2020-09-11,15:02:55.158000,12662,12663,12663,16
2020-09-11,15:02:59.496000,12662,12664,12664,1
2020-09-11,15:03:00.078000,12663,12664,12664,2
2020-09-11,15:03:00.363000,12663,12664,12664,2
2020-09-11,15:03:00.382000,12663,12664,12664,1
2020-09-11,15:03:00.382000,12663,12664,12664,1
2020-09-11,15:03:00.383000,12663,12664,12664,12
2020-09-11,15:03:00.383000,12663,12664,12664,3
2020-09-11,15:03:00.625000,12664,12665,12665,1
2020-09-11,15:03:02.399000,12664,12665,12665,6
2020-09-11,15:03:02.499000,12664,12666,12666,1
2020-09-11,15:03:02.499000,12664,12666,12666,1
2020-09-11,15:03:02.500000,12664,12666,12666,1
2020-09-11,15:03:03.191000,12664,12665,12665,2
2020-09-11,15:03:03.659000,12665,12666,12665,1
2020-09-11,15:03:05.579000,12665,12666,12666,1
2020-09-11,15:03:06.119000,12665,12666,12665,1
2020-09-11,15:03:06.945000,12664,12665,12665,1
2020-09-11,15:03:11.048000,12663,12664,12663,1
2020-09-11,15:03:11.123000,12662,12663,12663,2
2020-09-11,15:03:11.123000,12662,12663,12663,1
2020-09-11,15:03:11.123000,12662,12663,12663,1
2020-09-11,15:03:11.123000,12662,12663,12664,1
2020-09-11,15:03:11.124000,12662,12663,12664,1
2020-09-11,15:03:11.124000,12662,12663,12664,1
2020-09-11,15:03:11.124000,12662,12663,12664,1
2020-09-11,15:03:11.124000,12662,12663,12665,1
2020-09-11,15:03:11.124000,12662,12663,12665,1
2020-09-11,15:03:11.127000,12662,12663,12664,1
2020-09-11,15:03:11.127000,12662,12663,12665,1
2020-09-11,15:03:11.128000,12662,12663,12665,1
2020-09-11,15:03:11.891000,12664,12665,12664,1
2020-09-11,15:03:12.754000,12663,12664,12663,1
2020-09-11,15:03:13.370000,12663,12664,12663,1
2020-09-11,15:03:13.370000,12663,12664,12662,1
2020-09-11,15:03:15.890000,12662,12663,12662,1
2020-09-11,15:03:18.494000,12662,12663,12662,1
2020-09-11,15:03:19.231000,12661,12662,12662,2
2020-09-11,15:03:19.247000,12661,12663,12663,1
2020-09-11,15:03:19.249000,12661,12663,12663,1
2020-09-11,15:03:19.250000,12661,12663,12663,1
2020-09-11,15:03:19.716000,12661,12663,12661,2
2020-09-11,15:03:23.627000,12661,12663,12663,1
2020-09-11,15:03:32.403000,12662,12663,12663,2
2020-09-11,15:03:37.102000,12663,12664,12663,1
2020-09-11,15:03:37.122000,12663,12664,12664,1
2020-09-11,15:03:37.123000,12663,12664,12664,1
2020-09-11,15:03:37.123000,12663,12664,12664,1
2020-09-11,15:03:39.854000,12663,12664,12663,1
2020-09-11,15:03:39.854000,12663,12664,12663,2
2020-09-11,15:03:39.854000,12663,12664,12663,2
2020-09-11,15:03:39.854000,12663,12664,12663,4
2020-09-11,15:03:39.872000,12662,12663,12663,1
2020-09-11,15:03:39.874000,12662,12663,12663,1
2020-09-11,15:03:39.874000,12662,12663,12663,1
2020-09-11,15:03:41.816000,12662,12663,12662,3
2020-09-11,15:03:47.583000,12661,12662,12662,4
2020-09-11,15:03:51.896000,12661,12662,12662,2
2020-09-11,15:03:52.014000,12662,12663,12662,1
2020-09-11,15:03:52.039000,12662,12663,12662,2
2020-09-11,15:03:56.310000,12662,12663,12662,1
2020-09-11,15:03:56.563000,12662,12663,12662,6
2020-09-11,15:03:57.258000,12661,12662,12662,10
2020-09-11,15:03:57.258000,12661,12662,12662,1
2020-09-11,15:03:57.258000,12661,12662,12662,5
2020-09-11,15:03:57.332000,12661,12662,12662,1
2020-09-11,15:03:58.470000,12662,12663,12662,2
2020-09-11,15:04:00.133000,12661,12662,12662,1
2020-09-11,15:04:04.694000,12662,12663,12662,2
2020-09-11,15:04:05.150000,12661,12662,12662,1
2020-09-11,15:04:17.446000,12661,12662,12661,8
2020-09-11,15:04:17.447000,12661,12662,12661,1
2020-09-11,15:04:21.934000,12661,12662,12661,1
2020-09-11,15:04:22.516000,12660,12661,12660,1
2020-09-11,15:04:23.941000,12660,12661,12660,3
2020-09-11,15:04:25.751000,12660,12661,12660,1
2020-09-11,15:04:28.175000,12660,12661,12661,1
2020-09-11,15:04:33.028000,12660,12661,12661,3
2020-09-11,15:04:33.893000,12660,12661,12661,3
2020-09-11,15:04:38.232000,12660,12661,12661,1
2020-09-11,15:04:39.810000,12661,12662,12661,1
2020-09-11,15:04:41.876000,12661,12662,12662,1
2020-09-11,15:04:41.876000,12661,12662,12662,12
2020-09-11,15:04:41.876000,12661,12662,12662,4
2020-09-11,15:04:41.877000,12661,12662,12662,1
2020-09-11,15:04:46.271000,12662,12663,12662,2
2020-09-11,15:04:50.259000,12661,12662,12662,3
2020-09-11,15:04:58.581000,12661,12662,12662,1
2020-09-11,15:04:58.738000,12662,12663,12663,4
2020-09-11,15:04:58.934000,12663,12664,12663,1
2020-09-11,15:04:59.157000,12663,12664,12663,1
2020-09-11,15:05:09.966000,12662,12663,12663,2
2020-09-11,15:05:11.082000,12663,12664,12664,1
2020-09-11,15:05:12.628000,12663,12664,12664,5
2020-09-11,15:05:12.628000,12663,12664,12664,3
2020-09-11,15:05:12.666000,12663,12664,12665,1
2020-09-11,15:05:12.972000,12664,12665,12665,3
2020-09-11,15:05:13.294000,12664,12665,12665,3
2020-09-11,15:05:15.137000,12664,12665,12665,2
2020-09-11,15:05:15.383000,12664,12666,12664,2
2020-09-11,15:05:18.553000,12664,12665,12665,3
2020-09-11,15:05:19.909000,12665,12666,12665,1
2020-09-11,15:05:20.080000,12665,12666,12665,1
2020-09-11,15:05:20.494000,12665,12666,12666,29
2020-09-11,15:05:21.546000,12666,12667,12666,2
2020-09-11,15:05:22.824000,12666,12667,12666,1
2020-09-11,15:05:23.258000,12666,12667,12667,1
2020-09-11,15:05:23.258000,12666,12667,12667,1
2020-09-11,15:05:23.258000,12666,12667,12667,10
2020-09-11,15:05:23.258000,12666,12667,12667,4
2020-09-11,15:05:23.258000,12666,12667,12667,4
2020-09-11,15:05:24.671000,12666,12667,12666,1
2020-09-11,15:05:25.413000,12666,12667,12667,2
2020-09-11,15:05:25.645000,12666,12667,12666,1
2020-09-11,15:05:26.155000,12666,12667,12666,1
2020-09-11,15:05:27.676000,12666,12667,12667,1
2020-09-11,15:05:28.079000,12666,12667,12667,1
2020-09-11,15:05:30.080000,12666,12667,12667,1
2020-09-11,15:05:30.973000,12666,12667,12667,1
2020-09-11,15:05:31.433000,12666,12667,12666,1
2020-09-11,15:05:31.978000,12666,12667,12667,1
2020-09-11,15:05:32.747000,12666,12667,12667,1
2020-09-11,15:05:34.975000,12666,12667,12667,1
2020-09-11,15:05:34.979000,12666,12667,12667,1
2020-09-11,15:05:35.114000,12666,12668,12666,1
2020-09-11,15:05:37.263000,12666,12668,12668,3
2020-09-11,15:05:37.580000,12667,12668,12667,3
2020-09-11,15:05:37.718000,12667,12668,12667,3
2020-09-11,15:05:37.718000,12667,12668,12666,2
2020-09-11,15:05:38.001000,12666,12668,12668,1
2020-09-11,15:05:38.435000,12666,12668,12668,13
2020-09-11,15:05:39.484000,12668,12669,12668,1
2020-09-11,15:05:40.126000,12668,12669,12669,9
2020-09-11,15:05:40.458000,12669,12670,12670,1
2020-09-11,15:05:40.479000,12669,12670,12670,1
2020-09-11,15:05:40.601000,12669,12670,12670,1
2020-09-11,15:05:40.644000,12669,12670,12670,1
2020-09-11,15:05:41.285000,12669,12670,12669,1
2020-09-11,15:05:41.785000,12669,12670,12670,40
2020-09-11,15:05:41.786000,12669,12670,12670,6
2020-09-11,15:05:42.371000,12670,12671,12671,4
2020-09-11,15:05:42.769000,12670,12672,12672,1
2020-09-11,15:05:42.772000,12670,12672,12672,2
2020-09-11,15:05:43.033000,12670,12671,12671,2
2020-09-11,15:05:43.048000,12670,12671,12671,2
2020-09-11,15:05:43.108000,12670,12671,12672,3
2020-09-11,15:05:43.266000,12670,12672,12672,1
2020-09-11,15:05:43.311000,12670,12672,12672,1
2020-09-11,15:05:44.085000,12671,12672,12671,1
2020-09-11,15:05:44.090000,12671,12672,12672,3
2020-09-11,15:05:45.284000,12670,12672,12670,1
2020-09-11,15:05:46.971000,12670,12671,12671,1
2020-09-11,15:05:47.306000,12670,12671,12671,2
2020-09-11,15:05:47.372000,12670,12671,12671,1
2020-09-11,15:05:48.236000,12670,12671,12670,1
2020-09-11,15:05:50.671000,12669,12671,12671,1
2020-09-11,15:05:52.140000,12669,12670,12670,1
2020-09-11,15:05:53.963000,12669,12670,12670,2
2020-09-11,15:05:56.303000,12669,12671,12671,2
2020-09-11,15:05:57.289000,12669,12671,12671,1
2020-09-11,15:05:57.374000,12670,12671,12671,1
2020-09-11,15:05:57.734000,12670,12671,12670,1
2020-09-11,15:05:57.840000,12670,12671,12671,2
2020-09-11,15:05:59.814000,12670,12671,12671,1
2020-09-11,15:05:59.976000,12670,12671,12670,2
2020-09-11,15:06:00.320000,12670,12671,12671,1
2020-09-11,15:06:00.408000,12670,12671,12670,1
2020-09-11,15:06:00.812000,12670,12671,12671,2
2020-09-11,15:06:02.251000,12670,12671,12670,3
2020-09-11,15:06:02.254000,12670,12671,12670,1
2020-09-11,15:06:02.786000,12669,12671,12671,1
2020-09-11,15:06:02.938000,12669,12671,12671,1
2020-09-11,15:06:05.355000,12670,12671,12670,1
2020-09-11,15:06:08.745000,12669,12670,12670,3
2020-09-11,15:06:12.053000,12669,12670,12669,18
2020-09-11,15:06:12.122000,12668,12669,12669,1
2020-09-11,15:06:13.516000,12668,12669,12669,1
2020-09-11,15:06:13.516000,12668,12669,12670,3
2020-09-11,15:06:14.385000,12668,12670,12670,2
2020-09-11,15:06:22.870000,12668,12669,12669,2
2020-09-11,15:06:22.995000,12668,12670,12669,1
2020-09-11,15:06:23.045000,12668,12669,12669,1
2020-09-11,15:06:23.661000,12668,12669,12669,1
2020-09-11,15:06:24.051000,12668,12669,12669,1
2020-09-11,15:06:27.287000,12668,12669,12669,1
2020-09-11,15:06:28.001000,12668,12670,12668,1
2020-09-11,15:06:28.122000,12668,12669,12669,1
2020-09-11,15:06:28.124000,12668,12669,12669,1
2020-09-11,15:06:28.124000,12668,12669,12669,1
2020-09-11,15:06:38.072000,12669,12670,12669,1
2020-09-11,15:06:39.177000,12669,12670,12669,1
2020-09-11,15:06:41.399000,12669,12670,12670,22
2020-09-11,15:06:41.400000,12669,12670,12670,9
2020-09-11,15:06:41.418000,12669,12670,12670,1
2020-09-11,15:06:41.536000,12670,12671,12670,1
2020-09-11,15:06:43.345000,12670,12671,12670,1
2020-09-11,15:06:46.700000,12670,12671,12671,16
2020-09-11,15:06:47.094000,12670,12671,12670,1
2020-09-11,15:06:48.963000,12670,12671,12670,1
2020-09-11,15:06:50.018000,12670,12671,12670,2
2020-09-11,15:06:51.140000,12670,12671,12670,2
2020-09-11,15:06:55.806000,12669,12670,12670,1
2020-09-11,15:06:58.587000,12670,12671,12670,1
2020-09-11,15:06:58.634000,12670,12671,12670,5
2020-09-11,15:06:59.693000,12669,12671,12671,1
2020-09-11,15:07:00.454000,12669,12671,12669,1
2020-09-11,15:07:03.852000,12670,12671,12670,3
2020-09-11,15:07:03.872000,12669,12671,12671,1
2020-09-11,15:07:03.874000,12669,12671,12671,1
2020-09-11,15:07:03.877000,12669,12671,12671,1
2020-09-11,15:07:03.877000,12669,12671,12671,1
2020-09-11,15:07:03.936000,12669,12671,12670,1
2020-09-11,15:07:04.323000,12670,12671,12671,1
2020-09-11,15:07:08.104000,12669,12670,12670,1
2020-09-11,15:07:10.757000,12669,12670,12669,11
2020-09-11,15:07:10.873000,12668,12669,12669,1
2020-09-11,15:07:10.874000,12668,12669,12669,1
2020-09-11,15:07:10.876000,12668,12669,12669,1
2020-09-11,15:07:11.461000,12668,12669,12669,1
2020-09-11,15:07:12.923000,12668,12670,12669,1
2020-09-11,15:07:13.134000,12668,12669,12669,1
2020-09-11,15:07:15.620000,12668,12670,12668,1
2020-09-11,15:07:21.829000,12668,12669,12669,1
2020-09-11,15:07:22.255000,12668,12670,12670,1
2020-09-11,15:07:22.372000,12669,12670,12670,1
2020-09-11,15:07:22.373000,12669,12670,12670,1
2020-09-11,15:07:22.373000,12669,12670,12670,1
2020-09-11,15:07:22.373000,12669,12670,12671,1
2020-09-11,15:07:22.374000,12669,12670,12671,1
2020-09-11,15:07:22.374000,12669,12670,12671,1
2020-09-11,15:07:22.374000,12669,12670,12671,1
2020-09-11,15:07:22.374000,12669,12670,12671,1
2020-09-11,15:07:22.374000,12669,12670,12671,1
2020-09-11,15:07:22.374000,12669,12670,12671,1
2020-09-11,15:07:22.375000,12669,12670,12671,1
2020-09-11,15:07:22.376000,12669,12670,12671,1
2020-09-11,15:07:26.282000,12669,12670,12670,1
2020-09-11,15:07:27.592000,12669,12670,12670,1
2020-09-11,15:07:27.622000,12669,12671,12671,1
2020-09-11,15:07:28.871000,12669,12671,12669,1
2020-09-11,15:07:39.094000,12669,12670,12670,1
2020-09-11,15:07:41.732000,12669,12670,12670,1
2020-09-11,15:07:41.749000,12669,12670,12670,1
2020-09-11,15:07:41.749000,12669,12670,12670,1
2020-09-11,15:07:41.750000,12669,12670,12670,1
2020-09-11,15:07:57.995000,12669,12670,12669,1
2020-09-11,15:08:01.132000,12669,12670,12670,1
2020-09-11,15:08:01.811000,12669,12670,12670,2
2020-09-11,15:08:03.499000,12669,12670,12669,3
2020-09-11,15:08:05.508000,12668,12669,12669,3
2020-09-11,15:08:05.577000,12668,12669,12669,1
2020-09-11,15:08:11.367000,12668,12669,12668,18
2020-09-11,15:08:11.659000,12667,12668,12667,1
2020-09-11,15:08:13.874000,12667,12668,12667,1
2020-09-11,15:08:15.692000,12666,12667,12667,1
2020-09-11,15:08:20.995000,12666,12667,12667,1
2020-09-11,15:08:23.874000,12666,12667,12666,1
2020-09-11,15:08:23.874000,12666,12667,12666,5
2020-09-11,15:08:23.981000,12666,12667,12665,1
2020-09-11,15:08:23.981000,12666,12667,12665,2
2020-09-11,15:08:23.991000,12666,12667,12665,1
2020-09-11,15:08:23.991000,12666,12667,12664,1
2020-09-11,15:08:24.758000,12664,12666,12666,1
2020-09-11,15:08:28.236000,12665,12666,12665,1
2020-09-11,15:08:29.865000,12665,12666,12666,3
2020-09-11,15:08:30.401000,12666,12667,12666,1
2020-09-11,15:08:30.446000,12666,12667,12666,1
2020-09-11,15:08:30.570000,12666,12667,12666,1
2020-09-11,15:08:32.580000,12666,12667,12666,1
2020-09-11,15:08:33.516000,12666,12667,12666,1
2020-09-11,15:08:34.263000,12666,12667,12666,1
2020-09-11,15:08:34.977000,12665,12666,12665,1
2020-09-11,15:08:36.822000,12665,12666,12666,1
2020-09-11,15:08:36.823000,12665,12666,12666,1
2020-09-11,15:08:40.574000,12665,12666,12665,9
2020-09-11,15:08:40.574000,12665,12666,12665,1
2020-09-11,15:08:40.631000,12664,12665,12665,1
2020-09-11,15:08:40.674000,12664,12665,12665,1
2020-09-11,15:08:40.734000,12664,12665,12665,1
2020-09-11,15:08:40.734000,12664,12665,12665,3
2020-09-11,15:08:41.715000,12664,12665,12665,1
2020-09-11,15:08:42.003000,12664,12665,12664,1
2020-09-11,15:08:45.417000,12664,12665,12664,3
2020-09-11,15:08:45.902000,12663,12665,12663,1
2020-09-11,15:08:50.387000,12664,12665,12664,1
2020-09-11,15:08:50.581000,12663,12665,12663,1
2020-09-11,15:08:53.151000,12663,12664,12664,1
2020-09-11,15:09:01.716000,12664,12665,12665,3
2020-09-11,15:09:01.716000,12664,12665,12665,26
2020-09-11,15:09:01.716000,12664,12665,12665,16
2020-09-11,15:09:01.717000,12664,12665,12665,1
2020-09-11,15:09:01.717000,12664,12665,12665,3
2020-09-11,15:09:01.717000,12664,12665,12665,5
2020-09-11,15:09:02.176000,12665,12666,12666,1
2020-09-11,15:09:02.545000,12665,12666,12666,1
2020-09-11,15:09:12.290000,12666,12667,12667,4
2020-09-11,15:09:12.290000,12666,12667,12668,4
2020-09-11,15:09:23.134000,12666,12667,12667,1
2020-09-11,15:09:24.164000,12666,12667,12666,1
2020-09-11,15:09:24.929000,12666,12667,12666,3
2020-09-11,15:09:29.011000,12665,12666,12666,1
2020-09-11,15:09:29.011000,12665,12666,12666,1
2020-09-11,15:09:29.586000,12666,12668,12668,1
2020-09-11,15:09:32.319000,12666,12668,12666,1
2020-09-11,15:09:36.888000,12666,12667,12666,1
2020-09-11,15:09:37.635000,12665,12667,12667,1
2020-09-11,15:09:43.598000,12666,12667,12666,1
2020-09-11,15:09:43.722000,12666,12667,12667,1
2020-09-11,15:10:01.595000,12665,12666,12667,1
2020-09-11,15:10:01.976000,12665,12667,12667,1
2020-09-11,15:10:02.077000,12665,12667,12667,1
2020-09-11,15:10:02.289000,12665,12667,12667,2
2020-09-11,15:10:10.192000,12665,12666,12666,4
2020-09-11,15:10:14.489000,12665,12666,12666,1
2020-09-11,15:10:17.411000,12665,12666,12666,1
2020-09-11,15:10:20.484000,12665,12666,12665,5
2020-09-11,15:10:21.681000,12665,12666,12665,1
2020-09-11,15:10:21.681000,12665,12666,12665,1
2020-09-11,15:10:21.681000,12665,12666,12665,1
2020-09-11,15:10:21.682000,12665,12666,12665,8
2020-09-11,15:10:22.066000,12664,12665,12665,1
2020-09-11,15:10:26.268000,12664,12665,12665,1
2020-09-11,15:10:28.517000,12664,12665,12664,5
2020-09-11,15:10:31.646000,12663,12665,12665,1
2020-09-11,15:10:32.530000,12663,12664,12663,1
2020-09-11,15:10:32.576000,12663,12664,12663,2
2020-09-11,15:10:32.583000,12663,12664,12663,2
2020-09-11,15:10:32.993000,12663,12664,12663,1
2020-09-11,15:10:33.302000,12662,12664,12662,1
2020-09-11,15:10:33.478000,12662,12664,12662,1
2020-09-11,15:10:35.755000,12662,12664,12662,3
2020-09-11,15:10:36.957000,12662,12663,12662,1
2020-09-11,15:10:41.094000,12662,12663,12662,3
2020-09-11,15:10:43.944000,12662,12663,12662,1
2020-09-11,15:10:49.282000,12662,12663,12662,5
2020-09-11,15:10:54.981000,12662,12663,12663,1
2020-09-11,15:11:00.512000,12663,12664,12663,1
2020-09-11,15:11:03.891000,12663,12664,12663,1
2020-09-11,15:11:03.891000,12663,12664,12663,1
2020-09-11,15:11:04.851000,12662,12663,12663,1
2020-09-11,15:11:08.514000,12662,12663,12663,1
2020-09-11,15:11:10.482000,12662,12663,12663,1
2020-09-11,15:11:13.782000,12662,12663,12663,1
2020-09-11,15:11:14.840000,12662,12663,12662,9
2020-09-11,15:11:21.749000,12661,12662,12662,1
2020-09-11,15:11:29.392000,12661,12662,12661,1
2020-09-11,15:11:29.991000,12661,12662,12662,1
2020-09-11,15:11:36.315000,12661,12662,12662,1
2020-09-11,15:11:36.372000,12661,12662,12662,1
2020-09-11,15:11:37.597000,12661,12662,12661,2
2020-09-11,15:11:47.860000,12661,12662,12661,1
2020-09-11,15:11:47.993000,12661,12662,12661,2
2020-09-11,15:11:48.041000,12661,12662,12661,9
2020-09-11,15:11:48.041000,12661,12662,12661,1
2020-09-11,15:11:49.768000,12661,12662,12661,1
2020-09-11,15:11:51.012000,12661,12662,12661,1
2020-09-11,15:11:53.193000,12661,12662,12661,2
2020-09-11,15:11:53.193000,12661,12662,12660,1
2020-09-11,15:11:54.135000,12660,12662,12662,1
2020-09-11,15:12:11.444000,12661,12662,12661,1
2020-09-11,15:12:11.444000,12661,12662,12661,11
2020-09-11,15:12:12.683000,12660,12661,12660,18
2020-09-11,15:12:13.426000,12659,12660,12659,5
2020-09-11,15:12:13.585000,12659,12660,12659,1
2020-09-11,15:12:15.625000,12658,12659,12659,1
2020-09-11,15:12:15.766000,12658,12659,12659,1
2020-09-11,15:12:17.640000,12658,12659,12659,1
2020-09-11,15:12:17.640000,12658,12659,12659,1
2020-09-11,15:12:17.988000,12659,12660,12659,1
2020-09-11,15:12:18.640000,12659,12660,12659,1
2020-09-11,15:12:19.998000,12658,12660,12658,2
2020-09-11,15:12:20.448000,12658,12659,12658,4
2020-09-11,15:12:22.240000,12658,12659,12659,1
2020-09-11,15:12:22.906000,12658,12659,12659,2
2020-09-11,15:12:25.380000,12659,12660,12660,1
2020-09-11,15:12:25.402000,12659,12660,12660,1
2020-09-11,15:12:27.061000,12659,12661,12659,1
2020-09-11,15:12:29.826000,12659,12661,12659,1
2020-09-11,15:12:36.452000,12660,12661,12660,1
2020-09-11,15:12:37.179000,12660,12661,12660,1
2020-09-11,15:12:37.431000,12659,12661,12659,1
2020-09-11,15:12:38.823000,12660,12661,12660,1
2020-09-11,15:12:43.682000,12660,12661,12661,1
2020-09-11,15:12:48.343000,12660,12661,12661,1
2020-09-11,15:12:49.652000,12660,12662,12661,1
2020-09-11,15:12:55.371000,12660,12661,12661,1
2020-09-11,15:12:57.380000,12660,12661,12661,1
2020-09-11,15:12:58.313000,12661,12662,12661,5
2020-09-11,15:13:02.280000,12661,12662,12662,1
2020-09-11,15:13:03.043000,12661,12662,12662,1
2020-09-11,15:13:09.331000,12661,12662,12661,3
2020-09-11,15:13:09.571000,12660,12661,12661,1
2020-09-11,15:13:11.786000,12660,12661,12661,1
2020-09-11,15:13:17.156000,12661,12662,12661,1
2020-09-11,15:13:30.840000,12660,12661,12660,2
2020-09-11,15:13:35.167000,12659,12660,12660,1
2020-09-11,15:13:41.999000,12660,12661,12661,6
2020-09-11,15:13:50.810000,12660,12661,12661,1
2020-09-11,15:13:53.800000,12660,12661,12660,2
2020-09-11,15:14:12.791000,12660,12661,12660,1
2020-09-11,15:14:13.527000,12660,12661,12661,1
2020-09-11,15:14:16.862000,12660,12661,12660,4
2020-09-11,15:14:21.905000,12659,12660,12660,4
2020-09-11,15:14:21.906000,12659,12660,12660,1
2020-09-11,15:14:32.405000,12659,12660,12660,1
2020-09-11,15:14:41.326000,12660,12661,12660,1
2020-09-11,15:14:43.950000,12660,12661,12661,4
2020-09-11,15:14:43.950000,12660,12661,12661,9
2020-09-11,15:15:05.331000,12661,12662,12661,3
2020-09-11,15:15:05.630000,12660,12661,12661,2
2020-09-11,15:15:05.723000,12660,12661,12662,2
2020-09-11,15:15:06.048000,12660,12662,12662,1
2020-09-11,15:15:06.123000,12661,12662,12662,1
2020-09-11,15:15:06.123000,12661,12662,12662,1
2020-09-11,15:15:06.274000,12661,12662,12662,1
2020-09-11,15:15:06.274000,12661,12662,12663,2
2020-09-11,15:15:07.165000,12661,12663,12661,1
2020-09-11,15:15:09.025000,12661,12663,12663,1
2020-09-11,15:15:09.123000,12661,12663,12663,1
2020-09-11,15:15:09.124000,12661,12663,12663,1
2020-09-11,15:15:09.325000,12662,12663,12663,1
2020-09-11,15:15:09.424000,12662,12663,12663,1
2020-09-11,15:15:15.652000,12661,12662,12661,2
2020-09-11,15:15:20.346000,12660,12661,12660,22
2020-09-11,15:15:22.882000,12659,12660,12660,1
2020-09-11,15:15:24.649000,12660,12661,12660,3
2020-09-11,15:15:26.250000,12660,12661,12660,1
2020-09-11,15:15:31.494000,12661,12662,12661,1
2020-09-11,15:15:35.675000,12660,12661,12660,1
2020-09-11,15:15:35.945000,12659,12660,12660,1
2020-09-11,15:15:48.207000,12660,12661,12661,1
2020-09-11,15:15:51.391000,12661,12662,12662,1
2020-09-11,15:15:51.391000,12661,12662,12662,2
2020-09-11,15:15:51.391000,12661,12662,12662,1
2020-09-11,15:15:51.497000,12662,12663,12663,1
2020-09-11,15:15:51.499000,12662,12663,12663,1
2020-09-11,15:15:51.500000,12662,12663,12663,1
2020-09-11,15:15:52.492000,12662,12663,12663,4
2020-09-11,15:15:52.493000,12662,12663,12663,1
2020-09-11,15:15:54.452000,12662,12663,12663,1
2020-09-11,15:15:57.127000,12662,12663,12663,1
2020-09-11,15:15:58.575000,12663,12664,12664,4
2020-09-11,15:15:58.576000,12663,12664,12664,6
2020-09-11,15:15:59.355000,12664,12665,12665,1
2020-09-11,15:15:59.504000,12664,12665,12664,1
2020-09-11,15:15:59.969000,12664,12665,12665,3
2020-09-11,15:16:00.090000,12664,12665,12665,1
2020-09-11,15:16:01.452000,12664,12665,12665,1
2020-09-11,15:16:01.452000,12664,12665,12665,3
2020-09-11,15:16:01.498000,12664,12666,12666,1
2020-09-11,15:16:01.516000,12664,12666,12666,1
2020-09-11,15:16:02.200000,12664,12666,12666,1
2020-09-11,15:16:02.975000,12665,12666,12666,1
2020-09-11,15:16:03.304000,12665,12666,12666,4
2020-09-11,15:16:03.304000,12665,12666,12667,1
2020-09-11,15:16:03.710000,12665,12667,12666,3
2020-09-11,15:16:04.004000,12665,12667,12665,1
2020-09-11,15:16:04.160000,12665,12666,12666,1
2020-09-11,15:16:08.091000,12665,12666,12666,4
2020-09-11,15:16:08.092000,12665,12666,12666,1
2020-09-11,15:16:12.918000,12665,12666,12666,1
2020-09-11,15:16:12.997000,12665,12666,12666,1
2020-09-11,15:16:12.998000,12665,12666,12666,1
2020-09-11,15:16:12.998000,12665,12666,12667,1
2020-09-11,15:16:12.998000,12665,12666,12667,1
2020-09-11,15:16:12.998000,12665,12666,12667,1
2020-09-11,15:16:12.998000,12665,12666,12667,1
2020-09-11,15:16:12.999000,12665,12666,12667,1
2020-09-11,15:16:12.999000,12665,12666,12667,1
2020-09-11,15:16:12.999000,12665,12666,12667,1
2020-09-11,15:16:13.001000,12665,12666,12667,1
2020-09-11,15:16:13.001000,12665,12666,12667,1
2020-09-11,15:16:13.001000,12665,12666,12667,1
2020-09-11,15:16:13.002000,12665,12666,12667,1
2020-09-11,15:16:13.002000,12665,12666,12667,1
2020-09-11,15:16:13.002000,12665,12666,12667,1
2020-09-11,15:16:13.398000,12666,12668,12666,1
2020-09-11,15:16:16.643000,12666,12667,12667,5
2020-09-11,15:16:17.746000,12666,12668,12668,1
2020-09-11,15:16:17.872000,12666,12668,12668,2
2020-09-11,15:16:17.873000,12666,12668,12668,1
2020-09-11,15:16:17.873000,12666,12668,12668,1
2020-09-11,15:16:17.873000,12666,12668,12668,1
2020-09-11,15:16:17.873000,12666,12668,12668,1
2020-09-11,15:16:17.873000,12666,12668,12668,1
2020-09-11,15:16:17.874000,12666,12668,12668,1
2020-09-11,15:16:17.875000,12666,12668,12668,1
2020-09-11,15:16:17.875000,12666,12668,12668,1
2020-09-11,15:16:17.876000,12666,12668,12668,1
2020-09-11,15:16:17.876000,12666,12668,12668,1
2020-09-11,15:16:17.879000,12666,12668,12669,1
2020-09-11,15:16:18.076000,12667,12669,12669,2
2020-09-11,15:16:20.322000,12667,12668,12668,1
2020-09-11,15:16:23.651000,12667,12669,12669,1
2020-09-11,15:16:24.539000,12667,12669,12669,5
2020-09-11,15:16:26.441000,12667,12669,12669,5
2020-09-11,15:16:28.081000,12668,12669,12669,5
2020-09-11,15:16:28.121000,12668,12669,12669,1
2020-09-11,15:16:28.122000,12668,12669,12670,1
2020-09-11,15:16:28.122000,12668,12669,12670,2
2020-09-11,15:16:28.124000,12668,12669,12670,1
2020-09-11,15:16:28.124000,12668,12669,12670,1
2020-09-11,15:16:28.125000,12668,12669,12670,1
2020-09-11,15:16:29.330000,12669,12670,12669,1
2020-09-11,15:16:32.291000,12669,12670,12670,5
2020-09-11,15:16:33.482000,12669,12670,12670,5
2020-09-11,15:16:34.727000,12669,12670,12670,5
2020-09-11,15:16:36.187000,12669,12670,12669,1
2020-09-11,15:16:36.886000,12669,12670,12670,5
2020-09-11,15:16:36.889000,12669,12670,12670,3
2020-09-11,15:16:39.770000,12669,12670,12670,5
2020-09-11,15:16:39.872000,12669,12671,12671,1
2020-09-11,15:16:39.873000,12669,12671,12671,1
2020-09-11,15:16:39.873000,12669,12671,12671,1
2020-09-11,15:16:39.873000,12669,12671,12671,1
2020-09-11,15:16:39.874000,12669,12671,12671,1
2020-09-11,15:16:39.874000,12669,12671,12671,1
2020-09-11,15:16:39.874000,12669,12671,12671,1
2020-09-11,15:16:39.874000,12669,12671,12671,1
2020-09-11,15:16:39.874000,12669,12671,12671,1
2020-09-11,15:16:39.874000,12669,12671,12671,1
2020-09-11,15:16:39.876000,12669,12671,12671,1
2020-09-11,15:16:39.876000,12669,12671,12671,1
2020-09-11,15:16:42.500000,12670,12671,12670,1
2020-09-11,15:16:42.901000,12669,12670,12670,4
2020-09-11,15:16:42.901000,12669,12670,12671,1
2020-09-11,15:16:44.286000,12670,12671,12671,5
2020-09-11,15:16:45.348000,12670,12671,12670,1
2020-09-11,15:16:45.348000,12670,12671,12670,2
2020-09-11,15:16:46.387000,12669,12670,12670,1
2020-09-11,15:16:47.771000,12669,12670,12670,3
2020-09-11,15:16:47.877000,12669,12670,12670,1
2020-09-11,15:16:48.009000,12669,12670,12670,1
2020-09-11,15:16:48.743000,12669,12670,12669,1
2020-09-11,15:16:49.547000,12669,12670,12669,2
2020-09-11,15:16:49.855000,12668,12670,12670,1
2020-09-11,15:16:51.975000,12668,12670,12668,1
2020-09-11,15:16:52.198000,12668,12670,12668,1
2020-09-11,15:16:55.287000,12668,12670,12670,2
2020-09-11,15:16:56.787000,12668,12669,12669,1
2020-09-11,15:16:58.410000,12668,12669,12669,3
2020-09-11,15:16:59.263000,12669,12670,12669,1
2020-09-11,15:16:59.696000,12668,12669,12669,1
2020-09-11,15:17:02.002000,12668,12669,12669,3
2020-09-11,15:17:02.002000,12668,12669,12670,2
2020-09-11,15:17:02.765000,12668,12670,12670,1
2020-09-11,15:17:03.465000,12668,12670,12670,1
2020-09-11,15:17:03.567000,12668,12670,12670,5
2020-09-11,15:17:03.727000,12669,12670,12670,1
2020-09-11,15:17:04.798000,12669,12670,12670,1
2020-09-11,15:17:05.366000,12669,12670,12670,1
2020-09-11,15:17:05.371000,12669,12670,12670,1
2020-09-11,15:17:07.294000,12670,12671,12671,2
2020-09-11,15:17:10.149000,12670,12671,12670,5
2020-09-11,15:17:10.312000,12669,12670,12670,1
2020-09-11,15:17:10.629000,12669,12670,12670,1
2020-09-11,15:17:11.913000,12669,12670,12670,7
2020-09-11,15:17:11.913000,12669,12670,12671,19
2020-09-11,15:17:11.913000,12669,12670,12672,34
2020-09-11,15:17:11.996000,12671,12672,12672,6
2020-09-11,15:17:13.491000,12671,12673,12673,6
2020-09-11,15:17:13.590000,12672,12673,12673,4
2020-09-11,15:17:13.612000,12672,12673,12673,4
2020-09-11,15:17:13.613000,12672,12673,12673,2
2020-09-11,15:17:13.613000,12672,12673,12673,18
2020-09-11,15:17:13.613000,12672,12673,12673,8
2020-09-11,15:17:13.614000,12672,12673,12673,2
2020-09-11,15:17:13.689000,12673,12674,12674,1
2020-09-11,15:17:13.843000,12673,12674,12674,1
2020-09-11,15:17:13.844000,12673,12674,12673,1
2020-09-11,15:17:13.877000,12673,12674,12674,1
2020-09-11,15:17:14.022000,12673,12674,12674,2
2020-09-11,15:17:14.678000,12672,12674,12674,1
2020-09-11,15:17:14.788000,12672,12674,12672,1
2020-09-11,15:17:14.988000,12672,12674,12674,1
2020-09-11,15:17:15.073000,12672,12674,12672,1
2020-09-11,15:17:18.795000,12670,12671,12671,4
2020-09-11,15:17:18.913000,12670,12672,12670,5
2020-09-11,15:17:19.760000,12669,12671,12669,5
2020-09-11,15:17:19.936000,12669,12670,12670,1
2020-09-11,15:17:22.797000,12669,12670,12670,1
2020-09-11,15:17:23.799000,12669,12670,12670,1
2020-09-11,15:17:24.110000,12670,12671,12670,1
2020-09-11,15:17:27.453000,12670,12671,12670,2
2020-09-11,15:17:27.453000,12670,12671,12669,1
2020-09-11,15:17:37.349000,12668,12669,12668,1
2020-09-11,15:17:39.461000,12668,12669,12668,2
2020-09-11,15:17:39.461000,12668,12669,12668,3
2020-09-11,15:17:39.461000,12668,12669,12668,1
2020-09-11,15:17:40.548000,12667,12668,12668,1
2020-09-11,15:17:40.635000,12667,12668,12668,1
2020-09-11,15:17:44.743000,12667,12669,12667,3
2020-09-11,15:17:45.266000,12667,12669,12667,1
2020-09-11,15:17:45.732000,12668,12669,12668,1
2020-09-11,15:17:47.693000,12667,12669,12668,3
2020-09-11,15:17:48.286000,12667,12669,12667,1
2020-09-11,15:17:49.006000,12667,12668,12668,1
2020-09-11,15:17:51.674000,12667,12668,12667,2
2020-09-11,15:17:51.947000,12666,12667,12667,2
2020-09-11,15:17:55.426000,12667,12668,12667,3
2020-09-11,15:17:55.960000,12667,12668,12667,1
2020-09-11,15:17:58.895000,12666,12668,12666,4
2020-09-11,15:18:01.050000,12666,12667,12666,3
2020-09-11,15:18:01.050000,12666,12667,12665,1
2020-09-11,15:18:01.456000,12665,12667,12667,1
2020-09-11,15:18:01.509000,12666,12667,12667,1
2020-09-11,15:18:01.735000,12666,12668,12668,1
2020-09-11,15:18:01.751000,12666,12668,12668,1
2020-09-11,15:18:06.041000,12667,12668,12668,7
2020-09-11,15:18:07.790000,12668,12669,12669,2
2020-09-11,15:18:07.790000,12668,12669,12670,3
2020-09-11,15:18:07.977000,12668,12670,12668,1
2020-09-11,15:18:10.256000,12668,12670,12670,5
2020-09-11,15:18:13.420000,12668,12669,12669,2
2020-09-11,15:18:16.911000,12668,12669,12668,1
2020-09-11,15:18:19.533000,12668,12669,12668,2
2020-09-11,15:18:20.190000,12667,12669,12667,3
2020-09-11,15:18:21.113000,12667,12669,12669,1
2020-09-11,15:18:22.208000,12667,12669,12667,3
2020-09-11,15:18:23.922000,12668,12669,12668,3
2020-09-11,15:18:28.370000,12667,12668,12668,1
2020-09-11,15:18:28.745000,12667,12668,12667,1
2020-09-11,15:18:43.026000,12667,12668,12667,1
2020-09-11,15:18:56.397000,12667,12668,12667,8
2020-09-11,15:18:59.856000,12667,12668,12667,1
2020-09-11,15:19:04.397000,12666,12667,12667,1
2020-09-11,15:19:05.024000,12666,12667,12667,1
2020-09-11,15:19:05.210000,12666,12667,12667,1
2020-09-11,15:19:05.307000,12666,12667,12667,1
2020-09-11,15:19:05.354000,12666,12667,12667,1
2020-09-11,15:19:05.354000,12666,12667,12666,9
2020-09-11,15:19:10.303000,12666,12667,12667,1
2020-09-11,15:19:14.943000,12667,12668,12668,1
2020-09-11,15:19:14.943000,12667,12668,12668,4
2020-09-11,15:19:14.943000,12667,12668,12668,3
2020-09-11,15:19:14.943000,12667,12668,12668,1
2020-09-11,15:19:20.118000,12668,12669,12668,1
2020-09-11,15:19:20.273000,12668,12669,12669,1
2020-09-11,15:19:20.274000,12668,12669,12669,1
2020-09-11,15:19:22.722000,12669,12670,12670,1
2020-09-11,15:19:23.723000,12669,12670,12670,1
2020-09-11,15:19:23.741000,12669,12670,12670,4
2020-09-11,15:19:24.819000,12669,12670,12670,2
2020-09-11,15:19:24.819000,12669,12670,12671,2
2020-09-11,15:19:25.976000,12670,12671,12671,3
2020-09-11,15:19:27.500000,12670,12671,12671,4
2020-09-11,15:19:27.502000,12670,12671,12671,2
2020-09-11,15:19:28.126000,12670,12672,12670,1
2020-09-11,15:19:29.861000,12670,12671,12670,1
2020-09-11,15:19:29.861000,12670,12671,12669,1
2020-09-11,15:19:29.913000,12669,12671,12669,1
2020-09-11,15:19:31.462000,12669,12671,12670,1
2020-09-11,15:19:31.522000,12669,12671,12671,3
2020-09-11,15:19:36.261000,12669,12670,12669,1
2020-09-11,15:19:36.466000,12668,12670,12670,7
2020-09-11,15:19:37.996000,12668,12670,12670,3
2020-09-11,15:19:37.996000,12668,12670,12671,1
2020-09-11,15:19:43.021000,12669,12670,12670,1
2020-09-11,15:19:51.497000,12670,12671,12670,1
2020-09-11,15:19:51.917000,12670,12671,12671,3
2020-09-11,15:19:52.004000,12670,12671,12671,2
2020-09-11,15:19:52.004000,12670,12671,12671,3
2020-09-11,15:19:52.016000,12670,12671,12671,1
2020-09-11,15:19:54.609000,12671,12672,12672,4
2020-09-11,15:19:56.695000,12671,12672,12672,5
2020-09-11,15:19:56.761000,12671,12672,12671,1
2020-09-11,15:20:02.676000,12670,12671,12671,1
2020-09-11,15:20:02.676000,12670,12671,12672,1
2020-09-11,15:20:03.168000,12670,12672,12672,2
2020-09-11,15:20:03.247000,12670,12672,12672,1
2020-09-11,15:20:03.249000,12670,12672,12672,1
2020-09-11,15:20:03.511000,12671,12673,12673,1
2020-09-11,15:20:08.034000,12671,12673,12672,1
2020-09-11,15:20:08.899000,12671,12673,12671,1
2020-09-11,15:20:10.771000,12670,12671,12671,1
2020-09-11,15:20:10.771000,12670,12671,12671,1
2020-09-11,15:20:10.772000,12670,12671,12671,7
2020-09-11,15:20:10.874000,12671,12673,12673,1
2020-09-11,15:20:10.874000,12671,12673,12673,1
2020-09-11,15:20:10.874000,12671,12673,12673,1
2020-09-11,15:20:15.724000,12671,12673,12671,5
2020-09-11,15:20:16.202000,12671,12672,12672,1
2020-09-11,15:20:17.411000,12671,12672,12672,1
2020-09-11,15:20:17.498000,12671,12672,12672,1
2020-09-11,15:20:18.329000,12671,12672,12672,1
2020-09-11,15:20:19.280000,12671,12672,12671,6
2020-09-11,15:20:19.676000,12670,12671,12671,1
2020-09-11,15:20:29.615000,12670,12671,12671,1
2020-09-11,15:20:29.729000,12670,12671,12670,10
2020-09-11,15:20:33.129000,12669,12670,12670,1
2020-09-11,15:20:33.248000,12669,12671,12671,1
2020-09-11,15:20:33.248000,12669,12671,12671,1
2020-09-11,15:20:37.616000,12669,12670,12670,1
2020-09-11,15:20:40.083000,12669,12670,12670,1
2020-09-11,15:20:40.122000,12669,12670,12670,1
2020-09-11,15:20:40.124000,12669,12670,12670,1
2020-09-11,15:20:40.125000,12669,12670,12670,1
2020-09-11,15:20:40.287000,12669,12670,12670,2
2020-09-11,15:20:40.371000,12669,12670,12670,1
2020-09-11,15:20:42.040000,12669,12670,12670,1
2020-09-11,15:20:43.405000,12670,12671,12670,1
2020-09-11,15:20:44.647000,12669,12670,12670,1
2020-09-11,15:20:46.502000,12669,12671,12671,5
2020-09-11,15:20:54.466000,12670,12672,12671,1
2020-09-11,15:20:59.151000,12671,12672,12672,6
2020-09-11,15:21:00.549000,12672,12673,12673,1
2020-09-11,15:21:00.629000,12672,12673,12672,1
2020-09-11,15:21:02.260000,12672,12673,12673,1
2020-09-11,15:21:02.553000,12672,12673,12673,2
2020-09-11,15:21:02.553000,12672,12673,12673,10
2020-09-11,15:21:02.800000,12672,12674,12674,1
2020-09-11,15:21:02.895000,12672,12674,12674,1
2020-09-11,15:21:03.058000,12672,12674,12674,2
2020-09-11,15:21:03.113000,12672,12674,12674,1
2020-09-11,15:21:03.145000,12673,12674,12674,1
2020-09-11,15:21:03.229000,12673,12674,12674,1
2020-09-11,15:21:03.454000,12673,12674,12674,1
2020-09-11,15:21:05.057000,12672,12674,12674,2
2020-09-11,15:21:07.342000,12672,12674,12672,1
2020-09-11,15:21:08.323000,12673,12674,12674,5
2020-09-11,15:21:08.480000,12673,12674,12674,2
2020-09-11,15:21:11.184000,12673,12674,12673,1
2020-09-11,15:21:12.336000,12673,12674,12673,3
2020-09-11,15:21:17.103000,12672,12673,12673,5
2020-09-11,15:21:17.249000,12673,12674,12674,2
2020-09-11,15:21:17.496000,12673,12674,12673,1
2020-09-11,15:21:26.254000,12672,12673,12673,12
2020-09-11,15:21:26.374000,12673,12674,12674,1
2020-09-11,15:21:27.430000,12672,12674,12674,4
2020-09-11,15:21:30.358000,12672,12673,12673,1
2020-09-11,15:21:31.289000,12672,12674,12674,5
2020-09-11,15:21:31.413000,12672,12674,12674,6
2020-09-11,15:21:31.413000,12672,12674,12674,2
2020-09-11,15:21:31.833000,12674,12675,12674,1
2020-09-11,15:21:32.538000,12674,12675,12674,1
2020-09-11,15:21:33.849000,12674,12675,12675,1
2020-09-11,15:21:33.896000,12674,12675,12675,1
2020-09-11,15:21:33.938000,12674,12675,12675,1
2020-09-11,15:21:38.391000,12674,12675,12674,1
2020-09-11,15:21:39.683000,12673,12675,12675,2
2020-09-11,15:21:41.505000,12673,12674,12674,1
2020-09-11,15:21:42.038000,12673,12674,12673,1
2020-09-11,15:21:42.310000,12673,12674,12674,1
2020-09-11,15:21:43.834000,12673,12674,12673,1
2020-09-11,15:21:44.041000,12673,12674,12674,1
2020-09-11,15:21:52.185000,12673,12674,12673,1
2020-09-11,15:21:53.506000,12673,12674,12674,6
2020-09-11,15:21:53.506000,12673,12674,12674,4
2020-09-11,15:21:53.506000,12673,12674,12674,7
2020-09-11,15:21:53.507000,12673,12674,12674,3
2020-09-11,15:21:55.240000,12674,12675,12674,1
2020-09-11,15:21:56.123000,12674,12675,12675,12
2020-09-11,15:21:56.215000,12674,12675,12675,13
2020-09-11,15:21:58.650000,12675,12676,12675,2
2020-09-11,15:22:02.162000,12675,12676,12676,2
2020-09-11,15:22:02.267000,12675,12676,12676,1
2020-09-11,15:22:02.325000,12675,12676,12676,1
2020-09-11,15:22:02.385000,12675,12676,12676,1
2020-09-11,15:22:02.385000,12675,12676,12676,2
2020-09-11,15:22:02.386000,12675,12676,12676,1
2020-09-11,15:22:02.593000,12675,12676,12676,1
2020-09-11,15:22:02.628000,12675,12676,12676,1
2020-09-11,15:22:02.750000,12675,12676,12676,1
2020-09-11,15:22:02.894000,12675,12676,12676,8
2020-09-11,15:22:02.958000,12675,12676,12677,1
2020-09-11,15:22:03.536000,12676,12677,12677,1
2020-09-11,15:22:03.574000,12676,12677,12677,2
2020-09-11,15:22:03.622000,12676,12677,12677,1
2020-09-11,15:22:03.829000,12676,12677,12677,3
2020-09-11,15:22:03.829000,12676,12677,12677,5
2020-09-11,15:22:03.830000,12676,12677,12677,3
2020-09-11,15:22:04.363000,12676,12678,12678,5
2020-09-11,15:22:04.561000,12677,12678,12677,1
2020-09-11,15:22:04.562000,12677,12678,12678,1
2020-09-11,15:22:04.864000,12677,12678,12677,1
2020-09-11,15:22:05.904000,12677,12678,12677,1
2020-09-11,15:22:06.303000,12676,12678,12678,1
2020-09-11,15:22:06.784000,12676,12678,12678,2
2020-09-11,15:22:08.273000,12676,12677,12677,1
2020-09-11,15:22:08.372000,12676,12677,12677,2
2020-09-11,15:22:08.373000,12676,12677,12677,1
2020-09-11,15:22:08.373000,12676,12677,12677,1
2020-09-11,15:22:08.373000,12676,12677,12677,1
2020-09-11,15:22:08.373000,12676,12677,12678,1
2020-09-11,15:22:08.373000,12676,12677,12678,1
2020-09-11,15:22:08.374000,12676,12677,12678,1
2020-09-11,15:22:08.374000,12676,12677,12678,1
2020-09-11,15:22:08.374000,12676,12677,12678,1
2020-09-11,15:22:08.374000,12676,12677,12678,1
2020-09-11,15:22:08.375000,12676,12677,12678,1
2020-09-11,15:22:08.375000,12676,12677,12678,1
2020-09-11,15:22:08.375000,12676,12677,12678,1
2020-09-11,15:22:08.375000,12676,12677,12678,1
2020-09-11,15:22:08.376000,12676,12677,12678,1
2020-09-11,15:22:08.376000,12676,12677,12678,1
2020-09-11,15:22:08.499000,12677,12678,12677,5
2020-09-11,15:22:09.530000,12676,12677,12677,1
2020-09-11,15:22:09.803000,12676,12677,12677,2
2020-09-11,15:22:10.683000,12676,12677,12677,1
2020-09-11,15:22:10.974000,12676,12677,12677,2
2020-09-11,15:22:11.105000,12676,12677,12677,1
2020-09-11,15:22:11.249000,12676,12678,12676,1
2020-09-11,15:22:13.507000,12676,12677,12677,6
2020-09-11,15:22:15.226000,12676,12677,12677,2
2020-09-11,15:22:15.463000,12676,12677,12676,1
2020-09-11,15:22:15.864000,12676,12677,12676,1
2020-09-11,15:22:16.685000,12675,12677,12677,3
2020-09-11,15:22:17.465000,12675,12677,12675,3
2020-09-11,15:22:17.497000,12675,12677,12677,1
2020-09-11,15:22:17.498000,12675,12677,12676,1
2020-09-11,15:22:17.498000,12675,12677,12676,1
2020-09-11,15:22:17.500000,12675,12677,12676,1
2020-09-11,15:22:17.500000,12675,12677,12676,1
2020-09-11,15:22:17.500000,12675,12677,12677,1
2020-09-11,15:22:17.576000,12675,12677,12675,3
2020-09-11,15:22:20.069000,12674,12675,12675,1
2020-09-11,15:22:22.926000,12674,12675,12674,1
2020-09-11,15:22:28.648000,12674,12675,12674,1
2020-09-11,15:22:29.568000,12674,12675,12675,2
2020-09-11,15:22:29.622000,12674,12675,12675,1
2020-09-11,15:22:29.623000,12674,12675,12675,1
2020-09-11,15:22:29.626000,12674,12675,12675,1
2020-09-11,15:22:29.627000,12674,12675,12676,1
2020-09-11,15:22:37.036000,12674,12675,12675,3
2020-09-11,15:22:37.036000,12674,12675,12676,1
2020-09-11,15:22:43.578000,12675,12676,12675,1
2020-09-11,15:22:43.622000,12674,12676,12676,1
2020-09-11,15:22:45.048000,12674,12676,12676,1
2020-09-11,15:22:51.635000,12674,12675,12675,1
2020-09-11,15:22:55.297000,12674,12675,12675,1
2020-09-11,15:23:01.433000,12674,12675,12675,1
2020-09-11,15:23:02.068000,12674,12675,12675,1
2020-09-11,15:23:02.420000,12674,12675,12675,1
2020-09-11,15:23:06.273000,12674,12675,12675,1
2020-09-11,15:23:06.744000,12674,12675,12674,1
2020-09-11,15:23:06.787000,12674,12675,12675,1
2020-09-11,15:23:08.827000,12674,12675,12674,1
2020-09-11,15:23:18,12674,12675,12674,1
2020-09-11,15:23:18.712000,12674,12675,12674,1
2020-09-11,15:23:19.419000,12674,12675,12674,1
2020-09-11,15:23:19.518000,12674,12675,12674,10
2020-09-11,15:23:24.496000,12673,12674,12674,2
2020-09-11,15:23:28.568000,12673,12674,12674,4
2020-09-11,15:23:34.288000,12674,12675,12674,1
2020-09-11,15:23:34.542000,12674,12675,12675,6
2020-09-11,15:23:44.005000,12674,12675,12675,4
2020-09-11,15:23:44.005000,12674,12675,12675,3
2020-09-11,15:24:02.224000,12675,12676,12676,5
2020-09-11,15:24:02.506000,12676,12677,12677,1
2020-09-11,15:24:02.527000,12676,12677,12677,4
2020-09-11,15:24:02.527000,12676,12677,12678,4
2020-09-11,15:24:02.621000,12676,12678,12678,2
2020-09-11,15:24:02.672000,12676,12678,12678,1
2020-09-11,15:24:02.983000,12676,12678,12678,1
2020-09-11,15:24:03.006000,12676,12678,12678,1
2020-09-11,15:24:03.084000,12676,12678,12678,1
2020-09-11,15:24:03.202000,12676,12678,12678,1
2020-09-11,15:24:03.203000,12676,12678,12678,2
2020-09-11,15:24:07.086000,12676,12677,12676,1
2020-09-11,15:24:07.815000,12676,12677,12677,1
2020-09-11,15:24:07.815000,12676,12677,12678,2
2020-09-11,15:24:09.805000,12676,12677,12677,1
2020-09-11,15:24:11.220000,12676,12677,12677,1
2020-09-11,15:24:12.980000,12677,12678,12677,1
2020-09-11,15:24:13.367000,12676,12678,12678,3
2020-09-11,15:24:14.153000,12676,12678,12677,1
2020-09-11,15:24:14.913000,12676,12677,12677,1
2020-09-11,15:24:16.769000,12677,12678,12677,1
2020-09-11,15:24:20.181000,12676,12677,12677,1
2020-09-11,15:24:21.101000,12676,12677,12676,2
2020-09-11,15:24:21.406000,12675,12677,12676,1
2020-09-11,15:24:23.951000,12676,12677,12677,1
2020-09-11,15:24:24.952000,12676,12677,12677,1
2020-09-11,15:24:27.339000,12675,12677,12677,1
2020-09-11,15:24:32.068000,12676,12677,12677,2
2020-09-11,15:24:35.226000,12676,12677,12677,2
2020-09-11,15:24:38.060000,12676,12677,12677,1
2020-09-11,15:24:43.090000,12676,12677,12676,1
2020-09-11,15:24:44.266000,12676,12677,12676,2
2020-09-11,15:24:44.791000,12676,12677,12677,1
2020-09-11,15:24:45.598000,12676,12677,12676,1
2020-09-11,15:24:54.007000,12676,12677,12677,2
2020-09-11,15:24:55.898000,12676,12677,12677,1
2020-09-11,15:24:56.434000,12676,12677,12676,3
2020-09-11,15:24:58.879000,12676,12677,12677,1
2020-09-11,15:25:00.256000,12676,12677,12676,1
2020-09-11,15:25:02.380000,12676,12677,12677,1
2020-09-11,15:25:02.574000,12677,12678,12677,1
2020-09-11,15:25:02.926000,12677,12678,12678,1
2020-09-11,15:25:04.496000,12677,12678,12678,1
2020-09-11,15:25:05.183000,12677,12678,12678,5
2020-09-11,15:25:05.273000,12677,12678,12678,1
2020-09-11,15:25:07.971000,12677,12678,12677,1
2020-09-11,15:25:08.774000,12677,12678,12677,1
2020-09-11,15:25:11.646000,12677,12678,12678,2
2020-09-11,15:25:12.329000,12677,12678,12678,1
2020-09-11,15:25:14.613000,12677,12678,12678,2
2020-09-11,15:25:14.994000,12677,12678,12678,1
2020-09-11,15:25:15.061000,12678,12679,12679,2
2020-09-11,15:25:15.239000,12678,12679,12679,1
2020-09-11,15:25:15.678000,12677,12679,12679,1
2020-09-11,15:25:22.827000,12677,12678,12678,1
2020-09-11,15:25:25.284000,12677,12678,12678,11
2020-09-11,15:25:25.284000,12677,12678,12678,2
2020-09-11,15:25:25.284000,12677,12678,12678,1
2020-09-11,15:25:29.448000,12677,12678,12677,7
2020-09-11,15:25:29.884000,12676,12677,12677,1
2020-09-11,15:25:32.099000,12676,12678,12678,2
2020-09-11,15:25:33.038000,12677,12678,12678,1
2020-09-11,15:25:35.892000,12676,12678,12678,4
2020-09-11,15:25:37.414000,12677,12678,12678,2
2020-09-11,15:25:40.205000,12677,12679,12677,1
2020-09-11,15:25:40.536000,12677,12678,12678,4
2020-09-11,15:25:41.531000,12677,12678,12678,1
2020-09-11,15:25:41.542000,12677,12678,12678,1
2020-09-11,15:25:43.734000,12677,12678,12678,1
2020-09-11,15:25:44.294000,12678,12679,12678,1
2020-09-11,15:25:47.088000,12677,12678,12678,1
2020-09-11,15:25:48.233000,12678,12679,12678,1
2020-09-11,15:25:49.182000,12677,12678,12678,1
2020-09-11,15:25:49.206000,12677,12678,12678,1
2020-09-11,15:25:51.366000,12677,12678,12678,1
2020-09-11,15:25:55.313000,12677,12678,12678,1
2020-09-11,15:25:56.006000,12677,12678,12678,8
2020-09-11,15:25:57.399000,12678,12679,12678,1
2020-09-11,15:25:57.399000,12678,12679,12678,1
2020-09-11,15:25:58.278000,12677,12678,12678,1
2020-09-11,15:25:58.389000,12677,12678,12678,2
2020-09-11,15:26:00.577000,12677,12678,12678,2
2020-09-11,15:26:02.386000,12677,12678,12678,2
2020-09-11,15:26:02.499000,12677,12678,12678,1
2020-09-11,15:26:02.499000,12677,12678,12678,1
2020-09-11,15:26:02.500000,12677,12678,12678,1
2020-09-11,15:26:02.501000,12677,12678,12678,1
2020-09-11,15:26:02.501000,12677,12678,12678,1
2020-09-11,15:26:02.502000,12677,12678,12679,1
2020-09-11,15:26:02.502000,12677,12678,12679,1
2020-09-11,15:26:02.502000,12677,12678,12679,1
2020-09-11,15:26:02.503000,12677,12678,12679,1
2020-09-11,15:26:02.503000,12677,12678,12679,1
2020-09-11,15:26:02.503000,12677,12678,12679,1
2020-09-11,15:26:02.503000,12677,12678,12679,1
2020-09-11,15:26:02.503000,12677,12678,12679,1
2020-09-11,15:26:02.504000,12677,12678,12679,1
2020-09-11,15:26:02.923000,12678,12679,12679,1
2020-09-11,15:26:03.056000,12678,12679,12679,1
2020-09-11,15:26:03.736000,12678,12679,12678,1
2020-09-11,15:26:04.796000,12677,12679,12677,1
2020-09-11,15:26:08.584000,12677,12678,12677,6
2020-09-11,15:26:11.298000,12676,12678,12678,1
2020-09-11,15:26:12.430000,12676,12677,12677,2
2020-09-11,15:26:19.615000,12677,12678,12677,1
2020-09-11,15:26:21.366000,12677,12678,12678,2
2020-09-11,15:26:21.369000,12677,12678,12677,1
2020-09-11,15:26:21.372000,12677,12678,12678,1
2020-09-11,15:26:21.373000,12677,12678,12678,1
2020-09-11,15:26:21.373000,12677,12678,12679,1
2020-09-11,15:26:21.374000,12677,12678,12679,1
2020-09-11,15:26:21.374000,12677,12678,12679,1
2020-09-11,15:26:24.134000,12677,12678,12677,1
2020-09-11,15:26:28.934000,12677,12678,12678,2
2020-09-11,15:26:30.284000,12677,12678,12677,1
2020-09-11,15:26:32.902000,12677,12678,12677,3
2020-09-11,15:26:32.902000,12677,12678,12677,3
2020-09-11,15:26:33.898000,12676,12677,12676,2
2020-09-11,15:26:33.898000,12676,12677,12676,2
2020-09-11,15:26:33.899000,12676,12677,12676,4
2020-09-11,15:26:47.465000,12675,12676,12675,1
2020-09-11,15:26:51.687000,12675,12676,12676,1
2020-09-11,15:26:51.687000,12675,12676,12676,1
2020-09-11,15:26:55.878000,12675,12677,12677,1
2020-09-11,15:26:59.785000,12675,12676,12675,1
2020-09-11,15:27:00.324000,12675,12676,12676,1
2020-09-11,15:27:00.560000,12675,12677,12677,6
2020-09-11,15:27:00.914000,12675,12677,12677,4
2020-09-11,15:27:02.446000,12676,12677,12676,1
2020-09-11,15:27:02.965000,12676,12677,12677,1
2020-09-11,15:27:03.082000,12676,12677,12677,1
2020-09-11,15:27:03.167000,12676,12677,12677,1
2020-09-11,15:27:04.135000,12676,12677,12676,1
2020-09-11,15:27:09.516000,12675,12676,12675,2
2020-09-11,15:27:09.760000,12675,12676,12675,1
2020-09-11,15:27:20.438000,12675,12676,12676,1
2020-09-11,15:27:27.110000,12676,12677,12676,1
2020-09-11,15:27:27.211000,12675,12677,12675,1
2020-09-11,15:27:31.023000,12676,12677,12676,4
2020-09-11,15:27:32.667000,12675,12676,12676,4
2020-09-11,15:27:32.667000,12675,12676,12677,16
2020-09-11,15:27:41.271000,12676,12677,12677,6
2020-09-11,15:27:47.073000,12677,12678,12677,1
2020-09-11,15:27:48.667000,12677,12678,12677,1
2020-09-11,15:27:49.716000,12677,12678,12678,1
2020-09-11,15:27:53.962000,12677,12678,12678,2
2020-09-11,15:27:53.970000,12677,12678,12678,3
2020-09-11,15:27:54.052000,12678,12679,12678,2
2020-09-11,15:27:55.574000,12677,12678,12678,1
2020-09-11,15:27:58.108000,12677,12679,12679,1
2020-09-11,15:27:58.579000,12677,12679,12679,2
2020-09-11,15:27:59.780000,12678,12679,12678,1
2020-09-11,15:27:59.922000,12678,12679,12678,1
2020-09-11,15:28:00.326000,12678,12679,12679,2
2020-09-11,15:28:02.264000,12678,12679,12678,1
2020-09-11,15:28:03.083000,12678,12679,12679,1
2020-09-11,15:28:03.353000,12678,12679,12679,20
2020-09-11,15:28:03.371000,12678,12679,12679,4
2020-09-11,15:28:03.657000,12679,12680,12679,5
2020-09-11,15:28:04.679000,12678,12679,12679,1
2020-09-11,15:28:05.178000,12678,12679,12679,1
2020-09-11,15:28:10.033000,12678,12679,12679,1
2020-09-11,15:28:11.606000,12678,12679,12679,1
2020-09-11,15:28:11.622000,12678,12679,12679,1
2020-09-11,15:28:11.622000,12678,12679,12679,1
2020-09-11,15:28:12.933000,12678,12679,12678,1
2020-09-11,15:28:13.229000,12678,12679,12679,1
2020-09-11,15:28:13.374000,12678,12679,12679,1
2020-09-11,15:28:13.497000,12678,12679,12678,1
2020-09-11,15:28:13.537000,12678,12679,12678,1
2020-09-11,15:28:16.206000,12678,12679,12678,7
2020-09-11,15:28:17.226000,12677,12678,12678,7
2020-09-11,15:28:17.226000,12677,12678,12679,13
2020-09-11,15:28:17.247000,12677,12678,12678,1
2020-09-11,15:28:17.249000,12677,12678,12679,1
2020-09-11,15:28:17.249000,12677,12678,12679,1
2020-09-11,15:28:21.850000,12678,12679,12678,1
2020-09-11,15:28:23.427000,12678,12679,12678,1
2020-09-11,15:28:27.622000,12677,12678,12677,4
2020-09-11,15:28:29.038000,12676,12677,12677,6
2020-09-11,15:28:29.123000,12676,12677,12677,1
2020-09-11,15:28:29.123000,12676,12677,12678,1
2020-09-11,15:28:29.762000,12676,12677,12677,1
2020-09-11,15:28:30.633000,12676,12677,12677,2
2020-09-11,15:28:30.633000,12676,12677,12678,11
2020-09-11,15:28:30.634000,12676,12677,12678,2
2020-09-11,15:28:30.634000,12676,12677,12678,5
2020-09-11,15:28:30.634000,12676,12677,12678,1
2020-09-11,15:28:30.634000,12676,12677,12678,1
2020-09-11,15:28:35.445000,12676,12678,12678,2
2020-09-11,15:28:36.270000,12676,12678,12677,1
2020-09-11,15:28:36.802000,12676,12677,12676,1
2020-09-11,15:28:44.719000,12676,12677,12676,1
2020-09-11,15:28:44.749000,12676,12677,12677,1
2020-09-11,15:28:46.285000,12676,12677,12677,1
2020-09-11,15:28:57.413000,12676,12677,12676,1
2020-09-11,15:29:00.146000,12675,12677,12675,5
2020-09-11,15:29:00.349000,12675,12677,12675,1
2020-09-11,15:29:06.068000,12675,12676,12676,4
2020-09-11,15:29:06.341000,12676,12677,12677,2
2020-09-11,15:29:06.610000,12677,12678,12678,31
2020-09-11,15:29:06.877000,12677,12679,12679,1
2020-09-11,15:29:09.305000,12678,12679,12678,2
2020-09-11,15:29:21.018000,12676,12677,12677,1
2020-09-11,15:29:21.860000,12676,12677,12677,1
2020-09-11,15:29:24.461000,12677,12678,12677,2
2020-09-11,15:29:26.797000,12676,12677,12677,1
2020-09-11,15:29:31.849000,12676,12677,12676,4
2020-09-11,15:29:34.380000,12675,12676,12675,1
2020-09-11,15:29:38.256000,12676,12677,12676,1
2020-09-11,15:29:46.080000,12676,12677,12676,3
2020-09-11,15:29:46.247000,12675,12676,12675,2
2020-09-11,15:29:47.142000,12675,12676,12675,14
2020-09-11,15:29:47.142000,12675,12676,12675,6
2020-09-11,15:29:55.974000,12674,12675,12674,4
2020-09-11,15:29:56.393000,12674,12675,12674,5
2020-09-11,15:29:59.239000,12674,12675,12674,1
2020-09-11,15:29:59.396000,12674,12675,12674,1
2020-09-11,15:30:02.530000,12674,12675,12674,1
2020-09-11,15:30:02.932000,12674,12675,12675,2
2020-09-11,15:30:02.941000,12674,12675,12675,2
2020-09-11,15:30:02.945000,12674,12675,12675,1
2020-09-11,15:30:02.965000,12674,12675,12675,2
2020-09-11,15:30:02.967000,12674,12675,12675,2
2020-09-11,15:30:02.992000,12674,12675,12675,1
2020-09-11,15:30:03.014000,12674,12675,12675,1
2020-09-11,15:30:03.015000,12674,12675,12675,2
2020-09-11,15:30:03.016000,12674,12675,12675,2
2020-09-11,15:30:03.016000,12674,12675,12676,1
2020-09-11,15:30:03.058000,12674,12675,12676,1
2020-09-11,15:30:03.123000,12675,12676,12676,2
2020-09-11,15:30:03.124000,12675,12676,12676,1
2020-09-11,15:30:03.124000,12675,12676,12676,1
2020-09-11,15:30:03.148000,12675,12676,12676,1
2020-09-11,15:30:03.181000,12675,12676,12675,2
2020-09-11,15:30:03.449000,12674,12676,12676,1
2020-09-11,15:30:03.497000,12675,12676,12675,1
2020-09-11,15:30:04.041000,12675,12676,12675,1
2020-09-11,15:30:04.223000,12675,12676,12676,2
2020-09-11,15:30:04.617000,12675,12676,12675,1
2020-09-11,15:30:09.438000,12675,12676,12675,1
2020-09-11,15:30:10.325000,12674,12676,12675,1
2020-09-11,15:30:10.372000,12674,12676,12676,2
2020-09-11,15:30:10.373000,12674,12676,12676,1
2020-09-11,15:30:10.373000,12674,12676,12676,1
2020-09-11,15:30:10.373000,12674,12676,12676,1
2020-09-11,15:30:10.373000,12674,12676,12676,1
2020-09-11,15:30:10.373000,12674,12676,12676,4
2020-09-11,15:30:10.373000,12674,12676,12676,5
2020-09-11,15:30:10.373000,12674,12676,12675,1
2020-09-11,15:30:10.374000,12674,12676,12676,4
2020-09-11,15:30:10.374000,12674,12676,12677,1
2020-09-11,15:30:10.374000,12674,12676,12677,1
2020-09-11,15:30:10.374000,12674,12676,12677,1
2020-09-11,15:30:10.374000,12674,12676,12677,1
2020-09-11,15:30:10.374000,12674,12676,12677,1
2020-09-11,15:30:10.375000,12674,12676,12677,1
2020-09-11,15:30:10.375000,12674,12676,12677,1
2020-09-11,15:30:10.376000,12674,12676,12677,1
2020-09-11,15:30:10.376000,12674,12676,12677,1
2020-09-11,15:30:10.376000,12674,12676,12678,1
2020-09-11,15:30:10.377000,12674,12676,12678,1
2020-09-11,15:30:10.377000,12674,12676,12678,1
2020-09-11,15:30:10.592000,12677,12678,12676,2
2020-09-11,15:30:10.787000,12675,12677,12677,4
2020-09-11,15:30:12.224000,12675,12677,12677,3
2020-09-11,15:30:16.996000,12676,12677,12676,1
2020-09-11,15:30:19.949000,12675,12676,12676,1
2020-09-11,15:30:19.997000,12675,12676,12676,2
2020-09-11,15:30:19.998000,12675,12676,12677,1
2020-09-11,15:30:19.998000,12675,12676,12677,1
2020-09-11,15:30:19.999000,12675,12676,12677,2
2020-09-11,15:30:19.999000,12675,12676,12677,2
2020-09-11,15:30:19.999000,12675,12676,12677,1
2020-09-11,15:30:24.037000,12676,12677,12676,1
2020-09-11,15:30:24.037000,12676,12677,12676,2
2020-09-11,15:30:24.223000,12675,12677,12675,3
2020-09-11,15:30:28.050000,12675,12676,12675,1
2020-09-11,15:30:30.488000,12674,12676,12675,1
2020-09-11,15:30:30.498000,12674,12676,12676,2
2020-09-11,15:30:30.498000,12674,12676,12676,1
2020-09-11,15:30:30.498000,12674,12676,12676,1
2020-09-11,15:30:30.498000,12674,12676,12676,1
2020-09-11,15:30:30.498000,12674,12676,12676,1
2020-09-11,15:30:30.499000,12674,12676,12676,1
2020-09-11,15:30:30.499000,12674,12676,12676,1
2020-09-11,15:30:30.499000,12674,12676,12677,1
2020-09-11,15:30:30.499000,12674,12676,12676,1
2020-09-11,15:30:30.500000,12674,12676,12676,1
2020-09-11,15:30:30.500000,12674,12676,12677,1
2020-09-11,15:30:30.500000,12674,12676,12677,1
2020-09-11,15:30:30.500000,12674,12676,12677,1
2020-09-11,15:30:34.487000,12675,12676,12675,3
2020-09-11,15:30:34.828000,12675,12676,12675,1
2020-09-11,15:30:44.286000,12674,12676,12675,1
2020-09-11,15:30:51.198000,12674,12675,12675,1
2020-09-11,15:30:51.248000,12674,12675,12675,1
2020-09-11,15:30:51.248000,12674,12675,12676,1
2020-09-11,15:30:59.892000,12674,12675,12675,1
2020-09-11,15:31:03.052000,12674,12676,12675,1
2020-09-11,15:31:03.671000,12674,12676,12676,1
2020-09-11,15:31:05.188000,12675,12676,12675,1
2020-09-11,15:31:24.724000,12674,12675,12674,1
2020-09-11,15:31:24.724000,12674,12675,12674,2
2020-09-11,15:31:24.724000,12674,12675,12674,3
2020-09-11,15:31:24.724000,12674,12675,12674,6
2020-09-11,15:31:25.182000,12673,12674,12673,2
2020-09-11,15:31:25.502000,12673,12674,12673,1
2020-09-11,15:31:26.648000,12673,12674,12673,1
2020-09-11,15:31:26.648000,12673,12674,12673,4
2020-09-11,15:31:26.649000,12673,12674,12673,1
2020-09-11,15:31:26.649000,12673,12674,12673,3
2020-09-11,15:31:26.649000,12673,12674,12673,2
2020-09-11,15:31:26.649000,12673,12674,12673,2
2020-09-11,15:31:26.649000,12673,12674,12673,1
2020-09-11,15:31:26.649000,12673,12674,12673,1
2020-09-11,15:31:29.417000,12672,12674,12672,3
2020-09-11,15:31:29.499000,12672,12674,12674,1
2020-09-11,15:31:29.499000,12672,12674,12674,1
2020-09-11,15:31:30.066000,12672,12674,12672,1
2020-09-11,15:31:30.401000,12672,12673,12673,1
2020-09-11,15:31:33.319000,12672,12673,12673,1
2020-09-11,15:31:35.750000,12672,12673,12673,1
2020-09-11,15:31:36.864000,12673,12674,12673,2
2020-09-11,15:31:48.028000,12672,12673,12672,1
2020-09-11,15:31:49.587000,12672,12673,12672,2
2020-09-11,15:31:50.593000,12672,12673,12672,1
2020-09-11,15:31:51.780000,12672,12673,12673,1
2020-09-11,15:31:51.780000,12672,12673,12673,3
2020-09-11,15:31:52.093000,12673,12674,12673,1
2020-09-11,15:31:53.500000,12672,12673,12672,1
2020-09-11,15:31:53.912000,12672,12673,12673,1
2020-09-11,15:31:55.063000,12672,12673,12673,1
2020-09-11,15:31:55.924000,12672,12674,12672,1
2020-09-11,15:31:57,12672,12674,12674,3
2020-09-11,15:31:58.588000,12672,12674,12674,1
2020-09-11,15:31:59.706000,12672,12673,12673,1
2020-09-11,15:32:01.524000,12673,12674,12674,1
2020-09-11,15:32:01.929000,12673,12674,12673,1
2020-09-11,15:32:01.976000,12673,12674,12674,1
2020-09-11,15:32:02.207000,12673,12674,12673,2
2020-09-11,15:32:02.403000,12673,12674,12673,1
2020-09-11,15:32:02.569000,12673,12674,12674,1
2020-09-11,15:32:05.646000,12672,12674,12674,1
2020-09-11,15:32:06.053000,12672,12674,12674,1
2020-09-11,15:32:08.692000,12672,12673,12673,1
2020-09-11,15:32:09.336000,12672,12674,12674,1
2020-09-11,15:32:19.281000,12673,12674,12673,1
2020-09-11,15:32:24.251000,12673,12674,12673,1
2020-09-11,15:32:25.451000,12672,12674,12674,2
2020-09-11,15:32:25.696000,12672,12674,12672,1
2020-09-11,15:32:28.427000,12672,12673,12672,5
2020-09-11,15:32:30.410000,12672,12673,12672,14
2020-09-11,15:32:35.519000,12671,12672,12671,1
2020-09-11,15:32:37.120000,12671,12672,12671,1
2020-09-11,15:32:38.532000,12671,12672,12671,1
2020-09-11,15:32:39.465000,12671,12672,12672,1
2020-09-11,15:32:41.581000,12671,12672,12672,1
2020-09-11,15:32:52.504000,12671,12672,12672,1
2020-09-11,15:32:53.175000,12671,12672,12672,1
2020-09-11,15:32:54.764000,12671,12672,12672,2
2020-09-11,15:32:55.152000,12672,12673,12672,1
2020-09-11,15:32:58.847000,12672,12673,12673,1
2020-09-11,15:32:59.718000,12672,12673,12673,2
2020-09-11,15:32:59.718000,12672,12673,12673,2
2020-09-11,15:33:02.088000,12672,12674,12674,2
2020-09-11,15:33:02.307000,12673,12674,12674,1
2020-09-11,15:33:02.309000,12673,12674,12674,1
2020-09-11,15:33:02.355000,12673,12674,12673,3
2020-09-11,15:33:02.908000,12672,12674,12674,1
2020-09-11,15:33:05.015000,12672,12673,12673,1
2020-09-11,15:33:07.680000,12672,12673,12673,1
2020-09-11,15:33:08.007000,12672,12673,12673,1
2020-09-11,15:33:10.751000,12672,12673,12673,1
2020-09-11,15:33:12.973000,12672,12674,12672,1
2020-09-11,15:33:14.303000,12672,12673,12673,1
2020-09-11,15:33:17.043000,12672,12673,12672,1
2020-09-11,15:33:20.190000,12672,12673,12673,1
2020-09-11,15:33:25.256000,12673,12674,12673,1
2020-09-11,15:33:25.685000,12672,12674,12674,2
2020-09-11,15:33:27.024000,12673,12674,12674,1
2020-09-11,15:33:28.741000,12673,12674,12673,1
2020-09-11,15:33:30.050000,12673,12674,12674,3
2020-09-11,15:33:30.050000,12673,12674,12674,1
2020-09-11,15:33:31.271000,12673,12675,12675,1
2020-09-11,15:33:32.057000,12673,12675,12675,1
2020-09-11,15:33:34.621000,12673,12675,12675,1
2020-09-11,15:33:35.156000,12673,12675,12675,1
2020-09-11,15:33:38.278000,12673,12674,12674,1
2020-09-11,15:33:39.714000,12673,12674,12674,1
2020-09-11,15:33:39.773000,12673,12674,12674,2
2020-09-11,15:33:40.266000,12673,12675,12675,30
2020-09-11,15:33:41.260000,12674,12675,12675,1
2020-09-11,15:33:44.257000,12674,12675,12674,1
2020-09-11,15:33:46.953000,12672,12674,12674,2
2020-09-11,15:33:46.959000,12672,12674,12674,3
2020-09-11,15:34:01.854000,12673,12674,12673,2
2020-09-11,15:34:02.556000,12672,12674,12674,1
2020-09-11,15:34:02.615000,12672,12674,12674,1
2020-09-11,15:34:13.600000,12673,12674,12674,1
2020-09-11,15:34:38.471000,12673,12674,12674,1
2020-09-11,15:34:41.104000,12673,12674,12674,1
2020-09-11,15:34:42.990000,12673,12674,12673,1
2020-09-11,15:34:53.453000,12672,12673,12673,1
2020-09-11,15:34:53.970000,12672,12673,12672,1
2020-09-11,15:34:54.105000,12672,12673,12672,1
2020-09-11,15:34:54.662000,12672,12673,12672,10
2020-09-11,15:34:54.662000,12672,12673,12672,2
2020-09-11,15:34:54.662000,12672,12673,12672,2
2020-09-11,15:34:54.662000,12672,12673,12672,1
2020-09-11,15:34:56.507000,12672,12673,12672,1
2020-09-11,15:34:59.496000,12672,12673,12672,1
2020-09-11,15:35:02.671000,12672,12673,12673,1
2020-09-11,15:35:02.672000,12672,12673,12673,1
2020-09-11,15:35:03.358000,12672,12674,12674,1
2020-09-11,15:35:04.576000,12672,12673,12672,2
2020-09-11,15:35:13.608000,12672,12673,12672,1
2020-09-11,15:35:13.609000,12672,12673,12672,3
2020-09-11,15:35:13.609000,12672,12673,12672,3
2020-09-11,15:35:13.609000,12672,12673,12672,4
2020-09-11,15:35:13.609000,12672,12673,12672,1
2020-09-11,15:35:13.836000,12671,12672,12672,1
2020-09-11,15:35:14.283000,12671,12673,12673,6
2020-09-11,15:35:15.191000,12672,12673,12672,2
2020-09-11,15:35:15.413000,12671,12673,12673,1
2020-09-11,15:35:17.755000,12671,12673,12673,1
2020-09-11,15:35:35.068000,12672,12673,12672,1
2020-09-11,15:35:35.555000,12671,12672,12672,1
2020-09-11,15:35:42.774000,12672,12673,12672,1
2020-09-11,15:35:49.295000,12672,12673,12673,5
2020-09-11,15:35:49.345000,12672,12673,12673,1
2020-09-11,15:35:49.508000,12673,12674,12673,1
2020-09-11,15:35:57.252000,12672,12673,12672,1
2020-09-11,15:35:57.715000,12672,12673,12672,2
2020-09-11,15:35:58.992000,12671,12672,12672,1
2020-09-11,15:36:00.965000,12671,12672,12672,1
2020-09-11,15:36:02.452000,12671,12672,12671,1
2020-09-11,15:36:03.271000,12671,12672,12672,1
2020-09-11,15:36:03.285000,12671,12672,12672,1
2020-09-11,15:36:19.335000,12671,12672,12671,1
2020-09-11,15:36:28.140000,12671,12672,12672,4
2020-09-11,15:36:35.070000,12671,12672,12672,1
2020-09-11,15:36:41.987000,12671,12672,12672,1
2020-09-11,15:36:46.003000,12671,12672,12672,2
2020-09-11,15:36:46.004000,12671,12672,12672,4
2020-09-11,15:36:49.936000,12671,12672,12672,1
2020-09-11,15:36:50.095000,12671,12672,12672,1
2020-09-11,15:36:51.143000,12671,12673,12671,1
2020-09-11,15:36:58.517000,12671,12672,12672,1
2020-09-11,15:37:00.009000,12672,12673,12672,1
2020-09-11,15:37:00.457000,12671,12673,12673,1
2020-09-11,15:37:09.911000,12671,12672,12672,1
2020-09-11,15:37:10.312000,12671,12672,12672,1
2020-09-11,15:37:11.593000,12671,12672,12671,1
2020-09-11,15:37:30.346000,12671,12672,12671,1
2020-09-11,15:37:36.908000,12671,12672,12672,1
2020-09-11,15:37:48.125000,12671,12672,12671,1
2020-09-11,15:37:49.480000,12671,12672,12671,1
2020-09-11,15:37:54.834000,12671,12672,12671,2
2020-09-11,15:37:57.943000,12671,12672,12671,1
2020-09-11,15:37:57.944000,12671,12672,12671,1
2020-09-11,15:37:57.944000,12671,12672,12671,4
2020-09-11,15:37:57.944000,12671,12672,12671,14
2020-09-11,15:37:57.944000,12671,12672,12671,1
2020-09-11,15:37:57.944000,12671,12672,12671,4
2020-09-11,15:37:57.944000,12671,12672,12671,2
2020-09-11,15:38:02.502000,12670,12671,12670,1
2020-09-11,15:38:02.760000,12670,12671,12670,4
2020-09-11,15:38:02.814000,12670,12671,12670,4
2020-09-11,15:38:02.814000,12670,12671,12670,15
2020-09-11,15:38:03.231000,12669,12670,12670,1
2020-09-11,15:38:03.353000,12669,12670,12669,1
2020-09-11,15:38:03.400000,12668,12670,12668,1
2020-09-11,15:38:03.421000,12668,12670,12668,1
2020-09-11,15:38:03.540000,12668,12670,12668,1
2020-09-11,15:38:03.580000,12668,12670,12668,4
2020-09-11,15:38:09.689000,12668,12669,12668,3
2020-09-11,15:38:16.472000,12668,12669,12668,1
2020-09-11,15:38:17.237000,12668,12669,12668,5
2020-09-11,15:38:20.729000,12668,12669,12668,2
2020-09-11,15:38:21.633000,12668,12669,12668,2
2020-09-11,15:38:21.957000,12668,12669,12668,1
2020-09-11,15:38:25.244000,12668,12669,12668,2
2020-09-11,15:38:26.435000,12668,12669,12668,2
2020-09-11,15:38:29.845000,12667,12668,12668,2
2020-09-11,15:38:30.353000,12667,12668,12667,1
2020-09-11,15:38:32.116000,12667,12668,12667,1
2020-09-11,15:38:33.534000,12667,12668,12667,1
2020-09-11,15:38:36.372000,12667,12668,12668,1
2020-09-11,15:38:39.413000,12667,12668,12667,1
2020-09-11,15:38:40.686000,12667,12668,12668,1
2020-09-11,15:38:51.256000,12667,12668,12667,1
2020-09-11,15:38:51.473000,12667,12668,12667,1
2020-09-11,15:38:51.703000,12667,12668,12668,1
2020-09-11,15:38:51.703000,12667,12668,12668,2
2020-09-11,15:38:51.703000,12667,12668,12668,11
2020-09-11,15:38:51.789000,12668,12669,12668,4
2020-09-11,15:38:52.165000,12668,12669,12668,1
2020-09-11,15:38:52.438000,12667,12669,12668,1
2020-09-11,15:38:58.335000,12668,12669,12668,3
2020-09-11,15:39:00.385000,12667,12669,12668,1
2020-09-11,15:39:02.082000,12667,12669,12667,1
2020-09-11,15:39:02.837000,12667,12669,12669,1
2020-09-11,15:39:14.758000,12668,12669,12669,2
2020-09-11,15:39:16.919000,12668,12669,12668,2
2020-09-11,15:39:21.603000,12668,12669,12668,1
2020-09-11,15:39:21.604000,12668,12669,12668,3
2020-09-11,15:39:21.604000,12668,12669,12668,1
2020-09-11,15:39:22.786000,12667,12668,12668,1
2020-09-11,15:39:25.130000,12667,12668,12667,1
2020-09-11,15:39:28.441000,12667,12668,12667,1
2020-09-11,15:39:30.412000,12667,12668,12667,2
2020-09-11,15:39:32.947000,12667,12668,12667,1
2020-09-11,15:39:33.124000,12667,12668,12667,1
2020-09-11,15:39:34.197000,12667,12668,12668,4
2020-09-11,15:39:34.211000,12667,12668,12668,1
2020-09-11,15:39:34.771000,12668,12669,12668,1
2020-09-11,15:39:34.856000,12668,12669,12667,8
2020-09-11,15:39:42.009000,12667,12668,12668,1
2020-09-11,15:39:59.170000,12667,12668,12667,1
2020-09-11,15:40:01.279000,12667,12668,12667,1
2020-09-11,15:40:01.279000,12667,12668,12667,3
2020-09-11,15:40:01.280000,12667,12668,12667,2
2020-09-11,15:40:01.280000,12667,12668,12667,1
2020-09-11,15:40:01.569000,12666,12667,12666,2
2020-09-11,15:40:02.198000,12666,12667,12666,6
2020-09-11,15:40:02.853000,12666,12667,12667,1
2020-09-11,15:40:03.413000,12666,12667,12667,1
2020-09-11,15:40:08.291000,12666,12667,12666,1
2020-09-11,15:40:09.565000,12666,12667,12666,1
2020-09-11,15:40:15.174000,12666,12667,12666,1
2020-09-11,15:40:15.538000,12666,12667,12666,1
2020-09-11,15:40:19.156000,12666,12667,12667,1
2020-09-11,15:40:19.156000,12666,12667,12667,1
2020-09-11,15:40:19.156000,12666,12667,12667,4
2020-09-11,15:40:19.156000,12666,12667,12667,1
2020-09-11,15:40:19.156000,12666,12667,12667,5
2020-09-11,15:40:19.361000,12667,12668,12667,3
2020-09-11,15:40:19.731000,12667,12668,12667,1
2020-09-11,15:40:20.846000,12667,12668,12668,3
2020-09-11,15:40:21.008000,12668,12669,12668,2
2020-09-11,15:40:24.529000,12667,12669,12669,1
2020-09-11,15:40:35.820000,12668,12669,12668,2
2020-09-11,15:40:35.820000,12668,12669,12668,1
2020-09-11,15:40:35.820000,12668,12669,12668,3
2020-09-11,15:40:42.528000,12667,12668,12668,5
2020-09-11,15:40:58.072000,12668,12669,12669,10
2020-09-11,15:40:58.072000,12668,12669,12669,2
2020-09-11,15:40:58.072000,12668,12669,12669,2
2020-09-11,15:41:00.660000,12669,12670,12669,1
2020-09-11,15:41:13.255000,12669,12670,12669,1
2020-09-11,15:41:13.255000,12669,12670,12669,3
2020-09-11,15:41:13.255000,12669,12670,12669,5
2020-09-11,15:41:13.255000,12669,12670,12669,4
2020-09-11,15:41:14.064000,12668,12669,12669,1
2020-09-11,15:41:17.667000,12668,12669,12669,2
2020-09-11,15:41:18.123000,12668,12669,12669,3
2020-09-11,15:41:18.126000,12668,12669,12669,2
2020-09-11,15:41:27.963000,12669,12670,12670,1
2020-09-11,15:41:45.575000,12668,12669,12668,4
2020-09-11,15:41:45.575000,12668,12669,12668,5
2020-09-11,15:41:50.613000,12667,12669,12667,7
2020-09-11,15:41:54.025000,12666,12667,12667,2
2020-09-11,15:42:09.271000,12666,12667,12666,1
2020-09-11,15:42:10.121000,12666,12667,12667,1
2020-09-11,15:42:19.956000,12666,12667,12666,5
2020-09-11,15:42:19.956000,12666,12667,12666,2
2020-09-11,15:42:19.957000,12666,12667,12666,2
2020-09-11,15:42:20.265000,12665,12666,12665,1
2020-09-11,15:42:20.412000,12665,12666,12665,1
2020-09-11,15:42:24.921000,12665,12666,12665,5
2020-09-11,15:42:26.246000,12665,12666,12666,1
2020-09-11,15:42:26.995000,12665,12667,12665,2
2020-09-11,15:42:28.568000,12665,12667,12665,1
2020-09-11,15:42:34.580000,12665,12666,12665,1
2020-09-11,15:42:36.005000,12665,12666,12666,1
2020-09-11,15:42:36.005000,12665,12666,12666,3
2020-09-11,15:42:43.477000,12666,12667,12666,1
2020-09-11,15:42:45.312000,12665,12666,12666,1
2020-09-11,15:42:49.688000,12665,12666,12666,1
2020-09-11,15:42:49.806000,12665,12667,12665,1
2020-09-11,15:42:52.538000,12666,12667,12667,1
2020-09-11,15:42:54.332000,12666,12667,12667,1
2020-09-11,15:43:00.787000,12666,12667,12666,3
2020-09-11,15:43:01.297000,12665,12666,12666,1
2020-09-11,15:43:01.864000,12665,12667,12665,1
2020-09-11,15:43:07.753000,12665,12666,12665,1
2020-09-11,15:43:08.027000,12665,12666,12665,1
2020-09-11,15:43:08.029000,12665,12666,12665,14
2020-09-11,15:43:09.035000,12664,12665,12664,2
2020-09-11,15:43:09.035000,12664,12665,12664,3
2020-09-11,15:43:10.935000,12663,12664,12663,2
2020-09-11,15:43:10.950000,12663,12664,12663,13
2020-09-11,15:43:11.071000,12662,12663,12663,1
2020-09-11,15:43:11.084000,12662,12663,12662,4
2020-09-11,15:43:13.220000,12662,12664,12663,1
2020-09-11,15:43:14.775000,12662,12664,12663,1
2020-09-11,15:43:15.400000,12663,12664,12663,1
2020-09-11,15:43:15.802000,12663,12664,12663,1
2020-09-11,15:43:16.485000,12663,12664,12663,1
2020-09-11,15:43:16.588000,12663,12664,12663,1
2020-09-11,15:43:20.137000,12663,12664,12663,1
2020-09-11,15:43:20.736000,12663,12664,12664,1
2020-09-11,15:43:22.931000,12663,12664,12663,1
2020-09-11,15:43:27.095000,12663,12664,12664,1
2020-09-11,15:43:29.212000,12663,12664,12664,1
2020-09-11,15:43:29.338000,12663,12665,12663,1
2020-09-11,15:43:29.633000,12664,12665,12664,1
2020-09-11,15:43:31.983000,12663,12665,12663,1
2020-09-11,15:43:32.985000,12663,12665,12663,4
2020-09-11,15:43:34.356000,12663,12664,12663,1
2020-09-11,15:43:42.983000,12663,12664,12664,2
2020-09-11,15:43:43.885000,12664,12665,12664,1
2020-09-11,15:43:46.142000,12664,12665,12664,1
2020-09-11,15:43:46.821000,12664,12665,12664,1
2020-09-11,15:43:49.954000,12664,12665,12664,1
2020-09-11,15:44:00.069000,12664,12665,12665,1
2020-09-11,15:44:06.069000,12664,12665,12665,2
2020-09-11,15:44:12.287000,12664,12665,12665,1
2020-09-11,15:44:18.122000,12664,12665,12665,1
2020-09-11,15:44:18.151000,12664,12665,12664,1
2020-09-11,15:44:18.756000,12664,12665,12665,1
2020-09-11,15:44:24.865000,12664,12665,12664,1
2020-09-11,15:44:34.591000,12664,12665,12664,1
2020-09-11,15:44:36.841000,12664,12665,12664,1
2020-09-11,15:44:39.034000,12664,12665,12665,1
2020-09-11,15:44:40.242000,12665,12666,12665,1
2020-09-11,15:44:42.696000,12665,12666,12665,1
2020-09-11,15:44:45.247000,12664,12665,12665,1
2020-09-11,15:44:47.085000,12664,12665,12664,1
2020-09-11,15:44:48.556000,12664,12665,12664,1
2020-09-11,15:44:59.686000,12664,12665,12664,2
2020-09-11,15:45:04.665000,12664,12665,12665,1
2020-09-11,15:45:08.028000,12664,12665,12664,1
2020-09-11,15:45:10.720000,12664,12665,12664,1
2020-09-11,15:45:10.747000,12663,12664,12664,1
2020-09-11,15:45:22.701000,12663,12664,12663,2
2020-09-11,15:45:37.187000,12663,12664,12664,1
2020-09-11,15:45:42.137000,12663,12664,12664,1
2020-09-11,15:45:42.249000,12663,12664,12664,1
2020-09-11,15:45:42.249000,12663,12664,12664,1
2020-09-11,15:45:42.250000,12663,12664,12664,5
2020-09-11,15:45:42.250000,12663,12664,12665,1
2020-09-11,15:45:42.250000,12663,12664,12665,1
2020-09-11,15:45:42.760000,12664,12665,12664,1
2020-09-11,15:45:45.567000,12664,12665,12664,1
2020-09-11,15:45:47.545000,12663,12664,12664,1
2020-09-11,15:45:51.313000,12664,12665,12664,1
2020-09-11,15:45:59.912000,12664,12665,12665,2
2020-09-11,15:45:59.912000,12664,12665,12665,2
2020-09-11,15:46:00.143000,12665,12666,12666,2
2020-09-11,15:46:02.751000,12665,12666,12666,1
2020-09-11,15:46:02.873000,12665,12666,12666,1
2020-09-11,15:46:02.873000,12665,12666,12666,1
2020-09-11,15:46:02.873000,12665,12666,12666,1
2020-09-11,15:46:02.874000,12665,12666,12666,4
2020-09-11,15:46:02.888000,12665,12666,12667,1
2020-09-11,15:46:03.066000,12665,12667,12667,1
2020-09-11,15:46:04.160000,12665,12667,12665,1
2020-09-11,15:46:09.126000,12665,12666,12666,1
2020-09-11,15:46:13.277000,12665,12666,12666,1
2020-09-11,15:46:13.372000,12665,12667,12667,1
2020-09-11,15:46:27.144000,12666,12667,12667,1
2020-09-11,15:46:29.392000,12666,12667,12667,1
2020-09-11,15:46:29.497000,12666,12668,12668,1
2020-09-11,15:46:29.497000,12666,12668,12668,1
2020-09-11,15:46:29.499000,12666,12668,12668,1
2020-09-11,15:46:29.499000,12666,12668,12668,1
2020-09-11,15:46:33.017000,12666,12668,12668,1
2020-09-11,15:46:34.110000,12667,12668,12668,1
2020-09-11,15:46:36.730000,12667,12668,12668,2
2020-09-11,15:46:47.020000,12667,12668,12668,1
2020-09-11,15:46:47.122000,12667,12668,12668,1
2020-09-11,15:46:47.123000,12667,12668,12668,1
2020-09-11,15:46:47.123000,12667,12668,12668,1
2020-09-11,15:46:47.123000,12667,12668,12669,1
2020-09-11,15:46:47.123000,12667,12668,12669,1
2020-09-11,15:46:50.521000,12667,12669,12669,3
2020-09-11,15:46:51.647000,12668,12669,12669,5
2020-09-11,15:46:56.944000,12669,12670,12669,1
2020-09-11,15:46:57.407000,12669,12670,12669,1
2020-09-11,15:47:02.086000,12669,12670,12669,1
2020-09-11,15:47:02.103000,12669,12670,12669,1
2020-09-11,15:47:09.097000,12667,12669,12669,3
2020-09-11,15:47:09.697000,12667,12668,12668,8
2020-09-11,15:47:09.697000,12667,12668,12669,2
2020-09-11,15:47:12.272000,12667,12668,12667,4
2020-09-11,15:47:14.436000,12666,12667,12666,2
2020-09-11,15:47:14.436000,12666,12667,12666,1
2020-09-11,15:47:14.436000,12666,12667,12666,2
2020-09-11,15:47:15.620000,12665,12667,12667,3
2020-09-11,15:47:20.555000,12665,12666,12665,1
2020-09-11,15:47:20.555000,12665,12666,12665,5
2020-09-11,15:47:22.770000,12664,12666,12664,4
2020-09-11,15:47:25.742000,12664,12665,12664,1
2020-09-11,15:47:26.123000,12664,12665,12665,1
2020-09-11,15:47:33.767000,12665,12666,12665,1
2020-09-11,15:47:47.779000,12663,12664,12663,1
2020-09-11,15:47:50.135000,12663,12664,12664,1
2020-09-11,15:47:50.692000,12663,12664,12663,2
2020-09-11,15:47:54.449000,12663,12664,12664,1
2020-09-11,15:48:06.518000,12663,12664,12663,1
2020-09-11,15:48:12.511000,12663,12664,12663,1
2020-09-11,15:48:12.846000,12663,12664,12663,2
2020-09-11,15:48:12.846000,12663,12664,12663,11
2020-09-11,15:48:14.326000,12662,12663,12663,1
2020-09-11,15:48:16.033000,12662,12663,12662,1
2020-09-11,15:48:17.946000,12662,12663,12662,5
2020-09-11,15:48:18.147000,12662,12663,12662,5
2020-09-11,15:48:18.328000,12662,12663,12662,5
2020-09-11,15:48:18.494000,12662,12663,12662,5
2020-09-11,15:48:18.494000,12662,12663,12662,2
2020-09-11,15:48:18.983000,12661,12663,12662,1
2020-09-11,15:48:21.956000,12662,12663,12662,1
2020-09-11,15:48:28.344000,12662,12663,12662,2
2020-09-11,15:48:31.413000,12661,12662,12662,1
2020-09-11,15:48:37.577000,12661,12662,12662,1
2020-09-11,15:48:37.578000,12661,12662,12662,1
2020-09-11,15:48:45.423000,12661,12662,12662,1
2020-09-11,15:48:46.289000,12661,12662,12662,1
2020-09-11,15:48:48.151000,12661,12662,12661,1
2020-09-11,15:48:53.866000,12661,12662,12662,1
2020-09-11,15:48:54.253000,12661,12662,12661,3
2020-09-11,15:48:54.253000,12661,12662,12661,1
2020-09-11,15:48:54.253000,12661,12662,12661,1
2020-09-11,15:48:54.253000,12661,12662,12661,3
2020-09-11,15:48:54.253000,12661,12662,12661,1
2020-09-11,15:48:54.253000,12661,12662,12661,5
2020-09-11,15:48:54.253000,12661,12662,12661,8
2020-09-11,15:48:54.253000,12661,12662,12661,1
2020-09-11,15:48:54.253000,12661,12662,12661,4
2020-09-11,15:48:54.253000,12661,12662,12661,9
2020-09-11,15:48:54.394000,12660,12661,12660,2
2020-09-11,15:48:54.434000,12660,12661,12660,1
2020-09-11,15:48:54.437000,12660,12661,12660,2
2020-09-11,15:48:54.745000,12660,12661,12660,1
2020-09-11,15:48:55.037000,12660,12662,12661,1
2020-09-11,15:48:55.056000,12660,12662,12661,1
2020-09-11,15:48:55.287000,12661,12662,12661,1
2020-09-11,15:48:55.311000,12661,12662,12661,1
2020-09-11,15:48:55.459000,12661,12662,12661,1
2020-09-11,15:48:57.124000,12661,12662,12662,2
2020-09-11,15:48:59.374000,12662,12663,12663,1
2020-09-11,15:48:59.374000,12662,12663,12663,2
2020-09-11,15:48:59.374000,12662,12663,12663,5
2020-09-11,15:49:08.750000,12663,12664,12663,1
2020-09-11,15:49:12.102000,12663,12664,12663,1
2020-09-11,15:49:23.560000,12663,12664,12663,1
2020-09-11,15:49:24.563000,12662,12663,12663,1
2020-09-11,15:49:25.727000,12662,12663,12662,1
2020-09-11,15:49:26.026000,12662,12663,12662,1
2020-09-11,15:49:26.823000,12662,12663,12662,1
2020-09-11,15:49:36.191000,12662,12663,12662,1
2020-09-11,15:49:36.191000,12662,12663,12662,1
2020-09-11,15:49:48.147000,12661,12662,12662,1
2020-09-11,15:49:48.338000,12662,12663,12662,2
2020-09-11,15:49:53.303000,12662,12663,12662,1
2020-09-11,15:49:55.494000,12661,12662,12661,18
2020-09-11,15:50:00.143000,12661,12662,12661,1
2020-09-11,15:50:06.253000,12660,12661,12660,1
2020-09-11,15:50:08.757000,12660,12661,12661,1
2020-09-11,15:50:09.923000,12660,12661,12661,1
2020-09-11,15:50:11.125000,12660,12661,12661,5
2020-09-11,15:50:12.964000,12660,12661,12660,1
2020-09-11,15:50:14.187000,12660,12661,12661,2
2020-09-11,15:50:15.050000,12661,12662,12661,1
2020-09-11,15:50:16.375000,12661,12662,12661,1
2020-09-11,15:50:16.375000,12661,12662,12661,1
2020-09-11,15:50:16.375000,12661,12662,12661,1
2020-09-11,15:50:17.872000,12660,12661,12661,1
2020-09-11,15:50:20.561000,12660,12661,12661,1
2020-09-11,15:50:23.486000,12660,12661,12660,1
2020-09-11,15:50:26.922000,12660,12661,12661,1
2020-09-11,15:50:27.437000,12660,12662,12660,1
2020-09-11,15:50:28.290000,12660,12662,12661,1
2020-09-11,15:50:32.506000,12661,12662,12661,1
2020-09-11,15:50:39.345000,12661,12662,12661,1
2020-09-11,15:50:48.915000,12661,12662,12661,1
2020-09-11,15:50:49.707000,12661,12662,12661,1
2020-09-11,15:50:49.781000,12661,12662,12661,3
2020-09-11,15:50:50.220000,12661,12662,12662,13
2020-09-11,15:50:50.673000,12662,12663,12662,3
2020-09-11,15:50:50.825000,12662,12663,12662,1
2020-09-11,15:50:52.373000,12661,12663,12661,1
2020-09-11,15:50:57.762000,12662,12663,12663,14
2020-09-11,15:50:57.764000,12662,12663,12663,3
2020-09-11,15:51:00.980000,12663,12664,12663,1
2020-09-11,15:51:02.391000,12663,12664,12664,10
2020-09-11,15:51:02.761000,12663,12664,12664,1
2020-09-11,15:51:03.630000,12663,12664,12664,1
2020-09-11,15:51:07.547000,12663,12664,12664,1
2020-09-11,15:51:12.263000,12663,12664,12664,2
2020-09-11,15:51:13.859000,12663,12664,12664,1
2020-09-11,15:51:13.859000,12663,12664,12664,1
2020-09-11,15:51:16.338000,12664,12665,12665,1
2020-09-11,15:51:18.901000,12664,12665,12665,1
2020-09-11,15:51:21.492000,12664,12665,12665,1
2020-09-11,15:51:27.811000,12664,12665,12665,6
2020-09-11,15:51:35.857000,12664,12665,12665,1
2020-09-11,15:51:36.511000,12664,12665,12665,1
2020-09-11,15:51:57.584000,12664,12665,12665,1
2020-09-11,15:51:57.720000,12664,12665,12665,2
2020-09-11,15:51:58.953000,12664,12666,12666,1
2020-09-11,15:51:59.722000,12665,12666,12665,1
2020-09-11,15:52:02.259000,12664,12665,12665,8
2020-09-11,15:52:04.724000,12665,12666,12665,3
2020-09-11,15:52:06.410000,12665,12666,12665,1
2020-09-11,15:52:06.410000,12665,12666,12665,1
2020-09-11,15:52:20.804000,12664,12665,12665,1
2020-09-11,15:52:21.023000,12664,12665,12665,1
2020-09-11,15:52:25.138000,12665,12666,12665,1
2020-09-11,15:52:33.285000,12665,12666,12665,1
2020-09-11,15:53:02.163000,12665,12666,12666,4
2020-09-11,15:53:12.930000,12665,12666,12666,1
2020-09-11,15:53:17.698000,12665,12666,12665,1
2020-09-11,15:53:17.698000,12665,12666,12665,6
2020-09-11,15:53:18.889000,12664,12665,12664,1
2020-09-11,15:53:18.890000,12664,12665,12664,1
2020-09-11,15:53:18.891000,12664,12665,12664,1
2020-09-11,15:53:18.893000,12664,12665,12664,1
2020-09-11,15:53:20.509000,12664,12665,12665,1
2020-09-11,15:53:24.874000,12664,12665,12664,1
2020-09-11,15:53:25.539000,12664,12665,12665,1
2020-09-11,15:53:26.150000,12664,12665,12665,2
2020-09-11,15:53:27.509000,12664,12666,12664,1
2020-09-11,15:53:27.651000,12663,12665,12665,1
2020-09-11,15:53:30.754000,12663,12665,12663,2
2020-09-11,15:53:49.846000,12664,12665,12665,1
2020-09-11,15:53:49.847000,12664,12665,12665,1
2020-09-11,15:53:49.847000,12664,12665,12665,1
2020-09-11,15:53:50.952000,12665,12666,12665,6
2020-09-11,15:53:50.953000,12665,12666,12665,1
2020-09-11,15:54:02.314000,12665,12666,12666,5
2020-09-11,15:54:10.523000,12665,12666,12665,4
2020-09-11,15:54:14.422000,12664,12665,12665,1
2020-09-11,15:54:29.577000,12665,12666,12666,5
2020-09-11,15:54:57.905000,12665,12666,12666,2
2020-09-11,15:55:01.408000,12665,12666,12665,1
2020-09-11,15:55:01.409000,12665,12666,12665,1
2020-09-11,15:55:01.868000,12664,12666,12666,1
2020-09-11,15:55:09.296000,12664,12665,12664,1
2020-09-11,15:55:09.296000,12664,12665,12664,1
2020-09-11,15:55:09.296000,12664,12665,12664,2
2020-09-11,15:55:16.561000,12663,12664,12664,1
2020-09-11,15:55:30.318000,12663,12664,12663,2
2020-09-11,15:55:38.012000,12663,12664,12663,1
2020-09-11,15:55:38.049000,12663,12664,12663,1
2020-09-11,15:55:38.050000,12663,12664,12663,4
2020-09-11,15:55:38.050000,12663,12664,12663,4
2020-09-11,15:55:38.050000,12663,12664,12663,2
2020-09-11,15:55:38.457000,12662,12663,12663,2
2020-09-11,15:55:39.675000,12662,12663,12663,1
2020-09-11,15:55:39.742000,12662,12663,12663,1
2020-09-11,15:55:40.443000,12662,12663,12662,10
2020-09-11,15:55:45.470000,12661,12662,12662,6
2020-09-11,15:55:45.733000,12662,12663,12663,1
2020-09-11,15:55:56.909000,12662,12663,12663,1
2020-09-11,15:56:02.675000,12662,12663,12663,8
2020-09-11,15:56:02.675000,12662,12663,12663,14
2020-09-11,15:56:03.248000,12662,12664,12662,10
2020-09-11,15:56:08.324000,12662,12663,12662,5
2020-09-11,15:56:08.324000,12662,12663,12662,2
2020-09-11,15:56:08.324000,12662,12663,12662,2
2020-09-11,15:56:08.324000,12662,12663,12662,4
2020-09-11,15:56:08.324000,12662,12663,12662,1
2020-09-11,15:56:11.557000,12661,12662,12661,2
2020-09-11,15:56:16.575000,12661,12662,12662,1
2020-09-11,15:56:16.863000,12661,12662,12661,1
2020-09-11,15:56:21.941000,12661,12662,12661,5
2020-09-11,15:56:25.441000,12661,12662,12661,1
2020-09-11,15:56:30.122000,12661,12662,12661,4
2020-09-11,15:56:31.835000,12661,12662,12662,1
2020-09-11,15:56:35.737000,12661,12662,12661,1
2020-09-11,15:56:37.011000,12661,12662,12661,2
2020-09-11,15:56:37.999000,12661,12662,12662,1
2020-09-11,15:56:39.210000,12661,12662,12662,1
2020-09-11,15:56:39.210000,12661,12662,12662,2
2020-09-11,15:56:39.210000,12661,12662,12662,1
2020-09-11,15:56:39.210000,12661,12662,12662,1
2020-09-11,15:56:39.211000,12661,12662,12662,1
2020-09-11,15:56:40.274000,12661,12662,12661,1
2020-09-11,15:56:47.516000,12661,12663,12661,1
2020-09-11,15:56:56.444000,12661,12663,12661,2
2020-09-11,15:57:02.257000,12661,12662,12661,1
2020-09-11,15:57:02.411000,12661,12662,12661,10
2020-09-11,15:57:02.508000,12661,12662,12661,1
2020-09-11,15:57:05.622000,12660,12661,12661,2
2020-09-11,15:57:10.041000,12661,12662,12661,4
2020-09-11,15:57:11.093000,12661,12662,12662,4
2020-09-11,15:57:14.270000,12661,12663,12661,1
2020-09-11,15:57:18.544000,12661,12662,12662,1
2020-09-11,15:57:18.544000,12661,12662,12663,4
2020-09-11,15:57:28.642000,12661,12663,12663,1
2020-09-11,15:57:43.461000,12661,12663,12661,1
2020-09-11,15:58:02.169000,12662,12663,12662,1
2020-09-11,15:58:02.292000,12662,12663,12662,1
2020-09-11,15:58:02.861000,12661,12663,12663,1
2020-09-11,15:58:06.112000,12662,12663,12663,15
2020-09-11,15:58:06.113000,12662,12663,12663,1
2020-09-11,15:58:07.798000,12663,12664,12664,2
2020-09-11,15:58:07.798000,12663,12664,12664,1
2020-09-11,15:58:10.413000,12663,12664,12664,1
2020-09-11,15:58:12.975000,12663,12665,12664,1
2020-09-11,15:58:29.640000,12664,12665,12665,1
2020-09-11,15:58:38.825000,12664,12665,12665,1
2020-09-11,15:58:41.326000,12664,12665,12665,1
2020-09-11,15:58:42.548000,12664,12665,12665,1
2020-09-11,15:58:44.506000,12664,12665,12665,1
2020-09-11,15:58:47.396000,12664,12665,12665,1
2020-09-11,15:58:51.253000,12664,12665,12665,2
2020-09-11,15:58:54.086000,12664,12666,12665,1
2020-09-11,15:58:58.003000,12664,12666,12666,1
2020-09-11,15:59:01.824000,12664,12665,12665,1
2020-09-11,15:59:02.322000,12665,12666,12665,5
2020-09-11,15:59:15.174000,12664,12665,12665,1
2020-09-11,15:59:25.369000,12664,12665,12665,1
2020-09-11,15:59:39.797000,12664,12665,12664,2
2020-09-11,15:59:41.846000,12664,12665,12664,2
2020-09-11,15:59:41.846000,12664,12665,12664,4
2020-09-11,15:59:55.286000,12663,12664,12663,2
2020-09-11,15:59:56.255000,12662,12663,12663,1
2020-09-11,16:00:00.450000,12662,12663,12663,1
2020-09-11,16:00:00.626000,12662,12664,12664,2
2020-09-11,16:00:00.820000,12662,12664,12664,1
2020-09-11,16:00:04.103000,12662,12663,12663,1
2020-09-11,16:00:04.103000,12662,12663,12663,1
2020-09-11,16:00:04.903000,12663,12664,12664,2
2020-09-11,16:00:09.055000,12662,12663,12663,1
2020-09-11,16:00:12.070000,12663,12664,12664,1
2020-09-11,16:00:12.070000,12663,12664,12664,2
2020-09-11,16:00:22.409000,12664,12665,12665,6
2020-09-11,16:00:22.410000,12664,12665,12665,11
2020-09-11,16:00:26.567000,12665,12666,12666,1
2020-09-11,16:00:27.436000,12665,12666,12666,1
2020-09-11,16:00:31.427000,12665,12666,12666,2
2020-09-11,16:00:34.422000,12665,12666,12666,2
2020-09-11,16:00:54.556000,12665,12666,12666,1
2020-09-11,16:01:02.377000,12665,12666,12665,6
2020-09-11,16:01:02.705000,12664,12665,12665,1
2020-09-11,16:01:08.940000,12664,12665,12665,1
2020-09-11,16:01:09.802000,12664,12665,12665,1
2020-09-11,16:01:13.720000,12664,12665,12665,1
2020-09-11,16:01:21.930000,12664,12665,12664,2
2020-09-11,16:01:31.322000,12664,12665,12664,1
2020-09-11,16:01:31.374000,12664,12665,12665,1
2020-09-11,16:01:31.374000,12664,12665,12665,1
2020-09-11,16:01:31.375000,12664,12665,12665,1
2020-09-11,16:01:31.375000,12664,12665,12665,1
2020-09-11,16:01:31.375000,12664,12665,12666,1
2020-09-11,16:01:31.375000,12664,12665,12666,1
2020-09-11,16:01:31.375000,12664,12665,12666,1
2020-09-11,16:01:31.376000,12664,12665,12666,1
2020-09-11,16:01:31.376000,12664,12665,12666,1
2020-09-11,16:01:31.376000,12664,12665,12666,1
2020-09-11,16:01:43.682000,12665,12666,12666,1
2020-09-11,16:01:44.836000,12665,12666,12666,1
2020-09-11,16:01:45.286000,12665,12666,12665,2
2020-09-11,16:02:04.457000,12664,12665,12665,5
2020-09-11,16:02:05.680000,12664,12665,12665,5
2020-09-11,16:02:11.780000,12665,12666,12665,1
2020-09-11,16:02:21.356000,12664,12665,12665,1
2020-09-11,16:02:28.787000,12665,12666,12665,2
2020-09-11,16:02:57.234000,12665,12666,12666,5
2020-09-11,16:03:06.200000,12666,12667,12666,1
2020-09-11,16:03:07.836000,12665,12666,12666,1
2020-09-11,16:03:14.798000,12665,12666,12666,1
2020-09-11,16:03:34.143000,12666,12667,12667,4
2020-09-11,16:03:34.143000,12666,12667,12667,2
2020-09-11,16:03:34.143000,12666,12667,12667,5
2020-09-11,16:03:39.148000,12667,12668,12668,1
2020-09-11,16:03:39.253000,12667,12668,12667,2
2020-09-11,16:03:41.304000,12667,12668,12667,2
2020-09-11,16:03:43.349000,12667,12668,12667,2
2020-09-11,16:03:43.922000,12666,12668,12668,3
2020-09-11,16:03:44.524000,12667,12668,12667,1
2020-09-11,16:03:45.745000,12666,12667,12667,6
2020-09-11,16:03:46.535000,12667,12668,12667,1
2020-09-11,16:03:47.126000,12667,12668,12668,1
2020-09-11,16:03:47.137000,12667,12668,12667,2
2020-09-11,16:03:49.987000,12667,12668,12667,1
2020-09-11,16:03:52.640000,12666,12667,12667,1
2020-09-11,16:03:58.768000,12666,12667,12667,1
