2020-12-08,15:00:00,14341,14342,14333,56
2020-12-08,15:00:00,14333,14335,14335,1
2020-12-08,15:00:00,14333,14336,14336,1
2020-12-08,15:00:00,14333,14336,14336,2
2020-12-08,15:00:00,14333,14336,14336,1
2020-12-08,15:00:00,14333,14336,14337,2
2020-12-08,15:00:00,14333,14336,14336,2
2020-12-08,15:00:00,14334,14336,14336,2
2020-12-08,15:00:00,14334,14336,14337,1
2020-12-08,15:00:00,14334,14336,14334,1
2020-12-08,15:00:00,14334,14337,14337,4
2020-12-08,15:00:00,14334,14337,14338,1
2020-12-08,15:00:00,14334,14337,14338,1
2020-12-08,15:00:00,14334,14337,14338,3
2020-12-08,15:00:00,14334,14337,14335,1
2020-12-08,15:00:00,14334,14337,14337,2
2020-12-08,15:00:00,14334,14337,14337,1
2020-12-08,15:00:00,14334,14337,14338,1
2020-12-08,15:00:00,14334,14337,14338,1
2020-12-08,15:00:00,14334,14337,14334,1
2020-12-08,15:00:00,14334,14338,14334,1
2020-12-08,15:00:00,14334,14338,14338,1
2020-12-08,15:00:01,14334,14337,14334,1
2020-12-08,15:00:01,14334,14337,14334,1
2020-12-08,15:00:01,14334,14337,14335,1
2020-12-08,15:00:01,14334,14337,14334,1
2020-12-08,15:00:01,14334,14337,14337,1
2020-12-08,15:00:01,14334,14337,14337,1
2020-12-08,15:00:01,14334,14337,14337,1
2020-12-08,15:00:01,14334,14337,14337,1
2020-12-08,15:00:03,14333,14335,14333,1
2020-12-08,15:00:03,14333,14335,14335,1
2020-12-08,15:00:03,14333,14335,14335,1
2020-12-08,15:00:03,14333,14335,14335,1
2020-12-08,15:00:03,14333,14335,14335,2
2020-12-08,15:00:03,14333,14335,14333,3
2020-12-08,15:00:03,14333,14334,14334,1
2020-12-08,15:00:03,14333,14334,14333,1
2020-12-08,15:00:04,14333,14334,14334,1
2020-12-08,15:00:04,14333,14334,14333,4
2020-12-08,15:00:05,14332,14334,14332,2
2020-12-08,15:00:05,14332,14334,14334,1
2020-12-08,15:00:05,14332,14334,14334,1
2020-12-08,15:00:05,14332,14334,14334,1
2020-12-08,15:00:05,14332,14334,14334,1
2020-12-08,15:00:05,14332,14334,14334,1
2020-12-08,15:00:05,14332,14334,14334,2
2020-12-08,15:00:05,14332,14334,14334,1
2020-12-08,15:00:05,14332,14334,14334,1
2020-12-08,15:00:05,14333,14334,14334,2
2020-12-08,15:00:05,14333,14334,14334,1
2020-12-08,15:00:05,14333,14334,14334,1
2020-12-08,15:00:05,14333,14335,14335,1
2020-12-08,15:00:06,14333,14335,14333,2
2020-12-08,15:00:06,14333,14335,14333,4
2020-12-08,15:00:06,14332,14334,14332,5
2020-12-08,15:00:06,14332,14334,14334,4
2020-12-08,15:00:06,14332,14334,14335,1
2020-12-08,15:00:07,14333,14335,14333,1
2020-12-08,15:00:08,14333,14334,14333,4
2020-12-08,15:00:08,14332,14334,14334,1
2020-12-08,15:00:08,14332,14334,14334,1
2020-12-08,15:00:08,14332,14334,14335,5
2020-12-08,15:00:10,14333,14334,14334,5
2020-12-08,15:00:10,14334,14335,14335,1
2020-12-08,15:00:10,14334,14335,14333,6
2020-12-08,15:00:10,14334,14335,14334,4
2020-12-08,15:00:10,14334,14335,14333,3
2020-12-08,15:00:10,14334,14335,14333,1
2020-12-08,15:00:10,14334,14335,14334,1
2020-12-08,15:00:11,14333,14335,14335,1
2020-12-08,15:00:12,14334,14335,14335,2
2020-12-08,15:00:12,14334,14335,14335,2
2020-12-08,15:00:13,14335,14336,14335,1
2020-12-08,15:00:13,14335,14336,14335,1
2020-12-08,15:00:14,14335,14336,14336,1
2020-12-08,15:00:14,14335,14336,14336,2
2020-12-08,15:00:14,14337,14338,14337,1
2020-12-08,15:00:15,14336,14338,14338,1
2020-12-08,15:00:15,14337,14339,14337,1
2020-12-08,15:00:16,14337,14339,14337,1
2020-12-08,15:00:17,14338,14339,14338,1
2020-12-08,15:00:17,14338,14339,14338,1
2020-12-08,15:00:18,14338,14339,14338,1
2020-12-08,15:00:18,14338,14339,14339,1
2020-12-08,15:00:19,14339,14340,14340,5
2020-12-08,15:00:19,14339,14340,14339,1
2020-12-08,15:00:19,14339,14340,14338,2
2020-12-08,15:00:20,14338,14339,14339,1
2020-12-08,15:00:21,14338,14339,14339,1
2020-12-08,15:00:21,14338,14339,14339,1
2020-12-08,15:00:21,14338,14339,14339,1
2020-12-08,15:00:21,14338,14339,14338,1
2020-12-08,15:00:22,14338,14339,14338,1
2020-12-08,15:00:23,14338,14339,14338,1
2020-12-08,15:00:24,14338,14339,14338,1
2020-12-08,15:00:25,14338,14339,14338,1
2020-12-08,15:00:27,14338,14339,14338,1
2020-12-08,15:00:27,14338,14339,14338,4
2020-12-08,15:00:27,14338,14339,14338,14
2020-12-08,15:00:28,14337,14338,14338,4
2020-12-08,15:00:28,14338,14339,14338,4
2020-12-08,15:00:29,14337,14338,14338,2
2020-12-08,15:00:29,14337,14338,14339,1
2020-12-08,15:00:30,14338,14339,14338,1
2020-12-08,15:00:30,14338,14339,14338,1
2020-12-08,15:00:34,14338,14339,14338,1
2020-12-08,15:00:34,14338,14339,14338,1
2020-12-08,15:00:35,14338,14339,14338,1
2020-12-08,15:00:35,14337,14338,14338,1
2020-12-08,15:00:37,14338,14339,14339,2
2020-12-08,15:00:40,14338,14339,14338,1
2020-12-08,15:00:46,14338,14339,14338,8
2020-12-08,15:00:46,14338,14339,14338,4
2020-12-08,15:00:46,14338,14339,14338,3
2020-12-08,15:00:46,14337,14338,14338,1
2020-12-08,15:00:47,14337,14339,14339,11
2020-12-08,15:00:47,14337,14339,14339,1
2020-12-08,15:00:47,14337,14339,14339,1
2020-12-08,15:00:47,14337,14339,14339,2
2020-12-08,15:00:49,14339,14340,14338,1
2020-12-08,15:00:49,14339,14340,14339,1
2020-12-08,15:00:53,14339,14340,14338,1
2020-12-08,15:00:53,14339,14340,14339,4
2020-12-08,15:00:54,14338,14340,14340,2
2020-12-08,15:00:56,14338,14340,14340,2
2020-12-08,15:00:57,14338,14340,14339,1
2020-12-08,15:00:58,14339,14340,14338,2
2020-12-08,15:00:58,14339,14340,14339,2
2020-12-08,15:00:58,14339,14340,14340,2
2020-12-08,15:00:59,14338,14340,14338,1
2020-12-08,15:00:59,14338,14340,14338,1
2020-12-08,15:01:00,14338,14340,14340,1
2020-12-08,15:01:00,14338,14340,14340,2
2020-12-08,15:01:00,14338,14340,14339,4
2020-12-08,15:01:00,14339,14340,14340,1
2020-12-08,15:01:00,14339,14340,14340,2
2020-12-08,15:01:00,14339,14340,14340,1
2020-12-08,15:01:00,14339,14340,14340,1
2020-12-08,15:01:00,14339,14340,14340,1
2020-12-08,15:01:00,14339,14340,14341,1
2020-12-08,15:01:00,14339,14340,14339,4
2020-12-08,15:01:00,14339,14340,14340,1
2020-12-08,15:01:00,14339,14340,14341,1
2020-12-08,15:01:00,14339,14340,14341,1
2020-12-08,15:01:00,14339,14340,14341,1
2020-12-08,15:01:00,14339,14340,14339,1
2020-12-08,15:01:00,14339,14340,14339,2
2020-12-08,15:01:00,14339,14340,14339,4
2020-12-08,15:01:00,14339,14340,14340,1
2020-12-08,15:01:00,14339,14340,14339,3
2020-12-08,15:01:00,14339,14340,14339,2
2020-12-08,15:01:00,14339,14340,14339,4
2020-12-08,15:01:00,14339,14340,14338,3
2020-12-08,15:01:00,14339,14340,14339,1
2020-12-08,15:01:00,14338,14340,14338,4
2020-12-08,15:01:00,14338,14340,14338,3
2020-12-08,15:01:00,14338,14340,14338,2
2020-12-08,15:01:00,14338,14340,14337,1
2020-12-08,15:01:00,14338,14340,14338,3
2020-12-08,15:01:00,14338,14340,14339,1
2020-12-08,15:01:00,14338,14340,14338,5
2020-12-08,15:01:00,14338,14340,14338,1
2020-12-08,15:01:00,14338,14340,14339,2
2020-12-08,15:01:00,14338,14340,14340,1
2020-12-08,15:01:01,14339,14340,14340,2
2020-12-08,15:01:01,14339,14341,14341,1
2020-12-08,15:01:03,14340,14341,14340,9
2020-12-08,15:01:03,14340,14341,14340,1
2020-12-08,15:01:04,14339,14340,14340,1
2020-12-08,15:01:06,14339,14340,14340,1
2020-12-08,15:01:06,14339,14340,14339,1
2020-12-08,15:01:10,14339,14340,14339,1
2020-12-08,15:01:13,14339,14340,14340,1
2020-12-08,15:01:14,14339,14340,14339,1
2020-12-08,15:01:16,14339,14340,14339,4
2020-12-08,15:01:16,14339,14340,14339,1
2020-12-08,15:01:16,14339,14340,14339,1
2020-12-08,15:01:16,14339,14340,14339,1
2020-12-08,15:01:17,14338,14339,14339,1
2020-12-08,15:01:17,14339,14340,14339,1
2020-12-08,15:01:20,14338,14339,14338,2
2020-12-08,15:01:26,14337,14338,14338,1
2020-12-08,15:01:27,14337,14338,14337,2
2020-12-08,15:01:28,14337,14338,14337,2
2020-12-08,15:01:30,14336,14337,14337,4
2020-12-08,15:01:34,14337,14338,14337,1
2020-12-08,15:01:37,14336,14337,14337,1
2020-12-08,15:01:38,14336,14337,14337,1
2020-12-08,15:01:39,14336,14337,14337,1
2020-12-08,15:01:40,14336,14337,14337,3
2020-12-08,15:01:43,14336,14337,14337,1
2020-12-08,15:01:46,14336,14337,14336,4
2020-12-08,15:01:48,14336,14337,14337,1
2020-12-08,15:01:48,14336,14338,14336,2
2020-12-08,15:01:56,14336,14338,14338,1
2020-12-08,15:02:02,14337,14338,14338,6
2020-12-08,15:02:08,14338,14339,14339,5
2020-12-08,15:02:08,14338,14339,14338,1
2020-12-08,15:02:08,14338,14339,14338,1
2020-12-08,15:02:09,14337,14338,14338,3
2020-12-08,15:02:15,14337,14338,14337,1
2020-12-08,15:02:21,14337,14338,14338,1
2020-12-08,15:02:22,14337,14338,14338,1
2020-12-08,15:02:25,14336,14338,14336,1
2020-12-08,15:02:27,14336,14338,14336,1
2020-12-08,15:02:29,14336,14337,14336,7
2020-12-08,15:02:29,14335,14336,14336,1
2020-12-08,15:02:30,14335,14336,14335,2
2020-12-08,15:02:31,14335,14336,14336,1
2020-12-08,15:02:33,14335,14336,14335,10
2020-12-08,15:02:33,14335,14336,14335,3
2020-12-08,15:02:33,14335,14336,14335,3
2020-12-08,15:02:33,14334,14335,14334,1
2020-12-08,15:02:34,14334,14335,14334,1
2020-12-08,15:02:34,14334,14335,14334,1
2020-12-08,15:02:34,14334,14335,14334,1
2020-12-08,15:02:34,14334,14335,14334,3
2020-12-08,15:02:34,14334,14335,14334,1
2020-12-08,15:02:36,14333,14334,14333,1
2020-12-08,15:02:37,14333,14334,14333,1
2020-12-08,15:02:37,14333,14334,14333,1
2020-12-08,15:02:37,14333,14334,14333,1
2020-12-08,15:02:38,14333,14334,14333,1
2020-12-08,15:02:38,14333,14334,14333,1
2020-12-08,15:02:38,14333,14334,14333,1
2020-12-08,15:02:39,14332,14333,14332,1
2020-12-08,15:02:39,14332,14333,14332,1
2020-12-08,15:02:39,14332,14333,14333,1
2020-12-08,15:02:40,14332,14333,14332,1
2020-12-08,15:02:45,14332,14333,14332,10
2020-12-08,15:02:46,14332,14333,14332,3
2020-12-08,15:02:48,14332,14333,14332,1
2020-12-08,15:02:48,14332,14333,14332,1
2020-12-08,15:02:49,14332,14333,14332,4
2020-12-08,15:02:50,14332,14333,14332,1
2020-12-08,15:02:52,14332,14333,14332,1
2020-12-08,15:02:52,14332,14333,14333,2
2020-12-08,15:02:54,14332,14333,14333,4
2020-12-08,15:02:54,14332,14333,14333,2
2020-12-08,15:02:54,14332,14333,14333,3
2020-12-08,15:02:54,14333,14334,14334,2
2020-12-08,15:02:55,14333,14334,14333,1
2020-12-08,15:03:02,14332,14333,14333,2
2020-12-08,15:03:02,14332,14333,14332,2
2020-12-08,15:03:02,14332,14333,14333,1
2020-12-08,15:03:02,14332,14333,14332,1
2020-12-08,15:03:04,14332,14333,14332,1
2020-12-08,15:03:04,14332,14333,14332,1
2020-12-08,15:03:04,14331,14333,14331,10
2020-12-08,15:03:04,14331,14332,14332,1
2020-12-08,15:03:04,14331,14332,14332,1
2020-12-08,15:03:04,14331,14332,14332,1
2020-12-08,15:03:11,14331,14333,14333,1
2020-12-08,15:03:11,14331,14333,14332,1
2020-12-08,15:03:19,14332,14333,14332,1
2020-12-08,15:03:22,14332,14333,14332,2
2020-12-08,15:03:24,14332,14333,14332,4
2020-12-08,15:03:24,14332,14333,14332,14
2020-12-08,15:03:27,14332,14333,14332,8
2020-12-08,15:03:27,14332,14333,14331,1
2020-12-08,15:03:27,14331,14332,14332,1
2020-12-08,15:03:31,14331,14332,14331,1
2020-12-08,15:03:31,14331,14332,14331,3
2020-12-08,15:03:31,14331,14332,14331,2
2020-12-08,15:03:33,14331,14332,14332,1
2020-12-08,15:03:40,14331,14332,14331,1
2020-12-08,15:03:42,14331,14332,14332,1
2020-12-08,15:03:44,14331,14332,14331,1
2020-12-08,15:03:44,14331,14332,14332,1
2020-12-08,15:03:44,14331,14332,14332,1
2020-12-08,15:03:44,14331,14332,14332,1
2020-12-08,15:03:44,14331,14332,14332,1
2020-12-08,15:03:44,14331,14332,14332,1
2020-12-08,15:03:44,14331,14332,14332,4
2020-12-08,15:03:44,14331,14332,14332,2
2020-12-08,15:03:44,14331,14332,14332,1
2020-12-08,15:03:44,14332,14333,14332,3
2020-12-08,15:03:45,14332,14333,14333,1
2020-12-08,15:03:46,14332,14333,14332,1
2020-12-08,15:03:47,14332,14333,14333,3
2020-12-08,15:03:48,14333,14334,14334,1
2020-12-08,15:03:49,14333,14335,14333,1
2020-12-08,15:03:49,14333,14335,14335,1
2020-12-08,15:03:51,14333,14335,14335,1
2020-12-08,15:03:53,14333,14335,14333,1
2020-12-08,15:04:06,14333,14335,14332,2
2020-12-08,15:04:06,14333,14335,14333,7
2020-12-08,15:04:06,14333,14335,14334,1
2020-12-08,15:04:06,14333,14335,14333,1
2020-12-08,15:04:20,14333,14334,14333,1
2020-12-08,15:04:24,14332,14333,14333,1
2020-12-08,15:04:32,14333,14334,14333,1
2020-12-08,15:04:37,14333,14334,14333,2
2020-12-08,15:04:45,14332,14333,14332,6
2020-12-08,15:04:48,14332,14333,14332,1
2020-12-08,15:04:50,14332,14333,14333,1
2020-12-08,15:04:51,14332,14333,14333,1
2020-12-08,15:04:55,14332,14333,14332,1
2020-12-08,15:05:01,14332,14333,14333,1
2020-12-08,15:05:01,14332,14333,14332,1
2020-12-08,15:05:01,14332,14333,14332,1
2020-12-08,15:05:01,14332,14333,14333,2
2020-12-08,15:05:01,14332,14333,14332,2
2020-12-08,15:05:04,14332,14333,14332,5
2020-12-08,15:05:14,14331,14332,14332,6
2020-12-08,15:05:18,14332,14333,14332,1
2020-12-08,15:05:21,14332,14333,14333,4
2020-12-08,15:05:21,14332,14333,14333,1
2020-12-08,15:05:21,14332,14333,14333,2
2020-12-08,15:05:27,14333,14334,14333,1
2020-12-08,15:05:28,14333,14334,14333,1
2020-12-08,15:05:30,14333,14334,14334,2
2020-12-08,15:05:35,14333,14334,14334,1
2020-12-08,15:05:36,14333,14334,14333,1
2020-12-08,15:05:36,14333,14334,14334,1
2020-12-08,15:05:49,14334,14335,14334,3
2020-12-08,15:05:50,14333,14335,14333,2
2020-12-08,15:05:52,14333,14334,14333,1
2020-12-08,15:05:59,14333,14334,14333,1
2020-12-08,15:06:03,14333,14334,14334,3
2020-12-08,15:06:03,14333,14334,14335,7
2020-12-08,15:06:05,14333,14335,14335,1
2020-12-08,15:06:08,14333,14335,14335,1
2020-12-08,15:06:14,14333,14335,14335,10
2020-12-08,15:06:14,14333,14335,14335,4
2020-12-08,15:06:14,14334,14336,14335,3
2020-12-08,15:06:16,14334,14335,14335,1
2020-12-08,15:06:21,14334,14335,14335,1
2020-12-08,15:06:27,14334,14335,14334,1
2020-12-08,15:06:37,14334,14335,14335,1
2020-12-08,15:06:38,14334,14335,14335,5
2020-12-08,15:06:47,14334,14335,14334,2
2020-12-08,15:06:48,14334,14335,14334,1
2020-12-08,15:06:51,14334,14335,14334,1
2020-12-08,15:06:51,14334,14335,14334,1
2020-12-08,15:06:53,14333,14334,14334,4
2020-12-08,15:06:53,14333,14334,14335,1
2020-12-08,15:07:03,14333,14334,14333,2
2020-12-08,15:07:03,14333,14334,14334,1
2020-12-08,15:07:07,14333,14334,14333,1
2020-12-08,15:07:07,14333,14334,14333,4
2020-12-08,15:07:10,14332,14333,14333,5
2020-12-08,15:07:13,14332,14333,14333,1
2020-12-08,15:07:14,14332,14333,14333,1
2020-12-08,15:07:17,14332,14333,14332,5
2020-12-08,15:07:17,14332,14333,14332,3
2020-12-08,15:07:17,14332,14333,14332,1
2020-12-08,15:07:19,14331,14333,14331,1
2020-12-08,15:07:21,14331,14332,14331,1
2020-12-08,15:07:22,14331,14332,14331,1
2020-12-08,15:07:22,14331,14332,14331,1
2020-12-08,15:07:25,14331,14332,14331,3
2020-12-08,15:07:26,14331,14332,14331,1
2020-12-08,15:07:29,14331,14332,14331,1
2020-12-08,15:07:31,14331,14332,14331,4
2020-12-08,15:07:33,14331,14332,14331,1
2020-12-08,15:07:35,14331,14332,14331,1
2020-12-08,15:07:35,14331,14332,14331,2
2020-12-08,15:07:38,14331,14332,14331,1
2020-12-08,15:07:44,14331,14332,14331,2
2020-12-08,15:07:44,14331,14332,14332,1
2020-12-08,15:07:45,14331,14332,14331,2
2020-12-08,15:07:46,14331,14333,14333,1
2020-12-08,15:08:00,14332,14333,14331,4
2020-12-08,15:08:00,14332,14333,14332,1
2020-12-08,15:08:06,14332,14333,14332,1
2020-12-08,15:08:23,14332,14333,14332,1
2020-12-08,15:08:23,14331,14333,14332,2
2020-12-08,15:08:23,14331,14333,14332,1
2020-12-08,15:08:23,14331,14333,14332,1
2020-12-08,15:08:24,14331,14332,14332,1
2020-12-08,15:08:28,14332,14333,14332,1
2020-12-08,15:08:29,14332,14333,14332,1
2020-12-08,15:08:30,14332,14333,14333,10
2020-12-08,15:08:30,14332,14334,14332,1
2020-12-08,15:08:36,14333,14334,14334,1
2020-12-08,15:08:37,14333,14334,14333,1
2020-12-08,15:08:42,14333,14334,14333,1
2020-12-08,15:08:46,14333,14334,14333,1
2020-12-08,15:09:15,14333,14334,14333,2
2020-12-08,15:09:18,14333,14334,14333,1
2020-12-08,15:09:21,14333,14334,14333,1
2020-12-08,15:09:26,14333,14334,14333,2
2020-12-08,15:09:29,14333,14334,14333,2
2020-12-08,15:09:29,14333,14334,14333,1
2020-12-08,15:09:29,14333,14334,14333,1
2020-12-08,15:09:29,14333,14334,14333,1
2020-12-08,15:09:39,14332,14333,14333,1
2020-12-08,15:09:45,14332,14333,14333,1
2020-12-08,15:09:46,14333,14334,14333,1
2020-12-08,15:10:03,14332,14333,14332,1
2020-12-08,15:10:09,14332,14333,14332,25
2020-12-08,15:10:10,14331,14332,14332,7
2020-12-08,15:10:18,14331,14332,14332,1
2020-12-08,15:10:37,14331,14332,14332,5
2020-12-08,15:10:43,14331,14332,14332,3
2020-12-08,15:10:44,14332,14333,14332,1
2020-12-08,15:10:44,14332,14333,14332,1
2020-12-08,15:10:46,14332,14333,14332,2
2020-12-08,15:10:53,14332,14333,14333,1
2020-12-08,15:10:54,14332,14333,14333,1
2020-12-08,15:10:57,14332,14333,14333,2
2020-12-08,15:11:02,14332,14334,14332,4
2020-12-08,15:11:02,14332,14334,14332,1
2020-12-08,15:11:02,14331,14332,14331,1
2020-12-08,15:11:03,14331,14332,14332,1
2020-12-08,15:11:06,14331,14332,14332,1
2020-12-08,15:11:07,14331,14332,14331,1
2020-12-08,15:11:09,14331,14332,14331,9
2020-12-08,15:11:09,14331,14332,14331,12
2020-12-08,15:11:15,14330,14331,14330,14
2020-12-08,15:11:15,14330,14331,14330,2
2020-12-08,15:11:15,14330,14331,14330,1
2020-12-08,15:11:15,14330,14331,14330,1
2020-12-08,15:11:15,14330,14331,14330,1
2020-12-08,15:11:15,14330,14331,14330,3
2020-12-08,15:11:15,14330,14331,14330,4
2020-12-08,15:11:16,14330,14331,14330,1
2020-12-08,15:11:16,14330,14331,14330,1
2020-12-08,15:11:17,14330,14331,14330,1
2020-12-08,15:11:17,14329,14331,14329,1
2020-12-08,15:11:17,14329,14331,14329,1
2020-12-08,15:11:17,14329,14331,14329,1
2020-12-08,15:11:18,14329,14330,14329,1
2020-12-08,15:11:18,14329,14330,14329,1
2020-12-08,15:11:18,14329,14330,14330,1
2020-12-08,15:11:19,14329,14330,14330,1
2020-12-08,15:11:19,14329,14330,14330,1
2020-12-08,15:11:19,14329,14331,14329,1
2020-12-08,15:11:21,14329,14330,14329,1
2020-12-08,15:11:22,14329,14330,14329,1
2020-12-08,15:11:37,14329,14330,14330,2
2020-12-08,15:11:38,14329,14330,14330,1
2020-12-08,15:11:40,14329,14330,14329,1
2020-12-08,15:11:40,14329,14330,14329,1
2020-12-08,15:11:42,14329,14330,14330,1
2020-12-08,15:11:42,14329,14330,14330,1
2020-12-08,15:11:44,14329,14330,14329,5
2020-12-08,15:11:46,14329,14330,14330,1
2020-12-08,15:11:48,14329,14330,14330,1
2020-12-08,15:11:53,14329,14330,14329,1
2020-12-08,15:11:53,14329,14330,14330,10
2020-12-08,15:11:54,14329,14330,14330,1
2020-12-08,15:11:54,14330,14331,14331,1
2020-12-08,15:11:55,14330,14331,14330,1
2020-12-08,15:11:56,14330,14331,14330,1
2020-12-08,15:11:57,14330,14331,14330,1
2020-12-08,15:12:01,14330,14331,14331,1
2020-12-08,15:12:01,14330,14331,14331,2
2020-12-08,15:12:01,14331,14332,14332,1
2020-12-08,15:12:01,14331,14332,14332,1
2020-12-08,15:12:01,14331,14332,14332,2
2020-12-08,15:12:01,14331,14332,14333,1
2020-12-08,15:12:01,14331,14332,14333,2
2020-12-08,15:12:01,14331,14333,14333,3
2020-12-08,15:12:02,14331,14333,14331,1
2020-12-08,15:12:02,14331,14333,14333,1
2020-12-08,15:12:03,14331,14333,14333,1
2020-12-08,15:12:05,14333,14334,14333,1
2020-12-08,15:12:11,14333,14334,14333,1
2020-12-08,15:12:17,14333,14334,14334,2
2020-12-08,15:12:17,14333,14334,14334,1
2020-12-08,15:12:17,14333,14334,14334,1
2020-12-08,15:12:17,14333,14334,14334,1
2020-12-08,15:12:17,14333,14334,14334,1
2020-12-08,15:12:17,14333,14334,14334,1
2020-12-08,15:12:17,14333,14334,14334,1
2020-12-08,15:12:17,14333,14334,14334,1
2020-12-08,15:12:19,14333,14334,14334,5
2020-12-08,15:12:19,14333,14334,14334,1
2020-12-08,15:12:19,14334,14335,14335,2
2020-12-08,15:12:19,14334,14335,14335,1
2020-12-08,15:12:19,14334,14335,14335,1
2020-12-08,15:12:19,14334,14335,14335,1
2020-12-08,15:12:19,14334,14335,14335,1
2020-12-08,15:12:22,14334,14335,14335,3
2020-12-08,15:12:23,14334,14335,14334,2
2020-12-08,15:12:27,14334,14335,14334,4
2020-12-08,15:12:27,14333,14334,14333,2
2020-12-08,15:12:27,14333,14334,14333,1
2020-12-08,15:12:28,14333,14334,14334,1
2020-12-08,15:12:28,14333,14334,14334,1
2020-12-08,15:12:35,14333,14334,14333,3
2020-12-08,15:12:37,14332,14333,14333,1
2020-12-08,15:12:38,14332,14334,14334,10
2020-12-08,15:12:38,14333,14335,14335,1
2020-12-08,15:12:42,14334,14335,14335,3
2020-12-08,15:12:43,14335,14336,14335,2
2020-12-08,15:12:45,14335,14336,14335,1
2020-12-08,15:12:58,14335,14336,14335,1
2020-12-08,15:13:03,14335,14336,14335,1
2020-12-08,15:13:03,14335,14336,14335,1
2020-12-08,15:13:09,14334,14336,14336,1
2020-12-08,15:13:09,14334,14336,14336,1
2020-12-08,15:13:12,14334,14336,14335,2
2020-12-08,15:13:19,14335,14336,14335,1
2020-12-08,15:13:19,14335,14336,14335,2
2020-12-08,15:13:23,14334,14335,14334,7
2020-12-08,15:13:24,14333,14334,14334,1
2020-12-08,15:13:29,14333,14334,14333,2
2020-12-08,15:13:42,14333,14334,14333,2
2020-12-08,15:13:42,14333,14334,14333,1
2020-12-08,15:13:54,14333,14334,14333,2
2020-12-08,15:14:05,14333,14334,14334,1
2020-12-08,15:14:06,14333,14334,14334,1
2020-12-08,15:14:09,14333,14334,14334,1
2020-12-08,15:14:09,14333,14334,14334,4
2020-12-08,15:14:09,14333,14334,14334,1
2020-12-08,15:14:09,14334,14335,14335,1
2020-12-08,15:14:11,14335,14336,14335,1
2020-12-08,15:14:15,14335,14336,14336,1
2020-12-08,15:14:16,14335,14336,14334,3
2020-12-08,15:14:16,14335,14336,14335,12
2020-12-08,15:14:18,14334,14335,14334,1
2020-12-08,15:14:28,14334,14335,14335,1
2020-12-08,15:14:29,14335,14336,14335,3
2020-12-08,15:14:34,14335,14336,14336,8
2020-12-08,15:14:35,14335,14337,14335,1
2020-12-08,15:14:38,14335,14336,14335,2
2020-12-08,15:14:46,14335,14336,14336,1
2020-12-08,15:14:49,14335,14336,14336,1
2020-12-08,15:14:49,14335,14336,14336,1
2020-12-08,15:14:54,14335,14337,14335,7
2020-12-08,15:14:54,14334,14335,14335,1
2020-12-08,15:14:54,14334,14335,14335,7
2020-12-08,15:15:02,14336,14337,14337,1
2020-12-08,15:15:02,14336,14337,14337,1
2020-12-08,15:15:02,14336,14337,14337,1
2020-12-08,15:15:04,14336,14337,14336,1
2020-12-08,15:15:04,14336,14337,14337,1
2020-12-08,15:15:08,14336,14337,14336,1
2020-12-08,15:15:13,14336,14337,14337,1
2020-12-08,15:15:18,14336,14337,14336,1
2020-12-08,15:15:18,14336,14337,14337,1
2020-12-08,15:15:18,14336,14337,14337,1
2020-12-08,15:15:18,14336,14337,14336,1
2020-12-08,15:15:20,14336,14337,14336,6
2020-12-08,15:15:21,14335,14336,14336,1
2020-12-08,15:15:30,14335,14336,14336,1
2020-12-08,15:15:32,14335,14336,14335,1
2020-12-08,15:15:33,14335,14336,14335,5
2020-12-08,15:15:38,14334,14336,14336,2
2020-12-08,15:15:43,14335,14336,14334,3
2020-12-08,15:15:43,14335,14336,14335,2
2020-12-08,15:15:46,14335,14336,14336,1
2020-12-08,15:15:58,14335,14336,14336,5
2020-12-08,15:16:00,14335,14336,14336,1
2020-12-08,15:16:02,14335,14336,14336,1
2020-12-08,15:16:03,14336,14337,14336,1
2020-12-08,15:16:05,14336,14337,14336,1
2020-12-08,15:16:09,14336,14337,14336,1
2020-12-08,15:16:13,14336,14337,14336,2
2020-12-08,15:16:24,14336,14337,14337,1
2020-12-08,15:16:25,14336,14337,14336,1
2020-12-08,15:16:25,14336,14337,14336,1
2020-12-08,15:16:26,14336,14337,14337,1
2020-12-08,15:16:28,14336,14337,14336,1
2020-12-08,15:16:28,14335,14337,14337,1
2020-12-08,15:16:29,14336,14337,14337,1
2020-12-08,15:16:30,14336,14337,14336,1
2020-12-08,15:16:30,14336,14337,14337,1
2020-12-08,15:16:30,14336,14337,14336,3
2020-12-08,15:16:33,14335,14336,14336,1
2020-12-08,15:16:35,14335,14336,14335,2
2020-12-08,15:16:44,14335,14336,14335,1
2020-12-08,15:16:49,14335,14336,14335,3
2020-12-08,15:16:50,14335,14336,14335,3
2020-12-08,15:16:51,14335,14336,14336,1
2020-12-08,15:17:04,14334,14335,14335,1
2020-12-08,15:17:04,14334,14335,14335,2
2020-12-08,15:17:16,14334,14336,14336,2
2020-12-08,15:17:17,14334,14336,14336,1
2020-12-08,15:17:23,14334,14335,14335,1
2020-12-08,15:17:40,14334,14335,14335,1
2020-12-08,15:17:43,14334,14335,14335,1
2020-12-08,15:17:45,14335,14336,14335,1
2020-12-08,15:17:52,14334,14335,14334,1
2020-12-08,15:17:53,14334,14335,14335,2
2020-12-08,15:17:53,14335,14336,14335,1
2020-12-08,15:18:00,14334,14335,14334,1
2020-12-08,15:18:02,14334,14335,14334,2
2020-12-08,15:18:02,14334,14335,14335,2
2020-12-08,15:18:03,14334,14335,14334,2
2020-12-08,15:18:13,14334,14335,14334,8
2020-12-08,15:18:25,14333,14334,14333,1
2020-12-08,15:18:30,14333,14334,14333,5
2020-12-08,15:18:32,14332,14333,14332,5
2020-12-08,15:18:34,14331,14333,14331,1
2020-12-08,15:18:39,14331,14332,14331,1
2020-12-08,15:18:39,14331,14332,14331,1
2020-12-08,15:18:40,14331,14332,14332,2
2020-12-08,15:18:40,14331,14333,14331,6
2020-12-08,15:18:43,14331,14333,14331,1
2020-12-08,15:18:45,14331,14333,14331,1
2020-12-08,15:18:53,14331,14332,14330,19
2020-12-08,15:18:53,14331,14332,14331,9
2020-12-08,15:18:54,14330,14331,14330,1
2020-12-08,15:18:57,14330,14331,14330,1
2020-12-08,15:19:00,14331,14332,14332,1
2020-12-08,15:19:04,14331,14333,14331,1
2020-12-08,15:19:05,14331,14333,14332,3
2020-12-08,15:19:14,14331,14333,14331,1
2020-12-08,15:19:19,14332,14333,14332,1
2020-12-08,15:19:24,14331,14332,14331,3
2020-12-08,15:19:28,14330,14331,14330,3
2020-12-08,15:19:30,14330,14331,14330,15
2020-12-08,15:19:30,14330,14331,14330,1
2020-12-08,15:19:31,14330,14331,14331,1
2020-12-08,15:19:32,14330,14331,14330,1
2020-12-08,15:19:34,14330,14331,14330,2
2020-12-08,15:19:35,14330,14331,14330,3
2020-12-08,15:19:36,14330,14331,14330,2
2020-12-08,15:19:36,14330,14331,14330,1
2020-12-08,15:19:37,14329,14331,14330,1
2020-12-08,15:19:39,14329,14331,14329,1
2020-12-08,15:19:39,14329,14331,14331,4
2020-12-08,15:19:39,14329,14331,14331,1
2020-12-08,15:19:40,14330,14332,14330,1
2020-12-08,15:19:43,14331,14332,14331,1
2020-12-08,15:19:46,14331,14332,14332,5
2020-12-08,15:19:46,14332,14333,14333,2
2020-12-08,15:19:46,14332,14333,14333,1
2020-12-08,15:19:48,14332,14333,14332,1
2020-12-08,15:19:52,14332,14333,14331,1
2020-12-08,15:19:52,14332,14333,14332,1
2020-12-08,15:20:00,14331,14332,14332,2
2020-12-08,15:20:00,14331,14332,14331,3
2020-12-08,15:20:02,14331,14332,14332,1
2020-12-08,15:20:02,14331,14332,14332,1
2020-12-08,15:20:03,14331,14332,14332,1
2020-12-08,15:20:09,14331,14332,14332,1
2020-12-08,15:20:12,14331,14332,14331,1
2020-12-08,15:20:15,14331,14332,14332,1
2020-12-08,15:20:32,14331,14332,14332,5
2020-12-08,15:20:34,14332,14333,14332,1
2020-12-08,15:20:37,14332,14333,14332,1
2020-12-08,15:20:39,14332,14333,14333,1
2020-12-08,15:20:39,14332,14333,14333,1
2020-12-08,15:20:39,14332,14333,14333,1
2020-12-08,15:20:39,14332,14333,14333,7
2020-12-08,15:20:41,14333,14334,14333,3
2020-12-08,15:20:42,14332,14334,14332,1
2020-12-08,15:20:43,14333,14334,14333,3
2020-12-08,15:20:43,14333,14334,14333,2
2020-12-08,15:20:46,14332,14333,14332,5
2020-12-08,15:20:48,14332,14333,14333,2
2020-12-08,15:20:49,14333,14334,14333,1
2020-12-08,15:20:53,14332,14333,14333,1
2020-12-08,15:21:00,14332,14333,14333,2
2020-12-08,15:21:07,14332,14334,14333,1
2020-12-08,15:21:09,14333,14334,14333,1
2020-12-08,15:21:25,14333,14334,14333,1
2020-12-08,15:21:37,14333,14334,14334,5
2020-12-08,15:21:48,14333,14334,14334,2
2020-12-08,15:21:48,14333,14334,14334,2
2020-12-08,15:21:56,14334,14335,14334,2
2020-12-08,15:21:58,14334,14335,14335,5
2020-12-08,15:21:58,14334,14335,14334,1
2020-12-08,15:22:02,14334,14335,14335,2
2020-12-08,15:22:03,14334,14335,14334,1
2020-12-08,15:22:44,14334,14335,14335,1
2020-12-08,15:23:00,14334,14335,14335,5
2020-12-08,15:23:00,14335,14336,14335,1
2020-12-08,15:23:02,14335,14336,14335,1
2020-12-08,15:23:09,14335,14336,14335,1
2020-12-08,15:23:12,14335,14336,14336,1
2020-12-08,15:23:17,14335,14336,14336,2
2020-12-08,15:23:17,14335,14336,14336,3
2020-12-08,15:23:21,14336,14337,14337,1
2020-12-08,15:23:21,14336,14337,14337,5
2020-12-08,15:23:22,14336,14337,14336,1
2020-12-08,15:23:22,14336,14337,14336,1
2020-12-08,15:23:23,14336,14337,14337,1
2020-12-08,15:23:24,14336,14337,14336,1
2020-12-08,15:23:24,14336,14337,14337,1
2020-12-08,15:23:28,14335,14336,14336,1
2020-12-08,15:23:30,14335,14336,14336,1
2020-12-08,15:23:30,14335,14336,14336,1
2020-12-08,15:23:31,14335,14336,14336,1
2020-12-08,15:23:31,14335,14336,14336,6
2020-12-08,15:23:38,14336,14337,14336,1
2020-12-08,15:23:43,14336,14337,14337,3
2020-12-08,15:23:48,14336,14337,14337,1
2020-12-08,15:23:48,14336,14337,14336,1
2020-12-08,15:23:52,14336,14337,14337,1
2020-12-08,15:23:52,14336,14337,14337,1
2020-12-08,15:23:53,14336,14337,14336,1
2020-12-08,15:23:55,14336,14337,14337,4
2020-12-08,15:23:55,14336,14337,14337,1
2020-12-08,15:23:56,14336,14337,14336,1
2020-12-08,15:23:57,14336,14337,14337,1
2020-12-08,15:23:57,14336,14337,14337,1
2020-12-08,15:23:57,14337,14338,14338,1
2020-12-08,15:23:58,14337,14338,14337,1
2020-12-08,15:23:59,14336,14338,14338,2
2020-12-08,15:24:02,14337,14338,14338,2
2020-12-08,15:24:03,14337,14338,14337,1
2020-12-08,15:24:03,14337,14338,14337,1
2020-12-08,15:24:10,14337,14338,14337,1
2020-12-08,15:24:10,14337,14338,14337,1
2020-12-08,15:24:13,14337,14338,14337,1
2020-12-08,15:24:18,14337,14338,14338,7
2020-12-08,15:24:19,14337,14338,14338,15
2020-12-08,15:24:21,14338,14339,14339,1
2020-12-08,15:24:21,14338,14339,14339,6
2020-12-08,15:24:21,14338,14339,14340,1
2020-12-08,15:24:21,14338,14339,14340,1
2020-12-08,15:24:21,14338,14340,14340,7
2020-12-08,15:24:21,14338,14340,14340,1
2020-12-08,15:24:24,14339,14340,14340,2
2020-12-08,15:24:25,14339,14340,14340,9
2020-12-08,15:24:27,14340,14341,14341,1
2020-12-08,15:24:27,14340,14341,14341,1
2020-12-08,15:24:27,14340,14341,14341,1
2020-12-08,15:24:27,14340,14341,14341,2
2020-12-08,15:24:27,14340,14341,14341,2
2020-12-08,15:24:27,14340,14341,14341,2
2020-12-08,15:24:27,14340,14341,14341,1
2020-12-08,15:24:27,14340,14341,14341,1
2020-12-08,15:24:27,14340,14341,14342,1
2020-12-08,15:24:27,14340,14342,14342,5
2020-12-08,15:24:27,14340,14342,14342,1
2020-12-08,15:24:27,14340,14342,14342,4
2020-12-08,15:24:28,14341,14342,14342,1
2020-12-08,15:24:32,14341,14342,14342,1
2020-12-08,15:24:34,14341,14342,14342,1
2020-12-08,15:24:35,14341,14342,14342,1
2020-12-08,15:24:38,14341,14342,14342,1
2020-12-08,15:24:38,14341,14342,14342,1
2020-12-08,15:24:44,14341,14342,14342,5
2020-12-08,15:24:48,14341,14342,14342,1
2020-12-08,15:24:50,14341,14342,14342,10
2020-12-08,15:24:50,14341,14342,14342,1
2020-12-08,15:24:53,14341,14342,14342,1
2020-12-08,15:24:53,14341,14342,14342,1
2020-12-08,15:24:53,14341,14342,14341,1
2020-12-08,15:24:54,14341,14342,14342,1
2020-12-08,15:24:55,14341,14342,14342,2
2020-12-08,15:24:56,14341,14342,14342,1
2020-12-08,15:24:56,14341,14342,14342,1
2020-12-08,15:24:58,14341,14342,14342,1
2020-12-08,15:24:58,14341,14342,14342,3
2020-12-08,15:25:03,14342,14343,14343,22
2020-12-08,15:25:06,14342,14344,14344,5
2020-12-08,15:25:07,14342,14344,14344,1
2020-12-08,15:25:07,14342,14344,14342,1
2020-12-08,15:25:07,14342,14344,14342,1
2020-12-08,15:25:07,14342,14344,14342,1
2020-12-08,15:25:07,14342,14344,14342,1
2020-12-08,15:25:07,14342,14344,14342,1
2020-12-08,15:25:07,14342,14343,14342,2
2020-12-08,15:25:07,14342,14343,14343,5
2020-12-08,15:25:08,14342,14343,14343,2
2020-12-08,15:25:09,14343,14344,14343,1
2020-12-08,15:25:09,14343,14344,14343,1
2020-12-08,15:25:12,14343,14344,14343,1
2020-12-08,15:25:13,14343,14344,14343,1
2020-12-08,15:25:16,14343,14344,14344,1
2020-12-08,15:25:18,14343,14344,14343,15
2020-12-08,15:25:18,14342,14343,14342,1
2020-12-08,15:25:18,14342,14343,14343,1
2020-12-08,15:25:19,14342,14343,14343,1
2020-12-08,15:25:21,14342,14343,14343,1
2020-12-08,15:25:23,14342,14343,14342,1
2020-12-08,15:25:24,14342,14343,14342,1
2020-12-08,15:25:24,14342,14343,14342,1
2020-12-08,15:25:24,14341,14343,14343,2
2020-12-08,15:25:25,14342,14343,14343,4
2020-12-08,15:25:25,14342,14343,14343,1
2020-12-08,15:25:27,14342,14343,14343,5
2020-12-08,15:25:29,14342,14343,14342,1
2020-12-08,15:25:29,14342,14343,14343,1
2020-12-08,15:25:31,14342,14343,14343,1
2020-12-08,15:25:31,14342,14343,14342,1
2020-12-08,15:25:36,14342,14343,14343,5
2020-12-08,15:25:38,14342,14343,14343,1
2020-12-08,15:25:39,14342,14343,14343,1
2020-12-08,15:25:42,14342,14343,14343,1
2020-12-08,15:25:43,14343,14344,14343,1
2020-12-08,15:25:43,14343,14344,14343,1
2020-12-08,15:25:43,14342,14343,14343,1
2020-12-08,15:25:47,14342,14343,14342,1
2020-12-08,15:25:48,14342,14343,14343,1
2020-12-08,15:25:53,14342,14343,14343,1
2020-12-08,15:26:00,14342,14343,14342,1
2020-12-08,15:26:01,14342,14343,14343,2
2020-12-08,15:26:01,14342,14343,14343,3
2020-12-08,15:26:06,14343,14344,14343,1
2020-12-08,15:26:09,14343,14344,14343,1
2020-12-08,15:26:11,14343,14344,14343,1
2020-12-08,15:26:20,14343,14344,14343,1
2020-12-08,15:26:27,14343,14344,14343,2
2020-12-08,15:26:30,14343,14344,14343,1
2020-12-08,15:26:35,14343,14344,14344,3
2020-12-08,15:26:38,14343,14344,14344,2
2020-12-08,15:26:40,14343,14344,14344,1
2020-12-08,15:26:48,14343,14344,14344,1
2020-12-08,15:27:01,14343,14344,14343,4
2020-12-08,15:27:01,14343,14344,14343,2
2020-12-08,15:27:01,14343,14344,14343,2
2020-12-08,15:27:01,14343,14344,14342,1
2020-12-08,15:27:01,14343,14344,14343,1
2020-12-08,15:27:01,14343,14344,14342,2
2020-12-08,15:27:01,14343,14344,14342,6
2020-12-08,15:27:01,14343,14344,14342,2
2020-12-08,15:27:01,14341,14343,14341,6
2020-12-08,15:27:01,14341,14343,14341,2
2020-12-08,15:27:01,14341,14343,14341,2
2020-12-08,15:27:01,14341,14343,14341,2
2020-12-08,15:27:01,14341,14343,14340,2
2020-12-08,15:27:01,14341,14343,14341,2
2020-12-08,15:27:01,14341,14342,14341,2
2020-12-08,15:27:01,14341,14342,14340,1
2020-12-08,15:27:01,14341,14342,14341,1
2020-12-08,15:27:01,14340,14342,14340,2
2020-12-08,15:27:01,14340,14342,14340,4
2020-12-08,15:27:01,14340,14342,14340,14
2020-12-08,15:27:01,14340,14342,14340,2
2020-12-08,15:27:01,14340,14342,14340,4
2020-12-08,15:27:01,14340,14342,14339,2
2020-12-08,15:27:01,14340,14342,14339,6
2020-12-08,15:27:01,14340,14342,14338,4
2020-12-08,15:27:01,14340,14342,14338,6
2020-12-08,15:27:01,14340,14342,14339,4
2020-12-08,15:27:02,14338,14340,14338,1
2020-12-08,15:27:02,14338,14340,14338,1
2020-12-08,15:27:02,14338,14339,14338,2
2020-12-08,15:27:03,14338,14339,14338,2
2020-12-08,15:27:03,14338,14339,14338,1
2020-12-08,15:27:03,14338,14339,14338,1
2020-12-08,15:27:03,14338,14340,14338,2
2020-12-08,15:27:03,14338,14339,14338,2
2020-12-08,15:27:05,14337,14339,14339,1
2020-12-08,15:27:10,14338,14340,14338,10
2020-12-08,15:27:14,14338,14339,14338,1
2020-12-08,15:27:16,14336,14337,14336,9
2020-12-08,15:27:16,14336,14337,14336,3
2020-12-08,15:27:17,14335,14337,14337,2
2020-12-08,15:27:18,14336,14337,14336,1
2020-12-08,15:27:19,14335,14337,14337,1
2020-12-08,15:27:20,14335,14337,14337,1
2020-12-08,15:27:21,14335,14337,14335,1
2020-12-08,15:27:21,14335,14337,14335,4
2020-12-08,15:27:21,14335,14337,14335,1
2020-12-08,15:27:25,14335,14336,14335,2
2020-12-08,15:27:25,14335,14336,14336,13
2020-12-08,15:27:25,14335,14336,14336,2
2020-12-08,15:27:29,14336,14337,14337,1
2020-12-08,15:27:38,14336,14338,14336,1
2020-12-08,15:27:45,14337,14339,14337,2
2020-12-08,15:27:51,14337,14339,14337,3
2020-12-08,15:27:52,14337,14339,14337,1
2020-12-08,15:27:57,14337,14339,14339,2
2020-12-08,15:27:59,14338,14339,14338,2
2020-12-08,15:28:00,14337,14339,14337,2
2020-12-08,15:28:00,14337,14339,14337,2
2020-12-08,15:28:04,14338,14339,14338,1
2020-12-08,15:28:07,14338,14339,14339,4
2020-12-08,15:28:58,14338,14339,14338,10
2020-12-08,15:28:58,14338,14339,14338,3
2020-12-08,15:29:00,14337,14338,14338,1
2020-12-08,15:29:02,14337,14338,14337,4
2020-12-08,15:29:02,14336,14337,14337,1
2020-12-08,15:29:02,14336,14337,14338,2
2020-12-08,15:29:10,14336,14337,14337,1
2020-12-08,15:29:19,14336,14337,14337,1
2020-12-08,15:29:25,14336,14337,14335,4
2020-12-08,15:29:25,14336,14337,14336,16
2020-12-08,15:29:26,14335,14337,14337,1
2020-12-08,15:29:26,14335,14337,14335,2
2020-12-08,15:29:36,14336,14337,14336,1
2020-12-08,15:29:37,14336,14337,14336,1
2020-12-08,15:29:39,14336,14337,14336,4
2020-12-08,15:29:39,14335,14337,14335,3
2020-12-08,15:29:42,14335,14336,14336,5
2020-12-08,15:29:47,14336,14337,14336,1
2020-12-08,15:29:50,14336,14337,14336,7
2020-12-08,15:29:59,14336,14337,14336,1
2020-12-08,15:30:05,14335,14337,14336,2
2020-12-08,15:30:05,14335,14337,14337,1
2020-12-08,15:30:06,14336,14337,14336,2
2020-12-08,15:30:12,14336,14337,14336,2
2020-12-08,15:30:12,14336,14337,14336,2
2020-12-08,15:30:20,14335,14337,14337,4
2020-12-08,15:30:24,14336,14337,14336,1
2020-12-08,15:30:24,14336,14337,14337,2
2020-12-08,15:30:24,14336,14337,14337,4
2020-12-08,15:30:25,14336,14338,14336,1
2020-12-08,15:30:28,14336,14338,14336,1
2020-12-08,15:30:32,14337,14338,14336,3
2020-12-08,15:30:32,14337,14338,14337,1
2020-12-08,15:30:32,14337,14338,14336,2
2020-12-08,15:30:32,14335,14336,14335,1
2020-12-08,15:30:32,14335,14336,14335,3
2020-12-08,15:30:33,14335,14336,14335,1
2020-12-08,15:30:36,14335,14336,14336,1
2020-12-08,15:30:40,14335,14336,14335,2
2020-12-08,15:30:52,14335,14336,14335,1
2020-12-08,15:30:55,14335,14336,14335,1
2020-12-08,15:31:00,14335,14336,14335,1
2020-12-08,15:31:02,14335,14336,14336,4
2020-12-08,15:31:11,14335,14336,14336,1
2020-12-08,15:31:14,14335,14336,14336,1
2020-12-08,15:31:18,14335,14336,14335,1
2020-12-08,15:31:19,14335,14336,14336,1
2020-12-08,15:31:45,14335,14336,14335,1
2020-12-08,15:31:58,14335,14336,14335,1
2020-12-08,15:32:37,14335,14336,14336,3
2020-12-08,15:32:37,14335,14336,14336,3
2020-12-08,15:32:37,14335,14336,14336,1
2020-12-08,15:32:38,14336,14337,14337,1
2020-12-08,15:32:40,14336,14337,14337,1
2020-12-08,15:32:42,14336,14337,14337,2
2020-12-08,15:32:44,14336,14338,14336,1
2020-12-08,15:32:52,14336,14338,14336,1
2020-12-08,15:32:54,14336,14337,14336,1
2020-12-08,15:33:09,14336,14337,14337,5
2020-12-08,15:33:23,14336,14337,14336,2
2020-12-08,15:33:26,14335,14336,14335,2
2020-12-08,15:33:26,14335,14336,14335,2
2020-12-08,15:33:26,14335,14336,14335,2
2020-12-08,15:33:26,14335,14336,14335,1
2020-12-08,15:33:26,14335,14336,14335,1
2020-12-08,15:33:26,14335,14336,14335,1
2020-12-08,15:33:27,14334,14335,14334,2
2020-12-08,15:33:27,14334,14335,14334,2
2020-12-08,15:33:27,14334,14335,14334,2
2020-12-08,15:33:27,14334,14335,14334,10
2020-12-08,15:33:32,14333,14334,14334,6
2020-12-08,15:33:33,14334,14336,14334,1
2020-12-08,15:33:34,14334,14336,14336,1
2020-12-08,15:33:36,14334,14335,14335,1
2020-12-08,15:33:41,14334,14335,14334,2
2020-12-08,15:33:49,14333,14334,14334,1
2020-12-08,15:33:49,14333,14334,14334,1
2020-12-08,15:33:52,14333,14334,14333,1
2020-12-08,15:33:54,14333,14334,14333,2
2020-12-08,15:33:57,14333,14334,14333,1
2020-12-08,15:33:58,14333,14334,14333,1
2020-12-08,15:34:06,14333,14334,14333,1
2020-12-08,15:34:08,14333,14334,14333,3
2020-12-08,15:34:08,14333,14334,14333,1
2020-12-08,15:34:09,14333,14334,14333,1
2020-12-08,15:34:11,14333,14334,14333,1
2020-12-08,15:34:11,14332,14333,14333,1
2020-12-08,15:34:31,14333,14334,14333,1
2020-12-08,15:34:43,14333,14334,14333,1
2020-12-08,15:34:43,14333,14334,14333,1
2020-12-08,15:34:55,14333,14334,14334,2
2020-12-08,15:34:58,14333,14334,14333,1
2020-12-08,15:34:59,14333,14334,14333,1
2020-12-08,15:35:00,14333,14334,14333,1
2020-12-08,15:35:02,14333,14334,14333,3
2020-12-08,15:35:03,14333,14334,14333,1
2020-12-08,15:35:07,14333,14334,14333,1
2020-12-08,15:35:09,14333,14334,14333,1
2020-12-08,15:35:10,14333,14334,14334,1
2020-12-08,15:35:21,14333,14334,14334,1
2020-12-08,15:35:21,14333,14334,14334,1
2020-12-08,15:35:21,14333,14334,14335,2
2020-12-08,15:35:21,14334,14335,14335,1
2020-12-08,15:35:22,14334,14335,14335,3
2020-12-08,15:35:29,14333,14335,14335,3
2020-12-08,15:35:36,14335,14336,14335,1
2020-12-08,15:35:42,14335,14336,14335,1
2020-12-08,15:35:45,14335,14336,14335,1
2020-12-08,15:35:56,14335,14336,14335,1
2020-12-08,15:36:02,14335,14336,14336,1
2020-12-08,15:36:06,14335,14336,14336,4
2020-12-08,15:36:07,14336,14337,14336,3
2020-12-08,15:36:25,14336,14337,14336,3
2020-12-08,15:36:26,14336,14337,14336,1
2020-12-08,15:37:04,14336,14337,14337,3
2020-12-08,15:37:22,14336,14337,14337,1
2020-12-08,15:37:22,14336,14338,14336,1
2020-12-08,15:37:35,14336,14338,14336,2
2020-12-08,15:37:38,14336,14338,14338,4
2020-12-08,15:37:41,14337,14338,14338,3
2020-12-08,15:37:49,14338,14339,14339,1
2020-12-08,15:37:49,14338,14339,14339,2
2020-12-08,15:37:53,14338,14339,14339,4
2020-12-08,15:37:53,14338,14339,14339,1
2020-12-08,15:38:02,14339,14340,14339,1
2020-12-08,15:38:02,14339,14340,14340,1
2020-12-08,15:38:02,14339,14340,14340,1
2020-12-08,15:38:05,14339,14340,14340,1
2020-12-08,15:38:06,14339,14340,14340,1
2020-12-08,15:38:07,14339,14340,14339,1
2020-12-08,15:38:07,14339,14340,14339,1
2020-12-08,15:38:22,14339,14340,14340,1
2020-12-08,15:38:27,14339,14340,14339,1
2020-12-08,15:38:29,14339,14340,14340,2
2020-12-08,15:38:46,14339,14340,14340,1
2020-12-08,15:38:47,14339,14340,14340,1
2020-12-08,15:38:49,14339,14340,14340,5
2020-12-08,15:38:52,14339,14340,14340,3
2020-12-08,15:38:52,14339,14340,14340,2
2020-12-08,15:38:54,14340,14341,14340,1
2020-12-08,15:38:58,14340,14341,14340,1
2020-12-08,15:38:59,14340,14341,14341,1
2020-12-08,15:39:00,14340,14341,14341,10
2020-12-08,15:39:04,14341,14342,14341,1
2020-12-08,15:39:05,14340,14342,14340,1
2020-12-08,15:39:09,14341,14342,14342,5
2020-12-08,15:39:09,14341,14342,14342,3
2020-12-08,15:39:15,14342,14343,14343,2
2020-12-08,15:39:16,14342,14343,14342,1
2020-12-08,15:39:19,14342,14343,14342,1
2020-12-08,15:39:19,14342,14343,14342,1
2020-12-08,15:39:27,14342,14343,14343,1
2020-12-08,15:39:31,14342,14343,14343,3
2020-12-08,15:39:32,14342,14343,14342,11
2020-12-08,15:39:32,14342,14343,14342,2
2020-12-08,15:39:32,14342,14343,14342,2
2020-12-08,15:39:32,14342,14343,14342,2
2020-12-08,15:39:32,14342,14343,14342,2
2020-12-08,15:39:32,14342,14343,14342,2
2020-12-08,15:39:32,14342,14343,14342,2
2020-12-08,15:39:32,14342,14343,14342,1
2020-12-08,15:39:35,14341,14342,14341,2
2020-12-08,15:39:38,14341,14342,14342,3
2020-12-08,15:39:43,14341,14342,14342,6
2020-12-08,15:39:45,14341,14342,14342,1
2020-12-08,15:39:51,14341,14342,14342,1
2020-12-08,15:39:51,14341,14342,14342,1
2020-12-08,15:39:55,14341,14342,14341,2
2020-12-08,15:39:55,14341,14342,14341,1
2020-12-08,15:39:58,14341,14342,14341,1
2020-12-08,15:40:01,14341,14342,14341,1
2020-12-08,15:40:01,14341,14342,14341,2
2020-12-08,15:40:02,14340,14341,14341,1
2020-12-08,15:40:05,14341,14342,14341,1
2020-12-08,15:40:08,14340,14341,14341,1
2020-12-08,15:40:13,14340,14341,14341,1
2020-12-08,15:40:15,14340,14341,14341,2
2020-12-08,15:40:35,14340,14341,14341,3
2020-12-08,15:40:35,14340,14341,14341,1
2020-12-08,15:40:37,14341,14342,14341,1
2020-12-08,15:40:47,14341,14342,14341,2
2020-12-08,15:40:56,14341,14342,14341,1
2020-12-08,15:41:20,14341,14342,14341,1
2020-12-08,15:41:29,14341,14342,14341,1
2020-12-08,15:41:30,14341,14342,14341,1
2020-12-08,15:41:37,14341,14342,14341,1
2020-12-08,15:41:37,14341,14342,14341,1
2020-12-08,15:41:37,14341,14342,14341,1
2020-12-08,15:41:38,14340,14341,14341,1
2020-12-08,15:41:54,14341,14342,14341,2
2020-12-08,15:41:58,14341,14342,14341,1
2020-12-08,15:42:13,14340,14341,14341,1
2020-12-08,15:42:13,14340,14342,14342,3
2020-12-08,15:42:13,14340,14342,14342,6
2020-12-08,15:42:26,14341,14342,14342,1
2020-12-08,15:42:41,14341,14342,14342,2
2020-12-08,15:42:56,14341,14342,14342,9
2020-12-08,15:43:03,14342,14343,14343,2
2020-12-08,15:43:03,14342,14343,14343,18
2020-12-08,15:43:03,14342,14343,14343,1
2020-12-08,15:43:03,14342,14343,14343,4
2020-12-08,15:43:03,14342,14343,14343,6
2020-12-08,15:43:03,14342,14343,14343,1
2020-12-08,15:43:03,14342,14343,14343,11
2020-12-08,15:43:05,14343,14344,14343,7
2020-12-08,15:43:07,14342,14344,14344,1
2020-12-08,15:43:08,14342,14344,14344,1
2020-12-08,15:43:08,14342,14344,14344,3
2020-12-08,15:43:08,14342,14344,14344,1
2020-12-08,15:43:08,14342,14344,14344,2
2020-12-08,15:43:08,14343,14344,14344,1
2020-12-08,15:43:08,14343,14344,14344,3
2020-12-08,15:43:09,14343,14344,14344,1
2020-12-08,15:43:09,14343,14344,14344,3
2020-12-08,15:43:09,14343,14344,14344,1
2020-12-08,15:43:09,14343,14344,14344,12
2020-12-08,15:43:09,14343,14344,14344,1
2020-12-08,15:43:17,14344,14345,14344,1
2020-12-08,15:43:23,14344,14345,14345,1
2020-12-08,15:43:23,14344,14345,14345,2
2020-12-08,15:43:23,14344,14345,14345,2
2020-12-08,15:43:23,14344,14345,14345,1
2020-12-08,15:43:23,14344,14345,14345,1
2020-12-08,15:43:23,14344,14345,14345,1
2020-12-08,15:43:24,14344,14345,14345,1
2020-12-08,15:43:24,14344,14345,14344,2
2020-12-08,15:43:28,14344,14345,14344,2
2020-12-08,15:43:29,14344,14345,14344,1
2020-12-08,15:43:30,14344,14345,14344,1
2020-12-08,15:43:30,14344,14345,14344,1
2020-12-08,15:43:31,14344,14345,14345,4
2020-12-08,15:43:32,14344,14345,14345,4
2020-12-08,15:43:34,14344,14345,14345,1
2020-12-08,15:43:34,14344,14345,14344,1
2020-12-08,15:43:36,14344,14345,14344,1
2020-12-08,15:43:36,14344,14345,14344,3
2020-12-08,15:43:36,14344,14345,14344,4
2020-12-08,15:43:36,14344,14345,14344,2
2020-12-08,15:43:36,14344,14345,14344,1
2020-12-08,15:43:39,14343,14344,14344,7
2020-12-08,15:43:39,14343,14344,14345,3
2020-12-08,15:43:41,14344,14345,14344,1
2020-12-08,15:43:48,14343,14345,14345,4
2020-12-08,15:43:54,14343,14344,14344,1
2020-12-08,15:43:56,14343,14344,14344,1
2020-12-08,15:43:59,14343,14344,14344,1
2020-12-08,15:44:02,14344,14345,14345,1
2020-12-08,15:44:03,14344,14345,14345,1
2020-12-08,15:44:09,14344,14345,14345,1
2020-12-08,15:44:09,14344,14345,14345,1
2020-12-08,15:44:10,14344,14345,14345,1
2020-12-08,15:44:18,14344,14345,14345,1
2020-12-08,15:44:21,14344,14345,14345,1
2020-12-08,15:44:22,14344,14345,14345,4
2020-12-08,15:44:26,14344,14345,14345,5
2020-12-08,15:44:26,14344,14345,14345,1
2020-12-08,15:44:28,14344,14345,14345,1
2020-12-08,15:44:32,14344,14345,14345,1
2020-12-08,15:44:34,14344,14345,14345,1
2020-12-08,15:44:41,14345,14346,14346,3
2020-12-08,15:44:41,14345,14346,14346,1
2020-12-08,15:44:41,14345,14346,14346,5
2020-12-08,15:44:41,14345,14346,14346,4
2020-12-08,15:44:42,14346,14347,14347,1
2020-12-08,15:44:42,14346,14347,14347,5
2020-12-08,15:44:42,14346,14347,14347,5
2020-12-08,15:44:42,14346,14347,14347,1
2020-12-08,15:44:42,14346,14347,14347,1
2020-12-08,15:44:42,14346,14347,14347,1
2020-12-08,15:44:43,14346,14348,14347,2
2020-12-08,15:44:45,14346,14348,14348,2
2020-12-08,15:44:45,14346,14348,14348,1
2020-12-08,15:44:45,14346,14348,14348,1
2020-12-08,15:44:45,14346,14348,14348,6
2020-12-08,15:44:48,14347,14348,14347,1
2020-12-08,15:44:48,14347,14348,14347,2
2020-12-08,15:44:48,14347,14348,14347,4
2020-12-08,15:44:49,14345,14347,14347,5
2020-12-08,15:44:51,14346,14347,14347,1
2020-12-08,15:44:55,14347,14348,14348,18
2020-12-08,15:44:55,14348,14349,14348,5
2020-12-08,15:44:56,14348,14349,14349,15
2020-12-08,15:44:56,14348,14349,14349,1
2020-12-08,15:44:56,14348,14349,14349,2
2020-12-08,15:44:56,14349,14350,14350,3
2020-12-08,15:44:56,14349,14350,14350,4
2020-12-08,15:44:56,14349,14350,14350,5
2020-12-08,15:44:56,14349,14350,14350,6
2020-12-08,15:44:56,14349,14350,14350,21
2020-12-08,15:44:56,14349,14350,14351,7
2020-12-08,15:44:56,14349,14350,14352,5
2020-12-08,15:44:56,14349,14350,14352,4
2020-12-08,15:44:56,14349,14350,14352,8
2020-12-08,15:44:56,14349,14350,14352,3
2020-12-08,15:44:56,14349,14350,14353,1
2020-12-08,15:44:56,14349,14350,14353,19
2020-12-08,15:44:56,14349,14350,14354,1
2020-12-08,15:44:56,14351,14353,14353,1
2020-12-08,15:44:56,14351,14353,14353,1
2020-12-08,15:44:56,14351,14353,14353,1
2020-12-08,15:44:56,14351,14353,14353,1
2020-12-08,15:44:56,14351,14353,14353,1
2020-12-08,15:44:56,14351,14353,14353,2
2020-12-08,15:44:56,14351,14353,14353,2
2020-12-08,15:44:56,14351,14353,14353,1
2020-12-08,15:44:56,14351,14353,14353,1
2020-12-08,15:44:56,14351,14353,14353,2
2020-12-08,15:44:57,14351,14353,14353,2
2020-12-08,15:44:57,14351,14353,14353,2
2020-12-08,15:44:57,14351,14353,14354,2
2020-12-08,15:44:57,14351,14353,14354,1
2020-12-08,15:44:57,14351,14353,14354,1
2020-12-08,15:44:57,14352,14354,14354,2
2020-12-08,15:44:57,14352,14354,14354,1
2020-12-08,15:44:57,14352,14354,14354,1
2020-12-08,15:44:57,14352,14354,14353,1
2020-12-08,15:44:57,14352,14354,14354,1
2020-12-08,15:44:57,14352,14354,14354,1
2020-12-08,15:44:57,14352,14354,14354,1
2020-12-08,15:44:57,14352,14354,14352,1
2020-12-08,15:44:57,14352,14354,14353,1
2020-12-08,15:44:57,14352,14354,14353,1
2020-12-08,15:44:57,14352,14354,14352,1
2020-12-08,15:44:57,14352,14354,14352,1
2020-12-08,15:44:57,14352,14354,14353,1
2020-12-08,15:44:57,14352,14354,14353,1
2020-12-08,15:44:57,14351,14353,14353,2
2020-12-08,15:44:57,14351,14353,14353,2
2020-12-08,15:44:57,14351,14353,14354,1
2020-12-08,15:44:57,14351,14353,14353,1
2020-12-08,15:44:57,14351,14353,14353,2
2020-12-08,15:44:57,14351,14353,14353,2
2020-12-08,15:44:57,14351,14353,14354,4
2020-12-08,15:44:57,14351,14353,14354,6
2020-12-08,15:44:57,14351,14353,14354,1
2020-12-08,15:44:57,14351,14353,14354,2
2020-12-08,15:44:57,14351,14354,14351,1
2020-12-08,15:44:57,14351,14354,14354,3
2020-12-08,15:44:57,14351,14354,14354,3
2020-12-08,15:44:57,14351,14354,14354,1
2020-12-08,15:44:57,14351,14354,14354,2
2020-12-08,15:44:57,14351,14354,14352,1
2020-12-08,15:44:57,14351,14354,14352,2
2020-12-08,15:44:57,14351,14354,14355,2
2020-12-08,15:44:57,14352,14355,14354,1
2020-12-08,15:44:57,14352,14355,14354,4
2020-12-08,15:44:57,14352,14355,14355,4
2020-12-08,15:44:57,14352,14355,14354,2
2020-12-08,15:44:57,14352,14355,14354,1
2020-12-08,15:44:57,14352,14355,14355,1
2020-12-08,15:44:57,14352,14355,14355,11
2020-12-08,15:44:57,14352,14355,14351,3
2020-12-08,15:44:57,14352,14355,14352,2
2020-12-08,15:44:57,14352,14353,14353,1
2020-12-08,15:44:57,14352,14353,14353,1
2020-12-08,15:44:57,14352,14353,14351,1
2020-12-08,15:44:57,14351,14353,14353,1
2020-12-08,15:44:58,14351,14353,14353,1
2020-12-08,15:44:58,14351,14353,14353,1
2020-12-08,15:44:58,14351,14353,14353,1
2020-12-08,15:44:58,14351,14353,14351,5
2020-12-08,15:44:58,14351,14353,14352,3
2020-12-08,15:44:58,14351,14353,14352,1
2020-12-08,15:44:58,14351,14352,14351,4
2020-12-08,15:44:58,14351,14352,14351,3
2020-12-08,15:44:58,14351,14352,14351,1
2020-12-08,15:44:58,14351,14352,14352,1
2020-12-08,15:44:58,14351,14352,14352,1
2020-12-08,15:44:58,14351,14352,14352,1
2020-12-08,15:44:58,14351,14352,14351,1
2020-12-08,15:44:58,14351,14352,14351,1
2020-12-08,15:44:58,14350,14352,14351,1
2020-12-08,15:44:58,14350,14352,14352,2
2020-12-08,15:44:58,14350,14351,14350,3
2020-12-08,15:44:58,14349,14350,14349,2
2020-12-08,15:44:58,14348,14350,14348,2
2020-12-08,15:44:58,14348,14350,14349,1
2020-12-08,15:44:58,14348,14350,14349,1
2020-12-08,15:44:58,14348,14350,14350,1
2020-12-08,15:44:58,14348,14350,14350,2
2020-12-08,15:44:59,14349,14350,14349,2
2020-12-08,15:44:59,14349,14350,14348,4
2020-12-08,15:44:59,14349,14350,14349,1
2020-12-08,15:44:59,14349,14350,14350,3
2020-12-08,15:45:00,14348,14350,14348,1
2020-12-08,15:45:00,14348,14350,14350,1
2020-12-08,15:45:00,14348,14350,14350,1
2020-12-08,15:45:00,14348,14350,14350,1
2020-12-08,15:45:00,14348,14350,14350,3
2020-12-08,15:45:00,14348,14350,14351,1
2020-12-08,15:45:00,14349,14351,14350,1
2020-12-08,15:45:01,14349,14350,14351,4
2020-12-08,15:45:01,14349,14351,14351,1
2020-12-08,15:45:01,14349,14351,14351,1
2020-12-08,15:45:01,14349,14351,14351,1
2020-12-08,15:45:01,14349,14351,14351,1
2020-12-08,15:45:01,14349,14351,14351,1
2020-12-08,15:45:01,14349,14351,14352,1
2020-12-08,15:45:01,14349,14351,14352,1
2020-12-08,15:45:01,14349,14351,14352,1
2020-12-08,15:45:01,14349,14351,14352,1
2020-12-08,15:45:01,14349,14351,14352,1
2020-12-08,15:45:01,14349,14351,14351,1
2020-12-08,15:45:01,14349,14351,14352,1
2020-12-08,15:45:02,14350,14352,14350,1
2020-12-08,15:45:04,14350,14352,14352,3
2020-12-08,15:45:06,14350,14352,14350,1
2020-12-08,15:45:06,14350,14352,14351,4
2020-12-08,15:45:06,14350,14352,14351,1
2020-12-08,15:45:07,14350,14351,14351,2
2020-12-08,15:45:07,14350,14351,14351,1
2020-12-08,15:45:07,14350,14351,14352,1
2020-12-08,15:45:07,14350,14351,14352,1
2020-12-08,15:45:09,14350,14352,14352,5
2020-12-08,15:45:09,14350,14352,14352,1
2020-12-08,15:45:09,14350,14352,14352,3
2020-12-08,15:45:09,14351,14352,14351,2
2020-12-08,15:45:09,14350,14351,14351,3
2020-12-08,15:45:09,14350,14351,14351,1
2020-12-08,15:45:09,14350,14352,14352,1
2020-12-08,15:45:10,14350,14351,14350,9
2020-12-08,15:45:10,14350,14351,14350,1
2020-12-08,15:45:10,14350,14351,14351,1
2020-12-08,15:45:10,14351,14352,14352,1
2020-12-08,15:45:10,14351,14352,14353,2
2020-12-08,15:45:10,14351,14352,14352,4
2020-12-08,15:45:11,14351,14353,14351,1
2020-12-08,15:45:11,14351,14353,14353,5
2020-12-08,15:45:15,14352,14354,14352,1
2020-12-08,15:45:16,14352,14354,14354,3
2020-12-08,15:45:17,14353,14354,14354,9
2020-12-08,15:45:18,14354,14355,14355,2
2020-12-08,15:45:18,14354,14355,14355,1
2020-12-08,15:45:18,14354,14355,14354,5
2020-12-08,15:45:19,14353,14354,14354,1
2020-12-08,15:45:19,14353,14355,14355,3
2020-12-08,15:45:20,14354,14355,14355,3
2020-12-08,15:45:21,14354,14355,14355,1
2020-12-08,15:45:21,14354,14355,14354,2
2020-12-08,15:45:22,14354,14355,14355,1
2020-12-08,15:45:22,14354,14355,14355,3
2020-12-08,15:45:23,14354,14355,14353,13
2020-12-08,15:45:23,14354,14355,14354,7
2020-12-08,15:45:23,14353,14354,14354,2
2020-12-08,15:45:24,14353,14354,14354,5
2020-12-08,15:45:27,14353,14354,14354,1
2020-12-08,15:45:27,14353,14354,14354,2
2020-12-08,15:45:29,14353,14354,14354,2
2020-12-08,15:45:29,14353,14354,14354,1
2020-12-08,15:45:29,14353,14354,14354,1
2020-12-08,15:45:29,14353,14354,14354,1
2020-12-08,15:45:29,14353,14354,14354,1
2020-12-08,15:45:29,14353,14354,14354,1
2020-12-08,15:45:29,14353,14354,14354,1
2020-12-08,15:45:29,14353,14354,14354,1
2020-12-08,15:45:29,14353,14354,14354,1
2020-12-08,15:45:29,14353,14354,14354,1
2020-12-08,15:45:29,14353,14354,14355,1
2020-12-08,15:45:29,14353,14354,14355,1
2020-12-08,15:45:29,14353,14354,14355,1
2020-12-08,15:45:29,14353,14354,14355,1
2020-12-08,15:45:29,14354,14355,14355,3
2020-12-08,15:45:30,14354,14355,14354,1
2020-12-08,15:45:30,14354,14355,14355,2
2020-12-08,15:45:31,14354,14355,14355,1
2020-12-08,15:45:32,14354,14355,14355,1
2020-12-08,15:45:32,14354,14356,14356,3
2020-12-08,15:45:32,14354,14356,14356,1
2020-12-08,15:45:32,14354,14356,14356,1
2020-12-08,15:45:33,14355,14356,14355,1
2020-12-08,15:45:33,14354,14356,14356,1
2020-12-08,15:45:33,14354,14355,14354,1
2020-12-08,15:45:37,14354,14355,14355,1
2020-12-08,15:45:37,14354,14355,14354,1
2020-12-08,15:45:37,14354,14355,14354,5
2020-12-08,15:45:38,14353,14354,14354,1
2020-12-08,15:45:38,14353,14355,14355,1
2020-12-08,15:45:38,14354,14355,14355,2
2020-12-08,15:45:38,14354,14356,14356,2
2020-12-08,15:45:43,14355,14356,14356,2
2020-12-08,15:45:45,14355,14356,14355,2
2020-12-08,15:45:46,14354,14355,14355,1
2020-12-08,15:45:47,14354,14355,14355,1
2020-12-08,15:45:49,14354,14355,14355,3
2020-12-08,15:45:49,14354,14356,14354,1
2020-12-08,15:45:50,14354,14355,14355,4
2020-12-08,15:45:50,14354,14355,14356,1
2020-12-08,15:45:51,14354,14356,14356,10
2020-12-08,15:45:54,14355,14356,14355,5
2020-12-08,15:45:54,14355,14356,14355,3
2020-12-08,15:45:55,14354,14356,14356,1
2020-12-08,15:45:56,14355,14356,14355,1
2020-12-08,15:45:57,14355,14356,14355,1
2020-12-08,15:45:57,14355,14356,14356,3
2020-12-08,15:45:58,14355,14356,14355,6
2020-12-08,15:45:58,14354,14355,14355,1
2020-12-08,15:45:59,14354,14356,14355,1
2020-12-08,15:46:00,14355,14356,14356,10
2020-12-08,15:46:02,14355,14357,14356,1
2020-12-08,15:46:04,14355,14357,14355,1
2020-12-08,15:46:07,14355,14356,14355,1
2020-12-08,15:46:07,14355,14356,14355,4
2020-12-08,15:46:08,14355,14356,14356,1
2020-12-08,15:46:09,14355,14356,14355,1
2020-12-08,15:46:09,14355,14356,14356,1
2020-12-08,15:46:13,14355,14356,14356,1
2020-12-08,15:46:14,14355,14356,14356,1
2020-12-08,15:46:15,14355,14356,14356,1
2020-12-08,15:46:18,14355,14356,14355,3
2020-12-08,15:46:20,14354,14355,14355,1
2020-12-08,15:46:21,14354,14356,14354,1
2020-12-08,15:46:24,14354,14355,14355,2
2020-12-08,15:46:24,14354,14355,14356,8
2020-12-08,15:46:26,14354,14355,14354,1
2020-12-08,15:46:27,14354,14355,14354,1
2020-12-08,15:46:29,14354,14355,14355,1
2020-12-08,15:46:29,14354,14356,14355,1
2020-12-08,15:46:29,14355,14356,14355,1
2020-12-08,15:46:30,14354,14356,14356,1
2020-12-08,15:46:30,14354,14356,14355,4
2020-12-08,15:46:31,14354,14356,14354,1
2020-12-08,15:46:31,14354,14356,14354,6
2020-12-08,15:46:32,14354,14356,14354,1
2020-12-08,15:46:34,14354,14355,14355,1
2020-12-08,15:46:37,14354,14356,14355,1
2020-12-08,15:46:39,14354,14355,14355,2
2020-12-08,15:46:43,14354,14355,14354,1
2020-12-08,15:46:43,14354,14355,14355,1
2020-12-08,15:46:47,14354,14355,14354,1
2020-12-08,15:46:48,14354,14355,14354,1
2020-12-08,15:46:51,14354,14355,14354,3
2020-12-08,15:46:51,14354,14355,14354,2
2020-12-08,15:46:51,14354,14355,14354,1
2020-12-08,15:46:51,14354,14355,14353,2
2020-12-08,15:46:51,14352,14354,14352,1
2020-12-08,15:46:51,14352,14354,14352,5
2020-12-08,15:46:52,14352,14354,14354,3
2020-12-08,15:46:52,14352,14354,14352,1
2020-12-08,15:46:53,14352,14354,14354,2
2020-12-08,15:46:54,14352,14354,14352,4
2020-12-08,15:46:54,14352,14353,14352,4
2020-12-08,15:46:55,14352,14353,14352,1
2020-12-08,15:46:55,14352,14353,14353,1
2020-12-08,15:46:55,14352,14353,14352,1
2020-12-08,15:46:56,14352,14354,14352,1
2020-12-08,15:46:59,14353,14354,14353,1
2020-12-08,15:47:02,14352,14354,14352,4
2020-12-08,15:47:02,14352,14353,14352,3
2020-12-08,15:47:05,14352,14354,14353,1
2020-12-08,15:47:19,14353,14354,14353,1
2020-12-08,15:47:20,14353,14354,14353,1
2020-12-08,15:47:26,14353,14354,14354,4
2020-12-08,15:47:26,14353,14354,14354,2
2020-12-08,15:47:26,14353,14354,14354,1
2020-12-08,15:47:26,14353,14354,14354,2
2020-12-08,15:47:27,14354,14355,14354,3
2020-12-08,15:47:30,14353,14354,14354,1
2020-12-08,15:47:34,14353,14354,14353,1
2020-12-08,15:47:36,14353,14354,14353,2
2020-12-08,15:47:51,14353,14354,14353,1
2020-12-08,15:47:52,14353,14354,14354,5
2020-12-08,15:47:52,14353,14355,14353,1
2020-12-08,15:47:52,14353,14355,14353,1
2020-12-08,15:47:54,14353,14355,14353,1
2020-12-08,15:47:55,14353,14354,14354,2
2020-12-08,15:48:01,14354,14355,14355,1
2020-12-08,15:48:01,14354,14355,14355,3
2020-12-08,15:48:01,14354,14355,14355,1
2020-12-08,15:48:01,14354,14355,14355,5
2020-12-08,15:48:01,14354,14355,14355,2
2020-12-08,15:48:01,14354,14355,14355,5
2020-12-08,15:48:01,14355,14356,14356,1
2020-12-08,15:48:01,14355,14356,14355,1
2020-12-08,15:48:01,14355,14356,14356,2
2020-12-08,15:48:01,14355,14356,14356,1
2020-12-08,15:48:01,14355,14356,14356,1
2020-12-08,15:48:01,14355,14356,14356,1
2020-12-08,15:48:02,14355,14356,14355,1
2020-12-08,15:48:03,14355,14356,14356,1
2020-12-08,15:48:04,14355,14356,14355,5
2020-12-08,15:48:05,14355,14356,14355,1
2020-12-08,15:48:05,14355,14356,14355,3
2020-12-08,15:48:07,14355,14356,14356,1
2020-12-08,15:48:09,14355,14356,14356,1
2020-12-08,15:48:19,14355,14356,14355,5
2020-12-08,15:48:23,14355,14356,14356,10
2020-12-08,15:48:27,14355,14356,14355,1
2020-12-08,15:48:30,14355,14356,14355,2
2020-12-08,15:48:31,14355,14356,14355,1
2020-12-08,15:48:32,14354,14355,14355,1
2020-12-08,15:48:34,14354,14355,14355,1
2020-12-08,15:48:34,14354,14355,14354,1
2020-12-08,15:48:37,14354,14355,14354,3
2020-12-08,15:48:37,14354,14355,14354,17
2020-12-08,15:48:37,14354,14355,14354,8
2020-12-08,15:48:39,14354,14355,14354,1
2020-12-08,15:48:39,14353,14354,14354,1
2020-12-08,15:48:49,14354,14355,14354,1
2020-12-08,15:48:53,14353,14354,14354,3
2020-12-08,15:48:57,14353,14354,14354,1
2020-12-08,15:49:02,14353,14354,14353,1
2020-12-08,15:49:02,14353,14354,14354,1
2020-12-08,15:49:05,14353,14354,14354,1
2020-12-08,15:49:08,14354,14355,14354,1
2020-12-08,15:49:08,14353,14354,14354,1
2020-12-08,15:49:09,14354,14355,14354,1
2020-12-08,15:49:14,14353,14355,14355,16
2020-12-08,15:49:14,14353,14355,14356,4
2020-12-08,15:49:19,14354,14355,14354,3
2020-12-08,15:49:29,14354,14355,14355,2
2020-12-08,15:49:30,14354,14355,14355,2
2020-12-08,15:49:33,14354,14355,14355,2
2020-12-08,15:49:33,14354,14355,14355,1
2020-12-08,15:49:33,14355,14356,14355,1
2020-12-08,15:49:34,14354,14355,14355,1
2020-12-08,15:49:44,14355,14356,14356,13
2020-12-08,15:49:44,14355,14356,14357,2
2020-12-08,15:49:45,14356,14357,14355,2
2020-12-08,15:49:45,14356,14357,14356,4
2020-12-08,15:49:45,14355,14357,14357,2
2020-12-08,15:49:51,14356,14357,14356,1
2020-12-08,15:49:51,14356,14357,14357,1
2020-12-08,15:49:51,14356,14357,14356,1
2020-12-08,15:49:52,14356,14357,14357,2
2020-12-08,15:49:52,14356,14357,14357,2
2020-12-08,15:49:57,14356,14357,14357,1
2020-12-08,15:49:59,14356,14357,14357,1
2020-12-08,15:49:59,14356,14357,14356,1
2020-12-08,15:50:00,14356,14357,14356,1
2020-12-08,15:50:01,14356,14357,14357,1
2020-12-08,15:50:01,14356,14358,14358,1
2020-12-08,15:50:01,14356,14358,14358,1
2020-12-08,15:50:01,14356,14358,14358,1
2020-12-08,15:50:02,14357,14358,14357,1
2020-12-08,15:50:02,14357,14358,14357,2
2020-12-08,15:50:04,14356,14357,14357,1
2020-12-08,15:50:05,14356,14357,14356,1
2020-12-08,15:50:07,14356,14357,14356,1
2020-12-08,15:50:12,14356,14357,14357,1
2020-12-08,15:50:12,14356,14357,14358,1
2020-12-08,15:50:13,14356,14358,14358,1
2020-12-08,15:50:13,14356,14358,14356,1
2020-12-08,15:50:20,14356,14357,14357,1
2020-12-08,15:50:20,14356,14357,14356,3
2020-12-08,15:50:21,14356,14357,14357,1
2020-12-08,15:50:25,14356,14358,14358,1
2020-12-08,15:50:27,14356,14357,14357,5
2020-12-08,15:50:28,14357,14358,14358,1
2020-12-08,15:50:30,14357,14358,14358,4
2020-12-08,15:50:30,14357,14358,14358,4
2020-12-08,15:50:30,14357,14358,14358,1
2020-12-08,15:50:31,14357,14358,14358,2
2020-12-08,15:50:31,14357,14359,14359,1
2020-12-08,15:50:31,14357,14359,14357,1
2020-12-08,15:50:32,14357,14359,14357,4
2020-12-08,15:50:33,14357,14358,14358,1
2020-12-08,15:50:33,14357,14358,14358,1
2020-12-08,15:50:33,14357,14358,14358,1
2020-12-08,15:50:41,14357,14358,14358,3
2020-12-08,15:50:42,14357,14359,14359,1
2020-12-08,15:50:46,14357,14358,14358,1
2020-12-08,15:50:50,14357,14358,14358,1
2020-12-08,15:50:51,14357,14358,14358,3
2020-12-08,15:50:51,14357,14358,14358,3
2020-12-08,15:50:51,14357,14358,14359,1
2020-12-08,15:50:56,14358,14359,14359,1
2020-12-08,15:50:56,14358,14359,14358,1
2020-12-08,15:50:56,14358,14359,14358,1
2020-12-08,15:50:56,14357,14358,14358,1
2020-12-08,15:50:56,14357,14358,14358,1
2020-12-08,15:51:01,14357,14358,14358,5
2020-12-08,15:51:01,14357,14358,14358,1
2020-12-08,15:51:02,14357,14359,14359,1
2020-12-08,15:51:02,14357,14359,14359,1
2020-12-08,15:51:05,14357,14358,14357,8
2020-12-08,15:51:05,14357,14358,14356,1
2020-12-08,15:51:05,14356,14357,14356,1
2020-12-08,15:51:05,14356,14357,14356,1
2020-12-08,15:51:05,14356,14357,14356,1
2020-12-08,15:51:05,14356,14357,14356,1
2020-12-08,15:51:05,14356,14357,14356,1
2020-12-08,15:51:05,14356,14357,14356,3
2020-12-08,15:51:05,14356,14357,14356,1
2020-12-08,15:51:06,14355,14356,14356,1
2020-12-08,15:51:09,14356,14357,14356,1
2020-12-08,15:51:10,14355,14357,14357,1
2020-12-08,15:51:11,14355,14356,14356,1
2020-12-08,15:51:12,14355,14357,14357,1
2020-12-08,15:51:12,14356,14357,14356,1
2020-12-08,15:51:14,14356,14357,14356,2
2020-12-08,15:51:15,14356,14357,14356,1
2020-12-08,15:51:16,14356,14357,14357,1
2020-12-08,15:51:16,14356,14357,14357,1
2020-12-08,15:51:18,14356,14357,14357,1
2020-12-08,15:51:18,14356,14357,14358,3
2020-12-08,15:51:18,14356,14357,14359,2
2020-12-08,15:51:28,14357,14359,14359,2
2020-12-08,15:51:35,14358,14359,14359,1
2020-12-08,15:51:40,14358,14359,14359,3
2020-12-08,15:51:40,14358,14359,14359,1
2020-12-08,15:51:40,14358,14359,14359,5
2020-12-08,15:51:40,14358,14359,14359,6
2020-12-08,15:51:41,14359,14360,14359,2
2020-12-08,15:51:41,14359,14360,14359,2
2020-12-08,15:51:41,14359,14360,14359,1
2020-12-08,15:51:41,14359,14360,14359,1
2020-12-08,15:51:41,14358,14360,14358,4
2020-12-08,15:51:43,14359,14360,14360,1
2020-12-08,15:51:43,14359,14360,14360,1
2020-12-08,15:51:43,14359,14360,14358,3
2020-12-08,15:51:43,14359,14360,14359,1
2020-12-08,15:51:43,14359,14360,14360,1
2020-12-08,15:51:43,14359,14360,14360,1
2020-12-08,15:51:44,14358,14360,14358,1
2020-12-08,15:51:44,14358,14360,14358,1
2020-12-08,15:51:44,14358,14360,14358,1
2020-12-08,15:51:44,14358,14360,14358,1
2020-12-08,15:51:44,14358,14359,14358,4
2020-12-08,15:51:44,14358,14359,14358,2
2020-12-08,15:51:44,14358,14359,14359,1
2020-12-08,15:51:44,14358,14359,14357,9
2020-12-08,15:51:44,14358,14359,14358,2
2020-12-08,15:51:44,14356,14358,14356,1
2020-12-08,15:51:47,14357,14358,14358,7
2020-12-08,15:51:49,14358,14359,14359,2
2020-12-08,15:51:51,14358,14359,14359,1
2020-12-08,15:51:52,14358,14359,14359,2
2020-12-08,15:51:53,14359,14360,14360,1
2020-12-08,15:51:54,14359,14360,14359,1
2020-12-08,15:51:55,14359,14360,14359,1
2020-12-08,15:51:56,14359,14360,14359,3
2020-12-08,15:51:56,14358,14359,14359,1
2020-12-08,15:51:59,14358,14359,14359,1
2020-12-08,15:51:59,14358,14359,14358,1
2020-12-08,15:52:00,14358,14359,14359,1
2020-12-08,15:52:05,14358,14359,14359,2
2020-12-08,15:52:05,14358,14359,14359,4
2020-12-08,15:52:05,14358,14359,14359,1
2020-12-08,15:52:07,14359,14360,14359,1
2020-12-08,15:52:08,14359,14360,14359,1
2020-12-08,15:52:08,14359,14360,14360,1
2020-12-08,15:52:09,14359,14360,14360,1
2020-12-08,15:52:09,14359,14360,14359,1
2020-12-08,15:52:09,14359,14360,14359,1
2020-12-08,15:52:09,14359,14360,14359,1
2020-12-08,15:52:09,14359,14360,14359,1
2020-12-08,15:52:09,14359,14360,14359,1
2020-12-08,15:52:09,14359,14360,14359,1
2020-12-08,15:52:09,14359,14360,14359,1
2020-12-08,15:52:09,14359,14360,14359,1
2020-12-08,15:52:10,14358,14359,14359,2
2020-12-08,15:52:13,14358,14359,14359,2
2020-12-08,15:52:13,14358,14359,14360,3
2020-12-08,15:52:14,14359,14360,14359,1
2020-12-08,15:52:16,14359,14360,14360,1
2020-12-08,15:52:23,14359,14360,14360,1
2020-12-08,15:52:24,14359,14360,14360,1
2020-12-08,15:52:28,14359,14360,14360,2
2020-12-08,15:52:29,14359,14360,14360,1
2020-12-08,15:52:30,14359,14360,14359,1
2020-12-08,15:52:33,14358,14359,14359,4
2020-12-08,15:52:34,14358,14360,14358,1
2020-12-08,15:52:41,14358,14359,14358,1
2020-12-08,15:52:42,14358,14359,14358,1
2020-12-08,15:52:48,14358,14359,14359,16
2020-12-08,15:52:53,14359,14360,14360,1
2020-12-08,15:52:53,14359,14360,14359,1
2020-12-08,15:52:54,14359,14360,14360,1
2020-12-08,15:52:55,14359,14360,14360,1
2020-12-08,15:52:56,14359,14360,14360,1
2020-12-08,15:52:59,14359,14360,14360,1
2020-12-08,15:53:00,14359,14360,14360,1
2020-12-08,15:53:02,14359,14360,14360,1
2020-12-08,15:53:02,14359,14360,14360,2
2020-12-08,15:53:02,14359,14360,14360,7
2020-12-08,15:53:02,14359,14360,14360,2
2020-12-08,15:53:02,14359,14360,14360,19
2020-12-08,15:53:02,14359,14360,14360,2
2020-12-08,15:53:02,14359,14360,14361,1
2020-12-08,15:53:02,14360,14361,14361,4
2020-12-08,15:53:02,14360,14361,14362,1
2020-12-08,15:53:03,14360,14362,14362,1
2020-12-08,15:53:03,14360,14362,14360,1
2020-12-08,15:53:03,14360,14362,14360,2
2020-12-08,15:53:03,14360,14362,14360,1
2020-12-08,15:53:04,14359,14360,14360,2
2020-12-08,15:53:04,14359,14360,14360,1
2020-12-08,15:53:04,14359,14360,14360,1
2020-12-08,15:53:07,14359,14361,14360,1
2020-12-08,15:53:08,14360,14361,14360,1
2020-12-08,15:53:09,14359,14361,14361,2
2020-12-08,15:53:10,14359,14360,14360,1
2020-12-08,15:53:10,14359,14361,14361,2
2020-12-08,15:53:11,14360,14361,14361,1
2020-12-08,15:53:12,14360,14362,14360,1
2020-12-08,15:53:12,14360,14362,14360,1
2020-12-08,15:53:13,14360,14362,14362,1
2020-12-08,15:53:13,14360,14362,14362,1
2020-12-08,15:53:16,14360,14361,14360,2
2020-12-08,15:53:18,14360,14361,14361,1
2020-12-08,15:53:26,14361,14362,14361,2
2020-12-08,15:53:27,14361,14362,14362,1
2020-12-08,15:53:27,14361,14362,14362,5
2020-12-08,15:53:27,14361,14362,14362,4
2020-12-08,15:53:27,14361,14362,14362,2
2020-12-08,15:53:27,14362,14363,14362,1
2020-12-08,15:53:28,14362,14363,14363,11
2020-12-08,15:53:29,14362,14364,14362,4
2020-12-08,15:53:29,14362,14363,14363,4
2020-12-08,15:53:30,14362,14363,14363,2
2020-12-08,15:53:34,14362,14363,14363,1
2020-12-08,15:53:34,14362,14363,14364,4
2020-12-08,15:53:34,14362,14364,14364,7
2020-12-08,15:53:34,14363,14364,14363,1
2020-12-08,15:53:34,14363,14364,14364,1
2020-12-08,15:53:34,14363,14364,14364,2
2020-12-08,15:53:34,14363,14364,14363,1
2020-12-08,15:53:37,14362,14364,14364,1
2020-12-08,15:53:39,14363,14364,14364,1
2020-12-08,15:53:40,14363,14364,14364,1
2020-12-08,15:53:41,14363,14364,14364,1
2020-12-08,15:53:41,14363,14364,14365,2
2020-12-08,15:53:42,14363,14365,14365,1
2020-12-08,15:53:42,14363,14365,14365,1
2020-12-08,15:53:44,14364,14365,14364,5
2020-12-08,15:53:47,14363,14364,14364,1
2020-12-08,15:53:48,14363,14364,14364,1
2020-12-08,15:53:48,14363,14364,14364,1
2020-12-08,15:53:50,14363,14364,14364,1
2020-12-08,15:53:50,14363,14364,14364,2
2020-12-08,15:53:51,14363,14364,14364,1
2020-12-08,15:53:52,14363,14364,14363,1
2020-12-08,15:53:55,14363,14364,14364,3
2020-12-08,15:53:55,14363,14364,14365,1
2020-12-08,15:53:55,14364,14365,14365,4
2020-12-08,15:53:57,14364,14365,14364,1
2020-12-08,15:53:59,14363,14364,14364,1
2020-12-08,15:54:01,14363,14364,14363,1
2020-12-08,15:54:02,14363,14364,14364,1
2020-12-08,15:54:02,14363,14364,14364,1
2020-12-08,15:54:02,14363,14364,14364,1
2020-12-08,15:54:02,14363,14364,14365,1
2020-12-08,15:54:02,14363,14364,14365,1
2020-12-08,15:54:02,14363,14365,14365,1
2020-12-08,15:54:02,14363,14365,14365,2
2020-12-08,15:54:02,14363,14365,14365,2
2020-12-08,15:54:02,14363,14365,14365,4
2020-12-08,15:54:02,14363,14365,14365,7
2020-12-08,15:54:02,14364,14366,14364,7
2020-12-08,15:54:03,14364,14365,14365,1
2020-12-08,15:54:06,14364,14365,14365,1
2020-12-08,15:54:07,14364,14365,14365,1
2020-12-08,15:54:08,14365,14366,14366,1
2020-12-08,15:54:08,14365,14366,14366,1
2020-12-08,15:54:08,14365,14366,14366,1
2020-12-08,15:54:08,14365,14366,14365,1
2020-12-08,15:54:08,14365,14366,14365,1
2020-12-08,15:54:08,14365,14366,14365,1
2020-12-08,15:54:08,14365,14366,14365,1
2020-12-08,15:54:10,14365,14366,14366,1
2020-12-08,15:54:11,14365,14366,14366,5
2020-12-08,15:54:11,14365,14366,14366,2
2020-12-08,15:54:11,14365,14366,14366,1
2020-12-08,15:54:11,14365,14366,14366,2
2020-12-08,15:54:12,14366,14367,14366,5
2020-12-08,15:54:15,14366,14367,14367,1
2020-12-08,15:54:15,14366,14367,14366,1
2020-12-08,15:54:16,14365,14366,14366,1
2020-12-08,15:54:16,14365,14367,14365,1
2020-12-08,15:54:18,14365,14366,14366,1
2020-12-08,15:54:18,14365,14367,14365,2
2020-12-08,15:54:21,14366,14367,14367,7
2020-12-08,15:54:22,14366,14368,14366,1
2020-12-08,15:54:22,14366,14368,14366,1
2020-12-08,15:54:25,14367,14368,14368,1
2020-12-08,15:54:25,14367,14368,14367,1
2020-12-08,15:54:25,14367,14368,14367,2
2020-12-08,15:54:25,14367,14368,14368,1
2020-12-08,15:54:26,14366,14367,14367,1
2020-12-08,15:54:26,14366,14367,14368,1
2020-12-08,15:54:26,14366,14368,14368,1
2020-12-08,15:54:27,14367,14368,14367,1
2020-12-08,15:54:28,14366,14368,14366,4
2020-12-08,15:54:28,14366,14367,14367,4
2020-12-08,15:54:28,14366,14367,14368,15
2020-12-08,15:54:28,14366,14367,14368,1
2020-12-08,15:54:30,14367,14368,14367,4
2020-12-08,15:54:30,14366,14367,14367,2
2020-12-08,15:54:30,14366,14367,14368,3
2020-12-08,15:54:31,14367,14368,14366,1
2020-12-08,15:54:31,14367,14368,14367,4
2020-12-08,15:54:31,14366,14368,14368,1
2020-12-08,15:54:33,14367,14368,14368,4
2020-12-08,15:54:33,14367,14368,14368,1
2020-12-08,15:54:35,14367,14368,14368,1
2020-12-08,15:54:35,14367,14368,14368,1
2020-12-08,15:54:35,14367,14368,14368,1
2020-12-08,15:54:36,14367,14369,14369,5
2020-12-08,15:54:36,14367,14369,14369,1
2020-12-08,15:54:36,14367,14368,14367,11
2020-12-08,15:54:38,14367,14368,14368,2
2020-12-08,15:54:38,14367,14368,14368,1
2020-12-08,15:54:39,14366,14368,14368,1
2020-12-08,15:54:39,14366,14368,14368,3
2020-12-08,15:54:40,14367,14368,14367,1
2020-12-08,15:54:41,14366,14368,14368,2
2020-12-08,15:54:43,14367,14368,14368,2
2020-12-08,15:54:46,14367,14368,14366,42
2020-12-08,15:54:46,14367,14368,14367,8
2020-12-08,15:54:46,14367,14368,14366,2
2020-12-08,15:54:46,14367,14368,14366,1
2020-12-08,15:54:46,14365,14367,14367,1
2020-12-08,15:54:46,14366,14367,14367,1
2020-12-08,15:54:46,14366,14367,14366,1
2020-12-08,15:54:48,14366,14367,14367,2
2020-12-08,15:54:50,14366,14367,14366,2
2020-12-08,15:54:50,14365,14367,14367,1
2020-12-08,15:54:55,14366,14367,14365,4
2020-12-08,15:54:55,14366,14367,14366,1
2020-12-08,15:54:56,14365,14366,14366,1
2020-12-08,15:54:58,14365,14366,14366,1
2020-12-08,15:55:00,14365,14367,14365,2
2020-12-08,15:55:00,14365,14367,14366,1
2020-12-08,15:55:00,14365,14367,14367,2
2020-12-08,15:55:01,14365,14367,14365,1
2020-12-08,15:55:01,14365,14367,14365,2
2020-12-08,15:55:01,14365,14367,14365,1
2020-12-08,15:55:01,14365,14366,14365,1
2020-12-08,15:55:01,14365,14366,14365,1
2020-12-08,15:55:01,14365,14366,14365,2
2020-12-08,15:55:01,14365,14366,14365,5
2020-12-08,15:55:01,14365,14366,14365,14
2020-12-08,15:55:01,14365,14366,14365,4
2020-12-08,15:55:01,14365,14366,14365,1
2020-12-08,15:55:01,14365,14366,14365,1
2020-12-08,15:55:01,14365,14366,14365,1
2020-12-08,15:55:01,14365,14366,14365,1
2020-12-08,15:55:01,14365,14366,14365,3
2020-12-08,15:55:01,14365,14366,14364,1
2020-12-08,15:55:01,14365,14366,14365,1
2020-12-08,15:55:02,14364,14366,14365,4
2020-12-08,15:55:02,14364,14366,14364,1
2020-12-08,15:55:02,14364,14366,14364,1
2020-12-08,15:55:03,14364,14366,14364,2
2020-12-08,15:55:03,14364,14366,14364,2
2020-12-08,15:55:03,14364,14366,14364,2
2020-12-08,15:55:04,14364,14365,14364,2
2020-12-08,15:55:04,14364,14365,14365,1
2020-12-08,15:55:04,14364,14365,14364,2
2020-12-08,15:55:04,14364,14365,14364,2
2020-12-08,15:55:04,14364,14365,14364,2
2020-12-08,15:55:04,14364,14365,14364,1
2020-12-08,15:55:04,14364,14365,14364,2
2020-12-08,15:55:05,14364,14365,14364,1
2020-12-08,15:55:06,14364,14365,14364,4
2020-12-08,15:55:06,14364,14365,14364,1
2020-12-08,15:55:06,14363,14364,14364,3
2020-12-08,15:55:06,14363,14364,14363,2
2020-12-08,15:55:07,14363,14364,14363,2
2020-12-08,15:55:07,14363,14364,14363,1
2020-12-08,15:55:07,14363,14364,14363,2
2020-12-08,15:55:07,14363,14364,14363,2
2020-12-08,15:55:07,14363,14364,14363,2
2020-12-08,15:55:07,14363,14364,14363,2
2020-12-08,15:55:07,14363,14364,14363,14
2020-12-08,15:55:07,14363,14364,14363,4
2020-12-08,15:55:07,14363,14364,14363,3
2020-12-08,15:55:08,14362,14363,14363,1
2020-12-08,15:55:08,14362,14363,14362,2
2020-12-08,15:55:08,14362,14364,14362,2
2020-12-08,15:55:08,14362,14364,14362,3
2020-12-08,15:55:09,14362,14363,14363,1
2020-12-08,15:55:09,14362,14364,14362,1
2020-12-08,15:55:10,14362,14364,14362,1
2020-12-08,15:55:10,14362,14363,14363,1
2020-12-08,15:55:11,14362,14364,14362,1
2020-12-08,15:55:11,14362,14364,14362,1
2020-12-08,15:55:11,14362,14363,14362,1
2020-12-08,15:55:12,14362,14363,14362,2
2020-12-08,15:55:13,14362,14363,14362,4
2020-12-08,15:55:16,14361,14362,14362,1
2020-12-08,15:55:17,14362,14363,14362,1
2020-12-08,15:55:19,14361,14363,14362,1
2020-12-08,15:55:28,14362,14363,14362,5
2020-12-08,15:55:28,14362,14363,14362,2
2020-12-08,15:55:29,14361,14362,14362,1
2020-12-08,15:55:29,14361,14362,14362,1
2020-12-08,15:55:29,14361,14362,14362,1
2020-12-08,15:55:32,14362,14363,14362,1
2020-12-08,15:55:36,14362,14363,14362,2
2020-12-08,15:55:37,14362,14363,14363,1
2020-12-08,15:55:40,14362,14363,14362,1
2020-12-08,15:55:41,14362,14363,14362,1
2020-12-08,15:55:45,14361,14362,14361,1
2020-12-08,15:55:47,14361,14362,14361,1
2020-12-08,15:55:47,14361,14362,14361,1
2020-12-08,15:55:48,14361,14362,14362,1
2020-12-08,15:55:51,14361,14362,14361,2
2020-12-08,15:55:51,14361,14362,14361,2
2020-12-08,15:55:54,14361,14362,14362,1
2020-12-08,15:55:57,14362,14363,14362,1
2020-12-08,15:55:57,14362,14363,14362,1
2020-12-08,15:56:02,14362,14363,14362,1
2020-12-08,15:56:02,14362,14363,14363,1
2020-12-08,15:56:03,14362,14363,14363,1
2020-12-08,15:56:06,14362,14363,14363,2
2020-12-08,15:56:06,14362,14363,14363,3
2020-12-08,15:56:14,14362,14363,14363,1
2020-12-08,15:56:14,14362,14363,14363,3
2020-12-08,15:56:20,14363,14364,14363,1
2020-12-08,15:56:23,14362,14363,14363,1
2020-12-08,15:56:32,14363,14364,14363,2
2020-12-08,15:56:38,14363,14364,14363,3
2020-12-08,15:56:42,14362,14363,14363,1
2020-12-08,15:56:45,14362,14363,14363,2
2020-12-08,15:56:46,14362,14363,14362,1
2020-12-08,15:56:46,14362,14363,14362,2
2020-12-08,15:56:49,14362,14363,14362,1
2020-12-08,15:56:49,14362,14363,14362,1
2020-12-08,15:56:50,14362,14363,14363,1
2020-12-08,15:56:50,14362,14363,14363,1
2020-12-08,15:56:50,14362,14363,14363,7
2020-12-08,15:56:50,14362,14363,14363,4
2020-12-08,15:56:50,14362,14363,14363,15
2020-12-08,15:56:50,14362,14363,14363,3
2020-12-08,15:56:50,14362,14363,14363,1
2020-12-08,15:56:53,14363,14364,14362,1
2020-12-08,15:56:53,14363,14364,14363,4
2020-12-08,15:56:54,14362,14363,14362,1
2020-12-08,15:56:56,14362,14363,14362,1
2020-12-08,15:56:59,14362,14363,14363,1
2020-12-08,15:57:00,14362,14363,14363,1
2020-12-08,15:57:01,14362,14363,14362,1
2020-12-08,15:57:01,14362,14363,14362,1
2020-12-08,15:57:02,14362,14363,14362,3
2020-12-08,15:57:02,14362,14363,14363,1
2020-12-08,15:57:22,14362,14363,14362,3
2020-12-08,15:57:27,14362,14363,14363,3
2020-12-08,15:57:29,14362,14363,14363,3
2020-12-08,15:57:29,14362,14363,14364,2
2020-12-08,15:57:29,14362,14363,14364,1
2020-12-08,15:57:30,14363,14364,14363,7
2020-12-08,15:57:31,14363,14364,14362,3
2020-12-08,15:57:31,14363,14364,14363,2
2020-12-08,15:57:34,14362,14364,14364,1
2020-12-08,15:57:36,14364,14365,14365,1
2020-12-08,15:57:38,14364,14365,14365,1
2020-12-08,15:57:38,14364,14365,14365,1
2020-12-08,15:57:39,14364,14365,14365,1
2020-12-08,15:57:39,14364,14365,14364,1
2020-12-08,15:57:41,14364,14365,14365,2
2020-12-08,15:57:43,14364,14365,14364,1
2020-12-08,15:57:44,14364,14365,14364,1
2020-12-08,15:57:45,14364,14365,14365,1
2020-12-08,15:57:45,14364,14365,14365,1
2020-12-08,15:57:46,14364,14365,14365,2
2020-12-08,15:57:46,14364,14365,14365,3
2020-12-08,15:57:52,14365,14366,14365,1
2020-12-08,15:58:02,14365,14366,14365,1
2020-12-08,15:58:02,14365,14366,14366,1
2020-12-08,15:58:03,14365,14366,14365,1
2020-12-08,15:58:03,14365,14366,14366,2
2020-12-08,15:58:03,14366,14367,14366,1
2020-12-08,15:58:05,14366,14367,14367,4
2020-12-08,15:58:05,14366,14367,14367,3
2020-12-08,15:58:05,14366,14367,14367,1
2020-12-08,15:58:05,14366,14367,14367,4
2020-12-08,15:58:05,14366,14367,14367,9
2020-12-08,15:58:05,14367,14368,14368,1
2020-12-08,15:58:08,14366,14367,14367,1
2020-12-08,15:58:10,14366,14367,14367,1
2020-12-08,15:58:15,14366,14367,14367,2
2020-12-08,15:58:15,14366,14367,14367,1
2020-12-08,15:58:16,14366,14367,14367,1
2020-12-08,15:58:16,14367,14368,14367,3
2020-12-08,15:58:17,14366,14367,14366,11
2020-12-08,15:58:18,14366,14367,14366,1
2020-12-08,15:58:18,14365,14366,14366,1
2020-12-08,15:58:22,14365,14367,14365,1
2020-12-08,15:58:32,14366,14367,14367,2
2020-12-08,15:58:32,14366,14367,14367,1
2020-12-08,15:58:42,14366,14367,14366,2
2020-12-08,15:58:42,14366,14367,14367,1
2020-12-08,15:58:43,14366,14367,14367,2
2020-12-08,15:58:47,14366,14367,14366,2
2020-12-08,15:58:47,14366,14367,14366,3
2020-12-08,15:58:47,14366,14367,14366,1
2020-12-08,15:58:48,14365,14366,14366,1
2020-12-08,15:58:50,14365,14366,14365,1
2020-12-08,15:58:50,14365,14366,14365,1
2020-12-08,15:58:50,14365,14366,14365,5
2020-12-08,15:58:50,14365,14366,14365,10
2020-12-08,15:58:51,14364,14366,14366,1
2020-12-08,15:58:59,14365,14366,14366,2
2020-12-08,15:59:00,14365,14366,14366,1
2020-12-08,15:59:02,14366,14367,14366,2
2020-12-08,15:59:02,14365,14367,14366,1
2020-12-08,15:59:03,14366,14367,14366,1
2020-12-08,15:59:06,14366,14367,14366,1
2020-12-08,15:59:06,14366,14367,14366,1
2020-12-08,15:59:06,14366,14367,14366,1
2020-12-08,15:59:06,14365,14366,14366,1
2020-12-08,15:59:08,14365,14366,14365,1
2020-12-08,15:59:08,14365,14366,14365,11
2020-12-08,15:59:08,14365,14366,14365,12
2020-12-08,15:59:08,14365,14366,14365,5
2020-12-08,15:59:08,14365,14366,14365,4
2020-12-08,15:59:08,14365,14366,14365,1
2020-12-08,15:59:10,14365,14366,14365,1
2020-12-08,15:59:10,14364,14365,14365,1
2020-12-08,15:59:10,14364,14365,14366,4
2020-12-08,15:59:10,14365,14366,14365,2
2020-12-08,15:59:16,14364,14366,14366,1
2020-12-08,15:59:19,14364,14365,14365,1
2020-12-08,15:59:29,14364,14365,14364,1
2020-12-08,15:59:33,14364,14365,14364,1
2020-12-08,15:59:37,14364,14365,14364,1
2020-12-08,15:59:39,14364,14365,14365,2
2020-12-08,15:59:41,14364,14365,14365,1
2020-12-08,15:59:44,14364,14365,14365,2
2020-12-08,15:59:46,14364,14365,14365,5
2020-12-08,15:59:48,14365,14366,14365,1
2020-12-08,15:59:50,14364,14366,14364,1
2020-12-08,15:59:53,14364,14365,14364,1
2020-12-08,15:59:53,14364,14365,14364,12
2020-12-08,15:59:53,14364,14365,14364,1
2020-12-08,15:59:53,14363,14365,14365,5
2020-12-08,15:59:59,14363,14365,14363,16
2020-12-08,15:59:59,14362,14363,14362,10
2020-12-08,15:59:59,14362,14363,14362,2
2020-12-08,15:59:59,14361,14362,14361,15
2020-12-08,15:59:59,14361,14362,14361,1
2020-12-08,15:59:59,14361,14362,14361,2
2020-12-08,15:59:59,14361,14362,14361,18
2020-12-08,15:59:59,14361,14362,14361,4
2020-12-08,15:59:59,14361,14362,14361,1
2020-12-08,16:00:01,14360,14361,14361,1
2020-12-08,16:00:01,14361,14362,14363,1
2020-12-08,16:00:01,14361,14362,14363,1
2020-12-08,16:00:01,14361,14362,14363,1
2020-12-08,16:00:01,14361,14362,14363,2
2020-12-08,16:00:01,14361,14362,14363,2
2020-12-08,16:00:01,14361,14362,14364,2
2020-12-08,16:00:01,14361,14362,14364,1
2020-12-08,16:00:01,14362,14364,14362,1
2020-12-08,16:00:01,14362,14364,14364,1
2020-12-08,16:00:01,14362,14364,14364,1
2020-12-08,16:00:01,14362,14364,14362,1
2020-12-08,16:00:01,14362,14364,14364,1
2020-12-08,16:00:01,14362,14364,14362,1
2020-12-08,16:00:01,14362,14364,14362,1
2020-12-08,16:00:02,14362,14364,14362,1
2020-12-08,16:00:02,14362,14364,14364,1
2020-12-08,16:00:02,14362,14364,14362,1
2020-12-08,16:00:02,14362,14364,14362,1
2020-12-08,16:00:02,14362,14364,14364,5
2020-12-08,16:00:02,14362,14364,14364,2
2020-12-08,16:00:02,14362,14364,14365,3
2020-12-08,16:00:04,14362,14363,14363,1
2020-12-08,16:00:05,14362,14364,14364,1
2020-12-08,16:00:07,14363,14364,14364,2
2020-12-08,16:00:11,14363,14364,14363,1
2020-12-08,16:00:14,14362,14363,14363,1
2020-12-08,16:00:16,14363,14364,14364,1
2020-12-08,16:00:16,14363,14364,14364,1
2020-12-08,16:00:16,14363,14364,14364,1
2020-12-08,16:00:16,14363,14364,14364,1
2020-12-08,16:00:16,14363,14364,14364,1
2020-12-08,16:00:17,14363,14365,14363,1
2020-12-08,16:00:17,14363,14365,14365,1
2020-12-08,16:00:18,14363,14365,14363,1
2020-12-08,16:00:18,14363,14365,14363,1
2020-12-08,16:00:21,14363,14365,14364,1
2020-12-08,16:00:27,14363,14364,14364,2
2020-12-08,16:00:30,14363,14364,14364,3
2020-12-08,16:00:38,14363,14364,14364,1
2020-12-08,16:00:40,14363,14364,14363,2
2020-12-08,16:00:41,14363,14364,14364,3
2020-12-08,16:00:44,14364,14365,14364,3
2020-12-08,16:00:44,14364,14365,14364,2
2020-12-08,16:00:46,14364,14365,14365,7
2020-12-08,16:00:52,14364,14365,14364,2
2020-12-08,16:00:52,14364,14365,14364,3
2020-12-08,16:00:55,14364,14365,14364,2
2020-12-08,16:00:55,14363,14364,14364,1
2020-12-08,16:00:59,14364,14365,14365,2
2020-12-08,16:00:59,14364,14365,14364,2
2020-12-08,16:01:02,14364,14365,14364,1
2020-12-08,16:01:03,14363,14364,14364,1
2020-12-08,16:01:06,14363,14364,14364,1
2020-12-08,16:01:14,14364,14365,14365,3
2020-12-08,16:01:17,14364,14365,14365,2
2020-12-08,16:01:30,14364,14365,14365,1
2020-12-08,16:01:30,14364,14365,14365,1
2020-12-08,16:01:45,14364,14365,14364,9
2020-12-08,16:01:46,14363,14364,14364,1
2020-12-08,16:01:56,14363,14364,14363,5
2020-12-08,16:02:02,14362,14363,14362,5
2020-12-08,16:02:02,14362,14363,14362,1
2020-12-08,16:02:10,14361,14362,14361,1
2020-12-08,16:02:11,14361,14362,14361,1
2020-12-08,16:02:14,14361,14362,14361,1
2020-12-08,16:02:15,14361,14362,14362,3
2020-12-08,16:02:16,14362,14364,14362,1
2020-12-08,16:02:16,14362,14364,14362,2
2020-12-08,16:02:20,14362,14364,14361,4
2020-12-08,16:02:20,14362,14364,14362,1
2020-12-08,16:02:21,14361,14362,14362,1
2020-12-08,16:02:27,14361,14362,14362,1
2020-12-08,16:02:29,14361,14362,14362,1
2020-12-08,16:02:33,14361,14362,14362,5
2020-12-08,16:02:33,14361,14362,14362,4
2020-12-08,16:02:33,14361,14362,14362,4
2020-12-08,16:02:33,14361,14362,14362,1
2020-12-08,16:02:35,14361,14363,14361,1
2020-12-08,16:02:37,14361,14363,14362,1
2020-12-08,16:02:37,14361,14363,14361,1
2020-12-08,16:02:39,14362,14363,14362,1
2020-12-08,16:02:39,14361,14363,14362,1
2020-12-08,16:02:41,14361,14362,14362,2
2020-12-08,16:02:42,14362,14363,14362,1
2020-12-08,16:02:46,14362,14363,14362,1
2020-12-08,16:02:47,14361,14363,14363,5
2020-12-08,16:02:55,14362,14363,14363,1
2020-12-08,16:03:03,14362,14363,14362,3
2020-12-08,16:03:04,14361,14362,14362,1
2020-12-08,16:03:04,14361,14362,14362,1
2020-12-08,16:03:06,14361,14362,14362,1
2020-12-08,16:03:08,14361,14362,14362,1
2020-12-08,16:03:08,14361,14362,14361,1
2020-12-08,16:03:08,14361,14362,14362,1
2020-12-08,16:03:09,14361,14362,14362,1
2020-12-08,16:03:10,14362,14363,14363,1
2020-12-08,16:03:15,14362,14363,14362,1
2020-12-08,16:03:35,14361,14362,14362,5
2020-12-08,16:03:36,14362,14363,14362,1
2020-12-08,16:03:38,14362,14363,14362,1
2020-12-08,16:03:43,14361,14363,14362,1
2020-12-08,16:03:44,14362,14363,14362,1
2020-12-08,16:03:49,14362,14363,14362,5
2020-12-08,16:03:50,14362,14363,14362,2
2020-12-08,16:03:50,14362,14363,14362,4
2020-12-08,16:03:50,14361,14363,14362,1
2020-12-08,16:03:57,14361,14363,14362,1
2020-12-08,16:04:02,14361,14362,14362,4
2020-12-08,16:04:02,14362,14363,14362,1
2020-12-08,16:04:03,14362,14363,14363,10
2020-12-08,16:04:03,14362,14363,14363,2
2020-12-08,16:04:05,14362,14364,14362,1
2020-12-08,16:04:09,14362,14364,14363,1
2020-12-08,16:04:09,14362,14364,14363,1
2020-12-08,16:04:09,14362,14364,14363,1
2020-12-08,16:04:24,14363,14364,14363,3
2020-12-08,16:04:38,14362,14363,14362,7
2020-12-08,16:04:39,14361,14362,14362,2
2020-12-08,16:04:39,14361,14362,14362,4
2020-12-08,16:04:39,14361,14362,14363,12
2020-12-08,16:04:39,14361,14362,14364,8
2020-12-08,16:04:47,14361,14362,14362,1
2020-12-08,16:04:47,14362,14363,14362,4
2020-12-08,16:04:49,14362,14363,14362,3
2020-12-08,16:04:56,14361,14362,14362,1
2020-12-08,16:05:00,14361,14362,14361,2
2020-12-08,16:05:00,14361,14362,14361,5
2020-12-08,16:05:00,14361,14362,14361,3
2020-12-08,16:05:00,14361,14362,14361,1
2020-12-08,16:05:00,14361,14362,14361,4
2020-12-08,16:05:00,14361,14362,14361,3
2020-12-08,16:05:01,14360,14361,14360,1
2020-12-08,16:05:01,14360,14361,14360,1
2020-12-08,16:05:01,14360,14361,14360,1
2020-12-08,16:05:01,14360,14361,14360,1
2020-12-08,16:05:01,14360,14361,14360,1
2020-12-08,16:05:01,14360,14361,14360,1
2020-12-08,16:05:01,14360,14361,14360,1
2020-12-08,16:05:01,14360,14361,14360,1
2020-12-08,16:05:01,14360,14361,14360,1
2020-12-08,16:05:01,14360,14361,14360,1
2020-12-08,16:05:06,14361,14362,14360,1
2020-12-08,16:05:06,14361,14362,14361,1
2020-12-08,16:05:09,14360,14362,14360,1
2020-12-08,16:05:10,14360,14361,14361,1
2020-12-08,16:05:20,14360,14361,14361,1
2020-12-08,16:05:28,14360,14361,14361,1
2020-12-08,16:05:28,14360,14361,14361,1
2020-12-08,16:05:36,14361,14362,14362,4
2020-12-08,16:05:36,14361,14362,14362,1
2020-12-08,16:05:36,14361,14362,14362,4
2020-12-08,16:05:36,14361,14362,14362,4
2020-12-08,16:05:36,14361,14363,14363,3
2020-12-08,16:05:39,14361,14363,14361,5
2020-12-08,16:05:39,14361,14363,14361,1
2020-12-08,16:05:39,14361,14363,14361,1
2020-12-08,16:05:44,14361,14363,14363,3
2020-12-08,16:05:44,14362,14364,14362,4
2020-12-08,16:05:44,14361,14362,14361,1
2020-12-08,16:05:54,14361,14362,14362,1
2020-12-08,16:05:58,14361,14362,14362,1
2020-12-08,16:05:59,14361,14362,14361,4
2020-12-08,16:06:02,14361,14362,14362,10
2020-12-08,16:06:02,14361,14362,14362,8
2020-12-08,16:06:02,14362,14363,14363,1
2020-12-08,16:06:03,14361,14363,14363,1
2020-12-08,16:06:03,14362,14363,14363,1
2020-12-08,16:06:03,14362,14363,14363,1
2020-12-08,16:06:06,14363,14364,14363,1
2020-12-08,16:06:13,14362,14363,14363,1
2020-12-08,16:06:17,14363,14364,14363,1
2020-12-08,16:06:26,14362,14363,14363,1
2020-12-08,16:06:29,14362,14364,14364,2
2020-12-08,16:06:32,14363,14364,14364,1
2020-12-08,16:06:37,14363,14364,14364,1
2020-12-08,16:06:43,14363,14364,14364,1
2020-12-08,16:06:49,14363,14364,14363,8
2020-12-08,16:06:50,14362,14363,14363,1
2020-12-08,16:06:50,14362,14363,14364,4
2020-12-08,16:06:50,14362,14364,14364,2
2020-12-08,16:06:55,14362,14364,14362,1
2020-12-08,16:07:09,14362,14363,14362,1
2020-12-08,16:07:20,14362,14363,14362,2
2020-12-08,16:07:30,14362,14363,14361,2
2020-12-08,16:07:30,14362,14363,14362,5
2020-12-08,16:07:31,14361,14363,14362,1
2020-12-08,16:07:47,14361,14362,14362,1
2020-12-08,16:07:50,14362,14363,14362,1
2020-12-08,16:07:50,14362,14363,14362,1
2020-12-08,16:07:56,14362,14363,14363,3
2020-12-08,16:08:01,14362,14363,14363,1
2020-12-08,16:08:06,14362,14363,14362,1
2020-12-08,16:08:24,14362,14363,14362,1
2020-12-08,16:08:27,14362,14363,14362,7
2020-12-08,16:08:53,14361,14362,14362,1
2020-12-08,16:08:54,14361,14362,14361,5
2020-12-08,16:08:54,14361,14362,14361,5
2020-12-08,16:08:54,14361,14362,14361,1
2020-12-08,16:08:57,14361,14362,14362,1
2020-12-08,16:09:14,14361,14362,14361,1
2020-12-08,16:09:36,14361,14362,14361,1
2020-12-08,16:09:44,14361,14362,14361,6
2020-12-08,16:09:45,14361,14362,14361,1
2020-12-08,16:09:49,14360,14361,14361,1
2020-12-08,16:10:00,14360,14361,14361,1
2020-12-08,16:10:00,14360,14361,14360,2
2020-12-08,16:10:01,14360,14361,14360,1
2020-12-08,16:10:01,14360,14361,14360,1
2020-12-08,16:10:01,14360,14361,14360,9
2020-12-08,16:10:01,14360,14361,14360,2
2020-12-08,16:10:01,14359,14361,14359,1
2020-12-08,16:10:01,14359,14361,14359,1
2020-12-08,16:10:01,14359,14361,14359,1
2020-12-08,16:10:05,14359,14360,14359,1
2020-12-08,16:10:12,14359,14360,14360,2
2020-12-08,16:10:12,14360,14361,14360,1
2020-12-08,16:10:13,14360,14361,14360,1
2020-12-08,16:10:14,14360,14361,14360,1
2020-12-08,16:10:32,14359,14360,14359,1
2020-12-08,16:10:32,14359,14360,14359,4
2020-12-08,16:10:32,14359,14360,14359,1
2020-12-08,16:10:32,14359,14360,14359,1
2020-12-08,16:10:32,14358,14359,14359,3
2020-12-08,16:10:40,14358,14359,14358,1
2020-12-08,16:10:40,14358,14359,14358,4
2020-12-08,16:10:40,14358,14359,14358,14
2020-12-08,16:10:40,14357,14358,14357,1
2020-12-08,16:10:40,14357,14358,14357,1
2020-12-08,16:10:40,14357,14358,14357,1
2020-12-08,16:10:41,14357,14358,14357,1
2020-12-08,16:10:42,14357,14358,14357,7
2020-12-08,16:10:43,14356,14357,14356,3
2020-12-08,16:10:44,14356,14357,14356,4
2020-12-08,16:10:45,14356,14358,14356,1
2020-12-08,16:10:46,14356,14358,14356,1
2020-12-08,16:10:48,14356,14357,14356,1
2020-12-08,16:10:55,14356,14357,14356,5
2020-12-08,16:10:55,14356,14357,14356,1
2020-12-08,16:10:55,14356,14357,14356,3
2020-12-08,16:10:55,14356,14357,14356,1
2020-12-08,16:10:57,14355,14356,14355,1
2020-12-08,16:10:57,14355,14356,14355,1
2020-12-08,16:10:58,14355,14356,14355,1
2020-12-08,16:10:58,14355,14356,14356,1
2020-12-08,16:11:01,14355,14356,14356,1
2020-12-08,16:11:03,14355,14356,14356,1
2020-12-08,16:11:03,14355,14356,14356,1
2020-12-08,16:11:06,14355,14356,14356,1
2020-12-08,16:11:06,14355,14356,14356,3
2020-12-08,16:11:06,14355,14356,14356,3
2020-12-08,16:11:07,14356,14357,14356,2
2020-12-08,16:11:09,14356,14357,14356,1
2020-12-08,16:11:10,14356,14357,14357,1
2020-12-08,16:11:10,14356,14357,14358,1
2020-12-08,16:11:13,14356,14358,14356,1
2020-12-08,16:11:21,14356,14357,14357,1
2020-12-08,16:11:23,14357,14358,14357,1
2020-12-08,16:11:23,14357,14358,14358,2
2020-12-08,16:11:23,14357,14358,14358,1
2020-12-08,16:11:23,14357,14358,14358,1
2020-12-08,16:11:23,14357,14358,14358,1
2020-12-08,16:11:23,14357,14358,14358,1
2020-12-08,16:11:23,14357,14358,14358,4
2020-12-08,16:11:23,14357,14358,14358,16
2020-12-08,16:11:23,14358,14359,14359,1
2020-12-08,16:11:23,14358,14359,14359,3
2020-12-08,16:11:26,14359,14360,14359,1
2020-12-08,16:11:31,14359,14360,14359,1
2020-12-08,16:11:31,14359,14360,14360,1
2020-12-08,16:11:31,14359,14360,14359,1
2020-12-08,16:11:34,14358,14359,14359,1
2020-12-08,16:11:36,14358,14359,14359,1
2020-12-08,16:11:36,14358,14359,14358,1
2020-12-08,16:11:42,14357,14358,14358,6
2020-12-08,16:11:44,14358,14359,14359,1
2020-12-08,16:11:46,14359,14360,14359,1
2020-12-08,16:11:48,14357,14359,14359,1
2020-12-08,16:12:03,14358,14359,14358,2
2020-12-08,16:12:08,14358,14359,14358,1
2020-12-08,16:12:13,14358,14359,14358,1
2020-12-08,16:12:17,14358,14359,14358,1
2020-12-08,16:12:21,14358,14359,14358,1
2020-12-08,16:12:23,14358,14359,14358,3
2020-12-08,16:12:32,14358,14359,14359,1
2020-12-08,16:12:32,14358,14359,14358,2
2020-12-08,16:12:32,14358,14359,14358,1
2020-12-08,16:12:33,14358,14359,14359,22
2020-12-08,16:12:35,14359,14360,14359,1
2020-12-08,16:12:47,14359,14360,14359,2
2020-12-08,16:12:48,14359,14360,14360,2
2020-12-08,16:12:49,14359,14360,14360,1
2020-12-08,16:12:49,14359,14360,14359,2
2020-12-08,16:12:53,14359,14360,14360,1
2020-12-08,16:12:55,14359,14360,14359,1
2020-12-08,16:12:55,14359,14360,14359,1
2020-12-08,16:13:00,14359,14360,14359,4
2020-12-08,16:13:01,14359,14360,14360,2
2020-12-08,16:13:01,14359,14360,14360,1
2020-12-08,16:13:02,14359,14361,14359,1
2020-12-08,16:13:06,14360,14361,14360,1
2020-12-08,16:13:11,14360,14361,14360,2
2020-12-08,16:13:22,14359,14360,14360,2
2020-12-08,16:13:25,14359,14360,14360,1
2020-12-08,16:13:31,14359,14360,14360,1
2020-12-08,16:13:31,14359,14360,14359,6
2020-12-08,16:13:31,14359,14360,14359,2
2020-12-08,16:13:48,14358,14359,14359,1
2020-12-08,16:14:07,14359,14360,14359,1
2020-12-08,16:14:17,14358,14359,14358,1
2020-12-08,16:14:35,14358,14359,14358,1
2020-12-08,16:14:37,14358,14359,14358,3
2020-12-08,16:14:43,14357,14359,14357,1
2020-12-08,16:14:44,14357,14359,14358,1
2020-12-08,16:14:51,14358,14359,14358,1
2020-12-08,16:15:04,14358,14359,14359,2
2020-12-08,16:15:04,14358,14359,14359,1
2020-12-08,16:15:04,14358,14359,14359,2
2020-12-08,16:15:04,14358,14360,14359,3
2020-12-08,16:15:15,14359,14360,14360,2
2020-12-08,16:15:15,14360,14361,14360,1
2020-12-08,16:15:40,14360,14361,14361,2
2020-12-08,16:15:40,14360,14361,14361,2
2020-12-08,16:15:40,14360,14361,14360,2
2020-12-08,16:15:44,14360,14361,14361,2
2020-12-08,16:15:46,14360,14361,14361,1
2020-12-08,16:15:47,14360,14361,14361,1
2020-12-08,16:15:56,14361,14362,14361,1
2020-12-08,16:15:57,14360,14362,14362,1
2020-12-08,16:15:57,14361,14362,14362,1
2020-12-08,16:16:02,14361,14362,14362,1
2020-12-08,16:16:08,14361,14362,14362,1
2020-12-08,16:16:11,14361,14362,14362,7
2020-12-08,16:16:11,14362,14363,14362,1
2020-12-08,16:16:15,14362,14363,14363,1
2020-12-08,16:16:17,14362,14363,14363,1
2020-12-08,16:16:22,14362,14363,14363,1
2020-12-08,16:16:25,14362,14363,14363,1
2020-12-08,16:16:25,14362,14363,14363,1
2020-12-08,16:16:27,14363,14364,14363,1
2020-12-08,16:16:43,14363,14364,14362,1
2020-12-08,16:16:43,14363,14364,14363,4
2020-12-08,16:16:49,14362,14363,14362,2
2020-12-08,16:16:49,14362,14363,14362,1
2020-12-08,16:17:07,14362,14363,14362,1
2020-12-08,16:17:22,14362,14363,14362,1
2020-12-08,16:17:30,14362,14363,14362,2
2020-12-08,16:17:34,14362,14363,14363,1
2020-12-08,16:17:34,14362,14363,14363,1
2020-12-08,16:17:34,14362,14363,14363,2
2020-12-08,16:17:34,14362,14363,14363,7
2020-12-08,16:17:34,14362,14363,14363,1
2020-12-08,16:17:36,14363,14364,14363,1
2020-12-08,16:17:37,14363,14364,14364,1
2020-12-08,16:17:38,14363,14364,14364,3
2020-12-08,16:17:39,14363,14364,14364,1
2020-12-08,16:17:49,14363,14364,14364,2
2020-12-08,16:17:53,14363,14364,14364,1
2020-12-08,16:18:12,14363,14364,14364,1
2020-12-08,16:18:13,14363,14364,14364,1
2020-12-08,16:18:14,14363,14364,14364,1
2020-12-08,16:18:14,14363,14364,14365,1
2020-12-08,16:18:14,14364,14365,14365,2
2020-12-08,16:18:14,14364,14365,14365,1
2020-12-08,16:18:22,14364,14365,14365,2
2020-12-08,16:18:25,14364,14365,14365,1
2020-12-08,16:18:28,14364,14365,14365,1
2020-12-08,16:18:28,14364,14365,14365,2
2020-12-08,16:18:29,14364,14365,14365,1
2020-12-08,16:18:29,14364,14365,14365,1
2020-12-08,16:18:29,14364,14365,14365,1
2020-12-08,16:18:30,14364,14365,14365,1
2020-12-08,16:18:30,14364,14365,14365,1
2020-12-08,16:18:30,14364,14365,14365,4
2020-12-08,16:18:30,14364,14365,14365,4
2020-12-08,16:18:31,14364,14366,14364,2
2020-12-08,16:18:48,14365,14366,14365,1
2020-12-08,16:18:52,14365,14366,14366,2
2020-12-08,16:19:00,14365,14366,14365,1
2020-12-08,16:19:03,14365,14366,14365,1
2020-12-08,16:19:03,14365,14366,14365,2
2020-12-08,16:19:03,14364,14365,14365,1
2020-12-08,16:19:04,14364,14365,14365,1
2020-12-08,16:19:04,14364,14365,14365,1
2020-12-08,16:19:16,14365,14366,14366,1
2020-12-08,16:19:18,14365,14366,14366,1
2020-12-08,16:19:24,14365,14366,14365,2
2020-12-08,16:19:40,14364,14365,14365,1
2020-12-08,16:20:04,14364,14365,14364,1
2020-12-08,16:20:14,14364,14365,14364,1
2020-12-08,16:20:18,14364,14365,14365,1
2020-12-08,16:20:22,14364,14365,14364,1
2020-12-08,16:20:22,14364,14365,14364,2
2020-12-08,16:20:22,14364,14365,14364,20
2020-12-08,16:20:24,14363,14364,14363,1
2020-12-08,16:20:29,14363,14364,14364,2
2020-12-08,16:20:31,14363,14364,14363,1
2020-12-08,16:20:31,14363,14364,14363,5
2020-12-08,16:20:33,14363,14364,14364,1
2020-12-08,16:20:37,14363,14364,14363,1
2020-12-08,16:20:43,14363,14364,14364,3
2020-12-08,16:21:09,14364,14365,14365,2
2020-12-08,16:21:09,14364,14365,14365,8
2020-12-08,16:21:11,14365,14366,14365,1
2020-12-08,16:21:13,14365,14366,14366,1
2020-12-08,16:21:13,14365,14366,14366,1
2020-12-08,16:21:17,14365,14366,14366,1
2020-12-08,16:21:17,14365,14366,14366,2
2020-12-08,16:21:17,14365,14366,14366,4
2020-12-08,16:21:17,14365,14366,14366,6
2020-12-08,16:21:17,14365,14366,14366,10
2020-12-08,16:21:20,14366,14367,14366,2
2020-12-08,16:21:22,14365,14367,14365,1
2020-12-08,16:21:27,14365,14366,14366,2
2020-12-08,16:21:30,14365,14366,14366,1
2020-12-08,16:21:38,14365,14366,14366,1
2020-12-08,16:21:40,14365,14366,14366,1
2020-12-08,16:21:42,14366,14367,14366,1
2020-12-08,16:21:47,14365,14366,14365,2
2020-12-08,16:21:47,14365,14366,14365,1
2020-12-08,16:21:47,14365,14366,14365,1
2020-12-08,16:21:47,14365,14366,14365,1
2020-12-08,16:21:47,14365,14366,14365,1
2020-12-08,16:21:47,14365,14366,14365,1
2020-12-08,16:21:47,14365,14366,14365,1
2020-12-08,16:21:52,14365,14366,14365,1
2020-12-08,16:21:58,14365,14366,14365,5
2020-12-08,16:21:58,14365,14366,14365,2
2020-12-08,16:22:01,14365,14366,14365,1
2020-12-08,16:22:12,14365,14366,14365,1
2020-12-08,16:22:34,14365,14366,14365,1
2020-12-08,16:22:41,14365,14366,14365,1
2020-12-08,16:22:43,14365,14366,14365,1
2020-12-08,16:22:44,14365,14366,14366,4
2020-12-08,16:22:44,14365,14366,14366,10
2020-12-08,16:22:45,14366,14367,14367,10
2020-12-08,16:22:45,14366,14367,14367,4
2020-12-08,16:22:45,14366,14368,14366,1
2020-12-08,16:22:45,14366,14368,14366,1
2020-12-08,16:22:47,14366,14367,14366,1
2020-12-08,16:22:48,14366,14367,14366,1
2020-12-08,16:22:51,14366,14367,14367,2
2020-12-08,16:22:54,14366,14367,14367,1
2020-12-08,16:22:55,14366,14367,14366,2
2020-12-08,16:22:56,14366,14367,14366,2
2020-12-08,16:22:56,14366,14367,14367,1
2020-12-08,16:23:00,14366,14367,14367,1
2020-12-08,16:23:00,14366,14367,14366,1
2020-12-08,16:23:02,14366,14367,14367,1
2020-12-08,16:23:04,14366,14367,14367,1
2020-12-08,16:23:04,14366,14367,14367,1
2020-12-08,16:23:05,14366,14367,14366,1
2020-12-08,16:23:05,14366,14367,14367,1
2020-12-08,16:23:32,14366,14367,14366,1
2020-12-08,16:23:32,14366,14367,14366,1
2020-12-08,16:23:54,14366,14367,14366,1
2020-12-08,16:23:55,14365,14366,14366,1
2020-12-08,16:24:03,14366,14367,14366,1
2020-12-08,16:24:03,14365,14366,14365,1
2020-12-08,16:24:08,14365,14366,14366,1
2020-12-08,16:24:10,14366,14367,14366,1
2020-12-08,16:24:10,14366,14367,14366,1
2020-12-08,16:24:22,14365,14366,14366,2
2020-12-08,16:24:35,14365,14366,14365,1
2020-12-08,16:24:35,14365,14366,14365,1
2020-12-08,16:24:35,14365,14366,14365,1
2020-12-08,16:24:35,14365,14366,14365,1
2020-12-08,16:24:35,14365,14366,14365,4
2020-12-08,16:24:35,14365,14366,14365,2
2020-12-08,16:24:35,14365,14366,14365,2
2020-12-08,16:24:51,14364,14365,14365,1
2020-12-08,16:24:54,14365,14366,14365,2
2020-12-08,16:25:06,14365,14366,14366,1
2020-12-08,16:25:11,14365,14366,14366,5
2020-12-08,16:25:11,14365,14366,14366,4
2020-12-08,16:25:11,14365,14366,14366,1
2020-12-08,16:25:11,14365,14366,14366,1
2020-12-08,16:25:16,14366,14367,14366,1
2020-12-08,16:25:17,14366,14367,14366,4
2020-12-08,16:25:18,14365,14366,14366,2
2020-12-08,16:25:22,14365,14366,14365,1
2020-12-08,16:25:22,14365,14366,14366,1
2020-12-08,16:25:25,14365,14366,14366,1
2020-12-08,16:25:26,14365,14366,14366,1
2020-12-08,16:25:28,14365,14366,14366,1
2020-12-08,16:25:29,14365,14366,14365,5
2020-12-08,16:25:44,14365,14366,14365,3
2020-12-08,16:25:49,14364,14365,14365,1
2020-12-08,16:26:10,14364,14365,14365,5
2020-12-08,16:26:35,14364,14365,14364,6
2020-12-08,16:26:35,14364,14365,14364,5
2020-12-08,16:26:37,14363,14364,14363,1
2020-12-08,16:26:37,14363,14364,14364,1
2020-12-08,16:26:37,14363,14364,14364,1
2020-12-08,16:26:37,14363,14364,14364,1
2020-12-08,16:26:45,14363,14364,14364,1
2020-12-08,16:26:50,14363,14364,14364,1
2020-12-08,16:26:51,14363,14364,14364,1
2020-12-08,16:26:51,14363,14364,14365,1
2020-12-08,16:27:02,14363,14364,14364,1
2020-12-08,16:27:25,14363,14364,14364,1
2020-12-08,16:27:41,14363,14364,14363,7
2020-12-08,16:27:41,14363,14364,14363,2
