2020-12-22,15:00:00.004000,14039,14040,14036,110
2020-12-22,15:00:00.006000,14035,14037,14035,1
2020-12-22,15:00:00.006000,14035,14037,14035,2
2020-12-22,15:00:00.007000,14035,14037,14035,8
2020-12-22,15:00:00.069000,14033,14037,14033,2
2020-12-22,15:00:00.099000,14033,14037,14037,2
2020-12-22,15:00:00.117000,14033,14037,14036,1
2020-12-22,15:00:00.136000,14033,14037,14033,3
2020-12-22,15:00:00.202000,14033,14036,14033,2
2020-12-22,15:00:00.203000,14033,14036,14032,4
2020-12-22,15:00:00.203000,14033,14036,14031,3
2020-12-22,15:00:00.203000,14033,14036,14030,11
2020-12-22,15:00:00.203000,14033,14036,14029,4
2020-12-22,15:00:00.203000,14033,14036,14028,1
2020-12-22,15:00:00.203000,14033,14036,14027,5
2020-12-22,15:00:00.203000,14033,14036,14026,2
2020-12-22,15:00:00.213000,14033,14036,14026,2
2020-12-22,15:00:00.223000,14033,14036,14026,2
2020-12-22,15:00:00.223000,14033,14036,14026,15
2020-12-22,15:00:00.232000,14033,14036,14036,1
2020-12-22,15:00:00.321000,14025,14036,14026,3
2020-12-22,15:00:00.322000,14025,14036,14026,2
2020-12-22,15:00:00.350000,14025,14036,14034,2
2020-12-22,15:00:00.353000,14025,14036,14027,4
2020-12-22,15:00:00.383000,14025,14036,14025,4
2020-12-22,15:00:00.385000,14025,14036,14025,1
2020-12-22,15:00:00.421000,14025,14035,14025,1
2020-12-22,15:00:00.431000,14025,14035,14025,1
2020-12-22,15:00:00.435000,14025,14035,14023,2
2020-12-22,15:00:00.440000,14025,14035,14023,2
2020-12-22,15:00:00.455000,14025,14035,14022,2
2020-12-22,15:00:00.489000,14025,14035,14022,2
2020-12-22,15:00:00.512000,14025,14035,14022,1
2020-12-22,15:00:00.516000,14025,14035,14022,1
2020-12-22,15:00:00.521000,14025,14035,14022,8
2020-12-22,15:00:00.521000,14025,14035,14021,2
2020-12-22,15:00:00.522000,14025,14035,14021,1
2020-12-22,15:00:00.522000,14025,14035,14020,2
2020-12-22,15:00:00.523000,14025,14035,14020,2
2020-12-22,15:00:00.531000,14025,14035,14026,3
2020-12-22,15:00:00.531000,14025,14035,14031,1
2020-12-22,15:00:00.533000,14025,14035,14020,1
2020-12-22,15:00:00.536000,14025,14035,14020,3
2020-12-22,15:00:00.540000,14020,14031,14020,1
2020-12-22,15:00:00.549000,14020,14031,14031,1
2020-12-22,15:00:00.574000,14020,14031,14021,1
2020-12-22,15:00:00.574000,14020,14031,14020,1
2020-12-22,15:00:00.580000,14020,14031,14020,3
2020-12-22,15:00:00.580000,14020,14031,14020,1
2020-12-22,15:00:00.595000,14020,14031,14020,1
2020-12-22,15:00:00.595000,14020,14031,14020,1
2020-12-22,15:00:00.595000,14020,14031,14020,1
2020-12-22,15:00:00.611000,14020,14031,14021,1
2020-12-22,15:00:00.611000,14020,14031,14020,1
2020-12-22,15:00:00.612000,14020,14031,14020,2
2020-12-22,15:00:00.618000,14020,14031,14020,3
2020-12-22,15:00:00.618000,14020,14031,14018,1
2020-12-22,15:00:00.627000,14020,14031,14018,1
2020-12-22,15:00:00.627000,14020,14031,14018,2
2020-12-22,15:00:00.629000,14020,14031,14018,1
2020-12-22,15:00:00.643000,14020,14031,14016,2
2020-12-22,15:00:00.648000,14020,14031,14016,2
2020-12-22,15:00:00.650000,14020,14031,14016,4
2020-12-22,15:00:00.662000,14020,14031,14019,1
2020-12-22,15:00:00.672000,14017,14020,14017,1
2020-12-22,15:00:00.677000,14017,14020,14016,1
2020-12-22,15:00:00.710000,14017,14020,14016,1
2020-12-22,15:00:00.744000,14017,14020,14016,2
2020-12-22,15:00:00.749000,14017,14020,14018,1
2020-12-22,15:00:00.764000,14017,14020,14019,1
2020-12-22,15:00:00.766000,14017,14020,14018,1
2020-12-22,15:00:00.766000,14017,14020,14019,1
2020-12-22,15:00:00.770000,14017,14020,14017,1
2020-12-22,15:00:00.774000,14017,14020,14016,2
2020-12-22,15:00:00.776000,14017,14020,14016,2
2020-12-22,15:00:00.791000,14015,14019,14015,1
2020-12-22,15:00:00.832000,14015,14019,14015,1
2020-12-22,15:00:00.856000,14015,14019,14015,1
2020-12-22,15:00:00.856000,14015,14019,14014,1
2020-12-22,15:00:00.916000,14014,14018,14018,1
2020-12-22,15:00:00.916000,14014,14018,14019,2
2020-12-22,15:00:00.917000,14014,14018,14014,1
2020-12-22,15:00:00.917000,14014,14018,14013,1
2020-12-22,15:00:00.924000,14014,14018,14013,2
2020-12-22,15:00:00.948000,14014,14018,14012,1
2020-12-22,15:00:00.953000,14014,14018,14012,2
2020-12-22,15:00:00.983000,14014,14018,14012,1
2020-12-22,15:00:00.990000,14014,14018,14012,1
2020-12-22,15:00:01,14014,14018,14012,1
2020-12-22,15:00:01.010000,14014,14018,14014,1
2020-12-22,15:00:01.023000,14014,14018,14015,3
2020-12-22,15:00:01.033000,14014,14018,14012,1
2020-12-22,15:00:01.033000,14014,14018,14012,1
2020-12-22,15:00:01.040000,14011,14014,14014,1
2020-12-22,15:00:01.043000,14011,14014,14012,1
2020-12-22,15:00:01.044000,14011,14014,14011,1
2020-12-22,15:00:01.064000,14011,14014,14011,4
2020-12-22,15:00:01.064000,14011,14014,14010,2
2020-12-22,15:00:01.065000,14011,14014,14013,1
2020-12-22,15:00:01.065000,14011,14014,14014,3
2020-12-22,15:00:01.065000,14011,14014,14015,2
2020-12-22,15:00:01.065000,14011,14014,14013,2
2020-12-22,15:00:01.145000,14011,14014,14013,4
2020-12-22,15:00:01.156000,14011,14014,14013,2
2020-12-22,15:00:01.156000,14011,14014,14013,1
2020-12-22,15:00:01.157000,14011,14014,14011,1
2020-12-22,15:00:01.157000,14011,14014,14010,1
2020-12-22,15:00:01.160000,14011,14014,14010,2
2020-12-22,15:00:01.162000,14011,14014,14014,1
2020-12-22,15:00:01.165000,14010,14014,14014,1
2020-12-22,15:00:01.165000,14010,14014,14015,2
2020-12-22,15:00:01.185000,14010,14014,14011,1
2020-12-22,15:00:01.221000,14010,14014,14010,1
2020-12-22,15:00:01.238000,14010,14014,14011,1
2020-12-22,15:00:01.246000,14010,14014,14010,1
2020-12-22,15:00:01.248000,14010,14014,14010,3
2020-12-22,15:00:01.248000,14010,14014,14009,1
2020-12-22,15:00:01.248000,14010,14014,14008,1
2020-12-22,15:00:01.253000,14010,14014,14009,2
2020-12-22,15:00:01.255000,14010,14014,14009,1
2020-12-22,15:00:01.267000,14010,14014,14009,1
2020-12-22,15:00:01.290000,14008,14011,14011,1
2020-12-22,15:00:01.295000,14008,14011,14011,2
2020-12-22,15:00:01.307000,14008,14011,14009,1
2020-12-22,15:00:01.318000,14008,14011,14009,1
2020-12-22,15:00:01.325000,14008,14011,14009,2
2020-12-22,15:00:01.351000,14008,14011,14011,1
2020-12-22,15:00:01.385000,14008,14011,14009,1
2020-12-22,15:00:01.415000,14008,14010,14010,1
2020-12-22,15:00:01.415000,14008,14010,14011,2
2020-12-22,15:00:01.418000,14008,14010,14008,1
2020-12-22,15:00:01.426000,14008,14010,14009,1
2020-12-22,15:00:01.431000,14008,14010,14008,1
2020-12-22,15:00:01.452000,14008,14010,14008,1
2020-12-22,15:00:01.461000,14008,14010,14008,4
2020-12-22,15:00:01.462000,14008,14010,14008,2
2020-12-22,15:00:01.464000,14008,14010,14009,4
2020-12-22,15:00:01.488000,14008,14010,14008,2
2020-12-22,15:00:01.488000,14008,14010,14008,1
2020-12-22,15:00:01.494000,14008,14010,14008,2
2020-12-22,15:00:01.540000,14008,14010,14010,1
2020-12-22,15:00:01.545000,14008,14010,14008,4
2020-12-22,15:00:01.553000,14008,14010,14008,1
2020-12-22,15:00:01.580000,14008,14010,14009,1
2020-12-22,15:00:01.580000,14008,14010,14010,2
2020-12-22,15:00:01.580000,14008,14010,14011,1
2020-12-22,15:00:01.621000,14008,14010,14011,3
2020-12-22,15:00:01.621000,14008,14010,14012,1
2020-12-22,15:00:01.621000,14008,14010,14013,2
2020-12-22,15:00:01.660000,14008,14010,14013,2
2020-12-22,15:00:01.719000,14009,14015,14014,1
2020-12-22,15:00:01.732000,14009,14015,14009,1
2020-12-22,15:00:01.738000,14009,14015,14008,1
2020-12-22,15:00:01.753000,14009,14015,14014,1
2020-12-22,15:00:01.834000,14009,14015,14011,1
2020-12-22,15:00:01.852000,14009,14015,14010,2
2020-12-22,15:00:01.856000,14009,14015,14010,1
2020-12-22,15:00:01.856000,14009,14015,14010,1
2020-12-22,15:00:01.858000,14009,14015,14009,2
2020-12-22,15:00:01.860000,14009,14015,14009,1
2020-12-22,15:00:01.860000,14009,14015,14009,2
2020-12-22,15:00:01.861000,14009,14015,14010,1
2020-12-22,15:00:01.877000,14009,14015,14011,5
2020-12-22,15:00:01.877000,14009,14015,14012,1
2020-12-22,15:00:01.877000,14009,14015,14013,4
2020-12-22,15:00:01.896000,14009,14015,14014,3
2020-12-22,15:00:01.896000,14009,14015,14015,1
2020-12-22,15:00:01.904000,14009,14015,14011,1
2020-12-22,15:00:01.904000,14009,14015,14010,2
2020-12-22,15:00:01.904000,14009,14015,14010,3
2020-12-22,15:00:01.904000,14009,14015,14009,2
2020-12-22,15:00:01.904000,14009,14015,14008,3
2020-12-22,15:00:01.907000,14009,14015,14008,1
2020-12-22,15:00:01.907000,14009,14015,14007,3
2020-12-22,15:00:01.908000,14009,14015,14014,1
2020-12-22,15:00:01.908000,14009,14015,14015,3
2020-12-22,15:00:01.917000,14008,14015,14008,1
2020-12-22,15:00:01.918000,14008,14015,14007,2
2020-12-22,15:00:01.963000,14008,14015,14007,1
2020-12-22,15:00:01.973000,14008,14015,14006,1
2020-12-22,15:00:02.018000,14008,14015,14015,1
2020-12-22,15:00:02.018000,14008,14015,14016,2
2020-12-22,15:00:02.018000,14008,14015,14017,1
2020-12-22,15:00:02.025000,14008,14015,14007,1
2020-12-22,15:00:02.055000,14006,14017,14006,1
2020-12-22,15:00:02.056000,14006,14017,14006,1
2020-12-22,15:00:02.096000,14006,14017,14006,2
2020-12-22,15:00:02.097000,14006,14017,14006,1
2020-12-22,15:00:02.157000,14006,14017,14011,1
2020-12-22,15:00:02.197000,14010,14013,14010,1
2020-12-22,15:00:02.218000,14010,14013,14011,1
2020-12-22,15:00:02.242000,14010,14013,14009,1
2020-12-22,15:00:02.259000,14010,14013,14012,1
2020-12-22,15:00:02.262000,14010,14013,14013,1
2020-12-22,15:00:02.270000,14010,14013,14009,1
2020-12-22,15:00:02.270000,14010,14013,14013,2
2020-12-22,15:00:02.277000,14010,14013,14010,1
2020-12-22,15:00:02.287000,14010,14013,14010,1
2020-12-22,15:00:02.291000,14010,14013,14010,1
2020-12-22,15:00:02.297000,14010,14013,14010,2
2020-12-22,15:00:02.299000,14010,14013,14009,1
2020-12-22,15:00:02.312000,14010,14013,14009,2
2020-12-22,15:00:02.355000,14010,14013,14009,1
2020-12-22,15:00:02.356000,14010,14013,14009,1
2020-12-22,15:00:02.369000,14010,14013,14009,1
2020-12-22,15:00:02.379000,14010,14013,14011,1
2020-12-22,15:00:02.415000,14009,14012,14012,2
2020-12-22,15:00:02.442000,14009,14012,14015,1
2020-12-22,15:00:02.454000,14009,14012,14012,1
2020-12-22,15:00:02.454000,14009,14012,14012,3
2020-12-22,15:00:02.471000,14009,14012,14010,1
2020-12-22,15:00:02.503000,14009,14012,14010,1
2020-12-22,15:00:02.507000,14009,14012,14009,1
2020-12-22,15:00:02.539000,14009,14012,14014,2
2020-12-22,15:00:02.541000,14010,14015,14010,1
2020-12-22,15:00:02.541000,14010,14015,14009,3
2020-12-22,15:00:02.562000,14010,14015,14011,1
2020-12-22,15:00:02.580000,14010,14015,14010,1
2020-12-22,15:00:02.619000,14010,14015,14012,2
2020-12-22,15:00:02.619000,14010,14015,14013,2
2020-12-22,15:00:02.632000,14010,14015,14015,6
2020-12-22,15:00:02.666000,14014,14016,14016,2
2020-12-22,15:00:02.685000,14014,14016,14014,1
2020-12-22,15:00:02.686000,14014,14016,14014,2
2020-12-22,15:00:02.686000,14014,14016,14018,1
2020-12-22,15:00:02.716000,14014,14016,14015,1
2020-12-22,15:00:02.752000,14014,14016,14013,3
2020-12-22,15:00:02.770000,14014,14016,14013,1
2020-12-22,15:00:02.790000,14014,14016,14016,2
2020-12-22,15:00:02.800000,14014,14016,14018,1
2020-12-22,15:00:02.807000,14014,14016,14018,2
2020-12-22,15:00:02.859000,14014,14016,14015,1
2020-12-22,15:00:02.861000,14014,14016,14017,2
2020-12-22,15:00:02.875000,14014,14016,14014,4
2020-12-22,15:00:02.890000,14014,14016,14014,3
2020-12-22,15:00:02.894000,14014,14016,14014,1
2020-12-22,15:00:02.897000,14014,14016,14013,2
2020-12-22,15:00:02.897000,14014,14016,14013,1
2020-12-22,15:00:02.908000,14014,14016,14013,2
2020-12-22,15:00:02.915000,14012,14014,14014,2
2020-12-22,15:00:02.918000,14012,14014,14015,3
2020-12-22,15:00:02.964000,14012,14014,14014,4
2020-12-22,15:00:02.964000,14012,14014,14015,1
2020-12-22,15:00:03.021000,14012,14014,14016,3
2020-12-22,15:00:03.030000,14012,14014,14015,4
2020-12-22,15:00:03.030000,14012,14014,14014,1
2020-12-22,15:00:03.039000,14012,14014,14013,1
2020-12-22,15:00:03.065000,14013,14017,14013,4
2020-12-22,15:00:03.065000,14013,14017,14012,2
2020-12-22,15:00:03.065000,14013,14017,14011,1
2020-12-22,15:00:03.076000,14013,14017,14013,1
2020-12-22,15:00:03.077000,14013,14017,14015,1
2020-12-22,15:00:03.088000,14013,14017,14015,1
2020-12-22,15:00:03.088000,14013,14017,14016,3
2020-12-22,15:00:03.092000,14013,14017,14013,1
2020-12-22,15:00:03.166000,14013,14017,14017,1
2020-12-22,15:00:03.167000,14013,14017,14014,1
2020-12-22,15:00:03.188000,14013,14017,14013,2
2020-12-22,15:00:03.224000,14013,14017,14011,1
2020-12-22,15:00:03.273000,14013,14017,14015,1
2020-12-22,15:00:03.290000,14012,14015,14015,1
2020-12-22,15:00:03.290000,14012,14015,14016,3
2020-12-22,15:00:03.375000,14012,14015,14013,1
2020-12-22,15:00:03.415000,14011,14014,14014,1
2020-12-22,15:00:03.415000,14011,14014,14015,1
2020-12-22,15:00:03.458000,14011,14014,14015,1
2020-12-22,15:00:03.461000,14011,14014,14015,2
2020-12-22,15:00:03.492000,14011,14014,14015,1
2020-12-22,15:00:03.515000,14011,14014,14018,1
2020-12-22,15:00:03.540000,14016,14018,14018,7
2020-12-22,15:00:03.607000,14016,14018,14017,1
2020-12-22,15:00:03.622000,14016,14018,14016,1
2020-12-22,15:00:03.632000,14016,14018,14016,4
2020-12-22,15:00:03.665000,14015,14018,14018,3
2020-12-22,15:00:03.761000,14015,14018,14015,1
2020-12-22,15:00:03.770000,14015,14018,14014,1
2020-12-22,15:00:03.790000,14013,14016,14016,1
2020-12-22,15:00:03.790000,14013,14016,14017,1
2020-12-22,15:00:03.818000,14013,14016,14015,1
2020-12-22,15:00:03.860000,14013,14016,14018,2
2020-12-22,15:00:03.934000,14015,14019,14020,3
2020-12-22,15:00:03.934000,14015,14019,14021,1
2020-12-22,15:00:03.934000,14015,14019,14023,4
2020-12-22,15:00:03.934000,14015,14019,14024,2
2020-12-22,15:00:03.938000,14015,14019,14014,1
2020-12-22,15:00:03.938000,14015,14019,14013,2
2020-12-22,15:00:03.999000,14015,14019,14014,1
2020-12-22,15:00:03.999000,14015,14019,14011,3
2020-12-22,15:00:03.999000,14015,14019,14022,1
2020-12-22,15:00:03.999000,14015,14019,14023,6
2020-12-22,15:00:03.999000,14015,14019,14024,1
2020-12-22,15:00:03.999000,14015,14019,14011,1
2020-12-22,15:00:04.040000,14010,14018,14018,1
2020-12-22,15:00:04.042000,14010,14018,14010,1
2020-12-22,15:00:04.080000,14010,14018,14010,1
2020-12-22,15:00:04.144000,14010,14018,14010,1
2020-12-22,15:00:04.182000,14010,14019,14010,2
2020-12-22,15:00:04.204000,14010,14019,14010,1
2020-12-22,15:00:04.226000,14010,14019,14010,2
2020-12-22,15:00:04.380000,14010,14022,14012,1
2020-12-22,15:00:04.380000,14010,14022,14010,1
2020-12-22,15:00:04.638000,14010,14021,14010,1
2020-12-22,15:00:04.638000,14010,14021,14009,1
2020-12-22,15:00:04.664000,14010,14021,14009,1
2020-12-22,15:00:04.683000,14008,14020,14007,1
2020-12-22,15:00:04.699000,14008,14020,14007,1
2020-12-22,15:00:04.701000,14008,14020,14020,2
2020-12-22,15:00:04.703000,14008,14020,14007,1
2020-12-22,15:00:04.707000,14008,14020,14007,2
2020-12-22,15:00:04.748000,14008,14020,14007,1
2020-12-22,15:00:04.758000,14008,14020,14007,1
2020-12-22,15:00:04.769000,14008,14020,14007,1
2020-12-22,15:00:04.810000,14007,14020,14007,5
2020-12-22,15:00:04.853000,14007,14020,14019,1
2020-12-22,15:00:04.854000,14007,14020,14020,1
2020-12-22,15:00:04.854000,14007,14020,14021,1
2020-12-22,15:00:04.873000,14007,14020,14020,1
2020-12-22,15:00:04.963000,14007,14021,14007,1
2020-12-22,15:00:04.963000,14007,14021,14006,1
2020-12-22,15:00:04.973000,14007,14021,14006,1
2020-12-22,15:00:05.009000,14007,14021,14011,1
2020-12-22,15:00:05.036000,14007,14021,14013,1
2020-12-22,15:00:05.039000,14007,14021,14018,1
2020-12-22,15:00:05.039000,14007,14021,14019,1
2020-12-22,15:00:05.058000,14013,14019,14013,1
2020-12-22,15:00:05.060000,14013,14019,14011,1
2020-12-22,15:00:05.163000,14013,14019,14013,1
2020-12-22,15:00:05.165000,14012,14018,14018,1
2020-12-22,15:00:05.165000,14012,14018,14019,1
2020-12-22,15:00:05.306000,14013,14017,14013,1
2020-12-22,15:00:05.351000,14013,14017,14017,1
2020-12-22,15:00:05.351000,14013,14017,14018,3
2020-12-22,15:00:05.351000,14013,14017,14019,1
2020-12-22,15:00:05.369000,14013,14017,14020,1
2020-12-22,15:00:05.369000,14013,14017,14021,3
2020-12-22,15:00:05.399000,14013,14017,14018,1
2020-12-22,15:00:05.419000,14014,14019,14019,1
2020-12-22,15:00:05.516000,14014,14019,14020,4
2020-12-22,15:00:05.522000,14014,14019,14021,2
2020-12-22,15:00:05.568000,14017,14022,14017,1
2020-12-22,15:00:05.753000,14017,14021,14021,1
2020-12-22,15:00:05.828000,14018,14021,14018,1
2020-12-22,15:00:05.828000,14018,14021,14017,1
2020-12-22,15:00:05.828000,14018,14021,14017,1
2020-12-22,15:00:05.859000,14018,14021,14017,1
2020-12-22,15:00:05.881000,14018,14021,14018,2
2020-12-22,15:00:05.903000,14018,14021,14019,1
2020-12-22,15:00:06.011000,14015,14019,14018,1
2020-12-22,15:00:06.041000,14017,14018,14018,3
2020-12-22,15:00:06.045000,14017,14018,14020,2
2020-12-22,15:00:06.125000,14017,14018,14018,2
2020-12-22,15:00:06.142000,14017,14018,14018,1
2020-12-22,15:00:06.165000,14017,14019,14019,1
2020-12-22,15:00:06.165000,14017,14019,14020,2
2020-12-22,15:00:06.177000,14017,14019,14021,2
2020-12-22,15:00:06.177000,14017,14019,14022,3
2020-12-22,15:00:06.198000,14017,14019,14022,4
2020-12-22,15:00:06.204000,14017,14019,14018,1
2020-12-22,15:00:06.290000,14018,14021,14021,1
2020-12-22,15:00:06.290000,14018,14021,14022,4
2020-12-22,15:00:06.305000,14018,14021,14023,1
2020-12-22,15:00:06.381000,14018,14021,14018,3
2020-12-22,15:00:06.381000,14018,14021,14017,2
2020-12-22,15:00:06.415000,14016,14023,14023,1
2020-12-22,15:00:06.439000,14016,14023,14023,2
2020-12-22,15:00:06.439000,14016,14023,14024,1
2020-12-22,15:00:06.451000,14016,14023,14017,1
2020-12-22,15:00:06.452000,14016,14023,14018,1
2020-12-22,15:00:06.479000,14016,14023,14016,1
2020-12-22,15:00:06.563000,14016,14021,14021,1
2020-12-22,15:00:06.666000,14016,14021,14016,1
2020-12-22,15:00:06.681000,14016,14021,14021,1
2020-12-22,15:00:06.728000,14016,14021,14016,1
2020-12-22,15:00:06.828000,14017,14021,14021,1
2020-12-22,15:00:06.875000,14017,14021,14020,1
2020-12-22,15:00:06.912000,14017,14021,14018,1
2020-12-22,15:00:07.035000,14018,14021,14018,1
2020-12-22,15:00:07.042000,14018,14021,14018,2
2020-12-22,15:00:07.042000,14018,14021,14018,1
2020-12-22,15:00:07.043000,14018,14021,14016,1
2020-12-22,15:00:07.043000,14018,14021,14016,1
2020-12-22,15:00:07.043000,14018,14021,14016,1
2020-12-22,15:00:07.044000,14018,14021,14015,1
2020-12-22,15:00:07.044000,14018,14021,14015,1
2020-12-22,15:00:07.044000,14018,14021,14014,1
2020-12-22,15:00:07.044000,14018,14021,14014,2
2020-12-22,15:00:07.045000,14018,14021,14014,1
2020-12-22,15:00:07.045000,14018,14021,14013,1
2020-12-22,15:00:07.045000,14018,14021,14013,1
2020-12-22,15:00:07.045000,14018,14021,14012,1
2020-12-22,15:00:07.045000,14018,14021,14012,1
2020-12-22,15:00:07.046000,14018,14021,14011,1
2020-12-22,15:00:07.047000,14018,14021,14011,1
2020-12-22,15:00:07.192000,14012,14017,14015,1
2020-12-22,15:00:07.199000,14012,14017,14016,1
2020-12-22,15:00:07.199000,14012,14017,14017,3
2020-12-22,15:00:07.210000,14012,14017,14017,1
2020-12-22,15:00:07.210000,14012,14017,14018,1
2020-12-22,15:00:07.287000,14012,14017,14018,1
2020-12-22,15:00:07.512000,14014,14019,14012,1
2020-12-22,15:00:07.528000,14014,14019,14017,1
2020-12-22,15:00:07.711000,14012,14018,14012,1
2020-12-22,15:00:07.711000,14012,14018,14011,1
2020-12-22,15:00:07.711000,14012,14018,14010,2
2020-12-22,15:00:07.722000,14012,14018,14010,1
2020-12-22,15:00:07.722000,14012,14018,14008,3
2020-12-22,15:00:07.740000,14012,14018,14009,1
2020-12-22,15:00:07.786000,14012,14018,14008,3
2020-12-22,15:00:07.810000,14007,14017,14017,1
2020-12-22,15:00:07.810000,14007,14017,14018,1
2020-12-22,15:00:07.835000,14007,14017,14018,1
2020-12-22,15:00:07.847000,14007,14017,14011,3
2020-12-22,15:00:07.853000,14007,14017,14018,1
2020-12-22,15:00:07.945000,14012,14018,14012,1
2020-12-22,15:00:07.945000,14012,14018,14017,1
2020-12-22,15:00:07.945000,14012,14018,14018,1
2020-12-22,15:00:08.024000,14012,14018,14012,1
2020-12-22,15:00:08.024000,14012,14018,14011,1
2020-12-22,15:00:08.029000,14012,14018,14011,1
2020-12-22,15:00:08.030000,14012,14018,14009,1
2020-12-22,15:00:08.042000,14008,14018,14008,2
2020-12-22,15:00:08.117000,14008,14018,14017,1
2020-12-22,15:00:08.117000,14008,14018,14018,1
2020-12-22,15:00:08.137000,14008,14018,14009,1
2020-12-22,15:00:08.197000,14013,14018,14018,2
2020-12-22,15:00:08.197000,14013,14018,14019,2
2020-12-22,15:00:08.289000,14013,14018,14016,1
2020-12-22,15:00:08.302000,14013,14017,14017,1
2020-12-22,15:00:08.337000,14013,14017,14017,1
2020-12-22,15:00:08.350000,14013,14017,14013,1
2020-12-22,15:00:08.479000,14012,14017,14012,3
2020-12-22,15:00:08.479000,14012,14017,14008,3
2020-12-22,15:00:08.508000,14012,14017,14007,1
2020-12-22,15:00:08.599000,14006,14017,14006,2
2020-12-22,15:00:08.715000,14011,14014,14014,1
2020-12-22,15:00:08.790000,14012,14014,14014,1
2020-12-22,15:00:09.100000,14012,14014,14014,1
2020-12-22,15:00:09.152000,14012,14014,14012,2
2020-12-22,15:00:09.176000,14011,14014,14014,1
2020-12-22,15:00:09.217000,14011,14014,14015,1
2020-12-22,15:00:09.217000,14011,14014,14015,5
2020-12-22,15:00:09.221000,14011,14014,14016,1
2020-12-22,15:00:09.248000,14011,14014,14014,1
2020-12-22,15:00:09.337000,14012,14017,14014,1
2020-12-22,15:00:09.716000,14012,14014,14015,1
2020-12-22,15:00:09.717000,14012,14014,14015,1
2020-12-22,15:00:09.717000,14012,14014,14017,1
2020-12-22,15:00:09.717000,14012,14014,14018,5
2020-12-22,15:00:09.752000,14012,14014,14014,1
2020-12-22,15:00:09.752000,14012,14014,14013,4
2020-12-22,15:00:09.949000,14013,14016,14016,1
2020-12-22,15:00:09.955000,14013,14016,14016,3
2020-12-22,15:00:10.266000,14015,14019,14019,1
2020-12-22,15:00:10.355000,14015,14020,14015,1
2020-12-22,15:00:10.364000,14015,14020,14013,1
2020-12-22,15:00:10.364000,14015,14020,14012,2
2020-12-22,15:00:10.382000,14015,14020,14016,1
2020-12-22,15:00:10.417000,14012,14017,14017,1
2020-12-22,15:00:10.440000,14012,14017,14016,1
2020-12-22,15:00:10.695000,14012,14016,14016,1
2020-12-22,15:00:10.750000,14012,14016,14016,2
2020-12-22,15:00:10.767000,14012,14016,14013,1
2020-12-22,15:00:10.788000,14012,14016,14018,1
2020-12-22,15:00:11.370000,14013,14015,14013,1
2020-12-22,15:00:11.428000,14012,14015,14015,1
2020-12-22,15:00:11.428000,14012,14015,14016,1
2020-12-22,15:00:11.472000,14012,14015,14016,1
2020-12-22,15:00:11.480000,14012,14015,14017,1
2020-12-22,15:00:11.537000,14012,14015,14018,1
2020-12-22,15:00:11.667000,14014,14018,14014,1
2020-12-22,15:00:11.737000,14014,14018,14018,3
2020-12-22,15:00:11.740000,14014,14018,14014,1
2020-12-22,15:00:11.898000,14013,14018,14017,1
2020-12-22,15:00:11.898000,14013,14018,14018,1
2020-12-22,15:00:12.182000,14013,14017,14017,1
2020-12-22,15:00:12.426000,14016,14018,14018,1
2020-12-22,15:00:12.426000,14016,14018,14019,1
2020-12-22,15:00:12.643000,14016,14019,14019,1
2020-12-22,15:00:13.036000,14016,14019,14019,1
2020-12-22,15:00:13.036000,14016,14019,14020,2
2020-12-22,15:00:13.171000,14018,14020,14020,1
2020-12-22,15:00:13.417000,14018,14020,14020,2
2020-12-22,15:00:13.417000,14018,14020,14020,6
2020-12-22,15:00:13.419000,14018,14020,14021,1
2020-12-22,15:00:13.419000,14018,14020,14021,1
2020-12-22,15:00:13.476000,14018,14020,14020,1
2020-12-22,15:00:13.547000,14020,14022,14020,1
2020-12-22,15:00:13.894000,14020,14022,14022,1
2020-12-22,15:00:14.095000,14022,14024,14022,1
2020-12-22,15:00:14.166000,14021,14024,14024,2
2020-12-22,15:00:14.166000,14021,14024,14025,1
2020-12-22,15:00:14.379000,14022,14025,14025,1
2020-12-22,15:00:14.735000,14023,14026,14022,1
2020-12-22,15:00:14.735000,14023,14026,14022,1
2020-12-22,15:00:14.815000,14021,14024,14021,6
2020-12-22,15:00:14.848000,14021,14024,14021,1
2020-12-22,15:00:14.848000,14021,14024,14020,1
2020-12-22,15:00:14.848000,14021,14024,14019,2
2020-12-22,15:00:15.063000,14019,14024,14023,1
2020-12-22,15:00:15.369000,14019,14024,14021,1
2020-12-22,15:00:15.403000,14019,14024,14024,1
2020-12-22,15:00:15.403000,14019,14024,14025,2
2020-12-22,15:00:15.403000,14019,14024,14026,1
2020-12-22,15:00:15.611000,14020,14025,14023,1
2020-12-22,15:00:15.863000,14020,14023,14020,1
2020-12-22,15:00:15.899000,14020,14023,14020,1
2020-12-22,15:00:15.899000,14020,14023,14019,1
2020-12-22,15:00:15.935000,14019,14022,14020,2
2020-12-22,15:00:15.956000,14019,14022,14019,1
2020-12-22,15:00:15.976000,14019,14022,14019,1
2020-12-22,15:00:16.032000,14019,14022,14018,1
2020-12-22,15:00:16.359000,14019,14021,14021,1
2020-12-22,15:00:16.359000,14019,14021,14022,1
2020-12-22,15:00:16.665000,14020,14022,14020,1
2020-12-22,15:00:17.007000,14020,14022,14022,1
2020-12-22,15:00:17.041000,14020,14023,14020,1
2020-12-22,15:00:17.041000,14020,14023,14019,1
2020-12-22,15:00:17.042000,14020,14023,14019,1
2020-12-22,15:00:17.042000,14020,14023,14019,2
2020-12-22,15:00:17.042000,14020,14023,14018,1
2020-12-22,15:00:17.043000,14020,14023,14018,1
2020-12-22,15:00:17.064000,14020,14023,14021,2
2020-12-22,15:00:18.426000,14020,14021,14020,1
2020-12-22,15:00:19.108000,14020,14021,14021,1
2020-12-22,15:00:19.253000,14020,14022,14022,1
2020-12-22,15:00:19.753000,14021,14023,14023,2
2020-12-22,15:00:19.788000,14021,14023,14021,1
2020-12-22,15:00:20.245000,14023,14024,14024,2
2020-12-22,15:00:20.246000,14023,14024,14024,3
2020-12-22,15:00:20.301000,14023,14025,14023,1
2020-12-22,15:00:20.363000,14023,14025,14023,2
2020-12-22,15:00:20.416000,14023,14025,14025,1
2020-12-22,15:00:20.579000,14023,14026,14023,1
2020-12-22,15:00:20.617000,14023,14026,14025,2
2020-12-22,15:00:20.938000,14023,14026,14026,2
2020-12-22,15:00:21.242000,14023,14025,14023,3
2020-12-22,15:00:21.252000,14023,14025,14022,1
2020-12-22,15:00:21.760000,14024,14025,14024,1
2020-12-22,15:00:22.017000,14024,14025,14025,1
2020-12-22,15:00:22.105000,14024,14025,14024,1
2020-12-22,15:00:22.130000,14024,14025,14024,1
2020-12-22,15:00:22.202000,14022,14024,14022,4
2020-12-22,15:00:22.202000,14022,14024,14021,5
2020-12-22,15:00:22.219000,14022,14024,14021,3
2020-12-22,15:00:22.233000,14022,14024,14021,3
2020-12-22,15:00:22.233000,14022,14024,14020,3
2020-12-22,15:00:22.414000,14020,14022,14021,1
2020-12-22,15:00:22.473000,14020,14022,14022,4
2020-12-22,15:00:23.002000,14021,14022,14022,1
2020-12-22,15:00:23.054000,14021,14024,14024,1
2020-12-22,15:00:23.183000,14021,14024,14024,5
2020-12-22,15:00:23.183000,14021,14024,14025,2
2020-12-22,15:00:23.184000,14021,14024,14025,3
2020-12-22,15:00:23.312000,14022,14024,14022,1
2020-12-22,15:00:24.253000,14022,14023,14023,1
2020-12-22,15:00:24.371000,14023,14024,14023,1
2020-12-22,15:00:24.736000,14023,14024,14024,2
2020-12-22,15:00:25.140000,14023,14026,14026,1
2020-12-22,15:00:25.228000,14023,14026,14026,2
2020-12-22,15:00:25.441000,14025,14026,14026,1
2020-12-22,15:00:25.463000,14025,14026,14025,5
2020-12-22,15:00:25.635000,14023,14025,14025,1
2020-12-22,15:00:25.635000,14023,14025,14025,2
2020-12-22,15:00:26.325000,14025,14026,14025,4
2020-12-22,15:00:26.922000,14024,14025,14025,1
2020-12-22,15:00:26.922000,14024,14025,14026,1
2020-12-22,15:00:27.401000,14025,14026,14026,1
2020-12-22,15:00:27.401000,14025,14026,14026,1
2020-12-22,15:00:27.416000,14025,14027,14025,2
2020-12-22,15:00:27.417000,14025,14027,14025,1
2020-12-22,15:00:28.781000,14025,14026,14026,2
2020-12-22,15:00:29.191000,14025,14027,14027,1
2020-12-22,15:00:29.340000,14026,14027,14027,2
2020-12-22,15:00:29.377000,14026,14027,14027,1
2020-12-22,15:00:29.451000,14026,14028,14028,2
2020-12-22,15:00:29.623000,14026,14028,14028,1
2020-12-22,15:00:29.796000,14026,14028,14026,4
2020-12-22,15:00:29.831000,14026,14028,14028,1
2020-12-22,15:00:29.831000,14026,14028,14029,1
2020-12-22,15:00:29.975000,14026,14029,14026,1
2020-12-22,15:00:30.847000,14027,14028,14027,3
2020-12-22,15:00:30.847000,14027,14028,14026,1
2020-12-22,15:00:31.042000,14026,14028,14026,1
2020-12-22,15:00:31.044000,14026,14028,14027,1
2020-12-22,15:00:31.128000,14026,14028,14027,1
2020-12-22,15:00:31.132000,14026,14028,14026,1
2020-12-22,15:00:31.185000,14026,14029,14026,1
2020-12-22,15:00:31.244000,14026,14029,14029,2
2020-12-22,15:00:31.475000,14026,14028,14026,2
2020-12-22,15:00:31.560000,14026,14028,14026,1
2020-12-22,15:00:31.560000,14026,14028,14026,1
2020-12-22,15:00:31.560000,14026,14028,14026,1
2020-12-22,15:00:31.632000,14026,14028,14025,1
2020-12-22,15:00:31.748000,14025,14027,14027,1
2020-12-22,15:00:31.793000,14025,14027,14025,2
2020-12-22,15:00:31.961000,14025,14027,14025,1
2020-12-22,15:00:31.999000,14025,14027,14025,2
2020-12-22,15:00:32.110000,14025,14027,14025,1
2020-12-22,15:00:32.110000,14025,14027,14025,3
2020-12-22,15:00:32.111000,14025,14027,14024,2
2020-12-22,15:00:32.207000,14023,14025,14025,4
2020-12-22,15:00:32.239000,14023,14025,14026,1
2020-12-22,15:00:32.285000,14023,14025,14025,1
2020-12-22,15:00:32.614000,14023,14026,14026,2
2020-12-22,15:00:33.042000,14023,14025,14023,1
2020-12-22,15:00:33.816000,14022,14023,14023,1
2020-12-22,15:00:34.185000,14022,14023,14023,1
2020-12-22,15:00:34.220000,14022,14023,14024,2
2020-12-22,15:00:34.729000,14022,14024,14024,3
2020-12-22,15:00:35.154000,14022,14024,14024,1
2020-12-22,15:00:35.154000,14022,14024,14025,4
2020-12-22,15:00:35.159000,14022,14024,14023,1
2020-12-22,15:00:35.563000,14023,14024,14023,1
2020-12-22,15:00:35.919000,14022,14024,14024,1
2020-12-22,15:00:35.930000,14022,14024,14024,1
2020-12-22,15:00:36.022000,14022,14024,14024,2
2020-12-22,15:00:36.370000,14023,14024,14024,1
2020-12-22,15:00:36.603000,14022,14024,14024,2
2020-12-22,15:00:36.858000,14022,14023,14023,4
2020-12-22,15:00:37.062000,14022,14024,14024,1
2020-12-22,15:00:37.167000,14023,14025,14023,1
2020-12-22,15:00:37.753000,14023,14025,14025,2
2020-12-22,15:00:37.961000,14023,14025,14023,1
2020-12-22,15:00:38.411000,14022,14025,14023,2
2020-12-22,15:00:40.504000,14023,14024,14024,4
2020-12-22,15:00:40.550000,14024,14025,14024,1
2020-12-22,15:00:40.646000,14024,14025,14024,2
2020-12-22,15:00:40.995000,14023,14024,14023,1
2020-12-22,15:00:41.433000,14023,14024,14023,1
2020-12-22,15:00:41.601000,14023,14024,14023,7
2020-12-22,15:00:41.602000,14023,14024,14022,7
2020-12-22,15:00:41.651000,14023,14024,14021,2
2020-12-22,15:00:41.651000,14023,14024,14021,2
2020-12-22,15:00:41.652000,14023,14024,14020,2
2020-12-22,15:00:41.725000,14019,14021,14019,1
2020-12-22,15:00:41.725000,14019,14021,14018,1
2020-12-22,15:00:41.735000,14019,14021,14020,1
2020-12-22,15:00:41.756000,14019,14021,14018,8
2020-12-22,15:00:41.757000,14019,14021,14018,1
2020-12-22,15:00:41.757000,14019,14021,14020,4
2020-12-22,15:00:41.757000,14019,14021,14021,1
2020-12-22,15:00:41.758000,14019,14021,14021,2
2020-12-22,15:00:42.166000,14019,14022,14022,1
2020-12-22,15:00:42.425000,14021,14023,14023,1
2020-12-22,15:00:42.425000,14021,14023,14023,1
2020-12-22,15:00:42.859000,14020,14022,14022,1
2020-12-22,15:00:43.278000,14021,14023,14023,1
2020-12-22,15:00:44.314000,14022,14023,14023,3
2020-12-22,15:00:44.426000,14022,14024,14024,4
2020-12-22,15:00:44.454000,14022,14024,14025,1
2020-12-22,15:00:45.226000,14023,14025,14023,2
2020-12-22,15:00:45.384000,14023,14025,14025,2
2020-12-22,15:00:45.397000,14023,14025,14023,1
2020-12-22,15:00:45.739000,14023,14025,14025,2
2020-12-22,15:00:46.694000,14023,14025,14024,1
2020-12-22,15:00:47.184000,14023,14025,14025,1
2020-12-22,15:00:47.184000,14023,14025,14026,2
2020-12-22,15:00:47.292000,14025,14026,14025,1
2020-12-22,15:00:47.292000,14025,14026,14025,1
2020-12-22,15:00:47.292000,14025,14026,14024,1
2020-12-22,15:00:47.292000,14025,14026,14023,1
2020-12-22,15:00:47.292000,14025,14026,14023,1
2020-12-22,15:00:47.292000,14025,14026,14023,1
2020-12-22,15:00:47.293000,14025,14026,14024,1
2020-12-22,15:00:47.293000,14025,14026,14024,1
2020-12-22,15:00:47.293000,14025,14026,14024,1
2020-12-22,15:00:47.293000,14025,14026,14024,1
2020-12-22,15:00:47.293000,14025,14026,14022,1
2020-12-22,15:00:47.293000,14025,14026,14022,1
2020-12-22,15:00:47.293000,14025,14026,14022,1
2020-12-22,15:00:48.017000,14023,14024,14023,1
2020-12-22,15:00:48.089000,14023,14024,14024,1
2020-12-22,15:00:48.231000,14023,14026,14026,1
2020-12-22,15:00:48.681000,14025,14026,14025,1
2020-12-22,15:00:48.841000,14024,14026,14025,1
2020-12-22,15:00:50.512000,14025,14026,14026,1
2020-12-22,15:00:50.513000,14025,14026,14026,1
2020-12-22,15:00:50.598000,14026,14027,14026,1
2020-12-22,15:00:50.613000,14026,14027,14026,1
2020-12-22,15:00:50.807000,14025,14026,14026,1
2020-12-22,15:00:50.814000,14025,14026,14026,1
2020-12-22,15:00:51.614000,14026,14027,14026,1
2020-12-22,15:00:52.638000,14026,14027,14027,1
2020-12-22,15:00:52.660000,14026,14027,14027,1
2020-12-22,15:00:52.661000,14026,14027,14027,5
2020-12-22,15:00:52.919000,14026,14028,14026,1
2020-12-22,15:00:53.769000,14027,14028,14027,1
2020-12-22,15:00:54.021000,14026,14028,14027,1
2020-12-22,15:00:54.024000,14026,14028,14026,1
2020-12-22,15:00:54.102000,14026,14028,14028,1
2020-12-22,15:00:54.902000,14026,14028,14028,1
2020-12-22,15:00:55.268000,14026,14028,14028,2
2020-12-22,15:00:55.498000,14026,14028,14026,2
2020-12-22,15:00:55.738000,14027,14028,14027,4
2020-12-22,15:00:55.840000,14026,14028,14026,1
2020-12-22,15:00:55.860000,14026,14028,14026,1
2020-12-22,15:00:55.954000,14026,14027,14026,1
2020-12-22,15:00:56.025000,14026,14027,14025,1
2020-12-22,15:00:56.783000,14025,14027,14025,6
2020-12-22,15:00:56.962000,14024,14025,14024,5
2020-12-22,15:00:57.739000,14023,14025,14023,1
2020-12-22,15:00:57.824000,14023,14025,14025,3
2020-12-22,15:00:58.749000,14023,14025,14023,1
2020-12-22,15:00:58.781000,14023,14025,14023,11
2020-12-22,15:00:58.782000,14023,14025,14022,5
2020-12-22,15:00:58.784000,14023,14025,14022,1
2020-12-22,15:00:58.916000,14021,14022,14021,3
2020-12-22,15:00:58.917000,14021,14022,14020,12
2020-12-22,15:00:58.918000,14021,14022,14019,1
2020-12-22,15:00:58.918000,14021,14022,14019,1
2020-12-22,15:00:59.076000,14019,14020,14019,1
2020-12-22,15:00:59.076000,14019,14020,14018,2
2020-12-22,15:00:59.190000,14017,14019,14017,2
2020-12-22,15:00:59.196000,14017,14019,14017,1
2020-12-22,15:00:59.197000,14017,14019,14017,1
2020-12-22,15:00:59.224000,14017,14019,14017,1
2020-12-22,15:00:59.757000,14016,14017,14017,1
2020-12-22,15:00:59.782000,14016,14017,14019,2
2020-12-22,15:00:59.785000,14016,14017,14019,1
2020-12-22,15:00:59.788000,14016,14017,14020,1
2020-12-22,15:00:59.827000,14018,14020,14018,1
2020-12-22,15:00:59.842000,14018,14020,14017,1
2020-12-22,15:00:59.884000,14018,14020,14019,1
2020-12-22,15:01:00.002000,14017,14019,14017,2
2020-12-22,15:01:00.030000,14017,14019,14019,1
2020-12-22,15:01:00.041000,14016,14019,14018,1
2020-12-22,15:01:00.041000,14016,14019,14016,3
2020-12-22,15:01:00.041000,14016,14019,14015,1
2020-12-22,15:01:00.042000,14016,14019,14017,1
2020-12-22,15:01:00.051000,14016,14019,14016,3
2020-12-22,15:01:00.058000,14016,14019,14018,1
2020-12-22,15:01:00.069000,14016,14019,14016,1
2020-12-22,15:01:00.077000,14016,14019,14016,1
2020-12-22,15:01:00.077000,14016,14019,14015,1
2020-12-22,15:01:00.106000,14016,14019,14016,2
2020-12-22,15:01:00.112000,14016,14019,14015,1
2020-12-22,15:01:00.112000,14016,14019,14016,1
2020-12-22,15:01:00.127000,14016,14019,14015,3
2020-12-22,15:01:00.127000,14016,14019,14014,4
2020-12-22,15:01:00.128000,14016,14019,14014,2
2020-12-22,15:01:00.129000,14016,14019,14014,2
2020-12-22,15:01:00.129000,14016,14019,14015,3
2020-12-22,15:01:00.141000,14016,14019,14014,1
2020-12-22,15:01:00.201000,14013,14015,14013,1
2020-12-22,15:01:00.201000,14013,14015,14014,1
2020-12-22,15:01:00.208000,14013,14015,14013,2
2020-12-22,15:01:00.218000,14013,14015,14013,2
2020-12-22,15:01:00.223000,14013,14015,14013,2
2020-12-22,15:01:00.225000,14013,14015,14013,1
2020-12-22,15:01:00.225000,14013,14015,14013,1
2020-12-22,15:01:00.268000,14013,14015,14014,1
2020-12-22,15:01:00.272000,14013,14015,14015,2
2020-12-22,15:01:00.285000,14013,14015,14014,2
2020-12-22,15:01:00.338000,14013,14015,14013,4
2020-12-22,15:01:00.437000,14013,14015,14015,1
2020-12-22,15:01:00.461000,14013,14015,14013,20
2020-12-22,15:01:00.502000,14013,14015,14015,1
2020-12-22,15:01:00.502000,14013,14015,14016,1
2020-12-22,15:01:00.512000,14013,14015,14017,2
2020-12-22,15:01:00.522000,14013,14015,14017,1
2020-12-22,15:01:00.566000,14014,14017,14014,1
2020-12-22,15:01:00.570000,14014,14017,14013,1
2020-12-22,15:01:00.588000,14014,14017,14017,1
2020-12-22,15:01:00.591000,14014,14017,14017,1
2020-12-22,15:01:00.640000,14014,14017,14018,1
2020-12-22,15:01:00.838000,14013,14018,14018,1
2020-12-22,15:01:00.859000,14013,14018,14018,1
2020-12-22,15:01:01.149000,14015,14019,14015,1
2020-12-22,15:01:01.279000,14015,14019,14019,1
2020-12-22,15:01:01.764000,14017,14019,14017,1
2020-12-22,15:01:01.793000,14017,14019,14017,1
2020-12-22,15:01:01.803000,14017,14019,14017,1
2020-12-22,15:01:01.824000,14017,14019,14017,1
2020-12-22,15:01:02.061000,14015,14018,14015,1
2020-12-22,15:01:02.067000,14015,14018,14015,1
2020-12-22,15:01:02.085000,14015,14018,14015,2
2020-12-22,15:01:02.089000,14015,14018,14015,1
2020-12-22,15:01:02.107000,14015,14018,14015,1
2020-12-22,15:01:02.114000,14015,14018,14015,1
2020-12-22,15:01:02.352000,14015,14017,14015,2
2020-12-22,15:01:02.383000,14015,14017,14017,1
2020-12-22,15:01:02.927000,14016,14018,14018,1
2020-12-22,15:01:03.415000,14016,14018,14017,1
2020-12-22,15:01:03.770000,14016,14018,14018,1
2020-12-22,15:01:04.040000,14017,14019,14019,2
2020-12-22,15:01:04.276000,14017,14019,14019,4
2020-12-22,15:01:04.660000,14019,14020,14019,1
2020-12-22,15:01:04.810000,14019,14020,14020,1
2020-12-22,15:01:05.609000,14019,14021,14019,1
2020-12-22,15:01:05.704000,14019,14021,14021,1
2020-12-22,15:01:05.760000,14019,14021,14021,1
2020-12-22,15:01:05.912000,14020,14022,14022,1
2020-12-22,15:01:05.951000,14020,14023,14020,1
2020-12-22,15:01:06.459000,14020,14022,14020,1
2020-12-22,15:01:06.488000,14020,14022,14022,1
2020-12-22,15:01:06.488000,14020,14022,14023,2
2020-12-22,15:01:06.618000,14021,14023,14021,1
2020-12-22,15:01:06.673000,14020,14023,14023,1
2020-12-22,15:01:07.662000,14021,14024,14023,1
2020-12-22,15:01:07.845000,14022,14024,14023,1
2020-12-22,15:01:08.464000,14022,14024,14022,1
2020-12-22,15:01:09.406000,14021,14023,14021,1
2020-12-22,15:01:10.911000,14021,14022,14021,2
2020-12-22,15:01:10.911000,14021,14022,14020,2
2020-12-22,15:01:10.911000,14021,14022,14019,3
2020-12-22,15:01:11.014000,14019,14022,14019,1
2020-12-22,15:01:11.519000,14019,14022,14019,1
2020-12-22,15:01:12.528000,14020,14022,14022,1
2020-12-22,15:01:13.977000,14021,14023,14023,2
2020-12-22,15:01:14.117000,14022,14023,14022,1
2020-12-22,15:01:14.474000,14020,14022,14022,2
2020-12-22,15:01:14.712000,14021,14023,14021,3
2020-12-22,15:01:15.448000,14020,14022,14022,1
2020-12-22,15:01:15.462000,14020,14022,14020,1
2020-12-22,15:01:15.630000,14020,14022,14020,2
2020-12-22,15:01:15.640000,14020,14022,14019,1
2020-12-22,15:01:16.072000,14018,14020,14020,1
2020-12-22,15:01:16.137000,14018,14020,14019,1
2020-12-22,15:01:17.418000,14020,14022,14020,1
2020-12-22,15:01:17.541000,14019,14021,14021,1
2020-12-22,15:01:17.542000,14019,14021,14021,1
2020-12-22,15:01:17.542000,14019,14021,14021,1
2020-12-22,15:01:17.542000,14019,14021,14022,1
2020-12-22,15:01:17.542000,14019,14021,14022,1
2020-12-22,15:01:17.542000,14019,14021,14022,1
2020-12-22,15:01:17.543000,14019,14021,14022,1
2020-12-22,15:01:17.543000,14019,14021,14022,1
2020-12-22,15:01:17.543000,14019,14021,14022,1
2020-12-22,15:01:17.543000,14019,14021,14022,1
2020-12-22,15:01:17.543000,14019,14021,14022,1
2020-12-22,15:01:17.544000,14019,14021,14022,1
2020-12-22,15:01:17.544000,14019,14021,14022,1
2020-12-22,15:01:17.544000,14019,14021,14022,1
2020-12-22,15:01:17.544000,14019,14021,14022,1
2020-12-22,15:01:17.988000,14021,14023,14022,4
2020-12-22,15:01:18.279000,14021,14023,14021,1
2020-12-22,15:01:20.690000,14020,14023,14023,1
2020-12-22,15:01:20.816000,14020,14023,14020,1
2020-12-22,15:01:22.655000,14020,14022,14021,1
2020-12-22,15:01:23.787000,14020,14022,14021,1
2020-12-22,15:01:24.012000,14020,14021,14020,1
2020-12-22,15:01:24.278000,14020,14021,14021,1
2020-12-22,15:01:25.030000,14020,14022,14021,1
2020-12-22,15:01:25.031000,14020,14022,14021,1
2020-12-22,15:01:25.918000,14020,14022,14022,6
2020-12-22,15:01:25.919000,14020,14022,14022,3
2020-12-22,15:01:25.920000,14020,14022,14023,2
2020-12-22,15:01:25.936000,14020,14022,14022,1
2020-12-22,15:01:25.950000,14020,14022,14022,1
2020-12-22,15:01:26.277000,14022,14024,14022,1
2020-12-22,15:01:26.546000,14020,14023,14020,2
2020-12-22,15:01:28.120000,14022,14023,14023,1
2020-12-22,15:01:28.257000,14022,14024,14023,1
2020-12-22,15:01:28.907000,14022,14024,14024,2
2020-12-22,15:01:29.093000,14024,14025,14025,1
2020-12-22,15:01:29.104000,14024,14025,14024,1
2020-12-22,15:01:30.272000,14024,14025,14025,1
2020-12-22,15:01:30.795000,14024,14025,14024,1
2020-12-22,15:01:30.817000,14024,14025,14023,2
2020-12-22,15:01:31.078000,14023,14025,14023,2
2020-12-22,15:01:31.078000,14023,14025,14022,6
2020-12-22,15:01:31.078000,14023,14025,14021,2
2020-12-22,15:01:31.488000,14021,14024,14024,3
2020-12-22,15:01:33.323000,14023,14025,14025,4
2020-12-22,15:01:33.326000,14023,14025,14025,3
2020-12-22,15:01:33.327000,14023,14025,14025,4
2020-12-22,15:01:33.430000,14025,14026,14025,1
2020-12-22,15:01:34.794000,14024,14025,14025,9
2020-12-22,15:01:34.921000,14025,14026,14025,1
2020-12-22,15:01:34.974000,14025,14026,14026,1
2020-12-22,15:01:34.976000,14025,14026,14025,1
2020-12-22,15:01:36.135000,14025,14026,14025,1
2020-12-22,15:01:36.291000,14025,14026,14025,1
2020-12-22,15:01:36.371000,14025,14026,14025,1
2020-12-22,15:01:36.387000,14025,14026,14024,1
2020-12-22,15:01:36.699000,14025,14026,14025,1
2020-12-22,15:01:38.045000,14025,14026,14025,1
2020-12-22,15:01:38.239000,14025,14026,14026,1
2020-12-22,15:01:38.446000,14025,14026,14026,5
2020-12-22,15:01:38.758000,14026,14027,14027,1
2020-12-22,15:01:39.107000,14026,14028,14026,1
2020-12-22,15:01:39.134000,14026,14028,14025,6
2020-12-22,15:01:39.136000,14026,14028,14025,4
2020-12-22,15:01:39.171000,14025,14027,14027,1
2020-12-22,15:01:39.328000,14025,14027,14025,1
2020-12-22,15:01:39.470000,14025,14027,14027,1
2020-12-22,15:01:40.790000,14026,14027,14026,1
2020-12-22,15:01:40.797000,14026,14027,14026,1
2020-12-22,15:01:40.998000,14025,14027,14027,1
2020-12-22,15:01:41.214000,14026,14027,14027,2
2020-12-22,15:01:41.713000,14026,14028,14028,2
2020-12-22,15:01:42.105000,14026,14028,14027,1
2020-12-22,15:01:42.581000,14027,14028,14027,1
2020-12-22,15:01:43.189000,14026,14028,14026,2
2020-12-22,15:01:43.189000,14026,14028,14025,7
2020-12-22,15:01:43.190000,14026,14028,14025,1
2020-12-22,15:01:43.364000,14024,14027,14027,1
2020-12-22,15:01:44.194000,14024,14027,14025,4
2020-12-22,15:01:44.267000,14024,14027,14026,2
2020-12-22,15:01:44.267000,14024,14027,14026,1
2020-12-22,15:01:45.758000,14025,14026,14026,1
2020-12-22,15:01:45.758000,14025,14026,14026,1
2020-12-22,15:01:46.916000,14025,14026,14026,2
2020-12-22,15:01:47.596000,14025,14027,14027,2
2020-12-22,15:01:47.609000,14025,14027,14027,5
2020-12-22,15:01:47.609000,14025,14027,14027,1
2020-12-22,15:01:48.535000,14026,14027,14026,1
2020-12-22,15:01:48.549000,14026,14027,14026,1
2020-12-22,15:01:48.557000,14026,14027,14026,1
2020-12-22,15:01:48.559000,14026,14027,14026,1
2020-12-22,15:01:48.560000,14026,14027,14026,1
2020-12-22,15:01:48.560000,14026,14027,14026,1
2020-12-22,15:01:48.573000,14026,14027,14025,1
2020-12-22,15:01:48.589000,14026,14027,14025,1
2020-12-22,15:01:48.626000,14026,14027,14025,1
2020-12-22,15:01:48.627000,14026,14027,14026,1
2020-12-22,15:01:49.718000,14026,14027,14026,3
2020-12-22,15:01:50.412000,14025,14026,14025,7
2020-12-22,15:01:50.413000,14025,14026,14025,2
2020-12-22,15:01:50.414000,14025,14026,14025,1
2020-12-22,15:01:50.861000,14025,14027,14027,2
2020-12-22,15:01:51.136000,14025,14027,14025,1
2020-12-22,15:01:51.180000,14025,14027,14025,1
2020-12-22,15:01:51.215000,14025,14027,14025,1
2020-12-22,15:01:51.222000,14025,14027,14024,1
2020-12-22,15:01:51.232000,14025,14027,14024,1
2020-12-22,15:01:51.258000,14025,14027,14024,1
2020-12-22,15:01:51.274000,14025,14027,14024,1
2020-12-22,15:01:51.295000,14024,14026,14024,1
2020-12-22,15:01:51.326000,14024,14026,14024,1
2020-12-22,15:01:51.515000,14024,14026,14025,1
2020-12-22,15:01:51.534000,14024,14026,14026,1
2020-12-22,15:01:52.162000,14024,14026,14024,1
2020-12-22,15:01:52.502000,14024,14026,14024,1
2020-12-22,15:01:52.555000,14023,14025,14025,1
2020-12-22,15:01:53.047000,14024,14026,14026,4
2020-12-22,15:01:54.161000,14024,14026,14026,2
2020-12-22,15:01:55.285000,14024,14025,14025,4
2020-12-22,15:01:55.286000,14024,14025,14025,1
2020-12-22,15:01:57.017000,14025,14026,14026,3
2020-12-22,15:01:58.151000,14025,14027,14027,2
2020-12-22,15:01:58.516000,14025,14027,14025,3
2020-12-22,15:01:58.597000,14025,14027,14027,2
2020-12-22,15:01:58.958000,14025,14027,14025,1
2020-12-22,15:01:59.121000,14026,14027,14026,1
2020-12-22,15:01:59.593000,14026,14027,14027,4
2020-12-22,15:01:59.593000,14026,14027,14027,1
2020-12-22,15:01:59.665000,14026,14028,14026,1
2020-12-22,15:01:59.891000,14026,14028,14026,3
2020-12-22,15:02:00.089000,14026,14028,14026,1
2020-12-22,15:02:00.092000,14026,14028,14026,2
2020-12-22,15:02:00.096000,14026,14028,14025,3
2020-12-22,15:02:00.101000,14026,14028,14025,1
2020-12-22,15:02:00.108000,14026,14028,14024,1
2020-12-22,15:02:00.184000,14024,14026,14026,1
2020-12-22,15:02:00.327000,14024,14026,14026,1
2020-12-22,15:02:00.426000,14024,14026,14024,1
2020-12-22,15:02:00.749000,14024,14025,14025,4
2020-12-22,15:02:00.802000,14024,14026,14026,2
2020-12-22,15:02:01.902000,14024,14025,14025,1
2020-12-22,15:02:02.003000,14024,14026,14025,1
2020-12-22,15:02:02.342000,14024,14026,14024,1
2020-12-22,15:02:02.499000,14024,14026,14025,4
2020-12-22,15:02:02.973000,14025,14026,14026,2
2020-12-22,15:02:03.920000,14025,14026,14026,1
2020-12-22,15:02:03.921000,14025,14026,14026,1
2020-12-22,15:02:03.979000,14025,14026,14027,2
2020-12-22,15:02:04.173000,14026,14028,14026,1
2020-12-22,15:02:04.502000,14026,14028,14026,1
2020-12-22,15:02:05.107000,14026,14028,14026,1
2020-12-22,15:02:05.252000,14026,14028,14028,1
2020-12-22,15:02:06.188000,14026,14028,14026,1
2020-12-22,15:02:06.533000,14027,14028,14027,1
2020-12-22,15:02:07.010000,14027,14028,14027,3
2020-12-22,15:02:07.161000,14027,14028,14028,11
2020-12-22,15:02:07.227000,14028,14029,14029,10
2020-12-22,15:02:08.727000,14028,14030,14030,5
2020-12-22,15:02:08.727000,14028,14030,14030,13
2020-12-22,15:02:08.731000,14028,14030,14031,1
2020-12-22,15:02:08.880000,14030,14032,14032,1
2020-12-22,15:02:08.891000,14030,14032,14033,1
2020-12-22,15:02:08.925000,14031,14033,14032,2
2020-12-22,15:02:09.224000,14030,14033,14032,2
2020-12-22,15:02:09.480000,14030,14033,14033,1
2020-12-22,15:02:09.576000,14030,14033,14030,1
2020-12-22,15:02:09.598000,14030,14033,14030,1
2020-12-22,15:02:10.768000,14030,14032,14030,4
2020-12-22,15:02:11.513000,14030,14032,14030,1
2020-12-22,15:02:11.804000,14030,14032,14032,1
2020-12-22,15:02:12.023000,14030,14032,14032,1
2020-12-22,15:02:13.207000,14030,14032,14031,1
2020-12-22,15:02:13.207000,14030,14032,14032,4
2020-12-22,15:02:13.266000,14030,14032,14032,1
2020-12-22,15:02:14.185000,14031,14033,14033,1
2020-12-22,15:02:15.831000,14032,14034,14034,4
2020-12-22,15:02:15.846000,14032,14034,14034,1
2020-12-22,15:02:15.847000,14032,14034,14034,9
2020-12-22,15:02:15.938000,14033,14035,14033,1
2020-12-22,15:02:15.947000,14033,14035,14035,1
2020-12-22,15:02:15.948000,14033,14035,14035,9
2020-12-22,15:02:16.377000,14034,14036,14036,1
2020-12-22,15:02:16.377000,14034,14036,14036,3
2020-12-22,15:02:16.538000,14035,14037,14037,1
2020-12-22,15:02:16.538000,14035,14037,14037,1
2020-12-22,15:02:16.594000,14036,14038,14038,4
2020-12-22,15:02:16.614000,14036,14038,14037,3
2020-12-22,15:02:16.706000,14036,14038,14038,1
2020-12-22,15:02:16.706000,14036,14038,14038,1
2020-12-22,15:02:16.794000,14037,14039,14037,2
2020-12-22,15:02:16.990000,14037,14039,14037,1
2020-12-22,15:02:17.136000,14037,14039,14039,1
2020-12-22,15:02:17.214000,14037,14039,14039,1
2020-12-22,15:02:17.289000,14037,14039,14039,1
2020-12-22,15:02:17.334000,14037,14039,14039,1
2020-12-22,15:02:17.334000,14037,14039,14039,4
2020-12-22,15:02:17.336000,14037,14039,14038,1
2020-12-22,15:02:17.336000,14037,14039,14038,1
2020-12-22,15:02:17.875000,14037,14039,14039,5
2020-12-22,15:02:17.978000,14038,14040,14040,5
2020-12-22,15:02:17.978000,14038,14040,14040,2
2020-12-22,15:02:17.979000,14038,14040,14039,1
2020-12-22,15:02:18.075000,14038,14039,14039,1
2020-12-22,15:02:18.435000,14038,14040,14039,1
2020-12-22,15:02:18.518000,14038,14040,14039,1
2020-12-22,15:02:18.586000,14038,14040,14040,2
2020-12-22,15:02:18.613000,14038,14040,14040,1
2020-12-22,15:02:18.691000,14038,14040,14040,1
2020-12-22,15:02:18.706000,14038,14040,14039,1
2020-12-22,15:02:19.017000,14038,14039,14039,2
2020-12-22,15:02:19.284000,14038,14039,14038,1
2020-12-22,15:02:19.285000,14038,14039,14038,1
2020-12-22,15:02:19.376000,14037,14039,14039,1
2020-12-22,15:02:19.533000,14037,14039,14039,1
2020-12-22,15:02:19.599000,14037,14039,14039,1
2020-12-22,15:02:19.665000,14036,14038,14038,1
2020-12-22,15:02:19.692000,14036,14038,14038,1
2020-12-22,15:02:19.974000,14037,14039,14039,1
2020-12-22,15:02:20.589000,14036,14037,14037,1
2020-12-22,15:02:20.667000,14036,14038,14038,2
2020-12-22,15:02:20.995000,14037,14039,14037,1
2020-12-22,15:02:21.415000,14036,14038,14038,2
2020-12-22,15:02:21.415000,14036,14038,14039,1
2020-12-22,15:02:21.540000,14037,14039,14039,3
2020-12-22,15:02:21.674000,14038,14039,14038,1
2020-12-22,15:02:21.724000,14038,14039,14039,1
2020-12-22,15:02:22.105000,14038,14040,14038,1
2020-12-22,15:02:22.279000,14038,14039,14039,1
2020-12-22,15:02:22.727000,14038,14039,14039,1
2020-12-22,15:02:22.727000,14038,14039,14040,2
2020-12-22,15:02:23.039000,14038,14039,14038,1
2020-12-22,15:02:23.790000,14038,14039,14038,1
2020-12-22,15:02:23.804000,14038,14039,14039,1
2020-12-22,15:02:24.190000,14038,14040,14040,1
2020-12-22,15:02:24.271000,14038,14040,14040,2
2020-12-22,15:02:24.584000,14039,14040,14040,2
2020-12-22,15:02:24.679000,14039,14041,14039,1
2020-12-22,15:02:25.765000,14039,14041,14040,1
2020-12-22,15:02:26.785000,14039,14041,14041,1
2020-12-22,15:02:27.704000,14040,14042,14040,1
2020-12-22,15:02:28.705000,14041,14042,14042,1
2020-12-22,15:02:28.847000,14041,14042,14042,1
2020-12-22,15:02:29.234000,14041,14042,14041,1
2020-12-22,15:02:29.502000,14041,14042,14041,1
2020-12-22,15:02:30.606000,14041,14042,14042,2
2020-12-22,15:02:30.606000,14041,14042,14043,1
2020-12-22,15:02:30.722000,14041,14043,14042,1
2020-12-22,15:02:30.782000,14041,14043,14042,1
2020-12-22,15:02:30.880000,14041,14042,14041,1
2020-12-22,15:02:31.176000,14041,14042,14042,3
2020-12-22,15:02:31.318000,14042,14043,14042,2
2020-12-22,15:02:31.636000,14042,14043,14042,3
2020-12-22,15:02:31.636000,14042,14043,14042,1
2020-12-22,15:02:31.636000,14042,14043,14042,1
2020-12-22,15:02:31.636000,14042,14043,14042,1
2020-12-22,15:02:31.636000,14042,14043,14042,2
2020-12-22,15:02:31.989000,14041,14042,14042,5
2020-12-22,15:02:32.297000,14041,14042,14042,2
2020-12-22,15:02:32.743000,14041,14042,14041,5
2020-12-22,15:02:32.799000,14040,14041,14041,1
2020-12-22,15:02:32.831000,14040,14041,14041,1
2020-12-22,15:02:32.987000,14040,14042,14041,1
2020-12-22,15:02:33.021000,14040,14042,14042,2
2020-12-22,15:02:33.028000,14040,14042,14042,3
2020-12-22,15:02:33.028000,14040,14042,14043,2
2020-12-22,15:02:33.097000,14041,14043,14043,1
2020-12-22,15:02:33.346000,14041,14042,14042,1
2020-12-22,15:02:34.076000,14041,14043,14043,5
2020-12-22,15:02:34.504000,14042,14043,14043,1
2020-12-22,15:02:34.757000,14042,14043,14042,1
2020-12-22,15:02:34.757000,14042,14043,14042,1
2020-12-22,15:02:34.758000,14042,14043,14041,1
2020-12-22,15:02:34.823000,14040,14042,14041,2
2020-12-22,15:02:35.112000,14040,14042,14042,1
2020-12-22,15:02:36.135000,14041,14042,14042,2
2020-12-22,15:02:36.213000,14041,14043,14043,1
2020-12-22,15:02:37.154000,14041,14043,14043,1
2020-12-22,15:02:37.168000,14041,14043,14043,1
2020-12-22,15:02:37.329000,14042,14044,14044,2
2020-12-22,15:02:37.472000,14042,14044,14044,1
2020-12-22,15:02:38.120000,14042,14044,14042,3
2020-12-22,15:02:38.214000,14042,14044,14042,1
2020-12-22,15:02:38.415000,14042,14044,14042,1
2020-12-22,15:02:38.421000,14042,14044,14042,1
2020-12-22,15:02:39.647000,14042,14044,14044,5
2020-12-22,15:02:39.811000,14043,14044,14044,1
2020-12-22,15:02:40.072000,14043,14044,14044,2
2020-12-22,15:02:40.149000,14043,14044,14043,1
2020-12-22,15:02:41.728000,14043,14044,14043,1
2020-12-22,15:02:41.728000,14043,14044,14042,4
2020-12-22,15:02:41.794000,14042,14044,14042,1
2020-12-22,15:02:42.295000,14042,14043,14043,1
2020-12-22,15:02:42.767000,14042,14044,14044,2
2020-12-22,15:02:43.445000,14042,14043,14043,1
2020-12-22,15:02:43.700000,14042,14044,14044,2
2020-12-22,15:02:44.377000,14042,14044,14044,2
2020-12-22,15:02:44.737000,14042,14044,14043,1
2020-12-22,15:02:44.859000,14042,14044,14044,1
2020-12-22,15:02:45.095000,14042,14044,14044,1
2020-12-22,15:02:45.102000,14042,14044,14042,2
2020-12-22,15:02:45.207000,14042,14043,14043,4
2020-12-22,15:02:45.350000,14042,14044,14044,1
2020-12-22,15:02:45.725000,14043,14044,14043,1
2020-12-22,15:02:47.699000,14042,14043,14043,1
2020-12-22,15:02:49.339000,14042,14044,14043,1
2020-12-22,15:02:49.375000,14042,14044,14044,1
2020-12-22,15:02:50.082000,14042,14043,14043,1
2020-12-22,15:02:50.611000,14042,14043,14043,1
2020-12-22,15:02:52.088000,14043,14044,14043,1
2020-12-22,15:02:52.415000,14042,14043,14042,7
2020-12-22,15:02:53.180000,14042,14043,14043,1
2020-12-22,15:02:53.255000,14042,14043,14043,2
2020-12-22,15:02:54.415000,14042,14043,14043,2
2020-12-22,15:02:54.756000,14042,14044,14042,2
2020-12-22,15:02:54.803000,14042,14044,14042,1
2020-12-22,15:02:55.286000,14042,14043,14043,3
2020-12-22,15:02:55.287000,14042,14043,14043,2
2020-12-22,15:02:55.288000,14042,14043,14043,1
2020-12-22,15:02:55.341000,14042,14044,14042,1
2020-12-22,15:02:55.493000,14042,14044,14044,2
2020-12-22,15:02:55.752000,14042,14044,14044,1
2020-12-22,15:02:56.635000,14043,14044,14044,1
2020-12-22,15:02:57.623000,14043,14044,14043,1
2020-12-22,15:02:58.187000,14042,14043,14043,1
2020-12-22,15:02:58.236000,14042,14043,14042,1
2020-12-22,15:02:59.535000,14042,14044,14042,1
2020-12-22,15:02:59.916000,14042,14044,14042,4
2020-12-22,15:03:00.049000,14042,14043,14042,1
2020-12-22,15:03:00.049000,14042,14043,14042,2
2020-12-22,15:03:00.189000,14041,14043,14043,1
2020-12-22,15:03:00.659000,14041,14042,14041,1
2020-12-22,15:03:00.661000,14041,14042,14041,1
2020-12-22,15:03:00.691000,14040,14042,14040,1
2020-12-22,15:03:00.703000,14040,14042,14040,2
2020-12-22,15:03:00.715000,14040,14042,14040,1
2020-12-22,15:03:00.748000,14040,14042,14040,1
2020-12-22,15:03:00.864000,14039,14041,14039,1
2020-12-22,15:03:00.868000,14039,14041,14039,1
2020-12-22,15:03:00.870000,14039,14041,14039,1
2020-12-22,15:03:00.888000,14039,14041,14038,1
2020-12-22,15:03:00.889000,14039,14041,14040,2
2020-12-22,15:03:00.916000,14038,14040,14038,1
2020-12-22,15:03:01.004000,14038,14040,14038,1
2020-12-22,15:03:01.012000,14038,14040,14040,1
2020-12-22,15:03:01.122000,14038,14040,14039,1
2020-12-22,15:03:01.654000,14039,14041,14040,1
2020-12-22,15:03:02.264000,14039,14040,14039,2
2020-12-22,15:03:02.513000,14038,14040,14040,3
2020-12-22,15:03:02.513000,14038,14040,14041,2
2020-12-22,15:03:03.007000,14040,14042,14042,1
2020-12-22,15:03:03.685000,14041,14043,14041,1
2020-12-22,15:03:04.755000,14041,14043,14041,1
2020-12-22,15:03:04.794000,14041,14043,14041,1
2020-12-22,15:03:04.818000,14041,14043,14041,1
2020-12-22,15:03:05.147000,14041,14043,14042,1
2020-12-22,15:03:05.232000,14042,14043,14042,1
2020-12-22,15:03:05.827000,14042,14043,14043,4
2020-12-22,15:03:06.702000,14042,14044,14044,4
2020-12-22,15:03:06.820000,14043,14044,14043,1
2020-12-22,15:03:07.336000,14043,14044,14044,5
2020-12-22,15:03:07.336000,14043,14044,14044,5
2020-12-22,15:03:07.415000,14044,14045,14045,7
2020-12-22,15:03:07.416000,14044,14045,14045,16
2020-12-22,15:03:07.421000,14044,14045,14045,1
2020-12-22,15:03:07.529000,14044,14045,14045,1
2020-12-22,15:03:08.915000,14045,14046,14046,3
2020-12-22,15:03:09.090000,14045,14046,14046,1
2020-12-22,15:03:09.789000,14045,14046,14045,1
2020-12-22,15:03:09.857000,14045,14046,14046,1
2020-12-22,15:03:09.876000,14045,14046,14046,1
2020-12-22,15:03:10.055000,14045,14046,14046,2
2020-12-22,15:03:10.056000,14045,14046,14046,10
2020-12-22,15:03:10.056000,14045,14046,14046,1
2020-12-22,15:03:10.198000,14046,14047,14047,1
2020-12-22,15:03:10.229000,14046,14047,14046,1
2020-12-22,15:03:10.290000,14046,14047,14047,1
2020-12-22,15:03:10.389000,14046,14047,14047,1
2020-12-22,15:03:11.284000,14046,14047,14047,1
2020-12-22,15:03:11.678000,14047,14048,14048,2
2020-12-22,15:03:11.874000,14048,14049,14049,1
2020-12-22,15:03:12.006000,14048,14049,14049,1
2020-12-22,15:03:12.422000,14048,14049,14049,4
2020-12-22,15:03:12.660000,14049,14050,14049,1
2020-12-22,15:03:12.836000,14049,14050,14049,2
2020-12-22,15:03:13.046000,14048,14050,14050,1
2020-12-22,15:03:13.174000,14048,14050,14050,1
2020-12-22,15:03:13.222000,14048,14050,14050,1
2020-12-22,15:03:13.237000,14048,14050,14050,1
2020-12-22,15:03:13.553000,14049,14050,14050,1
2020-12-22,15:03:14.052000,14049,14050,14050,1
2020-12-22,15:03:14.096000,14049,14050,14049,3
2020-12-22,15:03:14.471000,14049,14050,14050,1
2020-12-22,15:03:15.009000,14048,14050,14049,1
2020-12-22,15:03:15.253000,14048,14049,14049,2
2020-12-22,15:03:15.816000,14048,14049,14048,1
2020-12-22,15:03:15.865000,14048,14049,14049,1
2020-12-22,15:03:15.870000,14048,14049,14049,1
2020-12-22,15:03:16.005000,14047,14049,14048,3
2020-12-22,15:03:16.144000,14046,14048,14048,1
2020-12-22,15:03:16.347000,14046,14048,14048,2
2020-12-22,15:03:16.529000,14047,14048,14047,2
2020-12-22,15:03:16.645000,14046,14047,14046,1
2020-12-22,15:03:16.769000,14046,14047,14047,1
2020-12-22,15:03:16.921000,14046,14047,14047,2
2020-12-22,15:03:16.921000,14046,14047,14048,1
2020-12-22,15:03:17.013000,14046,14047,14049,1
2020-12-22,15:03:17.394000,14047,14049,14049,1
2020-12-22,15:03:17.394000,14047,14049,14050,1
2020-12-22,15:03:19.101000,14048,14049,14049,1
2020-12-22,15:03:19.206000,14048,14049,14049,1
2020-12-22,15:03:20.101000,14048,14049,14049,1
2020-12-22,15:03:20.347000,14048,14049,14049,1
2020-12-22,15:03:20.782000,14048,14049,14049,3
2020-12-22,15:03:20.782000,14048,14049,14050,1
2020-12-22,15:03:20.851000,14049,14050,14050,1
2020-12-22,15:03:21.388000,14049,14050,14049,1
2020-12-22,15:03:21.541000,14049,14050,14049,5
2020-12-22,15:03:22.215000,14049,14050,14050,1
2020-12-22,15:03:22.215000,14049,14050,14050,7
2020-12-22,15:03:22.215000,14049,14050,14050,5
2020-12-22,15:03:22.215000,14049,14050,14050,2
2020-12-22,15:03:22.381000,14050,14051,14050,1
2020-12-22,15:03:22.706000,14050,14051,14051,2
2020-12-22,15:03:22.718000,14050,14051,14050,1
2020-12-22,15:03:22.862000,14050,14052,14052,1
2020-12-22,15:03:22.869000,14050,14052,14050,1
2020-12-22,15:03:23.028000,14050,14052,14052,1
2020-12-22,15:03:23.097000,14050,14052,14052,1
2020-12-22,15:03:23.255000,14051,14052,14052,2
2020-12-22,15:03:23.340000,14051,14053,14051,1
2020-12-22,15:03:23.825000,14051,14053,14051,1
2020-12-22,15:03:23.845000,14051,14053,14053,1
2020-12-22,15:03:23.865000,14051,14053,14051,1
2020-12-22,15:03:23.893000,14051,14053,14051,1
2020-12-22,15:03:24.049000,14050,14053,14053,1
2020-12-22,15:03:24.116000,14050,14053,14053,1
2020-12-22,15:03:25.237000,14051,14053,14051,1
2020-12-22,15:03:26.002000,14051,14053,14053,1
2020-12-22,15:03:26.075000,14051,14053,14051,3
2020-12-22,15:03:26.384000,14050,14052,14052,1
2020-12-22,15:03:26.582000,14051,14052,14052,1
2020-12-22,15:03:26.582000,14051,14052,14053,8
2020-12-22,15:03:26.583000,14051,14052,14053,1
2020-12-22,15:03:26.583000,14051,14052,14053,8
2020-12-22,15:03:26.584000,14051,14052,14053,1
2020-12-22,15:03:26.728000,14051,14053,14052,1
2020-12-22,15:03:26.776000,14051,14053,14053,2
2020-12-22,15:03:27.234000,14051,14052,14051,1
2020-12-22,15:03:27.407000,14050,14051,14051,1
2020-12-22,15:03:27.747000,14050,14052,14052,2
2020-12-22,15:03:28.820000,14050,14051,14051,1
2020-12-22,15:03:28.873000,14050,14051,14052,1
2020-12-22,15:03:28.916000,14050,14052,14052,1
2020-12-22,15:03:28.987000,14050,14052,14050,1
2020-12-22,15:03:29.294000,14050,14051,14051,1
2020-12-22,15:03:29.518000,14050,14052,14050,1
2020-12-22,15:03:29.899000,14050,14051,14050,1
2020-12-22,15:03:30.095000,14050,14051,14051,1
2020-12-22,15:03:30.095000,14050,14051,14051,1
2020-12-22,15:03:30.229000,14050,14052,14052,1
2020-12-22,15:03:30.888000,14050,14051,14051,1
2020-12-22,15:03:31.206000,14051,14052,14051,2
2020-12-22,15:03:32.236000,14051,14052,14051,1
2020-12-22,15:03:32.239000,14051,14052,14051,1
2020-12-22,15:03:33.607000,14051,14052,14052,1
2020-12-22,15:03:33.639000,14051,14052,14052,1
2020-12-22,15:03:33.640000,14051,14052,14052,1
2020-12-22,15:03:33.993000,14051,14053,14053,2
2020-12-22,15:03:34.705000,14051,14053,14053,1
2020-12-22,15:03:35.247000,14052,14053,14053,1
2020-12-22,15:03:35.419000,14052,14053,14053,1
2020-12-22,15:03:35.419000,14052,14053,14053,1
2020-12-22,15:03:35.429000,14052,14053,14053,1
2020-12-22,15:03:36.017000,14052,14054,14054,3
2020-12-22,15:03:36.044000,14053,14054,14053,2
2020-12-22,15:03:36.252000,14053,14054,14054,1
2020-12-22,15:03:36.365000,14053,14054,14054,1
2020-12-22,15:03:36.369000,14053,14054,14054,1
2020-12-22,15:03:36.410000,14053,14054,14053,1
2020-12-22,15:03:37.557000,14053,14055,14055,1
2020-12-22,15:03:37.641000,14053,14055,14055,1
2020-12-22,15:03:37.830000,14054,14055,14055,1
2020-12-22,15:03:37.996000,14054,14055,14055,2
2020-12-22,15:03:38.025000,14054,14055,14055,3
2020-12-22,15:03:38.044000,14054,14055,14055,2
2020-12-22,15:03:38.695000,14055,14056,14056,2
2020-12-22,15:03:38.695000,14055,14056,14056,3
2020-12-22,15:03:38.695000,14055,14056,14056,1
2020-12-22,15:03:38.695000,14055,14056,14056,1
2020-12-22,15:03:38.827000,14055,14057,14057,2
2020-12-22,15:03:38.894000,14055,14057,14057,1
2020-12-22,15:03:39.166000,14056,14058,14058,1
2020-12-22,15:03:39.188000,14056,14058,14058,1
2020-12-22,15:03:39.191000,14056,14058,14058,1
2020-12-22,15:03:39.193000,14056,14058,14057,1
2020-12-22,15:03:39.193000,14056,14058,14057,1
2020-12-22,15:03:39.224000,14056,14058,14057,1
2020-12-22,15:03:39.241000,14056,14058,14056,2
2020-12-22,15:03:39.259000,14056,14058,14055,1
2020-12-22,15:03:39.274000,14056,14058,14055,3
2020-12-22,15:03:39.301000,14055,14057,14055,1
2020-12-22,15:03:39.450000,14055,14056,14055,1
2020-12-22,15:03:39.463000,14055,14056,14055,1
2020-12-22,15:03:39.478000,14055,14056,14055,1
2020-12-22,15:03:39.478000,14055,14056,14055,1
2020-12-22,15:03:39.492000,14055,14056,14054,1
2020-12-22,15:03:39.507000,14055,14056,14054,1
2020-12-22,15:03:39.525000,14055,14056,14054,1
2020-12-22,15:03:39.640000,14053,14055,14055,5
2020-12-22,15:03:39.868000,14054,14056,14054,1
2020-12-22,15:03:40.481000,14054,14056,14056,1
2020-12-22,15:03:40.546000,14054,14056,14056,1
2020-12-22,15:03:40.665000,14054,14056,14057,2
2020-12-22,15:03:41.401000,14056,14057,14057,4
2020-12-22,15:03:41.401000,14056,14057,14058,9
2020-12-22,15:03:41.401000,14056,14057,14059,4
2020-12-22,15:03:41.791000,14057,14059,14059,2
2020-12-22,15:03:41.933000,14057,14059,14059,2
2020-12-22,15:03:41.934000,14057,14059,14059,1
2020-12-22,15:03:41.934000,14057,14059,14059,1
2020-12-22,15:03:42.013000,14057,14059,14060,1
2020-12-22,15:03:42.210000,14058,14060,14058,1
2020-12-22,15:03:42.505000,14058,14060,14060,1
2020-12-22,15:03:44.285000,14058,14060,14059,3
2020-12-22,15:03:44.576000,14058,14059,14059,2
2020-12-22,15:03:44.981000,14058,14060,14060,1
2020-12-22,15:03:45.200000,14058,14060,14060,2
2020-12-22,15:03:45.426000,14058,14060,14060,1
2020-12-22,15:03:45.894000,14058,14060,14060,1
2020-12-22,15:03:45.908000,14058,14060,14060,1
2020-12-22,15:03:46.598000,14059,14060,14060,1
2020-12-22,15:03:46.838000,14059,14060,14060,1
2020-12-22,15:03:46.856000,14059,14060,14060,1
2020-12-22,15:03:46.856000,14059,14060,14061,1
2020-12-22,15:03:47.165000,14059,14060,14059,2
2020-12-22,15:03:47.475000,14058,14060,14060,1
2020-12-22,15:03:47.522000,14058,14060,14060,1
2020-12-22,15:03:47.835000,14058,14060,14060,1
2020-12-22,15:03:47.902000,14058,14060,14060,1
2020-12-22,15:03:48.030000,14058,14060,14060,3
2020-12-22,15:03:48.036000,14058,14060,14060,1
2020-12-22,15:03:48.434000,14058,14060,14058,7
2020-12-22,15:03:48.436000,14058,14060,14057,3
2020-12-22,15:03:48.533000,14058,14060,14056,4
2020-12-22,15:03:48.533000,14058,14060,14056,2
2020-12-22,15:03:48.794000,14055,14057,14055,2
2020-12-22,15:03:49.166000,14054,14055,14055,4
2020-12-22,15:03:49.233000,14054,14055,14055,1
2020-12-22,15:03:49.523000,14054,14056,14054,6
2020-12-22,15:03:49.523000,14054,14056,14053,6
2020-12-22,15:03:49.696000,14053,14055,14055,1
2020-12-22,15:03:50.599000,14052,14054,14054,1
2020-12-22,15:03:51.735000,14052,14054,14052,2
2020-12-22,15:03:52,14052,14054,14053,1
2020-12-22,15:03:52.084000,14052,14054,14054,1
2020-12-22,15:03:52.366000,14052,14053,14053,1
2020-12-22,15:03:53.900000,14052,14053,14052,2
2020-12-22,15:03:54.433000,14051,14052,14051,2
2020-12-22,15:03:54.505000,14051,14052,14052,1
2020-12-22,15:03:54.517000,14051,14052,14052,1
2020-12-22,15:03:54.950000,14051,14052,14052,1
2020-12-22,15:03:55.059000,14051,14052,14052,3
2020-12-22,15:03:57.055000,14052,14053,14053,1
2020-12-22,15:03:57.165000,14053,14054,14054,1
2020-12-22,15:03:58.838000,14053,14055,14054,1
2020-12-22,15:03:59.195000,14053,14055,14053,1
2020-12-22,15:03:59.658000,14053,14055,14055,3
2020-12-22,15:03:59.884000,14054,14055,14053,2
2020-12-22,15:04:00.328000,14053,14054,14054,3
2020-12-22,15:04:00.423000,14053,14055,14055,1
2020-12-22,15:04:00.433000,14053,14055,14055,1
2020-12-22,15:04:00.440000,14053,14055,14054,1
2020-12-22,15:04:00.990000,14054,14055,14054,1
2020-12-22,15:04:01.131000,14054,14055,14055,2
2020-12-22,15:04:01.167000,14055,14056,14056,1
2020-12-22,15:04:01.167000,14055,14056,14056,1
2020-12-22,15:04:01.168000,14055,14056,14056,1
2020-12-22,15:04:01.168000,14055,14056,14056,1
2020-12-22,15:04:01.168000,14055,14056,14056,3
2020-12-22,15:04:01.168000,14055,14056,14056,2
2020-12-22,15:04:01.168000,14055,14056,14056,1
2020-12-22,15:04:01.291000,14056,14057,14056,1
2020-12-22,15:04:02.592000,14056,14057,14057,1
2020-12-22,15:04:02.648000,14056,14057,14056,1
2020-12-22,15:04:02.648000,14056,14057,14056,1
2020-12-22,15:04:03.421000,14056,14057,14057,2
2020-12-22,15:04:03.435000,14056,14057,14056,1
2020-12-22,15:04:05.116000,14056,14058,14056,1
2020-12-22,15:04:07.946000,14055,14056,14055,4
2020-12-22,15:04:08.125000,14054,14056,14054,1
2020-12-22,15:04:08.125000,14054,14056,14053,3
2020-12-22,15:04:08.166000,14053,14055,14055,2
2020-12-22,15:04:08.167000,14053,14055,14056,3
2020-12-22,15:04:08.170000,14053,14055,14056,1
2020-12-22,15:04:08.922000,14054,14056,14054,2
2020-12-22,15:04:10.543000,14054,14056,14055,1
2020-12-22,15:04:13.300000,14054,14056,14054,1
2020-12-22,15:04:13.761000,14054,14055,14055,3
2020-12-22,15:04:14.030000,14055,14056,14055,1
2020-12-22,15:04:16.047000,14055,14056,14055,2
2020-12-22,15:04:16.126000,14055,14056,14055,4
2020-12-22,15:04:17.096000,14054,14056,14055,1
2020-12-22,15:04:17.166000,14054,14056,14056,2
2020-12-22,15:04:17.168000,14054,14056,14056,2
2020-12-22,15:04:17.168000,14054,14056,14056,1
2020-12-22,15:04:17.674000,14055,14056,14056,3
2020-12-22,15:04:18.249000,14055,14056,14056,3
2020-12-22,15:04:18.249000,14055,14056,14056,4
2020-12-22,15:04:18.656000,14055,14057,14056,1
2020-12-22,15:04:20.357000,14055,14057,14057,1
2020-12-22,15:04:20.673000,14057,14058,14057,5
2020-12-22,15:04:20.727000,14057,14058,14058,1
2020-12-22,15:04:21.505000,14057,14058,14057,1
2020-12-22,15:04:22.269000,14057,14058,14057,1
2020-12-22,15:04:22.269000,14057,14058,14056,2
2020-12-22,15:04:22.904000,14056,14058,14056,3
2020-12-22,15:04:23.256000,14056,14058,14056,1
2020-12-22,15:04:23.855000,14056,14058,14058,1
2020-12-22,15:04:25.950000,14057,14058,14058,1
2020-12-22,15:04:27.125000,14057,14058,14058,5
2020-12-22,15:04:27.565000,14057,14058,14057,1
2020-12-22,15:04:28.329000,14057,14058,14058,2
2020-12-22,15:04:28.416000,14057,14058,14058,2
2020-12-22,15:04:28.417000,14057,14058,14058,1
2020-12-22,15:04:28.417000,14057,14058,14058,1
2020-12-22,15:04:28.417000,14057,14058,14058,3
2020-12-22,15:04:28.417000,14057,14058,14058,1
2020-12-22,15:04:28.417000,14057,14058,14058,2
2020-12-22,15:04:28.418000,14057,14058,14059,2
2020-12-22,15:04:28.418000,14057,14058,14059,1
2020-12-22,15:04:28.418000,14057,14058,14059,1
2020-12-22,15:04:28.418000,14057,14058,14059,1
2020-12-22,15:04:28.419000,14057,14058,14059,1
2020-12-22,15:04:28.419000,14057,14058,14060,1
2020-12-22,15:04:28.419000,14057,14058,14060,1
2020-12-22,15:04:28.420000,14057,14058,14060,1
2020-12-22,15:04:28.420000,14057,14058,14060,1
2020-12-22,15:04:28.420000,14057,14058,14060,1
2020-12-22,15:04:28.420000,14057,14058,14060,1
2020-12-22,15:04:28.420000,14057,14058,14060,1
2020-12-22,15:04:28.421000,14057,14058,14060,1
2020-12-22,15:04:28.423000,14057,14058,14060,1
2020-12-22,15:04:28.440000,14057,14058,14060,2
2020-12-22,15:04:28.535000,14057,14058,14061,5
2020-12-22,15:04:28.828000,14059,14061,14061,1
2020-12-22,15:04:29.250000,14059,14061,14061,1
2020-12-22,15:04:29.455000,14059,14061,14061,2
2020-12-22,15:04:29.656000,14060,14062,14062,1
2020-12-22,15:04:29.699000,14060,14062,14062,1
2020-12-22,15:04:29.699000,14060,14062,14062,1
2020-12-22,15:04:29.825000,14060,14062,14062,1
2020-12-22,15:04:29.940000,14060,14062,14061,1
2020-12-22,15:04:29.941000,14060,14062,14061,1
2020-12-22,15:04:29.944000,14060,14062,14062,1
2020-12-22,15:04:30.276000,14060,14062,14060,2
2020-12-22,15:04:30.399000,14059,14061,14059,1
2020-12-22,15:04:30.759000,14059,14061,14059,1
2020-12-22,15:04:32.366000,14060,14062,14060,1
2020-12-22,15:04:32.798000,14060,14061,14061,1
2020-12-22,15:04:33.601000,14060,14062,14060,1
2020-12-22,15:04:34.430000,14061,14062,14061,1
2020-12-22,15:04:34.694000,14061,14062,14062,3
2020-12-22,15:04:35.359000,14061,14062,14061,1
2020-12-22,15:04:36.370000,14061,14062,14062,1
2020-12-22,15:04:36.860000,14061,14062,14061,1
2020-12-22,15:04:37.760000,14061,14062,14062,2
2020-12-22,15:04:37.792000,14061,14062,14062,1
2020-12-22,15:04:37.792000,14061,14062,14062,1
2020-12-22,15:04:39.961000,14061,14062,14061,1
2020-12-22,15:04:40.179000,14061,14062,14062,3
2020-12-22,15:04:40.541000,14061,14062,14062,1
2020-12-22,15:04:40.925000,14061,14062,14062,2
2020-12-22,15:04:40.926000,14061,14062,14062,2
2020-12-22,15:04:40.926000,14061,14062,14062,1
2020-12-22,15:04:41.536000,14061,14063,14061,4
2020-12-22,15:04:41.671000,14060,14061,14060,14
2020-12-22,15:04:41.672000,14060,14061,14059,3
2020-12-22,15:04:41.672000,14060,14061,14059,1
2020-12-22,15:04:42.274000,14058,14059,14059,1
2020-12-22,15:04:42.625000,14058,14060,14060,3
2020-12-22,15:04:43.086000,14058,14060,14060,1
2020-12-22,15:04:43.594000,14058,14060,14060,3
2020-12-22,15:04:43.594000,14058,14060,14061,1
2020-12-22,15:04:43.725000,14058,14061,14058,1
2020-12-22,15:04:43.968000,14058,14060,14059,3
2020-12-22,15:04:45.557000,14058,14060,14060,1
2020-12-22,15:04:45.733000,14058,14060,14060,3
2020-12-22,15:04:45.733000,14058,14060,14061,1
2020-12-22,15:04:45.751000,14058,14060,14059,1
2020-12-22,15:04:45.777000,14058,14060,14059,1
2020-12-22,15:04:47.037000,14059,14060,14059,2
2020-12-22,15:04:47.341000,14059,14060,14059,1
2020-12-22,15:04:48.938000,14059,14060,14059,1
2020-12-22,15:04:49.977000,14059,14060,14060,1
2020-12-22,15:04:51.006000,14059,14060,14060,2
2020-12-22,15:04:53.069000,14060,14061,14061,1
2020-12-22,15:04:53.069000,14060,14061,14061,1
2020-12-22,15:04:53.071000,14060,14061,14060,1
2020-12-22,15:04:53.288000,14060,14062,14060,2
2020-12-22,15:04:54.161000,14060,14062,14060,1
2020-12-22,15:04:54.933000,14060,14062,14062,1
2020-12-22,15:04:56.630000,14061,14062,14061,1
2020-12-22,15:04:57.540000,14061,14062,14062,1
2020-12-22,15:04:57.541000,14061,14062,14062,2
2020-12-22,15:04:57.789000,14061,14063,14062,1
2020-12-22,15:04:57.800000,14061,14062,14062,1
2020-12-22,15:04:58.323000,14061,14062,14062,1
2020-12-22,15:04:59.174000,14061,14062,14062,1
2020-12-22,15:04:59.877000,14061,14062,14061,4
2020-12-22,15:05:00.062000,14061,14062,14061,1
2020-12-22,15:05:00.062000,14061,14062,14060,1
2020-12-22,15:05:00.178000,14061,14062,14062,1
2020-12-22,15:05:00.181000,14061,14062,14062,1
2020-12-22,15:05:00.186000,14061,14062,14062,1
2020-12-22,15:05:00.391000,14061,14063,14062,2
2020-12-22,15:05:00.391000,14061,14063,14063,2
2020-12-22,15:05:00.523000,14061,14063,14063,1
2020-12-22,15:05:00.608000,14061,14063,14063,2
2020-12-22,15:05:00.778000,14061,14063,14063,1
2020-12-22,15:05:00.778000,14061,14063,14064,3
2020-12-22,15:05:01.443000,14062,14064,14062,2
2020-12-22,15:05:01.541000,14062,14064,14064,1
2020-12-22,15:05:01.542000,14062,14064,14064,1
2020-12-22,15:05:01.542000,14062,14064,14064,1
2020-12-22,15:05:01.542000,14062,14064,14064,2
2020-12-22,15:05:01.583000,14062,14064,14064,1
2020-12-22,15:05:01.586000,14062,14064,14062,1
2020-12-22,15:05:01.799000,14062,14064,14064,2
2020-12-22,15:05:01.883000,14062,14064,14064,3
2020-12-22,15:05:01.897000,14062,14064,14064,3
2020-12-22,15:05:02.425000,14063,14064,14064,1
2020-12-22,15:05:02.586000,14063,14064,14064,1
2020-12-22,15:05:02.588000,14063,14064,14063,1
2020-12-22,15:05:02.635000,14063,14064,14064,1
2020-12-22,15:05:02.648000,14063,14064,14063,1
2020-12-22,15:05:02.682000,14063,14064,14064,1
2020-12-22,15:05:02.929000,14063,14064,14064,7
2020-12-22,15:05:02.970000,14063,14064,14065,1
2020-12-22,15:05:02.971000,14063,14064,14065,6
2020-12-22,15:05:02.971000,14063,14064,14065,4
2020-12-22,15:05:02.971000,14063,14064,14065,1
2020-12-22,15:05:02.971000,14063,14064,14065,2
2020-12-22,15:05:02.983000,14063,14064,14065,1
2020-12-22,15:05:03.163000,14065,14066,14065,1
2020-12-22,15:05:03.224000,14065,14066,14066,1
2020-12-22,15:05:03.347000,14065,14066,14066,1
2020-12-22,15:05:03.387000,14065,14066,14066,1
2020-12-22,15:05:03.484000,14065,14066,14066,1
2020-12-22,15:05:03.484000,14065,14066,14066,1
2020-12-22,15:05:04.152000,14065,14066,14066,1
2020-12-22,15:05:04.439000,14065,14066,14066,1
2020-12-22,15:05:04.440000,14065,14066,14066,3
2020-12-22,15:05:04.597000,14066,14067,14066,2
2020-12-22,15:05:04.983000,14066,14067,14066,1
2020-12-22,15:05:04.983000,14066,14067,14066,1
2020-12-22,15:05:04.987000,14066,14067,14065,1
2020-12-22,15:05:05.117000,14064,14065,14065,1
2020-12-22,15:05:05.425000,14064,14065,14065,1
2020-12-22,15:05:05.545000,14064,14065,14065,4
2020-12-22,15:05:05.545000,14064,14065,14066,1
2020-12-22,15:05:06.002000,14064,14066,14066,1
2020-12-22,15:05:06.181000,14064,14066,14066,5
2020-12-22,15:05:06.518000,14064,14066,14066,1
2020-12-22,15:05:06.518000,14064,14066,14066,1
2020-12-22,15:05:06.823000,14065,14066,14066,1
2020-12-22,15:05:07.465000,14065,14066,14065,3
2020-12-22,15:05:07.541000,14064,14066,14066,2
2020-12-22,15:05:07.542000,14064,14066,14066,1
2020-12-22,15:05:07.542000,14064,14066,14066,2
2020-12-22,15:05:07.544000,14064,14066,14066,1
2020-12-22,15:05:07.914000,14065,14066,14065,2
2020-12-22,15:05:08.537000,14064,14065,14065,2
2020-12-22,15:05:09.043000,14064,14065,14065,2
2020-12-22,15:05:09.607000,14064,14065,14064,7
2020-12-22,15:05:09.608000,14064,14065,14063,1
2020-12-22,15:05:09.918000,14062,14065,14065,1
2020-12-22,15:05:10.247000,14062,14065,14065,1
2020-12-22,15:05:10.915000,14062,14063,14062,2
2020-12-22,15:05:10.956000,14062,14063,14063,1
2020-12-22,15:05:11.103000,14061,14063,14063,2
2020-12-22,15:05:11.110000,14061,14063,14063,1
2020-12-22,15:05:11.366000,14061,14063,14063,1
2020-12-22,15:05:11.642000,14061,14063,14063,4
2020-12-22,15:05:11.642000,14061,14063,14064,12
2020-12-22,15:05:11.642000,14061,14063,14065,4
2020-12-22,15:05:12.207000,14062,14064,14064,2
2020-12-22,15:05:12.336000,14063,14064,14064,2
2020-12-22,15:05:12.433000,14063,14064,14063,1
2020-12-22,15:05:12.602000,14062,14064,14062,1
2020-12-22,15:05:12.605000,14062,14064,14062,1
2020-12-22,15:05:13.613000,14061,14063,14063,1
2020-12-22,15:05:14.393000,14062,14064,14064,2
2020-12-22,15:05:15.331000,14063,14065,14065,1
2020-12-22,15:05:15.750000,14064,14065,14065,1
2020-12-22,15:05:15.751000,14064,14065,14065,11
2020-12-22,15:05:16.127000,14064,14066,14065,1
2020-12-22,15:05:16.312000,14064,14066,14064,9
2020-12-22,15:05:16.375000,14064,14066,14064,1
2020-12-22,15:05:16.434000,14063,14064,14063,4
2020-12-22,15:05:16.435000,14063,14064,14063,1
2020-12-22,15:05:16.435000,14063,14064,14063,5
2020-12-22,15:05:16.436000,14063,14064,14063,8
2020-12-22,15:05:16.436000,14063,14064,14063,1
2020-12-22,15:05:16.436000,14063,14064,14063,1
2020-12-22,15:05:16.436000,14063,14064,14063,1
2020-12-22,15:05:16.558000,14062,14064,14062,1
2020-12-22,15:05:17.916000,14062,14064,14064,3
2020-12-22,15:05:17.918000,14062,14064,14063,2
2020-12-22,15:05:18.041000,14062,14064,14064,1
2020-12-22,15:05:18.042000,14062,14064,14064,2
2020-12-22,15:05:18.042000,14062,14064,14065,1
2020-12-22,15:05:18.042000,14062,14064,14065,1
2020-12-22,15:05:18.042000,14062,14064,14065,1
2020-12-22,15:05:18.043000,14062,14064,14065,1
2020-12-22,15:05:18.043000,14062,14064,14065,1
2020-12-22,15:05:18.043000,14062,14064,14065,1
2020-12-22,15:05:18.043000,14062,14064,14065,1
2020-12-22,15:05:18.043000,14062,14064,14065,1
2020-12-22,15:05:18.043000,14062,14064,14065,1
2020-12-22,15:05:18.043000,14062,14064,14065,3
2020-12-22,15:05:18.045000,14062,14064,14065,1
2020-12-22,15:05:18.045000,14062,14064,14065,1
2020-12-22,15:05:18.174000,14064,14065,14064,1
2020-12-22,15:05:19.895000,14063,14064,14064,2
2020-12-22,15:05:20.388000,14063,14064,14063,1
2020-12-22,15:05:20.647000,14062,14064,14062,1
2020-12-22,15:05:21.162000,14062,14063,14063,1
2020-12-22,15:05:21.162000,14062,14063,14064,5
2020-12-22,15:05:21.864000,14062,14064,14064,2
2020-12-22,15:05:22.919000,14064,14065,14064,4
2020-12-22,15:05:23.187000,14064,14065,14064,5
2020-12-22,15:05:23.596000,14064,14065,14064,3
2020-12-22,15:05:23.701000,14063,14065,14063,2
2020-12-22,15:05:23.736000,14063,14065,14063,6
2020-12-22,15:05:24.142000,14062,14064,14062,1
2020-12-22,15:05:25.826000,14063,14064,14063,1
2020-12-22,15:05:26.191000,14063,14064,14064,1
2020-12-22,15:05:26.502000,14063,14064,14063,1
2020-12-22,15:05:26.855000,14062,14063,14063,2
2020-12-22,15:05:26.858000,14062,14063,14062,4
2020-12-22,15:05:27.020000,14062,14063,14062,1
2020-12-22,15:05:27.041000,14062,14063,14063,1
2020-12-22,15:05:27.042000,14062,14063,14063,2
2020-12-22,15:05:27.116000,14062,14063,14062,1
2020-12-22,15:05:27.172000,14062,14064,14062,1
2020-12-22,15:05:27.608000,14062,14063,14063,1
2020-12-22,15:05:27.816000,14062,14064,14064,1
2020-12-22,15:05:28.059000,14062,14064,14064,1
2020-12-22,15:05:28.756000,14062,14064,14064,1
2020-12-22,15:05:31.042000,14062,14063,14062,27
2020-12-22,15:05:31.044000,14062,14063,14061,3
2020-12-22,15:05:31.490000,14060,14062,14060,4
2020-12-22,15:05:32.182000,14061,14063,14061,7
2020-12-22,15:05:34.228000,14061,14063,14061,15
2020-12-22,15:05:35.540000,14061,14062,14061,2
2020-12-22,15:05:36.483000,14060,14061,14061,1
2020-12-22,15:05:37.216000,14060,14061,14061,1
2020-12-22,15:05:37.292000,14060,14061,14061,1
2020-12-22,15:05:37.292000,14060,14061,14061,1
2020-12-22,15:05:37.293000,14060,14061,14061,1
2020-12-22,15:05:37.293000,14060,14061,14062,1
2020-12-22,15:05:37.294000,14060,14061,14062,1
2020-12-22,15:05:38.579000,14060,14061,14060,3
2020-12-22,15:05:38.665000,14060,14061,14060,22
2020-12-22,15:05:38.790000,14059,14061,14059,4
2020-12-22,15:05:38.997000,14059,14060,14060,5
2020-12-22,15:05:39.852000,14058,14060,14060,1
2020-12-22,15:05:39.927000,14058,14060,14060,1
2020-12-22,15:05:40.659000,14058,14060,14060,1
2020-12-22,15:05:41.192000,14058,14059,14059,1
2020-12-22,15:05:43.376000,14058,14059,14059,1
2020-12-22,15:05:44.337000,14059,14060,14059,1
2020-12-22,15:05:45.537000,14058,14060,14060,5
2020-12-22,15:05:46.556000,14060,14061,14060,1
2020-12-22,15:05:47.072000,14060,14061,14060,1
2020-12-22,15:05:47.166000,14060,14061,14061,1
2020-12-22,15:05:47.167000,14060,14061,14061,1
2020-12-22,15:05:47.168000,14060,14061,14061,1
2020-12-22,15:05:48.312000,14060,14062,14060,1
2020-12-22,15:05:48.932000,14060,14062,14060,7
2020-12-22,15:05:48.932000,14060,14062,14059,3
2020-12-22,15:05:49.332000,14060,14062,14060,3
2020-12-22,15:05:49.766000,14061,14062,14061,2
2020-12-22,15:05:49.766000,14061,14062,14060,3
2020-12-22,15:05:51.254000,14060,14062,14060,1
2020-12-22,15:05:51.631000,14060,14061,14060,1
2020-12-22,15:05:52.823000,14059,14061,14059,1
2020-12-22,15:05:52.922000,14059,14061,14060,1
2020-12-22,15:05:53.213000,14059,14061,14059,1
2020-12-22,15:05:53.931000,14060,14062,14060,1
2020-12-22,15:05:54.554000,14059,14061,14060,1
2020-12-22,15:05:54.672000,14059,14061,14061,5
2020-12-22,15:05:54.922000,14059,14061,14061,5
2020-12-22,15:05:55.155000,14059,14061,14061,5
2020-12-22,15:05:55.356000,14060,14062,14062,5
2020-12-22,15:05:56.737000,14060,14062,14060,1
2020-12-22,15:05:58.476000,14061,14062,14061,1
2020-12-22,15:05:58.542000,14060,14062,14062,1
2020-12-22,15:05:58.543000,14060,14062,14062,1
2020-12-22,15:05:59.058000,14060,14061,14060,6
2020-12-22,15:06:00.023000,14059,14060,14060,1
2020-12-22,15:06:00.061000,14059,14060,14060,1
2020-12-22,15:06:00.069000,14059,14060,14059,1
2020-12-22,15:06:00.078000,14059,14060,14059,1
2020-12-22,15:06:00.081000,14059,14060,14059,1
2020-12-22,15:06:00.088000,14059,14060,14059,1
2020-12-22,15:06:00.093000,14059,14060,14059,1
2020-12-22,15:06:00.100000,14059,14060,14058,2
2020-12-22,15:06:00.112000,14059,14060,14060,2
2020-12-22,15:06:00.113000,14059,14060,14059,1
2020-12-22,15:06:00.117000,14059,14060,14058,1
2020-12-22,15:06:00.159000,14059,14060,14058,1
2020-12-22,15:06:00.451000,14058,14060,14060,5
2020-12-22,15:06:00.822000,14059,14061,14061,1
2020-12-22,15:06:00.849000,14059,14061,14061,2
2020-12-22,15:06:00.890000,14059,14061,14061,1
2020-12-22,15:06:01.948000,14059,14061,14059,3
2020-12-22,15:06:01.948000,14059,14061,14058,2
2020-12-22,15:06:02.056000,14058,14060,14058,5
2020-12-22,15:06:02.076000,14058,14060,14060,1
2020-12-22,15:06:02.178000,14058,14060,14058,3
2020-12-22,15:06:02.407000,14058,14060,14060,2
2020-12-22,15:06:02.904000,14058,14060,14058,1
2020-12-22,15:06:03.113000,14058,14060,14058,1
2020-12-22,15:06:05,14058,14059,14059,2
2020-12-22,15:06:05.263000,14058,14060,14058,1
2020-12-22,15:06:05.779000,14058,14060,14058,1
2020-12-22,15:06:06.930000,14059,14060,14059,1
2020-12-22,15:06:08.081000,14059,14060,14060,1
2020-12-22,15:06:08.135000,14059,14060,14059,3
2020-12-22,15:06:08.135000,14059,14060,14058,4
2020-12-22,15:06:10.157000,14057,14058,14058,4
2020-12-22,15:06:11.303000,14058,14059,14058,6
2020-12-22,15:06:11.809000,14057,14058,14057,1
2020-12-22,15:06:12.039000,14057,14058,14057,1
2020-12-22,15:06:12.110000,14057,14058,14057,1
2020-12-22,15:06:12.116000,14057,14058,14057,1
2020-12-22,15:06:12.175000,14056,14058,14056,1
2020-12-22,15:06:12.622000,14056,14057,14057,1
2020-12-22,15:06:12.773000,14056,14057,14058,1
2020-12-22,15:06:13.873000,14056,14057,14057,1
2020-12-22,15:06:14.370000,14056,14058,14056,1
2020-12-22,15:06:15.132000,14056,14058,14056,1
2020-12-22,15:06:18.003000,14056,14057,14057,1
2020-12-22,15:06:19.982000,14056,14057,14057,2
2020-12-22,15:06:22.191000,14057,14058,14057,1
2020-12-22,15:06:23.473000,14057,14058,14057,1
2020-12-22,15:06:24.625000,14057,14058,14058,5
2020-12-22,15:06:24.625000,14057,14058,14058,1
2020-12-22,15:06:24.625000,14057,14058,14058,1
2020-12-22,15:06:24.651000,14057,14058,14057,1
2020-12-22,15:06:25.164000,14057,14059,14057,1
2020-12-22,15:06:28.407000,14058,14059,14058,1
2020-12-22,15:06:28.634000,14058,14059,14059,1
2020-12-22,15:06:33.100000,14058,14059,14058,1
2020-12-22,15:06:34.024000,14057,14058,14058,1
2020-12-22,15:06:36.383000,14057,14058,14058,5
2020-12-22,15:06:36.383000,14057,14058,14059,7
2020-12-22,15:06:38.686000,14058,14059,14058,2
2020-12-22,15:06:40.337000,14058,14059,14058,1
2020-12-22,15:06:42.638000,14058,14059,14059,5
2020-12-22,15:06:42.639000,14058,14059,14059,1
2020-12-22,15:06:42.639000,14058,14059,14059,2
2020-12-22,15:06:42.827000,14059,14060,14060,1
2020-12-22,15:06:43.669000,14059,14060,14060,1
2020-12-22,15:06:43.740000,14059,14060,14060,2
2020-12-22,15:06:44.182000,14060,14061,14061,1
2020-12-22,15:06:45.790000,14060,14061,14061,1
2020-12-22,15:06:46.512000,14060,14061,14060,1
2020-12-22,15:06:47.788000,14060,14061,14061,1
2020-12-22,15:06:49.232000,14060,14061,14060,1
2020-12-22,15:06:49.484000,14060,14061,14060,1
2020-12-22,15:06:52.790000,14060,14061,14061,1
2020-12-22,15:06:52.790000,14060,14061,14061,1
2020-12-22,15:06:53.311000,14061,14062,14062,1
2020-12-22,15:06:53.312000,14061,14062,14062,11
2020-12-22,15:06:53.417000,14062,14063,14063,1
2020-12-22,15:06:53.417000,14062,14063,14063,1
2020-12-22,15:06:53.417000,14062,14063,14063,2
2020-12-22,15:06:53.417000,14062,14063,14063,5
2020-12-22,15:06:53.417000,14062,14063,14063,5
2020-12-22,15:06:53.417000,14062,14063,14063,1
2020-12-22,15:06:53.637000,14062,14064,14064,3
2020-12-22,15:06:53.665000,14062,14064,14064,17
2020-12-22,15:06:53.790000,14063,14065,14065,12
2020-12-22,15:06:55.818000,14065,14066,14066,1
2020-12-22,15:06:55.926000,14065,14066,14066,2
2020-12-22,15:06:57.424000,14064,14065,14065,2
2020-12-22,15:06:57.721000,14064,14065,14064,2
2020-12-22,15:06:57.721000,14064,14065,14063,6
2020-12-22,15:06:57.721000,14064,14065,14062,2
2020-12-22,15:06:58.119000,14062,14063,14062,1
2020-12-22,15:06:59.882000,14062,14063,14062,2
2020-12-22,15:07:00.434000,14062,14063,14062,1
2020-12-22,15:07:00.564000,14061,14063,14063,1
2020-12-22,15:07:01.350000,14061,14063,14062,1
2020-12-22,15:07:01.417000,14061,14063,14061,1
2020-12-22,15:07:01.418000,14061,14063,14061,1
2020-12-22,15:07:02.504000,14060,14062,14062,2
2020-12-22,15:07:02.687000,14060,14063,14062,1
2020-12-22,15:07:06.220000,14061,14063,14063,5
2020-12-22,15:07:08.953000,14063,14064,14064,1
2020-12-22,15:07:09.042000,14063,14064,14063,1
2020-12-22,15:07:10.473000,14063,14064,14064,1
2020-12-22,15:07:10.834000,14064,14065,14064,1
2020-12-22,15:07:10.834000,14064,14065,14063,1
2020-12-22,15:07:14.339000,14064,14065,14065,2
2020-12-22,15:07:15.352000,14065,14066,14066,1
2020-12-22,15:07:16.040000,14065,14066,14065,1
2020-12-22,15:07:16.150000,14065,14066,14066,3
2020-12-22,15:07:16.564000,14064,14066,14065,1
2020-12-22,15:07:17.240000,14064,14065,14065,1
2020-12-22,15:07:18.851000,14064,14065,14065,3
2020-12-22,15:07:19.354000,14064,14065,14064,1
2020-12-22,15:07:21.346000,14063,14065,14065,1
2020-12-22,15:07:24.317000,14064,14065,14064,1
2020-12-22,15:07:24.808000,14063,14065,14065,1
2020-12-22,15:07:25.415000,14063,14065,14065,4
2020-12-22,15:07:26.343000,14063,14065,14065,4
2020-12-22,15:07:26.993000,14063,14065,14063,1
2020-12-22,15:07:28.209000,14063,14065,14065,1
2020-12-22,15:07:28.291000,14063,14065,14063,1
2020-12-22,15:07:29.039000,14064,14065,14064,1
2020-12-22,15:07:29.367000,14063,14065,14065,1
2020-12-22,15:07:29.552000,14063,14065,14063,5
2020-12-22,15:07:31.741000,14062,14064,14062,1
2020-12-22,15:07:33.953000,14063,14065,14063,1
2020-12-22,15:07:34.169000,14063,14065,14063,1
2020-12-22,15:07:34.953000,14062,14064,14064,1
2020-12-22,15:07:36.442000,14063,14064,14064,1
2020-12-22,15:07:38.571000,14064,14065,14064,1
2020-12-22,15:07:40.450000,14064,14065,14064,1
2020-12-22,15:07:41.456000,14064,14065,14065,1
2020-12-22,15:07:41.730000,14064,14065,14064,1
2020-12-22,15:07:43.217000,14064,14065,14065,6
2020-12-22,15:07:43.218000,14064,14065,14065,4
2020-12-22,15:07:43.987000,14065,14066,14065,1
2020-12-22,15:07:44.668000,14064,14066,14066,1
2020-12-22,15:07:45.100000,14064,14066,14066,1
2020-12-22,15:07:46.504000,14065,14066,14065,1
2020-12-22,15:07:46.911000,14065,14066,14065,1
2020-12-22,15:07:46.958000,14065,14066,14065,1
2020-12-22,15:07:48.524000,14065,14066,14066,1
2020-12-22,15:07:49.458000,14065,14066,14065,1
2020-12-22,15:07:49.488000,14065,14066,14066,1
2020-12-22,15:07:50.936000,14065,14066,14065,1
2020-12-22,15:07:51.937000,14064,14065,14065,1
2020-12-22,15:07:52.354000,14064,14065,14065,1
2020-12-22,15:07:52.902000,14064,14065,14065,1
2020-12-22,15:07:53.064000,14064,14065,14065,2
2020-12-22,15:07:54.022000,14064,14065,14064,2
2020-12-22,15:07:54.252000,14064,14065,14065,1
2020-12-22,15:07:55.641000,14064,14065,14065,2
2020-12-22,15:07:56.141000,14064,14065,14065,1
2020-12-22,15:07:56.142000,14064,14065,14065,7
2020-12-22,15:07:56.142000,14064,14065,14065,3
2020-12-22,15:07:56.224000,14065,14066,14065,2
2020-12-22,15:07:57.279000,14064,14066,14065,1
2020-12-22,15:07:58.639000,14065,14066,14065,1
2020-12-22,15:07:59.103000,14064,14066,14066,1
2020-12-22,15:07:59.224000,14065,14066,14066,2
2020-12-22,15:08:00.978000,14064,14065,14065,1
2020-12-22,15:08:01.061000,14064,14065,14065,1
2020-12-22,15:08:01.120000,14064,14065,14066,7
2020-12-22,15:08:01.312000,14065,14066,14066,1
2020-12-22,15:08:01.313000,14065,14066,14066,5
2020-12-22,15:08:01.314000,14065,14066,14066,10
2020-12-22,15:08:02.166000,14066,14067,14066,1
2020-12-22,15:08:02.166000,14066,14067,14065,1
2020-12-22,15:08:02.826000,14066,14067,14067,1
2020-12-22,15:08:02.925000,14066,14067,14067,1
2020-12-22,15:08:03.031000,14066,14067,14067,1
2020-12-22,15:08:03.040000,14066,14067,14067,1
2020-12-22,15:08:03.808000,14066,14067,14066,4
2020-12-22,15:08:03.808000,14066,14067,14065,1
2020-12-22,15:08:05.676000,14065,14066,14066,1
2020-12-22,15:08:05.812000,14065,14067,14067,1
2020-12-22,15:08:05.912000,14065,14067,14066,1
2020-12-22,15:08:05.936000,14065,14067,14067,1
2020-12-22,15:08:06.093000,14065,14067,14067,1
2020-12-22,15:08:06.228000,14065,14067,14067,1
2020-12-22,15:08:06.315000,14066,14067,14067,1
2020-12-22,15:08:06.318000,14066,14067,14067,1
2020-12-22,15:08:06.320000,14066,14067,14067,2
2020-12-22,15:08:06.320000,14066,14067,14067,3
2020-12-22,15:08:06.320000,14066,14067,14067,6
2020-12-22,15:08:06.321000,14066,14067,14067,4
2020-12-22,15:08:06.357000,14066,14067,14067,1
2020-12-22,15:08:06.360000,14066,14067,14067,12
2020-12-22,15:08:06.498000,14067,14068,14068,1
2020-12-22,15:08:06.504000,14067,14068,14068,4
2020-12-22,15:08:06.647000,14067,14068,14068,1
2020-12-22,15:08:06.719000,14067,14068,14068,1
2020-12-22,15:08:06.766000,14067,14068,14067,2
2020-12-22,15:08:06.785000,14067,14068,14068,1
2020-12-22,15:08:06.863000,14067,14068,14067,2
2020-12-22,15:08:06.869000,14067,14068,14068,1
2020-12-22,15:08:06.897000,14067,14068,14068,1
2020-12-22,15:08:06.904000,14067,14068,14068,1
2020-12-22,15:08:06.924000,14067,14068,14068,1
2020-12-22,15:08:07.032000,14067,14068,14068,4
2020-12-22,15:08:07.076000,14067,14068,14068,1
2020-12-22,15:08:07.217000,14067,14068,14068,1
2020-12-22,15:08:07.220000,14067,14068,14068,7
2020-12-22,15:08:07.252000,14067,14068,14068,1
2020-12-22,15:08:07.306000,14067,14068,14068,1
2020-12-22,15:08:07.374000,14067,14068,14068,1
2020-12-22,15:08:07.375000,14067,14068,14068,25
2020-12-22,15:08:07.418000,14068,14069,14068,1
2020-12-22,15:08:07.521000,14068,14069,14069,1
2020-12-22,15:08:07.521000,14068,14069,14069,4
2020-12-22,15:08:07.521000,14068,14069,14069,2
2020-12-22,15:08:07.521000,14068,14069,14069,2
2020-12-22,15:08:07.522000,14068,14069,14069,1
2020-12-22,15:08:07.713000,14068,14069,14069,1
2020-12-22,15:08:07.786000,14068,14069,14069,1
2020-12-22,15:08:07.958000,14068,14069,14069,1
2020-12-22,15:08:08.122000,14068,14069,14069,1
2020-12-22,15:08:08.144000,14068,14069,14069,1
2020-12-22,15:08:08.159000,14068,14069,14069,5
2020-12-22,15:08:08.305000,14069,14070,14070,1
2020-12-22,15:08:08.455000,14069,14070,14070,6
2020-12-22,15:08:08.468000,14069,14070,14070,1
2020-12-22,15:08:08.508000,14069,14070,14070,1
2020-12-22,15:08:08.565000,14069,14070,14070,3
2020-12-22,15:08:08.583000,14069,14070,14070,1
2020-12-22,15:08:08.715000,14069,14070,14070,1
2020-12-22,15:08:08.948000,14069,14070,14070,1
2020-12-22,15:08:08.966000,14069,14070,14070,1
2020-12-22,15:08:08.985000,14069,14070,14070,1
2020-12-22,15:08:08.986000,14069,14070,14070,14
2020-12-22,15:08:08.986000,14069,14070,14070,7
2020-12-22,15:08:09.175000,14070,14071,14071,2
2020-12-22,15:08:09.192000,14070,14071,14071,3
2020-12-22,15:08:09.192000,14070,14071,14072,1
2020-12-22,15:08:09.206000,14070,14071,14072,4
2020-12-22,15:08:09.216000,14070,14071,14072,1
2020-12-22,15:08:09.383000,14071,14072,14072,2
2020-12-22,15:08:09.405000,14071,14072,14072,2
2020-12-22,15:08:09.417000,14071,14072,14072,2
2020-12-22,15:08:09.456000,14071,14072,14072,1
2020-12-22,15:08:09.627000,14071,14072,14072,2
2020-12-22,15:08:09.627000,14071,14072,14072,6
2020-12-22,15:08:09.635000,14071,14072,14072,1
2020-12-22,15:08:09.635000,14071,14072,14073,3
2020-12-22,15:08:09.981000,14072,14073,14073,1
2020-12-22,15:08:10.055000,14072,14073,14073,1
2020-12-22,15:08:10.288000,14072,14073,14073,1
2020-12-22,15:08:10.329000,14073,14074,14074,1
2020-12-22,15:08:10.368000,14073,14074,14074,1
2020-12-22,15:08:10.511000,14073,14074,14074,1
2020-12-22,15:08:10.528000,14073,14074,14073,1
2020-12-22,15:08:10.582000,14073,14074,14074,1
2020-12-22,15:08:10.679000,14073,14074,14074,1
2020-12-22,15:08:10.712000,14073,14074,14073,2
2020-12-22,15:08:10.782000,14073,14074,14074,1
2020-12-22,15:08:10.828000,14073,14075,14075,1
2020-12-22,15:08:10.832000,14073,14075,14075,2
2020-12-22,15:08:10.972000,14073,14075,14075,2
2020-12-22,15:08:10.983000,14073,14075,14075,1
2020-12-22,15:08:11.010000,14073,14075,14075,4
2020-12-22,15:08:11.142000,14073,14075,14075,1
2020-12-22,15:08:11.154000,14073,14075,14075,1
2020-12-22,15:08:11.201000,14073,14075,14075,2
2020-12-22,15:08:11.268000,14073,14075,14075,1
2020-12-22,15:08:11.430000,14073,14075,14075,1
2020-12-22,15:08:11.498000,14073,14075,14073,2
2020-12-22,15:08:11.503000,14073,14075,14074,1
2020-12-22,15:08:11.601000,14073,14075,14074,1
2020-12-22,15:08:11.700000,14073,14075,14075,1
2020-12-22,15:08:11.759000,14073,14075,14075,1
2020-12-22,15:08:11.974000,14073,14075,14075,1
2020-12-22,15:08:12.009000,14073,14075,14075,1
2020-12-22,15:08:12.076000,14074,14076,14076,2
2020-12-22,15:08:12.101000,14074,14076,14076,2
2020-12-22,15:08:12.133000,14074,14076,14076,2
2020-12-22,15:08:12.159000,14074,14076,14074,1
2020-12-22,15:08:12.190000,14074,14076,14076,1
2020-12-22,15:08:12.398000,14074,14076,14075,1
2020-12-22,15:08:12.400000,14074,14076,14074,1
2020-12-22,15:08:12.458000,14074,14075,14074,1
2020-12-22,15:08:12.458000,14074,14075,14073,4
2020-12-22,15:08:12.835000,14072,14074,14074,3
2020-12-22,15:08:12.996000,14072,14074,14072,1
2020-12-22,15:08:13.944000,14072,14074,14074,1
2020-12-22,15:08:14.114000,14073,14075,14075,1
2020-12-22,15:08:14.162000,14073,14075,14073,1
2020-12-22,15:08:14.228000,14073,14075,14073,2
2020-12-22,15:08:14.287000,14073,14075,14074,1
2020-12-22,15:08:14.452000,14072,14074,14075,1
2020-12-22,15:08:14.619000,14073,14075,14075,1
2020-12-22,15:08:14.764000,14073,14075,14075,1
2020-12-22,15:08:14.788000,14073,14075,14075,1
2020-12-22,15:08:14.989000,14073,14075,14075,1
2020-12-22,15:08:15.272000,14074,14075,14075,3
2020-12-22,15:08:15.537000,14074,14076,14076,1
2020-12-22,15:08:15.988000,14075,14076,14075,2
2020-12-22,15:08:17.155000,14075,14076,14075,1
2020-12-22,15:08:17.385000,14074,14076,14076,1
2020-12-22,15:08:17.833000,14075,14076,14076,1
2020-12-22,15:08:18.641000,14075,14077,14075,1
2020-12-22,15:08:19.358000,14076,14077,14077,1
2020-12-22,15:08:19.452000,14076,14077,14077,1
2020-12-22,15:08:19.687000,14076,14077,14076,5
2020-12-22,15:08:20.202000,14076,14077,14077,1
2020-12-22,15:08:20.896000,14076,14077,14076,2
2020-12-22,15:08:21.220000,14076,14077,14077,2
2020-12-22,15:08:22.209000,14077,14078,14078,1
2020-12-22,15:08:22.211000,14077,14078,14078,9
2020-12-22,15:08:22.590000,14077,14079,14079,2
2020-12-22,15:08:22.689000,14078,14079,14079,2
2020-12-22,15:08:22.730000,14078,14079,14079,1
2020-12-22,15:08:22.770000,14078,14079,14079,1
2020-12-22,15:08:22.938000,14078,14079,14079,1
2020-12-22,15:08:23.224000,14078,14080,14080,1
2020-12-22,15:08:23.231000,14078,14080,14080,5
2020-12-22,15:08:23.532000,14079,14080,14079,2
2020-12-22,15:08:23.970000,14079,14080,14080,1
2020-12-22,15:08:24.056000,14079,14080,14079,5
2020-12-22,15:08:24.056000,14079,14080,14078,5
2020-12-22,15:08:24.565000,14078,14080,14078,4
2020-12-22,15:08:24.565000,14078,14080,14077,9
2020-12-22,15:08:24.647000,14078,14080,14077,1
2020-12-22,15:08:24.782000,14077,14079,14079,1
2020-12-22,15:08:24.800000,14077,14079,14079,6
2020-12-22,15:08:24.800000,14077,14079,14080,1
2020-12-22,15:08:26.193000,14079,14080,14079,2
2020-12-22,15:08:26.220000,14079,14080,14078,1
2020-12-22,15:08:26.521000,14078,14080,14080,1
2020-12-22,15:08:26.897000,14079,14080,14080,6
2020-12-22,15:08:26.898000,14079,14080,14080,1
2020-12-22,15:08:26.898000,14079,14080,14080,4
2020-12-22,15:08:26.898000,14079,14080,14080,3
2020-12-22,15:08:26.898000,14079,14080,14080,4
2020-12-22,15:08:27.262000,14080,14081,14081,1
2020-12-22,15:08:27.264000,14080,14081,14081,5
2020-12-22,15:08:27.318000,14080,14082,14081,1
2020-12-22,15:08:27.318000,14080,14082,14080,3
2020-12-22,15:08:27.382000,14080,14082,14080,1
2020-12-22,15:08:27.570000,14080,14082,14082,1
2020-12-22,15:08:27.696000,14081,14082,14082,2
2020-12-22,15:08:27.767000,14081,14082,14081,1
2020-12-22,15:08:27.944000,14081,14082,14081,1
2020-12-22,15:08:28.138000,14081,14082,14081,2
2020-12-22,15:08:28.145000,14081,14082,14082,10
2020-12-22,15:08:28.149000,14081,14082,14082,1
2020-12-22,15:08:28.232000,14082,14083,14081,1
2020-12-22,15:08:28.564000,14081,14083,14083,1
2020-12-22,15:08:28.905000,14082,14083,14083,1
2020-12-22,15:08:28.916000,14082,14084,14082,1
2020-12-22,15:08:28.953000,14082,14084,14084,5
2020-12-22,15:08:29.123000,14083,14084,14084,2
2020-12-22,15:08:29.519000,14083,14084,14084,1
2020-12-22,15:08:29.878000,14084,14085,14085,1
2020-12-22,15:08:29.905000,14084,14085,14085,1
2020-12-22,15:08:30.102000,14084,14085,14085,2
2020-12-22,15:08:30.207000,14084,14085,14085,1
2020-12-22,15:08:30.926000,14084,14085,14084,1
2020-12-22,15:08:30.949000,14084,14085,14084,2
2020-12-22,15:08:31.164000,14083,14084,14084,1
2020-12-22,15:08:31.255000,14083,14084,14084,1
2020-12-22,15:08:31.389000,14083,14084,14084,1
2020-12-22,15:08:31.419000,14083,14084,14084,1
2020-12-22,15:08:31.460000,14083,14084,14085,1
2020-12-22,15:08:31.510000,14083,14084,14085,1
2020-12-22,15:08:31.565000,14083,14085,14083,1
2020-12-22,15:08:31.678000,14083,14085,14085,2
2020-12-22,15:08:31.685000,14083,14085,14083,1
2020-12-22,15:08:31.730000,14083,14085,14083,2
2020-12-22,15:08:32.121000,14083,14085,14083,1
2020-12-22,15:08:32.251000,14082,14083,14083,1
2020-12-22,15:08:32.825000,14082,14083,14083,1
2020-12-22,15:08:32.970000,14082,14083,14082,2
2020-12-22,15:08:32.970000,14082,14083,14082,2
2020-12-22,15:08:32.980000,14082,14083,14082,1
2020-12-22,15:08:33.049000,14081,14083,14083,3
2020-12-22,15:08:33.049000,14081,14083,14084,3
2020-12-22,15:08:33.107000,14081,14083,14082,2
2020-12-22,15:08:33.247000,14081,14083,14083,1
2020-12-22,15:08:33.401000,14081,14083,14081,1
2020-12-22,15:08:33.438000,14081,14083,14082,1
2020-12-22,15:08:33.822000,14080,14082,14082,2
2020-12-22,15:08:33.822000,14080,14082,14083,7
2020-12-22,15:08:33.822000,14080,14082,14083,2
2020-12-22,15:08:33.822000,14080,14082,14083,14
2020-12-22,15:08:34.354000,14081,14083,14083,1
2020-12-22,15:08:34.458000,14081,14083,14082,1
2020-12-22,15:08:34.507000,14081,14083,14081,1
2020-12-22,15:08:34.572000,14081,14083,14081,1
2020-12-22,15:08:34.744000,14081,14083,14081,2
2020-12-22,15:08:34.880000,14081,14083,14082,1
2020-12-22,15:08:35.618000,14080,14082,14081,1
2020-12-22,15:08:35.995000,14080,14082,14082,1
2020-12-22,15:08:36.030000,14080,14082,14082,1
2020-12-22,15:08:36.230000,14080,14082,14082,1
2020-12-22,15:08:36.239000,14080,14082,14082,1
2020-12-22,15:08:36.338000,14081,14083,14081,1
2020-12-22,15:08:36.936000,14081,14082,14082,1
2020-12-22,15:08:36.986000,14081,14082,14081,2
2020-12-22,15:08:37.028000,14081,14082,14081,1
2020-12-22,15:08:37.840000,14081,14082,14081,1
2020-12-22,15:08:37.983000,14081,14082,14081,11
2020-12-22,15:08:38.193000,14080,14081,14080,2
2020-12-22,15:08:38.368000,14080,14082,14082,2
2020-12-22,15:08:38.867000,14081,14082,14082,1
2020-12-22,15:08:38.908000,14081,14082,14083,2
2020-12-22,15:08:39.335000,14081,14083,14083,2
2020-12-22,15:08:39.337000,14081,14083,14082,4
