2020-12-02,15:00:26,13890,13890,13890,2
2020-12-02,15:01:10,13890,13890,13890,2
2020-12-02,15:03:14,13890,13890,13890,2
2020-12-02,15:03:36,13894,13894,13894,2
2020-12-02,15:06:10,13889,13889,13889,2
2020-12-02,15:07:22,13893,13893,13893,2
2020-12-02,15:08:20,13895,13895,13895,2
2020-12-02,15:10:13,13895,13895,13895,2
2020-12-02,15:11:05,13899,13899,13899,2
2020-12-02,15:11:06,13900,13900,13900,6
2020-12-02,15:12:00,13905,13905,13905,2
2020-12-02,15:12:00,13905,13905,13905,4
2020-12-02,15:14:28,13905,13905,13905,2
2020-12-02,15:15:37,13901,13901,13901,2
2020-12-02,15:15:39,13903,13903,13903,2
2020-12-02,15:15:49,13901,13901,13901,2
2020-12-02,15:16:41,13905,13905,13905,2
2020-12-02,15:16:41,13905,13905,13905,2
2020-12-02,15:16:55,13906,13906,13906,2
2020-12-02,15:17:38,13906,13906,13906,2
2020-12-02,15:20:24,13901,13901,13901,2
2020-12-02,15:20:40,13900,13900,13900,2
2020-12-02,15:22:52,13900,13900,13900,2
2020-12-02,15:25:17,13896,13896,13896,8
2020-12-02,15:25:32,13898,13898,13898,2
2020-12-02,15:25:36,13898,13898,13898,2
2020-12-02,15:25:36,13898,13898,13898,2
2020-12-02,15:25:36,13898,13898,13898,2
2020-12-02,15:30:00,13896,13896,13896,2
2020-12-02,15:30:53,13898,13898,13898,6
2020-12-02,15:40:07,13902,13902,13902,4
2020-12-02,15:40:31,13900,13900,13900,2
2020-12-02,15:48:29,13900,13900,13900,2
2020-12-02,15:48:29,13900,13900,13900,2
2020-12-02,15:48:29,13900,13900,13900,6
2020-12-02,15:53:10,13905,13905,13905,4
2020-12-02,15:53:10,13905,13905,13905,2
2020-12-02,15:53:10,13905,13905,13905,4
2020-12-02,15:53:48,13905,13905,13905,4
2020-12-02,15:56:28,13906,13906,13906,6
2020-12-02,15:56:30,13907,13907,13907,2
2020-12-02,15:56:31,13910,13910,13910,2
2020-12-02,15:56:56,13910,13910,13910,2
2020-12-02,15:58:32,13911,13911,13911,2
2020-12-02,15:58:38,13910,13910,13910,2
2020-12-02,15:58:38,13910,13910,13910,2
2020-12-02,15:58:46,13909,13909,13909,4
2020-12-02,16:00:12,13898,13898,13898,4
2020-12-02,16:00:16,13892,13892,13892,2
2020-12-02,16:00:35,13897,13897,13897,2
2020-12-02,16:01:05,13897,13897,13897,2
2020-12-02,16:02:49,13894,13894,13894,4
2020-12-02,16:02:49,13894,13894,13894,2
2020-12-02,16:04:03,13897,13897,13897,2
2020-12-02,16:05:21,13894,13894,13894,2
2020-12-02,16:05:47,13891,13891,13891,2
2020-12-02,16:05:47,13891,13891,13891,2
2020-12-02,16:06:21,13887,13887,13887,6
2020-12-02,16:06:24,13885,13885,13885,4
2020-12-02,16:06:45,13885,13885,13885,2
2020-12-02,16:09:40,13890,13890,13890,4
2020-12-02,16:09:40,13890,13890,13890,2
2020-12-02,16:15:14,13892,13892,13892,2
2020-12-02,16:16:52,13898,13898,13898,2
2020-12-02,16:23:19,13902,13902,13902,2
2020-12-02,16:25:30,13900,13900,13900,2
2020-12-02,16:26:12,13899,13899,13899,2
2020-12-02,16:27:29,13898,13898,13898,2
2020-12-02,16:28:07,13898,13898,13898,4
2020-12-02,16:28:16,13898,13898,13898,2
2020-12-02,16:29:46,13896,13896,13896,2
2020-12-02,16:31:20,13892,13892,13892,2
2020-12-02,16:32:09,13890,13890,13890,2
2020-12-02,16:34:33,13892,13892,13892,2
2020-12-02,16:48:14,13894,13894,13894,2
2020-12-02,17:10:09,13897,13897,13897,2
2020-12-02,17:11:19,13900,13900,13900,4
2020-12-02,17:12:41,13902,13902,13902,2
2020-12-02,17:14:41,13902,13902,13902,2
2020-12-02,17:14:41,13901,13901,13901,2
2020-12-02,17:15:03,13900,13900,13900,2
2020-12-02,17:20:00,13903,13903,13903,2
2020-12-02,17:23:25,13906,13906,13906,4
2020-12-02,17:23:30,13904,13904,13904,2
2020-12-02,17:26:54,13904,13904,13904,2
2020-12-02,17:27:26,13903,13903,13903,2
2020-12-02,17:28:09,13903,13903,13903,2
2020-12-02,17:35:02,13906,13906,13906,2
2020-12-02,17:35:25,13904,13904,13904,2
2020-12-02,17:36:05,13904,13904,13904,2
2020-12-02,17:37:07,13902,13902,13902,2
2020-12-02,17:37:23,13901,13901,13901,4
2020-12-02,17:38:08,13901,13901,13901,2
2020-12-02,17:41:11,13900,13900,13900,2
2020-12-02,17:43:50,13900,13900,13900,4
2020-12-02,17:44:44,13900,13900,13900,2
2020-12-02,17:52:38,13901,13901,13901,2
2020-12-02,17:52:38,13901,13901,13901,2
2020-12-02,17:53:03,13900,13900,13900,2
2020-12-02,18:16:40,13903,13903,13903,2
2020-12-02,18:17:05,13905,13905,13905,10
2020-12-02,18:17:11,13905,13905,13905,2
2020-12-02,18:48:29,13904,13904,13904,2
2020-12-02,18:48:51,13905,13905,13905,2
2020-12-02,18:54:56,13906,13906,13906,2
2020-12-02,18:54:56,13906,13906,13906,2
2020-12-02,18:55:09,13907,13907,13907,2
2020-12-02,18:55:24,13907,13907,13907,2
2020-12-02,19:00:01,13910,13910,13910,4
2020-12-02,19:00:01,13910,13910,13910,2
2020-12-02,19:00:02,13911,13911,13911,2
2020-12-02,19:06:57,13914,13914,13914,2
2020-12-02,19:08:50,13911,13911,13911,2
2020-12-02,19:12:53,13910,13910,13910,2
2020-12-02,19:12:53,13911,13911,13911,2
2020-12-02,19:12:53,13911,13911,13911,2
2020-12-02,19:12:53,13911,13911,13911,2
2020-12-02,19:12:53,13911,13911,13911,2
2020-12-02,19:12:54,13911,13911,13911,2
2020-12-02,19:12:54,13911,13911,13911,2
2020-12-02,19:12:55,13911,13911,13911,2
2020-12-02,19:12:55,13911,13911,13911,2
2020-12-02,19:12:56,13911,13911,13911,2
2020-12-02,19:12:57,13911,13911,13911,2
2020-12-02,19:13:00,13910,13910,13910,2
2020-12-02,19:13:51,13909,13909,13909,2
2020-12-02,19:14:57,13908,13908,13908,2
2020-12-02,19:15:42,13905,13905,13905,2
2020-12-02,19:15:42,13905,13905,13905,2
2020-12-02,19:15:42,13905,13905,13905,2
2020-12-02,19:15:42,13905,13905,13905,2
2020-12-02,19:15:42,13905,13905,13905,2
2020-12-02,19:15:42,13905,13905,13905,2
2020-12-02,19:49:33,13900,13900,13900,2
2020-12-02,19:49:33,13900,13900,13900,2
2020-12-02,19:49:37,13899,13899,13899,2
2020-12-02,19:50:08,13898,13898,13898,2
2020-12-02,19:50:08,13898,13898,13898,2
2020-12-02,19:50:08,13897,13897,13897,2
2020-12-02,19:50:08,13897,13897,13897,2
2020-12-02,19:50:08,13897,13897,13897,2
2020-12-02,19:50:08,13897,13897,13897,2
2020-12-02,19:50:08,13897,13897,13897,2
2020-12-02,19:50:08,13897,13897,13897,2
2020-12-02,19:52:27,13903,13903,13903,2
2020-12-02,19:52:51,13903,13903,13903,2
2020-12-02,19:58:33,13905,13905,13905,2
2020-12-02,20:25:13,13898,13898,13898,2
2020-12-02,20:25:13,13898,13898,13898,2
2020-12-02,20:25:13,13898,13898,13898,2
2020-12-02,20:25:14,13898,13898,13898,4
2020-12-02,20:26:17,13897,13897,13897,2
2020-12-02,20:26:17,13897,13897,13897,4
2020-12-02,20:26:17,13897,13897,13897,2
2020-12-02,20:27:00,13895,13895,13895,2
2020-12-02,20:27:18,13895,13895,13895,8
2020-12-02,20:27:18,13894,13894,13894,2
2020-12-02,20:27:58,13893,13893,13893,2
2020-12-02,20:32:12,13895,13895,13895,6
2020-12-02,20:44:15,13893,13893,13893,2
2020-12-02,20:48:27,13894,13894,13894,2
2020-12-02,20:48:27,13894,13894,13894,2
2020-12-02,21:02:03,13898,13898,13898,2
2020-12-02,21:25:34,13899,13899,13899,2
2020-12-02,21:27:15,13898,13898,13898,2
2020-12-02,21:27:15,13896,13896,13896,2
2020-12-02,21:43:43,13900,13900,13900,2
2020-12-02,21:44:24,13899,13899,13899,2
2020-12-02,21:44:24,13899,13899,13899,2
2020-12-02,21:55:15,13896,13896,13896,2
2020-12-02,22:00:07,13895,13895,13895,2
2020-12-02,22:00:07,13894,13894,13894,2
2020-12-02,22:04:02,13890,13890,13890,2
2020-12-02,22:04:02,13890,13890,13890,2
2020-12-02,22:04:02,13890,13890,13890,2
2020-12-02,22:04:02,13888,13888,13888,2
2020-12-02,22:04:03,13887,13887,13887,2
2020-12-02,22:04:04,13885,13885,13885,2
2020-12-02,22:04:05,13883,13883,13883,4
2020-12-02,22:04:05,13880,13880,13880,2
2020-12-02,22:04:05,13880,13880,13880,2
2020-12-02,22:04:06,13878,13878,13878,2
2020-12-02,22:04:06,13878,13878,13878,2
2020-12-02,22:05:14,13887,13887,13887,2
2020-12-02,22:07:13,13887,13887,13887,2
2020-12-02,22:12:12,13887,13887,13887,2
2020-12-02,22:14:35,13886,13886,13886,2
2020-12-02,22:14:54,13886,13886,13886,2
2020-12-02,22:17:48,13882,13882,13882,2
2020-12-02,22:18:07,13880,13880,13880,2
2020-12-02,22:18:19,13878,13878,13878,2
2020-12-02,22:18:19,13878,13878,13878,2
2020-12-02,22:18:19,13878,13878,13878,2
2020-12-02,22:18:19,13878,13878,13878,2
2020-12-02,22:18:19,13878,13878,13878,2
2020-12-02,22:18:48,13875,13875,13875,2
2020-12-02,22:18:48,13875,13875,13875,8
2020-12-02,22:18:48,13874,13874,13874,2
2020-12-02,22:18:48,13873,13873,13873,4
2020-12-02,22:18:48,13873,13873,13873,2
2020-12-02,22:18:48,13873,13873,13873,2
2020-12-02,22:18:48,13873,13873,13873,2
2020-12-02,22:19:02,13873,13873,13873,2
2020-12-02,22:19:16,13874,13874,13874,6
2020-12-02,22:20:03,13877,13877,13877,2
2020-12-02,22:20:03,13877,13877,13877,2
2020-12-02,22:20:27,13875,13875,13875,2
2020-12-02,22:20:27,13875,13875,13875,2
2020-12-02,22:20:27,13874,13874,13874,2
2020-12-02,22:21:05,13872,13872,13872,2
2020-12-02,22:21:05,13871,13871,13871,2
2020-12-02,22:21:05,13871,13871,13871,2
2020-12-02,22:21:05,13871,13871,13871,2
2020-12-02,22:22:05,13871,13871,13871,2
2020-12-02,22:22:30,13871,13871,13871,2
2020-12-02,22:22:30,13870,13870,13870,4
2020-12-02,22:22:30,13870,13870,13870,2
2020-12-02,22:22:30,13870,13870,13870,2
2020-12-02,22:22:54,13869,13869,13869,2
2020-12-02,22:30:00,13877,13877,13877,2
2020-12-02,22:30:03,13877,13877,13877,2
2020-12-02,22:30:14,13876,13876,13876,2
2020-12-02,22:30:21,13875,13875,13875,2
2020-12-02,22:30:22,13874,13874,13874,2
2020-12-02,22:30:28,13870,13870,13870,2
2020-12-02,22:30:28,13869,13869,13869,2
2020-12-02,22:30:28,13869,13869,13869,2
2020-12-02,22:30:28,13869,13869,13869,2
2020-12-02,22:30:28,13869,13869,13869,2
2020-12-02,22:30:28,13869,13869,13869,2
2020-12-02,22:30:28,13868,13868,13868,2
2020-12-02,22:30:28,13868,13868,13868,2
2020-12-02,22:33:15,13869,13869,13869,2
2020-12-02,22:33:16,13869,13869,13869,2
2020-12-02,22:33:28,13868,13868,13868,2
2020-12-02,22:33:28,13868,13868,13868,2
2020-12-02,22:33:28,13868,13868,13868,6
2020-12-02,22:33:28,13868,13868,13868,2
2020-12-02,22:33:50,13863,13863,13863,2
2020-12-02,22:33:50,13860,13860,13860,6
2020-12-02,22:33:50,13860,13860,13860,2
2020-12-02,22:35:56,13867,13867,13867,2
2020-12-02,22:38:19,13881,13881,13881,2
2020-12-02,22:38:40,13880,13880,13880,2
2020-12-02,22:38:40,13880,13880,13880,2
2020-12-02,22:40:45,13875,13875,13875,2
2020-12-02,22:41:26,13875,13875,13875,2
2020-12-02,22:41:40,13876,13876,13876,2
2020-12-02,22:42:16,13874,13874,13874,4
2020-12-02,22:42:50,13876,13876,13876,2
2020-12-02,22:43:02,13874,13874,13874,2
2020-12-02,22:43:07,13872,13872,13872,2
2020-12-02,22:43:08,13872,13872,13872,2
2020-12-02,22:43:08,13872,13872,13872,2
2020-12-02,22:43:27,13872,13872,13872,2
2020-12-02,22:47:09,13873,13873,13873,2
2020-12-02,22:47:19,13875,13875,13875,2
2020-12-02,22:52:09,13877,13877,13877,2
2020-12-02,22:52:41,13881,13881,13881,2
2020-12-02,22:53:49,13884,13884,13884,2
2020-12-02,22:54:26,13884,13884,13884,6
2020-12-02,22:55:23,13884,13884,13884,2
2020-12-02,22:55:40,13885,13885,13885,2
2020-12-02,22:58:23,13887,13887,13887,2
2020-12-02,22:58:55,13887,13887,13887,2
2020-12-02,23:01:52,13887,13887,13887,2
2020-12-02,23:01:54,13887,13887,13887,2
2020-12-02,23:02:23,13886,13886,13886,2
2020-12-02,23:05:02,13886,13886,13886,2
2020-12-02,23:05:38,13882,13882,13882,2
2020-12-02,23:05:44,13882,13882,13882,2
2020-12-02,23:05:48,13882,13882,13882,2
2020-12-02,23:06:48,13881,13881,13881,2
2020-12-02,23:06:51,13881,13881,13881,2
2020-12-02,23:10:58,13887,13887,13887,2
2020-12-02,23:11:29,13885,13885,13885,4
2020-12-02,23:12:46,13886,13886,13886,2
2020-12-02,23:12:57,13884,13884,13884,2
2020-12-02,23:15:35,13886,13886,13886,2
2020-12-02,23:15:56,13888,13888,13888,2
2020-12-02,23:21:43,13888,13888,13888,2
2020-12-02,23:25:45,13886,13886,13886,2
2020-12-02,23:28:33,13892,13892,13892,2
2020-12-02,23:50:16,13883,13883,13883,2
2020-12-02,23:50:42,13883,13883,13883,2
2020-12-02,23:50:57,13882,13882,13882,2
2020-12-02,23:51:14,13881,13881,13881,2
2020-12-03,00:05:51,13889,13889,13889,2
2020-12-03,00:08:59,13895,13895,13895,2
2020-12-03,00:08:59,13895,13895,13895,2
2020-12-03,00:09:20,13900,13900,13900,2
2020-12-03,00:09:21,13900,13900,13900,2
2020-12-03,00:11:21,13900,13900,13900,2
2020-12-03,00:12:25,13900,13900,13900,2
2020-12-03,00:12:43,13901,13901,13901,2
2020-12-03,00:13:02,13902,13902,13902,2
2020-12-03,00:13:03,13904,13904,13904,2
2020-12-03,00:17:14,13898,13898,13898,2
2020-12-03,00:18:17,13895,13895,13895,2
2020-12-03,00:21:43,13898,13898,13898,2
2020-12-03,00:29:03,13893,13893,13893,2
2020-12-03,00:40:28,13904,13904,13904,2
2020-12-03,00:48:36,13903,13903,13903,2
2020-12-03,00:51:58,13903,13903,13903,2
2020-12-03,01:29:12,13901,13901,13901,2
2020-12-03,01:37:07,13899,13899,13899,2
2020-12-03,01:37:07,13898,13898,13898,2
2020-12-03,01:43:15,13898,13898,13898,2
2020-12-03,01:44:38,13894,13894,13894,2
2020-12-03,01:45:51,13891,13891,13891,2
2020-12-03,01:49:54,13890,13890,13890,2
2020-12-03,01:52:30,13887,13887,13887,2
2020-12-03,01:59:31,13887,13887,13887,4
2020-12-03,02:00:02,13885,13885,13885,2
2020-12-03,03:00:05,13872,13872,13872,2
2020-12-03,03:00:05,13871,13871,13871,2
2020-12-03,03:00:05,13870,13870,13870,2
2020-12-03,03:32:46,13897,13897,13897,2
2020-12-03,03:34:48,13898,13898,13898,2
2020-12-03,03:43:18,13890,13890,13890,2
2020-12-03,04:04:11,13895,13895,13895,4
2020-12-03,04:04:14,13894,13894,13894,2
2020-12-03,04:05:27,13894,13894,13894,2
2020-12-03,04:06:51,13895,13895,13895,2
2020-12-03,04:07:07,13894,13894,13894,2
2020-12-03,04:08:01,13893,13893,13893,2
2020-12-03,04:09:11,13894,13894,13894,2
2020-12-03,04:11:04,13895,13895,13895,2
2020-12-03,04:15:09,13896,13896,13896,2
2020-12-03,04:25:52,13886,13886,13886,2
2020-12-03,04:29:14,13887,13887,13887,2
2020-12-03,04:29:16,13886,13886,13886,2
2020-12-03,04:39:22,13885,13885,13885,2
2020-12-03,04:39:22,13885,13885,13885,2
2020-12-03,04:51:36,13880,13880,13880,2
2020-12-03,04:52:35,13879,13879,13879,2
2020-12-03,04:59:00,13877,13877,13877,4
2020-12-03,08:45:00,13884,13884,13884,6
2020-12-03,08:45:00,13888,13888,13888,2
2020-12-03,08:45:10,13883,13883,13883,2
2020-12-03,08:45:13,13875,13875,13875,2
2020-12-03,08:45:15,13873,13873,13873,2
2020-12-03,08:45:15,13873,13873,13873,2
2020-12-03,08:45:17,13869,13869,13869,2
2020-12-03,08:45:17,13868,13868,13868,2
2020-12-03,08:45:22,13870,13870,13870,2
2020-12-03,08:46:01,13878,13878,13878,2
2020-12-03,08:46:16,13878,13878,13878,2
2020-12-03,08:46:21,13877,13877,13877,2
2020-12-03,08:46:22,13877,13877,13877,6
2020-12-03,08:46:23,13877,13877,13877,2
2020-12-03,08:46:23,13877,13877,13877,4
2020-12-03,08:46:25,13877,13877,13877,4
2020-12-03,08:46:26,13877,13877,13877,2
2020-12-03,08:46:27,13879,13879,13879,2
2020-12-03,08:46:28,13877,13877,13877,2
2020-12-03,08:46:31,13875,13875,13875,2
2020-12-03,08:46:42,13875,13875,13875,2
2020-12-03,08:46:52,13873,13873,13873,4
2020-12-03,08:47:14,13876,13876,13876,2
2020-12-03,08:47:45,13873,13873,13873,4
2020-12-03,08:48:26,13875,13875,13875,2
2020-12-03,08:48:28,13876,13876,13876,2
2020-12-03,08:48:30,13876,13876,13876,4
2020-12-03,08:48:53,13874,13874,13874,2
2020-12-03,08:48:59,13873,13873,13873,4
2020-12-03,08:49:12,13872,13872,13872,10
2020-12-03,08:51:33,13873,13873,13873,2
2020-12-03,08:51:59,13873,13873,13873,2
2020-12-03,08:53:09,13880,13880,13880,2
2020-12-03,08:53:13,13882,13882,13882,2
2020-12-03,08:53:27,13881,13881,13881,2
2020-12-03,08:53:28,13881,13881,13881,2
2020-12-03,08:54:13,13881,13881,13881,2
2020-12-03,08:54:47,13887,13887,13887,2
2020-12-03,08:55:06,13886,13886,13886,2
2020-12-03,08:55:06,13885,13885,13885,6
2020-12-03,08:55:32,13886,13886,13886,2
2020-12-03,08:55:32,13885,13885,13885,2
2020-12-03,08:55:32,13885,13885,13885,6
2020-12-03,08:55:32,13885,13885,13885,16
2020-12-03,08:55:32,13885,13885,13885,4
2020-12-03,08:56:13,13886,13886,13886,2
2020-12-03,08:57:09,13887,13887,13887,2
2020-12-03,08:57:40,13880,13880,13880,2
2020-12-03,08:57:40,13880,13880,13880,2
2020-12-03,08:58:06,13875,13875,13875,2
2020-12-03,08:59:30,13871,13871,13871,2
2020-12-03,08:59:45,13869,13869,13869,2
2020-12-03,08:59:49,13869,13869,13869,2
2020-12-03,09:00:02,13868,13868,13868,2
2020-12-03,09:00:02,13868,13868,13868,2
2020-12-03,09:00:03,13869,13869,13869,2
2020-12-03,09:00:33,13856,13856,13856,2
2020-12-03,09:00:41,13855,13855,13855,2
2020-12-03,09:00:41,13857,13857,13857,2
2020-12-03,09:00:57,13862,13862,13862,2
2020-12-03,09:00:58,13859,13859,13859,2
2020-12-03,09:01:07,13861,13861,13861,4
2020-12-03,09:01:32,13862,13862,13862,2
2020-12-03,09:01:44,13858,13858,13858,2
2020-12-03,09:02:25,13865,13865,13865,2
2020-12-03,09:02:25,13864,13864,13864,2
2020-12-03,09:02:26,13865,13865,13865,2
2020-12-03,09:02:45,13866,13866,13866,10
2020-12-03,09:02:53,13862,13862,13862,2
2020-12-03,09:03:06,13860,13860,13860,2
2020-12-03,09:03:09,13858,13858,13858,2
2020-12-03,09:03:10,13855,13855,13855,2
2020-12-03,09:03:10,13855,13855,13855,2
2020-12-03,09:03:18,13858,13858,13858,4
2020-12-03,09:03:29,13859,13859,13859,2
2020-12-03,09:03:37,13856,13856,13856,6
2020-12-03,09:04:14,13856,13856,13856,2
2020-12-03,09:04:16,13855,13855,13855,2
2020-12-03,09:04:16,13855,13855,13855,2
2020-12-03,09:04:16,13855,13855,13855,2
2020-12-03,09:04:22,13856,13856,13856,2
2020-12-03,09:04:49,13856,13856,13856,10
2020-12-03,09:04:49,13856,13856,13856,2
2020-12-03,09:04:51,13858,13858,13858,2
2020-12-03,09:04:52,13855,13855,13855,6
2020-12-03,09:05:27,13859,13859,13859,2
2020-12-03,09:05:51,13859,13859,13859,2
2020-12-03,09:05:53,13859,13859,13859,2
2020-12-03,09:05:55,13858,13858,13858,2
2020-12-03,09:05:58,13855,13855,13855,2
2020-12-03,09:05:58,13855,13855,13855,4
2020-12-03,09:06:17,13853,13853,13853,2
2020-12-03,09:06:18,13852,13852,13852,4
2020-12-03,09:06:18,13852,13852,13852,6
2020-12-03,09:06:18,13852,13852,13852,2
2020-12-03,09:06:19,13851,13851,13851,2
2020-12-03,09:06:20,13850,13850,13850,2
2020-12-03,09:06:20,13850,13850,13850,2
2020-12-03,09:06:20,13850,13850,13850,2
2020-12-03,09:06:20,13850,13850,13850,2
2020-12-03,09:06:25,13849,13849,13849,2
2020-12-03,09:06:34,13852,13852,13852,2
2020-12-03,09:07:00,13849,13849,13849,4
2020-12-03,09:07:00,13849,13849,13849,4
2020-12-03,09:07:31,13846,13846,13846,2
2020-12-03,09:07:31,13845,13845,13845,2
2020-12-03,09:07:32,13845,13845,13845,2
2020-12-03,09:07:32,13844,13844,13844,2
2020-12-03,09:08:25,13852,13852,13852,2
2020-12-03,09:08:37,13851,13851,13851,2
2020-12-03,09:10:16,13858,13858,13858,2
2020-12-03,09:11:10,13859,13859,13859,2
2020-12-03,09:11:10,13859,13859,13859,2
2020-12-03,09:11:12,13859,13859,13859,2
2020-12-03,09:12:30,13859,13859,13859,2
2020-12-03,09:12:30,13859,13859,13859,2
2020-12-03,09:12:30,13859,13859,13859,4
2020-12-03,09:12:30,13860,13860,13860,6
2020-12-03,09:12:30,13860,13860,13860,4
2020-12-03,09:12:30,13860,13860,13860,4
2020-12-03,09:12:48,13857,13857,13857,4
2020-12-03,09:12:49,13858,13858,13858,4
2020-12-03,09:13:05,13853,13853,13853,2
2020-12-03,09:13:21,13849,13849,13849,2
2020-12-03,09:13:25,13846,13846,13846,2
2020-12-03,09:13:27,13845,13845,13845,4
2020-12-03,09:13:27,13845,13845,13845,2
2020-12-03,09:13:27,13845,13845,13845,2
2020-12-03,09:13:28,13844,13844,13844,2
2020-12-03,09:13:28,13843,13843,13843,2
2020-12-03,09:13:28,13843,13843,13843,2
2020-12-03,09:13:35,13844,13844,13844,2
2020-12-03,09:13:47,13841,13841,13841,2
2020-12-03,09:13:47,13841,13841,13841,8
2020-12-03,09:13:47,13841,13841,13841,2
2020-12-03,09:13:47,13841,13841,13841,2
2020-12-03,09:13:59,13840,13840,13840,2
2020-12-03,09:13:59,13840,13840,13840,2
2020-12-03,09:13:59,13838,13838,13838,2
2020-12-03,09:14:55,13838,13838,13838,2
2020-12-03,09:15:31,13839,13839,13839,2
2020-12-03,09:15:31,13839,13839,13839,2
2020-12-03,09:15:45,13838,13838,13838,2
2020-12-03,09:15:52,13833,13833,13833,2
2020-12-03,09:16:00,13831,13831,13831,2
2020-12-03,09:16:01,13830,13830,13830,4
2020-12-03,09:16:01,13830,13830,13830,2
2020-12-03,09:16:01,13831,13831,13831,2
2020-12-03,09:16:54,13835,13835,13835,2
2020-12-03,09:17:03,13834,13834,13834,2
2020-12-03,09:17:03,13833,13833,13833,2
2020-12-03,09:17:04,13831,13831,13831,2
2020-12-03,09:17:09,13829,13829,13829,2
2020-12-03,09:17:09,13829,13829,13829,4
2020-12-03,09:17:14,13829,13829,13829,2
2020-12-03,09:17:20,13831,13831,13831,2
2020-12-03,09:17:28,13827,13827,13827,2
2020-12-03,09:17:30,13825,13825,13825,2
2020-12-03,09:17:30,13825,13825,13825,2
2020-12-03,09:17:36,13827,13827,13827,10
2020-12-03,09:17:44,13823,13823,13823,2
2020-12-03,09:17:44,13823,13823,13823,2
2020-12-03,09:18:19,13826,13826,13826,4
2020-12-03,09:18:39,13826,13826,13826,2
2020-12-03,09:18:49,13829,13829,13829,2
2020-12-03,09:18:53,13830,13830,13830,2
2020-12-03,09:19:02,13831,13831,13831,4
2020-12-03,09:19:03,13833,13833,13833,2
2020-12-03,09:19:23,13841,13841,13841,2
2020-12-03,09:19:23,13838,13838,13838,2
2020-12-03,09:19:43,13841,13841,13841,2
2020-12-03,09:19:48,13843,13843,13843,2
2020-12-03,09:19:50,13845,13845,13845,4
2020-12-03,09:20:09,13847,13847,13847,2
2020-12-03,09:20:11,13845,13845,13845,2
2020-12-03,09:20:15,13845,13845,13845,2
2020-12-03,09:20:43,13845,13845,13845,4
2020-12-03,09:20:44,13845,13845,13845,4
2020-12-03,09:20:57,13848,13848,13848,2
2020-12-03,09:20:58,13851,13851,13851,8
2020-12-03,09:21:11,13848,13848,13848,6
2020-12-03,09:21:14,13850,13850,13850,2
2020-12-03,09:21:21,13848,13848,13848,4
2020-12-03,09:21:49,13850,13850,13850,2
2020-12-03,09:22:15,13845,13845,13845,2
2020-12-03,09:22:43,13848,13848,13848,2
2020-12-03,09:22:44,13850,13850,13850,2
2020-12-03,09:22:56,13850,13850,13850,2
2020-12-03,09:22:56,13850,13850,13850,4
2020-12-03,09:23:16,13847,13847,13847,2
2020-12-03,09:23:53,13851,13851,13851,4
2020-12-03,09:23:53,13851,13851,13851,4
2020-12-03,09:23:54,13851,13851,13851,4
2020-12-03,09:24:03,13852,13852,13852,4
2020-12-03,09:24:07,13854,13854,13854,2
2020-12-03,09:25:24,13854,13854,13854,2
2020-12-03,09:25:30,13855,13855,13855,18
2020-12-03,09:25:30,13856,13856,13856,2
2020-12-03,09:25:31,13855,13855,13855,2
2020-12-03,09:25:31,13855,13855,13855,2
2020-12-03,09:25:32,13854,13854,13854,2
2020-12-03,09:25:39,13854,13854,13854,2
2020-12-03,09:25:56,13855,13855,13855,4
2020-12-03,09:26:07,13855,13855,13855,2
2020-12-03,09:26:13,13860,13860,13860,2
2020-12-03,09:26:15,13861,13861,13861,4
2020-12-03,09:26:29,13859,13859,13859,2
2020-12-03,09:26:49,13855,13855,13855,16
2020-12-03,09:26:49,13855,13855,13855,4
2020-12-03,09:27:24,13856,13856,13856,2
2020-12-03,09:27:48,13855,13855,13855,2
2020-12-03,09:28:01,13858,13858,13858,2
2020-12-03,09:28:12,13861,13861,13861,2
2020-12-03,09:28:12,13863,13863,13863,2
2020-12-03,09:28:13,13865,13865,13865,2
2020-12-03,09:28:33,13865,13865,13865,2
2020-12-03,09:28:48,13866,13866,13866,2
2020-12-03,09:28:53,13861,13861,13861,4
2020-12-03,09:28:53,13860,13860,13860,4
2020-12-03,09:28:53,13860,13860,13860,2
2020-12-03,09:28:53,13860,13860,13860,4
2020-12-03,09:29:00,13858,13858,13858,6
2020-12-03,09:29:00,13858,13858,13858,2
2020-12-03,09:29:01,13858,13858,13858,4
2020-12-03,09:29:01,13858,13858,13858,4
2020-12-03,09:29:01,13858,13858,13858,4
2020-12-03,09:29:18,13858,13858,13858,4
2020-12-03,09:29:18,13858,13858,13858,2
2020-12-03,09:29:24,13858,13858,13858,2
2020-12-03,09:29:56,13860,13860,13860,2
2020-12-03,09:30:24,13853,13853,13853,2
2020-12-03,09:30:27,13851,13851,13851,2
2020-12-03,09:30:33,13850,13850,13850,2
2020-12-03,09:30:33,13850,13850,13850,2
2020-12-03,09:30:33,13850,13850,13850,2
2020-12-03,09:30:44,13851,13851,13851,4
2020-12-03,09:31:19,13855,13855,13855,2
2020-12-03,09:31:42,13860,13860,13860,4
2020-12-03,09:33:56,13858,13858,13858,2
2020-12-03,09:34:01,13857,13857,13857,2
2020-12-03,09:34:21,13860,13860,13860,2
2020-12-03,09:34:21,13860,13860,13860,2
2020-12-03,09:35:11,13848,13848,13848,6
2020-12-03,09:35:11,13848,13848,13848,2
2020-12-03,09:35:12,13847,13847,13847,2
2020-12-03,09:35:36,13850,13850,13850,2
2020-12-03,09:35:54,13844,13844,13844,4
2020-12-03,09:35:54,13844,13844,13844,4
2020-12-03,09:36:45,13846,13846,13846,2
2020-12-03,09:37:39,13855,13855,13855,2
2020-12-03,09:37:46,13856,13856,13856,2
2020-12-03,09:37:46,13856,13856,13856,2
2020-12-03,09:38:03,13860,13860,13860,2
2020-12-03,09:38:21,13861,13861,13861,4
2020-12-03,09:38:21,13861,13861,13861,2
2020-12-03,09:38:21,13862,13862,13862,2
2020-12-03,09:38:30,13863,13863,13863,2
2020-12-03,09:38:36,13862,13862,13862,2
2020-12-03,09:38:43,13861,13861,13861,2
2020-12-03,09:38:46,13860,13860,13860,2
2020-12-03,09:38:59,13863,13863,13863,2
2020-12-03,09:39:06,13864,13864,13864,2
2020-12-03,09:39:07,13863,13863,13863,2
2020-12-03,09:39:09,13862,13862,13862,4
2020-12-03,09:39:23,13862,13862,13862,2
2020-12-03,09:39:58,13860,13860,13860,2
2020-12-03,09:40:48,13853,13853,13853,4
2020-12-03,09:41:46,13860,13860,13860,2
2020-12-03,09:42:05,13860,13860,13860,2
2020-12-03,09:43:00,13856,13856,13856,2
2020-12-03,09:43:35,13860,13860,13860,2
2020-12-03,09:44:44,13855,13855,13855,2
2020-12-03,09:44:44,13855,13855,13855,4
2020-12-03,09:45:00,13854,13854,13854,2
2020-12-03,09:45:00,13854,13854,13854,2
2020-12-03,09:45:08,13852,13852,13852,2
2020-12-03,09:45:29,13848,13848,13848,2
2020-12-03,09:45:31,13845,13845,13845,14
2020-12-03,09:45:31,13845,13845,13845,6
2020-12-03,09:45:33,13844,13844,13844,2
2020-12-03,09:45:42,13843,13843,13843,2
2020-12-03,09:45:43,13841,13841,13841,2
2020-12-03,09:45:44,13841,13841,13841,2
2020-12-03,09:45:46,13840,13840,13840,2
2020-12-03,09:45:46,13840,13840,13840,2
2020-12-03,09:46:12,13844,13844,13844,2
2020-12-03,09:46:12,13844,13844,13844,2
2020-12-03,09:46:27,13844,13844,13844,2
2020-12-03,09:46:34,13843,13843,13843,2
2020-12-03,09:46:40,13842,13842,13842,4
2020-12-03,09:46:40,13843,13843,13843,2
2020-12-03,09:46:40,13843,13843,13843,2
2020-12-03,09:46:40,13843,13843,13843,4
2020-12-03,09:46:54,13846,13846,13846,4
2020-12-03,09:47:02,13846,13846,13846,2
2020-12-03,09:47:07,13844,13844,13844,2
2020-12-03,09:48:04,13850,13850,13850,2
2020-12-03,09:48:21,13846,13846,13846,2
2020-12-03,09:48:21,13846,13846,13846,2
2020-12-03,09:49:32,13856,13856,13856,2
2020-12-03,09:49:47,13860,13860,13860,2
2020-12-03,09:50:10,13862,13862,13862,2
2020-12-03,09:50:30,13859,13859,13859,2
2020-12-03,09:50:58,13859,13859,13859,2
2020-12-03,09:51:15,13862,13862,13862,6
2020-12-03,09:51:15,13862,13862,13862,4
2020-12-03,09:51:39,13866,13866,13866,2
2020-12-03,09:51:39,13868,13868,13868,2
2020-12-03,09:53:06,13866,13866,13866,2
2020-12-03,09:53:23,13863,13863,13863,2
2020-12-03,09:54:33,13863,13863,13863,2
2020-12-03,09:54:38,13864,13864,13864,4
2020-12-03,09:55:31,13868,13868,13868,2
2020-12-03,09:56:16,13869,13869,13869,2
2020-12-03,09:56:19,13869,13869,13869,2
2020-12-03,09:56:31,13874,13874,13874,2
2020-12-03,09:57:15,13869,13869,13869,2
2020-12-03,09:57:35,13874,13874,13874,2
2020-12-03,09:57:43,13873,13873,13873,2
2020-12-03,09:58:04,13872,13872,13872,2
2020-12-03,09:58:05,13871,13871,13871,2
2020-12-03,09:58:05,13870,13870,13870,2
2020-12-03,09:58:20,13869,13869,13869,2
2020-12-03,09:59:17,13867,13867,13867,2
2020-12-03,09:59:33,13866,13866,13866,2
2020-12-03,09:59:57,13867,13867,13867,2
2020-12-03,10:00:03,13869,13869,13869,2
2020-12-03,10:00:27,13867,13867,13867,2
2020-12-03,10:00:51,13874,13874,13874,2
2020-12-03,10:00:52,13874,13874,13874,2
2020-12-03,10:00:52,13874,13874,13874,2
2020-12-03,10:00:53,13874,13874,13874,4
2020-12-03,10:00:54,13875,13875,13875,2
2020-12-03,10:00:54,13875,13875,13875,2
2020-12-03,10:00:55,13875,13875,13875,2
2020-12-03,10:01:24,13877,13877,13877,2
2020-12-03,10:01:26,13878,13878,13878,2
2020-12-03,10:01:32,13875,13875,13875,4
2020-12-03,10:02:31,13878,13878,13878,2
2020-12-03,10:02:48,13880,13880,13880,2
2020-12-03,10:03:11,13880,13880,13880,2
2020-12-03,10:03:23,13878,13878,13878,4
2020-12-03,10:04:12,13873,13873,13873,2
2020-12-03,10:04:14,13871,13871,13871,2
2020-12-03,10:04:14,13871,13871,13871,6
2020-12-03,10:04:14,13871,13871,13871,2
2020-12-03,10:04:42,13871,13871,13871,2
2020-12-03,10:06:13,13867,13867,13867,2
2020-12-03,10:06:16,13867,13867,13867,2
2020-12-03,10:06:58,13870,13870,13870,2
2020-12-03,10:08:25,13871,13871,13871,2
2020-12-03,10:08:50,13867,13867,13867,2
2020-12-03,10:09:08,13865,13865,13865,4
2020-12-03,10:09:08,13865,13865,13865,16
2020-12-03,10:09:10,13865,13865,13865,2
2020-12-03,10:12:05,13879,13879,13879,2
2020-12-03,10:12:17,13881,13881,13881,6
2020-12-03,10:12:18,13885,13885,13885,2
2020-12-03,10:12:18,13885,13885,13885,2
2020-12-03,10:12:18,13887,13887,13887,2
2020-12-03,10:12:18,13888,13888,13888,2
2020-12-03,10:12:18,13888,13888,13888,2
2020-12-03,10:12:19,13890,13890,13890,2
2020-12-03,10:12:19,13890,13890,13890,2
2020-12-03,10:12:30,13891,13891,13891,2
2020-12-03,10:12:35,13887,13887,13887,2
2020-12-03,10:13:02,13891,13891,13891,2
2020-12-03,10:13:02,13892,13892,13892,2
2020-12-03,10:13:05,13893,13893,13893,2
2020-12-03,10:13:06,13892,13892,13892,2
2020-12-03,10:13:06,13892,13892,13892,6
2020-12-03,10:13:06,13891,13891,13891,2
2020-12-03,10:13:07,13894,13894,13894,2
2020-12-03,10:13:08,13895,13895,13895,2
2020-12-03,10:13:08,13897,13897,13897,2
2020-12-03,10:13:08,13897,13897,13897,2
2020-12-03,10:13:10,13900,13900,13900,2
2020-12-03,10:13:10,13900,13900,13900,2
2020-12-03,10:13:10,13900,13900,13900,2
2020-12-03,10:13:10,13900,13900,13900,2
2020-12-03,10:13:10,13901,13901,13901,2
2020-12-03,10:13:12,13908,13908,13908,2
2020-12-03,10:13:12,13909,13909,13909,2
2020-12-03,10:13:13,13909,13909,13909,2
2020-12-03,10:13:49,13900,13900,13900,6
2020-12-03,10:13:49,13900,13900,13900,2
2020-12-03,10:13:52,13902,13902,13902,4
2020-12-03,10:13:52,13902,13902,13902,2
2020-12-03,10:13:59,13904,13904,13904,2
2020-12-03,10:13:59,13904,13904,13904,2
2020-12-03,10:14:03,13902,13902,13902,4
2020-12-03,10:14:10,13902,13902,13902,2
2020-12-03,10:14:19,13903,13903,13903,2
2020-12-03,10:14:36,13903,13903,13903,4
2020-12-03,10:14:41,13903,13903,13903,2
2020-12-03,10:14:58,13904,13904,13904,4
2020-12-03,10:14:58,13904,13904,13904,6
2020-12-03,10:14:59,13903,13903,13903,2
2020-12-03,10:15:04,13902,13902,13902,2
2020-12-03,10:15:41,13901,13901,13901,2
2020-12-03,10:16:06,13900,13900,13900,2
2020-12-03,10:17:06,13901,13901,13901,2
2020-12-03,10:17:30,13899,13899,13899,2
2020-12-03,10:17:36,13900,13900,13900,2
2020-12-03,10:17:38,13900,13900,13900,2
2020-12-03,10:17:39,13900,13900,13900,2
2020-12-03,10:17:39,13900,13900,13900,2
2020-12-03,10:17:47,13898,13898,13898,2
2020-12-03,10:17:55,13897,13897,13897,2
2020-12-03,10:18:00,13895,13895,13895,2
2020-12-03,10:18:00,13896,13896,13896,4
2020-12-03,10:18:01,13896,13896,13896,2
2020-12-03,10:18:36,13896,13896,13896,2
2020-12-03,10:19:01,13896,13896,13896,2
2020-12-03,10:19:11,13892,13892,13892,2
2020-12-03,10:19:57,13883,13883,13883,2
2020-12-03,10:19:58,13882,13882,13882,4
2020-12-03,10:19:58,13882,13882,13882,2
2020-12-03,10:20:03,13881,13881,13881,2
2020-12-03,10:20:14,13879,13879,13879,2
2020-12-03,10:20:23,13880,13880,13880,2
2020-12-03,10:20:32,13880,13880,13880,2
2020-12-03,10:20:42,13877,13877,13877,2
2020-12-03,10:20:43,13877,13877,13877,2
2020-12-03,10:20:44,13877,13877,13877,2
2020-12-03,10:20:44,13877,13877,13877,2
2020-12-03,10:20:44,13877,13877,13877,2
2020-12-03,10:20:50,13877,13877,13877,2
2020-12-03,10:20:59,13877,13877,13877,2
2020-12-03,10:21:00,13876,13876,13876,2
2020-12-03,10:21:12,13871,13871,13871,2
2020-12-03,10:21:12,13870,13870,13870,2
2020-12-03,10:21:43,13872,13872,13872,2
2020-12-03,10:22:04,13874,13874,13874,2
2020-12-03,10:22:10,13876,13876,13876,6
2020-12-03,10:22:42,13876,13876,13876,2
2020-12-03,10:23:01,13876,13876,13876,2
2020-12-03,10:23:19,13876,13876,13876,2
2020-12-03,10:25:15,13883,13883,13883,4
2020-12-03,10:25:37,13888,13888,13888,10
2020-12-03,10:25:54,13887,13887,13887,6
2020-12-03,10:26:03,13887,13887,13887,2
2020-12-03,10:27:24,13880,13880,13880,2
2020-12-03,10:27:54,13881,13881,13881,2
2020-12-03,10:28:20,13887,13887,13887,2
2020-12-03,10:28:34,13888,13888,13888,2
2020-12-03,10:28:41,13889,13889,13889,2
2020-12-03,10:28:43,13890,13890,13890,2
2020-12-03,10:29:13,13891,13891,13891,2
2020-12-03,10:29:23,13892,13892,13892,2
2020-12-03,10:29:24,13893,13893,13893,2
2020-12-03,10:29:24,13893,13893,13893,4
2020-12-03,10:29:24,13893,13893,13893,2
2020-12-03,10:29:25,13893,13893,13893,2
2020-12-03,10:29:30,13893,13893,13893,2
2020-12-03,10:29:30,13893,13893,13893,2
2020-12-03,10:29:31,13893,13893,13893,2
2020-12-03,10:29:36,13893,13893,13893,2
2020-12-03,10:29:41,13893,13893,13893,2
2020-12-03,10:29:42,13893,13893,13893,10
2020-12-03,10:29:56,13893,13893,13893,2
2020-12-03,10:30:00,13895,13895,13895,2
2020-12-03,10:30:41,13894,13894,13894,2
2020-12-03,10:30:42,13893,13893,13893,2
2020-12-03,10:30:46,13892,13892,13892,2
2020-12-03,10:31:03,13893,13893,13893,12
2020-12-03,10:31:35,13883,13883,13883,8
2020-12-03,10:31:35,13883,13883,13883,2
2020-12-03,10:32:08,13890,13890,13890,2
2020-12-03,10:32:53,13896,13896,13896,2
2020-12-03,10:32:53,13896,13896,13896,2
2020-12-03,10:32:56,13898,13898,13898,2
2020-12-03,10:33:03,13898,13898,13898,2
2020-12-03,10:33:04,13899,13899,13899,2
2020-12-03,10:34:37,13893,13893,13893,2
2020-12-03,10:34:41,13891,13891,13891,2
2020-12-03,10:35:49,13897,13897,13897,2
2020-12-03,10:37:49,13892,13892,13892,2
2020-12-03,10:37:49,13892,13892,13892,2
2020-12-03,10:37:49,13892,13892,13892,2
2020-12-03,10:37:49,13892,13892,13892,2
2020-12-03,10:41:18,13893,13893,13893,2
2020-12-03,10:42:08,13899,13899,13899,4
2020-12-03,10:42:09,13899,13899,13899,4
2020-12-03,10:42:09,13899,13899,13899,2
2020-12-03,10:42:24,13895,13895,13895,2
2020-12-03,10:42:38,13892,13892,13892,2
2020-12-03,10:42:38,13892,13892,13892,2
2020-12-03,10:42:38,13892,13892,13892,6
2020-12-03,10:43:32,13893,13893,13893,2
2020-12-03,10:44:38,13899,13899,13899,2
2020-12-03,10:44:55,13900,13900,13900,2
2020-12-03,10:44:55,13900,13900,13900,10
2020-12-03,10:44:55,13900,13900,13900,22
2020-12-03,10:45:01,13902,13902,13902,4
2020-12-03,10:45:44,13903,13903,13903,2
2020-12-03,10:45:58,13903,13903,13903,2
2020-12-03,10:47:48,13893,13893,13893,2
2020-12-03,10:49:37,13903,13903,13903,2
2020-12-03,10:49:37,13903,13903,13903,2
2020-12-03,10:49:38,13904,13904,13904,2
2020-12-03,10:49:39,13905,13905,13905,2
2020-12-03,10:49:39,13906,13906,13906,2
2020-12-03,10:49:59,13907,13907,13907,2
2020-12-03,10:49:59,13908,13908,13908,2
2020-12-03,10:49:59,13909,13909,13909,2
2020-12-03,10:50:21,13903,13903,13903,2
2020-12-03,10:50:54,13906,13906,13906,2
2020-12-03,10:51:10,13908,13908,13908,4
2020-12-03,10:51:19,13911,13911,13911,2
2020-12-03,10:52:00,13911,13911,13911,10
2020-12-03,10:53:26,13911,13911,13911,2
2020-12-03,10:54:48,13907,13907,13907,2
2020-12-03,10:56:04,13906,13906,13906,2
2020-12-03,10:56:04,13906,13906,13906,2
2020-12-03,10:56:04,13906,13906,13906,2
2020-12-03,10:56:27,13902,13902,13902,2
2020-12-03,10:56:27,13902,13902,13902,2
2020-12-03,10:57:10,13902,13902,13902,2
2020-12-03,10:57:12,13902,13902,13902,2
2020-12-03,10:58:19,13902,13902,13902,2
2020-12-03,11:00:23,13902,13902,13902,2
2020-12-03,11:01:49,13904,13904,13904,2
2020-12-03,11:02:00,13906,13906,13906,4
2020-12-03,11:02:01,13905,13905,13905,2
2020-12-03,11:02:01,13905,13905,13905,2
2020-12-03,11:02:01,13905,13905,13905,2
2020-12-03,11:02:29,13911,13911,13911,2
2020-12-03,11:02:29,13911,13911,13911,2
2020-12-03,11:02:30,13912,13912,13912,2
2020-12-03,11:02:30,13912,13912,13912,2
2020-12-03,11:02:30,13913,13913,13913,4
2020-12-03,11:02:30,13913,13913,13913,2
2020-12-03,11:02:30,13913,13913,13913,4
2020-12-03,11:02:30,13913,13913,13913,2
2020-12-03,11:02:30,13913,13913,13913,2
2020-12-03,11:02:30,13913,13913,13913,2
2020-12-03,11:02:30,13913,13913,13913,4
2020-12-03,11:02:30,13913,13913,13913,4
2020-12-03,11:02:30,13913,13913,13913,2
2020-12-03,11:02:31,13913,13913,13913,4
2020-12-03,11:02:31,13913,13913,13913,2
2020-12-03,11:03:12,13905,13905,13905,2
2020-12-03,11:03:12,13905,13905,13905,2
2020-12-03,11:03:12,13905,13905,13905,2
2020-12-03,11:03:12,13905,13905,13905,2
2020-12-03,11:03:12,13904,13904,13904,2
2020-12-03,11:03:22,13910,13910,13910,2
2020-12-03,11:03:26,13914,13914,13914,2
2020-12-03,11:03:28,13914,13914,13914,10
2020-12-03,11:03:30,13915,13915,13915,2
2020-12-03,11:03:30,13915,13915,13915,4
2020-12-03,11:03:30,13915,13915,13915,2
2020-12-03,11:03:30,13915,13915,13915,2
2020-12-03,11:03:30,13915,13915,13915,2
2020-12-03,11:03:30,13915,13915,13915,2
2020-12-03,11:03:30,13915,13915,13915,2
2020-12-03,11:03:30,13915,13915,13915,2
2020-12-03,11:03:30,13915,13915,13915,6
2020-12-03,11:03:31,13915,13915,13915,2
2020-12-03,11:03:36,13914,13914,13914,10
2020-12-03,11:03:54,13912,13912,13912,2
2020-12-03,11:04:15,13915,13915,13915,4
2020-12-03,11:04:19,13915,13915,13915,2
2020-12-03,11:04:20,13915,13915,13915,2
2020-12-03,11:04:20,13915,13915,13915,2
2020-12-03,11:04:21,13915,13915,13915,2
2020-12-03,11:04:21,13916,13916,13916,2
2020-12-03,11:04:31,13916,13916,13916,2
2020-12-03,11:04:31,13916,13916,13916,4
2020-12-03,11:04:49,13919,13919,13919,2
2020-12-03,11:04:49,13919,13919,13919,2
2020-12-03,11:04:55,13915,13915,13915,2
2020-12-03,11:05:00,13917,13917,13917,2
2020-12-03,11:05:01,13920,13920,13920,2
2020-12-03,11:05:01,13920,13920,13920,2
2020-12-03,11:05:02,13920,13920,13920,2
2020-12-03,11:05:02,13920,13920,13920,2
2020-12-03,11:05:08,13920,13920,13920,4
2020-12-03,11:06:02,13920,13920,13920,2
2020-12-03,11:06:02,13921,13921,13921,2
2020-12-03,11:06:02,13921,13921,13921,2
2020-12-03,11:06:02,13922,13922,13922,2
2020-12-03,11:06:03,13923,13923,13923,2
2020-12-03,11:06:03,13924,13924,13924,2
2020-12-03,11:06:03,13923,13923,13923,2
2020-12-03,11:06:03,13925,13925,13925,2
2020-12-03,11:06:03,13925,13925,13925,2
2020-12-03,11:06:03,13925,13925,13925,2
2020-12-03,11:06:03,13925,13925,13925,2
2020-12-03,11:06:03,13925,13925,13925,2
2020-12-03,11:06:03,13928,13928,13928,2
2020-12-03,11:06:15,13927,13927,13927,6
2020-12-03,11:06:15,13928,13928,13928,2
2020-12-03,11:06:15,13928,13928,13928,2
2020-12-03,11:06:15,13928,13928,13928,6
2020-12-03,11:06:17,13929,13929,13929,2
2020-12-03,11:06:17,13929,13929,13929,6
2020-12-03,11:06:17,13927,13927,13927,2
2020-12-03,11:06:23,13927,13927,13927,2
2020-12-03,11:06:26,13929,13929,13929,4
2020-12-03,11:06:27,13929,13929,13929,2
2020-12-03,11:06:27,13930,13930,13930,4
2020-12-03,11:06:27,13930,13930,13930,2
2020-12-03,11:06:27,13930,13930,13930,6
2020-12-03,11:06:27,13930,13930,13930,2
2020-12-03,11:06:43,13930,13930,13930,2
2020-12-03,11:06:43,13930,13930,13930,2
2020-12-03,11:06:44,13930,13930,13930,2
2020-12-03,11:06:46,13929,13929,13929,2
2020-12-03,11:07:08,13929,13929,13929,4
2020-12-03,11:07:11,13927,13927,13927,2
2020-12-03,11:07:40,13933,13933,13933,2
2020-12-03,11:07:54,13932,13932,13932,8
2020-12-03,11:07:54,13932,13932,13932,2
2020-12-03,11:07:54,13931,13931,13931,2
2020-12-03,11:07:54,13931,13931,13931,2
2020-12-03,11:08:01,13934,13934,13934,2
2020-12-03,11:08:01,13934,13934,13934,2
2020-12-03,11:08:01,13934,13934,13934,6
2020-12-03,11:08:24,13930,13930,13930,2
2020-12-03,11:08:24,13930,13930,13930,2
2020-12-03,11:08:51,13929,13929,13929,2
2020-12-03,11:08:53,13929,13929,13929,2
2020-12-03,11:09:02,13933,13933,13933,2
2020-12-03,11:09:02,13933,13933,13933,2
2020-12-03,11:09:02,13933,13933,13933,2
2020-12-03,11:09:02,13933,13933,13933,2
2020-12-03,11:09:02,13933,13933,13933,2
2020-12-03,11:09:02,13932,13932,13932,2
2020-12-03,11:09:02,13932,13932,13932,8
2020-12-03,11:09:02,13932,13932,13932,2
2020-12-03,11:09:02,13932,13932,13932,4
2020-12-03,11:09:02,13932,13932,13932,2
2020-12-03,11:09:02,13932,13932,13932,2
2020-12-03,11:09:02,13931,13931,13931,4
2020-12-03,11:09:02,13931,13931,13931,2
2020-12-03,11:09:02,13931,13931,13931,2
2020-12-03,11:09:02,13931,13931,13931,2
2020-12-03,11:09:02,13934,13934,13934,2
2020-12-03,11:09:05,13935,13935,13935,2
2020-12-03,11:09:05,13935,13935,13935,2
2020-12-03,11:09:05,13935,13935,13935,6
2020-12-03,11:09:05,13935,13935,13935,2
2020-12-03,11:09:28,13936,13936,13936,2
2020-12-03,11:09:40,13935,13935,13935,2
2020-12-03,11:09:43,13934,13934,13934,4
2020-12-03,11:10:07,13936,13936,13936,6
2020-12-03,11:10:07,13937,13937,13937,2
2020-12-03,11:10:34,13931,13931,13931,2
2020-12-03,11:10:46,13934,13934,13934,4
2020-12-03,11:10:51,13934,13934,13934,2
2020-12-03,11:10:56,13935,13935,13935,4
2020-12-03,11:11:10,13933,13933,13933,10
2020-12-03,11:12:02,13936,13936,13936,2
2020-12-03,11:12:02,13937,13937,13937,2
2020-12-03,11:12:34,13937,13937,13937,2
2020-12-03,11:12:36,13938,13938,13938,2
2020-12-03,11:12:40,13938,13938,13938,2
2020-12-03,11:13:00,13939,13939,13939,2
2020-12-03,11:13:00,13939,13939,13939,2
2020-12-03,11:13:00,13939,13939,13939,2
2020-12-03,11:13:00,13939,13939,13939,2
2020-12-03,11:13:00,13939,13939,13939,2
2020-12-03,11:13:00,13939,13939,13939,2
2020-12-03,11:13:00,13939,13939,13939,2
2020-12-03,11:13:00,13940,13940,13940,2
2020-12-03,11:13:01,13941,13941,13941,2
2020-12-03,11:13:17,13941,13941,13941,2
2020-12-03,11:13:17,13941,13941,13941,2
2020-12-03,11:13:17,13941,13941,13941,2
2020-12-03,11:13:17,13941,13941,13941,4
2020-12-03,11:13:27,13945,13945,13945,2
2020-12-03,11:13:31,13945,13945,13945,2
2020-12-03,11:13:37,13947,13947,13947,2
2020-12-03,11:13:37,13948,13948,13948,2
2020-12-03,11:13:37,13950,13950,13950,2
2020-12-03,11:13:40,13946,13946,13946,2
2020-12-03,11:13:59,13949,13949,13949,4
2020-12-03,11:13:59,13950,13950,13950,2
2020-12-03,11:13:59,13950,13950,13950,2
2020-12-03,11:14:06,13948,13948,13948,2
2020-12-03,11:14:10,13947,13947,13947,2
2020-12-03,11:14:13,13945,13945,13945,4
2020-12-03,11:14:13,13945,13945,13945,6
2020-12-03,11:14:14,13945,13945,13945,2
2020-12-03,11:14:20,13948,13948,13948,2
2020-12-03,11:14:44,13950,13950,13950,2
2020-12-03,11:14:44,13950,13950,13950,2
2020-12-03,11:14:44,13950,13950,13950,2
2020-12-03,11:14:44,13950,13950,13950,10
2020-12-03,11:14:50,13951,13951,13951,2
2020-12-03,11:14:50,13950,13950,13950,2
2020-12-03,11:15:00,13953,13953,13953,2
2020-12-03,11:15:00,13955,13955,13955,2
2020-12-03,11:15:00,13955,13955,13955,2
2020-12-03,11:15:00,13954,13954,13954,2
2020-12-03,11:15:00,13954,13954,13954,2
2020-12-03,11:15:02,13957,13957,13957,8
2020-12-03,11:15:03,13959,13959,13959,2
2020-12-03,11:15:03,13959,13959,13959,2
2020-12-03,11:15:03,13956,13956,13956,2
2020-12-03,11:15:12,13959,13959,13959,6
2020-12-03,11:15:12,13959,13959,13959,2
2020-12-03,11:15:23,13958,13958,13958,2
2020-12-03,11:15:35,13958,13958,13958,2
2020-12-03,11:15:37,13959,13959,13959,2
2020-12-03,11:15:43,13959,13959,13959,2
2020-12-03,11:15:46,13960,13960,13960,6
2020-12-03,11:15:59,13955,13955,13955,2
2020-12-03,11:16:01,13957,13957,13957,2
2020-12-03,11:16:01,13957,13957,13957,2
2020-12-03,11:16:07,13954,13954,13954,2
2020-12-03,11:16:07,13953,13953,13953,2
2020-12-03,11:16:13,13956,13956,13956,6
2020-12-03,11:16:35,13957,13957,13957,8
2020-12-03,11:16:53,13960,13960,13960,2
2020-12-03,11:16:54,13960,13960,13960,2
2020-12-03,11:17:06,13961,13961,13961,2
2020-12-03,11:17:06,13959,13959,13959,2
2020-12-03,11:17:13,13957,13957,13957,2
2020-12-03,11:17:15,13957,13957,13957,2
2020-12-03,11:17:23,13956,13956,13956,2
2020-12-03,11:17:23,13956,13956,13956,2
2020-12-03,11:17:23,13956,13956,13956,2
2020-12-03,11:17:23,13956,13956,13956,2
2020-12-03,11:17:37,13955,13955,13955,2
2020-12-03,11:17:55,13954,13954,13954,2
2020-12-03,11:18:14,13954,13954,13954,2
2020-12-03,11:18:14,13954,13954,13954,2
2020-12-03,11:18:14,13954,13954,13954,2
2020-12-03,11:18:14,13954,13954,13954,4
2020-12-03,11:18:14,13954,13954,13954,2
2020-12-03,11:18:14,13954,13954,13954,6
2020-12-03,11:18:14,13954,13954,13954,2
2020-12-03,11:18:35,13954,13954,13954,2
2020-12-03,11:18:42,13954,13954,13954,2
2020-12-03,11:18:54,13952,13952,13952,2
2020-12-03,11:19:00,13950,13950,13950,2
2020-12-03,11:19:00,13950,13950,13950,2
2020-12-03,11:19:24,13955,13955,13955,2
2020-12-03,11:19:50,13951,13951,13951,2
2020-12-03,11:20:01,13954,13954,13954,2
2020-12-03,11:20:14,13949,13949,13949,2
2020-12-03,11:20:15,13949,13949,13949,2
2020-12-03,11:20:17,13948,13948,13948,2
2020-12-03,11:20:19,13948,13948,13948,2
2020-12-03,11:20:45,13945,13945,13945,2
2020-12-03,11:20:46,13945,13945,13945,2
2020-12-03,11:20:46,13945,13945,13945,4
2020-12-03,11:20:56,13941,13941,13941,2
2020-12-03,11:20:58,13939,13939,13939,2
2020-12-03,11:21:11,13940,13940,13940,6
2020-12-03,11:21:11,13940,13940,13940,2
2020-12-03,11:21:11,13940,13940,13940,2
2020-12-03,11:21:11,13940,13940,13940,2
2020-12-03,11:21:11,13940,13940,13940,2
2020-12-03,11:21:30,13941,13941,13941,2
2020-12-03,11:21:36,13941,13941,13941,2
2020-12-03,11:21:48,13941,13941,13941,2
2020-12-03,11:21:51,13942,13942,13942,2
2020-12-03,11:23:43,13942,13942,13942,2
2020-12-03,11:25:02,13940,13940,13940,2
2020-12-03,11:25:03,13941,13941,13941,2
2020-12-03,11:25:25,13938,13938,13938,2
2020-12-03,11:25:26,13937,13937,13937,2
2020-12-03,11:25:30,13935,13935,13935,2
2020-12-03,11:25:43,13933,13933,13933,2
2020-12-03,11:25:43,13933,13933,13933,2
2020-12-03,11:26:01,13934,13934,13934,2
2020-12-03,11:26:54,13932,13932,13932,2
2020-12-03,11:27:57,13936,13936,13936,2
2020-12-03,11:28:26,13936,13936,13936,2
2020-12-03,11:28:26,13936,13936,13936,4
2020-12-03,11:28:26,13936,13936,13936,2
2020-12-03,11:28:26,13936,13936,13936,2
2020-12-03,11:29:14,13930,13930,13930,2
2020-12-03,11:29:14,13930,13930,13930,2
2020-12-03,11:30:18,13932,13932,13932,2
2020-12-03,11:30:51,13929,13929,13929,2
2020-12-03,11:30:52,13928,13928,13928,2
2020-12-03,11:30:52,13928,13928,13928,2
2020-12-03,11:30:52,13928,13928,13928,2
2020-12-03,11:31:06,13927,13927,13927,4
2020-12-03,11:31:20,13926,13926,13926,2
2020-12-03,11:31:39,13930,13930,13930,2
2020-12-03,11:32:16,13931,13931,13931,2
2020-12-03,11:32:57,13934,13934,13934,2
2020-12-03,11:33:02,13933,13933,13933,6
2020-12-03,11:33:02,13931,13931,13931,2
2020-12-03,11:33:06,13934,13934,13934,2
2020-12-03,11:33:06,13934,13934,13934,4
2020-12-03,11:33:06,13934,13934,13934,4
2020-12-03,11:33:06,13934,13934,13934,8
2020-12-03,11:35:13,13931,13931,13931,2
2020-12-03,11:35:14,13930,13930,13930,2
2020-12-03,11:35:17,13929,13929,13929,4
2020-12-03,11:35:20,13928,13928,13928,2
2020-12-03,11:35:40,13926,13926,13926,2
2020-12-03,11:35:56,13929,13929,13929,2
2020-12-03,11:36:01,13929,13929,13929,6
2020-12-03,11:37:20,13930,13930,13930,2
2020-12-03,11:37:33,13929,13929,13929,2
2020-12-03,11:39:08,13925,13925,13925,2
2020-12-03,11:40:38,13930,13930,13930,10
2020-12-03,11:41:14,13935,13935,13935,4
2020-12-03,11:41:15,13934,13934,13934,2
2020-12-03,11:41:21,13934,13934,13934,2
2020-12-03,11:41:28,13933,13933,13933,2
2020-12-03,11:41:52,13930,13930,13930,2
2020-12-03,11:42:20,13930,13930,13930,2
2020-12-03,11:43:47,13930,13930,13930,2
2020-12-03,11:44:37,13935,13935,13935,2
2020-12-03,11:44:57,13937,13937,13937,2
2020-12-03,11:45:38,13940,13940,13940,2
2020-12-03,11:46:22,13939,13939,13939,2
2020-12-03,11:47:34,13929,13929,13929,10
2020-12-03,11:47:39,13925,13925,13925,2
2020-12-03,11:47:40,13925,13925,13925,2
2020-12-03,11:47:40,13925,13925,13925,2
2020-12-03,11:47:42,13925,13925,13925,4
2020-12-03,11:47:42,13925,13925,13925,4
2020-12-03,11:47:43,13925,13925,13925,2
2020-12-03,11:47:46,13924,13924,13924,4
2020-12-03,11:48:00,13921,13921,13921,2
2020-12-03,11:48:01,13920,13920,13920,2
2020-12-03,11:48:01,13918,13918,13918,2
2020-12-03,11:48:01,13918,13918,13918,10
2020-12-03,11:48:08,13920,13920,13920,2
2020-12-03,11:48:20,13914,13914,13914,2
2020-12-03,11:48:20,13914,13914,13914,2
2020-12-03,11:48:21,13912,13912,13912,2
2020-12-03,11:48:21,13911,13911,13911,2
2020-12-03,11:48:23,13910,13910,13910,2
2020-12-03,11:48:23,13910,13910,13910,4
2020-12-03,11:48:24,13908,13908,13908,2
2020-12-03,11:48:29,13910,13910,13910,2
2020-12-03,11:48:34,13908,13908,13908,8
2020-12-03,11:48:34,13908,13908,13908,2
2020-12-03,11:48:34,13908,13908,13908,10
2020-12-03,11:48:42,13908,13908,13908,2
2020-12-03,11:48:48,13908,13908,13908,2
2020-12-03,11:49:01,13908,13908,13908,2
2020-12-03,11:49:01,13907,13907,13907,2
2020-12-03,11:49:01,13907,13907,13907,6
2020-12-03,11:49:07,13906,13906,13906,2
2020-12-03,11:49:07,13906,13906,13906,4
2020-12-03,11:49:07,13905,13905,13905,2
2020-12-03,11:49:07,13905,13905,13905,6
2020-12-03,11:49:08,13903,13903,13903,2
2020-12-03,11:49:08,13902,13902,13902,2
2020-12-03,11:49:08,13902,13902,13902,4
2020-12-03,11:49:08,13900,13900,13900,2
2020-12-03,11:49:08,13900,13900,13900,2
2020-12-03,11:49:20,13896,13896,13896,2
2020-12-03,11:49:20,13896,13896,13896,2
2020-12-03,11:49:21,13898,13898,13898,4
2020-12-03,11:49:21,13899,13899,13899,10
2020-12-03,11:49:21,13898,13898,13898,2
2020-12-03,11:49:22,13897,13897,13897,4
2020-12-03,11:49:22,13897,13897,13897,4
2020-12-03,11:49:22,13897,13897,13897,6
2020-12-03,11:49:22,13896,13896,13896,6
2020-12-03,11:49:22,13897,13897,13897,6
2020-12-03,11:49:22,13895,13895,13895,6
2020-12-03,11:49:25,13892,13892,13892,2
2020-12-03,11:49:25,13891,13891,13891,2
2020-12-03,11:49:25,13890,13890,13890,2
2020-12-03,11:49:25,13890,13890,13890,2
2020-12-03,11:49:33,13892,13892,13892,2
2020-12-03,11:49:54,13892,13892,13892,2
2020-12-03,11:49:56,13892,13892,13892,2
2020-12-03,11:49:56,13890,13890,13890,2
2020-12-03,11:49:56,13890,13890,13890,2
2020-12-03,11:49:56,13890,13890,13890,6
2020-12-03,11:49:57,13891,13891,13891,2
2020-12-03,11:49:59,13887,13887,13887,2
2020-12-03,11:49:59,13887,13887,13887,6
2020-12-03,11:50:11,13889,13889,13889,2
2020-12-03,11:50:11,13889,13889,13889,2
2020-12-03,11:51:14,13896,13896,13896,2
2020-12-03,11:51:57,13899,13899,13899,14
2020-12-03,11:51:57,13900,13900,13900,14
2020-12-03,11:52:18,13898,13898,13898,6
2020-12-03,11:52:19,13899,13899,13899,2
2020-12-03,11:52:20,13898,13898,13898,2
2020-12-03,11:52:36,13899,13899,13899,2
2020-12-03,11:52:53,13899,13899,13899,4
2020-12-03,11:53:13,13892,13892,13892,2
2020-12-03,11:53:33,13895,13895,13895,10
2020-12-03,11:53:44,13892,13892,13892,2
2020-12-03,11:54:00,13893,13893,13893,4
2020-12-03,11:54:01,13891,13891,13891,2
2020-12-03,11:54:03,13890,13890,13890,2
2020-12-03,11:54:15,13893,13893,13893,2
2020-12-03,11:54:25,13895,13895,13895,2
2020-12-03,11:54:56,13893,13893,13893,6
2020-12-03,11:55:03,13888,13888,13888,2
2020-12-03,11:55:03,13888,13888,13888,2
2020-12-03,11:56:03,13891,13891,13891,2
2020-12-03,11:56:11,13887,13887,13887,2
2020-12-03,11:56:11,13886,13886,13886,20
2020-12-03,11:56:11,13884,13884,13884,2
2020-12-03,11:56:11,13883,13883,13883,2
2020-12-03,11:56:11,13882,13882,13882,4
2020-12-03,11:56:19,13886,13886,13886,4
2020-12-03,11:56:19,13887,13887,13887,4
2020-12-03,11:56:19,13887,13887,13887,6
2020-12-03,11:56:56,13894,13894,13894,6
2020-12-03,11:57:39,13896,13896,13896,4
2020-12-03,11:57:39,13896,13896,13896,2
2020-12-03,11:57:45,13898,13898,13898,2
2020-12-03,11:58:09,13898,13898,13898,2
2020-12-03,11:58:32,13893,13893,13893,2
2020-12-03,11:58:59,13888,13888,13888,4
2020-12-03,11:59:25,13886,13886,13886,2
2020-12-03,12:00:08,13880,13880,13880,4
2020-12-03,12:00:08,13880,13880,13880,2
2020-12-03,12:01:28,13888,13888,13888,2
2020-12-03,12:02:24,13891,13891,13891,6
2020-12-03,12:04:16,13896,13896,13896,2
2020-12-03,12:04:54,13898,13898,13898,2
2020-12-03,12:04:54,13898,13898,13898,2
2020-12-03,12:04:57,13899,13899,13899,14
2020-12-03,12:04:57,13899,13899,13899,4
2020-12-03,12:04:57,13899,13899,13899,12
2020-12-03,12:04:57,13899,13899,13899,4
2020-12-03,12:04:57,13899,13899,13899,6
2020-12-03,12:04:58,13900,13900,13900,2
2020-12-03,12:04:58,13900,13900,13900,2
2020-12-03,12:05:19,13900,13900,13900,2
2020-12-03,12:05:37,13900,13900,13900,2
2020-12-03,12:05:37,13901,13901,13901,8
2020-12-03,12:05:37,13902,13902,13902,6
2020-12-03,12:06:21,13899,13899,13899,2
2020-12-03,12:07:49,13900,13900,13900,2
2020-12-03,12:08:26,13902,13902,13902,2
2020-12-03,12:09:21,13903,13903,13903,4
2020-12-03,12:10:06,13901,13901,13901,2
2020-12-03,12:11:02,13901,13901,13901,4
2020-12-03,12:11:02,13900,13900,13900,2
2020-12-03,12:11:35,13896,13896,13896,2
2020-12-03,12:11:36,13895,13895,13895,2
2020-12-03,12:11:48,13898,13898,13898,2
2020-12-03,12:11:51,13900,13900,13900,2
2020-12-03,12:11:51,13900,13900,13900,2
2020-12-03,12:14:08,13895,13895,13895,2
2020-12-03,12:14:23,13897,13897,13897,2
2020-12-03,12:14:35,13900,13900,13900,2
2020-12-03,12:17:12,13888,13888,13888,2
2020-12-03,12:17:32,13883,13883,13883,2
2020-12-03,12:17:32,13883,13883,13883,2
2020-12-03,12:17:32,13883,13883,13883,10
2020-12-03,12:17:32,13883,13883,13883,2
2020-12-03,12:17:32,13883,13883,13883,2
2020-12-03,12:17:32,13883,13883,13883,2
2020-12-03,12:17:32,13883,13883,13883,2
2020-12-03,12:17:32,13883,13883,13883,2
2020-12-03,12:17:32,13883,13883,13883,2
2020-12-03,12:17:32,13883,13883,13883,2
2020-12-03,12:17:32,13883,13883,13883,2
2020-12-03,12:17:43,13884,13884,13884,4
2020-12-03,12:17:43,13884,13884,13884,2
2020-12-03,12:17:46,13887,13887,13887,2
2020-12-03,12:17:46,13887,13887,13887,4
2020-12-03,12:17:59,13883,13883,13883,2
2020-12-03,12:18:12,13880,13880,13880,2
2020-12-03,12:18:12,13880,13880,13880,2
2020-12-03,12:18:25,13880,13880,13880,2
2020-12-03,12:18:47,13883,13883,13883,4
2020-12-03,12:18:57,13881,13881,13881,2
2020-12-03,12:18:57,13881,13881,13881,2
2020-12-03,12:18:57,13881,13881,13881,8
2020-12-03,12:19:06,13880,13880,13880,2
2020-12-03,12:19:17,13878,13878,13878,2
2020-12-03,12:19:18,13873,13873,13873,2
2020-12-03,12:19:18,13873,13873,13873,2
2020-12-03,12:19:18,13873,13873,13873,2
2020-12-03,12:19:18,13873,13873,13873,2
2020-12-03,12:19:18,13873,13873,13873,2
2020-12-03,12:19:18,13873,13873,13873,2
2020-12-03,12:19:18,13873,13873,13873,2
2020-12-03,12:19:18,13873,13873,13873,2
2020-12-03,12:19:18,13873,13873,13873,2
2020-12-03,12:19:18,13873,13873,13873,2
2020-12-03,12:19:18,13873,13873,13873,2
2020-12-03,12:19:18,13873,13873,13873,6
2020-12-03,12:19:18,13873,13873,13873,4
2020-12-03,12:19:26,13871,13871,13871,2
2020-12-03,12:19:35,13871,13871,13871,2
2020-12-03,12:19:36,13871,13871,13871,4
2020-12-03,12:19:36,13870,13870,13870,2
2020-12-03,12:19:36,13870,13870,13870,2
2020-12-03,12:19:37,13868,13868,13868,2
2020-12-03,12:19:37,13868,13868,13868,2
2020-12-03,12:19:37,13868,13868,13868,2
2020-12-03,12:19:37,13868,13868,13868,2
2020-12-03,12:19:37,13867,13867,13867,2
2020-12-03,12:19:56,13869,13869,13869,2
2020-12-03,12:20:09,13870,13870,13870,2
2020-12-03,12:20:23,13870,13870,13870,2
2020-12-03,12:20:30,13868,13868,13868,2
2020-12-03,12:20:37,13868,13868,13868,2
2020-12-03,12:21:01,13866,13866,13866,2
2020-12-03,12:21:28,13866,13866,13866,2
2020-12-03,12:21:28,13865,13865,13865,2
2020-12-03,12:21:28,13865,13865,13865,2
2020-12-03,12:21:28,13864,13864,13864,2
2020-12-03,12:21:28,13861,13861,13861,2
2020-12-03,12:21:29,13858,13858,13858,2
2020-12-03,12:21:33,13857,13857,13857,2
2020-12-03,12:21:35,13854,13854,13854,2
2020-12-03,12:21:35,13854,13854,13854,2
2020-12-03,12:21:36,13853,13853,13853,2
2020-12-03,12:22:08,13853,13853,13853,2
2020-12-03,12:22:13,13853,13853,13853,2
2020-12-03,12:22:14,13851,13851,13851,2
2020-12-03,12:22:14,13851,13851,13851,2
2020-12-03,12:22:15,13853,13853,13853,2
2020-12-03,12:22:19,13850,13850,13850,2
2020-12-03,12:22:19,13850,13850,13850,2
2020-12-03,12:22:19,13850,13850,13850,2
2020-12-03,12:22:27,13850,13850,13850,2
2020-12-03,12:22:28,13849,13849,13849,2
2020-12-03,12:22:29,13850,13850,13850,2
2020-12-03,12:22:34,13849,13849,13849,2
2020-12-03,12:22:39,13850,13850,13850,2
2020-12-03,12:22:51,13852,13852,13852,2
2020-12-03,12:22:54,13852,13852,13852,2
2020-12-03,12:22:58,13852,13852,13852,2
2020-12-03,12:23:06,13852,13852,13852,2
2020-12-03,12:23:09,13855,13855,13855,2
2020-12-03,12:23:36,13858,13858,13858,2
2020-12-03,12:23:48,13858,13858,13858,2
2020-12-03,12:23:55,13857,13857,13857,2
2020-12-03,12:24:00,13855,13855,13855,2
2020-12-03,12:25:01,13858,13858,13858,2
2020-12-03,12:26:01,13865,13865,13865,2
2020-12-03,12:26:01,13866,13866,13866,2
2020-12-03,12:26:01,13866,13866,13866,2
2020-12-03,12:26:01,13866,13866,13866,2
2020-12-03,12:26:01,13866,13866,13866,2
2020-12-03,12:26:01,13867,13867,13867,2
2020-12-03,12:26:06,13864,13864,13864,4
2020-12-03,12:26:27,13867,13867,13867,4
2020-12-03,12:26:45,13869,13869,13869,4
2020-12-03,12:26:45,13870,13870,13870,2
2020-12-03,12:26:47,13871,13871,13871,2
2020-12-03,12:27:04,13868,13868,13868,4
2020-12-03,12:27:14,13867,13867,13867,2
2020-12-03,12:27:50,13875,13875,13875,2
2020-12-03,12:28:16,13874,13874,13874,2
2020-12-03,12:28:17,13873,13873,13873,2
2020-12-03,12:28:17,13872,13872,13872,4
2020-12-03,12:29:37,13875,13875,13875,2
2020-12-03,12:30:33,13875,13875,13875,2
2020-12-03,12:31:27,13874,13874,13874,2
2020-12-03,12:33:33,13870,13870,13870,2
2020-12-03,12:33:34,13870,13870,13870,6
2020-12-03,12:33:36,13871,13871,13871,2
2020-12-03,12:34:42,13868,13868,13868,2
2020-12-03,12:34:55,13865,13865,13865,2
2020-12-03,12:36:49,13865,13865,13865,2
2020-12-03,12:36:49,13865,13865,13865,2
2020-12-03,12:36:53,13863,13863,13863,2
2020-12-03,12:36:54,13862,13862,13862,2
2020-12-03,12:36:54,13861,13861,13861,2
2020-12-03,12:37:02,13858,13858,13858,2
2020-12-03,12:37:37,13864,13864,13864,2
2020-12-03,12:38:47,13863,13863,13863,2
2020-12-03,12:39:06,13861,13861,13861,2
2020-12-03,12:40:02,13864,13864,13864,2
2020-12-03,12:40:05,13862,13862,13862,2
2020-12-03,12:40:53,13862,13862,13862,2
2020-12-03,12:40:58,13860,13860,13860,2
2020-12-03,12:41:35,13855,13855,13855,2
2020-12-03,12:43:08,13855,13855,13855,4
2020-12-03,12:44:59,13870,13870,13870,2
2020-12-03,12:44:59,13870,13870,13870,2
2020-12-03,12:45:16,13872,13872,13872,2
2020-12-03,12:45:27,13872,13872,13872,2
2020-12-03,12:45:59,13874,13874,13874,2
2020-12-03,12:47:10,13869,13869,13869,2
2020-12-03,12:47:32,13867,13867,13867,2
2020-12-03,12:47:32,13867,13867,13867,2
2020-12-03,12:49:18,13861,13861,13861,2
2020-12-03,12:49:29,13861,13861,13861,2
2020-12-03,12:51:44,13857,13857,13857,2
2020-12-03,12:51:56,13859,13859,13859,6
2020-12-03,12:52:18,13864,13864,13864,2
2020-12-03,12:52:18,13864,13864,13864,4
2020-12-03,12:52:18,13863,13863,13863,6
2020-12-03,12:52:18,13863,13863,13863,6
2020-12-03,12:53:44,13868,13868,13868,2
2020-12-03,12:53:55,13870,13870,13870,6
2020-12-03,12:53:55,13870,13870,13870,2
2020-12-03,12:53:55,13870,13870,13870,2
2020-12-03,12:54:00,13871,13871,13871,4
2020-12-03,12:54:14,13871,13871,13871,2
2020-12-03,12:54:17,13872,13872,13872,2
2020-12-03,12:55:12,13874,13874,13874,2
2020-12-03,12:55:12,13874,13874,13874,2
2020-12-03,12:57:46,13873,13873,13873,2
2020-12-03,12:59:45,13877,13877,13877,4
2020-12-03,12:59:45,13877,13877,13877,4
2020-12-03,12:59:45,13877,13877,13877,2
2020-12-03,12:59:45,13877,13877,13877,2
2020-12-03,13:00:09,13873,13873,13873,2
2020-12-03,13:00:09,13873,13873,13873,24
2020-12-03,13:00:09,13873,13873,13873,2
2020-12-03,13:00:09,13873,13873,13873,14
2020-12-03,13:00:09,13873,13873,13873,4
2020-12-03,13:00:09,13873,13873,13873,4
2020-12-03,13:00:09,13873,13873,13873,2
2020-12-03,13:00:09,13873,13873,13873,2
2020-12-03,13:00:09,13873,13873,13873,2
2020-12-03,13:00:09,13873,13873,13873,4
2020-12-03,13:00:43,13870,13870,13870,2
2020-12-03,13:00:45,13870,13870,13870,2
2020-12-03,13:01:00,13867,13867,13867,2
2020-12-03,13:01:46,13873,13873,13873,2
2020-12-03,13:01:46,13873,13873,13873,4
2020-12-03,13:05:31,13872,13872,13872,2
2020-12-03,13:07:01,13867,13867,13867,2
2020-12-03,13:09:48,13869,13869,13869,2
2020-12-03,13:15:39,13863,13863,13863,2
2020-12-03,13:16:37,13864,13864,13864,4
2020-12-03,13:16:55,13861,13861,13861,2
2020-12-03,13:16:59,13860,13860,13860,2
2020-12-03,13:16:59,13860,13860,13860,2
2020-12-03,13:19:59,13866,13866,13866,2
2020-12-03,13:20:25,13872,13872,13872,4
2020-12-03,13:20:46,13869,13869,13869,2
2020-12-03,13:21:22,13868,13868,13868,4
2020-12-03,13:21:22,13868,13868,13868,2
2020-12-03,13:22:33,13871,13871,13871,2
2020-12-03,13:22:37,13873,13873,13873,2
2020-12-03,13:23:38,13870,13870,13870,2
2020-12-03,13:24:39,13870,13870,13870,2
2020-12-03,13:25:06,13871,13871,13871,4
2020-12-03,13:25:07,13871,13871,13871,2
2020-12-03,13:25:07,13871,13871,13871,2
2020-12-03,13:25:10,13874,13874,13874,2
2020-12-03,13:25:15,13871,13871,13871,2
2020-12-03,13:25:15,13871,13871,13871,4
2020-12-03,13:25:58,13876,13876,13876,2
2020-12-03,13:26:08,13878,13878,13878,2
2020-12-03,13:26:11,13880,13880,13880,4
2020-12-03,13:26:11,13880,13880,13880,2
2020-12-03,13:27:27,13880,13880,13880,2
2020-12-03,13:27:27,13880,13880,13880,2
2020-12-03,13:27:27,13880,13880,13880,4
2020-12-03,13:27:34,13879,13879,13879,8
2020-12-03,13:27:34,13879,13879,13879,12
2020-12-03,13:27:34,13879,13879,13879,4
2020-12-03,13:29:12,13879,13879,13879,6
2020-12-03,13:29:12,13879,13879,13879,2
2020-12-03,13:29:39,13879,13879,13879,2
2020-12-03,13:29:42,13879,13879,13879,10
2020-12-03,13:29:42,13879,13879,13879,4
2020-12-03,13:30:05,13882,13882,13882,2
2020-12-03,13:30:16,13886,13886,13886,2
2020-12-03,13:30:37,13884,13884,13884,2
2020-12-03,13:30:39,13886,13886,13886,2
2020-12-03,13:31:40,13889,13889,13889,2
2020-12-03,13:31:48,13890,13890,13890,2
2020-12-03,13:31:50,13891,13891,13891,2
2020-12-03,13:32:00,13892,13892,13892,2
2020-12-03,13:34:02,13891,13891,13891,2
2020-12-03,13:34:27,13891,13891,13891,2
2020-12-03,13:34:32,13893,13893,13893,2
2020-12-03,13:34:42,13891,13891,13891,2
2020-12-03,13:34:54,13891,13891,13891,2
2020-12-03,13:37:12,13894,13894,13894,2
2020-12-03,13:37:22,13895,13895,13895,2
2020-12-03,13:37:22,13895,13895,13895,2
2020-12-03,13:37:24,13895,13895,13895,2
2020-12-03,13:37:34,13897,13897,13897,2
2020-12-03,13:37:49,13897,13897,13897,2
2020-12-03,13:39:01,13900,13900,13900,2
2020-12-03,13:39:38,13900,13900,13900,2
2020-12-03,13:39:38,13900,13900,13900,2
2020-12-03,13:40:00,13902,13902,13902,2
2020-12-03,13:41:39,13903,13903,13903,2
2020-12-03,13:44:05,13902,13902,13902,2
2020-12-03,13:44:11,13900,13900,13900,2
2020-12-03,13:44:14,13900,13900,13900,2
2020-12-03,13:44:14,13899,13899,13899,2
2020-12-03,13:44:19,13898,13898,13898,2
2020-12-03,13:44:26,13896,13896,13896,2
2020-12-03,13:44:26,13896,13896,13896,2
2020-12-03,13:44:43,13898,13898,13898,2
2020-12-03,13:44:46,13896,13896,13896,2
2020-12-03,13:44:46,13896,13896,13896,2
2020-12-03,13:44:49,13895,13895,13895,2
2020-12-03,13:44:52,13896,13896,13896,2
2020-12-03,13:44:55,13896,13896,13896,2
2020-12-03,13:44:56,13896,13896,13896,2
2020-12-03,13:44:56,13898,13898,13898,2
2020-12-03,13:44:59,13900,13900,13900,2
