2019-11-12,15:00:00.005000,11523,11524,11523,69
2019-11-12,15:00:00.007000,11523,11524,11523,1
2019-11-12,15:00:00.120000,11523,11524,11523,2
2019-11-12,15:00:00.125000,11523,11524,11523,1
2019-11-12,15:00:00.235000,11523,11524,11523,10
2019-11-12,15:00:00.325000,11522,11524,11523,4
2019-11-12,15:00:00.325000,11522,11524,11523,4
2019-11-12,15:00:00.374000,11522,11524,11523,1
2019-11-12,15:00:00.404000,11522,11523,11523,10
2019-11-12,15:00:00.418000,11522,11523,11523,3
2019-11-12,15:00:00.418000,11522,11523,11523,1
2019-11-12,15:00:00.422000,11522,11523,11522,2
2019-11-12,15:00:00.459000,11522,11523,11522,2
2019-11-12,15:00:00.461000,11522,11523,11523,4
2019-11-12,15:00:00.607000,11522,11523,11523,2
2019-11-12,15:00:00.675000,11522,11523,11522,4
2019-11-12,15:00:00.679000,11522,11523,11523,2
2019-11-12,15:00:01.193000,11522,11523,11522,2
2019-11-12,15:00:01.267000,11522,11523,11522,1
2019-11-12,15:00:01.267000,11522,11523,11522,1
2019-11-12,15:00:01.273000,11522,11523,11522,1
2019-11-12,15:00:01.273000,11522,11523,11522,1
2019-11-12,15:00:01.275000,11522,11523,11522,1
2019-11-12,15:00:01.799000,11522,11523,11522,2
2019-11-12,15:00:02.402000,11522,11523,11523,5
2019-11-12,15:00:02.753000,11522,11523,11522,1
2019-11-12,15:00:02.807000,11522,11523,11523,2
2019-11-12,15:00:02.866000,11522,11523,11523,2
2019-11-12,15:00:03.223000,11522,11523,11523,5
2019-11-12,15:00:03.648000,11522,11524,11524,2
2019-11-12,15:00:04.060000,11522,11524,11522,5
2019-11-12,15:00:04.130000,11522,11524,11522,1
2019-11-12,15:00:06.009000,11522,11523,11523,2
2019-11-12,15:00:06.572000,11523,11524,11523,11
2019-11-12,15:00:06.572000,11523,11524,11522,5
2019-11-12,15:00:09.450000,11522,11523,11523,2
2019-11-12,15:00:09.746000,11522,11523,11523,1
2019-11-12,15:00:09.844000,11522,11523,11523,2
2019-11-12,15:00:10.110000,11522,11523,11523,4
2019-11-12,15:00:11.291000,11522,11523,11523,5
2019-11-12,15:00:11.412000,11522,11523,11523,1
2019-11-12,15:00:11.800000,11522,11523,11523,5
2019-11-12,15:00:11.801000,11522,11523,11523,1
2019-11-12,15:00:11.903000,11523,11524,11523,1
2019-11-12,15:00:15.962000,11522,11523,11523,1
2019-11-12,15:00:16.075000,11522,11523,11523,1
2019-11-12,15:00:17.076000,11522,11523,11523,1
2019-11-12,15:00:17.489000,11522,11523,11523,2
2019-11-12,15:00:17.489000,11522,11523,11523,4
2019-11-12,15:00:17.490000,11522,11523,11523,4
2019-11-12,15:00:21.968000,11522,11523,11523,1
2019-11-12,15:00:23.718000,11522,11523,11523,1
2019-11-12,15:00:25.238000,11522,11523,11522,20
2019-11-12,15:00:25.722000,11522,11523,11522,3
2019-11-12,15:00:25.861000,11522,11523,11522,3
2019-11-12,15:00:28.753000,11522,11523,11522,8
2019-11-12,15:00:29.212000,11521,11522,11522,1
2019-11-12,15:00:29.283000,11521,11522,11522,1
2019-11-12,15:00:29.289000,11521,11522,11522,1
2019-11-12,15:00:29.612000,11521,11522,11522,1
2019-11-12,15:00:30.327000,11521,11522,11522,1
2019-11-12,15:00:31.028000,11521,11522,11522,5
2019-11-12,15:00:31.133000,11521,11522,11522,1
2019-11-12,15:00:32.265000,11521,11522,11522,5
2019-11-12,15:00:32.268000,11521,11522,11522,1
2019-11-12,15:00:32.484000,11522,11523,11523,1
2019-11-12,15:00:32.568000,11522,11523,11522,3
2019-11-12,15:00:32.700000,11522,11523,11522,1
2019-11-12,15:00:34.660000,11522,11523,11522,3
2019-11-12,15:00:36.896000,11521,11522,11522,1
2019-11-12,15:00:37.476000,11521,11522,11522,5
2019-11-12,15:00:38.894000,11522,11523,11522,1
2019-11-12,15:00:42.477000,11522,11523,11522,1
2019-11-12,15:00:42.572000,11522,11523,11523,2
2019-11-12,15:00:42.730000,11522,11523,11522,1
2019-11-12,15:00:43.297000,11522,11523,11522,4
2019-11-12,15:00:44.508000,11522,11523,11523,2
2019-11-12,15:00:44.680000,11522,11523,11522,1
2019-11-12,15:00:48.252000,11521,11522,11522,2
2019-11-12,15:00:48.260000,11521,11522,11522,3
2019-11-12,15:00:48.925000,11522,11523,11522,3
2019-11-12,15:00:50.330000,11522,11523,11522,1
2019-11-12,15:00:53.702000,11522,11523,11522,1
2019-11-12,15:00:55.233000,11522,11523,11522,3
2019-11-12,15:00:56.140000,11521,11522,11522,1
2019-11-12,15:00:56.208000,11521,11522,11522,1
2019-11-12,15:00:57.042000,11522,11523,11522,1
2019-11-12,15:01:00.071000,11522,11523,11522,3
2019-11-12,15:01:00.171000,11522,11523,11522,1
2019-11-12,15:01:00.716000,11521,11523,11521,2
2019-11-12,15:01:00.782000,11521,11523,11521,1
2019-11-12,15:01:00.891000,11521,11523,11521,2
2019-11-12,15:01:02.606000,11522,11523,11522,1
2019-11-12,15:01:02.738000,11522,11523,11522,1
2019-11-12,15:01:03.039000,11522,11523,11523,1
2019-11-12,15:01:03.502000,11522,11523,11522,1
2019-11-12,15:01:07.179000,11521,11522,11522,1
2019-11-12,15:01:07.286000,11521,11522,11522,1
2019-11-12,15:01:12.291000,11521,11522,11522,1
2019-11-12,15:01:13.364000,11521,11522,11522,1
2019-11-12,15:01:14.157000,11521,11522,11522,15
2019-11-12,15:01:14.157000,11521,11522,11523,8
2019-11-12,15:01:15.601000,11522,11523,11522,1
2019-11-12,15:01:19.727000,11522,11523,11522,1
2019-11-12,15:01:21.169000,11522,11523,11522,1
2019-11-12,15:01:24.980000,11522,11523,11523,1
2019-11-12,15:01:25.010000,11522,11523,11523,7
2019-11-12,15:01:25.010000,11522,11523,11523,1
2019-11-12,15:01:25.010000,11522,11523,11523,2
2019-11-12,15:01:25.018000,11522,11523,11523,2
2019-11-12,15:01:25.018000,11522,11523,11523,2
2019-11-12,15:01:25.026000,11522,11523,11523,24
2019-11-12,15:01:25.284000,11523,11524,11524,10
2019-11-12,15:01:25.285000,11523,11524,11524,1
2019-11-12,15:01:25.317000,11523,11524,11524,1
2019-11-12,15:01:25.320000,11523,11524,11524,1
2019-11-12,15:01:25.385000,11523,11524,11524,3
2019-11-12,15:01:25.385000,11523,11524,11524,1
2019-11-12,15:01:25.405000,11523,11524,11524,1
2019-11-12,15:01:25.405000,11523,11524,11524,1
2019-11-12,15:01:25.406000,11523,11524,11524,1
2019-11-12,15:01:25.509000,11523,11524,11524,2
2019-11-12,15:01:25.509000,11523,11524,11524,3
2019-11-12,15:01:25.509000,11523,11524,11524,3
2019-11-12,15:01:25.510000,11523,11524,11524,2
2019-11-12,15:01:25.510000,11523,11524,11524,1
2019-11-12,15:01:25.557000,11523,11524,11523,10
2019-11-12,15:01:25.596000,11523,11524,11524,1
2019-11-12,15:01:25.635000,11523,11524,11524,1
2019-11-12,15:01:25.637000,11523,11524,11524,2
2019-11-12,15:01:25.760000,11524,11525,11524,2
2019-11-12,15:01:29.272000,11524,11525,11524,2
2019-11-12,15:01:30.655000,11524,11525,11525,1
2019-11-12,15:01:32.288000,11524,11525,11524,1
2019-11-12,15:01:33.975000,11524,11525,11524,3
2019-11-12,15:01:35.748000,11524,11525,11524,1
2019-11-12,15:01:36.080000,11523,11524,11523,2
2019-11-12,15:01:41.920000,11523,11524,11523,1
2019-11-12,15:02:00.140000,11523,11524,11523,2
2019-11-12,15:02:23.044000,11523,11524,11524,1
2019-11-12,15:02:25.331000,11523,11524,11524,1
2019-11-12,15:02:25.748000,11523,11524,11524,1
2019-11-12,15:02:29.232000,11523,11524,11524,1
2019-11-12,15:02:37.497000,11523,11524,11524,1
2019-11-12,15:02:38.027000,11523,11524,11524,3
2019-11-12,15:02:40.093000,11523,11524,11524,4
2019-11-12,15:02:42.549000,11523,11524,11524,1
2019-11-12,15:02:48.034000,11523,11524,11524,1
2019-11-12,15:02:48.928000,11523,11524,11524,3
2019-11-12,15:02:50.418000,11523,11524,11524,1
2019-11-12,15:02:51.126000,11523,11524,11523,2
2019-11-12,15:02:51.191000,11523,11524,11524,1
2019-11-12,15:02:52.976000,11523,11524,11524,1
2019-11-12,15:02:53.093000,11523,11524,11524,2
2019-11-12,15:02:53.831000,11523,11524,11524,1
2019-11-12,15:02:54.242000,11523,11524,11524,1
2019-11-12,15:02:54.849000,11523,11524,11524,1
2019-11-12,15:02:56.365000,11523,11524,11524,6
2019-11-12,15:02:58.392000,11523,11524,11524,1
2019-11-12,15:02:59.652000,11523,11524,11524,10
2019-11-12,15:03:00.038000,11523,11524,11524,2
2019-11-12,15:03:00.503000,11523,11524,11524,1
2019-11-12,15:03:02.068000,11523,11524,11524,1
2019-11-12,15:03:03.223000,11523,11524,11524,1
2019-11-12,15:03:03.319000,11523,11524,11524,1
2019-11-12,15:03:03.433000,11523,11524,11524,1
2019-11-12,15:03:03.977000,11523,11524,11524,1
2019-11-12,15:03:04.490000,11523,11524,11524,1
2019-11-12,15:03:04.576000,11523,11524,11524,1
2019-11-12,15:03:08.454000,11523,11524,11524,2
2019-11-12,15:03:08.775000,11523,11524,11524,6
2019-11-12,15:03:08.885000,11523,11524,11524,1
2019-11-12,15:03:09.428000,11524,11525,11525,1
2019-11-12,15:03:09.739000,11524,11525,11524,1
2019-11-12,15:03:12.017000,11524,11525,11525,1
2019-11-12,15:03:12.306000,11524,11525,11525,1
2019-11-12,15:03:17.369000,11524,11525,11524,3
2019-11-12,15:03:21.442000,11523,11524,11524,1
2019-11-12,15:03:25.315000,11523,11524,11524,1
2019-11-12,15:03:31.577000,11523,11524,11524,5
2019-11-12,15:03:36.510000,11523,11524,11524,1
2019-11-12,15:03:41.763000,11523,11524,11524,1
2019-11-12,15:03:42.559000,11523,11524,11524,1
2019-11-12,15:03:42.613000,11523,11524,11524,1
2019-11-12,15:03:57.165000,11523,11524,11524,1
2019-11-12,15:03:57.655000,11523,11524,11524,1
2019-11-12,15:04:10.728000,11523,11524,11524,1
2019-11-12,15:04:11.010000,11524,11525,11524,9
2019-11-12,15:04:11.863000,11523,11524,11524,1
2019-11-12,15:04:16.018000,11523,11524,11524,1
2019-11-12,15:04:17.299000,11523,11524,11523,20
2019-11-12,15:04:18.921000,11523,11524,11524,1
2019-11-12,15:04:19.331000,11523,11524,11523,22
2019-11-12,15:04:19.385000,11523,11524,11523,3
2019-11-12,15:04:19.385000,11523,11524,11523,1
2019-11-12,15:04:20.540000,11522,11523,11523,1
2019-11-12,15:04:30.267000,11522,11523,11522,1
2019-11-12,15:04:31.493000,11522,11523,11522,1
2019-11-12,15:04:33.237000,11522,11523,11523,8
2019-11-12,15:04:34.869000,11522,11523,11522,5
2019-11-12,15:04:37.040000,11522,11523,11522,14
2019-11-12,15:04:37.386000,11521,11522,11522,2
2019-11-12,15:04:37.743000,11522,11523,11522,2
2019-11-12,15:04:38.692000,11522,11523,11522,1
2019-11-12,15:04:45.160000,11522,11523,11522,2
2019-11-12,15:04:52.916000,11521,11522,11522,1
2019-11-12,15:04:57.285000,11521,11522,11521,2
2019-11-12,15:05:03.234000,11521,11522,11521,1
2019-11-12,15:05:03.310000,11521,11522,11521,2
2019-11-12,15:05:03.911000,11521,11522,11522,1
2019-11-12,15:05:04.537000,11521,11522,11522,1
2019-11-12,15:05:06.253000,11521,11522,11521,1
2019-11-12,15:05:06.711000,11521,11522,11521,2
2019-11-12,15:05:06.723000,11521,11522,11521,1
2019-11-12,15:05:13.424000,11521,11522,11521,1
2019-11-12,15:05:13.510000,11521,11522,11521,20
2019-11-12,15:05:14.157000,11520,11521,11521,1
2019-11-12,15:05:15.309000,11520,11521,11520,2
2019-11-12,15:05:15.428000,11520,11521,11521,2
2019-11-12,15:05:15.453000,11520,11521,11521,2
2019-11-12,15:05:15.479000,11520,11521,11521,2
2019-11-12,15:05:15.504000,11520,11521,11521,2
2019-11-12,15:05:15.510000,11520,11521,11521,2
2019-11-12,15:05:15.535000,11520,11521,11521,2
2019-11-12,15:05:15.635000,11520,11521,11520,2
2019-11-12,15:05:15.660000,11520,11521,11520,2
2019-11-12,15:05:15.685000,11520,11521,11520,2
2019-11-12,15:05:23.033000,11520,11521,11520,1
2019-11-12,15:05:27.494000,11520,11521,11520,9
2019-11-12,15:05:28.737000,11520,11521,11520,2
2019-11-12,15:05:30.887000,11520,11521,11520,1
2019-11-12,15:05:30.997000,11520,11521,11520,1
2019-11-12,15:05:31.640000,11520,11521,11520,1
2019-11-12,15:05:33.716000,11520,11521,11520,1
2019-11-12,15:05:33.878000,11520,11521,11520,1
2019-11-12,15:05:35.412000,11520,11521,11520,1
2019-11-12,15:05:36.809000,11520,11521,11520,1
2019-11-12,15:05:46.970000,11520,11521,11520,2
2019-11-12,15:05:47.367000,11520,11521,11520,1
2019-11-12,15:05:47.751000,11520,11521,11521,1
2019-11-12,15:05:47.760000,11520,11521,11521,2
2019-11-12,15:05:47.760000,11520,11521,11521,2
2019-11-12,15:05:47.760000,11520,11521,11521,2
2019-11-12,15:05:47.767000,11520,11521,11521,2
2019-11-12,15:05:48.553000,11521,11522,11522,1
2019-11-12,15:05:48.954000,11521,11522,11522,2
2019-11-12,15:05:52.243000,11521,11522,11521,2
2019-11-12,15:06:00.670000,11521,11522,11521,14
2019-11-12,15:06:00.737000,11521,11522,11521,2
2019-11-12,15:06:01.267000,11520,11521,11521,1
2019-11-12,15:06:01.269000,11520,11521,11521,1
2019-11-12,15:06:08.037000,11520,11521,11520,2
2019-11-12,15:06:09.938000,11520,11521,11521,1
2019-11-12,15:06:10.523000,11520,11521,11521,2
2019-11-12,15:06:19.704000,11520,11521,11521,1
2019-11-12,15:06:24.856000,11520,11521,11521,1
2019-11-12,15:06:35.990000,11520,11521,11521,1
2019-11-12,15:06:42.401000,11520,11521,11521,1
2019-11-12,15:06:56.368000,11520,11521,11520,1
2019-11-12,15:06:57.705000,11520,11521,11520,1
2019-11-12,15:07:03.446000,11520,11521,11520,1
2019-11-12,15:07:04.715000,11520,11521,11520,1
2019-11-12,15:07:14.221000,11520,11521,11520,3
2019-11-12,15:07:14.294000,11520,11521,11520,4
2019-11-12,15:07:20.079000,11520,11521,11520,1
2019-11-12,15:07:20.144000,11520,11521,11521,1
2019-11-12,15:07:23.386000,11520,11521,11521,4
2019-11-12,15:07:30.397000,11520,11521,11521,1
2019-11-12,15:07:38.329000,11520,11521,11521,1
2019-11-12,15:07:42.054000,11520,11521,11521,1
2019-11-12,15:07:42.767000,11520,11521,11520,1
2019-11-12,15:07:48.481000,11520,11521,11521,4
2019-11-12,15:07:49.861000,11520,11521,11521,3
2019-11-12,15:07:51.444000,11521,11522,11521,1
2019-11-12,15:07:53.760000,11521,11522,11521,8
2019-11-12,15:08:03.010000,11521,11522,11521,1
2019-11-12,15:08:17.172000,11520,11522,11520,1
2019-11-12,15:08:21.262000,11520,11521,11521,1
2019-11-12,15:08:29.163000,11520,11521,11521,1
2019-11-12,15:08:40.468000,11520,11521,11521,1
2019-11-12,15:08:48.041000,11520,11521,11521,1
2019-11-12,15:08:48.790000,11520,11521,11520,2
2019-11-12,15:09:02.243000,11520,11521,11521,1
2019-11-12,15:09:06.845000,11520,11521,11521,2
2019-11-12,15:09:12.565000,11520,11521,11521,1
2019-11-12,15:09:20.135000,11520,11521,11520,7
2019-11-12,15:09:20.260000,11520,11521,11520,15
2019-11-12,15:09:20.260000,11520,11521,11520,4
2019-11-12,15:09:20.260000,11520,11521,11520,2
2019-11-12,15:09:20.384000,11520,11521,11520,2
2019-11-12,15:09:21.994000,11519,11520,11520,1
2019-11-12,15:09:32.103000,11519,11520,11519,24
2019-11-12,15:09:32.362000,11519,11520,11519,1
2019-11-12,15:09:32.692000,11519,11520,11519,1
2019-11-12,15:09:33.081000,11519,11520,11520,1
2019-11-12,15:09:33.319000,11519,11520,11519,1
2019-11-12,15:09:35.010000,11519,11520,11519,1
2019-11-12,15:09:36.293000,11519,11520,11519,2
2019-11-12,15:09:38.894000,11519,11520,11519,1
2019-11-12,15:09:40.148000,11519,11520,11519,1
2019-11-12,15:09:40.437000,11519,11520,11519,7
2019-11-12,15:09:40.626000,11518,11519,11518,1
2019-11-12,15:09:40.855000,11518,11519,11518,1
2019-11-12,15:09:45.087000,11518,11519,11518,2
2019-11-12,15:09:46.455000,11518,11519,11518,1
2019-11-12,15:09:46.534000,11518,11519,11518,2
2019-11-12,15:09:49.929000,11518,11519,11518,1
2019-11-12,15:09:51.211000,11518,11519,11519,1
2019-11-12,15:09:51.831000,11518,11519,11518,1
2019-11-12,15:09:52.910000,11518,11519,11518,2
2019-11-12,15:09:56.508000,11518,11519,11518,1
2019-11-12,15:10:03.384000,11518,11519,11518,1
2019-11-12,15:10:11.171000,11518,11519,11518,1
2019-11-12,15:10:13.610000,11518,11519,11518,1
2019-11-12,15:10:15.877000,11518,11519,11518,1
2019-11-12,15:10:20.395000,11518,11519,11518,1
2019-11-12,15:10:22.628000,11518,11519,11518,1
2019-11-12,15:10:30.086000,11518,11519,11519,1
2019-11-12,15:10:36.707000,11518,11519,11519,1
2019-11-12,15:10:39.081000,11518,11519,11518,1
2019-11-12,15:10:42.035000,11518,11519,11518,2
2019-11-12,15:10:42.648000,11518,11519,11519,1
2019-11-12,15:10:43.338000,11518,11519,11518,2
2019-11-12,15:10:44.906000,11518,11519,11519,1
2019-11-12,15:10:51.511000,11518,11519,11519,13
2019-11-12,15:10:51.763000,11519,11520,11519,2
2019-11-12,15:10:53.976000,11519,11520,11519,5
2019-11-12,15:10:59.564000,11519,11520,11519,1
2019-11-12,15:11:01.222000,11519,11520,11519,4
2019-11-12,15:11:01.824000,11519,11520,11519,1
2019-11-12,15:11:02.117000,11519,11520,11519,1
2019-11-12,15:11:04.458000,11519,11520,11519,8
2019-11-12,15:11:05.647000,11518,11519,11519,1
2019-11-12,15:11:08.539000,11518,11519,11518,1
2019-11-12,15:11:19.970000,11518,11519,11518,1
2019-11-12,15:11:28.047000,11518,11519,11518,1
2019-11-12,15:11:36.760000,11518,11519,11518,1
2019-11-12,15:11:37.343000,11518,11519,11519,1
2019-11-12,15:11:40.563000,11518,11519,11518,2
2019-11-12,15:11:51.284000,11518,11519,11518,1
2019-11-12,15:12:07.939000,11518,11519,11518,1
2019-11-12,15:12:12.738000,11518,11519,11518,1
2019-11-12,15:12:12.779000,11518,11519,11518,2
2019-11-12,15:12:23.577000,11518,11519,11518,4
2019-11-12,15:12:27.308000,11518,11519,11519,24
2019-11-12,15:12:27.385000,11518,11519,11519,1
2019-11-12,15:12:27.385000,11518,11519,11519,2
2019-11-12,15:12:27.385000,11518,11519,11519,4
2019-11-12,15:12:27.385000,11518,11519,11519,4
2019-11-12,15:12:27.385000,11518,11519,11519,2
2019-11-12,15:12:27.385000,11518,11519,11519,3
2019-11-12,15:12:27.385000,11518,11519,11519,4
2019-11-12,15:12:27.385000,11518,11519,11519,2
2019-11-12,15:12:27.385000,11518,11519,11519,2
2019-11-12,15:12:27.385000,11518,11519,11519,3
2019-11-12,15:12:27.385000,11518,11519,11519,3
2019-11-12,15:12:27.386000,11518,11519,11519,1
2019-11-12,15:12:27.735000,11519,11520,11519,2
2019-11-12,15:12:27.833000,11519,11520,11519,1
2019-11-12,15:12:29.291000,11519,11520,11519,5
2019-11-12,15:12:29.493000,11519,11520,11519,1
2019-11-12,15:12:33.019000,11518,11520,11520,1
2019-11-12,15:12:34.361000,11519,11520,11519,1
2019-11-12,15:12:37.683000,11519,11520,11519,1
2019-11-12,15:12:53.341000,11519,11520,11520,1
2019-11-12,15:13:00.322000,11519,11520,11519,1
2019-11-12,15:13:04.347000,11519,11520,11519,3
2019-11-12,15:13:04.475000,11519,11520,11519,14
2019-11-12,15:13:05.353000,11518,11519,11519,2
2019-11-12,15:13:05.374000,11518,11519,11519,1
2019-11-12,15:13:08.624000,11518,11519,11519,1
2019-11-12,15:13:09.938000,11518,11519,11519,1
2019-11-12,15:13:11.961000,11518,11519,11519,1
2019-11-12,15:13:15.274000,11518,11519,11519,1
2019-11-12,15:13:17.036000,11518,11519,11519,2
2019-11-12,15:13:19.902000,11518,11519,11519,1
2019-11-12,15:13:20.503000,11518,11519,11519,15
2019-11-12,15:13:20.519000,11518,11519,11519,2
2019-11-12,15:13:28.651000,11518,11519,11519,1
2019-11-12,15:13:29.325000,11518,11519,11519,1
2019-11-12,15:13:30.935000,11518,11520,11518,1
2019-11-12,15:13:36.401000,11518,11520,11518,1
2019-11-12,15:13:37.855000,11518,11519,11519,1
2019-11-12,15:13:39.864000,11519,11520,11519,1
2019-11-12,15:13:49.814000,11519,11520,11519,1
2019-11-12,15:13:51.975000,11519,11520,11519,1
2019-11-12,15:14:06.264000,11518,11519,11519,1
2019-11-12,15:14:16.780000,11518,11519,11519,1
2019-11-12,15:14:24.783000,11518,11519,11519,1
2019-11-12,15:14:31.599000,11518,11519,11519,1
2019-11-12,15:14:47.961000,11518,11519,11518,2
2019-11-12,15:14:49.554000,11518,11519,11519,1
2019-11-12,15:14:50.905000,11518,11519,11519,1
2019-11-12,15:14:59.906000,11518,11519,11518,53
2019-11-12,15:15:00.010000,11518,11519,11518,4
2019-11-12,15:15:00.010000,11518,11519,11518,4
2019-11-12,15:15:00.010000,11518,11519,11518,2
2019-11-12,15:15:00.436000,11517,11518,11518,1
2019-11-12,15:15:06.281000,11517,11518,11517,20
2019-11-12,15:15:06.487000,11517,11518,11517,1
2019-11-12,15:15:12.921000,11517,11518,11518,24
2019-11-12,15:15:13.090000,11517,11518,11518,1
2019-11-12,15:15:13.366000,11518,11519,11518,2
2019-11-12,15:15:15.152000,11517,11519,11517,1
2019-11-12,15:15:16.006000,11517,11519,11517,1
2019-11-12,15:15:19.915000,11517,11518,11517,1
2019-11-12,15:15:28.440000,11517,11518,11517,2
2019-11-12,15:15:44.625000,11517,11518,11517,1
2019-11-12,15:15:45.868000,11517,11518,11517,1
2019-11-12,15:15:47.988000,11517,11518,11517,1
2019-11-12,15:15:55.583000,11517,11518,11518,1
2019-11-12,15:15:57.626000,11517,11518,11517,1
2019-11-12,15:15:58.042000,11517,11518,11518,1
2019-11-12,15:15:58.210000,11517,11518,11518,1
2019-11-12,15:15:58.314000,11517,11518,11518,12
2019-11-12,15:15:58.314000,11517,11518,11518,13
2019-11-12,15:15:58.314000,11517,11518,11518,4
2019-11-12,15:15:58.314000,11517,11518,11518,4
2019-11-12,15:15:58.314000,11517,11518,11518,11
2019-11-12,15:15:58.465000,11517,11519,11518,6
2019-11-12,15:16:00.513000,11518,11519,11519,3
2019-11-12,15:16:02.366000,11518,11519,11518,4
2019-11-12,15:16:02.368000,11518,11519,11518,1
2019-11-12,15:16:02.610000,11517,11518,11518,1
2019-11-12,15:16:11.693000,11517,11518,11518,3
2019-11-12,15:16:13.098000,11517,11518,11518,1
2019-11-12,15:16:14.142000,11517,11518,11518,1
2019-11-12,15:16:18.605000,11517,11518,11518,1
2019-11-12,15:16:18.708000,11517,11518,11517,1
2019-11-12,15:16:25.297000,11517,11518,11518,1
2019-11-12,15:16:35.195000,11517,11518,11517,2
2019-11-12,15:16:35.259000,11517,11518,11517,7
2019-11-12,15:16:35.260000,11517,11518,11517,38
2019-11-12,15:16:35.510000,11516,11517,11516,14
2019-11-12,15:16:35.992000,11516,11517,11516,2
2019-11-12,15:16:36.514000,11516,11517,11517,15
2019-11-12,15:16:36.861000,11516,11517,11516,1
2019-11-12,15:16:37.010000,11516,11517,11516,1
2019-11-12,15:16:40.155000,11515,11516,11515,1
2019-11-12,15:16:40.284000,11515,11516,11515,1
2019-11-12,15:16:40.327000,11515,11516,11515,2
2019-11-12,15:16:40.826000,11515,11516,11516,1
2019-11-12,15:16:42.266000,11515,11516,11515,2
2019-11-12,15:16:46.586000,11515,11516,11515,5
2019-11-12,15:16:46.635000,11515,11516,11515,2
2019-11-12,15:16:46.660000,11515,11516,11515,2
2019-11-12,15:16:46.685000,11515,11516,11515,2
2019-11-12,15:16:46.711000,11515,11516,11515,2
2019-11-12,15:16:46.760000,11515,11516,11515,1
2019-11-12,15:16:47.116000,11515,11516,11515,5
2019-11-12,15:16:47.998000,11515,11516,11515,2
2019-11-12,15:16:49.951000,11515,11516,11515,1
2019-11-12,15:16:51.087000,11515,11516,11515,5
2019-11-12,15:16:54.083000,11515,11516,11515,1
2019-11-12,15:17:01.505000,11515,11516,11515,2
2019-11-12,15:17:02.637000,11515,11516,11515,1
2019-11-12,15:17:07.660000,11515,11516,11515,1
2019-11-12,15:17:08.910000,11515,11516,11515,4
2019-11-12,15:17:09.137000,11514,11515,11515,2
2019-11-12,15:17:15.327000,11514,11515,11515,3
2019-11-12,15:17:17.359000,11514,11515,11515,1
2019-11-12,15:17:31.015000,11514,11515,11514,5
2019-11-12,15:17:31.149000,11514,11515,11514,5
2019-11-12,15:17:31.162000,11514,11515,11514,1
2019-11-12,15:17:31.469000,11514,11515,11514,5
2019-11-12,15:17:36.005000,11513,11514,11514,1
2019-11-12,15:17:37.116000,11513,11514,11514,1
2019-11-12,15:17:37.614000,11513,11514,11513,2
2019-11-12,15:17:37.742000,11513,11514,11513,1
2019-11-12,15:17:37.898000,11513,11514,11513,2
2019-11-12,15:17:38.239000,11513,11514,11513,2
2019-11-12,15:17:41.988000,11513,11514,11513,1
2019-11-12,15:17:44.084000,11513,11514,11513,2
2019-11-12,15:17:45.012000,11513,11514,11513,3
2019-11-12,15:17:45.226000,11513,11514,11513,4
2019-11-12,15:17:47.399000,11513,11514,11513,1
2019-11-12,15:17:47.464000,11513,11514,11513,1
2019-11-12,15:17:47.805000,11512,11513,11513,2
2019-11-12,15:17:48.418000,11512,11513,11512,1
2019-11-12,15:17:48.659000,11512,11513,11513,1
2019-11-12,15:17:49.530000,11512,11513,11512,1
2019-11-12,15:17:49.647000,11512,11513,11513,1
2019-11-12,15:17:50.010000,11512,11513,11513,6
2019-11-12,15:17:51.568000,11513,11514,11513,1
2019-11-12,15:17:54.211000,11513,11514,11513,4
2019-11-12,15:17:54.877000,11513,11514,11513,1
2019-11-12,15:17:55.493000,11513,11514,11513,1
2019-11-12,15:17:57.658000,11513,11514,11514,3
2019-11-12,15:17:58.490000,11513,11514,11514,11
2019-11-12,15:17:59.280000,11514,11515,11515,1
2019-11-12,15:18:01.225000,11514,11515,11515,2
2019-11-12,15:18:09.906000,11514,11515,11515,5
2019-11-12,15:18:14.385000,11514,11515,11514,1
2019-11-12,15:18:14.468000,11514,11515,11515,2
2019-11-12,15:18:22.796000,11514,11515,11515,1
2019-11-12,15:18:25.523000,11514,11515,11514,1
2019-11-12,15:18:25.672000,11514,11515,11514,1
2019-11-12,15:18:25.681000,11514,11515,11515,1
2019-11-12,15:18:26.986000,11514,11515,11515,1
2019-11-12,15:18:35.923000,11514,11515,11515,1
2019-11-12,15:18:36.924000,11514,11515,11514,1
2019-11-12,15:19:03.116000,11514,11515,11514,1
2019-11-12,15:19:03.138000,11514,11515,11515,1
2019-11-12,15:19:10.347000,11514,11515,11515,2
2019-11-12,15:19:14.842000,11514,11515,11515,1
2019-11-12,15:19:20.359000,11514,11515,11515,1
2019-11-12,15:19:21.353000,11514,11515,11514,10
2019-11-12,15:19:23.821000,11514,11515,11514,1
2019-11-12,15:19:29.348000,11514,11515,11514,5
2019-11-12,15:19:47.129000,11514,11515,11514,3
2019-11-12,15:19:47.541000,11514,11515,11514,1
2019-11-12,15:20:00.089000,11514,11515,11514,1
2019-11-12,15:20:19.559000,11514,11515,11514,1
2019-11-12,15:20:20.084000,11514,11515,11514,1
2019-11-12,15:20:25.095000,11514,11515,11514,2
2019-11-12,15:20:25.257000,11514,11515,11514,1
2019-11-12,15:20:28.489000,11514,11515,11514,2
2019-11-12,15:20:32.381000,11514,11515,11514,1
2019-11-12,15:20:32.610000,11514,11515,11514,2
2019-11-12,15:20:53.468000,11514,11515,11514,1
2019-11-12,15:20:56.246000,11514,11515,11514,1
2019-11-12,15:21:02.368000,11514,11515,11515,3
2019-11-12,15:21:02.635000,11514,11515,11514,2
2019-11-12,15:21:02.660000,11514,11515,11514,2
2019-11-12,15:21:02.685000,11514,11515,11514,2
2019-11-12,15:21:05.735000,11514,11515,11514,1
2019-11-12,15:21:17.623000,11514,11515,11514,1
2019-11-12,15:21:21.406000,11514,11515,11514,2
2019-11-12,15:21:25.633000,11514,11515,11514,1
2019-11-12,15:21:25.634000,11514,11515,11514,2
2019-11-12,15:21:25.634000,11514,11515,11514,1
2019-11-12,15:21:25.639000,11514,11515,11514,1
2019-11-12,15:21:25.760000,11514,11515,11514,4
2019-11-12,15:21:25.760000,11514,11515,11514,4
2019-11-12,15:21:25.760000,11514,11515,11514,3
2019-11-12,15:21:28.356000,11513,11514,11513,1
2019-11-12,15:21:45.175000,11513,11514,11513,1
2019-11-12,15:21:53.457000,11513,11514,11513,4
2019-11-12,15:21:53.487000,11513,11514,11513,3
2019-11-12,15:21:54.362000,11513,11514,11513,2
2019-11-12,15:21:55.115000,11513,11514,11513,2
2019-11-12,15:21:56.256000,11513,11514,11513,1
2019-11-12,15:22:01.391000,11513,11514,11513,20
2019-11-12,15:22:01.391000,11513,11514,11512,80
2019-11-12,15:22:01.510000,11512,11513,11512,6
2019-11-12,15:22:01.510000,11512,11513,11512,2
2019-11-12,15:22:01.585000,11512,11513,11511,2
2019-11-12,15:22:01.635000,11511,11512,11511,5
2019-11-12,15:22:01.766000,11511,11512,11511,2
2019-11-12,15:22:01.815000,11511,11512,11511,2
2019-11-12,15:22:02.263000,11511,11512,11512,1
2019-11-12,15:22:04.261000,11511,11512,11512,7
2019-11-12,15:22:04.747000,11512,11513,11512,2
2019-11-12,15:22:08.625000,11512,11513,11512,5
2019-11-12,15:22:08.876000,11512,11513,11512,1
2019-11-12,15:22:10.178000,11512,11513,11512,1
2019-11-12,15:22:10.178000,11512,11513,11511,2
2019-11-12,15:22:12.672000,11511,11513,11511,2
2019-11-12,15:22:17.141000,11511,11512,11511,1
2019-11-12,15:22:21.693000,11511,11512,11512,2
2019-11-12,15:22:22.478000,11511,11512,11511,1
2019-11-12,15:22:22.556000,11511,11512,11512,2
2019-11-12,15:22:24.365000,11511,11512,11512,1
2019-11-12,15:22:30.220000,11511,11512,11511,2
2019-11-12,15:22:31.979000,11511,11512,11511,1
2019-11-12,15:22:32.504000,11511,11512,11512,1
2019-11-12,15:22:32.704000,11511,11512,11511,10
2019-11-12,15:22:33.189000,11511,11512,11511,1
2019-11-12,15:22:33.189000,11511,11512,11511,3
2019-11-12,15:22:33.190000,11511,11512,11511,3
2019-11-12,15:22:33.190000,11511,11512,11511,2
2019-11-12,15:22:39.472000,11510,11511,11510,6
2019-11-12,15:22:39.547000,11510,11511,11510,1
2019-11-12,15:22:39.892000,11510,11511,11510,2
2019-11-12,15:22:42,11510,11511,11510,40
2019-11-12,15:22:42.010000,11510,11511,11510,3
2019-11-12,15:22:43.462000,11509,11510,11510,1
2019-11-12,15:22:51.142000,11509,11510,11510,1
2019-11-12,15:22:51.260000,11509,11510,11510,6
2019-11-12,15:22:51.613000,11510,11511,11510,2
2019-11-12,15:22:53.335000,11510,11511,11510,15
2019-11-12,15:22:53.335000,11510,11511,11509,67
2019-11-12,15:22:53.336000,11510,11511,11509,2
2019-11-12,15:22:53.336000,11510,11511,11509,6
2019-11-12,15:22:53.336000,11510,11511,11509,1
2019-11-12,15:22:53.337000,11510,11511,11509,3
2019-11-12,15:22:53.481000,11508,11510,11508,1
2019-11-12,15:22:53.508000,11508,11510,11508,1
2019-11-12,15:22:53.510000,11508,11509,11508,5
2019-11-12,15:22:53.511000,11508,11509,11509,4
2019-11-12,15:22:53.714000,11508,11509,11508,1
2019-11-12,15:22:53.761000,11508,11509,11509,1
2019-11-12,15:22:53.784000,11508,11509,11508,1
2019-11-12,15:22:53.809000,11508,11509,11509,1
2019-11-12,15:22:53.846000,11508,11509,11508,1
2019-11-12,15:22:55.927000,11508,11509,11508,1
2019-11-12,15:22:55.938000,11508,11509,11509,1
2019-11-12,15:22:56.577000,11508,11509,11508,3
2019-11-12,15:22:57.176000,11508,11509,11508,6
2019-11-12,15:22:57.386000,11507,11508,11508,1
2019-11-12,15:22:57.644000,11507,11509,11509,1
2019-11-12,15:22:57.928000,11508,11509,11508,1
2019-11-12,15:22:58.431000,11508,11509,11509,1
2019-11-12,15:22:58.520000,11508,11509,11508,1
2019-11-12,15:22:59.760000,11508,11509,11509,1
2019-11-12,15:23:01.397000,11509,11510,11509,1
2019-11-12,15:23:01.506000,11509,11510,11509,2
2019-11-12,15:23:01.650000,11509,11510,11509,4
2019-11-12,15:23:01.650000,11509,11510,11508,62
2019-11-12,15:23:01.652000,11509,11510,11508,2
2019-11-12,15:23:01.761000,11507,11509,11507,2
2019-11-12,15:23:01.885000,11507,11508,11507,5
2019-11-12,15:23:01.885000,11507,11508,11508,1
2019-11-12,15:23:01.997000,11507,11508,11507,1
2019-11-12,15:23:02.013000,11507,11508,11508,1
2019-11-12,15:23:02.154000,11506,11508,11508,2
2019-11-12,15:23:02.676000,11507,11508,11507,2
2019-11-12,15:23:02.949000,11507,11508,11508,1
2019-11-12,15:23:03.710000,11507,11508,11507,1
2019-11-12,15:23:03.942000,11507,11508,11508,1
2019-11-12,15:23:04.857000,11507,11508,11507,5
2019-11-12,15:23:04.857000,11507,11508,11506,1
2019-11-12,15:23:05.795000,11507,11508,11507,1
2019-11-12,15:23:05.822000,11507,11508,11507,1
2019-11-12,15:23:06.394000,11507,11508,11507,1
2019-11-12,15:23:07.116000,11507,11508,11507,1
2019-11-12,15:23:08.690000,11506,11507,11507,1
2019-11-12,15:23:08.953000,11506,11507,11507,1
2019-11-12,15:23:09.007000,11506,11507,11507,1
2019-11-12,15:23:09.058000,11506,11507,11507,1
2019-11-12,15:23:09.064000,11506,11507,11506,2
2019-11-12,15:23:09.459000,11506,11507,11507,1
2019-11-12,15:23:10.688000,11506,11507,11507,2
2019-11-12,15:23:10.691000,11506,11507,11507,1
2019-11-12,15:23:11.659000,11506,11507,11506,18
2019-11-12,15:23:13.283000,11506,11507,11506,1
2019-11-12,15:23:13.833000,11506,11507,11506,1
2019-11-12,15:23:13.894000,11506,11507,11506,1
2019-11-12,15:23:14.209000,11506,11507,11506,2
2019-11-12,15:23:14.409000,11506,11507,11506,3
2019-11-12,15:23:15.107000,11506,11507,11507,2
2019-11-12,15:23:15.319000,11506,11507,11507,1
2019-11-12,15:23:15.390000,11506,11507,11506,1
2019-11-12,15:23:16.196000,11506,11507,11506,1
2019-11-12,15:23:16.682000,11506,11507,11506,5
2019-11-12,15:23:16.747000,11506,11507,11506,1
2019-11-12,15:23:17.082000,11506,11507,11506,1
2019-11-12,15:23:17.614000,11506,11507,11507,1
2019-11-12,15:23:18.344000,11506,11507,11507,1
2019-11-12,15:23:18.603000,11506,11507,11506,1
2019-11-12,15:23:19.505000,11506,11507,11506,1
2019-11-12,15:23:19.831000,11506,11507,11506,1
2019-11-12,15:23:20.405000,11506,11507,11506,1
2019-11-12,15:23:21.012000,11506,11507,11507,1
2019-11-12,15:23:21.384000,11506,11507,11506,1
2019-11-12,15:23:21.539000,11506,11507,11506,1
2019-11-12,15:23:22.032000,11506,11507,11506,1
2019-11-12,15:23:23.061000,11506,11507,11506,1
2019-11-12,15:23:24.916000,11506,11507,11507,1
2019-11-12,15:23:25.307000,11506,11507,11507,14
2019-11-12,15:23:26.919000,11507,11508,11508,20
2019-11-12,15:23:26.945000,11507,11508,11508,2
2019-11-12,15:23:26.970000,11507,11508,11508,2
2019-11-12,15:23:27.035000,11508,11509,11508,28
2019-11-12,15:23:27.035000,11508,11509,11507,6
2019-11-12,15:23:27.265000,11507,11508,11508,5
2019-11-12,15:23:27.552000,11507,11508,11508,2
2019-11-12,15:23:29.596000,11507,11509,11507,1
2019-11-12,15:23:30.417000,11507,11508,11508,2
2019-11-12,15:23:32.463000,11507,11508,11508,1
2019-11-12,15:23:33.147000,11507,11508,11508,2
2019-11-12,15:23:33.147000,11507,11508,11507,1
2019-11-12,15:23:33.192000,11507,11508,11508,2
2019-11-12,15:23:33.522000,11507,11508,11508,2
2019-11-12,15:23:33.785000,11507,11508,11508,2
2019-11-12,15:23:34.161000,11507,11508,11508,1
2019-11-12,15:23:34.547000,11507,11508,11507,1
2019-11-12,15:23:35.261000,11507,11508,11507,18
2019-11-12,15:23:35.625000,11506,11507,11507,1
2019-11-12,15:23:36.154000,11506,11507,11507,1
2019-11-12,15:23:38.693000,11506,11507,11507,1
2019-11-12,15:23:38.937000,11506,11507,11506,6
2019-11-12,15:23:39.535000,11506,11507,11507,1
2019-11-12,15:23:39.665000,11506,11507,11506,1
2019-11-12,15:23:41.668000,11506,11507,11507,2
2019-11-12,15:23:42.218000,11506,11507,11506,1
2019-11-12,15:23:43.058000,11506,11507,11507,1
2019-11-12,15:23:44.606000,11506,11507,11506,2
2019-11-12,15:23:45.216000,11506,11507,11507,1
2019-11-12,15:23:48.068000,11506,11507,11507,1
2019-11-12,15:23:48.227000,11506,11507,11507,5
2019-11-12,15:23:49.569000,11507,11508,11507,4
2019-11-12,15:23:52.539000,11507,11508,11508,1
2019-11-12,15:23:52.829000,11507,11508,11507,1
2019-11-12,15:23:54.266000,11507,11508,11508,1
2019-11-12,15:23:54.920000,11507,11508,11508,2
2019-11-12,15:23:56.311000,11507,11508,11507,2
2019-11-12,15:23:56.511000,11507,11508,11508,1
2019-11-12,15:23:57.074000,11507,11508,11507,2
2019-11-12,15:23:59.885000,11507,11508,11508,25
2019-11-12,15:24:00.010000,11507,11508,11508,7
2019-11-12,15:24:00.010000,11507,11508,11508,2
2019-11-12,15:24:00.010000,11507,11508,11508,10
2019-11-12,15:24:00.545000,11508,11509,11508,1
2019-11-12,15:24:00.680000,11508,11509,11508,1
2019-11-12,15:24:02.336000,11508,11509,11509,5
2019-11-12,15:24:02.606000,11508,11509,11508,1
2019-11-12,15:24:03.386000,11508,11509,11509,3
2019-11-12,15:24:04.055000,11508,11509,11508,1
2019-11-12,15:24:06.497000,11508,11509,11509,1
2019-11-12,15:24:08.111000,11508,11509,11509,5
2019-11-12,15:24:11.109000,11509,11510,11510,1
2019-11-12,15:24:11.126000,11509,11510,11509,2
2019-11-12,15:24:16.021000,11509,11510,11510,2
2019-11-12,15:24:17.714000,11509,11510,11510,1
2019-11-12,15:24:20.005000,11509,11510,11510,1
2019-11-12,15:24:21.315000,11509,11510,11510,1
2019-11-12,15:24:23.450000,11509,11510,11510,2
2019-11-12,15:24:25.293000,11509,11510,11510,2
2019-11-12,15:24:25.600000,11509,11510,11510,1
2019-11-12,15:24:25.610000,11509,11510,11510,2
2019-11-12,15:24:26.845000,11509,11510,11510,2
2019-11-12,15:24:26.968000,11509,11510,11509,10
2019-11-12,15:24:28.561000,11509,11510,11510,1
2019-11-12,15:24:28.691000,11509,11510,11510,1
2019-11-12,15:24:30.309000,11509,11510,11510,1
2019-11-12,15:24:30.331000,11509,11510,11510,1
2019-11-12,15:24:31.376000,11509,11510,11510,2
2019-11-12,15:24:32.445000,11509,11510,11510,1
2019-11-12,15:24:33.626000,11509,11510,11510,1
2019-11-12,15:24:33.722000,11509,11510,11510,1
2019-11-12,15:24:35.820000,11509,11510,11510,2
2019-11-12,15:24:36.712000,11509,11510,11510,1
2019-11-12,15:24:36.939000,11509,11510,11510,2
2019-11-12,15:24:41.404000,11509,11510,11510,5
2019-11-12,15:24:42.779000,11509,11510,11510,1
2019-11-12,15:24:43.735000,11509,11510,11510,1
2019-11-12,15:24:45.740000,11509,11510,11510,1
2019-11-12,15:24:46.386000,11509,11510,11510,1
2019-11-12,15:24:49.072000,11509,11510,11510,2
2019-11-12,15:24:49.280000,11509,11510,11510,1
2019-11-12,15:24:49.831000,11509,11510,11510,1
2019-11-12,15:24:50.703000,11509,11510,11510,4
2019-11-12,15:24:50.769000,11510,11511,11510,2
2019-11-12,15:24:50.810000,11510,11511,11511,1
2019-11-12,15:24:51.956000,11510,11511,11511,1
2019-11-12,15:24:52.340000,11510,11511,11510,1
2019-11-12,15:24:54.383000,11510,11511,11510,2
2019-11-12,15:25:00.450000,11510,11511,11510,1
2019-11-12,15:25:06.179000,11510,11511,11511,1
2019-11-12,15:25:08.962000,11510,11511,11511,13
2019-11-12,15:25:09.623000,11510,11511,11511,2
2019-11-12,15:25:10.208000,11510,11511,11511,1
2019-11-12,15:25:10.544000,11510,11511,11511,1
2019-11-12,15:25:12.066000,11510,11511,11511,3
2019-11-12,15:25:12.580000,11510,11511,11511,1
2019-11-12,15:25:13.571000,11510,11511,11511,1
2019-11-12,15:25:14.388000,11510,11511,11511,2
2019-11-12,15:25:19.648000,11510,11511,11511,1
2019-11-12,15:25:19.696000,11510,11511,11511,1
2019-11-12,15:25:20.060000,11510,11511,11511,1
2019-11-12,15:25:21.794000,11510,11511,11511,2
2019-11-12,15:25:23.872000,11510,11511,11511,2
2019-11-12,15:25:25.678000,11510,11511,11511,1
2019-11-12,15:25:31.586000,11510,11511,11511,2
2019-11-12,15:25:37.407000,11510,11511,11511,2
2019-11-12,15:25:39.690000,11510,11511,11511,1
2019-11-12,15:25:42.672000,11510,11511,11511,2
2019-11-12,15:25:44.607000,11510,11511,11511,2
2019-11-12,15:25:45.857000,11510,11511,11511,1
2019-11-12,15:25:47.313000,11510,11511,11511,1
2019-11-12,15:25:50.371000,11511,11512,11511,1
2019-11-12,15:25:52.352000,11511,11512,11511,1
2019-11-12,15:25:57.260000,11511,11512,11512,5
2019-11-12,15:26:00.059000,11512,11513,11512,1
2019-11-12,15:26:04.802000,11512,11513,11513,2
2019-11-12,15:26:04.888000,11512,11513,11513,2
2019-11-12,15:26:05.002000,11512,11513,11514,2
2019-11-12,15:26:05.262000,11512,11513,11513,1
2019-11-12,15:26:06.579000,11512,11513,11512,1
2019-11-12,15:26:06.811000,11512,11513,11512,1
2019-11-12,15:26:06.974000,11512,11513,11513,2
2019-11-12,15:26:08.449000,11513,11514,11514,1
2019-11-12,15:26:10.072000,11513,11514,11514,2
2019-11-12,15:26:10.728000,11513,11514,11513,1
2019-11-12,15:26:12.979000,11513,11514,11513,1
2019-11-12,15:26:14.313000,11513,11514,11513,1
2019-11-12,15:26:16.059000,11513,11514,11513,5
2019-11-12,15:26:17.961000,11512,11513,11513,2
2019-11-12,15:26:19.395000,11512,11513,11513,1
2019-11-12,15:26:19.779000,11512,11513,11513,1
2019-11-12,15:26:25.047000,11512,11513,11512,2
2019-11-12,15:26:27.757000,11512,11513,11513,1
2019-11-12,15:26:34.811000,11512,11513,11513,8
2019-11-12,15:26:38.438000,11512,11513,11513,5
2019-11-12,15:26:44.974000,11512,11513,11513,1
2019-11-12,15:27:01.888000,11512,11513,11513,3
2019-11-12,15:27:02.455000,11512,11513,11513,1
2019-11-12,15:27:02.716000,11512,11513,11513,3
2019-11-12,15:27:06.833000,11513,11514,11513,2
2019-11-12,15:27:11.434000,11512,11513,11513,2
2019-11-12,15:27:16.236000,11512,11513,11512,1
2019-11-12,15:27:20.959000,11512,11513,11512,5
2019-11-12,15:27:26.205000,11512,11513,11513,1
2019-11-12,15:27:31.793000,11512,11513,11512,25
2019-11-12,15:27:31.885000,11512,11513,11512,2
2019-11-12,15:27:39.533000,11511,11513,11511,1
2019-11-12,15:27:41.035000,11511,11513,11513,1
2019-11-12,15:27:43.479000,11512,11513,11512,1
2019-11-12,15:27:47.367000,11511,11513,11511,1
2019-11-12,15:27:48.205000,11511,11513,11513,1
2019-11-12,15:27:54.955000,11511,11512,11512,1
2019-11-12,15:28:05.541000,11511,11512,11512,1
2019-11-12,15:28:06.321000,11511,11512,11512,1
2019-11-12,15:28:16.959000,11511,11512,11511,1
2019-11-12,15:28:21.548000,11511,11512,11511,3
2019-11-12,15:28:21.635000,11511,11512,11511,9
2019-11-12,15:28:21.761000,11511,11512,11511,2
2019-11-12,15:28:24.803000,11510,11511,11511,2
2019-11-12,15:28:27.205000,11510,11511,11511,1
2019-11-12,15:28:36.738000,11510,11511,11510,2
2019-11-12,15:28:42.644000,11510,11511,11510,1
2019-11-12,15:28:44.114000,11510,11511,11510,3
2019-11-12,15:28:44.907000,11510,11511,11510,5
2019-11-12,15:28:52.857000,11510,11511,11510,1
2019-11-12,15:28:56.058000,11510,11511,11510,2
2019-11-12,15:29:07.233000,11510,11511,11511,1
2019-11-12,15:29:08.905000,11510,11511,11511,1
2019-11-12,15:29:10.214000,11510,11511,11511,1
2019-11-12,15:29:26.237000,11510,11511,11511,1
2019-11-12,15:29:28.268000,11510,11511,11511,1
2019-11-12,15:29:34.082000,11510,11511,11510,1
2019-11-12,15:29:36.188000,11510,11511,11510,1
2019-11-12,15:29:49.632000,11510,11511,11511,3
2019-11-12,15:29:55.375000,11510,11511,11510,1
2019-11-12,15:30:02.449000,11510,11511,11511,1
2019-11-12,15:30:03.335000,11510,11511,11510,1
2019-11-12,15:30:03.399000,11510,11511,11510,5
2019-11-12,15:30:03.399000,11510,11511,11510,5
2019-11-12,15:30:03.439000,11510,11511,11511,2
2019-11-12,15:30:03.795000,11510,11511,11510,2
2019-11-12,15:30:12.771000,11510,11511,11510,10
2019-11-12,15:30:16.672000,11510,11511,11510,2
2019-11-12,15:30:17.039000,11510,11511,11510,5
2019-11-12,15:30:17.684000,11510,11511,11510,6
2019-11-12,15:30:17.780000,11510,11511,11510,1
2019-11-12,15:30:18.406000,11509,11510,11510,24
2019-11-12,15:30:18.406000,11509,11510,11511,6
2019-11-12,15:30:29.935000,11509,11510,11510,2
2019-11-12,15:30:39.953000,11510,11511,11511,1
2019-11-12,15:30:40.624000,11510,11511,11510,1
2019-11-12,15:30:42.498000,11510,11511,11511,1
2019-11-12,15:30:43.910000,11510,11511,11510,2
2019-11-12,15:30:52.490000,11510,11511,11510,17
2019-11-12,15:30:53.739000,11509,11510,11510,1
2019-11-12,15:31:02.729000,11509,11510,11509,2
2019-11-12,15:31:02.729000,11509,11510,11509,2
2019-11-12,15:31:02.730000,11509,11510,11509,9
2019-11-12,15:31:02.730000,11509,11510,11509,1
2019-11-12,15:31:02.733000,11509,11510,11509,4
2019-11-12,15:31:04.100000,11508,11509,11509,2
2019-11-12,15:31:11.634000,11508,11509,11508,2
2019-11-12,15:31:11.660000,11508,11509,11508,2
2019-11-12,15:31:11.685000,11508,11509,11508,2
2019-11-12,15:31:11.711000,11508,11509,11508,2
2019-11-12,15:31:11.736000,11508,11509,11508,2
2019-11-12,15:31:11.803000,11508,11509,11509,2
2019-11-12,15:31:11.828000,11508,11509,11509,2
2019-11-12,15:31:11.854000,11508,11509,11509,2
2019-11-12,15:31:12.115000,11508,11509,11508,1
2019-11-12,15:31:12.185000,11508,11509,11508,2
2019-11-12,15:31:12.510000,11508,11509,11508,14
2019-11-12,15:31:12.730000,11507,11509,11508,1
2019-11-12,15:31:12.920000,11507,11508,11508,2
2019-11-12,15:31:17.799000,11507,11508,11507,1
2019-11-12,15:31:18.152000,11507,11508,11507,1
2019-11-12,15:31:18.767000,11507,11508,11507,5
2019-11-12,15:31:19.473000,11507,11508,11508,5
2019-11-12,15:31:23.353000,11507,11508,11508,1
2019-11-12,15:31:25.052000,11507,11508,11508,3
2019-11-12,15:31:27.449000,11507,11508,11507,5
2019-11-12,15:31:36.382000,11507,11508,11507,5
2019-11-12,15:31:57.909000,11507,11508,11508,5
2019-11-12,15:31:58.076000,11507,11508,11507,5
2019-11-12,15:32:00.810000,11507,11508,11508,3
2019-11-12,15:32:02.023000,11508,11509,11508,2
2019-11-12,15:32:02.023000,11508,11509,11507,3
2019-11-12,15:32:08.719000,11507,11508,11508,1
2019-11-12,15:32:13.929000,11507,11508,11508,1
2019-11-12,15:32:18.957000,11507,11509,11509,1
2019-11-12,15:32:30.819000,11508,11509,11509,1
2019-11-12,15:32:31.932000,11508,11509,11509,1
2019-11-12,15:32:33.196000,11508,11509,11509,1
2019-11-12,15:32:38.384000,11509,11510,11509,9
2019-11-12,15:32:54.305000,11509,11510,11509,3
2019-11-12,15:32:59.236000,11508,11509,11508,5
2019-11-12,15:33:02.179000,11508,11509,11508,1
2019-11-12,15:33:03.308000,11508,11509,11508,1
2019-11-12,15:33:18.259000,11508,11509,11508,2
2019-11-12,15:33:20.381000,11508,11509,11508,1
2019-11-12,15:33:24.819000,11508,11509,11508,1
2019-11-12,15:33:35.924000,11508,11509,11508,3
2019-11-12,15:33:43.009000,11508,11509,11509,14
2019-11-12,15:33:43.365000,11509,11510,11509,2
2019-11-12,15:33:43.704000,11509,11510,11509,2
2019-11-12,15:33:46.106000,11508,11510,11510,1
2019-11-12,15:33:52.143000,11508,11510,11510,1
2019-11-12,15:33:58.444000,11509,11510,11509,1
2019-11-12,15:34:00.029000,11509,11510,11509,1
2019-11-12,15:34:00.029000,11509,11510,11508,1
2019-11-12,15:34:05.010000,11508,11510,11508,1
2019-11-12,15:34:10.719000,11509,11510,11509,1
2019-11-12,15:34:27.449000,11509,11510,11510,1
2019-11-12,15:34:34.832000,11509,11510,11510,9
2019-11-12,15:34:34.885000,11509,11510,11510,3
2019-11-12,15:34:34.885000,11509,11510,11510,2
2019-11-12,15:34:34.885000,11509,11510,11510,15
2019-11-12,15:34:35.140000,11510,11511,11511,2
2019-11-12,15:34:35.261000,11510,11511,11511,3
2019-11-12,15:34:43.998000,11511,11512,11512,1
2019-11-12,15:34:45.459000,11511,11512,11511,1
2019-11-12,15:34:49.127000,11510,11511,11511,1
2019-11-12,15:34:50.530000,11510,11511,11511,1
2019-11-12,15:34:51.916000,11510,11511,11511,1
2019-11-12,15:34:59.113000,11510,11511,11511,1
2019-11-12,15:35:13.849000,11511,11512,11512,8
2019-11-12,15:35:13.849000,11511,11512,11513,12
2019-11-12,15:35:14.186000,11512,11513,11512,2
2019-11-12,15:35:14.945000,11512,11513,11512,1
2019-11-12,15:35:15.011000,11512,11513,11513,1
2019-11-12,15:35:15.016000,11512,11513,11513,1
2019-11-12,15:35:15.105000,11512,11513,11513,1
2019-11-12,15:35:15.147000,11512,11513,11513,1
2019-11-12,15:35:15.338000,11512,11513,11513,1
2019-11-12,15:35:15.795000,11512,11513,11513,1
2019-11-12,15:35:15.861000,11512,11513,11513,1
2019-11-12,15:35:15.865000,11512,11513,11513,1
2019-11-12,15:35:15.932000,11512,11513,11513,2
2019-11-12,15:35:15.945000,11512,11513,11513,1
2019-11-12,15:35:16.034000,11512,11513,11513,1
2019-11-12,15:35:16.060000,11512,11513,11513,1
2019-11-12,15:35:16.449000,11512,11513,11513,2
2019-11-12,15:35:16.789000,11512,11514,11514,1
2019-11-12,15:35:16.829000,11512,11514,11514,1
2019-11-12,15:35:18.191000,11513,11514,11513,1
2019-11-12,15:35:20.104000,11513,11514,11514,1
2019-11-12,15:35:23.542000,11513,11514,11514,1
2019-11-12,15:35:24.204000,11513,11514,11514,1
2019-11-12,15:35:24.485000,11513,11514,11514,1
2019-11-12,15:35:24.766000,11513,11514,11514,1
2019-11-12,15:35:25.208000,11513,11514,11514,5
2019-11-12,15:35:31.884000,11513,11514,11514,1
2019-11-12,15:35:33.695000,11513,11514,11514,1
2019-11-12,15:35:34.023000,11513,11514,11514,1
2019-11-12,15:35:36.257000,11513,11514,11514,1
2019-11-12,15:35:38.190000,11513,11514,11513,4
2019-11-12,15:35:38.194000,11513,11514,11514,1
2019-11-12,15:35:38.242000,11513,11514,11514,1
2019-11-12,15:35:38.458000,11513,11514,11514,1
2019-11-12,15:35:40.228000,11513,11514,11514,1
2019-11-12,15:35:43.260000,11513,11514,11514,8
2019-11-12,15:35:44.993000,11514,11515,11514,1
2019-11-12,15:35:47.939000,11513,11514,11514,1
2019-11-12,15:36:01.961000,11514,11515,11514,1
2019-11-12,15:36:02.093000,11514,11515,11515,1
2019-11-12,15:36:04.135000,11514,11515,11514,1
2019-11-12,15:36:04.906000,11513,11514,11514,1
2019-11-12,15:36:07.444000,11514,11515,11515,1
2019-11-12,15:36:08.399000,11514,11515,11515,5
2019-11-12,15:36:09.964000,11514,11515,11514,1
2019-11-12,15:36:11.706000,11514,11515,11514,1
2019-11-12,15:36:12.955000,11513,11514,11514,1
2019-11-12,15:36:16.565000,11513,11514,11514,1
2019-11-12,15:36:17.070000,11514,11515,11514,1
2019-11-12,15:36:19.258000,11513,11514,11514,1
2019-11-12,15:36:20.786000,11513,11515,11513,4
2019-11-12,15:36:22.745000,11513,11515,11513,4
2019-11-12,15:36:24.907000,11513,11514,11513,1
2019-11-12,15:36:25.393000,11513,11514,11513,1
2019-11-12,15:36:27.331000,11513,11514,11513,1
2019-11-12,15:36:27.705000,11513,11514,11513,1
2019-11-12,15:36:30.561000,11513,11514,11514,4
2019-11-12,15:36:34.968000,11513,11514,11514,1
2019-11-12,15:36:37.648000,11514,11515,11515,1
2019-11-12,15:36:37.703000,11514,11515,11514,1
2019-11-12,15:36:39.478000,11514,11515,11515,1
2019-11-12,15:36:41.531000,11514,11515,11515,1
2019-11-12,15:36:43.974000,11514,11515,11515,1
2019-11-12,15:37:02.635000,11514,11515,11514,10
2019-11-12,15:37:06.465000,11513,11514,11514,1
2019-11-12,15:37:09.958000,11513,11514,11513,1
2019-11-12,15:37:10.243000,11513,11514,11513,1
2019-11-12,15:37:14.864000,11513,11514,11513,1
2019-11-12,15:37:28.495000,11513,11514,11513,1
2019-11-12,15:37:28.510000,11513,11514,11513,2
2019-11-12,15:37:30.353000,11512,11513,11513,2
2019-11-12,15:37:30.610000,11513,11514,11513,1
2019-11-12,15:37:33.260000,11514,11515,11514,5
2019-11-12,15:37:33.961000,11513,11514,11513,1
2019-11-12,15:37:35.071000,11513,11514,11513,1
2019-11-12,15:37:37.213000,11513,11514,11513,1
2019-11-12,15:37:49.026000,11513,11514,11513,1
2019-11-12,15:37:50.916000,11513,11514,11513,1
2019-11-12,15:37:55.537000,11513,11514,11513,2
2019-11-12,15:37:55.887000,11513,11514,11514,1
2019-11-12,15:37:59.433000,11513,11514,11514,1
2019-11-12,15:37:59.729000,11513,11514,11514,1
2019-11-12,15:38:00.620000,11513,11514,11514,6
2019-11-12,15:38:00.635000,11514,11515,11514,2
2019-11-12,15:38:00.635000,11514,11515,11514,4
2019-11-12,15:38:00.660000,11514,11515,11514,2
2019-11-12,15:38:01.434000,11514,11515,11514,1
2019-11-12,15:38:04.959000,11513,11514,11514,1
2019-11-12,15:38:05.601000,11513,11514,11514,2
2019-11-12,15:38:08.936000,11513,11515,11513,1
2019-11-12,15:38:15.458000,11513,11514,11513,1
2019-11-12,15:38:18.752000,11513,11514,11514,1
2019-11-12,15:38:19.263000,11513,11514,11514,1
2019-11-12,15:38:22.270000,11513,11514,11514,1
2019-11-12,15:38:25.855000,11513,11514,11514,1
2019-11-12,15:38:31.204000,11513,11514,11514,2
2019-11-12,15:38:37.005000,11513,11514,11514,1
2019-11-12,15:38:37.562000,11513,11514,11514,2
2019-11-12,15:38:47.207000,11513,11514,11514,20
2019-11-12,15:38:55.004000,11514,11515,11515,1
2019-11-12,15:39:10.586000,11514,11515,11515,1
2019-11-12,15:39:23.210000,11514,11515,11515,1
2019-11-12,15:39:27.382000,11514,11515,11515,1
2019-11-12,15:39:38.090000,11514,11515,11515,1
2019-11-12,15:39:44.875000,11514,11515,11515,2
2019-11-12,15:39:48.122000,11514,11515,11514,1
2019-11-12,15:39:51.798000,11514,11515,11515,1
2019-11-12,15:40:00.126000,11514,11515,11515,2
2019-11-12,15:40:05.151000,11514,11515,11514,1
2019-11-12,15:40:06.140000,11514,11515,11514,1
2019-11-12,15:40:08.733000,11514,11515,11515,1
2019-11-12,15:40:13.064000,11514,11515,11515,27
2019-11-12,15:40:14.468000,11515,11516,11515,1
2019-11-12,15:40:15.367000,11515,11516,11515,1
2019-11-12,15:40:25.302000,11515,11516,11515,1
2019-11-12,15:40:26.981000,11515,11516,11516,1
2019-11-12,15:40:27.038000,11515,11516,11516,1
2019-11-12,15:40:29.824000,11515,11516,11516,2
2019-11-12,15:40:30.724000,11515,11516,11516,1
2019-11-12,15:40:36.584000,11515,11516,11516,5
2019-11-12,15:40:36.635000,11515,11516,11516,5
2019-11-12,15:40:41.106000,11516,11517,11516,1
2019-11-12,15:40:43.561000,11516,11517,11516,3
2019-11-12,15:40:49.394000,11516,11517,11516,1
2019-11-12,15:40:52.845000,11516,11517,11516,1
2019-11-12,15:40:54.004000,11516,11517,11517,6
2019-11-12,15:40:54.033000,11516,11517,11517,1
2019-11-12,15:40:54.104000,11516,11517,11517,1
2019-11-12,15:40:58.091000,11516,11517,11516,1
2019-11-12,15:41:00.081000,11515,11516,11516,1
2019-11-12,15:41:08.712000,11515,11516,11515,1
2019-11-12,15:41:09.142000,11515,11516,11516,1
2019-11-12,15:41:09.452000,11515,11516,11515,1
2019-11-12,15:41:23.778000,11515,11516,11516,1
2019-11-12,15:41:28.084000,11515,11516,11516,12
2019-11-12,15:41:29.122000,11516,11517,11516,1
2019-11-12,15:41:29.180000,11516,11517,11516,1
2019-11-12,15:41:29.481000,11516,11517,11516,1
2019-11-12,15:41:33.884000,11516,11517,11517,32
2019-11-12,15:41:36.601000,11517,11518,11517,2
2019-11-12,15:41:38.496000,11517,11518,11517,3
2019-11-12,15:41:50.209000,11517,11518,11518,2
2019-11-12,15:41:50.279000,11517,11518,11518,1
2019-11-12,15:41:50.692000,11517,11518,11518,1
2019-11-12,15:41:51.025000,11517,11518,11518,1
2019-11-12,15:41:52.352000,11517,11518,11518,1
2019-11-12,15:41:54.211000,11517,11518,11518,3
2019-11-12,15:41:54.588000,11517,11518,11518,1
2019-11-12,15:41:59.466000,11517,11518,11518,1
2019-11-12,15:42:03.471000,11517,11518,11518,1
2019-11-12,15:42:04.934000,11517,11518,11518,1
2019-11-12,15:42:10.765000,11517,11518,11517,10
2019-11-12,15:42:14.245000,11516,11518,11518,1
2019-11-12,15:42:15.049000,11516,11518,11518,1
2019-11-12,15:42:17.597000,11516,11517,11516,1
2019-11-12,15:42:18.427000,11516,11517,11516,1
2019-11-12,15:42:24.297000,11516,11517,11516,1
2019-11-12,15:42:37.257000,11516,11517,11517,1
2019-11-12,15:42:45.034000,11516,11517,11517,1
2019-11-12,15:42:46.916000,11516,11517,11517,5
2019-11-12,15:42:48.183000,11516,11517,11517,1
2019-11-12,15:42:48.248000,11516,11517,11517,1
2019-11-12,15:42:48.260000,11517,11518,11517,1
2019-11-12,15:42:56,11517,11518,11517,1
2019-11-12,15:42:56.812000,11517,11518,11517,1
2019-11-12,15:42:59.246000,11517,11518,11517,21
2019-11-12,15:42:59.335000,11516,11517,11516,1
2019-11-12,15:43:02.008000,11516,11517,11517,1
2019-11-12,15:43:02.477000,11516,11517,11517,5
2019-11-12,15:43:10.502000,11516,11517,11517,2
2019-11-12,15:43:12.897000,11516,11517,11517,2
2019-11-12,15:43:23.060000,11516,11517,11517,1
2019-11-12,15:43:23.134000,11516,11517,11517,3
2019-11-12,15:43:23.757000,11516,11517,11517,1
2019-11-12,15:43:24.519000,11516,11517,11517,5
2019-11-12,15:43:25.837000,11516,11517,11517,2
2019-11-12,15:43:25.837000,11516,11517,11517,2
2019-11-12,15:43:25.837000,11516,11517,11517,3
2019-11-12,15:43:25.837000,11516,11517,11517,11
2019-11-12,15:43:25.970000,11517,11518,11518,1
2019-11-12,15:43:25.980000,11517,11518,11518,1
2019-11-12,15:43:26.010000,11517,11518,11518,6
2019-11-12,15:43:26.010000,11517,11518,11518,5
2019-11-12,15:43:26.011000,11517,11518,11518,6
2019-11-12,15:43:33.512000,11518,11519,11518,1
2019-11-12,15:43:49.706000,11517,11518,11518,1
2019-11-12,15:43:55.295000,11517,11518,11518,2
2019-11-12,15:44:02.597000,11517,11518,11518,1
2019-11-12,15:44:11.187000,11517,11518,11518,1
2019-11-12,15:44:12.703000,11517,11518,11517,3
2019-11-12,15:44:12.886000,11517,11518,11517,4
2019-11-12,15:44:13.600000,11516,11517,11517,1
2019-11-12,15:44:32.543000,11516,11517,11517,1
2019-11-12,15:44:36.133000,11516,11517,11517,1
2019-11-12,15:44:38.018000,11517,11518,11517,1
2019-11-12,15:44:51.417000,11517,11518,11518,1
2019-11-12,15:44:52.253000,11517,11518,11517,1
2019-11-12,15:44:58.130000,11517,11518,11517,14
2019-11-12,15:45:05.259000,11516,11517,11517,1
2019-11-12,15:45:07.666000,11516,11517,11516,1
2019-11-12,15:45:24.827000,11516,11517,11516,3
2019-11-12,15:45:32.746000,11516,11517,11516,1
2019-11-12,15:45:34.330000,11516,11517,11516,3
2019-11-12,15:45:43.293000,11516,11517,11516,2
2019-11-12,15:45:54.787000,11515,11517,11515,1
2019-11-12,15:45:55.057000,11515,11517,11515,1
2019-11-12,15:45:55.607000,11515,11517,11515,1
2019-11-12,15:45:59.946000,11515,11516,11515,1
2019-11-12,15:46:01.276000,11515,11516,11515,1
2019-11-12,15:46:04.171000,11515,11516,11516,1
2019-11-12,15:46:14.356000,11515,11516,11516,1
2019-11-12,15:46:16.165000,11515,11516,11515,1
2019-11-12,15:46:17.913000,11515,11516,11515,1
2019-11-12,15:46:20.924000,11515,11516,11516,1
2019-11-12,15:46:33.573000,11515,11516,11516,1
2019-11-12,15:46:47.674000,11515,11516,11516,1
2019-11-12,15:46:47.986000,11516,11517,11516,1
2019-11-12,15:46:48.010000,11516,11517,11516,2
2019-11-12,15:46:48.035000,11516,11517,11516,2
2019-11-12,15:46:48.060000,11516,11517,11516,2
2019-11-12,15:47:01.466000,11516,11517,11516,1
2019-11-12,15:47:02.099000,11516,11517,11516,1
2019-11-12,15:47:09.931000,11516,11517,11516,1
2019-11-12,15:47:14.257000,11516,11517,11516,1
2019-11-12,15:47:18.568000,11516,11517,11516,1
2019-11-12,15:47:29.221000,11516,11517,11516,1
2019-11-12,15:47:31.473000,11516,11517,11516,2
2019-11-12,15:47:31.515000,11516,11517,11517,1
2019-11-12,15:48:09.560000,11516,11517,11517,1
2019-11-12,15:48:16.515000,11516,11517,11517,2
2019-11-12,15:48:34.665000,11516,11517,11517,1
2019-11-12,15:49:05.138000,11516,11517,11516,1
2019-11-12,15:49:07.881000,11516,11517,11517,1
2019-11-12,15:49:40.314000,11516,11517,11517,1
2019-11-12,15:50:06.176000,11516,11517,11517,1
2019-11-12,15:50:07.183000,11516,11517,11517,2
2019-11-12,15:50:08.007000,11516,11517,11517,2
2019-11-12,15:50:10.709000,11516,11517,11517,1
2019-11-12,15:50:11.750000,11516,11517,11517,1
2019-11-12,15:50:12.890000,11516,11517,11517,4
2019-11-12,15:50:14.163000,11516,11517,11517,2
2019-11-12,15:50:17.002000,11516,11517,11517,1
2019-11-12,15:50:17.797000,11516,11517,11517,2
2019-11-12,15:50:19.290000,11516,11517,11517,2
2019-11-12,15:50:20.459000,11516,11517,11517,1
2019-11-12,15:50:21.351000,11516,11517,11517,2
2019-11-12,15:50:21.351000,11516,11517,11517,1
2019-11-12,15:50:21.352000,11516,11517,11517,2
2019-11-12,15:50:21.352000,11516,11517,11517,1
2019-11-12,15:50:21.352000,11516,11517,11517,1
2019-11-12,15:50:21.613000,11517,11518,11517,2
2019-11-12,15:50:42.564000,11517,11518,11518,3
2019-11-12,15:50:50.121000,11517,11518,11518,1
2019-11-12,15:50:54.509000,11517,11518,11517,10
2019-11-12,15:51:00.957000,11516,11517,11517,1
2019-11-12,15:51:08.245000,11516,11517,11517,1
2019-11-12,15:51:08.922000,11516,11517,11517,2
2019-11-12,15:51:11.173000,11516,11517,11517,1
2019-11-12,15:51:17.046000,11516,11517,11517,1
2019-11-12,15:51:18.846000,11516,11517,11517,1
2019-11-12,15:51:30.058000,11516,11517,11517,1
2019-11-12,15:51:40.385000,11516,11517,11516,11
2019-11-12,15:51:40.385000,11516,11517,11516,1
2019-11-12,15:51:40.509000,11516,11517,11516,9
2019-11-12,15:51:40.510000,11516,11517,11516,6
2019-11-12,15:51:40.510000,11516,11517,11516,9
2019-11-12,15:51:40.510000,11516,11517,11516,2
2019-11-12,15:51:40.510000,11516,11517,11516,1
2019-11-12,15:51:41.563000,11515,11516,11516,1
2019-11-12,15:52:02.770000,11515,11516,11515,1
2019-11-12,15:52:03.095000,11515,11516,11515,1
2019-11-12,15:52:03.372000,11515,11516,11515,1
2019-11-12,15:52:03.853000,11515,11516,11515,1
2019-11-12,15:52:05.118000,11515,11516,11515,1
2019-11-12,15:52:06.355000,11515,11516,11515,1
2019-11-12,15:52:07.950000,11515,11516,11515,1
2019-11-12,15:52:10.045000,11515,11516,11515,1
2019-11-12,15:52:13.807000,11515,11516,11515,11
2019-11-12,15:52:14.983000,11514,11515,11514,1
2019-11-12,15:52:15.871000,11514,11515,11514,1
2019-11-12,15:52:16.106000,11514,11515,11514,1
2019-11-12,15:52:17.452000,11514,11515,11514,1
2019-11-12,15:52:17.604000,11514,11515,11514,20
2019-11-12,15:52:18.913000,11513,11515,11513,1
2019-11-12,15:52:22.944000,11513,11515,11513,2
2019-11-12,15:52:24.170000,11513,11515,11513,1
2019-11-12,15:52:25.237000,11513,11515,11513,1
2019-11-12,15:52:36.665000,11513,11514,11514,4
2019-11-12,15:52:48.236000,11513,11514,11514,1
2019-11-12,15:52:51.260000,11513,11514,11514,4
2019-11-12,15:52:54.926000,11514,11515,11514,1
2019-11-12,15:52:55.250000,11514,11515,11514,1
2019-11-12,15:52:55.752000,11514,11515,11514,1
2019-11-12,15:52:57.025000,11514,11515,11514,1
2019-11-12,15:52:57.358000,11514,11515,11514,1
2019-11-12,15:52:59.070000,11514,11515,11514,1
2019-11-12,15:53:01.258000,11513,11515,11513,1
2019-11-12,15:53:03.981000,11513,11515,11513,1
2019-11-12,15:53:07.322000,11513,11515,11513,2
2019-11-12,15:53:08.811000,11514,11515,11514,1
2019-11-12,15:53:33.594000,11513,11514,11514,1
2019-11-12,15:53:39.663000,11513,11514,11513,1
2019-11-12,15:53:41.019000,11513,11514,11513,1
2019-11-12,15:53:41.971000,11513,11514,11513,1
2019-11-12,15:53:42.760000,11513,11514,11514,6
2019-11-12,15:53:56.264000,11514,11515,11515,1
2019-11-12,15:53:56.265000,11514,11515,11515,2
2019-11-12,15:53:58.131000,11514,11515,11515,1
2019-11-12,15:53:59.573000,11514,11515,11515,2
2019-11-12,15:54:06.260000,11515,11516,11515,2
2019-11-12,15:54:40.509000,11514,11515,11514,1
2019-11-12,15:54:41.713000,11513,11515,11515,1
2019-11-12,15:54:41.863000,11513,11515,11515,1
2019-11-12,15:54:50.422000,11513,11515,11515,1
2019-11-12,15:54:53.287000,11513,11515,11513,1
2019-11-12,15:55:43.232000,11513,11514,11513,5
2019-11-12,15:55:48.047000,11513,11514,11513,1
2019-11-12,15:55:48.153000,11513,11514,11513,15
2019-11-12,15:55:48.153000,11513,11514,11512,5
2019-11-12,15:55:49.511000,11512,11514,11514,3
2019-11-12,15:56:07.784000,11512,11513,11512,2
2019-11-12,15:56:13.493000,11512,11513,11512,5
2019-11-12,15:56:21.731000,11512,11513,11512,1
2019-11-12,15:56:23.476000,11512,11513,11512,1
2019-11-12,15:56:31.731000,11511,11512,11511,1
2019-11-12,15:56:35.275000,11511,11512,11511,1
2019-11-12,15:56:36.539000,11511,11512,11511,1
2019-11-12,15:56:39.061000,11511,11512,11511,3
2019-11-12,15:57:11.637000,11511,11512,11512,4
2019-11-12,15:57:12.889000,11512,11513,11512,2
2019-11-12,15:57:15.880000,11512,11513,11512,1
2019-11-12,15:57:22.961000,11511,11512,11511,1
2019-11-12,15:57:22.974000,11511,11512,11511,1
2019-11-12,15:57:36.927000,11511,11512,11511,2
2019-11-12,15:57:40.010000,11511,11512,11512,2
2019-11-12,15:57:44.403000,11512,11513,11512,1
2019-11-12,15:57:50.889000,11512,11513,11513,1
2019-11-12,15:57:53.178000,11512,11513,11513,1
2019-11-12,15:58:00.591000,11512,11513,11513,1
2019-11-12,15:58:12.670000,11512,11513,11512,1
2019-11-12,15:58:15.200000,11512,11513,11513,1
2019-11-12,15:58:17.163000,11512,11513,11513,1
2019-11-12,15:58:19.861000,11512,11513,11513,2
2019-11-12,15:58:32.379000,11512,11514,11512,1
2019-11-12,15:58:47.167000,11512,11513,11513,4
2019-11-12,15:58:48.810000,11512,11513,11513,1
2019-11-12,15:59:17.335000,11512,11513,11513,20
2019-11-12,15:59:17.918000,11512,11514,11514,1
2019-11-12,15:59:26.277000,11513,11514,11514,1
2019-11-12,15:59:27.261000,11513,11514,11514,1
2019-11-12,15:59:29.258000,11512,11514,11514,1
2019-11-12,15:59:38.271000,11513,11514,11513,1
2019-11-12,15:59:38.385000,11513,11514,11513,1
2019-11-12,15:59:42.620000,11512,11513,11513,1
2019-11-12,15:59:50.042000,11512,11513,11512,1
2019-11-12,15:59:51.711000,11512,11513,11512,1
2019-11-12,15:59:52.286000,11512,11513,11512,1
2019-11-12,15:59:53.048000,11512,11513,11512,1
2019-11-12,15:59:53.092000,11512,11513,11512,1
2019-11-12,15:59:53.135000,11512,11513,11512,14
2019-11-12,15:59:56.505000,11511,11512,11512,1
2019-11-12,16:00:02.215000,11511,11512,11511,6
2019-11-12,16:00:02.568000,11511,11512,11511,2
2019-11-12,16:00:02.794000,11511,11512,11511,1
2019-11-12,16:00:02.883000,11511,11512,11511,2
2019-11-12,16:00:02.885000,11511,11512,11511,10
2019-11-12,16:00:02.893000,11511,11512,11511,1
2019-11-12,16:00:03.199000,11511,11512,11511,1
2019-11-12,16:00:09.919000,11511,11512,11511,1
2019-11-12,16:00:12.402000,11511,11512,11511,2
2019-11-12,16:00:14.032000,11511,11512,11511,3
2019-11-12,16:00:14.135000,11511,11512,11511,9
2019-11-12,16:00:14.260000,11511,11512,11511,4
2019-11-12,16:00:14.260000,11511,11512,11511,2
2019-11-12,16:00:20.133000,11510,11511,11510,44
2019-11-12,16:00:20.260000,11509,11510,11509,4
2019-11-12,16:00:20.302000,11509,11510,11509,2
2019-11-12,16:00:23.337000,11509,11510,11510,1
2019-11-12,16:00:26.344000,11509,11510,11509,5
2019-11-12,16:00:26.803000,11509,11510,11509,5
2019-11-12,16:00:28.292000,11508,11509,11509,3
2019-11-12,16:00:33.134000,11508,11509,11509,1
2019-11-12,16:00:35.131000,11508,11509,11509,1
2019-11-12,16:00:35.171000,11508,11509,11509,1
2019-11-12,16:00:40.073000,11508,11509,11508,1
2019-11-12,16:00:40.951000,11508,11509,11508,1
2019-11-12,16:00:46.777000,11508,11509,11508,3
2019-11-12,16:00:47.758000,11508,11509,11509,3
2019-11-12,16:00:51.059000,11509,11510,11509,2
2019-11-12,16:00:57.566000,11509,11510,11509,1
2019-11-12,16:00:58.705000,11509,11510,11509,1
2019-11-12,16:00:59.110000,11509,11510,11510,2
2019-11-12,16:01:00.107000,11510,11511,11510,1
2019-11-12,16:01:00.841000,11510,11511,11511,1
2019-11-12,16:01:01.782000,11510,11511,11510,1
2019-11-12,16:01:12.242000,11510,11511,11510,1
2019-11-12,16:01:18.303000,11510,11511,11511,5
2019-11-12,16:01:42.496000,11511,11512,11512,4
2019-11-12,16:01:42.496000,11511,11512,11512,4
2019-11-12,16:01:50.887000,11512,11513,11512,1
2019-11-12,16:01:54.811000,11511,11512,11512,1
2019-11-12,16:01:57.318000,11511,11513,11511,1
2019-11-12,16:02:00.688000,11512,11513,11512,1
2019-11-12,16:02:06.760000,11511,11512,11512,1
2019-11-12,16:02:11.834000,11511,11512,11512,1
2019-11-12,16:02:26.135000,11511,11512,11512,1
2019-11-12,16:02:26.260000,11511,11512,11512,2
2019-11-12,16:02:33.406000,11512,11513,11512,1
2019-11-12,16:02:43.842000,11512,11513,11513,3
2019-11-12,16:02:44.975000,11512,11513,11513,1
2019-11-12,16:03:01.357000,11513,11514,11514,2
2019-11-12,16:03:01.357000,11513,11514,11514,2
2019-11-12,16:03:01.357000,11513,11514,11514,1
2019-11-12,16:03:03.135000,11514,11515,11514,1
2019-11-12,16:03:11.144000,11513,11514,11514,1
2019-11-12,16:03:11.269000,11513,11514,11513,3
2019-11-12,16:03:11.274000,11513,11514,11513,4
2019-11-12,16:03:11.278000,11513,11514,11513,2
2019-11-12,16:03:11.278000,11513,11514,11513,1
2019-11-12,16:03:11.293000,11513,11514,11513,2
2019-11-12,16:03:11.293000,11513,11514,11513,2
2019-11-12,16:03:11.294000,11513,11514,11513,3
2019-11-12,16:03:22.955000,11514,11515,11514,2
2019-11-12,16:03:28.512000,11513,11514,11513,1
2019-11-12,16:03:52.784000,11513,11514,11514,1
2019-11-12,16:03:59.287000,11513,11514,11514,2
2019-11-12,16:04:02.401000,11513,11514,11513,6
2019-11-12,16:04:03.167000,11513,11514,11513,1
2019-11-12,16:04:13.281000,11512,11513,11513,1
2019-11-12,16:04:17.636000,11512,11513,11513,2
2019-11-12,16:04:28.164000,11512,11513,11512,1
2019-11-12,16:04:36.662000,11512,11513,11513,2
2019-11-12,16:04:45.338000,11512,11513,11513,1
2019-11-12,16:05:05.683000,11513,11514,11513,1
2019-11-12,16:05:28.750000,11513,11514,11514,2
2019-11-12,16:05:28.985000,11514,11515,11514,1
2019-11-12,16:05:40.757000,11514,11515,11514,1
2019-11-12,16:05:52.924000,11513,11514,11513,1
2019-11-12,16:05:59.271000,11513,11514,11513,4
2019-11-12,16:06:28.810000,11513,11514,11513,3
2019-11-12,16:06:38.376000,11513,11514,11514,1
2019-11-12,16:06:42.375000,11513,11514,11514,2
2019-11-12,16:06:42.375000,11513,11514,11514,1
2019-11-12,16:06:42.375000,11513,11514,11514,3
2019-11-12,16:06:42.375000,11513,11514,11514,3
2019-11-12,16:06:46.420000,11514,11515,11514,1
2019-11-12,16:07:17.125000,11514,11515,11515,1
2019-11-12,16:07:25.509000,11514,11515,11515,15
2019-11-12,16:07:59.549000,11515,11516,11515,1
2019-11-12,16:08:00.338000,11515,11516,11515,2
2019-11-12,16:08:28.617000,11515,11516,11515,9
2019-11-12,16:08:28.617000,11515,11516,11515,9
2019-11-12,16:08:36.927000,11514,11515,11514,3
2019-11-12,16:08:46.191000,11514,11515,11514,1
2019-11-12,16:09:04.809000,11514,11515,11515,2
2019-11-12,16:09:09.095000,11515,11516,11515,1
2019-11-12,16:09:16.169000,11515,11516,11515,1
2019-11-12,16:09:18.520000,11515,11516,11515,1
2019-11-12,16:09:18.635000,11515,11516,11515,4
2019-11-12,16:09:22.796000,11514,11515,11515,1
2019-11-12,16:09:45.081000,11514,11515,11515,1
2019-11-12,16:09:46.768000,11514,11515,11515,3
2019-11-12,16:09:46.810000,11514,11515,11516,17
2019-11-12,16:09:46.810000,11514,11515,11516,12
2019-11-12,16:09:46.810000,11514,11515,11516,2
2019-11-12,16:09:46.810000,11514,11515,11516,2
2019-11-12,16:09:46.811000,11514,11515,11516,4
2019-11-12,16:09:46.811000,11514,11515,11516,5
2019-11-12,16:09:47.010000,11516,11517,11517,1
2019-11-12,16:09:47.102000,11516,11517,11517,2
2019-11-12,16:09:47.139000,11516,11517,11517,3
2019-11-12,16:09:49.375000,11516,11517,11516,1
2019-11-12,16:09:56.639000,11516,11517,11517,1
2019-11-12,16:10:02.642000,11516,11517,11516,1
2019-11-12,16:10:03.798000,11515,11516,11516,1
2019-11-12,16:10:04.831000,11515,11516,11516,1
2019-11-12,16:10:09.194000,11515,11516,11516,1
2019-11-12,16:10:14.351000,11515,11516,11515,8
2019-11-12,16:10:14.351000,11515,11516,11515,5
2019-11-12,16:10:14.512000,11514,11515,11515,1
2019-11-12,16:10:37.804000,11515,11516,11515,1
2019-11-12,16:10:39.563000,11515,11516,11515,1
2019-11-12,16:10:41.135000,11515,11516,11515,4
2019-11-12,16:10:44.662000,11514,11516,11514,1
2019-11-12,16:11:18.811000,11514,11515,11515,5
2019-11-12,16:11:18.811000,11514,11515,11515,1
2019-11-12,16:11:19.146000,11515,11516,11516,4
2019-11-12,16:11:19.146000,11515,11516,11516,2
2019-11-12,16:11:19.168000,11515,11516,11516,7
2019-11-12,16:11:34.474000,11516,11517,11516,1
2019-11-12,16:11:40.498000,11516,11517,11516,5
2019-11-12,16:11:45.857000,11516,11517,11516,1
2019-11-12,16:12:02.702000,11516,11517,11516,1
2019-11-12,16:12:15.276000,11516,11517,11516,1
2019-11-12,16:12:29.419000,11515,11517,11515,1
2019-11-12,16:12:44.427000,11515,11516,11516,2
2019-11-12,16:12:45.564000,11515,11517,11517,1
2019-11-12,16:12:49.494000,11515,11516,11515,1
2019-11-12,16:13:41.060000,11515,11516,11516,2
2019-11-12,16:13:49.610000,11516,11517,11516,1
2019-11-12,16:13:51.132000,11516,11517,11517,1
2019-11-12,16:14:02.257000,11516,11517,11516,1
2019-11-12,16:14:05.191000,11516,11517,11516,1
2019-11-12,16:14:17.532000,11516,11517,11516,1
2019-11-12,16:14:27.677000,11515,11516,11516,1
2019-11-12,16:14:45.509000,11516,11517,11517,23
2019-11-12,16:14:47.037000,11517,11518,11517,3
2019-11-12,16:14:57.221000,11517,11518,11518,1
2019-11-12,16:14:57.290000,11517,11518,11518,1
2019-11-12,16:14:57.827000,11517,11518,11518,1
2019-11-12,16:14:57.889000,11517,11518,11518,1
2019-11-12,16:14:58.811000,11517,11518,11518,1
2019-11-12,16:15:03.082000,11517,11518,11518,2
2019-11-12,16:15:03.144000,11517,11518,11517,10
2019-11-12,16:15:03.311000,11516,11517,11516,4
2019-11-12,16:15:04.169000,11516,11517,11516,1
2019-11-12,16:15:04.271000,11515,11517,11515,1
2019-11-12,16:15:04.272000,11515,11517,11515,1
2019-11-12,16:15:04.393000,11515,11517,11515,1
2019-11-12,16:15:04.394000,11515,11517,11515,1
2019-11-12,16:15:04.394000,11515,11517,11515,1
2019-11-12,16:15:04.394000,11515,11517,11515,1
2019-11-12,16:15:04.394000,11515,11517,11515,1
2019-11-12,16:15:04.395000,11515,11517,11515,1
2019-11-12,16:15:06.086000,11515,11516,11516,1
2019-11-12,16:15:38.298000,11516,11517,11517,1
2019-11-12,16:15:53.986000,11515,11516,11516,1
2019-11-12,16:16:04.634000,11516,11517,11516,2
2019-11-12,16:16:06.362000,11516,11517,11516,2
2019-11-12,16:16:07.187000,11515,11516,11516,1
2019-11-12,16:16:22.403000,11515,11516,11516,11
2019-11-12,16:16:22.510000,11516,11517,11516,3
2019-11-12,16:16:30.850000,11515,11516,11516,1
2019-11-12,16:16:33.657000,11515,11516,11516,1
2019-11-12,16:17:23.319000,11515,11516,11515,3
2019-11-12,16:17:42.317000,11515,11516,11516,3
2019-11-12,16:17:42.385000,11516,11517,11516,10
2019-11-12,16:17:42.385000,11516,11517,11516,1
2019-11-12,16:17:57.998000,11516,11517,11517,2
2019-11-12,16:18:12.452000,11516,11517,11517,2
2019-11-12,16:18:12.600000,11516,11517,11516,1
2019-11-12,16:18:12.801000,11516,11517,11516,4
2019-11-12,16:18:12.801000,11516,11517,11516,2
2019-11-12,16:18:18.422000,11516,11517,11517,2
2019-11-12,16:18:19.635000,11517,11518,11517,2
2019-11-12,16:18:19.660000,11517,11518,11517,2
2019-11-12,16:18:19.685000,11517,11518,11517,2
2019-11-12,16:18:22.856000,11517,11518,11517,2
2019-11-12,16:18:25.121000,11517,11518,11518,2
2019-11-12,16:18:31.724000,11517,11518,11517,2
2019-11-12,16:18:45.455000,11516,11517,11517,1
2019-11-12,16:19:02.355000,11516,11517,11516,1
2019-11-12,16:19:17.712000,11516,11517,11516,1
2019-11-12,16:20:02.776000,11515,11516,11516,1
2019-11-12,16:20:14.027000,11515,11516,11516,1
2019-11-12,16:20:14.917000,11516,11517,11516,1
2019-11-12,16:20:32.066000,11515,11516,11516,2
2019-11-12,16:20:38.010000,11515,11516,11515,4
2019-11-12,16:20:47.589000,11515,11516,11515,7
2019-11-12,16:20:47.590000,11515,11516,11515,7
2019-11-12,16:20:56.950000,11514,11515,11515,2
2019-11-12,16:21:01.534000,11514,11515,11515,2
2019-11-12,16:21:02.153000,11514,11515,11514,2
2019-11-12,16:21:02.941000,11514,11515,11515,2
2019-11-12,16:21:07.839000,11515,11516,11515,1
2019-11-12,16:21:22.010000,11515,11516,11515,2
2019-11-12,16:21:27.731000,11515,11516,11516,2
2019-11-12,16:21:49.801000,11515,11516,11516,8
2019-11-12,16:21:59.733000,11515,11516,11516,2
2019-11-12,16:22:02.298000,11515,11516,11515,5
2019-11-12,16:22:11.522000,11515,11516,11515,2
2019-11-12,16:22:18.644000,11515,11516,11515,4
2019-11-12,16:22:18.684000,11515,11516,11515,1
2019-11-12,16:22:18.684000,11515,11516,11515,5
2019-11-12,16:22:18.684000,11515,11516,11515,6
2019-11-12,16:22:18.684000,11515,11516,11515,4
2019-11-12,16:22:18.885000,11514,11515,11514,2
2019-11-12,16:22:18.910000,11514,11515,11514,2
2019-11-12,16:22:19.925000,11514,11515,11514,4
2019-11-12,16:22:19.925000,11514,11515,11514,2
2019-11-12,16:22:19.926000,11514,11515,11514,4
2019-11-12,16:22:20.290000,11513,11514,11513,1
2019-11-12,16:22:20.326000,11513,11514,11513,1
2019-11-12,16:22:20.348000,11513,11514,11513,3
2019-11-12,16:22:20.358000,11513,11514,11513,3
2019-11-12,16:22:25.036000,11513,11514,11513,1
2019-11-12,16:22:57.436000,11513,11515,11513,1
2019-11-12,16:23:02.193000,11513,11514,11513,10
2019-11-12,16:23:02.475000,11513,11514,11513,2
2019-11-12,16:23:15.478000,11513,11514,11513,1
2019-11-12,16:23:16.995000,11513,11514,11513,1
2019-11-12,16:23:18.801000,11513,11514,11513,1
2019-11-12,16:23:39.010000,11513,11514,11513,1
2019-11-12,16:23:41.964000,11512,11513,11513,1
2019-11-12,16:23:47.181000,11512,11513,11513,1
2019-11-12,16:23:47.415000,11512,11513,11513,2
2019-11-12,16:23:54.570000,11512,11513,11513,1
2019-11-12,16:23:58.313000,11512,11513,11513,3
2019-11-12,16:24:29.600000,11512,11513,11513,5
2019-11-12,16:24:56.489000,11512,11513,11513,5
2019-11-12,16:24:57.542000,11512,11513,11513,3
2019-11-12,16:25:02.215000,11513,11514,11513,1
2019-11-12,16:25:05.424000,11513,11514,11513,2
2019-11-12,16:25:06.049000,11513,11514,11513,1
2019-11-12,16:25:39.103000,11512,11513,11512,1
2019-11-12,16:25:44.583000,11512,11513,11512,1
2019-11-12,16:25:47.888000,11512,11513,11512,1
2019-11-12,16:26:11.282000,11512,11513,11512,2
2019-11-12,16:26:11.648000,11512,11513,11513,1
2019-11-12,16:26:13.029000,11512,11513,11513,1
2019-11-12,16:26:19.148000,11512,11513,11513,1
2019-11-12,16:26:20.831000,11512,11513,11513,7
2019-11-12,16:26:42.754000,11513,11514,11513,1
2019-11-12,16:27:29.762000,11513,11514,11513,1
2019-11-12,16:28:02.362000,11513,11514,11513,2
2019-11-12,16:28:03.330000,11513,11514,11514,2
2019-11-12,16:29:13.344000,11513,11514,11514,1
2019-11-12,16:29:13.385000,11513,11514,11514,6
2019-11-12,16:29:13.509000,11513,11514,11514,2
2019-11-12,16:29:13.782000,11514,11515,11515,1
2019-11-12,16:29:13.862000,11514,11515,11515,1
2019-11-12,16:29:14.010000,11514,11515,11514,2
2019-11-12,16:29:14.529000,11513,11514,11514,1
2019-11-12,16:29:14.546000,11513,11514,11514,1
2019-11-12,16:29:40.135000,11514,11515,11514,1
2019-11-12,16:29:43.089000,11513,11514,11514,1
2019-11-12,16:29:46.586000,11513,11514,11513,1
2019-11-12,16:29:46.586000,11513,11514,11513,4
2019-11-12,16:29:46.588000,11513,11514,11513,4
2019-11-12,16:29:46.635000,11513,11514,11513,2
2019-11-12,16:29:46.635000,11513,11514,11513,2
2019-11-12,16:29:46.635000,11513,11514,11513,4
2019-11-12,16:29:46.963000,11512,11513,11513,1
2019-11-12,16:29:55.830000,11512,11513,11513,10
2019-11-12,16:29:59.525000,11513,11514,11513,1
2019-11-12,16:30:01.034000,11513,11515,11513,1
2019-11-12,16:30:48.805000,11513,11514,11513,5
2019-11-12,16:30:59.582000,11513,11514,11513,5
2019-11-12,16:31:22.844000,11512,11513,11513,1
2019-11-12,16:31:24.814000,11512,11513,11513,1
2019-11-12,16:31:40.628000,11512,11513,11512,1
2019-11-12,16:31:56.007000,11512,11513,11513,2
2019-11-12,16:32:02.464000,11512,11514,11513,1
2019-11-12,16:32:08.561000,11512,11513,11513,1
2019-11-12,16:32:16.724000,11512,11513,11513,1
2019-11-12,16:32:17.270000,11512,11513,11513,1
2019-11-12,16:32:25.592000,11513,11514,11513,2
2019-11-12,16:32:50.920000,11513,11514,11514,1
2019-11-12,16:33:02.253000,11513,11514,11513,4
2019-11-12,16:33:43.311000,11513,11514,11514,1
2019-11-12,16:33:46.617000,11513,11514,11514,15
2019-11-12,16:33:46.617000,11513,11514,11515,5
2019-11-12,16:33:46.635000,11513,11514,11514,3
2019-11-12,16:33:46.760000,11513,11514,11513,3
2019-11-12,16:33:46.760000,11513,11514,11514,2
2019-11-12,16:33:46.785000,11513,11514,11513,3
2019-11-12,16:33:46.810000,11513,11514,11513,2
2019-11-12,16:33:46.836000,11513,11514,11513,2
2019-11-12,16:33:46.861000,11513,11514,11513,2
2019-11-12,16:33:46.885000,11513,11514,11513,2
2019-11-12,16:34:02.159000,11513,11514,11513,1
2019-11-12,16:34:32.748000,11513,11514,11514,1
2019-11-12,16:34:33.122000,11513,11514,11513,2
2019-11-12,16:35:56.908000,11513,11514,11513,2
2019-11-12,16:36:03.723000,11513,11514,11513,2
2019-11-12,16:36:08.360000,11513,11514,11514,1
2019-11-12,16:36:22.226000,11513,11514,11513,2
2019-11-12,16:37:08.445000,11513,11514,11513,2
2019-11-12,16:37:11.777000,11513,11514,11513,8
2019-11-12,16:37:11.885000,11513,11514,11513,5
2019-11-12,16:38:15.522000,11512,11513,11513,3
2019-11-12,16:38:30.539000,11512,11513,11513,5
2019-11-12,16:39:07.517000,11512,11513,11513,1
2019-11-12,16:39:23.722000,11512,11513,11513,1
2019-11-12,16:39:33.990000,11513,11514,11513,2
2019-11-12,16:39:35.097000,11513,11514,11513,1
2019-11-12,16:39:35.097000,11513,11514,11512,19
2019-11-12,16:40:13.344000,11513,11514,11513,1
2019-11-12,16:40:13.740000,11512,11514,11512,1
2019-11-12,16:40:29.670000,11512,11513,11512,2
2019-11-12,16:40:33.478000,11512,11513,11512,2
2019-11-12,16:40:43.661000,11512,11513,11512,2
2019-11-12,16:40:51,11512,11513,11512,1
2019-11-12,16:40:53.574000,11512,11513,11512,2
2019-11-12,16:41:10.138000,11512,11513,11513,7
2019-11-12,16:41:14.445000,11513,11514,11513,2
2019-11-12,16:41:14.446000,11513,11514,11513,1
2019-11-12,16:41:16.767000,11512,11513,11513,2
2019-11-12,16:41:29.425000,11512,11513,11513,1
2019-11-12,16:41:36.917000,11512,11513,11512,3
2019-11-12,16:41:43.029000,11512,11513,11512,4
2019-11-12,16:41:54.385000,11512,11513,11512,1
2019-11-12,16:41:54.509000,11512,11513,11512,2
2019-11-12,16:41:58.292000,11512,11513,11512,1
2019-11-12,16:42:00.751000,11512,11513,11512,1
2019-11-12,16:42:48.095000,11512,11513,11513,1
2019-11-12,16:43:06.581000,11512,11513,11512,1
2019-11-12,16:43:15.174000,11512,11513,11513,6
2019-11-12,16:43:15.260000,11512,11513,11513,2
2019-11-12,16:43:37.591000,11513,11514,11514,1
2019-11-12,16:43:50.759000,11513,11514,11514,1
2019-11-12,16:43:50.760000,11513,11514,11514,9
2019-11-12,16:43:51.598000,11513,11515,11513,1
2019-11-12,16:44:21.639000,11513,11514,11513,5
2019-11-12,16:44:21.808000,11513,11514,11514,1
2019-11-12,16:44:40.781000,11513,11514,11514,1
2019-11-12,16:44:41.885000,11513,11514,11514,1
2019-11-12,16:45:05.202000,11514,11515,11514,1
2019-11-12,16:45:05.514000,11514,11515,11514,1
2019-11-12,16:45:05.986000,11514,11515,11514,1
2019-11-12,16:45:06.330000,11514,11515,11514,1
2019-11-12,16:45:06.686000,11514,11515,11514,1
2019-11-12,16:45:09.063000,11514,11515,11514,2
2019-11-12,16:46:55.087000,11514,11515,11514,2
2019-11-12,16:46:59.986000,11514,11515,11515,9
2019-11-12,16:47:12.678000,11515,11516,11515,1
2019-11-12,16:47:16.545000,11515,11516,11516,1
2019-11-12,16:47:21.608000,11515,11516,11516,1
2019-11-12,16:47:31.470000,11515,11516,11516,1
2019-11-12,16:47:34.824000,11515,11516,11516,2
2019-11-12,16:47:35.544000,11515,11516,11516,1
2019-11-12,16:47:35.634000,11515,11516,11516,1
2019-11-12,16:47:49.163000,11515,11516,11516,1
2019-11-12,16:47:55.491000,11516,11517,11516,1
2019-11-12,16:48:00.504000,11516,11517,11516,1
2019-11-12,16:48:03.881000,11516,11517,11517,1
2019-11-12,16:48:05.091000,11516,11517,11517,12
2019-11-12,16:48:05.091000,11516,11517,11518,8
2019-11-12,16:48:05.486000,11517,11518,11518,1
2019-11-12,16:48:08.010000,11517,11518,11517,1
2019-11-12,16:48:12.134000,11516,11518,11518,1
2019-11-12,16:48:15.580000,11516,11517,11517,1
2019-11-12,16:48:16.263000,11517,11518,11517,1
2019-11-12,16:48:17.111000,11516,11518,11518,2
2019-11-12,16:48:23.143000,11517,11518,11517,1
2019-11-12,16:48:24.421000,11516,11517,11517,2
2019-11-12,16:48:26.259000,11516,11517,11517,1
2019-11-12,16:49:17.448000,11516,11517,11517,1
2019-11-12,16:49:22.319000,11516,11517,11517,1
2019-11-12,16:49:27.684000,11516,11517,11517,1
2019-11-12,16:49:32.103000,11516,11517,11516,1
2019-11-12,16:49:36.882000,11516,11517,11517,1
2019-11-12,16:49:47.758000,11516,11517,11516,2
2019-11-12,16:49:56.566000,11516,11517,11516,1
2019-11-12,16:50:01.417000,11516,11517,11516,1
2019-11-12,16:50:07.385000,11516,11517,11516,2
2019-11-12,16:50:15.039000,11515,11516,11516,1
2019-11-12,16:51:22.575000,11515,11516,11515,2
2019-11-12,16:51:24.135000,11515,11516,11515,4
2019-11-12,16:51:33.939000,11514,11515,11514,2
2019-11-12,16:51:33.951000,11514,11515,11514,1
2019-11-12,16:51:54.006000,11514,11515,11515,5
2019-11-12,16:52:07.491000,11514,11515,11515,2
2019-11-12,16:52:33.660000,11514,11515,11515,3
2019-11-12,16:52:33.760000,11514,11515,11515,1
2019-11-12,16:52:41.242000,11514,11515,11515,2
2019-11-12,16:52:41.242000,11514,11515,11516,1
2019-11-12,16:52:48.035000,11514,11515,11515,1
2019-11-12,16:53:01.109000,11515,11516,11515,1
2019-11-12,16:54:32.183000,11515,11516,11515,5
2019-11-12,16:55:22.436000,11514,11515,11515,1
2019-11-12,16:55:34.542000,11514,11515,11515,1
2019-11-12,16:55:42.532000,11515,11516,11515,1
2019-11-12,16:56:17.894000,11514,11515,11515,1
2019-11-12,16:56:34.134000,11514,11515,11515,1
2019-11-12,16:56:56.452000,11514,11515,11514,2
2019-11-12,16:56:56.454000,11514,11515,11514,6
2019-11-12,16:56:56.454000,11514,11515,11514,7
2019-11-12,16:56:56.454000,11514,11515,11514,4
2019-11-12,16:56:56.455000,11514,11515,11514,2
2019-11-12,16:56:56.455000,11514,11515,11514,1
2019-11-12,16:56:56.493000,11514,11515,11514,2
2019-11-12,16:56:56.510000,11514,11515,11514,2
2019-11-12,16:56:56.764000,11513,11514,11513,1
2019-11-12,16:56:56.770000,11513,11514,11513,1
2019-11-12,16:56:56.899000,11513,11514,11513,1
2019-11-12,16:56:56.907000,11513,11514,11513,1
2019-11-12,16:56:57.975000,11513,11514,11513,8
2019-11-12,16:56:57.975000,11513,11514,11512,37
2019-11-12,16:57:03.590000,11512,11513,11512,12
2019-11-12,16:57:03.590000,11512,11513,11511,8
2019-11-12,16:57:03.720000,11511,11513,11511,2
2019-11-12,16:57:03.751000,11511,11513,11511,2
2019-11-12,16:57:03.793000,11511,11513,11511,2
2019-11-12,16:57:25.056000,11511,11512,11511,2
2019-11-12,16:57:30.455000,11511,11512,11511,3
2019-11-12,16:57:51.021000,11511,11512,11511,1
2019-11-12,16:57:51.872000,11511,11512,11511,1
2019-11-12,16:58:11.744000,11511,11512,11511,1
2019-11-12,16:58:30.334000,11511,11512,11512,2
2019-11-12,16:58:40.298000,11511,11512,11512,2
2019-11-12,16:58:40.298000,11511,11512,11512,8
2019-11-12,16:58:40.589000,11512,11513,11512,1
2019-11-12,16:58:48.829000,11513,11514,11514,1
2019-11-12,16:58:59.221000,11513,11514,11513,1
2019-11-12,16:59:25.356000,11513,11514,11513,1
2019-11-12,16:59:25.379000,11513,11514,11513,1
2019-11-12,16:59:25.718000,11513,11514,11513,1
2019-11-12,16:59:25.931000,11513,11514,11513,1
2019-11-12,16:59:29.828000,11513,11514,11513,2
2019-11-12,16:59:54.632000,11513,11514,11514,1
2019-11-12,16:59:59.009000,11513,11514,11514,1
2019-11-12,17:00:28.030000,11514,11515,11515,3
2019-11-12,17:01:08.638000,11514,11515,11514,2
2019-11-12,17:01:08.638000,11514,11515,11513,1
2019-11-12,17:01:08.650000,11514,11515,11513,2
2019-11-12,17:01:08.680000,11514,11515,11513,1
2019-11-12,17:01:20.251000,11513,11514,11513,9
2019-11-12,17:01:20.251000,11513,11514,11513,2
2019-11-12,17:02:13.062000,11512,11513,11512,1
2019-11-12,17:02:13.084000,11512,11513,11512,1
2019-11-12,17:02:13.114000,11512,11513,11512,1
2019-11-12,17:02:30,11512,11513,11512,2
2019-11-12,17:03:17.026000,11512,11513,11512,1
2019-11-12,17:03:36.225000,11512,11513,11512,1
2019-11-12,17:04:00.335000,11512,11513,11512,2
2019-11-12,17:04:10.755000,11512,11513,11512,1
2019-11-12,17:04:46.976000,11512,11513,11512,1
2019-11-12,17:04:51.500000,11512,11513,11513,1
2019-11-12,17:05:41.869000,11512,11513,11513,1
2019-11-12,17:05:54.200000,11512,11513,11512,2
2019-11-12,17:06:08.898000,11512,11513,11512,3
2019-11-12,17:06:15.844000,11512,11513,11512,1
2019-11-12,17:06:16.643000,11512,11513,11512,2
2019-11-12,17:06:46.019000,11512,11513,11512,3
2019-11-12,17:06:46.614000,11512,11513,11512,1
2019-11-12,17:06:48.525000,11512,11513,11512,2
2019-11-12,17:06:48.635000,11511,11512,11512,1
2019-11-12,17:07:19.216000,11512,11513,11512,1
2019-11-12,17:07:25.665000,11512,11513,11512,1
2019-11-12,17:07:39.135000,11512,11513,11512,1
2019-11-12,17:08:49.850000,11512,11513,11513,6
2019-11-12,17:09:17.321000,11513,11514,11513,1
2019-11-12,17:09:18.425000,11513,11514,11513,1
2019-11-12,17:09:20.347000,11512,11514,11512,1
2019-11-12,17:09:41.526000,11512,11513,11512,2
2019-11-12,17:09:59.367000,11512,11513,11512,1
2019-11-12,17:10:41.809000,11512,11513,11512,4
2019-11-12,17:10:41.885000,11512,11513,11512,1
2019-11-12,17:10:41.891000,11512,11513,11513,4
2019-11-12,17:11:29.859000,11511,11512,11511,1
2019-11-12,17:11:47.685000,11511,11512,11511,1
2019-11-12,17:11:51.482000,11511,11512,11511,1
2019-11-12,17:11:51.518000,11511,11512,11512,1
2019-11-12,17:11:51.518000,11511,11512,11513,1
2019-11-12,17:11:53.214000,11511,11513,11511,4
2019-11-12,17:11:53.266000,11511,11513,11513,2
2019-11-12,17:11:53.266000,11511,11513,11513,2
2019-11-12,17:11:53.266000,11511,11513,11513,3
2019-11-12,17:12:15.673000,11512,11513,11512,1
2019-11-12,17:12:16.687000,11511,11513,11511,1
2019-11-12,17:12:25.947000,11512,11513,11512,1
2019-11-12,17:12:37.837000,11512,11513,11512,5
2019-11-12,17:12:41.239000,11512,11513,11512,1
2019-11-12,17:13:02.324000,11511,11512,11511,2
2019-11-12,17:13:04.010000,11511,11512,11511,2
2019-11-12,17:13:04.086000,11511,11512,11511,2
2019-11-12,17:13:04.086000,11511,11512,11511,3
2019-11-12,17:13:05.231000,11511,11512,11511,1
2019-11-12,17:13:28.999000,11511,11512,11511,2
2019-11-12,17:13:41.085000,11511,11512,11511,1
2019-11-12,17:13:44.230000,11511,11512,11511,1
2019-11-12,17:13:47.517000,11511,11512,11511,1
2019-11-12,17:13:56.483000,11511,11512,11511,1
2019-11-12,17:14:19.464000,11511,11512,11512,1
2019-11-12,17:15:02.714000,11511,11512,11511,4
2019-11-12,17:15:02.760000,11511,11512,11511,4
2019-11-12,17:15:15.008000,11511,11512,11511,1
2019-11-12,17:15:20.713000,11511,11512,11512,5
2019-11-12,17:16:02.514000,11511,11512,11512,13
2019-11-12,17:16:02.635000,11511,11512,11512,1
2019-11-12,17:16:02.635000,11511,11512,11512,7
2019-11-12,17:16:02.635000,11511,11512,11512,2
2019-11-12,17:16:02.660000,11511,11512,11512,2
2019-11-12,17:16:02.685000,11511,11512,11512,2
2019-11-12,17:16:16.633000,11512,11513,11512,1
2019-11-12,17:16:34.797000,11512,11513,11512,1
2019-11-12,17:16:41.829000,11512,11513,11512,1
2019-11-12,17:16:53.669000,11512,11513,11512,3
2019-11-12,17:17:05.101000,11511,11513,11511,20
2019-11-12,17:17:22.951000,11511,11512,11511,1
2019-11-12,17:17:24.181000,11510,11512,11510,20
2019-11-12,17:17:24.331000,11510,11511,11510,5
2019-11-12,17:17:31.341000,11510,11511,11510,2
2019-11-12,17:17:31.487000,11510,11511,11510,1
2019-11-12,17:17:34.496000,11510,11511,11511,4
2019-11-12,17:18:02.959000,11510,11511,11510,1
2019-11-12,17:18:04.484000,11510,11511,11510,2
2019-11-12,17:18:15.573000,11510,11511,11511,2
2019-11-12,17:18:33.120000,11511,11512,11511,1
2019-11-12,17:18:40.339000,11511,11512,11511,1
2019-11-12,17:18:41.472000,11511,11512,11511,2
2019-11-12,17:18:53.574000,11511,11512,11511,1
2019-11-12,17:18:54.320000,11511,11512,11511,1
2019-11-12,17:19:02.368000,11511,11512,11511,3
2019-11-12,17:19:03.071000,11511,11512,11511,1
2019-11-12,17:19:40.714000,11511,11512,11511,1
2019-11-12,17:19:42.207000,11511,11512,11511,1
2019-11-12,17:19:54.013000,11511,11512,11511,2
2019-11-12,17:20:02.016000,11511,11512,11511,1
2019-11-12,17:20:04.802000,11510,11512,11510,1
2019-11-12,17:20:13.940000,11510,11511,11511,1
2019-11-12,17:20:29.349000,11511,11512,11511,1
2019-11-12,17:20:58.336000,11511,11512,11511,6
2019-11-12,17:21:04.991000,11511,11512,11511,1
2019-11-12,17:21:40.223000,11511,11512,11511,6
2019-11-12,17:21:49.822000,11511,11512,11511,3
2019-11-12,17:22:05.793000,11511,11512,11511,1
2019-11-12,17:22:37.142000,11511,11512,11511,1
2019-11-12,17:22:52.697000,11511,11512,11511,1
2019-11-12,17:23:21.596000,11511,11512,11511,1
2019-11-12,17:23:22.307000,11511,11512,11511,1
2019-11-12,17:24:10.574000,11511,11512,11512,30
2019-11-12,17:24:10.635000,11511,11512,11512,6
2019-11-12,17:24:10.635000,11511,11512,11512,3
2019-11-12,17:24:10.635000,11511,11512,11512,3
2019-11-12,17:24:10.635000,11511,11512,11512,1
2019-11-12,17:24:15.176000,11511,11512,11512,1
2019-11-12,17:24:25.680000,11512,11513,11513,20
2019-11-12,17:24:25.760000,11512,11513,11513,1
2019-11-12,17:24:32.724000,11512,11513,11513,1
2019-11-12,17:24:37.988000,11512,11513,11513,2
2019-11-12,17:24:48.435000,11512,11513,11513,1
2019-11-12,17:25:05.953000,11512,11513,11513,2
2019-11-12,17:25:10.814000,11512,11513,11513,1
2019-11-12,17:25:14.680000,11512,11513,11513,10
2019-11-12,17:25:18.249000,11512,11513,11513,1
2019-11-12,17:25:36.015000,11512,11513,11513,1
2019-11-12,17:25:37.100000,11512,11513,11513,1
2019-11-12,17:25:48.009000,11513,11514,11513,1
2019-11-12,17:25:49.555000,11513,11514,11513,2
2019-11-12,17:25:54.740000,11512,11513,11513,10
2019-11-12,17:26:55.130000,11512,11513,11512,2
2019-11-12,17:27:20.196000,11512,11513,11512,1
2019-11-12,17:27:31.958000,11512,11513,11512,1
2019-11-12,17:29:49.570000,11512,11513,11512,1
2019-11-12,17:29:55.904000,11512,11513,11512,1
2019-11-12,17:30:31.970000,11512,11513,11513,1
2019-11-12,17:30:46.538000,11512,11513,11513,1
2019-11-12,17:30:55.135000,11512,11513,11513,6
2019-11-12,17:30:57.155000,11512,11513,11513,3
2019-11-12,17:31:04.467000,11512,11513,11513,1
2019-11-12,17:31:26.461000,11512,11513,11513,1
2019-11-12,17:31:26.695000,11512,11513,11513,1
2019-11-12,17:31:26.761000,11512,11513,11513,3
2019-11-12,17:31:42.215000,11513,11514,11514,1
2019-11-12,17:31:42.481000,11513,11514,11514,1
2019-11-12,17:31:58.763000,11513,11514,11514,1
2019-11-12,17:32:09.460000,11513,11514,11514,1
2019-11-12,17:32:21.404000,11513,11514,11514,14
2019-11-12,17:32:38.303000,11513,11514,11514,1
2019-11-12,17:32:48.762000,11513,11514,11514,1
2019-11-12,17:32:48.776000,11513,11514,11514,1
2019-11-12,17:32:48.885000,11513,11514,11514,2
2019-11-12,17:33:33.527000,11514,11515,11514,1
2019-11-12,17:33:42.258000,11514,11515,11514,5
2019-11-12,17:33:46.270000,11514,11515,11514,1
2019-11-12,17:33:46.385000,11513,11514,11514,1
2019-11-12,17:33:48.498000,11514,11515,11514,5
2019-11-12,17:34:16.217000,11514,11515,11515,5
2019-11-12,17:34:16.929000,11514,11515,11514,5
2019-11-12,17:34:27.826000,11514,11515,11515,28
2019-11-12,17:34:27.885000,11514,11515,11515,6
2019-11-12,17:34:27.885000,11514,11515,11515,3
2019-11-12,17:34:35.369000,11515,11516,11516,3
2019-11-12,17:34:36.685000,11515,11516,11516,1
2019-11-12,17:34:40.970000,11515,11516,11516,1
2019-11-12,17:34:41.088000,11516,11517,11516,1
2019-11-12,17:34:48.824000,11515,11516,11516,3
2019-11-12,17:34:51.139000,11515,11516,11515,2
2019-11-12,17:35:21.761000,11515,11516,11515,1
2019-11-12,17:35:24.014000,11515,11516,11516,1
2019-11-12,17:35:28.774000,11515,11516,11516,1
2019-11-12,17:35:33.039000,11516,11517,11516,1
2019-11-12,17:35:35.956000,11515,11516,11516,1
2019-11-12,17:35:40.836000,11515,11516,11516,1
2019-11-12,17:35:41.131000,11515,11516,11516,1
2019-11-12,17:35:48.689000,11515,11516,11516,2
2019-11-12,17:35:48.760000,11516,11517,11516,3
2019-11-12,17:35:51.187000,11516,11517,11516,1
2019-11-12,17:35:53.023000,11516,11517,11516,1
2019-11-12,17:35:53.731000,11516,11517,11516,1
2019-11-12,17:36:11.255000,11516,11517,11517,1
2019-11-12,17:36:15.068000,11516,11517,11517,1
2019-11-12,17:36:27.881000,11516,11517,11517,1
2019-11-12,17:36:45.049000,11516,11517,11516,2
2019-11-12,17:36:52.885000,11516,11517,11516,6
2019-11-12,17:36:56.918000,11515,11516,11516,4
2019-11-12,17:37:52.984000,11515,11516,11516,1
2019-11-12,17:38:35.228000,11515,11516,11516,1
2019-11-12,17:38:35.557000,11515,11516,11516,1
2019-11-12,17:39:16.667000,11515,11516,11516,1
2019-11-12,17:39:25.682000,11515,11516,11515,4
2019-11-12,17:39:25.691000,11515,11516,11515,2
2019-11-12,17:39:25.691000,11515,11516,11515,1
2019-11-12,17:39:25.691000,11515,11516,11515,3
2019-11-12,17:39:25.692000,11515,11516,11515,6
2019-11-12,17:39:54.543000,11514,11515,11514,6
2019-11-12,17:40:04.792000,11513,11514,11514,1
2019-11-12,17:40:31.712000,11513,11514,11513,9
2019-11-12,17:40:31.712000,11513,11514,11512,11
2019-11-12,17:40:32.088000,11512,11513,11512,1
2019-11-12,17:40:34.230000,11512,11513,11513,1
2019-11-12,17:40:39.477000,11512,11513,11512,2
2019-11-12,17:40:41.780000,11511,11512,11511,13
2019-11-12,17:40:41.885000,11511,11512,11511,10
2019-11-12,17:40:41.988000,11511,11512,11511,12
2019-11-12,17:40:41.989000,11511,11512,11511,8
2019-11-12,17:40:41.989000,11511,11512,11511,2
2019-11-12,17:40:41.989000,11511,11512,11511,4
2019-11-12,17:40:41.989000,11511,11512,11511,1
2019-11-12,17:40:41.993000,11511,11512,11511,8
2019-11-12,17:40:42.010000,11511,11512,11511,6
2019-11-12,17:40:42.010000,11511,11512,11511,7
2019-11-12,17:40:42.010000,11511,11512,11511,3
2019-11-12,17:40:42.010000,11511,11512,11511,2
2019-11-12,17:40:42.268000,11510,11511,11510,3
2019-11-12,17:40:42.268000,11510,11511,11510,2
2019-11-12,17:40:42.269000,11510,11511,11510,5
2019-11-12,17:40:42.429000,11510,11511,11510,1
2019-11-12,17:40:42.865000,11510,11511,11510,11
2019-11-12,17:40:43.153000,11509,11510,11510,3
2019-11-12,17:40:43.175000,11509,11510,11510,1
2019-11-12,17:40:46.525000,11509,11510,11510,2
2019-11-12,17:40:46.635000,11509,11510,11510,1
2019-11-12,17:40:46.761000,11510,11511,11510,1
2019-11-12,17:40:47.348000,11510,11511,11510,2
2019-11-12,17:40:52.233000,11510,11511,11510,1
2019-11-12,17:40:53.006000,11510,11511,11510,1
2019-11-12,17:40:53.215000,11510,11511,11510,1
2019-11-12,17:40:53.819000,11510,11511,11510,5
2019-11-12,17:40:54.499000,11510,11511,11510,1
2019-11-12,17:40:56.761000,11510,11511,11510,1
2019-11-12,17:40:58.248000,11510,11511,11510,1
2019-11-12,17:40:59.723000,11510,11511,11510,5
2019-11-12,17:41:01.016000,11509,11510,11510,1
2019-11-12,17:41:01.156000,11509,11510,11510,1
2019-11-12,17:41:01.306000,11509,11510,11509,27
2019-11-12,17:41:01.431000,11508,11510,11508,1
2019-11-12,17:41:01.874000,11508,11509,11508,1
2019-11-12,17:41:02.707000,11508,11510,11508,1
2019-11-12,17:41:02.929000,11508,11509,11508,1
2019-11-12,17:41:04.612000,11508,11509,11508,1
2019-11-12,17:41:07.847000,11508,11509,11508,6
2019-11-12,17:41:08.279000,11508,11509,11508,1
2019-11-12,17:41:10.784000,11508,11509,11508,18
2019-11-12,17:41:11.474000,11508,11509,11508,16
2019-11-12,17:41:11.755000,11507,11508,11508,2
2019-11-12,17:41:13.315000,11507,11508,11508,1
2019-11-12,17:41:16.766000,11507,11508,11507,38
2019-11-12,17:41:16.885000,11507,11508,11507,3
2019-11-12,17:41:16.885000,11507,11508,11507,2
2019-11-12,17:41:16.911000,11507,11508,11506,1
2019-11-12,17:41:16.925000,11507,11508,11507,2
2019-11-12,17:41:17.043000,11506,11507,11506,10
2019-11-12,17:41:17.056000,11506,11507,11506,6
2019-11-12,17:41:17.069000,11506,11507,11506,1
2019-11-12,17:41:17.071000,11506,11507,11507,1
2019-11-12,17:41:17.116000,11506,11507,11506,1
2019-11-12,17:41:17.142000,11506,11507,11506,1
2019-11-12,17:41:17.402000,11506,11507,11506,1
2019-11-12,17:41:17.448000,11506,11507,11506,1
2019-11-12,17:41:17.525000,11506,11507,11506,1
2019-11-12,17:41:17.591000,11506,11507,11506,2
2019-11-12,17:41:20.478000,11506,11507,11507,10
2019-11-12,17:41:21.087000,11506,11507,11506,1
2019-11-12,17:41:21.392000,11506,11507,11506,1
2019-11-12,17:41:22.045000,11506,11507,11506,1
2019-11-12,17:41:22.758000,11506,11507,11506,1
2019-11-12,17:41:23.026000,11506,11507,11506,1
2019-11-12,17:41:23.213000,11506,11507,11506,1
2019-11-12,17:41:23.220000,11506,11507,11506,1
2019-11-12,17:41:24.473000,11506,11507,11506,1
2019-11-12,17:41:24.874000,11506,11507,11506,1
2019-11-12,17:41:25.864000,11506,11507,11506,1
2019-11-12,17:41:26.432000,11506,11507,11506,1
2019-11-12,17:41:26.646000,11506,11507,11506,1
2019-11-12,17:41:27.406000,11506,11507,11506,1
2019-11-12,17:41:27.699000,11506,11507,11506,1
2019-11-12,17:41:27.816000,11506,11507,11506,1
2019-11-12,17:41:31.898000,11506,11507,11506,2
2019-11-12,17:41:32.253000,11506,11507,11506,2
2019-11-12,17:41:32.514000,11506,11507,11507,1
2019-11-12,17:41:33.029000,11506,11507,11506,1
2019-11-12,17:41:34.868000,11506,11507,11506,1
2019-11-12,17:41:35.267000,11506,11507,11506,10
2019-11-12,17:41:35.402000,11505,11507,11505,1
2019-11-12,17:41:35.542000,11505,11506,11505,1
2019-11-12,17:41:35.546000,11505,11506,11505,1
2019-11-12,17:41:35.546000,11505,11506,11505,5
2019-11-12,17:41:35.840000,11505,11506,11505,1
2019-11-12,17:41:35.844000,11505,11506,11505,1
2019-11-12,17:41:36.418000,11505,11506,11506,1
2019-11-12,17:41:37.486000,11505,11506,11506,1
2019-11-12,17:41:38.281000,11505,11506,11506,6
2019-11-12,17:41:38.385000,11505,11506,11506,1
2019-11-12,17:41:39.377000,11505,11506,11505,1
2019-11-12,17:41:40.520000,11505,11506,11505,5
2019-11-12,17:41:41.342000,11505,11506,11505,10
2019-11-12,17:41:41.543000,11505,11506,11505,1
2019-11-12,17:41:41.600000,11505,11506,11506,2
2019-11-12,17:41:42.048000,11505,11506,11505,3
2019-11-12,17:41:43.897000,11505,11506,11505,2
2019-11-12,17:41:44.073000,11505,11506,11505,1
2019-11-12,17:41:45.970000,11505,11506,11505,13
2019-11-12,17:41:45.996000,11505,11506,11505,2
2019-11-12,17:41:49.041000,11504,11505,11504,1
2019-11-12,17:41:49.285000,11504,11505,11504,1
2019-11-12,17:41:49.317000,11504,11505,11504,2
2019-11-12,17:41:49.817000,11504,11505,11504,1
2019-11-12,17:41:49.933000,11504,11505,11504,2
2019-11-12,17:41:50.240000,11504,11505,11504,2
2019-11-12,17:41:50.291000,11504,11505,11504,1
2019-11-12,17:41:50.368000,11504,11505,11504,2
2019-11-12,17:41:50.401000,11504,11505,11504,1
2019-11-12,17:41:50.405000,11504,11505,11504,2
2019-11-12,17:41:50.425000,11504,11505,11504,2
2019-11-12,17:41:52.281000,11504,11505,11504,2
2019-11-12,17:41:52.521000,11504,11505,11505,1
2019-11-12,17:41:52.674000,11504,11505,11504,1
2019-11-12,17:41:53.073000,11504,11505,11504,1
2019-11-12,17:41:53.459000,11504,11505,11504,1
2019-11-12,17:41:55.550000,11504,11505,11504,5
2019-11-12,17:41:55.633000,11504,11505,11504,2
2019-11-12,17:41:56.435000,11504,11505,11504,2
2019-11-12,17:41:57.023000,11504,11505,11504,3
2019-11-12,17:41:57.967000,11504,11505,11504,10
2019-11-12,17:41:59.475000,11504,11505,11504,1
2019-11-12,17:42:00.923000,11504,11505,11505,1
2019-11-12,17:42:01.146000,11504,11505,11504,1
2019-11-12,17:42:02.018000,11504,11505,11504,5
2019-11-12,17:42:02.600000,11504,11505,11504,1
2019-11-12,17:42:02.788000,11504,11505,11504,1
2019-11-12,17:42:04.951000,11504,11505,11504,1
2019-11-12,17:42:06.168000,11504,11505,11504,2
2019-11-12,17:42:07.966000,11504,11505,11504,2
2019-11-12,17:42:08.082000,11504,11505,11504,2
2019-11-12,17:42:09.078000,11504,11505,11504,2
2019-11-12,17:42:09.693000,11504,11505,11504,1
2019-11-12,17:42:09.809000,11504,11505,11504,2
2019-11-12,17:42:12.297000,11504,11505,11504,14
2019-11-12,17:42:12.322000,11504,11505,11504,2
2019-11-12,17:42:12.347000,11504,11505,11504,2
2019-11-12,17:42:12.579000,11503,11504,11504,1
2019-11-12,17:42:12.720000,11503,11504,11504,1
2019-11-12,17:42:13.401000,11503,11504,11504,1
2019-11-12,17:42:14.066000,11504,11505,11504,3
2019-11-12,17:42:14.344000,11503,11504,11504,1
2019-11-12,17:42:15.574000,11503,11504,11503,2
2019-11-12,17:42:15.693000,11503,11504,11503,1
2019-11-12,17:42:15.739000,11503,11504,11503,1
2019-11-12,17:42:15.767000,11503,11504,11503,1
2019-11-12,17:42:15.808000,11503,11504,11503,2
2019-11-12,17:42:16.228000,11503,11504,11503,2
2019-11-12,17:42:16.284000,11503,11504,11503,4
2019-11-12,17:42:17.176000,11503,11504,11503,1
2019-11-12,17:42:20.849000,11503,11504,11503,1
2019-11-12,17:42:21.621000,11503,11504,11503,2
2019-11-12,17:42:23.356000,11503,11504,11504,1
2019-11-12,17:42:23.690000,11503,11504,11503,5
2019-11-12,17:42:23.999000,11503,11504,11504,1
2019-11-12,17:42:24.332000,11503,11504,11503,2
2019-11-12,17:42:27.895000,11503,11504,11504,8
2019-11-12,17:42:28.010000,11503,11504,11504,23
2019-11-12,17:42:28.010000,11503,11504,11504,4
2019-11-12,17:42:31.654000,11504,11505,11505,3
2019-11-12,17:42:31.654000,11504,11505,11505,2
2019-11-12,17:42:31.654000,11504,11505,11505,7
2019-11-12,17:42:31.655000,11504,11505,11505,17
2019-11-12,17:42:31.655000,11504,11505,11505,1
2019-11-12,17:42:31.655000,11504,11505,11505,2
2019-11-12,17:42:31.655000,11504,11505,11505,2
2019-11-12,17:42:31.655000,11504,11505,11505,3
2019-11-12,17:42:31.885000,11505,11506,11506,1
2019-11-12,17:42:35.133000,11506,11507,11506,1
2019-11-12,17:42:37.651000,11505,11506,11506,2
2019-11-12,17:42:38.403000,11505,11507,11507,1
2019-11-12,17:42:40.908000,11505,11506,11506,2
2019-11-12,17:42:42.176000,11505,11506,11506,1
2019-11-12,17:42:42.364000,11505,11506,11506,1
2019-11-12,17:42:42.586000,11505,11506,11506,2
2019-11-12,17:42:45.564000,11505,11506,11505,2
2019-11-12,17:42:47.017000,11505,11506,11506,2
2019-11-12,17:43:00.372000,11505,11506,11505,18
2019-11-12,17:43:00.877000,11504,11505,11504,1
2019-11-12,17:43:02.428000,11504,11505,11504,1
2019-11-12,17:43:02.466000,11504,11505,11505,1
2019-11-12,17:43:04.173000,11504,11505,11504,5
2019-11-12,17:43:05.569000,11503,11505,11503,4
2019-11-12,17:43:07.260000,11504,11505,11504,2
2019-11-12,17:43:07.260000,11504,11505,11504,1
2019-11-12,17:43:09.715000,11503,11504,11505,3
2019-11-12,17:43:09.754000,11503,11504,11503,1
2019-11-12,17:43:13.417000,11504,11505,11504,2
2019-11-12,17:43:20.448000,11504,11505,11504,1
2019-11-12,17:43:24.963000,11504,11505,11505,4
2019-11-12,17:43:26.811000,11504,11505,11504,1
2019-11-12,17:43:27.459000,11504,11505,11504,1
2019-11-12,17:43:34.009000,11504,11505,11504,10
2019-11-12,17:43:35.441000,11503,11504,11504,2
