2020-07-17,15:00:00.002000,12045,12046,12048,57
2020-07-17,15:00:00.200000,12046,12049,12047,1
2020-07-17,15:00:00.231000,12047,12048,12047,1
2020-07-17,15:00:00.243000,12047,12048,12046,1
2020-07-17,15:00:00.395000,12046,12048,12048,6
2020-07-17,15:00:00.395000,12046,12048,12049,6
2020-07-17,15:00:00.409000,12046,12048,12047,2
2020-07-17,15:00:00.415000,12046,12048,12046,1
2020-07-17,15:00:00.497000,12046,12048,12046,11
2020-07-17,15:00:00.509000,12046,12048,12045,3
2020-07-17,15:00:00.526000,12046,12048,12045,1
2020-07-17,15:00:00.530000,12046,12048,12045,3
2020-07-17,15:00:00.646000,12045,12046,12045,1
2020-07-17,15:00:00.656000,12045,12046,12045,1
2020-07-17,15:00:01.047000,12045,12046,12046,1
2020-07-17,15:00:01.049000,12045,12046,12046,1
2020-07-17,15:00:01.091000,12045,12046,12045,1
2020-07-17,15:00:01.213000,12045,12046,12045,1
2020-07-17,15:00:01.432000,12045,12046,12045,3
2020-07-17,15:00:01.602000,12044,12046,12046,1
2020-07-17,15:00:02.164000,12044,12046,12044,1
2020-07-17,15:00:02.164000,12044,12046,12044,3
2020-07-17,15:00:02.173000,12044,12046,12044,6
2020-07-17,15:00:02.398000,12043,12044,12043,1
2020-07-17,15:00:02.684000,12043,12045,12045,1
2020-07-17,15:00:03.390000,12043,12045,12043,1
2020-07-17,15:00:03.820000,12043,12044,12043,1
2020-07-17,15:00:04.371000,12043,12044,12043,8
2020-07-17,15:00:04.371000,12043,12044,12042,7
2020-07-17,15:00:04.454000,12043,12044,12042,5
2020-07-17,15:00:04.454000,12043,12044,12041,2
2020-07-17,15:00:05.331000,12041,12042,12042,2
2020-07-17,15:00:05.571000,12042,12043,12042,1
2020-07-17,15:00:06.526000,12043,12044,12043,1
2020-07-17,15:00:06.847000,12043,12044,12044,1
2020-07-17,15:00:06.853000,12043,12044,12044,1
2020-07-17,15:00:06.878000,12043,12044,12045,1
2020-07-17,15:00:06.884000,12043,12044,12045,1
2020-07-17,15:00:06.894000,12043,12044,12045,1
2020-07-17,15:00:06.900000,12043,12044,12045,1
2020-07-17,15:00:07.887000,12045,12046,12046,2
2020-07-17,15:00:07.888000,12045,12046,12046,1
2020-07-17,15:00:07.953000,12045,12046,12047,1
2020-07-17,15:00:08.063000,12047,12049,12047,2
2020-07-17,15:00:08.177000,12047,12049,12048,2
2020-07-17,15:00:09.281000,12045,12047,12047,2
2020-07-17,15:00:10.243000,12046,12048,12048,1
2020-07-17,15:00:10.698000,12046,12048,12047,2
2020-07-17,15:00:15.665000,12045,12046,12045,2
2020-07-17,15:00:15.665000,12045,12046,12045,10
2020-07-17,15:00:16.406000,12044,12045,12045,1
2020-07-17,15:00:16.588000,12044,12045,12044,1
2020-07-17,15:00:21.160000,12043,12045,12044,2
2020-07-17,15:00:21.348000,12044,12045,12045,1
2020-07-17,15:00:24.232000,12044,12046,12044,1
2020-07-17,15:00:24.744000,12044,12046,12046,1
2020-07-17,15:00:25.084000,12045,12047,12045,1
2020-07-17,15:00:27.471000,12045,12047,12045,1
2020-07-17,15:00:27.994000,12045,12046,12046,5
2020-07-17,15:00:30.414000,12045,12046,12046,1
2020-07-17,15:00:32.258000,12045,12046,12046,1
2020-07-17,15:00:32.329000,12045,12046,12045,1
2020-07-17,15:00:32.556000,12045,12046,12046,1
2020-07-17,15:00:32.854000,12045,12046,12046,2
2020-07-17,15:00:32.855000,12045,12046,12046,1
2020-07-17,15:00:35.783000,12045,12046,12046,1
2020-07-17,15:00:39.002000,12046,12047,12046,1
2020-07-17,15:00:39.439000,12046,12047,12046,1
2020-07-17,15:00:39.673000,12046,12047,12046,1
2020-07-17,15:00:39.673000,12046,12047,12046,1
2020-07-17,15:00:40.055000,12045,12047,12047,3
2020-07-17,15:00:40.137000,12046,12047,12046,1
2020-07-17,15:00:41.814000,12046,12047,12046,1
2020-07-17,15:00:46.804000,12046,12047,12047,1
2020-07-17,15:00:46.922000,12046,12047,12047,2
2020-07-17,15:00:47.351000,12046,12047,12047,2
2020-07-17,15:00:47.351000,12046,12047,12047,4
2020-07-17,15:00:47.744000,12047,12048,12047,1
2020-07-17,15:00:48.250000,12046,12047,12047,1
2020-07-17,15:00:49.438000,12047,12048,12048,1
2020-07-17,15:00:50.063000,12047,12048,12048,7
2020-07-17,15:00:51.557000,12047,12049,12047,1
2020-07-17,15:00:52.409000,12047,12049,12047,1
2020-07-17,15:00:52.821000,12047,12048,12048,1
2020-07-17,15:00:53.171000,12048,12049,12048,5
2020-07-17,15:00:53.172000,12048,12049,12048,5
2020-07-17,15:00:55.421000,12048,12049,12048,1
2020-07-17,15:00:56.252000,12048,12049,12048,1
2020-07-17,15:00:56.458000,12048,12049,12048,2
2020-07-17,15:00:57.928000,12048,12049,12048,1
2020-07-17,15:00:59.447000,12048,12049,12048,4
2020-07-17,15:00:59.922000,12048,12049,12048,1
2020-07-17,15:01:00.107000,12048,12049,12049,1
2020-07-17,15:01:01.141000,12048,12049,12048,1
2020-07-17,15:01:01.510000,12048,12049,12049,3
2020-07-17,15:01:01.601000,12048,12049,12049,1
2020-07-17,15:01:01.605000,12048,12049,12049,1
2020-07-17,15:01:01.609000,12048,12049,12049,1
2020-07-17,15:01:01.617000,12048,12049,12049,5
2020-07-17,15:01:01.641000,12048,12049,12049,1
2020-07-17,15:01:01.869000,12048,12049,12049,1
2020-07-17,15:01:01.922000,12048,12049,12049,1
2020-07-17,15:01:02.240000,12049,12050,12049,2
2020-07-17,15:01:02.277000,12049,12050,12050,10
2020-07-17,15:01:02.462000,12049,12050,12050,1
2020-07-17,15:01:02.798000,12049,12050,12050,1
2020-07-17,15:01:02.837000,12049,12050,12050,1
2020-07-17,15:01:02.837000,12049,12050,12050,1
2020-07-17,15:01:03.767000,12049,12050,12050,3
2020-07-17,15:01:03.767000,12049,12050,12050,8
2020-07-17,15:01:03.773000,12049,12050,12050,1
2020-07-17,15:01:04.871000,12050,12051,12051,1
2020-07-17,15:01:04.871000,12050,12051,12051,3
2020-07-17,15:01:04.871000,12050,12051,12051,5
2020-07-17,15:01:04.871000,12050,12051,12051,8
2020-07-17,15:01:04.872000,12050,12051,12051,1
2020-07-17,15:01:05.313000,12050,12052,12052,1
2020-07-17,15:01:05.357000,12050,12052,12050,1
2020-07-17,15:01:05.505000,12050,12052,12052,2
2020-07-17,15:01:05.589000,12050,12052,12052,2
2020-07-17,15:01:06.961000,12050,12052,12050,3
2020-07-17,15:01:08.165000,12050,12052,12052,1
2020-07-17,15:01:09.503000,12050,12052,12051,1
2020-07-17,15:01:10.096000,12050,12052,12050,2
2020-07-17,15:01:10.757000,12050,12052,12052,3
2020-07-17,15:01:11.841000,12050,12052,12050,1
2020-07-17,15:01:12.475000,12050,12052,12052,1
2020-07-17,15:01:14.717000,12050,12052,12052,1
2020-07-17,15:01:18.992000,12051,12052,12051,1
2020-07-17,15:01:19.308000,12051,12052,12052,1
2020-07-17,15:01:19.346000,12051,12052,12052,1
2020-07-17,15:01:19.524000,12051,12052,12051,1
2020-07-17,15:01:21.395000,12051,12052,12052,1
2020-07-17,15:01:24.215000,12051,12052,12051,1
2020-07-17,15:01:27.220000,12051,12052,12051,1
2020-07-17,15:01:28.279000,12051,12052,12051,1
2020-07-17,15:01:28.378000,12051,12052,12052,1
2020-07-17,15:01:28.511000,12051,12052,12051,2
2020-07-17,15:01:28.511000,12051,12052,12051,3
2020-07-17,15:01:29.615000,12050,12051,12050,2
2020-07-17,15:01:29.876000,12050,12051,12051,1
2020-07-17,15:01:30.831000,12050,12051,12050,1
2020-07-17,15:01:30.869000,12050,12051,12050,2
2020-07-17,15:01:30.870000,12050,12051,12050,1
2020-07-17,15:01:30.870000,12050,12051,12050,1
2020-07-17,15:01:30.870000,12050,12051,12050,2
2020-07-17,15:01:31.226000,12049,12050,12050,2
2020-07-17,15:01:31.284000,12049,12050,12050,1
2020-07-17,15:01:31.455000,12049,12050,12050,1
2020-07-17,15:01:31.655000,12049,12050,12049,1
2020-07-17,15:01:35.114000,12049,12050,12049,2
2020-07-17,15:01:35.218000,12049,12050,12049,2
2020-07-17,15:01:37.845000,12048,12049,12049,1
2020-07-17,15:01:41.452000,12048,12049,12049,1
2020-07-17,15:01:41.471000,12048,12049,12049,2
2020-07-17,15:01:42.489000,12048,12049,12049,1
2020-07-17,15:01:43.396000,12048,12049,12049,4
2020-07-17,15:01:43.396000,12048,12049,12049,1
2020-07-17,15:01:43.396000,12048,12049,12049,1
2020-07-17,15:01:43.749000,12049,12050,12049,1
2020-07-17,15:01:43.979000,12049,12050,12049,1
2020-07-17,15:01:49.518000,12049,12050,12050,1
2020-07-17,15:01:50.171000,12049,12050,12050,1
2020-07-17,15:01:50.218000,12049,12050,12050,1
2020-07-17,15:01:50.355000,12050,12051,12051,3
2020-07-17,15:01:53.983000,12050,12052,12052,1
2020-07-17,15:01:58.201000,12051,12052,12052,6
2020-07-17,15:01:58.394000,12051,12052,12052,20
2020-07-17,15:01:58.395000,12051,12052,12052,3
2020-07-17,15:01:58.395000,12051,12052,12052,2
2020-07-17,15:01:58.597000,12052,12053,12053,1
2020-07-17,15:01:58.904000,12052,12053,12053,6
2020-07-17,15:01:59.487000,12052,12054,12054,1
2020-07-17,15:02:00.011000,12052,12054,12054,1
2020-07-17,15:02:00.893000,12053,12054,12054,1
2020-07-17,15:02:01.165000,12053,12054,12053,4
2020-07-17,15:02:01.165000,12053,12054,12053,3
2020-07-17,15:02:01.166000,12053,12054,12053,2
2020-07-17,15:02:01.166000,12053,12054,12053,1
2020-07-17,15:02:01.166000,12053,12054,12053,15
2020-07-17,15:02:03.991000,12052,12053,12052,3
2020-07-17,15:02:04.609000,12051,12052,12052,8
2020-07-17,15:02:07.468000,12051,12052,12051,3
2020-07-17,15:02:08.236000,12050,12051,12051,1
2020-07-17,15:02:08.268000,12050,12051,12051,1
2020-07-17,15:02:08.375000,12050,12051,12051,1
2020-07-17,15:02:10.955000,12050,12051,12051,1
2020-07-17,15:02:11.230000,12050,12051,12051,1
2020-07-17,15:02:11.421000,12050,12051,12050,2
2020-07-17,15:02:11.442000,12050,12051,12051,4
2020-07-17,15:02:11.680000,12050,12051,12050,1
2020-07-17,15:02:11.948000,12050,12051,12051,3
2020-07-17,15:02:12.656000,12050,12051,12051,1
2020-07-17,15:02:12.692000,12050,12051,12051,3
2020-07-17,15:02:12.893000,12050,12051,12050,6
2020-07-17,15:02:14.220000,12049,12050,12050,2
2020-07-17,15:02:14.989000,12049,12050,12050,1
2020-07-17,15:02:15.016000,12049,12050,12049,1
2020-07-17,15:02:15.034000,12049,12050,12049,2
2020-07-17,15:02:16.369000,12048,12050,12048,1
2020-07-17,15:02:16.779000,12048,12050,12048,2
2020-07-17,15:02:19.311000,12048,12050,12048,1
2020-07-17,15:02:19.704000,12048,12050,12049,1
2020-07-17,15:02:19.704000,12048,12050,12050,2
2020-07-17,15:02:19.942000,12048,12050,12048,1
2020-07-17,15:02:21.046000,12048,12049,12048,2
2020-07-17,15:02:21.322000,12048,12049,12048,2
2020-07-17,15:02:21.322000,12048,12049,12047,4
2020-07-17,15:02:21.448000,12047,12049,12049,1
2020-07-17,15:02:22.185000,12047,12048,12048,1
2020-07-17,15:02:22.417000,12048,12049,12048,1
2020-07-17,15:02:22.865000,12048,12049,12049,1
2020-07-17,15:02:24.767000,12047,12049,12049,5
2020-07-17,15:02:24.793000,12047,12049,12049,1
2020-07-17,15:02:27.040000,12047,12048,12048,2
2020-07-17,15:02:27.512000,12047,12048,12048,2
2020-07-17,15:02:28.787000,12047,12048,12048,3
2020-07-17,15:02:31.203000,12047,12049,12049,5
2020-07-17,15:02:31.207000,12047,12049,12049,5
2020-07-17,15:02:32.306000,12048,12049,12049,5
2020-07-17,15:02:32.313000,12048,12049,12049,3
2020-07-17,15:02:33.717000,12048,12049,12048,1
2020-07-17,15:02:34.688000,12047,12048,12048,4
2020-07-17,15:02:36.659000,12047,12048,12048,1
2020-07-17,15:02:36.659000,12047,12048,12049,2
2020-07-17,15:02:37.789000,12047,12049,12048,1
2020-07-17,15:02:38.930000,12048,12049,12048,5
2020-07-17,15:02:41.463000,12047,12048,12048,3
2020-07-17,15:02:42.599000,12048,12049,12049,1
2020-07-17,15:02:49.643000,12048,12049,12049,1
2020-07-17,15:02:53.469000,12048,12049,12048,1
2020-07-17,15:02:58.228000,12048,12050,12048,14
2020-07-17,15:02:58.229000,12048,12050,12048,12
2020-07-17,15:03:05.641000,12047,12049,12048,1
2020-07-17,15:03:07.641000,12047,12049,12048,1
2020-07-17,15:03:10.750000,12048,12049,12049,2
2020-07-17,15:03:11.350000,12048,12049,12048,1
2020-07-17,15:03:12.270000,12048,12049,12048,3
2020-07-17,15:03:16.362000,12048,12049,12049,1
2020-07-17,15:03:16.782000,12049,12050,12049,4
2020-07-17,15:03:21.109000,12048,12049,12049,1
2020-07-17,15:03:21.110000,12048,12049,12049,5
2020-07-17,15:03:21.110000,12048,12049,12049,2
2020-07-17,15:03:24.558000,12049,12050,12049,1
2020-07-17,15:03:31.005000,12049,12050,12050,3
2020-07-17,15:03:31.005000,12049,12050,12050,2
2020-07-17,15:03:31.005000,12049,12050,12050,14
2020-07-17,15:03:31.005000,12049,12050,12050,3
2020-07-17,15:03:33.100000,12050,12051,12050,6
2020-07-17,15:03:33.100000,12050,12051,12049,4
2020-07-17,15:03:37.924000,12049,12051,12051,1
2020-07-17,15:03:39.494000,12050,12051,12050,1
2020-07-17,15:03:39.785000,12050,12051,12050,1
2020-07-17,15:03:44.206000,12050,12051,12051,1
2020-07-17,15:03:50.172000,12050,12051,12051,2
2020-07-17,15:03:51.247000,12050,12051,12051,2
2020-07-17,15:04:00.260000,12050,12051,12051,1
2020-07-17,15:04:00.483000,12050,12051,12051,2
2020-07-17,15:04:00.503000,12050,12051,12051,1
2020-07-17,15:04:00.504000,12050,12051,12051,2
2020-07-17,15:04:00.519000,12050,12051,12051,1
2020-07-17,15:04:00.903000,12050,12051,12050,1
2020-07-17,15:04:01.856000,12050,12051,12050,1
2020-07-17,15:04:02.193000,12049,12051,12051,2
2020-07-17,15:04:03.062000,12050,12051,12051,2
2020-07-17,15:04:03.443000,12050,12051,12050,2
2020-07-17,15:04:05.402000,12050,12051,12050,18
2020-07-17,15:04:07.213000,12049,12050,12050,7
2020-07-17,15:04:09.666000,12050,12051,12051,1
2020-07-17,15:04:09.985000,12050,12051,12050,1
2020-07-17,15:04:10.931000,12050,12051,12051,1
2020-07-17,15:04:11.181000,12050,12051,12050,1
2020-07-17,15:04:12.638000,12050,12051,12050,10
2020-07-17,15:04:12.669000,12050,12051,12050,1
2020-07-17,15:04:16.773000,12049,12050,12050,1
2020-07-17,15:04:17.798000,12049,12050,12050,1
2020-07-17,15:04:18.716000,12049,12050,12050,2
2020-07-17,15:04:21.784000,12049,12050,12049,4
2020-07-17,15:04:21.784000,12049,12050,12049,3
2020-07-17,15:04:22.493000,12048,12049,12048,1
2020-07-17,15:04:23.246000,12048,12049,12049,5
2020-07-17,15:04:23.349000,12048,12049,12049,1
2020-07-17,15:04:24.275000,12048,12049,12049,2
2020-07-17,15:04:25.333000,12049,12050,12050,1
2020-07-17,15:04:26.230000,12049,12050,12049,1
2020-07-17,15:04:33.459000,12049,12050,12049,1
2020-07-17,15:04:39.796000,12048,12049,12049,3
2020-07-17,15:04:42.147000,12048,12049,12049,1
2020-07-17,15:04:44.034000,12049,12050,12049,12
2020-07-17,15:04:44.501000,12048,12049,12049,5
2020-07-17,15:04:44.501000,12048,12049,12049,1
2020-07-17,15:04:44.502000,12048,12049,12049,2
2020-07-17,15:04:50.357000,12049,12050,12050,1
2020-07-17,15:04:52.021000,12049,12050,12049,5
2020-07-17,15:04:54.165000,12048,12049,12049,5
2020-07-17,15:04:54.165000,12048,12049,12049,1
2020-07-17,15:04:54.165000,12048,12049,12049,1
2020-07-17,15:04:54.246000,12048,12049,12049,3
2020-07-17,15:04:58.244000,12049,12050,12050,1
2020-07-17,15:04:58.244000,12049,12050,12050,13
2020-07-17,15:04:58.245000,12049,12050,12050,2
2020-07-17,15:04:58.245000,12049,12050,12050,8
2020-07-17,15:04:58.245000,12049,12050,12050,1
2020-07-17,15:04:58.245000,12049,12050,12050,1
2020-07-17,15:04:58.246000,12049,12050,12050,3
2020-07-17,15:05:01.915000,12050,12051,12051,1
2020-07-17,15:05:02.616000,12050,12051,12051,5
2020-07-17,15:05:08.438000,12050,12051,12051,5
2020-07-17,15:05:11.779000,12051,12052,12051,1
2020-07-17,15:05:14.701000,12051,12052,12051,1
2020-07-17,15:05:15.047000,12051,12052,12051,1
2020-07-17,15:05:20.034000,12050,12051,12051,1
2020-07-17,15:05:20.307000,12050,12051,12050,11
2020-07-17,15:05:21.463000,12049,12050,12049,4
2020-07-17,15:05:21.463000,12049,12050,12049,2
2020-07-17,15:05:21.463000,12049,12050,12049,3
2020-07-17,15:05:25.092000,12048,12049,12048,2
2020-07-17,15:05:26.020000,12048,12049,12048,28
2020-07-17,15:05:31.809000,12047,12048,12047,4
2020-07-17,15:05:31.810000,12047,12048,12047,2
2020-07-17,15:05:33.923000,12046,12047,12047,2
2020-07-17,15:05:34.627000,12046,12047,12046,8
2020-07-17,15:05:34.773000,12045,12046,12045,1
2020-07-17,15:05:35.402000,12045,12046,12046,1
2020-07-17,15:05:36.377000,12045,12046,12046,1
2020-07-17,15:05:47.207000,12046,12047,12046,1
2020-07-17,15:05:49.763000,12046,12047,12046,3
2020-07-17,15:05:50.852000,12046,12047,12047,1
2020-07-17,15:05:52.733000,12046,12047,12046,2
2020-07-17,15:05:54.534000,12046,12047,12047,2
2020-07-17,15:05:54.535000,12046,12047,12047,3
2020-07-17,15:05:54.535000,12046,12047,12047,4
2020-07-17,15:05:54.535000,12046,12047,12047,2
2020-07-17,15:05:56.156000,12046,12048,12046,1
2020-07-17,15:05:58.147000,12046,12048,12046,1
2020-07-17,15:06:04.370000,12046,12047,12046,1
2020-07-17,15:06:12.126000,12046,12047,12046,10
2020-07-17,15:06:12.319000,12046,12047,12047,1
2020-07-17,15:06:15.148000,12046,12047,12047,1
2020-07-17,15:06:15.148000,12046,12047,12047,2
2020-07-17,15:06:15.149000,12046,12047,12047,1
2020-07-17,15:06:15.149000,12046,12047,12047,5
2020-07-17,15:06:18.069000,12047,12048,12047,3
2020-07-17,15:06:20.368000,12047,12048,12048,1
2020-07-17,15:06:20.954000,12047,12048,12047,1
2020-07-17,15:06:26.808000,12047,12048,12047,1
2020-07-17,15:06:30.034000,12046,12047,12047,2
2020-07-17,15:06:31.974000,12046,12047,12046,3
2020-07-17,15:06:37.597000,12045,12046,12046,1
2020-07-17,15:06:40.829000,12045,12046,12045,1
2020-07-17,15:06:42.310000,12045,12046,12046,1
2020-07-17,15:06:47.820000,12045,12046,12045,2
2020-07-17,15:06:49.863000,12045,12046,12045,1
2020-07-17,15:06:51.618000,12045,12046,12045,12
2020-07-17,15:06:58.365000,12044,12045,12044,1
2020-07-17,15:06:58.365000,12044,12045,12044,4
2020-07-17,15:07:00.524000,12043,12044,12043,2
2020-07-17,15:07:00.524000,12043,12044,12043,11
2020-07-17,15:07:01.896000,12042,12043,12042,3
2020-07-17,15:07:03.597000,12042,12043,12042,1
2020-07-17,15:07:04.833000,12042,12043,12042,1
2020-07-17,15:07:04.833000,12042,12043,12042,3
2020-07-17,15:07:05.023000,12041,12042,12042,2
2020-07-17,15:07:06.170000,12041,12042,12041,3
2020-07-17,15:07:06.213000,12041,12042,12042,1
2020-07-17,15:07:06.241000,12041,12042,12041,1
2020-07-17,15:07:06.468000,12041,12042,12042,1
2020-07-17,15:07:06.574000,12041,12042,12041,2
2020-07-17,15:07:06.693000,12041,12042,12041,1
2020-07-17,15:07:07.511000,12041,12042,12041,1
2020-07-17,15:07:08.334000,12041,12042,12041,1
2020-07-17,15:07:08.334000,12041,12042,12040,1
2020-07-17,15:07:08.390000,12040,12042,12040,1
2020-07-17,15:07:09.578000,12040,12041,12041,1
2020-07-17,15:07:11.116000,12041,12042,12041,1
2020-07-17,15:07:12.741000,12041,12042,12041,1
2020-07-17,15:07:12.742000,12041,12042,12041,1
2020-07-17,15:07:12.952000,12040,12041,12041,1
2020-07-17,15:07:16.149000,12040,12041,12041,2
2020-07-17,15:07:16.149000,12040,12041,12041,2
2020-07-17,15:07:16.267000,12041,12042,12042,1
2020-07-17,15:07:16.365000,12041,12042,12040,1
2020-07-17,15:07:16.376000,12041,12042,12042,1
2020-07-17,15:07:17.115000,12040,12042,12040,1
2020-07-17,15:07:19.918000,12040,12042,12040,1
2020-07-17,15:07:21.101000,12040,12041,12041,1
2020-07-17,15:07:23.710000,12040,12041,12040,1
2020-07-17,15:07:24.413000,12040,12041,12041,1
2020-07-17,15:07:27.397000,12040,12041,12040,1
2020-07-17,15:07:30.331000,12040,12041,12041,1
2020-07-17,15:07:30.482000,12040,12041,12040,3
2020-07-17,15:07:30.482000,12040,12041,12040,1
2020-07-17,15:07:30.482000,12040,12041,12040,5
2020-07-17,15:07:30.866000,12039,12040,12040,1
2020-07-17,15:07:31.083000,12039,12040,12040,1
2020-07-17,15:07:31.426000,12039,12040,12039,4
2020-07-17,15:07:31.426000,12039,12040,12039,7
2020-07-17,15:07:31.502000,12038,12039,12038,5
2020-07-17,15:07:31.510000,12038,12039,12038,5
2020-07-17,15:07:31.510000,12038,12039,12038,5
2020-07-17,15:07:31.526000,12038,12039,12038,1
2020-07-17,15:07:31.915000,12037,12038,12037,3
2020-07-17,15:07:31.968000,12037,12038,12037,15
2020-07-17,15:07:32.612000,12036,12037,12037,1
2020-07-17,15:07:36.629000,12036,12037,12037,1
2020-07-17,15:07:36.824000,12036,12037,12037,1
2020-07-17,15:07:37.453000,12037,12038,12037,1
2020-07-17,15:07:37.691000,12037,12038,12037,1
2020-07-17,15:07:37.764000,12037,12038,12037,3
2020-07-17,15:07:37.930000,12037,12038,12037,1
2020-07-17,15:07:38.251000,12037,12038,12037,1
2020-07-17,15:07:38.887000,12036,12038,12036,1
2020-07-17,15:07:39.793000,12036,12038,12036,2
2020-07-17,15:07:41.605000,12036,12037,12037,2
2020-07-17,15:07:41.787000,12037,12038,12038,1
2020-07-17,15:07:41.830000,12037,12038,12038,1
2020-07-17,15:07:41.922000,12037,12038,12037,1
2020-07-17,15:07:42.357000,12037,12038,12037,2
2020-07-17,15:07:43.662000,12037,12038,12038,1
2020-07-17,15:07:43.771000,12037,12039,12039,2
2020-07-17,15:07:45.640000,12038,12039,12039,1
2020-07-17,15:07:46.578000,12038,12039,12038,1
2020-07-17,15:07:48.729000,12038,12040,12038,1
2020-07-17,15:07:50.137000,12038,12039,12039,2
2020-07-17,15:07:50.642000,12039,12041,12039,1
2020-07-17,15:07:51.331000,12039,12041,12039,1
2020-07-17,15:07:53.148000,12039,12040,12040,1
2020-07-17,15:07:58.278000,12039,12040,12039,1
2020-07-17,15:08:00.637000,12039,12040,12039,1
2020-07-17,15:08:01.212000,12039,12040,12039,1
2020-07-17,15:08:02.833000,12038,12040,12038,1
2020-07-17,15:08:03.562000,12039,12040,12039,1
2020-07-17,15:08:07.530000,12039,12040,12039,1
2020-07-17,15:08:08.623000,12039,12040,12040,1
2020-07-17,15:08:10.093000,12039,12040,12039,1
2020-07-17,15:08:10.401000,12039,12040,12039,1
2020-07-17,15:08:11.560000,12039,12040,12039,1
2020-07-17,15:08:11.778000,12039,12040,12039,1
2020-07-17,15:08:13.376000,12039,12040,12039,1
2020-07-17,15:08:15.575000,12038,12040,12038,1
2020-07-17,15:08:20.163000,12039,12040,12039,1
2020-07-17,15:08:20.163000,12039,12040,12039,2
2020-07-17,15:08:24.508000,12039,12040,12039,1
2020-07-17,15:08:27.146000,12039,12040,12039,1
2020-07-17,15:08:27.425000,12039,12040,12039,4
2020-07-17,15:08:27.425000,12039,12040,12038,6
2020-07-17,15:08:30.579000,12038,12039,12039,1
2020-07-17,15:08:30.683000,12038,12039,12039,1
2020-07-17,15:08:31.082000,12038,12039,12039,1
2020-07-17,15:08:32.676000,12038,12039,12039,5
2020-07-17,15:08:33.610000,12038,12039,12039,1
2020-07-17,15:08:35.395000,12038,12039,12039,1
2020-07-17,15:08:36.067000,12038,12039,12038,5
2020-07-17,15:08:38.637000,12038,12039,12039,1
2020-07-17,15:08:38.752000,12038,12039,12039,1
2020-07-17,15:08:39.872000,12038,12039,12039,1
2020-07-17,15:08:42.047000,12038,12039,12039,2
2020-07-17,15:08:44.735000,12039,12040,12039,1
2020-07-17,15:08:48.155000,12038,12040,12038,10
2020-07-17,15:08:50.840000,12039,12040,12039,1
2020-07-17,15:08:51.856000,12039,12040,12039,3
2020-07-17,15:08:51.857000,12039,12040,12039,1
2020-07-17,15:09:00.336000,12038,12039,12039,5
2020-07-17,15:09:05.117000,12038,12039,12039,1
2020-07-17,15:09:05.138000,12038,12039,12039,5
2020-07-17,15:09:05.138000,12038,12039,12039,1
2020-07-17,15:09:05.138000,12038,12039,12039,4
2020-07-17,15:09:08.226000,12039,12040,12039,3
2020-07-17,15:09:09.516000,12038,12039,12039,5
2020-07-17,15:09:11.857000,12038,12039,12039,5
2020-07-17,15:09:15.489000,12038,12039,12039,5
2020-07-17,15:09:15.490000,12038,12039,12039,2
2020-07-17,15:09:18.494000,12039,12040,12039,1
2020-07-17,15:09:18.496000,12039,12040,12039,2
2020-07-17,15:09:19.669000,12038,12039,12039,2
2020-07-17,15:09:19.854000,12039,12040,12039,7
2020-07-17,15:09:19.854000,12039,12040,12038,3
2020-07-17,15:09:25.353000,12039,12040,12039,9
2020-07-17,15:09:25.353000,12039,12040,12038,1
2020-07-17,15:09:26.479000,12039,12040,12039,1
2020-07-17,15:09:29.132000,12038,12039,12039,1
2020-07-17,15:09:29.691000,12038,12039,12039,1
2020-07-17,15:09:31.887000,12038,12039,12038,1
2020-07-17,15:09:35.758000,12038,12039,12039,1
2020-07-17,15:09:40.027000,12038,12039,12038,10
2020-07-17,15:09:41.759000,12038,12039,12038,3
2020-07-17,15:09:44.048000,12038,12039,12039,1
2020-07-17,15:09:44.171000,12038,12039,12039,7
2020-07-17,15:09:57.722000,12039,12040,12039,1
2020-07-17,15:09:58.736000,12038,12039,12039,1
2020-07-17,15:10:02.553000,12039,12040,12040,1
2020-07-17,15:10:05.414000,12039,12040,12040,1
2020-07-17,15:10:08.971000,12039,12040,12040,1
2020-07-17,15:10:12.141000,12039,12040,12040,1
2020-07-17,15:10:14.022000,12039,12040,12040,4
2020-07-17,15:10:14.555000,12040,12041,12040,1
2020-07-17,15:10:15.767000,12040,12041,12041,1
2020-07-17,15:10:17.037000,12040,12041,12041,7
2020-07-17,15:10:17.037000,12040,12041,12041,7
2020-07-17,15:10:17.199000,12041,12042,12042,1
2020-07-17,15:10:17.277000,12041,12042,12042,1
2020-07-17,15:10:19.211000,12041,12042,12042,1
2020-07-17,15:10:19.452000,12041,12042,12042,1
2020-07-17,15:10:21.152000,12041,12043,12043,1
2020-07-17,15:10:22.271000,12041,12043,12043,1
2020-07-17,15:10:27.052000,12041,12043,12043,2
2020-07-17,15:10:31.045000,12041,12043,12043,1
2020-07-17,15:10:44.181000,12042,12043,12043,1
2020-07-17,15:10:48.598000,12042,12043,12043,4
2020-07-17,15:10:48.598000,12042,12043,12044,1
2020-07-17,15:10:48.763000,12042,12044,12044,1
2020-07-17,15:10:51.537000,12042,12043,12043,1
2020-07-17,15:10:51.930000,12042,12043,12043,2
2020-07-17,15:10:56.710000,12042,12043,12042,2
2020-07-17,15:10:56.710000,12042,12043,12042,1
2020-07-17,15:11:07.320000,12041,12042,12042,1
2020-07-17,15:11:07.592000,12041,12042,12042,5
2020-07-17,15:11:14.502000,12041,12042,12042,1
2020-07-17,15:11:20.340000,12042,12043,12042,2
2020-07-17,15:11:24.238000,12042,12043,12042,2
2020-07-17,15:11:24.462000,12042,12043,12043,1
2020-07-17,15:11:28.854000,12041,12042,12042,2
2020-07-17,15:11:37.057000,12042,12043,12043,1
2020-07-17,15:11:37.057000,12042,12043,12043,10
2020-07-17,15:11:44.101000,12043,12044,12044,2
2020-07-17,15:11:50.649000,12043,12044,12044,1
2020-07-17,15:11:50.650000,12043,12044,12044,1
2020-07-17,15:11:59.628000,12044,12045,12044,1
2020-07-17,15:12:01.755000,12044,12045,12045,2
2020-07-17,15:12:06.129000,12044,12045,12044,1
2020-07-17,15:12:07.696000,12044,12045,12045,4
2020-07-17,15:12:07.697000,12044,12045,12045,7
2020-07-17,15:12:07.950000,12045,12046,12045,2
2020-07-17,15:12:11.594000,12045,12046,12045,3
2020-07-17,15:12:16.855000,12045,12046,12045,1
2020-07-17,15:12:17.416000,12044,12046,12046,1
2020-07-17,15:12:21.048000,12045,12046,12045,5
2020-07-17,15:12:28.799000,12045,12046,12046,1
2020-07-17,15:12:29.791000,12045,12046,12046,2
2020-07-17,15:12:29.792000,12045,12046,12046,3
2020-07-17,15:12:36.945000,12045,12046,12046,1
2020-07-17,15:12:41.290000,12045,12046,12046,1
2020-07-17,15:12:41.290000,12045,12046,12046,4
2020-07-17,15:12:42.467000,12046,12047,12047,1
2020-07-17,15:12:43.154000,12046,12047,12046,1
2020-07-17,15:12:43.489000,12046,12047,12046,1
2020-07-17,15:12:45.264000,12045,12047,12045,1
2020-07-17,15:12:56.921000,12045,12046,12046,1
2020-07-17,15:12:58.854000,12046,12047,12046,1
2020-07-17,15:13:00.586000,12045,12046,12046,1
2020-07-17,15:13:03.400000,12045,12046,12046,1
2020-07-17,15:13:03.696000,12045,12046,12046,1
2020-07-17,15:13:07.285000,12045,12046,12045,7
2020-07-17,15:13:07.567000,12044,12045,12045,1
2020-07-17,15:13:11.097000,12044,12045,12045,1
2020-07-17,15:13:12.470000,12045,12046,12046,1
2020-07-17,15:13:32.060000,12045,12046,12046,2
2020-07-17,15:13:33.468000,12045,12046,12046,1
2020-07-17,15:13:39.888000,12045,12046,12046,1
2020-07-17,15:14:02.083000,12045,12046,12046,3
2020-07-17,15:14:02.083000,12045,12046,12046,6
2020-07-17,15:14:02.352000,12046,12047,12046,1
2020-07-17,15:14:02.352000,12046,12047,12045,1
2020-07-17,15:14:13.333000,12045,12047,12045,1
2020-07-17,15:14:19.596000,12045,12046,12045,1
2020-07-17,15:14:22.648000,12045,12046,12046,1
2020-07-17,15:14:32.454000,12045,12046,12045,12
2020-07-17,15:14:35.591000,12044,12045,12045,1
2020-07-17,15:14:41.202000,12044,12045,12044,2
2020-07-17,15:15:00.534000,12044,12045,12044,1
2020-07-17,15:15:08.123000,12044,12045,12045,2
2020-07-17,15:15:08.383000,12045,12046,12045,5
2020-07-17,15:15:08.474000,12045,12046,12046,1
2020-07-17,15:15:08.478000,12045,12046,12046,1
2020-07-17,15:15:08.484000,12045,12046,12046,1
2020-07-17,15:15:08.486000,12045,12046,12046,1
2020-07-17,15:15:08.489000,12045,12046,12046,1
2020-07-17,15:15:08.490000,12045,12046,12047,1
2020-07-17,15:15:08.493000,12045,12046,12047,1
2020-07-17,15:15:08.510000,12045,12046,12047,2
2020-07-17,15:15:12.119000,12046,12047,12046,1
2020-07-17,15:15:28.285000,12046,12047,12046,3
2020-07-17,15:15:35.317000,12045,12046,12046,1
2020-07-17,15:15:37.834000,12045,12046,12046,1
2020-07-17,15:15:38.787000,12045,12046,12045,3
2020-07-17,15:15:47.860000,12044,12045,12044,5
2020-07-17,15:15:47.860000,12044,12045,12044,1
2020-07-17,15:15:49.856000,12043,12044,12044,3
2020-07-17,15:15:53.518000,12044,12045,12044,1
2020-07-17,15:15:54.433000,12044,12045,12045,1
2020-07-17,15:15:56.306000,12044,12045,12044,1
2020-07-17,15:15:56.679000,12043,12044,12044,1
2020-07-17,15:15:59.596000,12043,12044,12044,1
2020-07-17,15:16:00.931000,12044,12045,12044,6
2020-07-17,15:16:03.863000,12044,12045,12045,3
2020-07-17,15:16:07.246000,12045,12046,12046,1
2020-07-17,15:16:07.978000,12045,12046,12046,2
2020-07-17,15:16:13.363000,12046,12047,12047,5
2020-07-17,15:16:19.935000,12046,12047,12046,1
2020-07-17,15:16:24.448000,12046,12047,12047,3
2020-07-17,15:16:24.448000,12046,12047,12047,3
2020-07-17,15:16:30.588000,12047,12048,12047,1
2020-07-17,15:16:34.043000,12047,12048,12047,1
2020-07-17,15:16:34.043000,12047,12048,12046,25
2020-07-17,15:16:34.043000,12047,12048,12045,9
2020-07-17,15:16:40.926000,12046,12047,12046,3
2020-07-17,15:16:40.926000,12046,12047,12045,23
2020-07-17,15:16:42.611000,12045,12047,12047,1
2020-07-17,15:16:43.062000,12045,12047,12047,10
2020-07-17,15:16:46.779000,12045,12047,12047,1
2020-07-17,15:16:47.380000,12046,12047,12046,1
2020-07-17,15:16:50.096000,12046,12047,12046,5
2020-07-17,15:16:53.969000,12046,12047,12047,1
2020-07-17,15:16:53.983000,12046,12047,12046,2
2020-07-17,15:17:01.405000,12046,12047,12047,1
2020-07-17,15:17:02.195000,12046,12047,12047,9
2020-07-17,15:17:09.708000,12046,12047,12047,1
2020-07-17,15:17:13.196000,12046,12047,12046,5
2020-07-17,15:17:13.196000,12046,12047,12046,10
2020-07-17,15:17:13.235000,12045,12046,12045,1
2020-07-17,15:17:13.470000,12044,12045,12044,1
2020-07-17,15:17:40.933000,12045,12046,12045,1
2020-07-17,15:17:46.540000,12044,12045,12044,1
2020-07-17,15:17:53.433000,12045,12046,12045,1
2020-07-17,15:17:56.540000,12045,12046,12045,1
2020-07-17,15:18:00.864000,12045,12046,12045,1
2020-07-17,15:18:04.104000,12044,12045,12045,4
2020-07-17,15:18:04.721000,12045,12046,12046,2
2020-07-17,15:18:05.089000,12045,12046,12046,1
2020-07-17,15:18:07.181000,12046,12047,12047,2
2020-07-17,15:18:12.684000,12046,12047,12047,1
2020-07-17,15:18:16.425000,12046,12047,12047,1
2020-07-17,15:18:34.245000,12047,12048,12048,3
2020-07-17,15:18:34.245000,12047,12048,12048,11
2020-07-17,15:18:34.627000,12048,12049,12049,1
2020-07-17,15:18:39.942000,12048,12049,12048,1
2020-07-17,15:18:39.942000,12048,12049,12048,1
2020-07-17,15:18:40.117000,12047,12048,12047,1
2020-07-17,15:18:44.399000,12047,12048,12047,1
2020-07-17,15:18:53.636000,12047,12048,12048,1
2020-07-17,15:18:56.785000,12047,12048,12047,1
2020-07-17,15:18:57.167000,12047,12048,12047,1
2020-07-17,15:19:01.804000,12046,12047,12047,5
2020-07-17,15:19:02.084000,12047,12048,12047,2
2020-07-17,15:19:06.239000,12047,12048,12047,1
2020-07-17,15:19:11.581000,12046,12047,12047,1
2020-07-17,15:19:12.942000,12046,12047,12047,1
2020-07-17,15:19:17.106000,12046,12047,12047,1
2020-07-17,15:19:22.700000,12047,12048,12047,1
2020-07-17,15:19:23.580000,12047,12048,12047,1
2020-07-17,15:19:44.705000,12047,12048,12048,1
2020-07-17,15:19:49.583000,12047,12048,12048,1
2020-07-17,15:19:51.648000,12048,12049,12048,1
2020-07-17,15:19:51.969000,12048,12049,12048,1
2020-07-17,15:19:52.339000,12048,12049,12048,1
2020-07-17,15:19:53.339000,12048,12049,12049,1
2020-07-17,15:19:54.764000,12048,12049,12049,2
2020-07-17,15:19:54.825000,12048,12049,12049,11
2020-07-17,15:19:55.435000,12049,12050,12049,1
2020-07-17,15:20:02.547000,12049,12050,12049,3
2020-07-17,15:20:05.320000,12049,12050,12050,35
2020-07-17,15:20:05.321000,12049,12050,12050,1
2020-07-17,15:20:10.329000,12049,12050,12050,1
2020-07-17,15:20:12.504000,12049,12050,12050,4
2020-07-17,15:20:12.505000,12049,12050,12050,15
2020-07-17,15:20:12.505000,12049,12050,12050,4
2020-07-17,15:20:13.634000,12050,12051,12050,1
2020-07-17,15:20:13.863000,12050,12051,12050,1
2020-07-17,15:20:14.179000,12050,12051,12051,1
2020-07-17,15:20:20.570000,12050,12051,12051,2
2020-07-17,15:20:23.039000,12050,12051,12050,1
2020-07-17,15:20:30.820000,12050,12051,12051,1
2020-07-17,15:20:31.076000,12050,12051,12051,2
2020-07-17,15:20:31.297000,12050,12051,12051,1
2020-07-17,15:20:35.767000,12050,12051,12051,2
2020-07-17,15:20:36.652000,12050,12051,12051,1
2020-07-17,15:20:42.814000,12050,12051,12050,5
2020-07-17,15:20:42.814000,12050,12051,12050,4
2020-07-17,15:20:42.814000,12050,12051,12050,8
2020-07-17,15:20:54.009000,12049,12050,12050,1
2020-07-17,15:20:56.990000,12049,12050,12050,11
2020-07-17,15:20:56.990000,12049,12050,12051,12
2020-07-17,15:20:57.736000,12049,12051,12051,2
2020-07-17,15:21:02.296000,12049,12050,12050,1
2020-07-17,15:21:08.069000,12049,12050,12050,5
2020-07-17,15:21:12.765000,12049,12050,12049,24
2020-07-17,15:21:15.417000,12048,12049,12048,2
2020-07-17,15:21:29.572000,12046,12048,12048,2
2020-07-17,15:21:32.134000,12046,12048,12048,1
2020-07-17,15:21:45.784000,12047,12048,12047,1
2020-07-17,15:21:48.672000,12047,12048,12047,1
2020-07-17,15:21:52.825000,12047,12048,12047,1
2020-07-17,15:21:53.513000,12047,12048,12047,1
2020-07-17,15:21:55.094000,12046,12048,12048,5
2020-07-17,15:22:01.831000,12047,12049,12047,1
2020-07-17,15:22:02.252000,12047,12048,12047,1
2020-07-17,15:22:06.059000,12047,12049,12047,1
2020-07-17,15:22:10.238000,12046,12048,12048,5
2020-07-17,15:22:22.502000,12047,12048,12047,1
2020-07-17,15:22:24.382000,12047,12048,12047,1
2020-07-17,15:22:25.165000,12046,12048,12048,11
2020-07-17,15:22:25.340000,12047,12049,12049,2
2020-07-17,15:22:26.160000,12047,12049,12049,2
2020-07-17,15:22:36.320000,12046,12047,12047,6
2020-07-17,15:22:36.320000,12046,12047,12048,6
2020-07-17,15:22:40.996000,12046,12047,12046,5
2020-07-17,15:22:40.996000,12046,12047,12046,5
2020-07-17,15:22:41.413000,12045,12046,12046,5
2020-07-17,15:22:41.767000,12045,12046,12046,1
2020-07-17,15:22:44.257000,12045,12047,12047,5
2020-07-17,15:22:47.763000,12046,12047,12047,5
2020-07-17,15:22:54.650000,12046,12047,12047,1
2020-07-17,15:22:57.799000,12046,12047,12046,1
2020-07-17,15:22:58.003000,12046,12047,12046,1
2020-07-17,15:23:05.921000,12046,12047,12046,1
2020-07-17,15:23:08.076000,12046,12047,12047,1
2020-07-17,15:23:08.787000,12046,12048,12048,1
2020-07-17,15:23:11.420000,12047,12048,12047,1
2020-07-17,15:23:12.065000,12047,12048,12047,1
2020-07-17,15:23:26.272000,12047,12048,12048,4
2020-07-17,15:23:26.272000,12047,12048,12048,6
2020-07-17,15:23:26.272000,12047,12048,12048,7
2020-07-17,15:23:30.298000,12048,12049,12048,1
2020-07-17,15:23:36.605000,12048,12049,12048,1
2020-07-17,15:23:37.330000,12048,12049,12048,1
2020-07-17,15:23:41.109000,12048,12049,12048,1
2020-07-17,15:23:41.615000,12048,12049,12048,1
2020-07-17,15:23:42.207000,12048,12049,12048,2
2020-07-17,15:23:45.051000,12047,12048,12048,1
2020-07-17,15:23:46.340000,12047,12048,12048,1
2020-07-17,15:23:55.316000,12047,12048,12048,3
2020-07-17,15:23:57.323000,12048,12049,12048,1
2020-07-17,15:24:08.130000,12048,12049,12049,1
2020-07-17,15:24:11.766000,12048,12049,12048,1
2020-07-17,15:24:23.765000,12047,12048,12048,5
2020-07-17,15:24:24.980000,12048,12049,12049,1
2020-07-17,15:24:25.901000,12048,12049,12049,1
2020-07-17,15:24:29.039000,12048,12049,12049,2
2020-07-17,15:24:29.981000,12049,12050,12049,1
2020-07-17,15:24:42.928000,12049,12050,12049,1
2020-07-17,15:24:44.009000,12049,12050,12049,1
2020-07-17,15:24:44.009000,12049,12050,12049,1
2020-07-17,15:24:49.777000,12049,12050,12049,1
2020-07-17,15:24:50.538000,12049,12050,12049,1
2020-07-17,15:24:51.415000,12049,12050,12050,5
2020-07-17,15:24:51.415000,12049,12050,12050,3
2020-07-17,15:24:51.415000,12049,12050,12050,1
2020-07-17,15:24:57.644000,12049,12050,12050,1
2020-07-17,15:25:14.826000,12050,12051,12051,2
2020-07-17,15:25:15.898000,12050,12051,12051,1
2020-07-17,15:25:21.758000,12050,12051,12051,1
2020-07-17,15:25:25.495000,12050,12051,12051,1
2020-07-17,15:25:25.602000,12050,12051,12050,1
2020-07-17,15:25:28.791000,12050,12051,12051,1
2020-07-17,15:25:36.494000,12050,12051,12050,1
2020-07-17,15:25:38.977000,12050,12051,12051,1
2020-07-17,15:25:46.478000,12050,12051,12051,1
2020-07-17,15:25:47.268000,12050,12051,12050,6
2020-07-17,15:25:47.966000,12049,12050,12050,1
2020-07-17,15:26:09.667000,12049,12050,12050,2
2020-07-17,15:26:10.641000,12049,12050,12050,1
2020-07-17,15:26:10.731000,12049,12050,12050,1
2020-07-17,15:26:23.081000,12049,12050,12049,7
2020-07-17,15:26:23.081000,12049,12050,12049,22
2020-07-17,15:26:23.081000,12049,12050,12049,1
2020-07-17,15:26:23.082000,12049,12050,12049,3
2020-07-17,15:26:37.715000,12048,12049,12049,2
2020-07-17,15:26:46.268000,12048,12049,12048,1
2020-07-17,15:26:53.380000,12048,12049,12049,3
2020-07-17,15:26:57.373000,12049,12050,12050,6
2020-07-17,15:27:05.250000,12049,12050,12049,1
2020-07-17,15:27:07.975000,12049,12050,12049,2
2020-07-17,15:27:08.619000,12049,12050,12049,2
2020-07-17,15:27:23.646000,12049,12050,12049,1
2020-07-17,15:27:25.556000,12049,12050,12049,1
2020-07-17,15:27:32.736000,12048,12049,12049,1
2020-07-17,15:27:35.826000,12048,12049,12049,1
2020-07-17,15:28:06.698000,12048,12049,12049,4
2020-07-17,15:28:07.623000,12049,12050,12049,1
2020-07-17,15:28:09.477000,12049,12050,12049,1
2020-07-17,15:28:26.754000,12049,12050,12049,1
2020-07-17,15:28:32.703000,12048,12049,12049,1
2020-07-17,15:28:41.326000,12048,12049,12048,4
2020-07-17,15:28:41.326000,12048,12049,12048,6
2020-07-17,15:28:52.026000,12048,12049,12048,1
2020-07-17,15:28:54.462000,12048,12049,12048,1
2020-07-17,15:28:54.823000,12048,12049,12048,1
2020-07-17,15:28:57.804000,12048,12049,12049,1
2020-07-17,15:29:08.309000,12047,12048,12048,5
2020-07-17,15:29:16.327000,12048,12049,12049,1
2020-07-17,15:29:27.773000,12049,12050,12049,1
2020-07-17,15:29:32.866000,12049,12050,12049,1
2020-07-17,15:29:33.830000,12048,12050,12048,5
2020-07-17,15:29:35.584000,12048,12049,12049,2
2020-07-17,15:29:42.579000,12048,12049,12049,1
2020-07-17,15:30:00.609000,12048,12049,12049,1
2020-07-17,15:30:02.139000,12048,12049,12048,2
2020-07-17,15:30:02.791000,12048,12049,12049,3
2020-07-17,15:30:06.402000,12048,12049,12048,4
2020-07-17,15:30:06.589000,12047,12049,12047,4
2020-07-17,15:30:06.654000,12047,12048,12047,2
2020-07-17,15:30:06.706000,12047,12048,12047,2
2020-07-17,15:30:06.820000,12047,12048,12047,2
2020-07-17,15:30:12.937000,12048,12049,12048,2
2020-07-17,15:30:12.938000,12048,12049,12048,1
2020-07-17,15:30:22.284000,12048,12049,12048,1
2020-07-17,15:30:27.265000,12047,12048,12047,2
2020-07-17,15:30:28.748000,12047,12048,12047,1
2020-07-17,15:30:30.299000,12047,12048,12048,5
2020-07-17,15:30:30.299000,12047,12048,12048,1
2020-07-17,15:30:30.300000,12047,12048,12048,3
2020-07-17,15:30:35.519000,12048,12049,12048,3
2020-07-17,15:30:36.752000,12047,12048,12047,9
2020-07-17,15:30:36.752000,12047,12048,12047,3
2020-07-17,15:30:36.752000,12047,12048,12047,2
2020-07-17,15:30:36.752000,12047,12048,12047,1
2020-07-17,15:30:36.752000,12047,12048,12047,2
2020-07-17,15:30:38.696000,12046,12048,12046,2
2020-07-17,15:30:41.291000,12047,12048,12047,1
2020-07-17,15:30:47.814000,12046,12047,12046,1
2020-07-17,15:30:49.146000,12046,12047,12046,1
2020-07-17,15:30:54.347000,12045,12047,12046,1
2020-07-17,15:30:54.564000,12046,12047,12046,1
2020-07-17,15:30:55.054000,12046,12047,12046,1
2020-07-17,15:30:55.055000,12046,12047,12046,1
2020-07-17,15:30:55.055000,12046,12047,12046,1
2020-07-17,15:30:55.055000,12046,12047,12046,1
2020-07-17,15:31:00.326000,12045,12046,12045,1
2020-07-17,15:31:02.012000,12045,12046,12045,7
2020-07-17,15:31:02.325000,12044,12045,12045,2
2020-07-17,15:31:06.843000,12044,12045,12044,2
2020-07-17,15:31:12.659000,12044,12045,12044,1
2020-07-17,15:31:25.338000,12044,12045,12045,2
2020-07-17,15:31:26.410000,12045,12046,12046,1
2020-07-17,15:31:26.682000,12045,12046,12045,1
2020-07-17,15:31:27.571000,12045,12046,12046,1
2020-07-17,15:31:32.644000,12045,12047,12045,1
2020-07-17,15:31:32.986000,12045,12046,12045,3
2020-07-17,15:31:42.468000,12045,12046,12045,1
2020-07-17,15:31:45.822000,12044,12045,12044,4
2020-07-17,15:31:47.239000,12043,12044,12043,1
2020-07-17,15:31:47.239000,12043,12044,12043,1
2020-07-17,15:31:47.239000,12043,12044,12043,3
2020-07-17,15:31:47.434000,12042,12043,12042,1
2020-07-17,15:31:47.579000,12042,12043,12042,1
2020-07-17,15:31:55.912000,12042,12043,12042,1
2020-07-17,15:32:02.187000,12042,12043,12042,2
2020-07-17,15:32:02.373000,12042,12043,12042,1
2020-07-17,15:32:03.951000,12041,12042,12042,3
2020-07-17,15:32:14.260000,12042,12043,12043,3
2020-07-17,15:32:14.260000,12042,12043,12043,3
2020-07-17,15:32:18.158000,12043,12045,12043,1
2020-07-17,15:32:28.847000,12044,12045,12044,1
2020-07-17,15:32:30.395000,12044,12045,12045,1
2020-07-17,15:32:31.169000,12044,12046,12046,1
2020-07-17,15:32:53.753000,12044,12045,12045,1
2020-07-17,15:32:58.984000,12044,12045,12045,4
2020-07-17,15:32:58.984000,12044,12045,12045,2
2020-07-17,15:32:58.984000,12044,12045,12045,1
2020-07-17,15:32:58.984000,12044,12045,12045,1
2020-07-17,15:32:58.984000,12044,12045,12045,5
2020-07-17,15:33:03.246000,12044,12045,12045,1
2020-07-17,15:33:06.282000,12045,12046,12045,1
2020-07-17,15:33:30.732000,12044,12045,12044,1
2020-07-17,15:33:33.075000,12044,12045,12045,1
2020-07-17,15:33:44.523000,12044,12045,12045,2
2020-07-17,15:33:44.933000,12045,12046,12045,1
2020-07-17,15:33:49.262000,12045,12046,12045,4
2020-07-17,15:33:55.162000,12044,12045,12045,1
2020-07-17,15:33:55.276000,12044,12045,12044,3
2020-07-17,15:34:01.518000,12044,12045,12045,1
2020-07-17,15:34:02.452000,12044,12045,12044,1
2020-07-17,15:34:03.957000,12044,12045,12045,1
2020-07-17,15:34:16.734000,12044,12045,12045,2
2020-07-17,15:34:16.734000,12044,12045,12045,4
2020-07-17,15:34:16.734000,12044,12045,12045,5
2020-07-17,15:34:16.734000,12044,12045,12045,1
2020-07-17,15:34:17.093000,12045,12046,12045,1
2020-07-17,15:34:24.784000,12045,12046,12045,1
2020-07-17,15:34:28.898000,12044,12045,12045,2
2020-07-17,15:34:40.622000,12045,12046,12046,5
2020-07-17,15:34:44.183000,12046,12047,12046,5
2020-07-17,15:34:44.240000,12046,12047,12046,1
2020-07-17,15:34:46.377000,12045,12047,12047,1
2020-07-17,15:34:46.437000,12045,12047,12045,1
2020-07-17,15:34:46.502000,12045,12047,12047,2
2020-07-17,15:34:46.828000,12046,12047,12047,1
2020-07-17,15:34:48.407000,12046,12047,12047,1
2020-07-17,15:34:51.540000,12046,12047,12046,1
2020-07-17,15:35:00.067000,12045,12046,12046,1
2020-07-17,15:35:01.745000,12045,12046,12046,1
2020-07-17,15:35:15.494000,12046,12047,12046,2
2020-07-17,15:35:43.512000,12045,12046,12046,1
2020-07-17,15:36:02.506000,12045,12046,12046,2
2020-07-17,15:36:09.958000,12045,12046,12046,1
2020-07-17,15:36:15.218000,12045,12046,12046,1
2020-07-17,15:36:30.318000,12045,12046,12045,1
2020-07-17,15:36:31.811000,12045,12046,12045,1
2020-07-17,15:36:37.817000,12045,12046,12046,15
2020-07-17,15:36:40.687000,12046,12047,12046,7
2020-07-17,15:36:41.041000,12046,12047,12046,1
2020-07-17,15:36:46.183000,12046,12047,12046,1
2020-07-17,15:36:54.067000,12046,12047,12046,2
2020-07-17,15:36:54.068000,12046,12047,12046,1
2020-07-17,15:36:54.068000,12046,12047,12046,2
2020-07-17,15:36:54.068000,12046,12047,12046,1
2020-07-17,15:36:59.384000,12046,12047,12047,9
2020-07-17,15:36:59.386000,12046,12047,12046,5
2020-07-17,15:37:01.658000,12047,12048,12047,1
2020-07-17,15:37:06.885000,12047,12048,12048,2
2020-07-17,15:37:06.886000,12047,12048,12048,3
2020-07-17,15:37:07.383000,12047,12049,12049,1
2020-07-17,15:37:14.025000,12047,12048,12048,1
2020-07-17,15:37:15.669000,12047,12048,12047,2
2020-07-17,15:37:21.677000,12047,12048,12047,3
2020-07-17,15:37:27.042000,12047,12048,12047,1
2020-07-17,15:37:40.341000,12047,12048,12047,1
2020-07-17,15:38:02.412000,12047,12048,12048,2
2020-07-17,15:38:02.443000,12047,12048,12048,1
2020-07-17,15:38:10.193000,12047,12048,12048,2
2020-07-17,15:38:12.171000,12047,12048,12048,2
2020-07-17,15:38:12.697000,12047,12048,12048,1
2020-07-17,15:38:29.659000,12048,12049,12048,2
2020-07-17,15:38:34.830000,12047,12048,12048,1
2020-07-17,15:38:39.162000,12047,12048,12047,2
2020-07-17,15:38:39.626000,12046,12048,12048,5
2020-07-17,15:38:55.063000,12046,12047,12047,2
2020-07-17,15:39:01.476000,12047,12049,12047,1
2020-07-17,15:39:18.333000,12047,12048,12048,1
2020-07-17,15:39:29.203000,12048,12049,12049,5
2020-07-17,15:39:38.988000,12047,12048,12048,3
2020-07-17,15:39:40.592000,12047,12048,12048,1
2020-07-17,15:39:41.974000,12047,12048,12048,1
2020-07-17,15:39:46.757000,12047,12048,12047,2
2020-07-17,15:39:46.758000,12047,12048,12047,1
2020-07-17,15:39:54.284000,12046,12047,12047,4
2020-07-17,15:39:58.020000,12047,12048,12048,1
2020-07-17,15:40:02.160000,12048,12049,12049,1
2020-07-17,15:40:03.630000,12049,12050,12049,1
2020-07-17,15:40:49.357000,12048,12049,12048,2
2020-07-17,15:41:11.385000,12047,12048,12048,1
2020-07-17,15:41:13.560000,12047,12048,12048,1
2020-07-17,15:41:14.446000,12047,12048,12048,1
2020-07-17,15:41:43.487000,12047,12048,12047,1
2020-07-17,15:41:43.487000,12047,12048,12047,4
2020-07-17,15:42:06.140000,12046,12047,12046,2
2020-07-17,15:42:06.140000,12046,12047,12046,2
2020-07-17,15:42:06.140000,12046,12047,12046,5
2020-07-17,15:42:27.033000,12045,12047,12045,3
2020-07-17,15:42:27.746000,12045,12047,12045,1
2020-07-17,15:42:29.031000,12045,12047,12045,3
2020-07-17,15:42:32.754000,12045,12046,12045,1
2020-07-17,15:42:51.180000,12045,12046,12045,1
2020-07-17,15:43:02.347000,12045,12046,12045,1
2020-07-17,15:43:27.327000,12045,12046,12046,1
2020-07-17,15:43:31.601000,12045,12046,12046,5
2020-07-17,15:43:36.300000,12045,12046,12046,1
2020-07-17,15:43:47.043000,12045,12046,12046,1
2020-07-17,15:43:47.043000,12045,12046,12046,1
2020-07-17,15:43:47.043000,12045,12046,12046,1
2020-07-17,15:43:51.020000,12046,12047,12047,1
2020-07-17,15:43:51.459000,12046,12047,12047,1
2020-07-17,15:43:55.201000,12047,12048,12047,1
2020-07-17,15:44:03.063000,12047,12048,12047,1
2020-07-17,15:45:01.538000,12047,12048,12047,3
2020-07-17,15:45:02.026000,12047,12048,12047,1
2020-07-17,15:45:04.165000,12047,12048,12047,3
2020-07-17,15:45:08.317000,12047,12048,12047,3
2020-07-17,15:45:08.317000,12047,12048,12047,1
2020-07-17,15:45:14.527000,12046,12047,12046,2
2020-07-17,15:45:14.527000,12046,12047,12045,1
2020-07-17,15:45:19.335000,12045,12047,12045,3
2020-07-17,15:45:24.200000,12045,12046,12045,1
2020-07-17,15:45:24.781000,12045,12046,12045,3
2020-07-17,15:45:32.291000,12045,12046,12045,2
2020-07-17,15:45:47.787000,12045,12046,12046,1
2020-07-17,15:45:48.052000,12046,12047,12046,4
2020-07-17,15:46:04.334000,12045,12046,12045,2
2020-07-17,15:46:04.334000,12045,12046,12045,5
2020-07-17,15:46:04.334000,12045,12046,12045,4
2020-07-17,15:46:17.586000,12044,12045,12044,4
2020-07-17,15:46:17.586000,12044,12045,12044,1
2020-07-17,15:46:17.586000,12044,12045,12044,1
2020-07-17,15:46:17.764000,12043,12044,12043,1
2020-07-17,15:46:21.621000,12043,12045,12043,1
2020-07-17,15:46:23.546000,12044,12045,12044,1
2020-07-17,15:46:25.637000,12044,12045,12044,1
2020-07-17,15:46:28.051000,12044,12045,12044,1
2020-07-17,15:46:34.551000,12044,12045,12044,1
2020-07-17,15:46:41.157000,12044,12045,12045,4
2020-07-17,15:47:02.171000,12045,12046,12045,1
2020-07-17,15:47:11.903000,12045,12046,12046,2
2020-07-17,15:47:11.904000,12045,12046,12046,5
2020-07-17,15:47:11.904000,12045,12046,12046,3
2020-07-17,15:47:13.830000,12045,12047,12047,5
2020-07-17,15:47:18.480000,12045,12046,12046,1
2020-07-17,15:47:18.523000,12045,12046,12046,1
2020-07-17,15:47:24.471000,12045,12046,12046,2
2020-07-17,15:47:33.950000,12045,12047,12045,9
2020-07-17,15:48:05.222000,12045,12046,12045,1
2020-07-17,15:48:10.912000,12045,12046,12046,1
2020-07-17,15:48:12.561000,12046,12047,12046,1
2020-07-17,15:48:40.864000,12045,12047,12047,1
2020-07-17,15:48:41.817000,12045,12046,12045,1
2020-07-17,15:49:02.335000,12045,12046,12045,1
2020-07-17,15:49:14.964000,12044,12045,12044,2
2020-07-17,15:49:14.964000,12044,12045,12044,10
2020-07-17,15:49:15.486000,12043,12044,12043,1
2020-07-17,15:49:15.633000,12043,12044,12043,2
2020-07-17,15:49:15.898000,12043,12044,12043,1
2020-07-17,15:49:17.504000,12043,12044,12043,3
2020-07-17,15:49:17.504000,12043,12044,12043,5
2020-07-17,15:49:23.768000,12042,12043,12042,1
2020-07-17,15:49:23.768000,12042,12043,12042,2
2020-07-17,15:49:23.768000,12042,12043,12042,5
2020-07-17,15:49:23.768000,12042,12043,12042,4
2020-07-17,15:49:23.768000,12042,12043,12042,4
2020-07-17,15:49:24.069000,12041,12042,12041,1
2020-07-17,15:49:24.141000,12041,12042,12041,1
2020-07-17,15:49:24.912000,12041,12043,12041,1
2020-07-17,15:49:25.122000,12041,12042,12042,1
2020-07-17,15:49:27.449000,12041,12042,12041,1
2020-07-17,15:49:27.895000,12041,12042,12041,1
2020-07-17,15:49:28.112000,12041,12042,12041,1
2020-07-17,15:49:28.545000,12041,12042,12041,2
2020-07-17,15:49:28.812000,12041,12042,12041,1
2020-07-17,15:49:30.591000,12041,12042,12041,1
2020-07-17,15:49:34.481000,12041,12042,12041,1
2020-07-17,15:49:36.445000,12041,12042,12041,5
2020-07-17,15:49:37.951000,12041,12042,12041,4
2020-07-17,15:49:38.087000,12040,12041,12041,1
2020-07-17,15:49:38.370000,12040,12041,12040,3
2020-07-17,15:49:38.371000,12040,12041,12040,10
2020-07-17,15:49:38.371000,12040,12041,12040,1
2020-07-17,15:49:38.516000,12039,12040,12039,1
2020-07-17,15:49:38.619000,12039,12040,12039,1
2020-07-17,15:49:38.758000,12039,12040,12039,1
2020-07-17,15:49:39.344000,12039,12041,12039,1
2020-07-17,15:49:41.889000,12039,12040,12040,1
2020-07-17,15:49:53.119000,12039,12040,12040,1
2020-07-17,15:49:53.119000,12039,12040,12041,1
2020-07-17,15:49:58.871000,12040,12041,12041,6
2020-07-17,15:50:01.601000,12040,12041,12040,1
2020-07-17,15:50:02.348000,12040,12041,12040,1
2020-07-17,15:50:02.348000,12040,12041,12040,3
2020-07-17,15:50:02.506000,12039,12040,12039,1
2020-07-17,15:50:02.679000,12039,12040,12039,3
2020-07-17,15:50:03.080000,12039,12040,12039,1
2020-07-17,15:50:03.248000,12039,12040,12040,1
2020-07-17,15:50:04.132000,12039,12040,12039,1
2020-07-17,15:50:04.133000,12039,12040,12039,4
2020-07-17,15:50:05.383000,12038,12039,12038,1
2020-07-17,15:50:11.991000,12038,12039,12038,1
2020-07-17,15:50:13.253000,12038,12039,12038,1
2020-07-17,15:50:17.139000,12038,12039,12038,2
2020-07-17,15:50:18.188000,12038,12039,12038,1
2020-07-17,15:50:18.580000,12038,12039,12038,1
2020-07-17,15:50:19.224000,12038,12039,12038,1
2020-07-17,15:50:19.523000,12038,12039,12038,1
2020-07-17,15:50:19.570000,12038,12039,12038,2
2020-07-17,15:50:19.593000,12038,12039,12038,4
2020-07-17,15:50:19.594000,12038,12039,12038,1
2020-07-17,15:50:25.827000,12037,12038,12037,1
2020-07-17,15:50:25.899000,12037,12038,12037,1
2020-07-17,15:50:25.960000,12037,12038,12037,1
2020-07-17,15:50:26.407000,12037,12038,12037,1
2020-07-17,15:50:26.407000,12037,12038,12037,2
2020-07-17,15:50:26.939000,12036,12038,12037,1
2020-07-17,15:50:31.631000,12037,12038,12037,1
2020-07-17,15:50:31.631000,12037,12038,12036,2
2020-07-17,15:50:31.633000,12037,12038,12038,1
2020-07-17,15:50:31.749000,12036,12038,12036,1
2020-07-17,15:50:32.137000,12036,12037,12036,1
2020-07-17,15:50:32.148000,12036,12037,12036,3
2020-07-17,15:50:32.163000,12036,12037,12036,1
2020-07-17,15:50:32.180000,12036,12037,12036,1
2020-07-17,15:50:32.219000,12036,12037,12036,4
2020-07-17,15:50:32.346000,12035,12037,12035,1
2020-07-17,15:50:32.515000,12035,12037,12035,1
2020-07-17,15:50:32.555000,12035,12037,12035,1
2020-07-17,15:50:32.701000,12035,12037,12035,1
2020-07-17,15:50:32.713000,12035,12037,12035,2
2020-07-17,15:50:34.187000,12035,12037,12035,1
2020-07-17,15:50:34.602000,12035,12036,12035,1
2020-07-17,15:50:36.710000,12034,12035,12034,1
2020-07-17,15:50:36.751000,12034,12035,12034,4
2020-07-17,15:50:37.094000,12034,12035,12034,1
2020-07-17,15:50:37.206000,12034,12035,12034,2
2020-07-17,15:50:37.922000,12034,12035,12035,1
2020-07-17,15:50:38.148000,12034,12035,12035,1
2020-07-17,15:50:39.706000,12034,12035,12035,1
2020-07-17,15:50:39.941000,12035,12036,12035,1
2020-07-17,15:50:42.127000,12035,12036,12035,2
2020-07-17,15:50:43.110000,12034,12036,12034,1
2020-07-17,15:50:44.377000,12034,12035,12035,1
2020-07-17,15:50:44.930000,12034,12035,12035,1
2020-07-17,15:50:47.052000,12035,12036,12036,1
2020-07-17,15:50:49.098000,12035,12036,12035,1
2020-07-17,15:50:52.146000,12035,12036,12035,1
2020-07-17,15:50:52.747000,12035,12036,12036,1
2020-07-17,15:50:55.281000,12035,12036,12035,3
2020-07-17,15:50:58.203000,12035,12036,12036,1
2020-07-17,15:51:00.766000,12035,12036,12035,1
2020-07-17,15:51:02.345000,12035,12036,12035,1
2020-07-17,15:51:06.101000,12035,12036,12036,1
2020-07-17,15:51:06.226000,12035,12036,12035,2
2020-07-17,15:51:06.229000,12035,12036,12035,1
2020-07-17,15:51:06.249000,12035,12036,12034,1
2020-07-17,15:51:06.255000,12035,12036,12034,2
2020-07-17,15:51:06.257000,12035,12036,12034,1
2020-07-17,15:51:06.259000,12035,12036,12034,1
2020-07-17,15:51:06.261000,12035,12036,12034,1
2020-07-17,15:51:06.264000,12035,12036,12034,8
2020-07-17,15:51:06.264000,12035,12036,12034,2
2020-07-17,15:51:06.344000,12034,12035,12034,10
2020-07-17,15:51:09.060000,12033,12034,12034,3
2020-07-17,15:51:09.514000,12034,12036,12034,1
2020-07-17,15:51:09.946000,12034,12036,12034,1
2020-07-17,15:51:15.978000,12034,12035,12034,1
2020-07-17,15:51:16.463000,12034,12035,12034,1
2020-07-17,15:51:17.766000,12034,12035,12034,1
2020-07-17,15:51:19.820000,12034,12035,12034,1
2020-07-17,15:51:23.250000,12034,12035,12035,2
2020-07-17,15:51:24.137000,12034,12035,12034,1
2020-07-17,15:51:25.333000,12034,12035,12035,1
2020-07-17,15:51:27.009000,12034,12035,12034,1
2020-07-17,15:51:32.012000,12034,12035,12034,1
2020-07-17,15:51:35.306000,12034,12035,12035,1
2020-07-17,15:51:36.354000,12034,12035,12035,4
2020-07-17,15:51:36.354000,12034,12035,12035,1
2020-07-17,15:51:37.874000,12035,12036,12035,1
2020-07-17,15:51:38.403000,12034,12036,12036,1
2020-07-17,15:51:43.748000,12035,12036,12035,1
2020-07-17,15:51:44.119000,12035,12036,12036,3
2020-07-17,15:51:44.119000,12035,12036,12036,1
2020-07-17,15:51:45.579000,12036,12037,12036,1
2020-07-17,15:51:57.698000,12036,12037,12037,1
2020-07-17,15:51:57.699000,12036,12037,12037,1
2020-07-17,15:51:57.699000,12036,12037,12037,1
2020-07-17,15:52:02.224000,12036,12037,12037,2
2020-07-17,15:52:02.635000,12036,12037,12037,2
2020-07-17,15:52:05.970000,12036,12037,12037,1
2020-07-17,15:52:07.305000,12036,12037,12037,3
2020-07-17,15:52:10.922000,12037,12038,12037,1
2020-07-17,15:52:13.487000,12037,12038,12038,1
2020-07-17,15:52:13.487000,12037,12038,12038,2
2020-07-17,15:52:15.619000,12038,12039,12039,2
2020-07-17,15:52:17.056000,12038,12039,12038,1
2020-07-17,15:52:21.202000,12038,12039,12038,1
2020-07-17,15:52:26.930000,12038,12039,12038,1
2020-07-17,15:52:28.425000,12038,12039,12039,1
2020-07-17,15:52:28.426000,12038,12039,12039,7
2020-07-17,15:52:34.798000,12039,12040,12040,1
2020-07-17,15:52:37.495000,12039,12040,12039,1
2020-07-17,15:52:38.502000,12039,12040,12040,1
2020-07-17,15:52:42.376000,12039,12040,12039,1
2020-07-17,15:52:42.444000,12039,12040,12039,2
2020-07-17,15:52:44.684000,12039,12040,12040,1
2020-07-17,15:52:46.607000,12039,12040,12040,3
2020-07-17,15:52:47.196000,12039,12040,12040,1
2020-07-17,15:52:50.003000,12039,12040,12040,1
2020-07-17,15:52:55.246000,12039,12040,12040,1
2020-07-17,15:52:58.104000,12039,12040,12040,1
2020-07-17,15:53:00.209000,12039,12040,12040,1
2020-07-17,15:53:00.996000,12039,12040,12040,2
2020-07-17,15:53:03.016000,12039,12040,12040,2
2020-07-17,15:53:04.719000,12040,12041,12041,4
2020-07-17,15:53:06.056000,12040,12042,12040,3
2020-07-17,15:53:09.174000,12040,12041,12041,1
2020-07-17,15:53:10.442000,12040,12041,12040,1
2020-07-17,15:53:16.557000,12040,12041,12040,2
2020-07-17,15:53:21.855000,12040,12041,12041,1
2020-07-17,15:53:24.995000,12040,12041,12041,1
2020-07-17,15:53:25.186000,12040,12041,12040,1
2020-07-17,15:53:25.186000,12040,12041,12040,5
2020-07-17,15:53:25.186000,12040,12041,12040,1
2020-07-17,15:53:25.337000,12039,12040,12039,1
2020-07-17,15:53:28.434000,12039,12040,12039,4
2020-07-17,15:53:33.518000,12038,12039,12039,1
2020-07-17,15:53:36.486000,12038,12039,12038,3
2020-07-17,15:53:36.486000,12038,12039,12037,1
2020-07-17,15:53:46.357000,12037,12038,12037,1
2020-07-17,15:53:58.872000,12037,12038,12038,1
2020-07-17,15:54:03.919000,12038,12039,12039,1
2020-07-17,15:54:08.014000,12038,12039,12039,1
2020-07-17,15:54:19.437000,12038,12039,12039,1
2020-07-17,15:54:20.373000,12039,12040,12039,1
2020-07-17,15:54:35.738000,12039,12040,12040,12
2020-07-17,15:54:36.870000,12039,12040,12040,2
2020-07-17,15:54:39.295000,12039,12040,12039,1
2020-07-17,15:54:41.851000,12038,12039,12039,2
2020-07-17,15:55:07.181000,12038,12039,12038,4
2020-07-17,15:55:13.344000,12037,12038,12038,2
2020-07-17,15:55:27.467000,12037,12038,12037,5
2020-07-17,15:55:33.063000,12037,12039,12039,2
2020-07-17,15:55:41.343000,12038,12039,12038,2
2020-07-17,15:55:41.343000,12038,12039,12037,5
2020-07-17,15:55:46.945000,12038,12039,12038,5
2020-07-17,15:55:47.099000,12037,12038,12038,1
2020-07-17,15:55:52.648000,12037,12038,12038,2
2020-07-17,15:55:52.649000,12037,12038,12038,1
2020-07-17,15:55:52.649000,12037,12038,12038,1
2020-07-17,15:56:18.250000,12038,12039,12038,1
2020-07-17,15:56:37.540000,12038,12039,12038,1
2020-07-17,15:56:47.085000,12038,12039,12039,2
2020-07-17,15:56:52.342000,12038,12039,12038,1
2020-07-17,15:56:52.342000,12038,12039,12038,1
2020-07-17,15:57:02.177000,12037,12038,12037,1
2020-07-17,15:57:04.600000,12037,12038,12037,1
2020-07-17,15:57:04.736000,12037,12038,12037,2
2020-07-17,15:57:17.910000,12037,12038,12038,1
2020-07-17,15:57:18.969000,12037,12038,12037,4
2020-07-17,15:57:18.970000,12037,12038,12037,2
2020-07-17,15:57:18.970000,12037,12038,12037,4
2020-07-17,15:57:24.725000,12036,12037,12036,3
2020-07-17,15:57:24.725000,12036,12037,12035,13
2020-07-17,15:57:25.235000,12035,12036,12035,1
2020-07-17,15:57:25.265000,12035,12036,12035,1
2020-07-17,15:57:25.366000,12035,12036,12035,1
2020-07-17,15:57:25.471000,12035,12036,12035,1
2020-07-17,15:57:28.291000,12034,12035,12035,1
2020-07-17,15:57:36.667000,12034,12035,12035,1
2020-07-17,15:57:38.290000,12034,12035,12035,1
2020-07-17,15:57:40.384000,12034,12035,12034,1
2020-07-17,15:57:40.548000,12034,12035,12034,1
2020-07-17,15:57:46.144000,12034,12035,12034,1
2020-07-17,15:57:46.248000,12034,12035,12034,1
2020-07-17,15:57:46.249000,12034,12035,12034,4
2020-07-17,15:57:46.249000,12034,12035,12034,1
2020-07-17,15:57:53.960000,12033,12034,12034,1
2020-07-17,15:57:54.013000,12033,12034,12034,1
2020-07-17,15:57:54.543000,12033,12034,12034,1
2020-07-17,15:57:57.258000,12033,12034,12034,1
2020-07-17,15:57:58.578000,12033,12034,12033,1
2020-07-17,15:58:02.325000,12033,12034,12033,1
2020-07-17,15:58:07.337000,12033,12034,12033,1
2020-07-17,15:58:07.579000,12033,12034,12033,2
2020-07-17,15:58:10.331000,12033,12034,12033,1
2020-07-17,15:58:12.662000,12033,12034,12033,1
2020-07-17,15:58:15.973000,12033,12034,12033,1
2020-07-17,15:58:17.769000,12033,12034,12034,4
2020-07-17,15:58:17.769000,12033,12034,12034,4
2020-07-17,15:58:17.770000,12033,12034,12034,1
2020-07-17,15:58:18.154000,12034,12035,12034,1
2020-07-17,15:58:25.537000,12034,12035,12035,1
2020-07-17,15:58:25.537000,12034,12035,12035,2
2020-07-17,15:58:25.538000,12034,12035,12035,2
2020-07-17,15:58:28.956000,12035,12036,12035,1
2020-07-17,15:58:29.502000,12035,12036,12036,2
2020-07-17,15:58:31.672000,12035,12037,12035,7
2020-07-17,15:58:42.927000,12034,12035,12035,1
2020-07-17,15:59:09.895000,12034,12035,12035,2
2020-07-17,15:59:12.016000,12034,12035,12035,15
2020-07-17,15:59:26.290000,12035,12036,12036,1
2020-07-17,15:59:31.420000,12036,12037,12037,2
2020-07-17,15:59:45.622000,12037,12038,12037,3
2020-07-17,15:59:47.237000,12036,12037,12036,3
2020-07-17,15:59:48.632000,12035,12037,12035,1
2020-07-17,15:59:53.225000,12035,12036,12035,1
2020-07-17,15:59:53.225000,12035,12036,12034,1
2020-07-17,15:59:56.777000,12034,12035,12034,1
2020-07-17,16:00:00.958000,12034,12035,12034,3
2020-07-17,16:00:01.073000,12033,12035,12033,2
2020-07-17,16:00:01.133000,12033,12035,12033,1
2020-07-17,16:00:01.271000,12033,12034,12034,3
2020-07-17,16:00:01.497000,12033,12034,12033,1
2020-07-17,16:00:01.715000,12033,12034,12033,1
2020-07-17,16:00:01.753000,12033,12034,12033,3
2020-07-17,16:00:01.921000,12032,12034,12032,1
2020-07-17,16:00:02.099000,12032,12034,12032,1
2020-07-17,16:00:02.308000,12032,12034,12032,1
2020-07-17,16:00:02.818000,12032,12033,12032,2
2020-07-17,16:00:03.003000,12032,12033,12032,3
2020-07-17,16:00:03.142000,12032,12033,12032,3
2020-07-17,16:00:04.917000,12032,12033,12032,3
2020-07-17,16:00:04.944000,12032,12033,12032,2
2020-07-17,16:00:05.521000,12032,12033,12033,1
2020-07-17,16:00:05.861000,12033,12035,12033,1
2020-07-17,16:00:09.234000,12034,12035,12034,1
2020-07-17,16:00:12.823000,12034,12035,12034,1
2020-07-17,16:00:14.113000,12034,12035,12035,1
2020-07-17,16:00:16.345000,12034,12035,12034,1
2020-07-17,16:00:18.747000,12034,12035,12035,1
2020-07-17,16:00:25.960000,12034,12035,12034,12
2020-07-17,16:00:26.736000,12033,12034,12034,1
2020-07-17,16:00:28.378000,12033,12034,12033,2
2020-07-17,16:00:28.379000,12033,12034,12033,10
2020-07-17,16:00:36.794000,12032,12033,12033,1
2020-07-17,16:00:37.317000,12032,12033,12033,1
2020-07-17,16:00:37.323000,12032,12033,12034,1
2020-07-17,16:00:37.646000,12032,12034,12034,1
2020-07-17,16:00:44.268000,12032,12033,12032,2
2020-07-17,16:00:44.643000,12032,12033,12033,1
2020-07-17,16:00:44.929000,12032,12033,12033,1
2020-07-17,16:00:45.399000,12032,12033,12033,1
2020-07-17,16:00:45.954000,12032,12033,12033,1
2020-07-17,16:00:54.142000,12032,12033,12033,2
2020-07-17,16:00:54.143000,12032,12033,12033,2
2020-07-17,16:00:55.756000,12033,12034,12033,1
2020-07-17,16:00:57.745000,12033,12034,12033,2
2020-07-17,16:00:59.346000,12033,12034,12033,2
2020-07-17,16:00:59.995000,12032,12033,12033,1
2020-07-17,16:01:02.736000,12032,12034,12032,2
2020-07-17,16:01:06.674000,12033,12034,12033,1
2020-07-17,16:01:07.761000,12032,12033,12032,3
2020-07-17,16:01:07.761000,12032,12033,12032,18
2020-07-17,16:01:07.761000,12032,12033,12032,3
2020-07-17,16:01:08.039000,12031,12032,12032,1
2020-07-17,16:01:09.129000,12031,12033,12033,1
2020-07-17,16:01:10.180000,12031,12032,12032,1
2020-07-17,16:01:12.900000,12031,12033,12031,1
2020-07-17,16:01:13.066000,12031,12032,12031,1
2020-07-17,16:01:13.329000,12031,12032,12031,1
2020-07-17,16:01:15.542000,12031,12032,12031,2
2020-07-17,16:01:18.433000,12031,12032,12031,1
2020-07-17,16:01:22.447000,12031,12032,12031,10
2020-07-17,16:01:23.204000,12030,12031,12030,50
2020-07-17,16:01:23.205000,12030,12031,12030,5
2020-07-17,16:01:23.205000,12030,12031,12030,1
2020-07-17,16:01:23.205000,12030,12031,12030,1
2020-07-17,16:01:23.283000,12029,12030,12029,1
2020-07-17,16:01:23.384000,12029,12030,12029,4
2020-07-17,16:01:23.388000,12029,12030,12029,4
2020-07-17,16:01:23.441000,12029,12030,12028,1
2020-07-17,16:01:23.442000,12029,12030,12028,1
2020-07-17,16:01:23.498000,12028,12029,12029,2
2020-07-17,16:01:23.510000,12028,12029,12028,5
2020-07-17,16:01:23.599000,12028,12029,12028,1
2020-07-17,16:01:23.601000,12028,12029,12028,1
2020-07-17,16:01:23.606000,12028,12029,12028,1
2020-07-17,16:01:23.614000,12028,12029,12028,1
2020-07-17,16:01:23.615000,12028,12029,12028,1
2020-07-17,16:01:23.616000,12028,12029,12028,5
2020-07-17,16:01:23.616000,12028,12029,12028,4
2020-07-17,16:01:23.617000,12028,12029,12028,8
2020-07-17,16:01:23.617000,12028,12029,12027,1
2020-07-17,16:01:23.618000,12028,12029,12027,1
2020-07-17,16:01:23.623000,12028,12029,12027,1
2020-07-17,16:01:23.627000,12028,12029,12027,1
2020-07-17,16:01:23.776000,12027,12029,12027,1
2020-07-17,16:01:23.798000,12027,12029,12027,1
2020-07-17,16:01:23.966000,12027,12028,12027,2
2020-07-17,16:01:24.388000,12028,12029,12029,1
2020-07-17,16:01:24.998000,12028,12030,12028,2
2020-07-17,16:01:25.834000,12028,12030,12028,1
2020-07-17,16:01:26.018000,12028,12030,12030,2
2020-07-17,16:01:26.289000,12028,12030,12028,5
2020-07-17,16:01:26.317000,12028,12030,12029,1
2020-07-17,16:01:26.383000,12029,12030,12029,1
2020-07-17,16:01:27.302000,12029,12030,12029,1
2020-07-17,16:01:27.423000,12029,12030,12030,1
2020-07-17,16:01:27.613000,12029,12030,12029,1
2020-07-17,16:01:27.792000,12029,12030,12030,4
2020-07-17,16:01:27.792000,12029,12030,12030,1
2020-07-17,16:01:28.018000,12030,12031,12030,1
2020-07-17,16:01:28.065000,12030,12031,12030,1
2020-07-17,16:01:28.086000,12030,12031,12029,3
2020-07-17,16:01:31.627000,12029,12030,12029,1
2020-07-17,16:01:32.943000,12029,12030,12029,3
2020-07-17,16:01:34.404000,12029,12030,12029,1
2020-07-17,16:01:36.015000,12029,12030,12029,2
2020-07-17,16:01:36.321000,12029,12030,12030,1
2020-07-17,16:01:40.969000,12029,12030,12029,1
2020-07-17,16:01:41.573000,12029,12030,12030,1
2020-07-17,16:01:42.956000,12029,12030,12029,1
2020-07-17,16:01:44.685000,12029,12030,12029,1
2020-07-17,16:01:46.090000,12029,12030,12029,3
2020-07-17,16:01:46.638000,12029,12030,12030,1
2020-07-17,16:01:47.867000,12029,12030,12029,1
2020-07-17,16:01:48.925000,12029,12030,12029,1
2020-07-17,16:01:50.124000,12029,12030,12030,1
2020-07-17,16:01:51.259000,12029,12030,12030,4
2020-07-17,16:01:51.564000,12030,12031,12030,1
2020-07-17,16:01:54.843000,12030,12031,12030,1
2020-07-17,16:02:00.067000,12030,12031,12031,15
2020-07-17,16:02:02.132000,12031,12032,12031,1
2020-07-17,16:02:11.417000,12031,12032,12031,1
2020-07-17,16:02:13.334000,12031,12032,12032,3
2020-07-17,16:02:16.724000,12032,12033,12033,3
2020-07-17,16:02:18.447000,12033,12034,12033,1
2020-07-17,16:02:18.946000,12033,12034,12034,1
2020-07-17,16:02:21.247000,12033,12034,12034,1
2020-07-17,16:02:25.725000,12033,12034,12034,1
2020-07-17,16:02:25.826000,12033,12034,12034,1
2020-07-17,16:02:26.565000,12033,12034,12034,1
2020-07-17,16:02:27.120000,12033,12034,12033,4
2020-07-17,16:02:32.070000,12033,12034,12034,1
2020-07-17,16:02:32.466000,12033,12034,12034,1
2020-07-17,16:02:35.167000,12033,12034,12033,4
2020-07-17,16:02:35.176000,12033,12034,12034,1
2020-07-17,16:02:41.269000,12033,12034,12034,3
2020-07-17,16:02:41.371000,12033,12035,12033,1
2020-07-17,16:02:42.846000,12033,12034,12034,1
2020-07-17,16:02:47.148000,12033,12034,12034,1
2020-07-17,16:02:50.565000,12033,12034,12034,1
2020-07-17,16:02:53.012000,12033,12034,12034,1
2020-07-17,16:02:54.192000,12033,12034,12034,1
2020-07-17,16:03:02.706000,12033,12034,12033,2
2020-07-17,16:03:02.706000,12033,12034,12033,4
2020-07-17,16:03:02.706000,12033,12034,12033,1
2020-07-17,16:03:02.974000,12032,12033,12032,1
2020-07-17,16:03:03.027000,12032,12033,12032,1
2020-07-17,16:03:03.552000,12032,12033,12032,1
2020-07-17,16:03:08.470000,12032,12033,12032,2
2020-07-17,16:03:10.136000,12032,12033,12032,2
2020-07-17,16:03:10.450000,12031,12033,12033,1
2020-07-17,16:03:10.664000,12032,12033,12033,1
2020-07-17,16:03:14.351000,12032,12033,12033,1
2020-07-17,16:03:17.681000,12032,12033,12033,1
2020-07-17,16:03:22.466000,12032,12033,12033,3
2020-07-17,16:03:23.437000,12033,12034,12034,3
2020-07-17,16:03:23.438000,12033,12034,12034,2
2020-07-17,16:03:23.438000,12033,12034,12034,3
2020-07-17,16:03:23.438000,12033,12034,12034,6
2020-07-17,16:03:31.477000,12034,12035,12034,1
2020-07-17,16:03:34.516000,12034,12035,12034,1
2020-07-17,16:03:34.688000,12034,12035,12034,1
2020-07-17,16:03:39.991000,12034,12035,12035,1
2020-07-17,16:03:40.306000,12034,12035,12035,1
2020-07-17,16:03:41.332000,12034,12035,12035,4
2020-07-17,16:03:51.402000,12035,12036,12035,2
2020-07-17,16:03:53.900000,12035,12036,12036,1
2020-07-17,16:03:54.235000,12035,12036,12036,1
2020-07-17,16:03:55.496000,12035,12036,12036,2
2020-07-17,16:03:58.403000,12036,12037,12037,2
2020-07-17,16:03:58.403000,12036,12037,12037,5
2020-07-17,16:03:58.404000,12036,12037,12037,1
2020-07-17,16:03:59.030000,12037,12038,12038,2
2020-07-17,16:03:59.171000,12037,12038,12038,1
2020-07-17,16:04:01.041000,12037,12038,12038,1
2020-07-17,16:04:02.016000,12037,12038,12038,1
2020-07-17,16:04:02.020000,12037,12038,12038,1
2020-07-17,16:04:02.244000,12037,12039,12038,1
2020-07-17,16:04:02.244000,12037,12039,12038,1
2020-07-17,16:04:02.301000,12037,12039,12038,1
2020-07-17,16:04:02.301000,12037,12039,12038,1
2020-07-17,16:04:05.820000,12037,12039,12038,1
2020-07-17,16:04:07.394000,12037,12039,12039,1
2020-07-17,16:04:07.563000,12037,12039,12039,1
2020-07-17,16:04:08.363000,12037,12039,12038,1
2020-07-17,16:04:08.381000,12037,12039,12039,1
2020-07-17,16:04:14.504000,12037,12038,12038,3
2020-07-17,16:04:17.392000,12037,12038,12037,2
2020-07-17,16:04:22.295000,12036,12037,12036,1
2020-07-17,16:04:26.079000,12035,12036,12036,1
2020-07-17,16:04:36.929000,12037,12038,12037,1
2020-07-17,16:04:37.772000,12036,12038,12036,4
2020-07-17,16:04:51.691000,12037,12038,12037,1
2020-07-17,16:04:53.385000,12037,12038,12037,4
2020-07-17,16:04:53.385000,12037,12038,12037,2
2020-07-17,16:05:09.261000,12037,12038,12038,1
2020-07-17,16:05:12.268000,12037,12038,12038,4
2020-07-17,16:05:15.193000,12037,12038,12038,1
2020-07-17,16:05:16.309000,12037,12038,12037,1
2020-07-17,16:05:22.572000,12037,12038,12038,1
2020-07-17,16:05:41.338000,12037,12038,12038,1
2020-07-17,16:05:50.672000,12037,12038,12037,1
2020-07-17,16:05:53.794000,12037,12038,12037,1
2020-07-17,16:05:55.178000,12037,12038,12037,1
2020-07-17,16:06:09.236000,12036,12037,12037,1
2020-07-17,16:06:19.771000,12037,12038,12038,18
2020-07-17,16:06:20.124000,12038,12039,12039,6
2020-07-17,16:06:20.125000,12038,12039,12039,2
2020-07-17,16:06:24.948000,12039,12040,12039,1
2020-07-17,16:06:25.452000,12039,12040,12040,1
2020-07-17,16:06:28.419000,12039,12040,12040,2
2020-07-17,16:06:28.420000,12039,12040,12040,2
2020-07-17,16:06:28.420000,12039,12040,12040,2
2020-07-17,16:06:28.420000,12039,12040,12040,14
2020-07-17,16:06:28.967000,12040,12041,12040,1
2020-07-17,16:06:33.175000,12040,12041,12041,2
2020-07-17,16:06:34.013000,12040,12041,12041,1
2020-07-17,16:06:38.846000,12040,12041,12041,1
2020-07-17,16:06:39.746000,12040,12042,12040,1
2020-07-17,16:06:41.704000,12040,12041,12041,1
2020-07-17,16:06:44.836000,12041,12042,12042,2
2020-07-17,16:06:44.836000,12041,12042,12042,1
2020-07-17,16:06:44.836000,12041,12042,12042,15
2020-07-17,16:06:47.058000,12041,12042,12041,2
2020-07-17,16:06:47.121000,12040,12042,12042,1
2020-07-17,16:06:47.449000,12040,12042,12041,1
2020-07-17,16:06:47.815000,12040,12042,12040,1
2020-07-17,16:06:48.934000,12040,12042,12041,1
2020-07-17,16:06:49.745000,12040,12042,12042,2
2020-07-17,16:06:51.397000,12041,12042,12041,1
2020-07-17,16:06:51.542000,12040,12041,12041,1
2020-07-17,16:06:51.775000,12040,12041,12041,1
2020-07-17,16:06:52.203000,12041,12042,12042,1
2020-07-17,16:06:52.819000,12041,12042,12042,1
2020-07-17,16:06:55.979000,12041,12042,12041,1
2020-07-17,16:06:56.566000,12041,12042,12041,1
2020-07-17,16:06:56.840000,12041,12042,12041,1
2020-07-17,16:06:59.513000,12041,12042,12042,1
2020-07-17,16:07:02.252000,12041,12042,12042,2
2020-07-17,16:07:02.465000,12041,12042,12042,1
2020-07-17,16:07:03.897000,12041,12042,12042,3
2020-07-17,16:07:04.116000,12041,12042,12042,1
2020-07-17,16:07:04.389000,12041,12042,12042,1
2020-07-17,16:07:05.243000,12041,12042,12042,1
2020-07-17,16:07:05.244000,12041,12042,12042,3
2020-07-17,16:07:08.883000,12042,12043,12043,16
2020-07-17,16:07:08.883000,12042,12043,12044,13
2020-07-17,16:07:08.884000,12042,12043,12043,1
2020-07-17,16:07:08.886000,12042,12043,12043,1
2020-07-17,16:07:10.064000,12042,12043,12043,1
2020-07-17,16:07:10.485000,12042,12043,12043,1
2020-07-17,16:07:11.081000,12042,12043,12043,1
2020-07-17,16:07:11.495000,12042,12043,12043,1
2020-07-17,16:07:14.907000,12043,12044,12043,1
2020-07-17,16:07:15.602000,12043,12044,12043,4
2020-07-17,16:07:17.226000,12042,12043,12043,5
2020-07-17,16:07:19.627000,12042,12043,12043,1
2020-07-17,16:07:21.704000,12042,12043,12043,1
2020-07-17,16:07:27.528000,12043,12044,12043,3
2020-07-17,16:07:28.379000,12042,12043,12043,1
2020-07-17,16:07:28.379000,12042,12043,12043,1
2020-07-17,16:07:28.971000,12043,12044,12044,1
2020-07-17,16:07:37.634000,12043,12044,12044,1
2020-07-17,16:07:37.658000,12043,12044,12044,1
2020-07-17,16:07:39.319000,12043,12044,12043,1
2020-07-17,16:07:45.916000,12043,12044,12044,10
2020-07-17,16:07:46.187000,12044,12045,12044,9
2020-07-17,16:07:46.628000,12043,12045,12043,1
2020-07-17,16:07:51.243000,12043,12044,12043,1
2020-07-17,16:07:53.042000,12043,12044,12044,1
2020-07-17,16:07:59.080000,12043,12044,12043,2
2020-07-17,16:07:59.080000,12043,12044,12043,7
2020-07-17,16:07:59.217000,12042,12043,12043,1
2020-07-17,16:07:59.347000,12042,12043,12043,1
2020-07-17,16:08:01.168000,12042,12043,12043,1
2020-07-17,16:08:09.474000,12042,12043,12043,2
2020-07-17,16:08:15.967000,12042,12043,12043,1
2020-07-17,16:08:26.366000,12042,12043,12042,10
2020-07-17,16:08:29.068000,12042,12043,12042,2
2020-07-17,16:08:32.244000,12042,12043,12042,1
2020-07-17,16:08:32.643000,12042,12043,12042,4
2020-07-17,16:08:35.413000,12041,12042,12042,2
2020-07-17,16:08:51.564000,12042,12043,12042,1
2020-07-17,16:08:52.583000,12042,12043,12042,1
2020-07-17,16:08:53.215000,12042,12043,12043,1
2020-07-17,16:09:08.558000,12042,12043,12042,5
2020-07-17,16:09:08.558000,12042,12043,12042,4
2020-07-17,16:09:14.380000,12041,12042,12042,1
2020-07-17,16:09:22.653000,12041,12043,12041,4
2020-07-17,16:09:34.791000,12041,12042,12042,1
2020-07-17,16:09:47.304000,12041,12042,12042,3
2020-07-17,16:09:47.304000,12041,12042,12042,2
2020-07-17,16:09:47.304000,12041,12042,12042,3
2020-07-17,16:09:47.304000,12041,12042,12042,2
2020-07-17,16:09:47.304000,12041,12042,12042,1
2020-07-17,16:09:47.304000,12041,12042,12042,9
2020-07-17,16:09:54.342000,12041,12043,12043,1
2020-07-17,16:09:55.388000,12042,12043,12042,1
2020-07-17,16:10:01.198000,12041,12042,12042,1
2020-07-17,16:10:06.479000,12041,12042,12042,2
2020-07-17,16:10:07.130000,12041,12042,12042,2
2020-07-17,16:10:24.382000,12041,12042,12042,1
2020-07-17,16:10:29.870000,12041,12042,12042,1
2020-07-17,16:10:53.769000,12042,12043,12042,1
2020-07-17,16:10:54.601000,12042,12043,12042,1
2020-07-17,16:11:00.656000,12041,12042,12042,1
2020-07-17,16:11:24.188000,12042,12043,12043,1
2020-07-17,16:11:27.312000,12042,12043,12043,1
2020-07-17,16:11:54.627000,12042,12043,12042,2
2020-07-17,16:12:09.910000,12042,12043,12043,1
2020-07-17,16:12:39.526000,12042,12043,12043,1
2020-07-17,16:12:49.280000,12042,12043,12043,10
2020-07-17,16:12:51.990000,12043,12044,12043,2
2020-07-17,16:12:56.947000,12043,12044,12043,6
2020-07-17,16:12:58.374000,12043,12044,12044,4
2020-07-17,16:13:00.537000,12042,12044,12044,10
2020-07-17,16:13:06.060000,12043,12045,12045,4
2020-07-17,16:13:11.007000,12043,12045,12043,1
2020-07-17,16:13:12.630000,12044,12045,12045,2
2020-07-17,16:13:12.630000,12044,12045,12045,19
2020-07-17,16:13:17.530000,12045,12046,12045,1
2020-07-17,16:13:19.064000,12045,12046,12045,2
2020-07-17,16:13:28.855000,12044,12045,12044,1
2020-07-17,16:13:28.855000,12044,12045,12043,1
2020-07-17,16:13:29.089000,12043,12044,12044,4
2020-07-17,16:13:38.848000,12042,12043,12043,1
2020-07-17,16:13:46.753000,12042,12044,12044,1
2020-07-17,16:14:03.531000,12043,12044,12044,1
2020-07-17,16:14:07.524000,12043,12044,12043,2
2020-07-17,16:14:19.257000,12043,12044,12043,1
2020-07-17,16:14:33.275000,12043,12044,12043,2
2020-07-17,16:14:44.572000,12043,12045,12043,5
2020-07-17,16:15:07.511000,12043,12044,12043,1
2020-07-17,16:15:07.623000,12042,12044,12042,1
2020-07-17,16:15:10.083000,12043,12044,12044,2
2020-07-17,16:15:10.156000,12044,12045,12045,3
2020-07-17,16:15:10.266000,12044,12045,12045,2
2020-07-17,16:15:23.655000,12045,12046,12045,1
2020-07-17,16:15:38.504000,12045,12046,12046,10
2020-07-17,16:15:48.510000,12045,12046,12046,1
2020-07-17,16:15:48.650000,12045,12046,12046,1
2020-07-17,16:15:48.862000,12045,12046,12046,1
2020-07-17,16:15:49.130000,12046,12047,12046,4
2020-07-17,16:15:49.254000,12045,12046,12046,1
2020-07-17,16:15:57.271000,12045,12047,12047,1
2020-07-17,16:15:57.367000,12045,12047,12047,4
2020-07-17,16:15:58.583000,12045,12047,12047,1
2020-07-17,16:16:01.841000,12045,12046,12046,1
2020-07-17,16:16:05.479000,12045,12046,12046,10
2020-07-17,16:16:14.425000,12045,12046,12046,1
2020-07-17,16:16:16.936000,12046,12047,12047,4
2020-07-17,16:16:16.936000,12046,12047,12047,4
2020-07-17,16:16:16.936000,12046,12047,12047,8
2020-07-17,16:16:17.019000,12047,12048,12048,1
2020-07-17,16:16:17.059000,12047,12048,12048,1
2020-07-17,16:16:18.751000,12047,12048,12048,1
2020-07-17,16:16:18.751000,12047,12048,12048,7
2020-07-17,16:16:19.114000,12048,12049,12048,1
2020-07-17,16:16:19.818000,12048,12049,12049,1
2020-07-17,16:16:25.277000,12048,12049,12048,3
2020-07-17,16:16:34.013000,12048,12049,12048,1
2020-07-17,16:16:36.864000,12048,12049,12048,1
2020-07-17,16:16:41.731000,12048,12049,12048,1
2020-07-17,16:16:50.112000,12047,12048,12047,4
2020-07-17,16:16:50.200000,12047,12048,12047,5
2020-07-17,16:16:57.757000,12046,12047,12046,3
2020-07-17,16:16:57.915000,12046,12047,12046,1
2020-07-17,16:17:03.636000,12046,12047,12046,2
2020-07-17,16:17:03.636000,12046,12047,12046,3
2020-07-17,16:17:17.891000,12046,12047,12046,1
2020-07-17,16:17:19.189000,12046,12047,12047,1
2020-07-17,16:17:26.014000,12046,12047,12047,1
2020-07-17,16:17:27.213000,12046,12047,12047,1
2020-07-17,16:17:28.986000,12046,12047,12047,1
2020-07-17,16:17:28.986000,12046,12047,12047,5
2020-07-17,16:17:29.463000,12047,12048,12047,1
2020-07-17,16:17:36.760000,12047,12048,12048,2
2020-07-17,16:17:44.341000,12047,12048,12048,1
2020-07-17,16:17:46.339000,12047,12048,12047,6
2020-07-17,16:17:47.039000,12046,12047,12047,1
2020-07-17,16:17:48.557000,12046,12047,12047,1
2020-07-17,16:18:04.925000,12046,12047,12047,1
2020-07-17,16:18:07.594000,12046,12047,12047,1
2020-07-17,16:18:15.633000,12046,12047,12047,2
2020-07-17,16:18:19.514000,12047,12048,12048,1
2020-07-17,16:18:19.514000,12047,12048,12049,1
2020-07-17,16:18:23.873000,12047,12048,12048,1
2020-07-17,16:18:32.728000,12047,12048,12048,1
2020-07-17,16:18:41.089000,12047,12049,12049,2
2020-07-17,16:18:44.265000,12048,12049,12049,1
2020-07-17,16:18:44.582000,12048,12049,12048,1
2020-07-17,16:18:51.291000,12047,12048,12048,1
2020-07-17,16:18:58.151000,12047,12048,12047,1
2020-07-17,16:19:10.004000,12047,12048,12048,1
2020-07-17,16:19:12.098000,12047,12048,12048,2
2020-07-17,16:19:19.419000,12047,12048,12048,1
2020-07-17,16:19:28.013000,12047,12048,12048,2
2020-07-17,16:19:41.186000,12048,12049,12048,3
2020-07-17,16:19:52.195000,12047,12048,12048,1
2020-07-17,16:19:54.221000,12047,12048,12047,2
2020-07-17,16:20:04.618000,12047,12048,12047,1
2020-07-17,16:20:04.850000,12047,12048,12048,1
2020-07-17,16:20:04.865000,12047,12048,12049,2
2020-07-17,16:20:05.562000,12048,12049,12049,1
2020-07-17,16:20:07.337000,12048,12049,12048,1
2020-07-17,16:20:12.659000,12048,12049,12048,1
2020-07-17,16:20:15.218000,12047,12049,12049,3
2020-07-17,16:20:26.773000,12048,12049,12048,1
2020-07-17,16:20:31.617000,12048,12049,12048,1
2020-07-17,16:20:39.108000,12048,12049,12048,1
2020-07-17,16:20:44.175000,12048,12049,12048,1
2020-07-17,16:20:48.698000,12048,12049,12048,1
2020-07-17,16:20:50.125000,12047,12049,12047,1
2020-07-17,16:20:50.943000,12047,12049,12049,1
2020-07-17,16:20:52.816000,12047,12048,12048,1
2020-07-17,16:20:54.615000,12047,12048,12047,1
2020-07-17,16:20:58.653000,12047,12048,12047,1
2020-07-17,16:21:07.265000,12046,12047,12047,1
2020-07-17,16:21:12.950000,12047,12048,12047,1
2020-07-17,16:21:14.276000,12046,12047,12047,1
2020-07-17,16:21:14.276000,12046,12047,12047,1
2020-07-17,16:21:27.984000,12046,12047,12047,1
2020-07-17,16:21:30.189000,12046,12047,12047,1
2020-07-17,16:21:40.283000,12047,12048,12047,1
2020-07-17,16:21:44.210000,12047,12048,12048,5
2020-07-17,16:21:44.498000,12048,12049,12049,2
2020-07-17,16:21:44.530000,12048,12049,12049,1
2020-07-17,16:21:44.548000,12048,12049,12049,2
2020-07-17,16:21:44.548000,12048,12049,12049,14
2020-07-17,16:21:44.549000,12048,12049,12049,4
2020-07-17,16:21:44.549000,12048,12049,12049,1
2020-07-17,16:21:44.549000,12048,12049,12049,2
2020-07-17,16:21:47.618000,12048,12049,12049,1
2020-07-17,16:21:48.950000,12047,12048,12048,1
2020-07-17,16:21:50.011000,12048,12050,12048,1
2020-07-17,16:21:54.400000,12047,12048,12048,1
2020-07-17,16:21:58.116000,12047,12048,12048,10
2020-07-17,16:21:58.116000,12047,12048,12049,6
2020-07-17,16:22:02.076000,12048,12049,12048,1
2020-07-17,16:22:16.401000,12047,12048,12048,1
2020-07-17,16:22:19.087000,12047,12048,12047,3
2020-07-17,16:22:19.087000,12047,12048,12047,3
2020-07-17,16:22:19.087000,12047,12048,12047,2
2020-07-17,16:22:29.473000,12046,12047,12046,20
2020-07-17,16:22:41.999000,12045,12046,12045,2
2020-07-17,16:22:41.999000,12045,12046,12045,5
2020-07-17,16:22:41.999000,12045,12046,12045,17
2020-07-17,16:22:42.040000,12045,12046,12044,2
2020-07-17,16:22:42.151000,12044,12046,12044,1
2020-07-17,16:22:52.619000,12044,12045,12044,1
2020-07-17,16:22:55.037000,12044,12045,12044,2
2020-07-17,16:22:56.593000,12044,12045,12044,1
2020-07-17,16:22:59.947000,12044,12045,12044,1
2020-07-17,16:23:08.388000,12044,12045,12044,1
2020-07-17,16:23:20.016000,12044,12045,12045,4
2020-07-17,16:23:22.587000,12045,12046,12046,2
2020-07-17,16:23:22.589000,12045,12046,12046,1
2020-07-17,16:23:38.275000,12045,12046,12046,4
2020-07-17,16:23:39.117000,12045,12047,12045,1
2020-07-17,16:23:49.535000,12045,12047,12045,1
2020-07-17,16:23:55.868000,12045,12047,12045,3
2020-07-17,16:24:05.615000,12045,12046,12045,2
2020-07-17,16:24:10.935000,12044,12045,12044,1
2020-07-17,16:24:34.889000,12044,12045,12044,4
2020-07-17,16:24:39.555000,12043,12044,12044,1
2020-07-17,16:24:49.501000,12044,12045,12044,1
2020-07-17,16:25:03.252000,12043,12044,12044,1
2020-07-17,16:25:05.189000,12043,12044,12044,2
2020-07-17,16:25:05.189000,12043,12044,12044,2
2020-07-17,16:25:08.735000,12044,12045,12044,1
2020-07-17,16:25:18.390000,12044,12045,12044,1
2020-07-17,16:25:22.809000,12044,12045,12044,1
2020-07-17,16:25:51.091000,12044,12045,12044,1
2020-07-17,16:25:51.981000,12044,12045,12044,7
2020-07-17,16:25:56.461000,12043,12044,12044,3
2020-07-17,16:25:57.913000,12044,12045,12044,7
2020-07-17,16:26:02.334000,12043,12044,12044,2
2020-07-17,16:26:24.666000,12043,12044,12044,1
2020-07-17,16:26:55.449000,12044,12045,12044,1
2020-07-17,16:27:00.660000,12044,12045,12044,5
2020-07-17,16:27:02.231000,12043,12044,12044,1
2020-07-17,16:27:04.413000,12043,12044,12044,1
2020-07-17,16:27:20.386000,12044,12045,12044,1
2020-07-17,16:27:38.287000,12044,12045,12044,1
2020-07-17,16:27:52.054000,12044,12045,12044,2
2020-07-17,16:27:57.108000,12043,12044,12044,1
2020-07-17,16:28:05.583000,12043,12044,12043,4
2020-07-17,16:28:05.583000,12043,12044,12043,13
2020-07-17,16:28:06.656000,12042,12043,12043,2
2020-07-17,16:28:16.988000,12042,12043,12043,3
2020-07-17,16:28:16.988000,12042,12043,12043,1
2020-07-17,16:28:29.789000,12043,12044,12043,1
2020-07-17,16:28:36.165000,12043,12044,12043,1
2020-07-17,16:28:36.680000,12043,12044,12044,1
2020-07-17,16:28:55.291000,12043,12044,12044,1
2020-07-17,16:28:57.058000,12043,12044,12044,1
2020-07-17,16:29:02.300000,12043,12044,12043,1
2020-07-17,16:29:06.460000,12043,12044,12043,2
2020-07-17,16:29:30.600000,12043,12044,12043,2
2020-07-17,16:29:31.052000,12043,12044,12044,4
2020-07-17,16:29:57.285000,12044,12045,12045,1
2020-07-17,16:29:57.285000,12044,12045,12045,5
2020-07-17,16:30:02.310000,12044,12046,12044,5
2020-07-17,16:30:02.310000,12044,12046,12044,1
2020-07-17,16:30:11.101000,12043,12044,12043,1
2020-07-17,16:30:11.342000,12043,12044,12043,1
2020-07-17,16:30:11.348000,12043,12044,12044,1
2020-07-17,16:30:11.359000,12043,12044,12044,1
2020-07-17,16:30:11.364000,12043,12044,12044,1
2020-07-17,16:30:11.366000,12043,12044,12044,1
2020-07-17,16:30:11.367000,12043,12044,12044,1
2020-07-17,16:30:11.367000,12043,12044,12044,2
2020-07-17,16:30:11.371000,12043,12044,12044,1
2020-07-17,16:30:11.373000,12043,12044,12044,1
2020-07-17,16:30:11.377000,12043,12044,12044,1
2020-07-17,16:30:24.155000,12043,12044,12043,1
2020-07-17,16:30:24.420000,12043,12044,12044,1
2020-07-17,16:30:27.978000,12043,12045,12043,1
2020-07-17,16:30:37.164000,12043,12044,12043,1
2020-07-17,16:30:40.529000,12043,12044,12043,1
2020-07-17,16:30:43.657000,12042,12044,12044,2
2020-07-17,16:31:02.246000,12043,12044,12044,4
2020-07-17,16:31:02.246000,12043,12044,12044,5
2020-07-17,16:31:02.246000,12043,12044,12044,2
2020-07-17,16:31:02.246000,12043,12044,12044,1
2020-07-17,16:31:02.246000,12043,12044,12044,1
2020-07-17,16:31:02.246000,12043,12044,12044,12
2020-07-17,16:31:02.246000,12043,12044,12044,1
2020-07-17,16:31:02.247000,12043,12044,12044,4
2020-07-17,16:31:29.071000,12043,12044,12044,1
2020-07-17,16:31:29.797000,12043,12044,12044,1
2020-07-17,16:31:34.528000,12043,12044,12044,1
2020-07-17,16:31:51.004000,12043,12044,12044,2
2020-07-17,16:32:37.079000,12044,12045,12045,1
2020-07-17,16:32:37.167000,12044,12045,12045,1
2020-07-17,16:32:40.422000,12044,12045,12045,1
2020-07-17,16:32:48.017000,12044,12045,12045,2
2020-07-17,16:32:50.836000,12045,12046,12045,1
2020-07-17,16:32:57.938000,12045,12046,12045,1
2020-07-17,16:33:01.313000,12043,12045,12045,1
2020-07-17,16:33:04.607000,12043,12045,12045,2
2020-07-17,16:33:10.360000,12043,12045,12045,1
2020-07-17,16:33:43.955000,12045,12046,12045,1
2020-07-17,16:33:55.939000,12044,12045,12045,1
2020-07-17,16:34:10.627000,12044,12045,12045,1
2020-07-17,16:34:14.576000,12045,12046,12045,1
2020-07-17,16:34:24.747000,12044,12046,12046,1
2020-07-17,16:34:34.469000,12045,12046,12045,2
2020-07-17,16:34:55.473000,12045,12046,12046,1
2020-07-17,16:34:55.474000,12045,12046,12046,1
2020-07-17,16:34:55.474000,12045,12046,12046,4
2020-07-17,16:34:55.474000,12045,12046,12046,4
2020-07-17,16:34:55.474000,12045,12046,12046,5
2020-07-17,16:35:41.673000,12046,12047,12046,1
2020-07-17,16:35:41.673000,12046,12047,12046,4
2020-07-17,16:35:51.869000,12045,12046,12046,1
2020-07-17,16:36:00.501000,12046,12047,12047,1
2020-07-17,16:36:01.623000,12046,12047,12047,1
2020-07-17,16:36:09.230000,12046,12047,12047,1
2020-07-17,16:36:13.359000,12046,12047,12047,1
2020-07-17,16:36:17.506000,12046,12047,12047,1
2020-07-17,16:36:49.855000,12047,12048,12047,1
2020-07-17,16:36:58.452000,12047,12048,12048,1
2020-07-17,16:37:04.413000,12047,12048,12048,4
2020-07-17,16:37:04.413000,12047,12048,12048,4
2020-07-17,16:37:04.413000,12047,12048,12048,8
2020-07-17,16:37:05.562000,12048,12049,12049,2
2020-07-17,16:37:05.657000,12048,12049,12049,1
2020-07-17,16:37:09.806000,12048,12049,12049,1
2020-07-17,16:37:10.643000,12048,12049,12049,4
2020-07-17,16:37:10.663000,12048,12049,12049,14
2020-07-17,16:37:16.540000,12049,12050,12050,4
2020-07-17,16:37:16.659000,12049,12050,12050,1
2020-07-17,16:37:16.910000,12049,12050,12050,1
2020-07-17,16:37:17.526000,12049,12050,12049,1
2020-07-17,16:37:18.802000,12048,12050,12048,1
2020-07-17,16:37:20.766000,12048,12049,12049,1
2020-07-17,16:37:27.164000,12049,12050,12049,1
2020-07-17,16:37:27.164000,12049,12050,12049,1
2020-07-17,16:37:28.128000,12048,12049,12049,1
2020-07-17,16:37:39.962000,12048,12049,12049,1
2020-07-17,16:37:41.585000,12048,12049,12049,1
2020-07-17,16:37:48.733000,12048,12049,12049,2
2020-07-17,16:37:49.285000,12048,12049,12049,2
2020-07-17,16:37:54.910000,12048,12049,12048,4
2020-07-17,16:37:56.148000,12048,12049,12049,1
2020-07-17,16:38:03.513000,12048,12049,12049,1
2020-07-17,16:38:06.639000,12048,12049,12049,3
2020-07-17,16:38:12.090000,12049,12050,12049,1
2020-07-17,16:38:14.566000,12048,12049,12049,2
2020-07-17,16:38:18.932000,12049,12050,12049,4
2020-07-17,16:38:22.176000,12049,12050,12050,1
2020-07-17,16:38:23.008000,12049,12050,12049,1
2020-07-17,16:38:31.476000,12049,12050,12049,1
2020-07-17,16:38:32.381000,12049,12050,12050,2
2020-07-17,16:38:34.807000,12049,12050,12049,2
2020-07-17,16:38:34.880000,12049,12050,12049,1
2020-07-17,16:38:38.195000,12049,12050,12049,1
2020-07-17,16:38:38.195000,12049,12050,12049,1
2020-07-17,16:38:52.624000,12049,12050,12050,1
2020-07-17,16:38:52.892000,12049,12050,12050,2
2020-07-17,16:38:55.433000,12049,12050,12050,5
2020-07-17,16:38:56.803000,12049,12050,12050,1
2020-07-17,16:38:57.019000,12049,12050,12050,5
2020-07-17,16:38:57.019000,12049,12050,12050,2
2020-07-17,16:38:57.019000,12049,12050,12050,15
2020-07-17,16:39:00.660000,12050,12051,12051,5
2020-07-17,16:39:00.895000,12050,12051,12051,1
2020-07-17,16:39:00.954000,12050,12051,12051,1
2020-07-17,16:39:00.968000,12050,12051,12051,9
2020-07-17,16:39:02.642000,12050,12051,12051,5
2020-07-17,16:39:03.424000,12050,12052,12050,1
2020-07-17,16:39:03.455000,12050,12052,12050,1
2020-07-17,16:39:08.288000,12050,12052,12050,1
2020-07-17,16:39:17.772000,12050,12051,12050,1
2020-07-17,16:39:22.664000,12050,12051,12050,1
2020-07-17,16:39:23.568000,12050,12051,12051,5
2020-07-17,16:39:26.580000,12050,12051,12051,5
2020-07-17,16:39:29.496000,12050,12051,12051,1
2020-07-17,16:39:29.759000,12051,12052,12051,4
2020-07-17,16:39:32.847000,12051,12052,12051,5
2020-07-17,16:39:36.739000,12051,12052,12051,1
2020-07-17,16:39:36.841000,12051,12052,12051,2
2020-07-17,16:39:36.841000,12051,12052,12051,5
2020-07-17,16:39:36.842000,12051,12052,12051,2
2020-07-17,16:39:42.369000,12050,12051,12051,1
2020-07-17,16:39:43.421000,12051,12052,12052,1
2020-07-17,16:39:43.500000,12051,12052,12052,1
2020-07-17,16:39:43.650000,12051,12052,12052,1
2020-07-17,16:39:44.051000,12051,12052,12051,1
2020-07-17,16:39:48.992000,12050,12051,12051,1
2020-07-17,16:39:48.992000,12050,12051,12052,1
2020-07-17,16:39:53.461000,12050,12051,12051,1
2020-07-17,16:39:57.502000,12051,12052,12051,2
2020-07-17,16:39:58.047000,12050,12051,12051,1
2020-07-17,16:40:03.161000,12050,12051,12051,1
2020-07-17,16:40:04.767000,12050,12051,12051,1
2020-07-17,16:40:12.195000,12050,12051,12050,2
2020-07-17,16:40:12.196000,12050,12051,12050,3
2020-07-17,16:40:12.196000,12050,12051,12050,2
2020-07-17,16:40:12.196000,12050,12051,12050,3
2020-07-17,16:40:12.404000,12049,12051,12051,1
2020-07-17,16:40:13.082000,12049,12051,12051,1
2020-07-17,16:40:17.474000,12049,12050,12050,1
2020-07-17,16:40:17.826000,12050,12051,12050,1
2020-07-17,16:40:19.798000,12049,12051,12049,3
2020-07-17,16:40:28.114000,12049,12050,12049,1
2020-07-17,16:40:29.821000,12049,12050,12049,1
2020-07-17,16:40:32.475000,12049,12050,12049,1
2020-07-17,16:40:49.440000,12049,12050,12050,5
2020-07-17,16:41:01.827000,12049,12050,12049,1
2020-07-17,16:41:02.865000,12049,12050,12049,2
2020-07-17,16:41:28.973000,12049,12050,12049,1
2020-07-17,16:41:29.781000,12048,12050,12048,1
2020-07-17,16:41:33.530000,12048,12050,12050,1
2020-07-17,16:41:50.633000,12049,12050,12049,1
2020-07-17,16:41:50.633000,12049,12050,12049,1
2020-07-17,16:41:54.640000,12048,12049,12049,2
2020-07-17,16:41:56.954000,12048,12049,12049,1
2020-07-17,16:42:00.153000,12048,12049,12049,4
2020-07-17,16:42:04.929000,12048,12049,12049,1
2020-07-17,16:42:23.966000,12048,12049,12049,1
2020-07-17,16:42:23.979000,12048,12049,12048,1
2020-07-17,16:42:33.635000,12048,12049,12048,1
2020-07-17,16:42:42.189000,12048,12049,12048,1
2020-07-17,16:42:44.620000,12047,12048,12048,1
2020-07-17,16:42:47.508000,12047,12048,12048,1
2020-07-17,16:43:02.212000,12047,12048,12048,2
2020-07-17,16:43:02.881000,12048,12049,12048,1
2020-07-17,16:43:09.873000,12047,12048,12048,2
2020-07-17,16:43:31.833000,12047,12048,12048,1
2020-07-17,16:43:49.308000,12047,12048,12047,1
2020-07-17,16:43:49.510000,12047,12048,12047,1
2020-07-17,16:44:12.597000,12047,12048,12048,1
2020-07-17,16:44:15.164000,12047,12048,12048,1
2020-07-17,16:44:26.920000,12048,12049,12048,5
2020-07-17,16:44:26.920000,12048,12049,12048,1
2020-07-17,16:44:27.107000,12047,12048,12047,1
2020-07-17,16:44:45.202000,12048,12049,12048,1
2020-07-17,16:44:57.528000,12048,12049,12048,1
2020-07-17,16:45:04.557000,12048,12049,12048,2
2020-07-17,16:45:11.338000,12047,12048,12048,1
2020-07-17,16:45:13.591000,12047,12048,12048,1
2020-07-17,16:45:18.346000,12047,12048,12047,1
2020-07-17,16:45:20.507000,12047,12048,12047,1
2020-07-17,16:45:34.913000,12046,12047,12047,1
2020-07-17,16:45:40.004000,12046,12047,12046,1
2020-07-17,16:45:40.006000,12046,12047,12047,2
2020-07-17,16:45:40.329000,12046,12047,12047,1
2020-07-17,16:45:44.941000,12046,12047,12047,1
2020-07-17,16:45:52.092000,12047,12048,12047,2
2020-07-17,16:46:02.163000,12047,12048,12048,1
2020-07-17,16:46:06.597000,12047,12048,12047,2
2020-07-17,16:46:48.254000,12047,12048,12048,2
2020-07-17,16:47:00.031000,12047,12048,12048,1
2020-07-17,16:47:04.645000,12047,12048,12048,1
2020-07-17,16:47:12.188000,12047,12048,12048,1
2020-07-17,16:47:14.786000,12047,12048,12048,2
2020-07-17,16:47:15.207000,12047,12048,12048,2
2020-07-17,16:47:23.738000,12047,12048,12047,1
2020-07-17,16:47:26.307000,12047,12048,12048,1
2020-07-17,16:47:32.942000,12047,12048,12048,1
2020-07-17,16:47:53.048000,12047,12048,12048,1
2020-07-17,16:48:01.512000,12047,12048,12048,2
2020-07-17,16:48:13.135000,12047,12048,12048,2
2020-07-17,16:48:14.836000,12047,12048,12048,1
2020-07-17,16:48:15.796000,12047,12048,12048,1
2020-07-17,16:48:20.449000,12048,12049,12048,2
2020-07-17,16:48:37.131000,12047,12048,12048,1
2020-07-17,16:48:59.397000,12047,12048,12048,1
2020-07-17,16:49:00.683000,12047,12048,12048,1
2020-07-17,16:49:03.156000,12047,12048,12048,1
2020-07-17,16:49:03.302000,12047,12048,12048,1
2020-07-17,16:49:23.775000,12047,12048,12048,1
2020-07-17,16:49:23.922000,12048,12049,12049,12
2020-07-17,16:49:23.922000,12048,12049,12049,1
2020-07-17,16:49:38.291000,12049,12050,12050,1
2020-07-17,16:49:41.589000,12049,12050,12050,5
2020-07-17,16:49:41.800000,12049,12050,12050,1
2020-07-17,16:49:42.228000,12049,12050,12050,3
2020-07-17,16:50:02.300000,12050,12051,12051,5
2020-07-17,16:50:03.681000,12050,12051,12051,1
2020-07-17,16:50:05.861000,12050,12051,12051,6
2020-07-17,16:50:08.430000,12050,12051,12051,1
2020-07-17,16:50:08.431000,12050,12051,12051,4
2020-07-17,16:50:08.431000,12050,12051,12051,2
2020-07-17,16:50:15.938000,12051,12052,12051,1
2020-07-17,16:50:17.448000,12051,12052,12052,1
2020-07-17,16:50:17.753000,12051,12052,12051,1
2020-07-17,16:50:17.875000,12051,12052,12052,1
2020-07-17,16:50:17.941000,12051,12052,12052,1
2020-07-17,16:50:17.947000,12051,12052,12052,1
2020-07-17,16:50:17.953000,12051,12052,12052,1
2020-07-17,16:50:17.976000,12051,12052,12052,2
2020-07-17,16:50:18.974000,12051,12052,12051,1
2020-07-17,16:50:21.562000,12051,12052,12051,1
2020-07-17,16:50:26.438000,12051,12052,12051,1
2020-07-17,16:50:30.213000,12051,12052,12052,1
2020-07-17,16:50:34.675000,12051,12052,12052,1
2020-07-17,16:50:40.015000,12051,12052,12051,1
2020-07-17,16:50:45.038000,12051,12052,12052,1
2020-07-17,16:50:45.647000,12051,12052,12051,2
2020-07-17,16:50:47.265000,12051,12052,12051,1
2020-07-17,16:50:48.581000,12051,12052,12051,1
2020-07-17,16:50:53.512000,12051,12052,12051,5
2020-07-17,16:50:55.794000,12050,12051,12051,1
2020-07-17,16:50:56.422000,12050,12051,12051,1
2020-07-17,16:51:02.135000,12051,12052,12051,2
2020-07-17,16:51:04.508000,12050,12051,12051,1
2020-07-17,16:51:08.011000,12050,12051,12050,1
2020-07-17,16:51:13.158000,12050,12051,12050,1
2020-07-17,16:51:18.438000,12050,12051,12050,10
2020-07-17,16:51:23.720000,12050,12051,12050,1
2020-07-17,16:51:25.788000,12050,12051,12051,1
2020-07-17,16:51:25.871000,12050,12051,12051,1
2020-07-17,16:51:28.430000,12050,12051,12051,1
2020-07-17,16:51:34.767000,12050,12051,12051,1
2020-07-17,16:51:44.672000,12050,12051,12051,3
2020-07-17,16:51:49.805000,12051,12052,12051,1
2020-07-17,16:51:53.006000,12051,12052,12051,2
2020-07-17,16:51:57.238000,12050,12052,12052,2
2020-07-17,16:52:10.700000,12051,12052,12051,5
2020-07-17,16:52:28.590000,12050,12051,12051,1
2020-07-17,16:52:41.520000,12050,12051,12050,2
2020-07-17,16:52:56.870000,12050,12051,12051,8
2020-07-17,16:52:56.870000,12050,12051,12051,1
2020-07-17,16:52:56.871000,12050,12051,12051,1
2020-07-17,16:53:02.988000,12051,12052,12051,1
2020-07-17,16:53:06.882000,12051,12052,12051,2
2020-07-17,16:53:12.265000,12051,12052,12052,1
2020-07-17,16:53:19.988000,12051,12052,12052,1
2020-07-17,16:53:21.190000,12051,12052,12052,1
2020-07-17,16:53:34.216000,12051,12052,12052,1
2020-07-17,16:53:39.766000,12051,12052,12052,1
2020-07-17,16:53:42.777000,12051,12052,12052,1
2020-07-17,16:53:42.868000,12051,12052,12051,1
2020-07-17,16:53:58.331000,12051,12052,12051,1
2020-07-17,16:54:00.062000,12051,12052,12051,1
2020-07-17,16:54:13.366000,12050,12051,12051,1
2020-07-17,16:54:17.339000,12050,12051,12051,1
2020-07-17,16:54:22.004000,12050,12051,12050,1
2020-07-17,16:54:36.705000,12050,12051,12050,11
2020-07-17,16:54:39.150000,12049,12050,12049,1
2020-07-17,16:55:02.257000,12049,12050,12050,1
2020-07-17,16:55:09.650000,12049,12050,12049,2
2020-07-17,16:55:09.651000,12049,12050,12049,5
2020-07-17,16:55:27.129000,12048,12049,12048,1
2020-07-17,16:55:33.481000,12048,12049,12048,3
2020-07-17,16:55:33.481000,12048,12049,12048,2
2020-07-17,16:55:33.481000,12048,12049,12048,1
2020-07-17,16:55:34.829000,12047,12048,12047,1
2020-07-17,16:55:35.470000,12047,12048,12048,2
2020-07-17,16:55:43.779000,12047,12048,12047,1
2020-07-17,16:55:46.163000,12047,12048,12047,1
2020-07-17,16:55:46.163000,12047,12048,12047,1
2020-07-17,16:55:50.820000,12047,12048,12047,1
2020-07-17,16:55:56.760000,12047,12048,12047,1
2020-07-17,16:56:20.204000,12047,12048,12047,1
2020-07-17,16:56:20.962000,12047,12048,12047,1
2020-07-17,16:56:28.331000,12046,12047,12046,1
2020-07-17,16:56:34.964000,12046,12047,12046,1
2020-07-17,16:56:37.762000,12046,12047,12046,1
2020-07-17,16:56:37.762000,12046,12047,12046,2
2020-07-17,16:56:37.762000,12046,12047,12046,2
2020-07-17,16:56:39.391000,12045,12047,12045,1
2020-07-17,16:56:51.402000,12045,12046,12046,3
2020-07-17,16:57:00.397000,12046,12047,12047,4
2020-07-17,16:57:00.605000,12047,12048,12047,1
2020-07-17,16:57:06.126000,12047,12048,12048,1
2020-07-17,16:57:06.127000,12047,12048,12048,1
2020-07-17,16:57:06.127000,12047,12048,12048,1
2020-07-17,16:57:06.150000,12047,12048,12047,1
2020-07-17,16:57:09.911000,12048,12049,12048,1
2020-07-17,16:57:12.941000,12048,12049,12048,2
2020-07-17,16:57:25.106000,12048,12049,12049,1
2020-07-17,16:57:25.436000,12048,12049,12049,1
2020-07-17,16:57:25.881000,12048,12049,12049,1
2020-07-17,16:57:26.329000,12048,12049,12049,1
2020-07-17,16:57:55.322000,12049,12050,12050,1
2020-07-17,16:58:00.246000,12049,12050,12050,1
2020-07-17,16:58:14.923000,12049,12050,12050,1
2020-07-17,16:58:14.923000,12049,12050,12050,2
2020-07-17,16:58:23.707000,12049,12050,12049,2
2020-07-17,16:58:29.783000,12049,12050,12049,1
2020-07-17,16:58:31.137000,12049,12050,12049,1
2020-07-17,16:58:31.138000,12049,12050,12049,1
2020-07-17,16:58:34.110000,12048,12050,12049,1
2020-07-17,16:58:48.667000,12048,12049,12049,1
2020-07-17,16:59:04.168000,12048,12049,12048,2
2020-07-17,16:59:04.540000,12048,12049,12049,2
2020-07-17,16:59:22.177000,12048,12049,12049,2
2020-07-17,16:59:28.662000,12048,12049,12048,3
2020-07-17,16:59:41.886000,12048,12049,12048,1
2020-07-17,17:00:01.969000,12047,12048,12048,1
2020-07-17,17:00:02.220000,12047,12048,12048,1
2020-07-17,17:00:02.497000,12047,12049,12047,1
2020-07-17,17:00:11.364000,12047,12048,12047,3
2020-07-17,17:00:11.928000,12046,12047,12047,8
2020-07-17,17:00:12.467000,12047,12048,12047,5
2020-07-17,17:00:22.564000,12047,12048,12047,31
2020-07-17,17:00:23.076000,12046,12047,12046,1
2020-07-17,17:00:24.065000,12045,12047,12047,1
2020-07-17,17:00:48.983000,12046,12047,12046,5
2020-07-17,17:00:56.727000,12046,12047,12046,1
2020-07-17,17:00:56.939000,12046,12047,12047,1
2020-07-17,17:01:05.028000,12046,12047,12046,1
2020-07-17,17:01:14.466000,12046,12047,12046,1
2020-07-17,17:01:14.868000,12046,12047,12046,1
2020-07-17,17:01:19.697000,12046,12047,12046,1
2020-07-17,17:01:21.877000,12046,12047,12046,1
2020-07-17,17:01:31.177000,12046,12047,12047,1
2020-07-17,17:01:42.127000,12046,12047,12047,1
2020-07-17,17:02:01.063000,12046,12047,12047,1
2020-07-17,17:02:06.918000,12046,12047,12047,15
2020-07-17,17:02:19.300000,12046,12047,12047,1
2020-07-17,17:02:23.301000,12046,12047,12046,10
2020-07-17,17:02:23.301000,12046,12047,12046,4
2020-07-17,17:02:23.302000,12046,12047,12046,9
2020-07-17,17:02:23.302000,12046,12047,12046,4
2020-07-17,17:02:23.302000,12046,12047,12046,1
2020-07-17,17:02:23.302000,12046,12047,12046,1
2020-07-17,17:02:23.302000,12046,12047,12046,1
2020-07-17,17:02:23.302000,12046,12047,12046,8
2020-07-17,17:02:23.302000,12046,12047,12046,1
2020-07-17,17:02:33.250000,12045,12046,12046,20
2020-07-17,17:02:35.823000,12045,12046,12045,7
2020-07-17,17:02:36.668000,12045,12046,12045,1
2020-07-17,17:02:40.217000,12045,12046,12045,2
2020-07-17,17:02:40.512000,12045,12046,12045,1
2020-07-17,17:02:43.833000,12045,12046,12045,2
2020-07-17,17:02:53.873000,12045,12046,12045,1
