2019-05-03 15:00:00.030,11093,11094,11093,32,-32
2019-05-03 15:00:00.178,11093,11094,11094,4,4
2019-05-03 15:00:00.242,11093,11094,11093,1,-1
2019-05-03 15:00:00.252,11093,11094,11093,1,-1
2019-05-03 15:00:00.352,11092,11093,11093,1,1
2019-05-03 15:00:00.372,11092,11093,11093,1,1
2019-05-03 15:00:00.490,11092,11093,11092,1,-1
2019-05-03 15:00:00.508,11092,11093,11093,1,1
2019-05-03 15:00:00.544,11092,11093,11093,1,1
2019-05-03 15:00:00.579,11092,11093,11093,1,1
2019-05-03 15:00:00.734,11092,11093,11092,1,-1
2019-05-03 15:00:01.024,11092,11093,11092,1,-1
2019-05-03 15:00:01.290,11092,11093,11092,2,-2
2019-05-03 15:00:01.415,11091,11092,11091,1,-1
2019-05-03 15:00:01.540,11091,11092,11091,3,-3
2019-05-03 15:00:01.576,11091,11092,11091,2,-2
2019-05-03 15:00:01.915,11090,11091,11090,4,-4
2019-05-03 15:00:01.916,11090,11091,11090,1,-1
2019-05-03 15:00:01.926,11090,11091,11090,1,-1
2019-05-03 15:00:03.214,11090,11092,11092,1,1
2019-05-03 15:00:03.239,11090,11092,11092,1,1
2019-05-03 15:00:03.540,11092,11093,11092,2,-2
2019-05-03 15:00:03.558,11092,11093,11092,2,-2
2019-05-03 15:00:03.680,11091,11093,11093,1,1
2019-05-03 15:00:03.790,11092,11093,11092,4,-4
2019-05-03 15:00:03.982,11091,11093,11093,9,9
2019-05-03 15:00:04.290,11092,11093,11093,4,4
2019-05-03 15:00:04.301,11092,11093,11093,4,4
2019-05-03 15:00:04.472,11092,11094,11094,1,1
2019-05-03 15:00:04.523,11092,11094,11092,1,-1
2019-05-03 15:00:04.824,11092,11093,11093,1,1
2019-05-03 15:00:04.831,11092,11093,11094,1,1
2019-05-03 15:00:04.837,11092,11093,11094,1,1
2019-05-03 15:00:07.326,11093,11094,11094,3,3
2019-05-03 15:00:08.268,11093,11094,11094,1,1
2019-05-03 15:00:09.392,11093,11095,11093,6,-6
2019-05-03 15:00:09.428,11093,11095,11095,1,1
2019-05-03 15:00:09.618,11093,11095,11095,5,5
2019-05-03 15:00:09.625,11093,11095,11095,1,1
2019-05-03 15:00:12.028,11093,11094,11093,2,-2
2019-05-03 15:00:13.559,11093,11094,11094,1,1
2019-05-03 15:00:15.304,11093,11094,11094,1,1
2019-05-03 15:00:16.000,11094,11095,11094,1,-1
2019-05-03 15:00:17.564,11094,11095,11094,1,-1
2019-05-03 15:00:20.413,11093,11094,11094,1,1
2019-05-03 15:00:22.431,11093,11094,11094,2,2
2019-05-03 15:00:27.333,11093,11094,11094,1,1
2019-05-03 15:00:28.364,11093,11094,11093,1,-1
2019-05-03 15:00:34.820,11092,11094,11094,1,1
2019-05-03 15:00:35.346,11093,11094,11093,1,-1
2019-05-03 15:00:37.102,11092,11093,11093,1,1
2019-05-03 15:00:40.758,11092,11094,11094,1,1
2019-05-03 15:00:44.024,11092,11093,11093,1,1
2019-05-03 15:00:46.571,11093,11094,11093,4,-4
2019-05-03 15:00:46.572,11093,11094,11093,1,-1
2019-05-03 15:00:47.253,11092,11094,11094,1,1
2019-05-03 15:00:54.517,11092,11093,11093,1,1
2019-05-03 15:00:57.034,11092,11093,11092,8,-8
2019-05-03 15:00:57.040,11092,11093,11092,1,-1
2019-05-03 15:00:57.040,11092,11093,11092,1,-1
2019-05-03 15:00:59.694,11090,11092,11090,2,-2
2019-05-03 15:01:00.029,11090,11092,11092,7,7
2019-05-03 15:01:00.036,11090,11092,11092,1,1
2019-05-03 15:01:00.042,11090,11092,11092,4,4
2019-05-03 15:01:00.288,11091,11092,11092,1,1
2019-05-03 15:01:00.556,11091,11093,11091,2,-2
2019-05-03 15:01:00.809,11092,11093,11093,3,3
2019-05-03 15:01:00.885,11092,11093,11092,1,-1
2019-05-03 15:01:00.896,11092,11093,11093,1,1
2019-05-03 15:01:01.549,11092,11093,11092,2,-2
2019-05-03 15:01:01.676,11092,11093,11092,1,-1
2019-05-03 15:01:02.502,11092,11093,11092,1,-1
2019-05-03 15:01:04.396,11092,11093,11093,2,2
2019-05-03 15:01:05.904,11092,11093,11092,1,-1
2019-05-03 15:01:17.436,11092,11093,11093,2,2
2019-05-03 15:01:20.115,11092,11093,11092,1,-1
2019-05-03 15:01:25.584,11092,11093,11092,1,-1
2019-05-03 15:01:36.586,11092,11093,11092,3,-3
2019-05-03 15:01:37.515,11092,11093,11092,1,-1
2019-05-03 15:01:49.642,11092,11093,11092,1,-1
2019-05-03 15:01:50.922,11092,11093,11093,1,1
2019-05-03 15:01:53.101,11092,11093,11092,1,-1
2019-05-03 15:01:54.397,11092,11093,11092,1,-1
2019-05-03 15:01:58.326,11092,11093,11092,1,-1
2019-05-03 15:01:59.652,11092,11093,11092,2,-2
2019-05-03 15:02:00.693,11091,11092,11091,3,-3
2019-05-03 15:02:01.057,11090,11091,11091,2,2
2019-05-03 15:02:03.673,11090,11091,11091,3,3
2019-05-03 15:02:04.765,11090,11091,11091,1,1
2019-05-03 15:02:07.337,11090,11091,11090,5,-5
2019-05-03 15:02:13.524,11089,11090,11090,1,1
2019-05-03 15:02:23.078,11089,11090,11090,1,1
2019-05-03 15:02:23.844,11089,11090,11089,1,-1
2019-05-03 15:02:29.594,11089,11090,11090,1,1
2019-05-03 15:02:32.241,11089,11090,11090,12,12
2019-05-03 15:02:33.915,11090,11091,11090,1,-1
2019-05-03 15:02:34.028,11090,11091,11090,1,-1
2019-05-03 15:02:34.028,11090,11091,11089,2,-2
2019-05-03 15:02:40.235,11090,11091,11090,1,1
2019-05-03 15:02:42.006,11090,11091,11090,1,-1
2019-05-03 15:02:46.012,11090,11091,11090,1,-1
2019-05-03 15:02:50.529,11090,11091,11090,5,-5
2019-05-03 15:02:57.797,11090,11091,11090,1,-1
2019-05-03 15:03:00.839,11090,11091,11090,1,-1
2019-05-03 15:03:01.485,11090,11091,11090,1,-1
2019-05-03 15:03:01.725,11090,11091,11091,2,2
2019-05-03 15:03:11.479,11090,11091,11091,9,9
2019-05-03 15:03:15.862,11091,11092,11092,1,1
2019-05-03 15:03:24.410,11091,11092,11092,3,3
2019-05-03 15:03:25.698,11091,11092,11092,2,2
2019-05-03 15:03:30.047,11091,11092,11092,2,2
2019-05-03 15:03:34.397,11091,11092,11092,2,2
2019-05-03 15:03:34.599,11091,11093,11092,1,-1
2019-05-03 15:03:34.638,11091,11093,11092,1,-1
2019-05-03 15:03:35.254,11091,11092,11092,1,1
2019-05-03 15:03:35.254,11091,11092,11093,3,3
2019-05-03 15:03:36.122,11091,11093,11091,1,-1
2019-05-03 15:03:36.709,11091,11092,11092,1,1
2019-05-03 15:03:41.335,11091,11092,11092,1,1
2019-05-03 15:03:42.270,11091,11092,11092,3,3
2019-05-03 15:03:45.187,11091,11092,11092,3,3
2019-05-03 15:03:54.970,11091,11092,11092,1,1
2019-05-03 15:04:07.179,11091,11092,11091,2,-2
2019-05-03 15:04:13.190,11091,11092,11091,1,-1
2019-05-03 15:04:28.322,11091,11092,11092,1,1
2019-05-03 15:04:30.320,11091,11092,11092,1,1
2019-05-03 15:04:30.924,11091,11092,11092,1,1
2019-05-03 15:04:35.997,11091,11092,11092,1,1
2019-05-03 15:04:36.167,11091,11092,11092,5,5
2019-05-03 15:04:37.667,11092,11093,11093,7,7
2019-05-03 15:04:53.540,11092,11093,11093,1,1
2019-05-03 15:04:53.540,11092,11093,11093,2,2
2019-05-03 15:04:53.541,11092,11093,11093,1,1
2019-05-03 15:04:53.665,11093,11094,11093,11,-11
2019-05-03 15:04:56.791,11093,11094,11094,1,1
2019-05-03 15:05:00.665,11093,11094,11093,1,-1
2019-05-03 15:05:09.414,11092,11093,11093,1,1
2019-05-03 15:05:14.468,11092,11093,11093,1,1
2019-05-03 15:05:25.111,11092,11093,11093,1,1
2019-05-03 15:05:25.328,11092,11094,11093,1,-1
2019-05-03 15:05:27.475,11093,11094,11093,2,-2
2019-05-03 15:05:51.796,11093,11094,11093,2,-2
2019-05-03 15:05:56.128,11093,11094,11093,1,-1
2019-05-03 15:05:57.136,11093,11094,11093,2,-2
2019-05-03 15:06:02.410,11093,11094,11094,5,5
2019-05-03 15:06:02.540,11093,11094,11094,1,1
2019-05-03 15:06:02.587,11093,11094,11094,1,1
2019-05-03 15:06:03.100,11093,11094,11094,5,5
2019-05-03 15:06:03.104,11093,11094,11093,3,-3
2019-05-03 15:06:18.814,11092,11093,11093,1,1
2019-05-03 15:06:21.244,11093,11094,11094,2,2
2019-05-03 15:06:49.154,11093,11094,11094,1,1
2019-05-03 15:06:54.085,11093,11094,11093,9,-9
2019-05-03 15:07:23.669,11092,11093,11093,7,7
2019-05-03 15:07:23.669,11092,11093,11094,3,3
2019-05-03 15:07:33.054,11092,11093,11093,1,1
2019-05-03 15:07:54.418,11092,11093,11093,1,1
2019-05-03 15:08:02.487,11092,11093,11092,1,-1
2019-05-03 15:08:08.309,11092,11093,11092,1,-1
2019-05-03 15:08:14.337,11092,11093,11092,1,-1
2019-05-03 15:08:18.839,11092,11093,11093,1,1
2019-05-03 15:08:22.395,11092,11093,11093,1,1
2019-05-03 15:08:55.569,11093,11094,11094,1,1
2019-05-03 15:08:55.571,11093,11094,11094,1,1
2019-05-03 15:08:55.624,11093,11094,11094,1,1
2019-05-03 15:08:55.665,11093,11094,11094,1,1
2019-05-03 15:08:58.277,11093,11094,11094,1,1
2019-05-03 15:09:09.616,11093,11094,11094,1,1
2019-05-03 15:09:10.620,11093,11094,11093,1,-1
2019-05-03 15:09:14.684,11093,11094,11094,1,1
2019-05-03 15:09:16.318,11093,11094,11094,1,1
2019-05-03 15:09:16.713,11093,11094,11094,1,1
2019-05-03 15:09:17.042,11093,11094,11094,6,6
2019-05-03 15:09:20.120,11094,11095,11095,1,1
2019-05-03 15:09:20.343,11094,11095,11095,1,1
2019-05-03 15:09:20.442,11094,11095,11095,1,1
2019-05-03 15:09:20.471,11094,11095,11095,1,1
2019-05-03 15:09:20.777,11094,11095,11095,1,1
2019-05-03 15:09:21.081,11094,11095,11095,1,1
2019-05-03 15:09:33.006,11094,11095,11094,1,-1
2019-05-03 15:09:40.705,11094,11095,11095,1,1
2019-05-03 15:09:41.672,11094,11095,11095,31,31
2019-05-03 15:09:43.488,11095,11096,11096,1,1
2019-05-03 15:09:44.849,11095,11096,11096,5,5
2019-05-03 15:09:44.917,11095,11096,11096,11,11
2019-05-03 15:09:45.210,11095,11097,11097,5,5
2019-05-03 15:09:45.456,11096,11097,11097,2,2
2019-05-03 15:09:45.604,11096,11097,11097,3,3
2019-05-03 15:09:45.845,11096,11097,11097,4,4
2019-05-03 15:09:45.846,11096,11097,11097,1,1
2019-05-03 15:09:46.095,11097,11098,11097,2,-2
2019-05-03 15:09:46.151,11097,11098,11097,2,-2
2019-05-03 15:09:49.930,11096,11097,11097,1,1
2019-05-03 15:09:50.477,11096,11097,11096,4,-4
2019-05-03 15:09:54.516,11096,11097,11097,1,1
2019-05-03 15:09:58.577,11096,11097,11096,1,-1
2019-05-03 15:10:00.774,11096,11097,11097,5,5
2019-05-03 15:10:00.916,11097,11098,11097,2,-2
2019-05-03 15:10:00.916,11097,11098,11096,2,-2
2019-05-03 15:10:01.183,11097,11098,11097,6,6
2019-05-03 15:10:01.183,11097,11098,11096,4,-4
2019-05-03 15:10:01.394,11096,11098,11096,2,-2
2019-05-03 15:10:01.504,11096,11097,11097,2,2
2019-05-03 15:10:01.832,11096,11098,11096,2,-2
2019-05-03 15:10:02.258,11096,11098,11098,1,1
2019-05-03 15:10:02.287,11096,11098,11098,1,1
2019-05-03 15:10:02.583,11096,11098,11098,1,1
2019-05-03 15:10:03.292,11097,11098,11098,2,2
2019-05-03 15:10:04.057,11097,11098,11098,1,1
2019-05-03 15:10:04.780,11097,11098,11097,2,-2
2019-05-03 15:10:07.889,11097,11098,11097,1,-1
2019-05-03 15:10:11.801,11097,11098,11097,1,-1
2019-05-03 15:10:14.165,11097,11098,11098,5,5
2019-05-03 15:10:14.167,11097,11098,11098,13,13
2019-05-03 15:10:15.061,11098,11099,11098,1,-1
2019-05-03 15:10:19.008,11098,11099,11099,1,1
2019-05-03 15:10:19.170,11098,11099,11099,16,16
2019-05-03 15:10:19.348,11098,11100,11099,1,-1
2019-05-03 15:10:19.765,11099,11100,11099,1,-1
2019-05-03 15:10:19.775,11099,11100,11099,1,-1
2019-05-03 15:10:21.575,11098,11099,11099,8,8
2019-05-03 15:10:23.547,11098,11099,11099,3,3
2019-05-03 15:10:23.801,11098,11099,11099,1,1
2019-05-03 15:10:24.672,11098,11099,11098,10,-10
2019-05-03 15:10:25.641,11098,11099,11099,1,1
2019-05-03 15:10:25.776,11098,11099,11099,1,1
2019-05-03 15:10:26.189,11098,11099,11098,1,-1
2019-05-03 15:10:27.266,11098,11099,11099,1,1
2019-05-03 15:10:29.863,11098,11099,11098,1,-1
2019-05-03 15:10:30.539,11098,11099,11099,1,1
2019-05-03 15:10:30.819,11098,11099,11099,1,1
2019-05-03 15:10:32.816,11098,11099,11099,1,1
2019-05-03 15:10:34.053,11098,11099,11099,1,1
2019-05-03 15:10:34.717,11098,11099,11099,4,4
2019-05-03 15:10:36.741,11098,11099,11099,20,20
2019-05-03 15:10:36.791,11098,11099,11099,1,1
2019-05-03 15:10:37.458,11098,11099,11099,1,1
2019-05-03 15:10:39.020,11098,11099,11099,1,1
2019-05-03 15:10:39.394,11099,11100,11099,1,-1
2019-05-03 15:10:39.836,11099,11100,11100,1,1
2019-05-03 15:10:40.205,11099,11100,11100,1,1
2019-05-03 15:10:40.721,11099,11100,11099,1,-1
2019-05-03 15:10:42.167,11099,11100,11100,42,42
2019-05-03 15:10:45.849,11100,11101,11100,10,-10
2019-05-03 15:10:47.363,11100,11101,11101,2,2
2019-05-03 15:10:47.500,11100,11101,11101,1,1
2019-05-03 15:10:47.622,11100,11101,11101,1,1
2019-05-03 15:10:48.103,11100,11101,11101,20,20
2019-05-03 15:10:48.165,11100,11101,11101,2,2
2019-05-03 15:10:48.167,11100,11101,11101,1,1
2019-05-03 15:10:49.028,11101,11102,11101,1,-1
2019-05-03 15:10:49.220,11101,11102,11101,4,-4
2019-05-03 15:10:49.404,11101,11102,11101,1,-1
2019-05-03 15:10:49.886,11101,11102,11101,1,-1
2019-05-03 15:10:53.529,11101,11102,11102,2,2
2019-05-03 15:10:53.542,11101,11102,11102,15,15
2019-05-03 15:10:53.835,11101,11102,11102,1,1
2019-05-03 15:10:56.290,11101,11102,11102,1,1
2019-05-03 15:10:57.987,11101,11102,11102,4,4
2019-05-03 15:10:58.587,11102,11103,11102,2,-2
2019-05-03 15:10:59.056,11102,11103,11102,2,-2
2019-05-03 15:10:59.174,11102,11103,11102,2,-2
2019-05-03 15:10:59.619,11102,11103,11102,1,-1
2019-05-03 15:11:01.417,11102,11103,11103,17,17
2019-05-03 15:11:01.808,11102,11103,11103,1,1
2019-05-03 15:11:01.808,11102,11103,11104,7,7
2019-05-03 15:11:01.853,11102,11103,11102,1,-1
2019-05-03 15:11:02.654,11103,11104,11103,1,1
2019-05-03 15:11:02.678,11103,11105,11103,2,-2
2019-05-03 15:11:04.519,11103,11104,11103,1,-1
2019-05-03 15:11:06.225,11103,11104,11104,1,1
2019-05-03 15:11:06.420,11103,11104,11104,3,3
2019-05-03 15:11:06.456,11103,11104,11104,1,1
2019-05-03 15:11:06.502,11103,11104,11104,3,3
2019-05-03 15:11:06.749,11104,11105,11104,2,-2
2019-05-03 15:11:07.361,11104,11105,11104,3,-3
2019-05-03 15:11:07.971,11103,11104,11104,1,1
2019-05-03 15:11:08.084,11103,11104,11104,1,1
2019-05-03 15:11:08.506,11103,11104,11104,1,1
2019-05-03 15:11:08.887,11103,11104,11103,1,-1
2019-05-03 15:11:10.943,11103,11104,11103,1,-1
2019-05-03 15:11:11.579,11103,11104,11104,1,1
2019-05-03 15:11:12.739,11103,11104,11103,1,-1
2019-05-03 15:11:15.361,11103,11104,11104,2,2
2019-05-03 15:11:17.188,11103,11104,11104,1,1
2019-05-03 15:11:17.441,11103,11104,11104,1,1
2019-05-03 15:11:20.169,11103,11104,11104,5,5
2019-05-03 15:11:20.854,11103,11104,11103,2,-2
2019-05-03 15:11:22.086,11103,11104,11103,3,-3
2019-05-03 15:11:22.165,11103,11104,11103,5,-5
2019-05-03 15:11:22.165,11103,11104,11103,1,-1
2019-05-03 15:11:22.431,11102,11104,11103,1,-1
2019-05-03 15:11:23.257,11102,11103,11103,9,9
2019-05-03 15:11:23.628,11102,11103,11103,1,1
2019-05-03 15:11:24.631,11102,11103,11103,1,1
2019-05-03 15:11:25.687,11102,11103,11102,1,-1
2019-05-03 15:11:26.223,11102,11103,11103,1,1
2019-05-03 15:11:26.315,11102,11103,11102,2,-2
2019-05-03 15:11:28.347,11102,11103,11103,2,2
2019-05-03 15:11:32.118,11102,11103,11102,1,-1
2019-05-03 15:11:32.366,11102,11103,11103,1,1
2019-05-03 15:11:37.742,11102,11103,11103,12,12
2019-05-03 15:11:40.024,11102,11103,11102,2,-2
2019-05-03 15:11:40.040,11102,11103,11102,3,-3
2019-05-03 15:11:40.040,11102,11103,11102,2,-2
2019-05-03 15:11:40.040,11102,11103,11102,6,-6
2019-05-03 15:11:40.751,11101,11102,11101,2,-2
2019-05-03 15:11:41.164,11101,11102,11102,1,1
2019-05-03 15:11:42.736,11101,11102,11101,2,-2
2019-05-03 15:11:43.992,11101,11102,11101,1,-1
2019-05-03 15:11:45.932,11101,11102,11101,2,-2
2019-05-03 15:11:46.012,11101,11102,11101,1,-1
2019-05-03 15:11:47.133,11101,11102,11101,2,-2
2019-05-03 15:11:47.420,11101,11102,11101,1,-1
2019-05-03 15:11:51.130,11101,11102,11102,1,1
2019-05-03 15:11:51.410,11101,11102,11101,1,-1
2019-05-03 15:11:51.470,11101,11102,11101,1,-1
2019-05-03 15:11:51.638,11101,11102,11101,1,-1
2019-05-03 15:11:52.010,11101,11102,11101,1,-1
2019-05-03 15:11:53.046,11101,11102,11101,1,-1
2019-05-03 15:11:55.653,11101,11102,11102,2,2
2019-05-03 15:11:56.017,11101,11102,11101,1,-1
2019-05-03 15:11:56.207,11101,11102,11101,2,-2
2019-05-03 15:11:58.512,11101,11102,11101,1,-1
2019-05-03 15:11:58.572,11101,11102,11102,1,1
2019-05-03 15:12:02.928,11101,11102,11101,2,-2
2019-05-03 15:12:05.402,11101,11102,11101,1,-1
2019-05-03 15:12:07.051,11101,11102,11102,1,1
2019-05-03 15:12:08.288,11101,11102,11102,1,1
2019-05-03 15:12:09.925,11101,11102,11102,1,1
2019-05-03 15:12:12.673,11101,11102,11102,6,6
2019-05-03 15:12:28.427,11101,11102,11102,11,11
2019-05-03 15:12:29.176,11101,11102,11101,3,-3
2019-05-03 15:12:42.194,11101,11102,11101,1,-1
2019-05-03 15:12:48.162,11101,11102,11101,1,-1
2019-05-03 15:12:52.165,11101,11102,11101,3,-3
2019-05-03 15:13:03.034,11101,11102,11101,2,-2
2019-05-03 15:13:05.415,11101,11102,11101,1,-1
2019-05-03 15:13:05.961,11101,11102,11101,1,-1
2019-05-03 15:13:08.273,11101,11102,11101,1,-1
2019-05-03 15:13:11.172,11101,11102,11101,2,-2
2019-05-03 15:13:11.747,11101,11102,11102,1,1
2019-05-03 15:13:11.870,11101,11102,11101,1,-1
2019-05-03 15:13:13.345,11101,11102,11101,1,-1
2019-05-03 15:13:15.271,11101,11102,11101,9,-9
2019-05-03 15:13:19.337,11100,11101,11101,1,1
2019-05-03 15:13:23.000,11100,11101,11101,1,1
2019-05-03 15:13:26.717,11100,11101,11100,2,-2
2019-05-03 15:13:27.132,11100,11101,11101,2,2
2019-05-03 15:13:28.099,11100,11101,11100,5,-5
2019-05-03 15:13:28.639,11100,11101,11100,2,-2
2019-05-03 15:13:29.249,11100,11101,11101,1,1
2019-05-03 15:13:37.104,11100,11101,11101,1,1
2019-05-03 15:13:39.528,11100,11101,11101,1,1
2019-05-03 15:13:40.309,11100,11101,11101,2,2
2019-05-03 15:13:40.415,11100,11101,11101,1,1
2019-05-03 15:13:43.166,11101,11102,11101,1,-1
2019-05-03 15:13:46.589,11101,11102,11101,12,-12
2019-05-03 15:13:54.401,11100,11101,11100,1,-1
2019-05-03 15:14:03.654,11100,11101,11101,1,1
2019-05-03 15:14:05.405,11100,11101,11100,1,-1
2019-05-03 15:14:08.857,11100,11101,11100,3,-3
2019-05-03 15:14:17.194,11100,11101,11100,3,-3
2019-05-03 15:14:22.180,11100,11101,11101,1,1
2019-05-03 15:14:22.640,11100,11101,11101,1,1
2019-05-03 15:14:26.159,11100,11101,11101,4,4
2019-05-03 15:14:30.570,11100,11101,11101,2,2
2019-05-03 15:14:32.233,11100,11101,11101,1,1
2019-05-03 15:14:32.691,11100,11101,11101,1,1
2019-05-03 15:14:33.044,11100,11101,11101,1,1
2019-05-03 15:14:33.153,11100,11101,11101,1,1
2019-05-03 15:14:54.915,11101,11102,11102,12,12
2019-05-03 15:14:55.040,11101,11102,11102,15,15
2019-05-03 15:15:00.910,11102,11103,11102,1,-1
2019-05-03 15:15:01.167,11102,11103,11103,1,1
2019-05-03 15:15:02.195,11102,11103,11102,8,-8
2019-05-03 15:15:02.198,11102,11103,11103,1,1
2019-05-03 15:15:05.156,11102,11103,11103,5,5
2019-05-03 15:15:06.808,11102,11103,11102,1,-1
2019-05-03 15:15:10.868,11102,11103,11102,1,-1
2019-05-03 15:15:14.687,11102,11103,11102,1,-1
2019-05-03 15:15:18.428,11102,11103,11103,1,1
2019-05-03 15:15:23.633,11102,11103,11102,5,-5
2019-05-03 15:15:29.683,11102,11103,11103,17,17
2019-05-03 15:15:31.222,11102,11103,11102,10,-10
2019-05-03 15:15:37.688,11102,11103,11102,1,-1
2019-05-03 15:15:37.728,11102,11103,11103,13,13
2019-05-03 15:15:37.792,11102,11103,11103,1,1
2019-05-03 15:15:39.658,11103,11104,11104,2,2
2019-05-03 15:15:39.684,11103,11104,11104,1,1
2019-05-03 15:15:39.694,11103,11104,11104,1,1
2019-05-03 15:15:42.032,11103,11104,11104,1,1
2019-05-03 15:15:49.912,11103,11104,11104,1,1
2019-05-03 15:15:50.356,11103,11104,11104,11,11
2019-05-03 15:15:51.093,11104,11105,11104,1,-1
2019-05-03 15:15:54.280,11104,11105,11105,1,1
2019-05-03 15:15:54.315,11104,11105,11105,1,1
2019-05-03 15:15:54.405,11104,11105,11104,2,-2
2019-05-03 15:15:54.445,11104,11105,11105,1,1
2019-05-03 15:15:54.703,11104,11105,11105,12,12
2019-05-03 15:15:56.168,11104,11105,11104,25,-25
2019-05-03 15:16:00.619,11103,11104,11103,2,-2
2019-05-03 15:16:03.488,11102,11103,11103,1,1
2019-05-03 15:16:05.545,11102,11103,11103,1,1
2019-05-03 15:16:10.546,11102,11103,11102,20,-20
2019-05-03 15:16:14.431,11102,11103,11103,1,1
2019-05-03 15:16:15.198,11102,11103,11103,1,1
2019-05-03 15:16:26.574,11102,11103,11103,1,1
2019-05-03 15:16:26.667,11102,11103,11103,2,2
2019-05-03 15:16:30.493,11102,11103,11103,1,1
2019-05-03 15:16:33.796,11103,11104,11104,3,3
2019-05-03 15:16:39.313,11103,11104,11104,1,1
2019-05-03 15:16:42.597,11103,11104,11104,5,5
2019-05-03 15:16:49.196,11103,11104,11104,3,3
2019-05-03 15:16:49.920,11103,11104,11103,1,-1
2019-05-03 15:16:50.055,11103,11104,11104,5,5
2019-05-03 15:16:54.477,11103,11104,11104,1,1
2019-05-03 15:16:55.713,11103,11104,11104,1,1
2019-05-03 15:17:01.175,11103,11104,11104,1,1
2019-05-03 15:17:02.483,11103,11104,11103,6,-6
2019-05-03 15:17:06.470,11103,11104,11104,1,1
2019-05-03 15:17:24.975,11103,11104,11104,1,1
2019-05-03 15:17:29.943,11103,11104,11104,1,1
2019-05-03 15:17:31.027,11103,11104,11103,1,-1
2019-05-03 15:17:32.266,11103,11104,11104,1,1
2019-05-03 15:17:33.946,11103,11104,11103,3,-3
2019-05-03 15:17:34.353,11103,11104,11103,1,-1
2019-05-03 15:17:34.807,11103,11104,11104,1,1
2019-05-03 15:17:36.417,11103,11104,11104,1,1
2019-05-03 15:17:36.471,11103,11104,11103,1,-1
2019-05-03 15:17:49.812,11103,11104,11104,1,1
2019-05-03 15:18:03.925,11103,11104,11104,1,1
2019-05-03 15:18:13.200,11103,11104,11104,3,3
2019-05-03 15:18:25.265,11103,11104,11104,1,1
2019-05-03 15:18:41.886,11103,11104,11104,2,2
2019-05-03 15:18:46.839,11103,11104,11104,1,1
2019-05-03 15:18:49.096,11103,11104,11104,1,1
2019-05-03 15:18:54.638,11103,11104,11103,1,-1
2019-05-03 15:19:02.716,11103,11104,11103,10,-10
2019-05-03 15:19:02.903,11103,11104,11103,10,-10
2019-05-03 15:19:02.915,11103,11104,11103,1,-1
2019-05-03 15:19:02.915,11103,11104,11103,1,-1
2019-05-03 15:19:04.821,11103,11104,11103,1,-1
2019-05-03 15:19:04.821,11103,11104,11103,1,-1
2019-05-03 15:19:04.822,11103,11104,11103,1,-1
2019-05-03 15:19:04.822,11103,11104,11103,1,-1
2019-05-03 15:19:04.915,11103,11104,11103,1,-1
2019-05-03 15:19:04.915,11103,11104,11103,1,-1
2019-05-03 15:19:12.094,11102,11103,11102,3,-3
2019-05-03 15:19:18.850,11102,11103,11102,6,-6
2019-05-03 15:19:20.659,11102,11103,11102,1,-1
2019-05-03 15:19:24.396,11102,11103,11102,9,-9
2019-05-03 15:19:28.034,11101,11102,11101,2,-2
2019-05-03 15:19:28.342,11101,11102,11101,2,-2
2019-05-03 15:19:28.446,11101,11102,11101,2,-2
2019-05-03 15:19:29.124,11101,11102,11101,2,-2
2019-05-03 15:19:30.810,11101,11102,11102,2,2
2019-05-03 15:19:32.306,11101,11102,11102,1,1
2019-05-03 15:19:34.539,11101,11102,11101,1,-1
2019-05-03 15:19:37.660,11101,11102,11101,1,-1
2019-05-03 15:19:39.739,11101,11102,11101,5,-5
2019-05-03 15:19:39.790,11100,11101,11101,1,1
2019-05-03 15:19:47.473,11100,11101,11101,1,1
2019-05-03 15:19:55.492,11100,11101,11101,1,1
2019-05-03 15:19:58.416,11100,11101,11101,1,1
2019-05-03 15:20:01.904,11100,11101,11100,1,-1
2019-05-03 15:20:01.994,11100,11101,11100,2,-2
2019-05-03 15:20:02.176,11100,11101,11101,1,1
2019-05-03 15:20:03.182,11100,11101,11101,1,1
2019-05-03 15:20:07.237,11100,11101,11101,1,1
2019-05-03 15:20:16.068,11100,11101,11100,1,-1
2019-05-03 15:20:22.431,11100,11101,11100,1,-1
2019-05-03 15:20:26.011,11100,11101,11100,2,-2
2019-05-03 15:20:40.806,11100,11101,11101,1,1
2019-05-03 15:20:55.499,11100,11101,11101,1,1
2019-05-03 15:21:00.430,11100,11101,11101,16,16
2019-05-03 15:21:00.478,11100,11101,11101,1,1
2019-05-03 15:21:03.677,11101,11102,11102,1,1
2019-05-03 15:21:06.047,11101,11102,11102,2,2
2019-05-03 15:21:06.047,11101,11102,11102,1,1
2019-05-03 15:21:06.047,11101,11102,11102,1,1
2019-05-03 15:21:07.435,11102,11103,11102,2,-2
2019-05-03 15:21:09.778,11102,11103,11102,4,-4
2019-05-03 15:21:13.006,11102,11103,11102,2,-2
2019-05-03 15:21:14.635,11102,11103,11102,1,-1
2019-05-03 15:21:27.784,11101,11102,11101,1,-1
2019-05-03 15:21:32.925,11100,11101,11101,1,1
2019-05-03 15:21:34.551,11100,11101,11100,7,-7
2019-05-03 15:22:03.989,11100,11101,11100,2,-2
2019-05-03 15:22:11.044,11100,11101,11100,1,-1
2019-05-03 15:22:11.972,11100,11101,11100,6,-6
2019-05-03 15:22:18.345,11100,11101,11100,1,-1
2019-05-03 15:22:55.792,11100,11101,11101,1,1
2019-05-03 15:23:13.799,11100,11101,11101,1,1
2019-05-03 15:23:15.607,11100,11101,11100,3,-3
2019-05-03 15:23:15.796,11100,11101,11101,11,11
2019-05-03 15:23:20.511,11100,11101,11101,1,1
2019-05-03 15:23:22.113,11100,11101,11101,2,2
2019-05-03 15:23:24.646,11100,11101,11101,1,1
2019-05-03 15:23:27.238,11101,11102,11101,1,-1
2019-05-03 15:23:29.003,11101,11102,11101,2,-2
2019-05-03 15:23:33.332,11101,11102,11101,2,-2
2019-05-03 15:23:40.918,11101,11102,11101,1,-1
2019-05-03 15:23:44.684,11100,11101,11101,2,2
2019-05-03 15:23:50.872,11100,11101,11101,1,1
2019-05-03 15:23:52.429,11101,11102,11101,1,-1
2019-05-03 15:23:53.423,11100,11101,11101,1,1
2019-05-03 15:23:54.802,11101,11102,11101,2,-2
2019-05-03 15:23:55.356,11101,11102,11101,1,-1
2019-05-03 15:24:12.310,11100,11101,11100,2,-2
2019-05-03 15:24:22.685,11100,11101,11101,1,1
2019-05-03 15:24:38.430,11100,11101,11101,1,1
2019-05-03 15:24:41.559,11100,11101,11101,1,1
2019-05-03 15:24:44.790,11100,11101,11101,1,1
2019-05-03 15:25:01.627,11101,11102,11101,2,-2
2019-05-03 15:25:04.570,11101,11102,11101,3,-3
2019-05-03 15:25:06.061,11100,11101,11100,2,-2
2019-05-03 15:25:06.506,11100,11101,11100,2,-2
2019-05-03 15:25:16.293,11100,11101,11100,10,-10
2019-05-03 15:25:16.415,11100,11101,11100,27,-27
2019-05-03 15:25:16.415,11100,11101,11100,2,-2
2019-05-03 15:25:16.540,11100,11101,11100,6,-6
2019-05-03 15:25:19.292,11099,11100,11099,23,-23
2019-05-03 15:25:21.491,11098,11099,11098,1,-1
2019-05-03 15:25:33.205,11098,11099,11098,1,-1
2019-05-03 15:25:41.757,11098,11099,11098,1,-1
2019-05-03 15:25:56.790,11098,11099,11099,9,9
2019-05-03 15:26:00.463,11099,11100,11099,1,-1
2019-05-03 15:26:00.843,11099,11100,11100,2,2
2019-05-03 15:26:00.856,11099,11100,11101,3,3
2019-05-03 15:26:01.301,11100,11101,11101,1,1
2019-05-03 15:26:02.086,11100,11101,11100,1,-1
2019-05-03 15:26:49.199,11100,11101,11100,1,-1
2019-05-03 15:26:57.168,11100,11101,11101,1,1
2019-05-03 15:27:09.835,11100,11101,11100,1,-1
2019-05-03 15:27:33.668,11100,11101,11101,3,3
2019-05-03 15:27:57.449,11100,11101,11101,9,9
2019-05-03 15:28:05.781,11101,11102,11102,5,5
2019-05-03 15:28:13.348,11101,11102,11101,1,-1
2019-05-03 15:28:32.018,11101,11102,11101,1,-1
2019-05-03 15:28:53.157,11101,11102,11102,10,10
2019-05-03 15:28:53.600,11101,11102,11101,1,-1
2019-05-03 15:28:57.258,11101,11102,11102,1,1
2019-05-03 15:28:57.778,11101,11102,11102,1,1
2019-05-03 15:28:57.778,11101,11102,11102,1,1
2019-05-03 15:28:57.790,11101,11102,11102,1,1
2019-05-03 15:28:57.792,11101,11102,11102,7,7
2019-05-03 15:28:59.320,11102,11103,11102,1,-1
2019-05-03 15:29:00.802,11102,11103,11103,2,2
2019-05-03 15:29:00.947,11102,11103,11103,1,1
2019-05-03 15:29:11.113,11102,11103,11102,2,-2
2019-05-03 15:29:18.027,11102,11103,11103,1,1
2019-05-03 15:29:26.129,11102,11103,11102,1,-1
2019-05-03 15:29:29.069,11102,11103,11103,1,1
2019-05-03 15:29:38.288,11102,11103,11103,1,1
2019-05-03 15:29:49.475,11102,11103,11102,10,-10
2019-05-03 15:29:50.579,11102,11103,11103,2,2
2019-05-03 15:29:51.519,11102,11103,11103,1,1
2019-05-03 15:29:58.095,11102,11103,11103,1,1
2019-05-03 15:30:19.393,11102,11103,11103,1,1
2019-05-03 15:30:19.814,11102,11103,11103,2,2
2019-05-03 15:30:19.872,11102,11103,11103,2,2
2019-05-03 15:30:21.090,11102,11103,11102,1,-1
2019-05-03 15:30:21.205,11102,11103,11103,1,1
2019-05-03 15:30:21.695,11102,11103,11103,1,1
2019-05-03 15:30:24.630,11102,11103,11103,2,2
2019-05-03 15:30:27.596,11102,11103,11103,1,1
2019-05-03 15:30:35.674,11102,11103,11103,1,1
2019-05-03 15:30:42.513,11102,11103,11103,1,1
2019-05-03 15:30:50.868,11102,11103,11103,1,1
2019-05-03 15:30:50.868,11102,11103,11103,2,2
2019-05-03 15:30:50.899,11102,11103,11103,1,1
2019-05-03 15:30:52.867,11103,11104,11103,1,-1
2019-05-03 15:31:05.043,11103,11104,11104,1,1
2019-05-03 15:31:09.450,11103,11104,11104,1,1
2019-05-03 15:31:45.117,11103,11104,11104,1,1
2019-05-03 15:31:53.371,11103,11104,11104,1,1
2019-05-03 15:31:54.899,11103,11104,11103,2,-2
2019-05-03 15:31:58.223,11103,11104,11103,1,-1
2019-05-03 15:32:04.542,11103,11104,11103,1,-1
2019-05-03 15:32:05.970,11103,11104,11103,2,-2
2019-05-03 15:32:06.040,11103,11104,11103,1,-1
2019-05-03 15:32:11.243,11103,11104,11103,1,-1
2019-05-03 15:32:11.290,11103,11104,11103,1,-1
2019-05-03 15:32:13.041,11103,11104,11103,1,-1
2019-05-03 15:32:14.373,11103,11104,11103,1,-1
2019-05-03 15:32:26.925,11103,11104,11103,1,-1
2019-05-03 15:32:34.865,11103,11104,11103,1,-1
2019-05-03 15:32:34.915,11103,11104,11103,1,-1
2019-05-03 15:32:35.790,11103,11104,11103,1,-1
2019-05-03 15:32:39.434,11103,11104,11103,1,-1
2019-05-03 15:32:41.463,11103,11104,11103,1,-1
2019-05-03 15:32:51.385,11102,11103,11102,1,-1
2019-05-03 15:33:03.080,11102,11103,11103,3,3
2019-05-03 15:33:03.081,11102,11103,11103,1,1
2019-05-03 15:33:08.952,11103,11104,11103,1,-1
2019-05-03 15:33:16.142,11103,11104,11103,1,-1
2019-05-03 15:33:16.901,11103,11104,11103,1,-1
2019-05-03 15:33:29.549,11102,11103,11103,1,1
2019-05-03 15:33:38.119,11102,11103,11103,1,1
2019-05-03 15:33:39.237,11102,11103,11102,3,-3
2019-05-03 15:33:41.206,11102,11103,11103,1,1
2019-05-03 15:33:41.871,11102,11103,11103,1,1
2019-05-03 15:33:46.213,11102,11103,11103,1,1
2019-05-03 15:33:49.454,11103,11104,11103,1,-1
2019-05-03 15:34:08.544,11103,11104,11103,1,-1
2019-05-03 15:34:18.950,11103,11104,11104,15,15
2019-05-03 15:34:20.952,11103,11104,11104,1,1
2019-05-03 15:34:23.101,11103,11104,11104,6,6
2019-05-03 15:34:24.902,11103,11104,11104,1,1
2019-05-03 15:34:27.066,11103,11104,11104,1,1
2019-05-03 15:34:27.477,11103,11104,11104,1,1
2019-05-03 15:34:33.492,11104,11105,11104,1,-1
2019-05-03 15:34:39.127,11104,11105,11105,10,10
2019-05-03 15:34:39.202,11104,11105,11105,1,1
2019-05-03 15:34:39.212,11104,11105,11105,2,2
2019-05-03 15:34:39.260,11104,11105,11105,2,2
2019-05-03 15:34:39.623,11104,11105,11105,1,1
2019-05-03 15:34:39.623,11104,11105,11106,7,7
2019-05-03 15:34:39.758,11104,11106,11106,1,1
2019-05-03 15:34:39.960,11104,11105,11105,1,1
2019-05-03 15:34:40.040,11104,11105,11105,1,1
2019-05-03 15:34:40.067,11104,11105,11106,2,2
2019-05-03 15:34:40.226,11104,11106,11106,1,1
2019-05-03 15:34:40.395,11104,11106,11106,2,2
2019-05-03 15:34:40.423,11104,11106,11106,6,6
2019-05-03 15:34:44.632,11105,11106,11105,1,-1
2019-05-03 15:34:44.632,11105,11106,11105,1,-1
2019-05-03 15:34:44.790,11104,11105,11104,2,-2
2019-05-03 15:34:44.790,11104,11105,11104,5,-5
2019-05-03 15:34:44.790,11104,11105,11104,5,-5
2019-05-03 15:34:44.791,11104,11105,11104,1,-1
2019-05-03 15:34:44.791,11104,11105,11104,1,-1
2019-05-03 15:34:44.903,11104,11105,11103,10,-10
2019-05-03 15:34:44.919,11103,11104,11104,2,2
2019-05-03 15:34:45.011,11103,11104,11103,2,-2
2019-05-03 15:34:45.013,11103,11104,11103,2,-2
2019-05-03 15:34:45.115,11103,11104,11103,1,-1
2019-05-03 15:34:45.118,11103,11104,11103,2,-2
2019-05-03 15:34:45.131,11103,11104,11103,2,-2
2019-05-03 15:34:45.132,11103,11104,11103,1,-1
2019-05-03 15:34:45.159,11103,11104,11103,3,-3
2019-05-03 15:34:45.161,11103,11104,11103,1,-1
2019-05-03 15:34:45.161,11103,11104,11102,2,-2
2019-05-03 15:34:45.166,11102,11104,11103,2,2
2019-05-03 15:34:45.205,11102,11104,11103,1,-1
2019-05-03 15:34:45.205,11102,11104,11103,1,-1
2019-05-03 15:34:48.153,11103,11104,11104,4,4
2019-05-03 15:34:48.423,11104,11105,11104,1,-1
2019-05-03 15:34:48.423,11104,11105,11103,1,-1
2019-05-03 15:34:56.779,11103,11104,11104,1,1
2019-05-03 15:35:08.105,11104,11105,11104,1,-1
2019-05-03 15:35:08.914,11104,11105,11105,1,1
2019-05-03 15:35:08.914,11104,11105,11105,1,1
2019-05-03 15:35:12.135,11104,11105,11105,9,9
2019-05-03 15:35:20.931,11104,11105,11105,1,1
2019-05-03 15:35:22.351,11104,11105,11105,2,2
2019-05-03 15:35:29.688,11104,11105,11104,2,-2
2019-05-03 15:35:35.066,11104,11105,11104,1,-1
2019-05-03 15:35:36.228,11104,11105,11104,1,-1
2019-05-03 15:35:37.881,11104,11105,11105,1,1
2019-05-03 15:35:38.721,11104,11105,11104,1,-1
2019-05-03 15:35:58.915,11104,11105,11105,1,1
2019-05-03 15:36:02.564,11104,11105,11104,8,-8
2019-05-03 15:36:02.749,11104,11105,11105,1,1
2019-05-03 15:36:02.807,11104,11105,11105,2,2
2019-05-03 15:36:09.038,11104,11105,11105,1,1
2019-05-03 15:36:09.341,11104,11105,11105,1,1
2019-05-03 15:36:09.347,11104,11105,11105,1,1
2019-05-03 15:36:09.379,11104,11105,11105,1,1
2019-05-03 15:36:14.071,11105,11106,11105,2,-2
2019-05-03 15:36:15.149,11105,11106,11105,1,-1
2019-05-03 15:36:17.017,11105,11106,11105,2,-2
2019-05-03 15:36:19.600,11105,11106,11105,5,-5
2019-05-03 15:36:24.328,11105,11106,11106,1,1
2019-05-03 15:36:25.022,11105,11106,11106,5,5
2019-05-03 15:36:26.093,11105,11106,11106,1,1
2019-05-03 15:36:38.274,11105,11106,11106,1,1
2019-05-03 15:36:50.665,11105,11106,11106,4,4
2019-05-03 15:36:55.022,11106,11107,11106,1,-1
2019-05-03 15:37:01.463,11106,11107,11106,1,-1
2019-05-03 15:37:02.394,11106,11107,11106,1,-1
2019-05-03 15:37:06.175,11105,11106,11106,2,2
2019-05-03 15:37:06.304,11105,11107,11105,1,-1
2019-05-03 15:37:06.311,11105,11107,11105,1,-1
2019-05-03 15:37:11.982,11105,11106,11106,1,1
2019-05-03 15:37:14.927,11105,11106,11106,1,1
2019-05-03 15:37:23.945,11105,11106,11105,2,-2
2019-05-03 15:37:32.709,11105,11106,11106,2,2
2019-05-03 15:37:32.709,11105,11106,11106,2,2
2019-05-03 15:37:32.709,11105,11106,11106,2,2
2019-05-03 15:37:35.447,11106,11107,11107,1,1
2019-05-03 15:37:35.743,11106,11107,11107,4,4
2019-05-03 15:37:36.041,11106,11107,11106,1,-1
2019-05-03 15:37:41.413,11106,11107,11106,1,-1
2019-05-03 15:37:41.710,11106,11107,11106,1,-1
2019-05-03 15:37:44.021,11106,11107,11107,5,5
2019-05-03 15:37:44.662,11106,11107,11107,1,1
2019-05-03 15:37:50.774,11106,11107,11107,1,1
2019-05-03 15:37:52.856,11106,11107,11106,1,-1
2019-05-03 15:37:52.889,11106,11107,11107,1,1
2019-05-03 15:37:53.589,11106,11107,11107,1,1
2019-05-03 15:37:56.589,11106,11107,11107,1,1
2019-05-03 15:37:57.968,11106,11107,11107,1,1
2019-05-03 15:38:01.286,11106,11107,11107,2,2
2019-05-03 15:38:01.605,11106,11107,11107,3,3
2019-05-03 15:38:01.666,11106,11107,11107,3,3
2019-05-03 15:38:01.691,11106,11107,11107,1,1
2019-05-03 15:38:01.724,11106,11107,11107,1,1
2019-05-03 15:38:01.739,11106,11107,11107,1,1
2019-05-03 15:38:01.743,11106,11107,11107,1,1
2019-05-03 15:38:01.759,11106,11107,11107,1,1
2019-05-03 15:38:01.760,11106,11107,11107,1,1
2019-05-03 15:38:01.780,11106,11107,11107,1,1
2019-05-03 15:38:01.790,11106,11107,11107,2,2
2019-05-03 15:38:01.790,11106,11107,11107,18,18
2019-05-03 15:38:01.835,11106,11107,11107,3,3
2019-05-03 15:38:01.838,11106,11107,11107,3,3
2019-05-03 15:38:01.853,11106,11107,11107,1,1
2019-05-03 15:38:01.915,11106,11107,11107,2,2
2019-05-03 15:38:02.104,11107,11108,11108,1,1
2019-05-03 15:38:02.148,11107,11108,11108,3,3
2019-05-03 15:38:02.612,11107,11108,11108,10,10
2019-05-03 15:38:02.711,11107,11108,11108,1,1
2019-05-03 15:38:02.722,11107,11108,11108,3,3
2019-05-03 15:38:02.790,11107,11108,11108,11,11
2019-05-03 15:38:02.915,11107,11108,11108,4,4
2019-05-03 15:38:02.915,11107,11108,11108,4,4
2019-05-03 15:38:03.040,11107,11108,11108,4,4
2019-05-03 15:38:03.040,11107,11108,11108,1,1
2019-05-03 15:38:03.040,11107,11108,11108,8,8
2019-05-03 15:38:04.750,11108,11109,11108,1,-1
2019-05-03 15:38:08.088,11107,11108,11108,1,1
2019-05-03 15:38:12.617,11107,11108,11108,1,1
2019-05-03 15:38:18.285,11107,11109,11108,1,-1
2019-05-03 15:38:18.439,11107,11108,11107,1,-1
2019-05-03 15:38:19.151,11107,11108,11108,3,3
2019-05-03 15:38:22.562,11108,11109,11108,1,-1
2019-05-03 15:38:22.658,11108,11109,11108,1,-1
2019-05-03 15:38:24.556,11108,11109,11108,1,-1
2019-05-03 15:38:25.850,11108,11109,11108,1,-1
2019-05-03 15:38:27.050,11108,11109,11108,20,-20
2019-05-03 15:38:28.294,11108,11109,11108,1,-1
2019-05-03 15:38:29.931,11108,11109,11108,1,-1
2019-05-03 15:38:30.722,11108,11109,11108,1,-1
2019-05-03 15:38:31.064,11108,11109,11109,1,1
2019-05-03 15:38:32.204,11108,11109,11108,1,-1
2019-05-03 15:38:34.184,11108,11109,11108,10,-10
2019-05-03 15:38:34.290,11108,11109,11108,2,-2
2019-05-03 15:38:35.084,11107,11108,11108,1,1
2019-05-03 15:38:35.820,11107,11108,11108,1,1
2019-05-03 15:38:36.205,11107,11108,11108,1,1
2019-05-03 15:38:42.284,11107,11108,11108,1,1
2019-05-03 15:38:42.336,11107,11108,11108,1,1
2019-05-03 15:38:45.673,11107,11108,11108,1,1
2019-05-03 15:38:47.575,11107,11108,11108,1,1
2019-05-03 15:38:52.072,11107,11108,11108,5,5
2019-05-03 15:39:00.493,11108,11109,11108,1,-1
2019-05-03 15:39:01.371,11108,11109,11109,1,1
2019-05-03 15:39:02.093,11108,11109,11108,1,-1
2019-05-03 15:39:07.993,11107,11108,11108,1,1
2019-05-03 15:39:13.904,11108,11109,11108,2,-2
2019-05-03 15:39:13.950,11108,11109,11108,1,-1
2019-05-03 15:39:17.380,11107,11108,11108,1,1
2019-05-03 15:39:17.872,11107,11108,11108,1,1
2019-05-03 15:39:25.613,11107,11108,11108,2,2
2019-05-03 15:39:28.435,11107,11108,11107,1,-1
2019-05-03 15:39:33.462,11107,11108,11107,2,-2
2019-05-03 15:39:34.078,11107,11108,11108,2,2
2019-05-03 15:39:38.090,11107,11108,11108,1,1
2019-05-03 15:39:38.415,11107,11108,11107,2,-2
2019-05-03 15:39:39.419,11107,11108,11108,1,1
2019-05-03 15:39:42.757,11107,11108,11108,1,1
2019-05-03 15:39:52.977,11107,11108,11108,2,2
2019-05-03 15:39:53.094,11107,11108,11108,1,1
2019-05-03 15:40:02.996,11108,11109,11108,1,-1
2019-05-03 15:40:03.146,11108,11109,11109,1,1
2019-05-03 15:40:06.043,11108,11109,11108,3,-3
2019-05-03 15:40:06.336,11108,11109,11109,1,1
2019-05-03 15:40:06.919,11108,11109,11109,1,1
2019-05-03 15:40:14.988,11108,11109,11109,1,1
2019-05-03 15:40:23.474,11108,11109,11108,1,-1
2019-05-03 15:40:28.121,11108,11109,11109,2,2
2019-05-03 15:40:31.629,11108,11109,11108,2,-2
2019-05-03 15:40:34.047,11108,11109,11109,1,1
2019-05-03 15:40:35.693,11108,11109,11109,1,1
2019-05-03 15:40:43.598,11108,11109,11108,2,-2
2019-05-03 15:40:51.611,11108,11109,11109,25,25
2019-05-03 15:40:53.611,11108,11109,11109,1,1
2019-05-03 15:40:54.179,11108,11109,11109,1,1
2019-05-03 15:40:56.322,11108,11109,11109,1,1
2019-05-03 15:40:56.464,11108,11109,11109,1,1
2019-05-03 15:40:57.587,11108,11109,11109,1,1
2019-05-03 15:40:58.049,11108,11109,11109,1,1
2019-05-03 15:40:58.426,11108,11109,11109,1,1
2019-05-03 15:40:59.435,11108,11109,11109,1,1
2019-05-03 15:40:59.872,11108,11109,11109,1,1
2019-05-03 15:41:01.668,11108,11109,11109,13,13
2019-05-03 15:41:03.110,11109,11110,11109,4,-4
2019-05-03 15:41:05.374,11109,11110,11109,1,-1
2019-05-03 15:41:08.909,11109,11110,11109,2,-2
2019-05-03 15:41:08.958,11109,11110,11110,1,1
2019-05-03 15:41:16.578,11109,11110,11109,1,-1
2019-05-03 15:41:17.826,11109,11110,11110,23,23
2019-05-03 15:41:17.917,11109,11110,11110,5,5
2019-05-03 15:41:18.040,11109,11110,11110,4,4
2019-05-03 15:41:18.040,11109,11110,11110,1,1
2019-05-03 15:41:18.040,11109,11110,11110,12,12
2019-05-03 15:41:18.040,11109,11110,11110,1,1
2019-05-03 15:41:18.040,11109,11110,11110,1,1
2019-05-03 15:41:18.257,11110,11111,11111,2,2
2019-05-03 15:41:18.395,11110,11111,11111,1,1
2019-05-03 15:41:20.633,11110,11111,11111,1,1
2019-05-03 15:41:21.542,11110,11111,11110,2,-2
2019-05-03 15:41:22.976,11110,11111,11111,1,1
2019-05-03 15:41:24.362,11110,11111,11111,2,2
2019-05-03 15:41:26.342,11110,11111,11110,10,-10
2019-05-03 15:41:26.458,11110,11111,11110,2,-2
2019-05-03 15:41:26.458,11110,11111,11110,3,-3
2019-05-03 15:41:26.540,11109,11110,11110,1,1
2019-05-03 15:41:26.623,11109,11110,11109,2,-2
2019-05-03 15:41:26.819,11109,11110,11109,2,-2
2019-05-03 15:41:26.849,11109,11110,11109,6,-6
2019-05-03 15:41:26.880,11109,11110,11109,2,-2
2019-05-03 15:41:27.783,11109,11110,11109,2,-2
2019-05-03 15:41:29.994,11109,11110,11110,2,2
2019-05-03 15:41:31.293,11109,11110,11110,1,1
2019-05-03 15:41:36.465,11109,11110,11110,2,2
2019-05-03 15:41:38.740,11109,11110,11110,2,2
2019-05-03 15:41:39.811,11109,11110,11110,2,2
2019-05-03 15:41:42.256,11109,11110,11110,1,1
2019-05-03 15:41:42.467,11109,11110,11109,1,-1
2019-05-03 15:41:43.535,11109,11110,11110,3,3
2019-05-03 15:41:44.542,11109,11110,11110,4,4
2019-05-03 15:41:45.470,11109,11111,11111,1,1
2019-05-03 15:41:46.476,11109,11110,11110,1,1
2019-05-03 15:41:46.699,11109,11110,11110,1,1
2019-05-03 15:41:47.380,11110,11111,11110,2,-2
2019-05-03 15:41:48.357,11110,11111,11111,1,1
2019-05-03 15:41:48.386,11110,11111,11110,2,-2
2019-05-03 15:41:49.631,11110,11111,11111,3,3
2019-05-03 15:41:51.371,11110,11111,11110,2,-2
2019-05-03 15:41:52.304,11110,11111,11110,5,-5
2019-05-03 15:41:52.540,11110,11111,11110,2,-2
2019-05-03 15:41:53.151,11110,11111,11110,1,-1
2019-05-03 15:41:53.287,11110,11111,11110,2,-2
2019-05-03 15:41:58.408,11109,11110,11110,2,2
2019-05-03 15:41:59.487,11109,11110,11110,1,1
2019-05-03 15:41:59.487,11109,11110,11111,19,19
2019-05-03 15:42:01.678,11110,11111,11110,2,-2
2019-05-03 15:42:01.790,11110,11111,11110,3,-3
2019-05-03 15:42:08.243,11109,11110,11110,2,2
2019-05-03 15:42:08.688,11109,11110,11110,1,1
2019-05-03 15:42:09.131,11109,11110,11110,6,6
2019-05-03 15:42:09.946,11110,11111,11111,1,1
2019-05-03 15:42:10.847,11110,11111,11110,1,-1
2019-05-03 15:42:11.996,11110,11111,11110,2,-2
2019-05-03 15:42:13.296,11110,11111,11111,2,2
2019-05-03 15:42:14.609,11110,11111,11111,1,1
2019-05-03 15:42:21.479,11110,11111,11110,1,-1
2019-05-03 15:42:22.073,11110,11111,11110,1,-1
2019-05-03 15:42:24.677,11110,11111,11111,1,1
2019-05-03 15:42:30.275,11110,11111,11111,2,2
2019-05-03 15:42:31.497,11110,11111,11111,24,24
2019-05-03 15:42:31.556,11111,11112,11111,2,-2
2019-05-03 15:42:34.325,11111,11112,11111,1,-1
2019-05-03 15:42:36.502,11111,11112,11111,3,-3
2019-05-03 15:42:38.657,11111,11112,11111,1,-1
2019-05-03 15:42:40.973,11111,11112,11112,2,2
2019-05-03 15:42:41.416,11111,11112,11112,1,1
2019-05-03 15:42:44.589,11111,11112,11112,1,1
2019-05-03 15:42:47.283,11111,11112,11111,1,-1
2019-05-03 15:42:48.321,11111,11112,11112,1,1
2019-05-03 15:42:48.629,11111,11112,11111,1,-1
2019-05-03 15:42:49.518,11111,11112,11112,2,2
2019-05-03 15:42:50.493,11111,11112,11112,1,1
2019-05-03 15:42:50.666,11111,11112,11111,1,-1
2019-05-03 15:42:51.688,11111,11112,11112,1,1
2019-05-03 15:43:00.313,11111,11112,11111,1,-1
2019-05-03 15:43:01.497,11111,11112,11112,4,4
2019-05-03 15:43:02.324,11111,11112,11111,2,-2
2019-05-03 15:43:08.469,11111,11112,11111,1,-1
2019-05-03 15:43:11.494,11111,11112,11112,2,2
2019-05-03 15:43:11.561,11111,11112,11112,1,1
2019-05-03 15:43:12.318,11111,11112,11112,1,1
2019-05-03 15:43:18.194,11111,11112,11112,1,1
2019-05-03 15:43:20.558,11111,11112,11112,5,5
2019-05-03 15:43:21.108,11111,11112,11111,5,-5
2019-05-03 15:43:21.510,11111,11112,11112,5,5
2019-05-03 15:43:24.118,11111,11112,11112,5,5
2019-05-03 15:43:24.165,11111,11112,11112,1,1
2019-05-03 15:43:24.165,11111,11112,11112,2,2
2019-05-03 15:43:24.209,11111,11112,11112,1,1
2019-05-03 15:43:24.290,11111,11112,11112,1,1
2019-05-03 15:43:24.290,11111,11112,11112,1,1
2019-05-03 15:43:24.291,11111,11112,11112,30,30
2019-05-03 15:43:24.877,11112,11113,11113,5,5
2019-05-03 15:43:24.946,11112,11113,11113,1,1
2019-05-03 15:43:25.181,11112,11113,11113,1,1
2019-05-03 15:43:25.469,11112,11113,11113,1,1
2019-05-03 15:43:25.489,11112,11113,11113,1,1
2019-05-03 15:43:25.588,11112,11113,11113,3,3
2019-05-03 15:43:28.504,11112,11113,11113,8,8
2019-05-03 15:43:29.639,11112,11113,11113,4,4
2019-05-03 15:43:29.717,11112,11113,11113,6,6
2019-05-03 15:43:29.719,11112,11113,11113,3,3
2019-05-03 15:43:29.719,11112,11113,11113,1,1
2019-05-03 15:43:29.807,11113,11114,11113,1,-1
2019-05-03 15:43:29.929,11112,11114,11114,1,1
2019-05-03 15:43:29.989,11112,11114,11114,1,1
2019-05-03 15:43:31.232,11112,11114,11114,5,5
2019-05-03 15:43:31.286,11112,11114,11114,1,1
2019-05-03 15:43:32.104,11113,11114,11113,2,-2
2019-05-03 15:43:33.513,11113,11114,11114,7,7
2019-05-03 15:43:33.519,11113,11114,11114,1,1
2019-05-03 15:43:34.576,11113,11114,11114,10,10
2019-05-03 15:43:35.847,11113,11114,11114,1,1
2019-05-03 15:43:38.725,11113,11114,11114,1,1
2019-05-03 15:43:39.784,11114,11115,11114,1,-1
2019-05-03 15:43:41.982,11114,11115,11114,1,-1
2019-05-03 15:43:42.205,11114,11115,11114,1,-1
2019-05-03 15:43:46.057,11114,11115,11114,5,-5
2019-05-03 15:43:47.552,11114,11115,11114,2,-2
2019-05-03 15:43:52.960,11114,11115,11115,2,2
2019-05-03 15:43:53.111,11114,11115,11115,2,2
2019-05-03 15:43:55.029,11114,11115,11115,1,1
2019-05-03 15:43:55.612,11114,11115,11115,4,4
2019-05-03 15:43:57.575,11114,11115,11115,1,1
2019-05-03 15:44:00.682,11114,11115,11115,1,1
2019-05-03 15:44:01.265,11114,11115,11115,2,2
2019-05-03 15:44:01.300,11114,11115,11115,1,1
2019-05-03 15:44:01.479,11114,11115,11115,1,1
2019-05-03 15:44:01.542,11114,11115,11114,2,-2
2019-05-03 15:44:01.542,11114,11115,11114,2,-2
2019-05-03 15:44:02.000,11114,11115,11115,1,1
2019-05-03 15:44:02.397,11114,11115,11115,1,1
2019-05-03 15:44:03.135,11114,11115,11115,1,1
2019-05-03 15:44:03.408,11114,11115,11115,1,1
2019-05-03 15:44:03.431,11114,11115,11115,1,1
2019-05-03 15:44:03.442,11114,11115,11115,1,1
2019-05-03 15:44:03.953,11114,11115,11114,4,-4
2019-05-03 15:44:04.311,11114,11115,11115,1,1
2019-05-03 15:44:04.937,11114,11115,11115,4,4
2019-05-03 15:44:05.196,11114,11115,11115,1,1
2019-05-03 15:44:05.936,11114,11115,11115,1,1
2019-05-03 15:44:07.130,11114,11115,11115,1,1
2019-05-03 15:44:07.307,11114,11115,11115,1,1
2019-05-03 15:44:07.327,11114,11115,11115,2,2
2019-05-03 15:44:07.854,11114,11115,11115,1,1
2019-05-03 15:44:07.973,11114,11115,11115,5,5
2019-05-03 15:44:08.040,11115,11116,11115,1,-1
2019-05-03 15:44:09.068,11115,11116,11115,1,-1
2019-05-03 15:44:09.176,11115,11116,11115,1,-1
2019-05-03 15:44:09.559,11115,11116,11115,5,-5
2019-05-03 15:44:09.586,11115,11116,11116,2,2
2019-05-03 15:44:09.779,11115,11116,11116,1,1
2019-05-03 15:44:09.879,11115,11116,11116,1,1
2019-05-03 15:44:09.969,11115,11116,11116,3,3
2019-05-03 15:44:09.981,11115,11116,11116,3,3
2019-05-03 15:44:10.876,11115,11116,11115,2,-2
2019-05-03 15:44:11.852,11115,11116,11115,1,-1
2019-05-03 15:44:20.609,11115,11116,11116,1,1
2019-05-03 15:44:21.740,11115,11116,11116,1,1
2019-05-03 15:44:22.031,11115,11116,11115,4,-4
2019-05-03 15:44:22.774,11115,11116,11115,1,-1
2019-05-03 15:44:25.568,11115,11116,11115,1,-1
2019-05-03 15:44:25.960,11115,11116,11116,1,1
2019-05-03 15:44:26.242,11115,11116,11115,1,-1
2019-05-03 15:44:30.485,11115,11116,11116,2,2
2019-05-03 15:44:30.800,11115,11116,11115,1,-1
2019-05-03 15:44:33.672,11115,11116,11116,11,11
2019-05-03 15:44:33.696,11115,11116,11117,1,1
2019-05-03 15:44:33.858,11116,11117,11116,6,-6
2019-05-03 15:44:34.052,11115,11116,11115,1,-1
2019-05-03 15:44:34.497,11115,11116,11116,1,1
2019-05-03 15:44:34.509,11115,11116,11115,1,-1
2019-05-03 15:44:39.769,11115,11116,11116,1,1
2019-05-03 15:44:39.920,11115,11116,11115,11,-11
2019-05-03 15:44:42.722,11115,11116,11116,5,5
2019-05-03 15:44:45.163,11115,11116,11116,1,1
2019-05-03 15:44:48.308,11115,11116,11116,1,1
2019-05-03 15:44:48.897,11115,11116,11116,4,4
2019-05-03 15:44:49.037,11116,11117,11116,1,-1
2019-05-03 15:44:52.021,11115,11117,11117,2,2
2019-05-03 15:44:56.656,11115,11117,11117,1,1
2019-05-03 15:44:58.448,11115,11116,11116,1,1
2019-05-03 15:44:58.583,11116,11117,11116,1,-1
2019-05-03 15:44:58.849,11116,11117,11116,1,-1
2019-05-03 15:45:01.213,11115,11116,11116,1,1
2019-05-03 15:45:01.599,11116,11117,11116,1,-1
2019-05-03 15:45:01.687,11115,11116,11116,1,1
2019-05-03 15:45:01.687,11115,11116,11116,1,1
2019-05-03 15:45:03.474,11116,11117,11116,2,-2
2019-05-03 15:45:06.786,11116,11117,11116,1,-1
2019-05-03 15:45:06.975,11116,11117,11116,2,-2
2019-05-03 15:45:08.229,11115,11116,11116,1,1
2019-05-03 15:45:11.349,11115,11116,11116,2,2
2019-05-03 15:45:18.161,11116,11117,11116,1,-1
2019-05-03 15:45:19.710,11116,11117,11116,1,-1
2019-05-03 15:45:22.481,11116,11117,11116,1,-1
2019-05-03 15:45:23.425,11116,11117,11117,1,1
2019-05-03 15:45:26.893,11116,11117,11116,1,-1
2019-05-03 15:45:26.899,11116,11117,11116,1,-1
2019-05-03 15:45:26.908,11116,11117,11116,1,-1
2019-05-03 15:45:26.912,11116,11117,11116,1,-1
2019-05-03 15:45:27.197,11116,11117,11117,4,4
2019-05-03 15:45:27.968,11116,11117,11116,1,-1
2019-05-03 15:45:28.833,11116,11117,11116,1,-1
2019-05-03 15:45:37.793,11116,11117,11117,20,20
2019-05-03 15:45:37.897,11116,11117,11117,1,1
2019-05-03 15:45:38.176,11117,11118,11118,4,4
2019-05-03 15:45:38.350,11117,11118,11117,6,-6
2019-05-03 15:45:38.398,11117,11118,11117,1,-1
2019-05-03 15:45:38.774,11116,11117,11118,1,1
2019-05-03 15:45:41.735,11116,11118,11118,1,1
2019-05-03 15:45:41.934,11116,11118,11116,2,-2
2019-05-03 15:45:42.007,11116,11118,11118,1,1
2019-05-03 15:45:48.826,11117,11118,11118,1,1
2019-05-03 15:45:50.837,11117,11118,11118,1,1
2019-05-03 15:45:52.761,11117,11118,11118,1,1
2019-05-03 15:45:54.981,11117,11118,11118,1,1
2019-05-03 15:45:55.867,11117,11118,11118,5,5
2019-05-03 15:45:57.999,11117,11118,11117,1,-1
2019-05-03 15:45:58.949,11117,11118,11117,10,-10
2019-05-03 15:45:59.040,11117,11118,11117,4,-4
2019-05-03 15:46:00.666,11116,11117,11116,5,-5
2019-05-03 15:46:00.790,11116,11117,11116,23,-23
2019-05-03 15:46:00.915,11116,11117,11116,8,-8
2019-05-03 15:46:02.759,11115,11116,11115,10,-10
2019-05-03 15:46:03.173,11115,11116,11115,28,-28
2019-05-03 15:46:03.631,11114,11115,11115,1,1
2019-05-03 15:46:04.653,11114,11115,11115,1,1
2019-05-03 15:46:05.224,11114,11115,11114,1,-1
2019-05-03 15:46:05.585,11114,11115,11114,3,-3
2019-05-03 15:46:05.590,11114,11115,11114,3,-3
2019-05-03 15:46:05.595,11114,11115,11114,1,-1
2019-05-03 15:46:05.600,11114,11115,11114,2,-2
2019-05-03 15:46:06.030,11114,11115,11114,1,-1
2019-05-03 15:46:07.392,11114,11115,11115,4,4
2019-05-03 15:46:08.840,11114,11115,11115,1,1
2019-05-03 15:46:10.385,11114,11115,11114,2,-2
2019-05-03 15:46:11.537,11114,11115,11114,1,-1
2019-05-03 15:46:11.718,11114,11115,11114,1,-1
2019-05-03 15:46:12.369,11114,11115,11114,1,-1
2019-05-03 15:46:12.369,11114,11115,11113,1,-1
2019-05-03 15:46:12.722,11113,11115,11114,5,5
2019-05-03 15:46:12.722,11113,11115,11113,1,-1
2019-05-03 15:46:12.750,11113,11115,11113,1,-1
2019-05-03 15:46:13.448,11113,11115,11113,1,-1
2019-05-03 15:46:13.628,11113,11115,11113,1,-1
2019-05-03 15:46:16.771,11113,11114,11113,1,-1
2019-05-03 15:46:17.032,11113,11114,11114,1,1
2019-05-03 15:46:17.334,11113,11114,11114,4,4
2019-05-03 15:46:17.742,11113,11114,11113,1,-1
2019-05-03 15:46:18.305,11113,11114,11114,1,1
2019-05-03 15:46:18.503,11114,11115,11114,1,-1
2019-05-03 15:46:20.216,11113,11114,11114,2,2
2019-05-03 15:46:21.600,11113,11114,11113,29,-29
2019-05-03 15:46:21.601,11113,11114,11113,1,-1
2019-05-03 15:46:22.290,11112,11113,11112,2,-2
2019-05-03 15:46:22.509,11112,11113,11112,2,-2
2019-05-03 15:46:23.944,11112,11113,11112,1,-1
2019-05-03 15:46:26.275,11112,11113,11112,1,-1
2019-05-03 15:46:26.771,11112,11113,11112,2,-2
2019-05-03 15:46:27.786,11112,11113,11112,25,-25
2019-05-03 15:46:27.790,11111,11112,11112,5,5
2019-05-03 15:46:29.157,11112,11113,11112,1,-1
2019-05-03 15:46:29.334,11112,11113,11112,1,-1
2019-05-03 15:46:29.415,11111,11112,11112,1,1
2019-05-03 15:46:29.827,11112,11113,11112,1,-1
2019-05-03 15:46:33.374,11111,11112,11112,1,1
2019-05-03 15:46:34.484,11111,11112,11112,1,1
2019-05-03 15:46:34.653,11111,11112,11111,30,-30
2019-05-03 15:46:34.953,11111,11112,11112,1,1
2019-05-03 15:46:35.215,11111,11112,11112,1,1
2019-05-03 15:46:42.413,11111,11112,11112,1,1
2019-05-03 15:46:44.872,11111,11112,11111,1,-1
2019-05-03 15:46:45.892,11111,11112,11111,1,-1
2019-05-03 15:46:46.419,11111,11112,11112,1,1
2019-05-03 15:46:50.296,11111,11112,11112,1,1
2019-05-03 15:46:51.294,11111,11112,11112,2,2
2019-05-03 15:46:51.294,11111,11112,11112,3,3
2019-05-03 15:46:51.294,11111,11112,11112,2,2
2019-05-03 15:46:51.294,11111,11112,11112,4,4
2019-05-03 15:46:51.294,11111,11112,11112,3,3
2019-05-03 15:46:51.705,11112,11113,11112,1,-1
2019-05-03 15:46:52.325,11112,11113,11112,2,-2
2019-05-03 15:46:53.018,11112,11113,11112,9,-9
2019-05-03 15:46:57.916,11112,11113,11112,1,-1
2019-05-03 15:46:58.806,11112,11113,11112,2,-2
2019-05-03 15:47:09.448,11111,11112,11112,1,1
2019-05-03 15:47:11.229,11111,11112,11112,1,1
2019-05-03 15:47:12.950,11111,11112,11112,1,1
2019-05-03 15:47:13.030,11111,11112,11112,1,1
2019-05-03 15:47:13.058,11111,11112,11112,3,3
2019-05-03 15:47:15.834,11111,11112,11112,1,1
2019-05-03 15:47:20.380,11111,11112,11112,1,1
2019-05-03 15:47:22.002,11111,11112,11112,3,3
2019-05-03 15:47:24.143,11111,11112,11112,7,7
2019-05-03 15:47:24.165,11111,11112,11112,2,2
2019-05-03 15:47:24.165,11111,11112,11112,2,2
2019-05-03 15:47:24.644,11112,11113,11112,2,-2
2019-05-03 15:47:25.193,11112,11113,11112,1,-1
2019-05-03 15:47:31.806,11112,11113,11113,1,1
2019-05-03 15:47:31.852,11112,11113,11112,1,-1
2019-05-03 15:47:34.456,11112,11113,11112,1,-1
2019-05-03 15:47:34.975,11112,11113,11113,1,1
2019-05-03 15:47:37.462,11112,11113,11113,2,2
2019-05-03 15:47:39.694,11112,11113,11113,12,12
2019-05-03 15:47:45.964,11113,11114,11113,1,-1
2019-05-03 15:47:46.002,11113,11114,11113,2,-2
2019-05-03 15:47:48.956,11113,11114,11113,1,-1
2019-05-03 15:47:54.019,11113,11114,11114,1,1
2019-05-03 15:47:56.147,11113,11114,11114,10,10
2019-05-03 15:48:00.323,11113,11114,11114,1,1
2019-05-03 15:48:06.624,11113,11114,11114,2,2
2019-05-03 15:48:10.937,11113,11114,11114,1,1
2019-05-03 15:48:12.102,11113,11114,11114,1,1
2019-05-03 15:48:16.924,11113,11114,11113,1,-1
2019-05-03 15:48:18.920,11113,11114,11114,1,1
2019-05-03 15:48:23.894,11113,11114,11113,1,-1
2019-05-03 15:48:24.932,11113,11114,11114,1,1
2019-05-03 15:48:30.173,11113,11114,11114,1,1
2019-05-03 15:48:31.990,11113,11114,11113,2,-2
2019-05-03 15:48:41.926,11113,11114,11114,2,2
2019-05-03 15:48:49.082,11113,11114,11113,1,-1
2019-05-03 15:48:52.553,11113,11114,11114,1,1
2019-05-03 15:48:55.728,11113,11114,11113,1,-1
2019-05-03 15:49:01.860,11113,11114,11113,1,-1
2019-05-03 15:49:09.666,11113,11114,11114,2,2
2019-05-03 15:49:12.727,11113,11114,11113,1,-1
2019-05-03 15:49:19.159,11113,11114,11113,5,-5
2019-05-03 15:49:24.526,11113,11114,11113,10,-10
2019-05-03 15:49:25.770,11113,11114,11113,1,-1
2019-05-03 15:49:36.689,11113,11114,11114,1,1
2019-05-03 15:49:38.002,11113,11114,11114,2,2
2019-05-03 15:49:40.188,11113,11114,11114,5,5
2019-05-03 15:49:45.811,11113,11114,11113,2,-2
2019-05-03 15:49:59.290,11113,11114,11114,2,2
2019-05-03 15:49:59.415,11113,11114,11114,6,6
2019-05-03 15:49:59.456,11113,11114,11114,8,8
2019-05-03 15:49:59.489,11113,11114,11114,1,1
2019-05-03 15:49:59.492,11113,11114,11114,1,1
2019-05-03 15:49:59.540,11113,11114,11114,3,3
2019-05-03 15:49:59.540,11113,11114,11114,1,1
2019-05-03 15:50:00.313,11114,11115,11114,5,-5
2019-05-03 15:50:08.375,11114,11115,11114,1,-1
2019-05-03 15:50:16.079,11114,11115,11114,11,-11
2019-05-03 15:50:17.013,11114,11115,11114,1,-1
2019-05-03 15:50:21.497,11114,11115,11114,1,-1
2019-05-03 15:50:37.960,11114,11115,11115,3,3
2019-05-03 15:50:42.752,11114,11115,11115,1,1
2019-05-03 15:50:46.503,11114,11115,11115,3,3
2019-05-03 15:50:47.602,11114,11115,11115,1,1
2019-05-03 15:50:49.070,11114,11115,11115,1,1
2019-05-03 15:50:50.720,11114,11115,11114,1,-1
2019-05-03 15:51:28.195,11114,11115,11115,6,6
2019-05-03 15:51:44.131,11114,11115,11115,1,1
2019-05-03 15:51:45.289,11114,11115,11114,1,-1
2019-05-03 15:51:51.639,11114,11115,11114,1,-1
2019-05-03 15:51:52.302,11114,11115,11114,1,-1
2019-05-03 15:51:55.350,11114,11115,11114,1,-1
2019-05-03 15:51:56.652,11114,11115,11114,4,-4
2019-05-03 15:52:00.115,11114,11115,11114,1,-1
2019-05-03 15:52:01.194,11114,11115,11114,14,-14
2019-05-03 15:52:07.502,11113,11114,11114,2,2
2019-05-03 15:52:16.512,11113,11114,11114,1,1
2019-05-03 15:52:20.507,11113,11114,11114,5,5
2019-05-03 15:52:28.736,11113,11114,11113,3,-3
2019-05-03 15:52:41.159,11113,11114,11113,13,-13
2019-05-03 15:52:41.165,11113,11114,11113,1,-1
2019-05-03 15:52:41.290,11113,11114,11113,7,-7
2019-05-03 15:52:41.727,11112,11113,11112,1,-1
2019-05-03 15:52:42.114,11112,11113,11113,1,1
2019-05-03 15:52:43.113,11112,11113,11113,1,1
2019-05-03 15:52:43.515,11112,11113,11112,1,-1
2019-05-03 15:52:51.711,11112,11113,11113,4,4
2019-05-03 15:52:55.620,11112,11113,11113,2,2
2019-05-03 15:53:04.422,11112,11113,11112,1,-1
2019-05-03 15:53:06.934,11112,11113,11112,1,-1
2019-05-03 15:53:15.418,11112,11113,11113,1,1
2019-05-03 15:53:27.865,11112,11113,11112,1,-1
2019-05-03 15:53:37.328,11112,11113,11112,1,-1
2019-05-03 15:53:42.263,11112,11113,11112,1,-1
2019-05-03 15:53:51.650,11112,11113,11113,1,1
2019-05-03 15:53:59.018,11112,11113,11113,1,1
2019-05-03 15:54:04.312,11112,11113,11113,1,1
2019-05-03 15:54:05.436,11112,11113,11112,1,-1
2019-05-03 15:54:11.533,11112,11113,11113,3,3
2019-05-03 15:54:15.573,11112,11113,11113,1,1
2019-05-03 15:54:21.808,11112,11113,11113,1,1
2019-05-03 15:54:22.454,11112,11113,11113,2,2
2019-05-03 15:54:25.904,11112,11113,11113,1,1
2019-05-03 15:54:25.905,11112,11113,11113,1,1
2019-05-03 15:54:25.905,11112,11113,11113,1,1
2019-05-03 15:54:35.119,11113,11114,11114,3,3
2019-05-03 15:55:05.479,11113,11114,11114,1,1
2019-05-03 15:55:07.629,11113,11114,11114,1,1
2019-05-03 15:55:13.499,11113,11114,11114,1,1
2019-05-03 15:55:17.755,11113,11114,11114,1,1
2019-05-03 15:55:21.764,11113,11114,11113,2,-2
2019-05-03 15:55:33.741,11113,11114,11113,26,-26
2019-05-03 15:55:40.104,11113,11114,11114,1,1
2019-05-03 15:55:55.354,11113,11114,11114,2,2
2019-05-03 15:55:56.543,11113,11114,11114,1,1
2019-05-03 15:55:59.566,11113,11114,11114,1,1
2019-05-03 15:55:59.649,11113,11114,11114,1,1
2019-05-03 15:56:06.878,11113,11114,11114,3,3
2019-05-03 15:56:09.926,11113,11114,11114,2,2
2019-05-03 15:56:10.582,11113,11114,11114,1,1
2019-05-03 15:56:20.812,11113,11115,11115,10,10
2019-05-03 15:56:29.031,11114,11115,11114,1,-1
2019-05-03 15:56:35.736,11114,11115,11114,1,-1
2019-05-03 15:56:44.766,11114,11115,11114,1,-1
2019-05-03 15:56:45.434,11114,11115,11115,10,10
2019-05-03 15:56:53.095,11114,11115,11115,1,1
2019-05-03 15:56:55.267,11114,11115,11115,2,2
2019-05-03 15:57:00.919,11114,11115,11115,1,1
2019-05-03 15:57:02.647,11114,11115,11115,1,1
2019-05-03 15:57:03.992,11114,11115,11115,13,13
2019-05-03 15:57:04.822,11115,11116,11115,1,-1
2019-05-03 15:57:08.971,11114,11115,11115,1,1
2019-05-03 15:57:12.291,11115,11116,11115,1,-1
2019-05-03 15:57:17.866,11114,11115,11115,1,1
2019-05-03 15:57:22.883,11114,11115,11115,1,1
2019-05-03 15:57:52.153,11115,11116,11116,2,2
2019-05-03 15:57:53.228,11115,11116,11116,1,1
2019-05-03 15:57:55.226,11115,11116,11116,1,1
2019-05-03 15:57:55.290,11115,11116,11116,11,11
2019-05-03 15:57:56.644,11116,11117,11116,1,-1
2019-05-03 15:57:57.245,11116,11117,11117,1,1
2019-05-03 15:57:59.148,11116,11117,11117,1,1
2019-05-03 15:58:01.571,11116,11117,11117,1,1
2019-05-03 15:58:03.341,11116,11117,11117,1,1
2019-05-03 15:58:05.136,11116,11117,11117,1,1
2019-05-03 15:58:05.286,11116,11117,11117,1,1
2019-05-03 15:58:07.083,11116,11117,11117,1,1
2019-05-03 15:58:08.123,11116,11117,11117,1,1
2019-05-03 15:58:09.320,11116,11117,11117,1,1
2019-05-03 15:58:11.733,11116,11117,11117,1,1
2019-05-03 15:58:13.672,11116,11117,11117,1,1
2019-05-03 15:58:14.619,11116,11117,11117,1,1
2019-05-03 15:58:17.243,11116,11117,11117,1,1
2019-05-03 15:58:21.104,11116,11117,11117,1,1
2019-05-03 15:58:24.014,11116,11117,11117,1,1
2019-05-03 15:58:26.425,11116,11117,11117,1,1
2019-05-03 15:58:28.864,11116,11117,11117,1,1
2019-05-03 15:58:35.022,11116,11117,11117,1,1
2019-05-03 15:58:37.719,11116,11117,11117,1,1
2019-05-03 15:58:44.262,11116,11117,11117,1,1
2019-05-03 15:58:45.762,11116,11117,11117,2,2
2019-05-03 15:58:49.946,11116,11117,11117,1,1
2019-05-03 15:58:50.163,11116,11117,11117,1,1
2019-05-03 15:58:50.810,11116,11117,11117,1,1
2019-05-03 15:58:51.004,11116,11117,11117,4,4
2019-05-03 15:58:53.292,11116,11117,11117,1,1
2019-05-03 15:59:08.217,11117,11118,11118,2,2
2019-05-03 15:59:08.505,11117,11118,11118,1,1
2019-05-03 15:59:08.783,11117,11118,11118,2,2
2019-05-03 15:59:09.377,11117,11118,11118,1,1
2019-05-03 15:59:09.971,11117,11118,11118,2,2
2019-05-03 15:59:09.978,11117,11118,11118,1,1
2019-05-03 15:59:12.012,11117,11118,11117,5,-5
2019-05-03 15:59:14.118,11117,11118,11118,8,8
2019-05-03 15:59:14.923,11117,11118,11118,1,1
2019-05-03 15:59:16.720,11117,11118,11118,5,5
2019-05-03 15:59:22.938,11117,11118,11118,1,1
2019-05-03 15:59:23.437,11117,11118,11117,1,-1
2019-05-03 15:59:33.283,11117,11118,11117,1,-1
2019-05-03 15:59:42.179,11117,11118,11117,1,-1
2019-05-03 15:59:42.771,11117,11118,11118,2,2
2019-05-03 15:59:50.054,11117,11118,11118,2,2
2019-05-03 15:59:53.941,11117,11118,11117,8,-8
2019-05-03 15:59:57.882,11117,11118,11118,2,2
2019-05-03 16:00:00.169,11117,11118,11117,3,-3
2019-05-03 16:00:00.436,11117,11118,11118,1,1
2019-05-03 16:00:00.541,11117,11118,11118,1,1
2019-05-03 16:00:00.559,11117,11118,11118,1,1
2019-05-03 16:00:02.963,11117,11118,11118,2,2
2019-05-03 16:00:03.436,11117,11118,11118,2,2
2019-05-03 16:00:03.446,11117,11118,11118,2,2
2019-05-03 16:00:03.453,11117,11118,11119,2,2
2019-05-03 16:00:04.767,11117,11119,11119,1,1
2019-05-03 16:00:06.517,11118,11119,11118,4,-4
2019-05-03 16:00:07.814,11118,11119,11118,2,-2
2019-05-03 16:00:16.889,11118,11119,11119,1,1
2019-05-03 16:00:21.049,11118,11119,11119,2,2
2019-05-03 16:00:21.292,11118,11119,11119,3,3
2019-05-03 16:00:25.562,11118,11119,11118,1,-1
2019-05-03 16:00:26.388,11118,11119,11119,1,1
2019-05-03 16:00:30.052,11118,11119,11119,2,2
2019-05-03 16:00:30.422,11118,11119,11119,2,2
2019-05-03 16:00:32.674,11118,11119,11119,1,1
2019-05-03 16:00:36.592,11118,11119,11119,1,1
2019-05-03 16:00:39.941,11118,11119,11119,1,1
2019-05-03 16:00:42.016,11118,11119,11119,1,1
2019-05-03 16:00:43.899,11118,11119,11119,1,1
2019-05-03 16:00:45.824,11118,11119,11119,2,2
2019-05-03 16:00:46.174,11118,11119,11119,2,2
2019-05-03 16:00:48.577,11118,11119,11119,2,2
2019-05-03 16:00:48.616,11118,11119,11119,1,1
2019-05-03 16:00:49.177,11118,11119,11119,1,1
2019-05-03 16:00:49.297,11118,11119,11119,4,4
2019-05-03 16:00:53.584,11119,11120,11119,1,-1
2019-05-03 16:01:04.692,11119,11120,11119,4,-4
2019-05-03 16:01:04.976,11119,11120,11120,3,3
2019-05-03 16:01:05.056,11118,11120,11120,3,3
2019-05-03 16:01:05.107,11118,11120,11120,1,1
2019-05-03 16:01:05.114,11118,11120,11120,1,1
2019-05-03 16:01:05.162,11118,11120,11120,1,1
2019-05-03 16:01:05.180,11119,11120,11120,1,1
2019-05-03 16:01:05.181,11119,11120,11120,3,3
2019-05-03 16:01:05.207,11119,11120,11120,1,1
2019-05-03 16:01:05.235,11119,11120,11120,1,1
2019-05-03 16:01:05.247,11119,11120,11120,1,1
2019-05-03 16:01:05.295,11119,11120,11120,1,1
2019-05-03 16:01:05.298,11119,11120,11120,3,3
2019-05-03 16:01:05.316,11119,11120,11120,1,1
2019-05-03 16:01:05.614,11119,11120,11120,3,3
2019-05-03 16:01:05.783,11119,11120,11120,1,1
2019-05-03 16:01:06.125,11119,11120,11120,3,3
2019-05-03 16:01:07.279,11119,11120,11119,2,-2
2019-05-03 16:01:10.710,11119,11120,11120,1,1
2019-05-03 16:01:16.331,11119,11120,11120,2,2
2019-05-03 16:01:20.567,11119,11120,11120,1,1
2019-05-03 16:01:22.534,11119,11120,11120,1,1
2019-05-03 16:01:23.054,11119,11120,11120,1,1
2019-05-03 16:01:24.733,11119,11120,11120,1,1
2019-05-03 16:01:25.867,11119,11120,11120,5,5
2019-05-03 16:01:25.915,11119,11120,11120,9,9
2019-05-03 16:01:25.915,11119,11120,11120,1,1
2019-05-03 16:01:25.915,11119,11120,11120,3,3
2019-05-03 16:01:25.915,11119,11120,11120,1,1
2019-05-03 16:01:25.917,11119,11120,11120,11,11
2019-05-03 16:01:25.919,11119,11120,11120,2,2
2019-05-03 16:01:28.101,11119,11120,11120,1,1
2019-05-03 16:01:30.192,11119,11120,11120,1,1
2019-05-03 16:01:34.714,11120,11121,11121,3,3
2019-05-03 16:01:34.861,11120,11121,11121,2,2
2019-05-03 16:01:34.888,11120,11121,11120,1,-1
2019-05-03 16:01:35.076,11120,11121,11121,1,1
2019-05-03 16:01:35.096,11120,11121,11121,3,3
2019-05-03 16:01:36.175,11120,11121,11121,2,2
2019-05-03 16:01:38.063,11120,11121,11121,1,1
2019-05-03 16:01:40.136,11120,11121,11121,1,1
2019-05-03 16:01:40.691,11120,11121,11121,1,1
2019-05-03 16:01:40.828,11120,11121,11121,1,1
2019-05-03 16:01:41.493,11120,11121,11121,1,1
2019-05-03 16:01:42.935,11121,11122,11121,1,-1
2019-05-03 16:01:43.491,11121,11122,11121,2,-2
2019-05-03 16:01:45.801,11121,11122,11121,1,-1
2019-05-03 16:01:56.567,11121,11122,11121,1,-1
2019-05-03 16:02:00.357,11121,11122,11121,20,-20
2019-05-03 16:02:00.357,11121,11122,11121,1,-1
2019-05-03 16:02:00.415,11120,11121,11121,1,1
2019-05-03 16:02:01.638,11120,11121,11121,1,1
2019-05-03 16:02:02.088,11120,11121,11121,2,2
2019-05-03 16:02:05.094,11121,11122,11121,4,-4
2019-05-03 16:02:05.265,11121,11122,11121,1,-1
2019-05-03 16:02:07.953,11121,11122,11122,3,3
2019-05-03 16:02:13.075,11121,11122,11121,1,-1
2019-05-03 16:02:14.333,11121,11122,11122,1,1
2019-05-03 16:02:16.126,11121,11122,11121,1,-1
2019-05-03 16:02:16.933,11121,11122,11121,1,-1
2019-05-03 16:02:24.957,11121,11122,11122,1,1
2019-05-03 16:02:26.348,11121,11122,11121,1,-1
2019-05-03 16:02:27.779,11121,11122,11122,9,9
2019-05-03 16:02:28.810,11121,11122,11122,2,2
2019-05-03 16:02:30.081,11121,11122,11122,5,5
2019-05-03 16:02:30.881,11121,11122,11122,3,3
2019-05-03 16:02:30.946,11121,11122,11122,5,5
2019-05-03 16:02:31.067,11121,11122,11122,1,1
2019-05-03 16:02:31.067,11121,11122,11122,1,1
2019-05-03 16:02:31.068,11121,11122,11122,1,1
2019-05-03 16:02:31.766,11122,11123,11123,5,5
2019-05-03 16:02:31.892,11122,11123,11122,5,-5
2019-05-03 16:02:31.953,11122,11123,11123,1,1
2019-05-03 16:02:32.096,11122,11123,11123,1,1
2019-05-03 16:02:32.133,11122,11123,11123,6,6
2019-05-03 16:02:32.264,11122,11123,11123,2,2
2019-05-03 16:02:32.264,11122,11123,11124,1,1
2019-05-03 16:02:32.417,11122,11123,11124,1,1
2019-05-03 16:02:32.601,11122,11124,11122,1,-1
2019-05-03 16:02:32.720,11122,11124,11122,1,-1
2019-05-03 16:02:32.832,11122,11124,11122,1,-1
2019-05-03 16:02:33.362,11122,11123,11123,2,2
2019-05-03 16:02:33.413,11122,11123,11123,2,2
2019-05-03 16:02:33.544,11122,11124,11122,2,-2
2019-05-03 16:02:34.082,11122,11124,11122,1,-1
2019-05-03 16:02:34.583,11122,11123,11122,1,-1
2019-05-03 16:02:36.855,11122,11123,11123,1,1
2019-05-03 16:02:38.059,11122,11123,11122,1,-1
2019-05-03 16:02:38.074,11122,11123,11123,1,1
2019-05-03 16:02:42.050,11122,11123,11123,1,1
2019-05-03 16:02:46.537,11122,11123,11123,6,6
2019-05-03 16:02:47.513,11122,11123,11123,1,1
2019-05-03 16:02:48.156,11122,11123,11123,3,3
2019-05-03 16:02:48.349,11122,11123,11123,1,1
2019-05-03 16:02:48.437,11122,11123,11123,1,1
2019-05-03 16:02:48.659,11122,11123,11122,3,-3
2019-05-03 16:02:50.048,11122,11123,11123,1,1
2019-05-03 16:02:51.954,11122,11123,11123,1,1
2019-05-03 16:02:53.369,11122,11123,11123,1,1
2019-05-03 16:02:54.827,11122,11123,11123,1,1
2019-05-03 16:02:55.722,11122,11123,11123,1,1
2019-05-03 16:02:56.418,11122,11123,11123,1,1
2019-05-03 16:02:56.529,11122,11123,11123,5,5
2019-05-03 16:02:56.875,11123,11124,11124,1,1
2019-05-03 16:02:57.222,11123,11124,11123,1,-1
2019-05-03 16:02:57.541,11123,11124,11123,1,-1
2019-05-03 16:02:58.001,11123,11124,11123,1,-1
2019-05-03 16:02:58.407,11123,11124,11124,1,1
2019-05-03 16:02:59.215,11123,11124,11123,1,-1
2019-05-03 16:03:01.238,11123,11124,11124,1,1
2019-05-03 16:03:01.489,11123,11124,11123,1,-1
2019-05-03 16:03:01.617,11123,11124,11123,1,-1
2019-05-03 16:03:01.950,11123,11124,11124,1,1
2019-05-03 16:03:02.507,11123,11124,11124,1,1
2019-05-03 16:03:03.872,11123,11124,11124,1,1
2019-05-03 16:03:05.881,11123,11124,11124,1,1
2019-05-03 16:03:06.631,11123,11124,11124,2,2
2019-05-03 16:03:07.461,11123,11124,11123,2,-2
2019-05-03 16:03:09.140,11123,11124,11124,1,1
2019-05-03 16:03:11.475,11123,11124,11124,1,1
2019-05-03 16:03:22.441,11123,11124,11124,2,2
2019-05-03 16:03:22.530,11123,11124,11124,1,1
2019-05-03 16:03:23.676,11123,11124,11124,1,1
2019-05-03 16:03:24.895,11123,11124,11124,17,17
2019-05-03 16:03:25.583,11123,11124,11124,1,1
2019-05-03 16:03:26.543,11123,11124,11124,2,2
2019-05-03 16:03:27.477,11123,11124,11124,1,1
2019-05-03 16:03:28.124,11123,11124,11124,1,1
2019-05-03 16:03:29.240,11123,11124,11124,6,6
2019-05-03 16:03:29.243,11123,11124,11124,2,2
2019-05-03 16:03:29.851,11124,11125,11124,1,-1
2019-05-03 16:03:30.055,11123,11124,11124,19,19
2019-05-03 16:03:30.055,11123,11124,11124,1,1
2019-05-03 16:03:30.553,11123,11124,11124,1,1
2019-05-03 16:03:31.016,11123,11124,11124,1,1
2019-05-03 16:03:31.728,11123,11124,11124,2,2
2019-05-03 16:03:32.727,11123,11124,11124,1,1
2019-05-03 16:03:32.891,11123,11124,11124,1,1
2019-05-03 16:03:36.739,11123,11124,11124,1,1
2019-05-03 16:03:38.586,11123,11124,11124,1,1
2019-05-03 16:03:40.298,11123,11124,11124,4,4
2019-05-03 16:03:42.852,11123,11124,11124,5,5
2019-05-03 16:03:44.936,11123,11124,11123,1,-1
2019-05-03 16:03:45.478,11123,11124,11124,1,1
2019-05-03 16:03:46.705,11123,11124,11124,2,2
2019-05-03 16:03:48.946,11123,11124,11123,1,-1
2019-05-03 16:03:51.678,11123,11124,11124,1,1
2019-05-03 16:03:54.257,11123,11124,11124,1,1
2019-05-03 16:03:59.794,11123,11124,11124,1,1
2019-05-03 16:03:59.816,11123,11124,11123,1,-1
2019-05-03 16:04:00.943,11123,11124,11124,1,1
2019-05-03 16:04:01.204,11123,11124,11124,1,1
2019-05-03 16:04:03.169,11123,11124,11123,2,-2
2019-05-03 16:04:09.698,11123,11124,11124,1,1
2019-05-03 16:04:10.384,11123,11124,11124,1,1
2019-05-03 16:04:12.539,11123,11124,11124,1,1
2019-05-03 16:04:16.397,11123,11124,11124,2,2
2019-05-03 16:04:16.487,11123,11124,11124,1,1
2019-05-03 16:04:22.671,11123,11124,11124,1,1
2019-05-03 16:04:23.170,11123,11124,11124,1,1
2019-05-03 16:04:24.404,11123,11124,11123,1,-1
2019-05-03 16:04:24.573,11123,11124,11124,10,10
2019-05-03 16:04:26.963,11123,11124,11124,2,2
2019-05-03 16:04:28.038,11123,11124,11124,1,1
2019-05-03 16:04:30.783,11123,11124,11124,2,2
2019-05-03 16:04:31.841,11123,11124,11124,1,1
2019-05-03 16:04:33.882,11123,11124,11124,1,1
2019-05-03 16:04:34.838,11123,11124,11124,1,1
2019-05-03 16:04:36.125,11123,11124,11124,1,1
2019-05-03 16:04:38.874,11123,11124,11124,1,1
2019-05-03 16:04:40.355,11123,11124,11123,1,-1
2019-05-03 16:04:42.925,11123,11124,11123,1,-1
2019-05-03 16:04:42.994,11123,11124,11123,1,-1
2019-05-03 16:04:45.615,11123,11124,11124,1,1
2019-05-03 16:04:51.986,11123,11124,11123,1,-1
2019-05-03 16:05:08.461,11123,11124,11123,1,-1
2019-05-03 16:05:11.758,11123,11124,11123,66,-66
2019-05-03 16:05:11.791,11122,11123,11122,9,-9
2019-05-03 16:05:11.791,11122,11123,11122,2,-2
2019-05-03 16:05:11.791,11122,11123,11122,7,-7
2019-05-03 16:05:11.808,11122,11123,11123,1,1
2019-05-03 16:05:11.915,11122,11123,11122,2,-2
2019-05-03 16:05:11.915,11122,11123,11122,5,-5
2019-05-03 16:05:11.916,11122,11123,11122,1,-1
2019-05-03 16:05:12.040,11122,11123,11122,1,-1
2019-05-03 16:05:12.240,11121,11122,11122,1,1
2019-05-03 16:05:15.429,11121,11123,11121,1,-1
2019-05-03 16:05:16.079,11121,11123,11123,20,20
2019-05-03 16:05:16.259,11121,11123,11122,1,-1
2019-05-03 16:05:18.838,11122,11123,11123,1,1
2019-05-03 16:05:19.546,11122,11123,11123,2,2
2019-05-03 16:05:20.344,11122,11123,11123,2,2
2019-05-03 16:05:21.995,11122,11123,11122,1,-1
2019-05-03 16:05:26.534,11122,11123,11122,1,-1
2019-05-03 16:05:26.669,11122,11123,11123,5,5
2019-05-03 16:05:28.005,11122,11123,11123,1,1
2019-05-03 16:05:29.915,11122,11123,11123,1,1
2019-05-03 16:05:33.829,11122,11123,11123,8,8
2019-05-03 16:05:36.535,11122,11123,11123,1,1
2019-05-03 16:05:37.297,11122,11123,11122,1,-1
2019-05-03 16:05:40.078,11122,11123,11123,2,2
2019-05-03 16:05:43.390,11122,11123,11123,1,1
2019-05-03 16:05:51.225,11122,11123,11122,1,-1
2019-05-03 16:05:51.592,11122,11123,11122,1,-1
2019-05-03 16:05:52.395,11122,11123,11122,1,-1
2019-05-03 16:05:56.205,11122,11123,11122,1,-1
2019-05-03 16:05:57.965,11122,11123,11122,2,-2
2019-05-03 16:05:57.991,11122,11123,11122,2,-2
2019-05-03 16:05:58.040,11122,11123,11122,4,-4
2019-05-03 16:05:58.794,11121,11122,11122,2,2
2019-05-03 16:05:59.211,11121,11122,11122,10,10
2019-05-03 16:06:01.032,11121,11122,11122,7,7
2019-05-03 16:06:01.040,11121,11122,11122,2,2
2019-05-03 16:06:01.277,11122,11123,11122,1,-1
2019-05-03 16:06:01.426,11122,11123,11122,1,-1
2019-05-03 16:06:01.670,11122,11123,11122,1,-1
2019-05-03 16:06:13.007,11122,11123,11122,3,-3
2019-05-03 16:06:13.983,11122,11123,11122,1,-1
2019-05-03 16:06:17.926,11122,11123,11122,2,-2
2019-05-03 16:06:20.549,11122,11123,11122,4,-4
2019-05-03 16:06:20.668,11121,11122,11122,1,1
2019-05-03 16:06:20.708,11121,11122,11122,1,1
2019-05-03 16:06:21.830,11121,11122,11122,10,10
2019-05-03 16:06:22.563,11121,11122,11122,1,1
2019-05-03 16:06:22.832,11121,11122,11121,1,-1
2019-05-03 16:06:24.891,11121,11122,11121,1,-1
2019-05-03 16:06:25.344,11121,11122,11122,1,1
2019-05-03 16:06:36.600,11121,11122,11122,2,2
2019-05-03 16:06:39.801,11121,11122,11122,1,1
2019-05-03 16:06:41.427,11121,11122,11122,2,2
2019-05-03 16:06:49.652,11122,11123,11123,1,1
2019-05-03 16:06:49.684,11122,11123,11122,1,-1
2019-05-03 16:06:51.491,11122,11123,11123,1,1
2019-05-03 16:06:51.537,11122,11123,11122,2,-2
2019-05-03 16:06:58.709,11121,11122,11122,1,1
2019-05-03 16:06:59.051,11121,11122,11122,1,1
2019-05-03 16:06:59.211,11121,11122,11122,1,1
2019-05-03 16:06:59.329,11121,11122,11122,1,1
2019-05-03 16:07:01.745,11121,11122,11122,2,2
2019-05-03 16:07:06.747,11121,11122,11121,1,-1
2019-05-03 16:07:07.362,11121,11122,11122,1,1
2019-05-03 16:07:07.698,11121,11122,11122,1,1
2019-05-03 16:07:08.038,11121,11122,11122,1,1
2019-05-03 16:07:08.390,11121,11122,11122,1,1
2019-05-03 16:07:08.719,11121,11122,11122,1,1
2019-05-03 16:07:09.058,11121,11122,11122,1,1
2019-05-03 16:07:10.756,11121,11122,11122,1,1
2019-05-03 16:07:12.915,11121,11122,11122,1,1
2019-05-03 16:07:12.928,11121,11122,11122,1,1
2019-05-03 16:07:13.058,11121,11122,11122,1,1
2019-05-03 16:07:13.420,11121,11122,11122,1,1
2019-05-03 16:07:14.012,11122,11123,11122,2,-2
2019-05-03 16:07:27.563,11122,11123,11123,2,2
2019-05-03 16:07:28.417,11122,11123,11122,1,-1
2019-05-03 16:07:28.514,11122,11123,11123,1,1
2019-05-03 16:07:40.363,11122,11123,11122,1,-1
2019-05-03 16:07:41.829,11122,11123,11123,1,1
2019-05-03 16:07:44.290,11122,11123,11122,3,-3
2019-05-03 16:07:46.501,11121,11123,11122,1,-1
2019-05-03 16:07:58.877,11122,11123,11122,1,-1
2019-05-03 16:08:00.339,11122,11123,11122,1,-1
2019-05-03 16:08:03.155,11122,11123,11123,2,2
2019-05-03 16:08:06.404,11122,11123,11122,1,-1
2019-05-03 16:08:07.195,11122,11123,11122,1,-1
2019-05-03 16:08:13.868,11122,11123,11123,5,5
2019-05-03 16:08:21.597,11122,11123,11122,1,-1
2019-05-03 16:08:21.691,11122,11123,11123,2,2
2019-05-03 16:08:30.129,11122,11123,11123,1,1
2019-05-03 16:08:34.368,11122,11123,11122,4,-4
2019-05-03 16:08:36.667,11122,11123,11122,1,-1
2019-05-03 16:08:39.400,11122,11123,11122,3,-3
2019-05-03 16:08:39.818,11122,11123,11122,1,-1
2019-05-03 16:08:41.934,11122,11123,11123,1,1
2019-05-03 16:08:42.121,11122,11123,11123,1,1
2019-05-03 16:08:42.457,11122,11123,11123,1,1
2019-05-03 16:09:00.360,11122,11123,11123,1,1
2019-05-03 16:09:11.167,11122,11123,11123,1,1
2019-05-03 16:09:12.433,11122,11123,11123,1,1
2019-05-03 16:09:16.626,11122,11123,11123,2,2
2019-05-03 16:09:17.709,11122,11123,11123,1,1
2019-05-03 16:09:17.920,11122,11123,11123,1,1
2019-05-03 16:09:22.168,11122,11123,11123,1,1
2019-05-03 16:09:43.358,11122,11123,11122,1,-1
2019-05-03 16:09:55.869,11122,11123,11122,1,-1
2019-05-03 16:09:57.161,11122,11123,11123,4,4
2019-05-03 16:09:57.205,11122,11123,11122,1,-1
2019-05-03 16:10:00.330,11122,11123,11122,2,-2
2019-05-03 16:10:06.042,11122,11123,11123,1,1
2019-05-03 16:10:09.699,11122,11123,11123,1,1
2019-05-03 16:10:16.507,11122,11123,11123,1,1
2019-05-03 16:10:17.589,11122,11123,11123,1,1
2019-05-03 16:10:20.159,11122,11123,11123,1,1
2019-05-03 16:10:22.126,11122,11123,11123,1,1
2019-05-03 16:10:28.317,11122,11123,11123,11,11
2019-05-03 16:10:33.564,11122,11123,11123,10,10
2019-05-03 16:10:35.362,11122,11123,11123,2,2
2019-05-03 16:10:37.132,11123,11124,11123,1,-1
2019-05-03 16:10:37.728,11123,11124,11123,2,-2
2019-05-03 16:10:48.839,11123,11124,11123,1,-1
2019-05-03 16:10:51.565,11123,11124,11123,1,-1
2019-05-03 16:10:53.020,11123,11124,11123,2,-2
2019-05-03 16:10:56.701,11123,11124,11123,3,-3
2019-05-03 16:10:56.701,11123,11124,11122,2,-2
2019-05-03 16:11:20.374,11122,11123,11122,2,-2
2019-05-03 16:11:20.441,11122,11123,11122,1,-1
2019-05-03 16:11:21.810,11122,11123,11122,2,-2
2019-05-03 16:11:22.634,11122,11123,11123,1,1
2019-05-03 16:11:31.348,11122,11123,11122,5,-5
2019-05-03 16:11:31.415,11122,11123,11122,2,-2
2019-05-03 16:11:31.415,11122,11123,11122,6,-6
2019-05-03 16:11:31.667,11121,11122,11122,2,2
2019-05-03 16:11:31.707,11121,11122,11122,1,1
2019-05-03 16:11:33.397,11121,11123,11123,1,1
2019-05-03 16:11:45.005,11121,11122,11122,1,1
2019-05-03 16:11:52.340,11122,11123,11122,1,-1
2019-05-03 16:11:53.017,11122,11123,11122,1,-1
2019-05-03 16:11:54.040,11122,11123,11122,1,-1
2019-05-03 16:11:56.263,11122,11123,11122,5,-5
2019-05-03 16:11:58.598,11122,11123,11122,1,-1
2019-05-03 16:12:05.802,11122,11123,11122,1,-1
2019-05-03 16:12:10.394,11122,11123,11123,1,1
2019-05-03 16:12:10.442,11122,11123,11123,1,1
2019-05-03 16:12:10.657,11122,11123,11123,2,2
2019-05-03 16:12:10.935,11122,11123,11123,1,1
2019-05-03 16:12:12.966,11122,11123,11122,1,-1
2019-05-03 16:12:16.186,11122,11123,11123,1,1
2019-05-03 16:12:27.313,11122,11123,11123,1,1
2019-05-03 16:12:35.644,11122,11123,11123,3,3
2019-05-03 16:12:42.132,11122,11123,11122,1,-1
2019-05-03 16:12:42.886,11122,11123,11122,1,-1
2019-05-03 16:12:53.618,11122,11123,11123,1,1
2019-05-03 16:13:12.019,11122,11123,11122,1,-1
2019-05-03 16:13:12.239,11122,11123,11123,1,1
2019-05-03 16:13:16.836,11122,11123,11122,1,-1
2019-05-03 16:13:19.056,11122,11123,11123,1,1
2019-05-03 16:13:19.210,11122,11123,11123,3,3
2019-05-03 16:13:26.184,11122,11123,11123,1,1
2019-05-03 16:13:27.084,11122,11123,11123,2,2
2019-05-03 16:13:28.415,11122,11123,11123,1,1
2019-05-03 16:13:29.421,11122,11123,11122,1,-1
2019-05-03 16:13:29.936,11122,11123,11122,1,-1
2019-05-03 16:13:30.792,11122,11123,11122,1,-1
2019-05-03 16:13:31.098,11122,11123,11123,5,5
2019-05-03 16:13:31.177,11122,11123,11123,2,2
2019-05-03 16:13:31.392,11122,11123,11122,1,-1
2019-05-03 16:13:32.008,11122,11123,11122,1,-1
2019-05-03 16:13:32.646,11122,11123,11122,1,-1
2019-05-03 16:13:33.808,11122,11123,11122,2,-2
2019-05-03 16:13:34.233,11122,11123,11122,1,-1
2019-05-03 16:13:37.592,11122,11123,11122,1,-1
2019-05-03 16:13:37.921,11121,11122,11122,1,1
2019-05-03 16:13:44.812,11121,11123,11121,1,-1
2019-05-03 16:13:47.575,11122,11123,11122,1,1
2019-05-03 16:13:51.817,11122,11123,11122,1,-1
2019-05-03 16:13:52.857,11122,11123,11123,6,6
2019-05-03 16:13:55.696,11122,11123,11122,6,-6
2019-05-03 16:13:58.565,11122,11123,11122,1,-1
2019-05-03 16:14:06.748,11122,11123,11122,1,-1
2019-05-03 16:14:10.186,11122,11123,11122,1,-1
2019-05-03 16:14:25.173,11121,11122,11122,2,2
2019-05-03 16:14:26.820,11121,11122,11121,1,-1
2019-05-03 16:14:26.910,11121,11122,11122,1,1
2019-05-03 16:14:35.816,11121,11122,11122,1,1
2019-05-03 16:14:40.548,11121,11122,11122,1,1
2019-05-03 16:14:52.597,11121,11122,11122,1,1
2019-05-03 16:14:57.219,11121,11122,11122,1,1
2019-05-03 16:14:57.442,11121,11122,11122,4,4
2019-05-03 16:14:57.556,11121,11122,11122,1,1
2019-05-03 16:14:57.886,11121,11122,11122,1,1
2019-05-03 16:14:58.209,11121,11122,11122,1,1
2019-05-03 16:15:05.845,11121,11122,11121,1,-1
2019-05-03 16:15:06.221,11121,11122,11122,1,1
2019-05-03 16:15:10.212,11121,11122,11122,1,1
2019-05-03 16:15:10.296,11121,11122,11122,1,1
2019-05-03 16:15:11.939,11121,11122,11122,2,2
2019-05-03 16:15:11.939,11121,11122,11123,3,3
2019-05-03 16:15:29.077,11121,11122,11122,1,1
2019-05-03 16:15:29.505,11121,11122,11122,1,1
2019-05-03 16:15:29.845,11121,11122,11121,5,-5
2019-05-03 16:15:38.459,11121,11122,11121,4,-4
2019-05-03 16:15:39.995,11121,11122,11122,1,1
2019-05-03 16:15:40.061,11121,11122,11121,5,-5
2019-05-03 16:15:44.090,11121,11122,11122,1,1
2019-05-03 16:15:49.197,11121,11122,11121,1,-1
2019-05-03 16:15:57.338,11121,11122,11121,1,-1
2019-05-03 16:16:06.722,11121,11122,11121,1,-1
2019-05-03 16:16:07.802,11121,11122,11122,1,1
2019-05-03 16:16:24.577,11121,11122,11122,1,1
2019-05-03 16:16:34.563,11121,11122,11122,2,2
2019-05-03 16:16:35.858,11121,11122,11122,2,2
2019-05-03 16:16:36.179,11121,11122,11122,5,5
2019-05-03 16:16:39.079,11121,11122,11122,6,6
2019-05-03 16:16:39.080,11121,11122,11122,8,8
2019-05-03 16:16:39.165,11121,11122,11122,1,1
2019-05-03 16:16:39.165,11121,11122,11122,1,1
2019-05-03 16:16:39.165,11121,11122,11122,1,1
2019-05-03 16:16:39.694,11122,11123,11123,1,1
2019-05-03 16:16:41.026,11122,11123,11122,2,-2
2019-05-03 16:17:13.894,11122,11123,11122,1,-1
2019-05-03 16:17:15.151,11122,11123,11123,1,1
2019-05-03 16:17:16.730,11122,11123,11123,2,2
2019-05-03 16:17:23.172,11122,11123,11122,12,-12
2019-05-03 16:17:23.352,11121,11122,11122,1,1
2019-05-03 16:17:23.379,11121,11122,11122,13,13
2019-05-03 16:17:32.782,11122,11123,11122,5,-5
2019-05-03 16:17:35.660,11122,11123,11123,1,1
2019-05-03 16:17:40.515,11122,11123,11123,1,1
2019-05-03 16:17:47.145,11122,11123,11123,1,1
2019-05-03 16:17:47.540,11122,11123,11123,3,3
2019-05-03 16:17:53.359,11122,11123,11122,3,-3
2019-05-03 16:17:59.612,11122,11123,11123,1,1
2019-05-03 16:18:09.814,11122,11123,11123,1,1
2019-05-03 16:18:11.105,11122,11123,11122,3,-3
2019-05-03 16:18:14.957,11122,11123,11123,1,1
2019-05-03 16:18:24.438,11122,11123,11123,1,1
2019-05-03 16:18:40.145,11122,11123,11123,4,4
2019-05-03 16:18:41.576,11122,11123,11123,5,5
2019-05-03 16:18:45.829,11122,11123,11123,10,10
2019-05-03 16:18:46.910,11122,11123,11123,3,3
2019-05-03 16:18:46.910,11122,11123,11124,2,2
2019-05-03 16:18:56.391,11123,11124,11123,1,-1
2019-05-03 16:18:58.611,11123,11124,11123,1,-1
2019-05-03 16:18:59.482,11122,11123,11123,1,1
2019-05-03 16:19:12.083,11122,11123,11123,1,1
2019-05-03 16:19:30.229,11123,11124,11123,1,-1
2019-05-03 16:19:37.025,11123,11124,11123,1,-1
2019-05-03 16:19:54.868,11123,11124,11123,17,-17
2019-05-03 16:20:01.967,11122,11123,11123,1,1
2019-05-03 16:20:17.786,11122,11123,11123,2,2
2019-05-03 16:20:18.674,11122,11123,11123,3,3
2019-05-03 16:20:31.231,11123,11124,11124,5,5
2019-05-03 16:20:33.276,11123,11124,11124,1,1
2019-05-03 16:20:41.157,11123,11124,11123,1,-1
2019-05-03 16:20:52.535,11123,11124,11123,25,-25
2019-05-03 16:20:52.540,11123,11124,11123,1,-1
2019-05-03 16:20:55.012,11123,11124,11124,5,5
2019-05-03 16:20:58.450,11123,11124,11123,2,-2
2019-05-03 16:20:58.569,11123,11124,11124,5,5
2019-05-03 16:21:19.421,11123,11124,11124,6,6
2019-05-03 16:21:32.823,11123,11124,11124,3,3
2019-05-03 16:21:39.267,11123,11124,11124,8,8
2019-05-03 16:21:41.246,11123,11124,11124,1,1
2019-05-03 16:21:42.305,11123,11124,11124,1,1
2019-05-03 16:21:46.561,11123,11124,11123,1,-1
2019-05-03 16:21:50.122,11123,11124,11124,2,2
2019-05-03 16:21:58.310,11123,11124,11124,2,2
2019-05-03 16:21:58.554,11123,11124,11124,5,5
2019-05-03 16:22:07.603,11123,11124,11124,4,4
2019-05-03 16:22:21.175,11123,11124,11123,1,-1
2019-05-03 16:22:29.020,11123,11124,11123,1,-1
2019-05-03 16:22:35.702,11123,11124,11124,1,1
2019-05-03 16:22:41.635,11123,11124,11123,1,-1
2019-05-03 16:22:49.544,11123,11124,11123,1,-1
2019-05-03 16:22:50.946,11123,11124,11123,1,-1
2019-05-03 16:22:52.526,11123,11124,11123,1,-1
2019-05-03 16:22:55.714,11123,11124,11123,10,-10
2019-05-03 16:22:58.864,11123,11124,11123,2,-2
2019-05-03 16:22:58.915,11123,11124,11123,1,-1
2019-05-03 16:22:59.333,11122,11123,11123,1,1
2019-05-03 16:23:07.706,11123,11124,11123,2,-2
2019-05-03 16:23:08.096,11122,11123,11123,1,1
2019-05-03 16:23:08.475,11122,11123,11123,1,1
2019-05-03 16:23:08.975,11122,11123,11123,1,1
2019-05-03 16:23:11.240,11122,11123,11123,1,1
2019-05-03 16:23:35.402,11122,11123,11123,1,1
2019-05-03 16:23:37.276,11122,11123,11123,5,5
2019-05-03 16:23:47.986,11122,11123,11123,1,1
2019-05-03 16:23:55.612,11122,11123,11123,1,1
2019-05-03 16:23:58.893,11123,11124,11123,1,-1
2019-05-03 16:23:58.893,11123,11124,11122,4,-4
2019-05-03 16:23:59.554,11122,11123,11123,1,1
2019-05-03 16:24:00.262,11123,11124,11123,2,-2
2019-05-03 16:24:08.632,11122,11123,11122,1,-1
2019-05-03 16:24:11.760,11122,11123,11122,1,-1
2019-05-03 16:24:16.957,11122,11123,11123,1,1
2019-05-03 16:24:17.307,11122,11123,11122,1,-1
2019-05-03 16:24:19.746,11122,11123,11123,1,1
2019-05-03 16:24:20.225,11122,11123,11123,1,1
2019-05-03 16:24:20.722,11122,11123,11123,1,1
2019-05-03 16:24:21.182,11122,11123,11123,1,1
2019-05-03 16:24:21.474,11122,11123,11123,1,1
2019-05-03 16:24:24.778,11122,11123,11123,1,1
2019-05-03 16:24:30.931,11122,11124,11124,1,1
2019-05-03 16:24:36.324,11123,11124,11123,1,-1
2019-05-03 16:24:44.582,11123,11124,11123,1,-1
2019-05-03 16:25:02.937,11123,11124,11123,1,-1
2019-05-03 16:25:07.255,11123,11124,11124,3,3
2019-05-03 16:25:09.370,11123,11124,11123,2,-2
2019-05-03 16:25:10.064,11123,11124,11124,8,8
2019-05-03 16:25:16.181,11123,11124,11123,12,-12
2019-05-03 16:25:16.290,11122,11123,11123,2,2
2019-05-03 16:25:34.158,11122,11123,11123,1,1
2019-05-03 16:25:49.372,11122,11123,11123,1,1
2019-05-03 16:26:03.135,11122,11123,11122,1,-1
2019-05-03 16:26:03.612,11122,11123,11123,1,1
2019-05-03 16:26:21.840,11122,11123,11123,2,2
2019-05-03 16:26:22.190,11122,11123,11123,1,1
2019-05-03 16:27:07.690,11122,11123,11123,1,1
2019-05-03 16:27:07.838,11122,11123,11122,5,-5
2019-05-03 16:27:10.504,11122,11123,11122,1,-1
2019-05-03 16:27:10.861,11122,11123,11122,1,-1
2019-05-03 16:27:10.915,11122,11123,11122,7,-7
2019-05-03 16:27:11.040,11122,11123,11122,17,-17
2019-05-03 16:27:12.950,11121,11122,11122,4,4
2019-05-03 16:27:16.519,11121,11122,11121,2,-2
2019-05-03 16:27:16.576,11121,11122,11121,20,-20
2019-05-03 16:27:16.596,11121,11122,11121,8,-8
2019-05-03 16:27:16.596,11121,11122,11120,12,-12
2019-05-03 16:27:16.617,11121,11122,11120,20,-20
2019-05-03 16:27:16.638,11121,11122,11120,20,-20
2019-05-03 16:27:16.665,11120,11121,11121,2,2
2019-05-03 16:27:16.727,11120,11121,11120,1,-1
2019-05-03 16:27:16.792,11120,11121,11120,13,-13
2019-05-03 16:27:16.793,11120,11121,11119,1,-1
2019-05-03 16:27:16.841,11120,11121,11119,4,-4
2019-05-03 16:27:16.956,11119,11120,11119,1,-1
2019-05-03 16:27:17.788,11119,11120,11119,1,-1
2019-05-03 16:27:20.415,11119,11120,11120,3,3
2019-05-03 16:27:20.583,11119,11121,11119,1,-1
2019-05-03 16:27:22.479,11119,11120,11119,1,-1
2019-05-03 16:27:22.703,11119,11120,11120,2,2
2019-05-03 16:27:23.805,11119,11120,11120,1,1
2019-05-03 16:27:31.868,11119,11120,11120,1,1
2019-05-03 16:27:36.104,11119,11120,11119,1,-1
2019-05-03 16:27:41.140,11119,11120,11119,5,-5
2019-05-03 16:27:42.067,11119,11120,11119,1,-1
2019-05-03 16:27:44.975,11119,11120,11120,1,1
2019-05-03 16:27:46.251,11119,11120,11119,2,-2
2019-05-03 16:27:46.316,11119,11120,11120,1,1
2019-05-03 16:27:47.754,11119,11120,11119,3,-3
2019-05-03 16:27:48.770,11119,11120,11119,30,-30
2019-05-03 16:27:48.790,11119,11120,11119,1,-1
2019-05-03 16:27:48.915,11118,11119,11119,5,5
2019-05-03 16:27:48.918,11118,11119,11119,2,2
2019-05-03 16:27:53.780,11118,11119,11119,3,3
2019-05-03 16:27:56.486,11118,11119,11119,1,1
2019-05-03 16:27:57.065,11118,11119,11119,1,1
2019-05-03 16:27:57.193,11118,11119,11118,1,-1
2019-05-03 16:27:57.492,11118,11119,11118,2,-2
2019-05-03 16:27:57.522,11118,11119,11119,1,1
2019-05-03 16:27:59.806,11118,11119,11118,2,-2
2019-05-03 16:28:01.213,11118,11119,11118,5,-5
2019-05-03 16:28:02.378,11118,11119,11119,1,1
2019-05-03 16:28:03.446,11118,11119,11118,3,-3
2019-05-03 16:28:05.533,11118,11119,11119,1,1
2019-05-03 16:28:05.834,11118,11119,11118,5,-5
2019-05-03 16:28:06.628,11118,11119,11118,3,-3
2019-05-03 16:28:09.025,11118,11119,11119,1,1
2019-05-03 16:28:11.415,11118,11119,11119,17,17
2019-05-03 16:28:19.816,11120,11121,11120,2,2
2019-05-03 16:28:25.233,11119,11120,11120,1,1
2019-05-03 16:28:25.857,11119,11120,11120,1,1
2019-05-03 16:28:42.460,11119,11120,11119,3,-3
2019-05-03 16:28:47.655,11119,11120,11119,1,-1
2019-05-03 16:29:04.982,11119,11120,11119,10,-10
2019-05-03 16:29:05.153,11119,11120,11119,10,-10
2019-05-03 16:29:05.325,11119,11120,11119,10,-10
2019-05-03 16:29:06.094,11119,11120,11119,1,-1
2019-05-03 16:29:06.915,11118,11119,11119,1,1
2019-05-03 16:29:11.234,11118,11119,11119,1,1
2019-05-03 16:29:13.112,11118,11119,11119,1,1
2019-05-03 16:29:20.542,11118,11119,11119,1,1
2019-05-03 16:29:33.093,11118,11119,11118,1,-1
2019-05-03 16:29:35.391,11118,11119,11118,1,-1
2019-05-03 16:29:35.620,11118,11119,11118,1,-1
2019-05-03 16:29:39.336,11118,11119,11118,4,-4
2019-05-03 16:29:44.665,11118,11119,11118,10,-10
2019-05-03 16:29:44.710,11118,11119,11118,1,-1
2019-05-03 16:29:44.839,11118,11119,11118,1,-1
2019-05-03 16:29:45.730,11117,11118,11118,5,5
2019-05-03 16:29:48.232,11118,11119,11118,1,-1
2019-05-03 16:29:54.681,11118,11119,11118,2,-2
2019-05-03 16:29:56.052,11117,11118,11118,1,1
2019-05-03 16:29:56.646,11117,11118,11118,2,2
2019-05-03 16:30:00.146,11117,11118,11117,1,-1
2019-05-03 16:30:00.147,11117,11118,11117,6,-6
2019-05-03 16:30:00.195,11117,11118,11117,1,-1
2019-05-03 16:30:01.190,11117,11118,11117,1,-1
2019-05-03 16:30:01.333,11117,11118,11117,1,-1
2019-05-03 16:30:02.344,11117,11118,11117,1,-1
2019-05-03 16:30:02.470,11117,11118,11117,1,-1
2019-05-03 16:30:04.465,11117,11118,11117,1,-1
2019-05-03 16:30:06.841,11117,11118,11117,4,-4
2019-05-03 16:30:10.271,11117,11118,11117,1,-1
2019-05-03 16:30:12.379,11117,11118,11118,1,1
2019-05-03 16:30:12.875,11117,11118,11118,1,1
2019-05-03 16:30:12.905,11117,11118,11117,9,-9
2019-05-03 16:30:16.203,11117,11118,11117,1,-1
2019-05-03 16:30:22.679,11117,11118,11117,1,-1
2019-05-03 16:30:23.121,11117,11118,11117,1,-1
2019-05-03 16:30:24.166,11117,11118,11117,1,-1
2019-05-03 16:30:27.501,11117,11118,11117,1,-1
2019-05-03 16:30:29.305,11117,11118,11117,21,-21
2019-05-03 16:30:29.305,11117,11118,11117,1,-1
2019-05-03 16:30:29.371,11117,11118,11117,1,-1
2019-05-03 16:30:33.733,11116,11117,11117,3,3
2019-05-03 16:30:33.947,11117,11118,11117,1,-1
2019-05-03 16:30:38.463,11117,11118,11117,1,-1
2019-05-03 16:30:50.075,11117,11118,11118,1,1
2019-05-03 16:30:50.828,11117,11118,11117,1,-1
2019-05-03 16:30:56.391,11117,11118,11117,1,-1
2019-05-03 16:30:58.939,11117,11118,11118,1,1
2019-05-03 16:31:00.036,11117,11118,11117,1,-1
2019-05-03 16:31:01.454,11117,11118,11117,1,-1
2019-05-03 16:31:15.741,11117,11118,11118,1,1
2019-05-03 16:31:15.989,11117,11118,11117,2,-2
2019-05-03 16:31:18.571,11117,11118,11118,1,1
2019-05-03 16:31:20.943,11117,11118,11118,1,1
2019-05-03 16:31:26.657,11117,11118,11118,1,1
2019-05-03 16:31:31.796,11117,11118,11118,6,6
2019-05-03 16:31:33.527,11117,11118,11118,1,1
2019-05-03 16:31:47.986,11117,11118,11118,1,1
2019-05-03 16:31:59.488,11117,11118,11118,1,1
2019-05-03 16:31:59.960,11117,11118,11118,1,1
2019-05-03 16:32:00.042,11117,11118,11118,1,1
2019-05-03 16:32:03.151,11118,11119,11118,1,-1
2019-05-03 16:32:04.338,11118,11119,11119,2,2
2019-05-03 16:32:22.394,11118,11119,11119,4,4
2019-05-03 16:32:29.347,11118,11119,11119,5,5
2019-05-03 16:32:32.386,11118,11119,11119,1,1
2019-05-03 16:32:33.216,11118,11119,11118,2,-2
2019-05-03 16:32:41.959,11118,11119,11118,1,-1
2019-05-03 16:32:47.477,11118,11119,11118,1,-1
2019-05-03 16:32:48.510,11118,11119,11118,2,-2
2019-05-03 16:32:49.501,11118,11119,11119,2,2
2019-05-03 16:32:49.990,11118,11119,11118,1,-1
2019-05-03 16:33:22.524,11118,11119,11119,1,1
2019-05-03 16:33:23.342,11118,11119,11118,1,-1
2019-05-03 16:33:40.103,11118,11119,11118,1,-1
2019-05-03 16:33:51.452,11118,11119,11118,2,-2
2019-05-03 16:33:57.070,11118,11119,11118,1,-1
2019-05-03 16:34:01.231,11118,11119,11118,1,-1
2019-05-03 16:34:01.290,11118,11119,11118,2,-2
2019-05-03 16:34:01.415,11118,11119,11118,10,-10
2019-05-03 16:34:01.447,11118,11119,11118,8,-8
2019-05-03 16:34:01.459,11118,11119,11118,1,-1
2019-05-03 16:34:06.563,11117,11118,11118,1,1
2019-05-03 16:34:06.709,11117,11118,11118,1,1
2019-05-03 16:34:09.729,11117,11118,11118,2,2
2019-05-03 16:34:18.783,11117,11118,11118,1,1
2019-05-03 16:34:50.595,11117,11118,11117,2,-2
2019-05-03 16:34:52.294,11117,11118,11117,1,-1
2019-05-03 16:35:12.371,11117,11118,11118,4,4
2019-05-03 16:35:12.736,11117,11118,11117,2,-2
2019-05-03 16:35:13.611,11117,11118,11117,5,-5
2019-05-03 16:35:26.795,11117,11118,11117,1,-1
2019-05-03 16:35:30.563,11117,11118,11117,1,-1
2019-05-03 16:35:31.105,11117,11118,11117,2,-2
2019-05-03 16:35:33.615,11117,11118,11117,1,-1
2019-05-03 16:35:39.316,11117,11118,11117,1,-1
2019-05-03 16:35:42.263,11117,11118,11117,1,-1
2019-05-03 16:35:44.876,11117,11118,11117,1,-1
2019-05-03 16:35:56.356,11117,11118,11118,4,4
2019-05-03 16:35:58.667,11117,11118,11117,2,-2
2019-05-03 16:36:09.074,11117,11118,11117,1,-1
2019-05-03 16:36:09.292,11117,11118,11117,8,-8
2019-05-03 16:36:10.576,11116,11117,11117,1,1
2019-05-03 16:36:10.761,11116,11117,11116,1,-1
2019-05-03 16:36:11.041,11116,11117,11116,1,-1
2019-05-03 16:36:11.157,11116,11117,11116,1,-1
2019-05-03 16:36:13.167,11116,11117,11116,2,-2
2019-05-03 16:36:14.565,11116,11117,11116,1,-1
2019-05-03 16:36:15.736,11116,11117,11116,1,-1
2019-05-03 16:36:22.445,11116,11117,11116,1,-1
2019-05-03 16:36:23.081,11116,11117,11116,1,-1
2019-05-03 16:36:38.935,11116,11117,11116,1,-1
2019-05-03 16:36:48.295,11116,11117,11116,1,-1
2019-05-03 16:36:51.522,11116,11117,11116,1,-1
2019-05-03 16:36:54.109,11116,11117,11116,1,-1
2019-05-03 16:36:54.723,11116,11117,11117,7,7
2019-05-03 16:36:57.523,11116,11117,11117,1,1
2019-05-03 16:37:03.528,11116,11117,11116,1,-1
2019-05-03 16:37:17.709,11116,11117,11116,5,-5
2019-05-03 16:37:22.037,11116,11117,11116,1,-1
2019-05-03 16:37:43.306,11116,11117,11116,3,-3
2019-05-03 16:37:52.469,11116,11117,11116,2,-2
2019-05-03 16:37:53.292,11116,11117,11116,4,-4
2019-05-03 16:38:00.388,11116,11117,11116,3,-3
2019-05-03 16:38:01.060,11116,11117,11116,1,-1
2019-05-03 16:38:01.396,11116,11117,11116,1,-1
2019-05-03 16:38:02.262,11116,11117,11116,1,-1
2019-05-03 16:38:02.827,11116,11117,11116,1,-1
2019-05-03 16:38:03.115,11116,11117,11116,9,-9
2019-05-03 16:38:04.076,11115,11116,11115,1,-1
2019-05-03 16:38:04.304,11115,11116,11115,1,-1
2019-05-03 16:38:04.579,11115,11116,11115,1,-1
2019-05-03 16:38:09.776,11115,11116,11115,1,-1
2019-05-03 16:38:10.268,11115,11116,11115,1,-1
2019-05-03 16:38:12.149,11115,11116,11115,1,-1
2019-05-03 16:38:14.880,11115,11116,11116,2,2
2019-05-03 16:38:19.520,11115,11116,11115,1,-1
2019-05-03 16:38:20.244,11115,11116,11116,1,1
2019-05-03 16:38:20.699,11115,11116,11116,1,1
2019-05-03 16:38:23.698,11115,11116,11116,1,1
2019-05-03 16:38:27.395,11115,11116,11116,1,1
2019-05-03 16:38:32.438,11115,11116,11116,2,2
2019-05-03 16:38:50.115,11115,11116,11116,1,1
2019-05-03 16:39:19.790,11115,11116,11115,2,-2
2019-05-03 16:39:20.410,11115,11116,11115,2,-2
2019-05-03 16:39:30.131,11115,11116,11116,2,2
2019-05-03 16:39:30.647,11115,11116,11115,2,-2
2019-05-03 16:39:44.713,11115,11116,11116,1,1
2019-05-03 16:39:47.917,11115,11116,11116,2,2
2019-05-03 16:39:48.523,11115,11116,11115,2,-2
2019-05-03 16:39:49.668,11115,11116,11115,1,-1
2019-05-03 16:39:53.962,11115,11116,11115,3,-3
2019-05-03 16:39:56.150,11115,11116,11116,2,2
2019-05-03 16:39:56.557,11115,11116,11115,2,-2
2019-05-03 16:39:58.088,11115,11116,11115,1,-1
2019-05-03 16:40:00.469,11115,11116,11115,1,-1
2019-05-03 16:40:04.381,11115,11116,11116,2,2
2019-05-03 16:40:04.785,11115,11116,11115,2,-2
2019-05-03 16:40:05.756,11115,11116,11116,1,1
2019-05-03 16:40:05.961,11115,11116,11115,2,-2
2019-05-03 16:40:11.400,11115,11116,11116,2,2
2019-05-03 16:40:11.799,11115,11116,11115,2,-2
2019-05-03 16:40:13.906,11115,11116,11116,2,2
2019-05-03 16:40:14.324,11115,11116,11115,2,-2
2019-05-03 16:40:15.930,11115,11116,11116,2,2
2019-05-03 16:40:16.538,11115,11116,11115,2,-2
2019-05-03 16:40:18.649,11115,11116,11116,2,2
2019-05-03 16:40:19.050,11115,11116,11115,2,-2
2019-05-03 16:40:19.930,11115,11116,11116,1,1
2019-05-03 16:40:21.716,11115,11116,11116,1,1
2019-05-03 16:40:23.259,11115,11116,11115,1,-1
2019-05-03 16:40:28.608,11115,11116,11116,2,2
2019-05-03 16:40:29.109,11115,11116,11115,2,-2
2019-05-03 16:40:30.314,11115,11116,11116,1,1
2019-05-03 16:40:31.617,11115,11116,11116,2,2
2019-05-03 16:40:32.017,11115,11116,11115,2,-2
2019-05-03 16:40:42.261,11115,11116,11115,1,-1
2019-05-03 16:40:45.668,11115,11116,11115,1,-1
2019-05-03 16:40:46.315,11115,11116,11115,1,-1
2019-05-03 16:40:47.291,11115,11116,11115,1,-1
2019-05-03 16:40:49.392,11115,11116,11116,2,2
2019-05-03 16:40:49.641,11115,11116,11116,5,5
2019-05-03 16:40:49.728,11115,11116,11115,6,-6
2019-05-03 16:40:49.793,11115,11116,11115,2,-2
2019-05-03 16:40:50.648,11115,11116,11115,1,-1
2019-05-03 16:40:50.897,11115,11116,11116,2,2
2019-05-03 16:40:51.199,11115,11116,11115,2,-2
2019-05-03 16:40:53.107,11115,11116,11115,2,-2
2019-05-03 16:40:53.603,11115,11116,11116,2,2
2019-05-03 16:40:53.604,11115,11116,11115,1,-1
2019-05-03 16:40:54.105,11115,11116,11115,2,-2
2019-05-03 16:41:02.232,11115,11116,11116,2,2
2019-05-03 16:41:02.736,11115,11116,11115,2,-2
2019-05-03 16:41:05.829,11115,11116,11115,1,-1
2019-05-03 16:41:06.540,11115,11116,11115,12,-12
2019-05-03 16:41:06.665,11115,11116,11115,1,-1
2019-05-03 16:41:06.665,11115,11116,11115,4,-4
2019-05-03 16:41:06.756,11115,11116,11116,2,2
2019-05-03 16:41:06.957,11114,11115,11114,2,-2
2019-05-03 16:41:07.086,11114,11115,11114,1,-1
2019-05-03 16:41:07.791,11114,11115,11115,1,1
2019-05-03 16:41:12.277,11114,11115,11115,9,9
2019-05-03 16:41:13.590,11114,11115,11115,1,1
2019-05-03 16:41:13.590,11114,11115,11116,1,1
2019-05-03 16:41:13.993,11114,11115,11114,2,-2
2019-05-03 16:41:19.210,11114,11115,11115,2,2
2019-05-03 16:41:19.497,11114,11115,11114,1,-1
2019-05-03 16:41:19.712,11114,11115,11114,2,-2
2019-05-03 16:41:20.659,11114,11115,11114,2,-2
2019-05-03 16:41:22.031,11114,11115,11115,2,2
2019-05-03 16:41:22.511,11114,11115,11114,1,-1
2019-05-03 16:41:22.537,11114,11115,11114,2,-2
2019-05-03 16:41:23.450,11114,11115,11114,20,-20
2019-05-03 16:41:23.540,11114,11115,11114,2,-2
2019-05-03 16:41:27.424,11114,11115,11114,1,-1
2019-05-03 16:41:27.480,11114,11115,11115,2,2
2019-05-03 16:41:27.879,11114,11115,11114,2,-2
2019-05-03 16:41:30.830,11114,11115,11114,1,-1
2019-05-03 16:41:32.616,11114,11115,11115,2,2
2019-05-03 16:41:33.217,11114,11115,11114,2,-2
2019-05-03 16:41:34.466,11114,11115,11114,1,-1
2019-05-03 16:41:37.238,11114,11115,11115,2,2
2019-05-03 16:41:37.742,11114,11115,11114,2,-2
2019-05-03 16:41:38.943,11114,11115,11114,10,-10
2019-05-03 16:41:39.134,11114,11115,11115,2,2
2019-05-03 16:41:39.447,11114,11115,11114,2,-2
2019-05-03 16:41:42.260,11114,11115,11115,2,2
2019-05-03 16:41:42.658,11114,11116,11114,2,-2
2019-05-03 16:41:46.282,11114,11115,11115,2,2
2019-05-03 16:41:46.778,11114,11115,11114,2,-2
2019-05-03 16:41:47.292,11114,11115,11115,1,1
2019-05-03 16:41:48.827,11114,11115,11114,2,-2
2019-05-03 16:41:54.302,11114,11115,11114,1,-1
2019-05-03 16:41:57.315,11114,11115,11114,1,-1
2019-05-03 16:41:58.041,11114,11115,11114,2,-2
2019-05-03 16:41:59.318,11114,11115,11115,2,2
2019-05-03 16:41:59.743,11114,11115,11114,2,-2
2019-05-03 16:41:59.980,11114,11115,11114,1,-1
2019-05-03 16:42:01.355,11113,11114,11113,1,-1
2019-05-03 16:42:01.555,11113,11114,11114,1,1
2019-05-03 16:42:01.717,11113,11114,11113,1,-1
2019-05-03 16:42:02.224,11113,11114,11114,1,1
2019-05-03 16:42:02.401,11113,11115,11113,1,-1
2019-05-03 16:42:02.774,11113,11115,11113,1,-1
2019-05-03 16:42:02.939,11113,11115,11115,2,2
2019-05-03 16:42:03.138,11113,11115,11113,2,-2
2019-05-03 16:42:13.285,11113,11114,11114,1,1
2019-05-03 16:42:13.285,11113,11114,11115,1,1
2019-05-03 16:42:13.693,11113,11115,11113,2,-2
2019-05-03 16:42:16.853,11113,11114,11113,1,-1
2019-05-03 16:42:17.182,11113,11114,11113,2,-2
2019-05-03 16:42:18.456,11113,11114,11114,2,2
2019-05-03 16:42:18.841,11113,11114,11113,2,-2
2019-05-03 16:42:22.252,11113,11114,11114,2,2
2019-05-03 16:42:22.859,11113,11114,11113,2,-2
2019-05-03 16:42:24.471,11113,11114,11114,2,2
2019-05-03 16:42:25.071,11113,11114,11113,2,-2
2019-05-03 16:42:29.292,11113,11114,11113,1,-1
2019-05-03 16:42:34.210,11113,11114,11114,2,2
2019-05-03 16:42:34.815,11113,11114,11113,2,-2
2019-05-03 16:42:37.121,11113,11114,11113,5,-5
2019-05-03 16:42:37.245,11113,11114,11113,1,-1
2019-05-03 16:42:38.229,11113,11114,11114,2,2
2019-05-03 16:42:38.433,11113,11114,11113,13,-13
2019-05-03 16:42:38.832,11112,11113,11112,2,-2
2019-05-03 16:42:39.291,11112,11113,11112,4,-4
2019-05-03 16:42:39.351,11112,11113,11112,1,-1
2019-05-03 16:42:39.434,11112,11113,11113,2,2
2019-05-03 16:42:39.837,11112,11113,11112,2,-2
2019-05-03 16:42:42.223,11112,11113,11112,1,-1
2019-05-03 16:42:42.577,11112,11113,11112,2,-2
2019-05-03 16:42:42.755,11112,11113,11113,2,2
2019-05-03 16:42:43.059,11112,11113,11112,2,-2
2019-05-03 16:42:43.107,11112,11113,11112,1,-1
2019-05-03 16:42:46.581,11112,11113,11113,1,1
2019-05-03 16:42:46.581,11112,11113,11114,1,1
2019-05-03 16:42:47.185,11112,11114,11112,2,-2
2019-05-03 16:42:49.558,11113,11114,11113,1,1
2019-05-03 16:42:49.895,11113,11114,11114,2,2
2019-05-03 16:42:50.094,11113,11114,11113,2,-2
2019-05-03 16:42:51.295,11113,11114,11114,2,2
2019-05-03 16:42:51.807,11113,11114,11113,2,-2
2019-05-03 16:42:52.665,11113,11114,11113,1,-1
2019-05-03 16:42:57.732,11113,11114,11114,2,2
2019-05-03 16:42:57.932,11113,11114,11113,2,-2
2019-05-03 16:43:04.883,11113,11114,11113,1,-1
2019-05-03 16:43:05.198,11113,11114,11114,1,1
2019-05-03 16:43:05.319,11113,11114,11114,1,1
2019-05-03 16:43:05.339,11113,11114,11114,1,1
2019-05-03 16:43:05.359,11113,11114,11114,2,2
