2022-12-20 15:00:00,14185,14185,14185,160,0
2022-12-20 15:00:00,14184,14184,14184,2,-2
2022-12-20 15:00:00,14184,14184,14184,6,0
2022-12-20 15:00:00,14184,14184,14184,2,0
2022-12-20 15:00:00,14184,14184,14184,4,0
2022-12-20 15:00:00,14182,14182,14182,2,-2
2022-12-20 15:00:00,14185,14185,14185,4,4
2022-12-20 15:00:00,14181,14181,14181,2,-2
2022-12-20 15:00:00,14185,14185,14185,2,2
2022-12-20 15:00:00,14185,14185,14185,2,0
2022-12-20 15:00:00,14186,14186,14186,2,2
2022-12-20 15:00:00,14183,14183,14183,2,-2
2022-12-20 15:00:00,14183,14183,14183,4,0
2022-12-20 15:00:00,14184,14184,14184,2,2
2022-12-20 15:00:00,14186,14186,14186,2,2
2022-12-20 15:00:00,14185,14185,14185,2,-2
2022-12-20 15:00:00,14186,14186,14186,2,2
2022-12-20 15:00:00,14186,14186,14186,2,0
2022-12-20 15:00:00,14186,14186,14186,2,0
2022-12-20 15:00:00,14187,14187,14187,2,2
2022-12-20 15:00:00,14185,14185,14185,2,-2
2022-12-20 15:00:00,14187,14187,14187,10,10
2022-12-20 15:00:00,14187,14187,14187,2,0
2022-12-20 15:00:00,14187,14187,14187,2,0
2022-12-20 15:00:00,14187,14187,14187,2,0
2022-12-20 15:00:00,14186,14186,14186,2,-2
2022-12-20 15:00:00,14186,14186,14186,2,0
2022-12-20 15:00:00,14187,14187,14187,2,2
2022-12-20 15:00:00,14185,14185,14185,2,-2
2022-12-20 15:00:00,14188,14188,14188,2,2
2022-12-20 15:00:00,14187,14187,14187,2,-2
2022-12-20 15:00:00,14188,14188,14188,2,2
2022-12-20 15:00:00,14185,14185,14185,2,-2
2022-12-20 15:00:00,14188,14188,14188,2,2
2022-12-20 15:00:00,14188,14188,14188,2,0
2022-12-20 15:00:00,14188,14188,14188,2,0
2022-12-20 15:00:00,14186,14186,14186,2,-2
2022-12-20 15:00:00,14186,14186,14186,2,0
2022-12-20 15:00:00,14188,14188,14188,2,2
2022-12-20 15:00:00,14186,14186,14186,2,-2
2022-12-20 15:00:00,14188,14188,14188,2,2
2022-12-20 15:00:00,14188,14188,14188,2,0
2022-12-20 15:00:00,14188,14188,14188,2,0
2022-12-20 15:00:00,14188,14188,14188,2,0
2022-12-20 15:00:00,14187,14187,14187,2,-2
2022-12-20 15:00:00,14187,14187,14187,2,0
2022-12-20 15:00:00,14188,14188,14188,2,2
2022-12-20 15:00:00,14189,14189,14189,6,6
2022-12-20 15:00:00,14188,14188,14188,2,-2
2022-12-20 15:00:00,14189,14189,14189,2,2
2022-12-20 15:00:01,14189,14189,14189,4,0
2022-12-20 15:00:01,14189,14189,14189,2,0
2022-12-20 15:00:01,14190,14190,14190,2,2
2022-12-20 15:00:01,14190,14190,14190,4,0
2022-12-20 15:00:01,14190,14190,14190,22,0
2022-12-20 15:00:01,14190,14190,14190,12,0
2022-12-20 15:00:01,14190,14190,14190,2,0
2022-12-20 15:00:01,14189,14189,14189,2,-2
2022-12-20 15:00:01,14189,14189,14189,2,0
2022-12-20 15:00:01,14188,14188,14188,2,-2
2022-12-20 15:00:01,14188,14188,14188,2,0
2022-12-20 15:00:01,14187,14187,14187,2,-2
2022-12-20 15:00:01,14189,14189,14189,2,2
2022-12-20 15:00:01,14190,14190,14190,2,2
2022-12-20 15:00:01,14189,14189,14189,2,-2
2022-12-20 15:00:01,14190,14190,14190,2,2
2022-12-20 15:00:01,14188,14188,14188,20,-20
2022-12-20 15:00:01,14189,14189,14189,2,2
2022-12-20 15:00:01,14190,14190,14190,4,4
2022-12-20 15:00:01,14188,14188,14188,4,-4
2022-12-20 15:00:01,14188,14188,14188,2,0
2022-12-20 15:00:01,14188,14188,14188,2,0
2022-12-20 15:00:01,14187,14187,14187,2,-2
2022-12-20 15:00:01,14186,14186,14186,2,-2
2022-12-20 15:00:02,14186,14186,14186,2,0
2022-12-20 15:00:02,14188,14188,14188,4,4
2022-12-20 15:00:02,14186,14186,14186,2,-2
2022-12-20 15:00:02,14186,14186,14186,2,0
2022-12-20 15:00:02,14188,14188,14188,2,2
2022-12-20 15:00:02,14188,14188,14188,4,0
2022-12-20 15:00:02,14189,14189,14189,4,4
2022-12-20 15:00:02,14187,14187,14187,2,-2
2022-12-20 15:00:02,14187,14187,14187,2,0
2022-12-20 15:00:02,14186,14186,14186,2,-2
2022-12-20 15:00:02,14186,14186,14186,2,0
2022-12-20 15:00:02,14186,14186,14186,2,0
2022-12-20 15:00:02,14185,14185,14185,2,-2
2022-12-20 15:00:02,14185,14185,14185,2,0
2022-12-20 15:00:02,14185,14185,14185,2,0
2022-12-20 15:00:02,14184,14184,14184,2,-2
2022-12-20 15:00:02,14184,14184,14184,2,0
2022-12-20 15:00:02,14184,14184,14184,2,0
2022-12-20 15:00:02,14184,14184,14184,2,0
2022-12-20 15:00:02,14183,14183,14183,2,-2
2022-12-20 15:00:02,14183,14183,14183,2,0
2022-12-20 15:00:02,14182,14182,14182,2,-2
2022-12-20 15:00:02,14184,14184,14184,2,2
2022-12-20 15:00:02,14184,14184,14184,4,0
2022-12-20 15:00:02,14185,14185,14185,2,2
2022-12-20 15:00:02,14185,14185,14185,2,0
2022-12-20 15:00:02,14185,14185,14185,2,0
2022-12-20 15:00:02,14185,14185,14185,2,0
2022-12-20 15:00:03,14185,14185,14185,6,0
2022-12-20 15:00:03,14187,14187,14187,4,4
2022-12-20 15:00:03,14187,14187,14187,4,0
2022-12-20 15:00:03,14188,14188,14188,4,4
2022-12-20 15:00:03,14189,14189,14189,4,4
2022-12-20 15:00:03,14189,14189,14189,6,0
2022-12-20 15:00:03,14188,14188,14188,2,-2
2022-12-20 15:00:03,14188,14188,14188,2,0
2022-12-20 15:00:03,14190,14190,14190,12,12
2022-12-20 15:00:03,14189,14189,14189,2,-2
2022-12-20 15:00:03,14189,14189,14189,2,0
2022-12-20 15:00:03,14189,14189,14189,2,0
2022-12-20 15:00:03,14189,14189,14189,2,0
2022-12-20 15:00:03,14188,14188,14188,2,-2
2022-12-20 15:00:03,14188,14188,14188,2,0
2022-12-20 15:00:03,14188,14188,14188,2,0
2022-12-20 15:00:03,14188,14188,14188,2,0
2022-12-20 15:00:04,14190,14190,14190,4,4
2022-12-20 15:00:04,14191,14191,14191,2,2
2022-12-20 15:00:04,14191,14191,14191,6,0
2022-12-20 15:00:04,14189,14189,14189,2,-2
2022-12-20 15:00:04,14190,14190,14190,2,2
2022-12-20 15:00:04,14191,14191,14191,10,10
2022-12-20 15:00:04,14191,14191,14191,2,0
2022-12-20 15:00:04,14191,14191,14191,2,0
2022-12-20 15:00:04,14191,14191,14191,2,0
2022-12-20 15:00:04,14189,14189,14189,2,-2
2022-12-20 15:00:04,14189,14189,14189,2,0
2022-12-20 15:00:04,14189,14189,14189,2,0
2022-12-20 15:00:05,14190,14190,14190,6,6
2022-12-20 15:00:05,14190,14190,14190,2,0
2022-12-20 15:00:05,14190,14190,14190,4,0
2022-12-20 15:00:05,14190,14190,14190,4,0
2022-12-20 15:00:05,14189,14189,14189,4,-4
2022-12-20 15:00:05,14189,14189,14189,2,0
2022-12-20 15:00:06,14189,14189,14189,2,0
2022-12-20 15:00:06,14189,14189,14189,6,0
2022-12-20 15:00:06,14188,14188,14188,2,-2
2022-12-20 15:00:06,14188,14188,14188,4,0
2022-12-20 15:00:07,14188,14188,14188,2,0
2022-12-20 15:00:07,14189,14189,14189,8,8
2022-12-20 15:00:07,14188,14188,14188,4,-4
2022-12-20 15:00:07,14188,14188,14188,2,0
2022-12-20 15:00:07,14188,14188,14188,4,0
2022-12-20 15:00:07,14190,14190,14190,2,2
2022-12-20 15:00:08,14189,14189,14189,4,-4
2022-12-20 15:00:08,14189,14189,14189,4,0
2022-12-20 15:00:08,14188,14188,14188,2,-2
2022-12-20 15:00:08,14188,14188,14188,2,0
2022-12-20 15:00:10,14187,14187,14187,2,-2
2022-12-20 15:00:11,14189,14189,14189,6,6
2022-12-20 15:00:11,14188,14188,14188,2,-2
2022-12-20 15:00:12,14189,14189,14189,2,2
2022-12-20 15:00:12,14189,14189,14189,2,0
2022-12-20 15:00:12,14189,14189,14189,2,0
2022-12-20 15:00:12,14188,14188,14188,2,-2
2022-12-20 15:00:12,14190,14190,14190,4,4
2022-12-20 15:00:12,14190,14190,14190,2,0
2022-12-20 15:00:12,14190,14190,14190,2,0
2022-12-20 15:00:13,14189,14189,14189,2,-2
2022-12-20 15:00:13,14189,14189,14189,2,0
2022-12-20 15:00:14,14189,14189,14189,2,0
2022-12-20 15:00:15,14190,14190,14190,4,4
2022-12-20 15:00:15,14190,14190,14190,2,0
2022-12-20 15:00:15,14190,14190,14190,2,0
2022-12-20 15:00:15,14190,14190,14190,2,0
2022-12-20 15:00:15,14190,14190,14190,2,0
2022-12-20 15:00:16,14190,14190,14190,2,0
2022-12-20 15:00:16,14190,14190,14190,2,0
2022-12-20 15:00:17,14190,14190,14190,8,0
2022-12-20 15:00:17,14190,14190,14190,2,0
2022-12-20 15:00:17,14190,14190,14190,2,0
2022-12-20 15:00:18,14190,14190,14190,2,0
2022-12-20 15:00:18,14190,14190,14190,4,0
2022-12-20 15:00:18,14189,14189,14189,2,-2
2022-12-20 15:00:18,14189,14189,14189,2,0
2022-12-20 15:00:18,14189,14189,14189,2,0
2022-12-20 15:00:18,14189,14189,14189,2,0
2022-12-20 15:00:18,14188,14188,14188,2,-2
2022-12-20 15:00:19,14189,14189,14189,2,2
2022-12-20 15:00:19,14189,14189,14189,4,0
2022-12-20 15:00:19,14188,14188,14188,2,-2
2022-12-20 15:00:19,14189,14189,14189,2,2
2022-12-20 15:00:20,14189,14189,14189,2,0
2022-12-20 15:00:20,14190,14190,14190,6,6
2022-12-20 15:00:20,14191,14191,14191,4,4
2022-12-20 15:00:20,14191,14191,14191,4,0
2022-12-20 15:00:21,14190,14190,14190,2,-2
2022-12-20 15:00:22,14190,14190,14190,2,0
2022-12-20 15:00:22,14192,14192,14192,2,2
2022-12-20 15:00:22,14192,14192,14192,4,0
2022-12-20 15:00:22,14192,14192,14192,4,0
2022-12-20 15:00:22,14190,14190,14190,2,-2
2022-12-20 15:00:22,14193,14193,14193,4,4
2022-12-20 15:00:22,14193,14193,14193,4,0
2022-12-20 15:00:22,14193,14193,14193,6,0
2022-12-20 15:00:22,14193,14193,14193,2,0
2022-12-20 15:00:22,14194,14194,14194,6,6
2022-12-20 15:00:22,14191,14191,14191,2,-2
2022-12-20 15:00:22,14191,14191,14191,2,0
2022-12-20 15:00:23,14190,14190,14190,2,-2
2022-12-20 15:00:23,14191,14191,14191,2,2
2022-12-20 15:00:23,14192,14192,14192,2,2
2022-12-20 15:00:24,14191,14191,14191,2,-2
2022-12-20 15:00:24,14192,14192,14192,2,2
2022-12-20 15:00:24,14191,14191,14191,2,-2
2022-12-20 15:00:24,14190,14190,14190,2,-2
2022-12-20 15:00:24,14190,14190,14190,2,0
2022-12-20 15:00:24,14190,14190,14190,2,0
2022-12-20 15:00:24,14191,14191,14191,2,2
2022-12-20 15:00:24,14189,14189,14189,2,-2
2022-12-20 15:00:24,14191,14191,14191,2,2
2022-12-20 15:00:24,14191,14191,14191,8,0
2022-12-20 15:00:24,14191,14191,14191,2,0
2022-12-20 15:00:25,14192,14192,14192,8,8
2022-12-20 15:00:25,14193,14193,14193,8,8
2022-12-20 15:00:25,14191,14191,14191,4,-4
2022-12-20 15:00:25,14191,14191,14191,2,0
2022-12-20 15:00:25,14191,14191,14191,2,0
2022-12-20 15:00:25,14191,14191,14191,2,0
2022-12-20 15:00:25,14190,14190,14190,2,-2
2022-12-20 15:00:25,14192,14192,14192,2,2
2022-12-20 15:00:26,14190,14190,14190,4,-4
2022-12-20 15:00:26,14189,14189,14189,2,-2
2022-12-20 15:00:27,14189,14189,14189,6,0
2022-12-20 15:00:27,14189,14189,14189,4,0
2022-12-20 15:00:27,14189,14189,14189,2,0
2022-12-20 15:00:27,14190,14190,14190,2,2
2022-12-20 15:00:29,14189,14189,14189,2,-2
2022-12-20 15:00:29,14189,14189,14189,2,0
2022-12-20 15:00:30,14188,14188,14188,2,-2
2022-12-20 15:00:30,14188,14188,14188,2,0
2022-12-20 15:00:31,14189,14189,14189,2,2
2022-12-20 15:00:31,14189,14189,14189,4,0
2022-12-20 15:00:31,14188,14188,14188,2,-2
2022-12-20 15:00:31,14189,14189,14189,2,2
2022-12-20 15:00:31,14190,14190,14190,2,2
2022-12-20 15:00:34,14189,14189,14189,10,-10
2022-12-20 15:00:35,14189,14189,14189,2,0
2022-12-20 15:00:35,14189,14189,14189,2,0
2022-12-20 15:00:36,14188,14188,14188,2,-2
2022-12-20 15:00:37,14188,14188,14188,2,0
2022-12-20 15:00:37,14188,14188,14188,2,0
2022-12-20 15:00:39,14189,14189,14189,2,2
2022-12-20 15:00:40,14190,14190,14190,2,2
2022-12-20 15:00:40,14188,14188,14188,2,-2
2022-12-20 15:00:40,14188,14188,14188,2,0
2022-12-20 15:00:40,14188,14188,14188,2,0
2022-12-20 15:00:40,14188,14188,14188,4,0
2022-12-20 15:00:41,14188,14188,14188,2,0
2022-12-20 15:00:42,14188,14188,14188,2,0
2022-12-20 15:00:42,14189,14189,14189,4,4
2022-12-20 15:00:43,14188,14188,14188,2,-2
2022-12-20 15:00:43,14188,14188,14188,2,0
2022-12-20 15:00:43,14188,14188,14188,2,0
2022-12-20 15:00:44,14187,14187,14187,2,-2
2022-12-20 15:00:45,14188,14188,14188,2,2
2022-12-20 15:00:45,14187,14187,14187,2,-2
2022-12-20 15:00:46,14187,14187,14187,2,0
2022-12-20 15:00:46,14187,14187,14187,2,0
2022-12-20 15:00:46,14187,14187,14187,2,0
2022-12-20 15:00:46,14187,14187,14187,2,0
2022-12-20 15:00:46,14187,14187,14187,2,0
2022-12-20 15:00:46,14187,14187,14187,2,0
2022-12-20 15:00:47,14186,14186,14186,2,-2
2022-12-20 15:00:47,14186,14186,14186,2,0
2022-12-20 15:00:47,14186,14186,14186,2,0
2022-12-20 15:00:49,14187,14187,14187,2,2
2022-12-20 15:00:49,14187,14187,14187,2,0
2022-12-20 15:00:49,14186,14186,14186,2,-2
2022-12-20 15:00:49,14188,14188,14188,2,2
2022-12-20 15:00:51,14187,14187,14187,2,-2
2022-12-20 15:00:51,14187,14187,14187,2,0
2022-12-20 15:00:51,14187,14187,14187,4,0
2022-12-20 15:00:51,14187,14187,14187,2,0
2022-12-20 15:00:51,14186,14186,14186,2,-2
2022-12-20 15:00:51,14186,14186,14186,2,0
2022-12-20 15:00:51,14186,14186,14186,2,0
2022-12-20 15:00:51,14185,14185,14185,2,-2
2022-12-20 15:00:51,14185,14185,14185,2,0
2022-12-20 15:00:54,14185,14185,14185,2,0
2022-12-20 15:00:54,14186,14186,14186,2,2
2022-12-20 15:00:55,14186,14186,14186,2,0
2022-12-20 15:00:55,14186,14186,14186,2,0
2022-12-20 15:00:55,14187,14187,14187,4,4
2022-12-20 15:00:55,14186,14186,14186,2,-2
2022-12-20 15:00:55,14187,14187,14187,20,20
2022-12-20 15:00:55,14187,14187,14187,8,0
2022-12-20 15:00:56,14187,14187,14187,2,0
2022-12-20 15:00:56,14187,14187,14187,2,0
2022-12-20 15:00:56,14186,14186,14186,2,-2
2022-12-20 15:00:57,14186,14186,14186,4,0
2022-12-20 15:00:57,14185,14185,14185,2,-2
2022-12-20 15:00:57,14185,14185,14185,2,0
2022-12-20 15:00:58,14186,14186,14186,4,4
2022-12-20 15:00:58,14187,14187,14187,4,4
2022-12-20 15:00:58,14187,14187,14187,4,0
2022-12-20 15:00:58,14187,14187,14187,6,0
2022-12-20 15:00:59,14186,14186,14186,2,-2
2022-12-20 15:00:59,14186,14186,14186,4,0
2022-12-20 15:00:59,14186,14186,14186,2,0
2022-12-20 15:00:59,14187,14187,14187,2,2
2022-12-20 15:01:00,14186,14186,14186,8,-8
2022-12-20 15:01:00,14186,14186,14186,2,0
2022-12-20 15:01:00,14186,14186,14186,2,0
2022-12-20 15:01:00,14186,14186,14186,2,0
2022-12-20 15:01:00,14188,14188,14188,2,2
2022-12-20 15:01:00,14187,14187,14187,2,-2
2022-12-20 15:01:00,14187,14187,14187,2,0
2022-12-20 15:01:00,14187,14187,14187,2,0
2022-12-20 15:01:00,14188,14188,14188,2,2
2022-12-20 15:01:00,14188,14188,14188,2,0
2022-12-20 15:01:00,14188,14188,14188,2,0
2022-12-20 15:01:00,14188,14188,14188,2,0
2022-12-20 15:01:00,14188,14188,14188,2,0
2022-12-20 15:01:00,14188,14188,14188,4,0
2022-12-20 15:01:00,14188,14188,14188,2,0
2022-12-20 15:01:00,14188,14188,14188,2,0
2022-12-20 15:01:00,14188,14188,14188,2,0
2022-12-20 15:01:00,14188,14188,14188,2,0
2022-12-20 15:01:00,14187,14187,14187,2,-2
2022-12-20 15:01:00,14188,14188,14188,4,4
2022-12-20 15:01:00,14188,14188,14188,2,0
2022-12-20 15:01:00,14188,14188,14188,6,0
2022-12-20 15:01:02,14187,14187,14187,2,-2
2022-12-20 15:01:02,14189,14189,14189,2,2
2022-12-20 15:01:02,14188,14188,14188,6,-6
2022-12-20 15:01:02,14188,14188,14188,4,0
2022-12-20 15:01:02,14188,14188,14188,2,0
2022-12-20 15:01:02,14187,14187,14187,2,-2
2022-12-20 15:01:02,14187,14187,14187,4,0
2022-12-20 15:01:02,14187,14187,14187,4,0
2022-12-20 15:01:02,14187,14187,14187,2,0
2022-12-20 15:01:02,14187,14187,14187,2,0
2022-12-20 15:01:02,14187,14187,14187,4,0
2022-12-20 15:01:02,14187,14187,14187,2,0
2022-12-20 15:01:02,14187,14187,14187,2,0
2022-12-20 15:01:02,14186,14186,14186,2,-2
2022-12-20 15:01:02,14186,14186,14186,2,0
2022-12-20 15:01:02,14186,14186,14186,2,0
2022-12-20 15:01:03,14189,14189,14189,10,10
2022-12-20 15:01:03,14190,14190,14190,2,2
2022-12-20 15:01:03,14190,14190,14190,2,0
2022-12-20 15:01:03,14190,14190,14190,50,0
2022-12-20 15:01:03,14191,14191,14191,2,2
2022-12-20 15:01:03,14191,14191,14191,2,0
2022-12-20 15:01:03,14191,14191,14191,6,0
2022-12-20 15:01:03,14191,14191,14191,2,0
2022-12-20 15:01:03,14191,14191,14191,2,0
2022-12-20 15:01:03,14190,14190,14190,2,-2
2022-12-20 15:01:03,14190,14190,14190,2,0
2022-12-20 15:01:03,14189,14189,14189,2,-2
2022-12-20 15:01:03,14191,14191,14191,26,26
2022-12-20 15:01:03,14190,14190,14190,2,-2
2022-12-20 15:01:04,14190,14190,14190,2,0
2022-12-20 15:01:04,14190,14190,14190,4,0
2022-12-20 15:01:04,14190,14190,14190,2,0
2022-12-20 15:01:04,14189,14189,14189,2,-2
2022-12-20 15:01:05,14191,14191,14191,6,6
2022-12-20 15:01:05,14192,14192,14192,6,6
2022-12-20 15:01:05,14192,14192,14192,22,0
2022-12-20 15:01:05,14193,14193,14193,8,8
2022-12-20 15:01:05,14193,14193,14193,4,0
2022-12-20 15:01:05,14194,14194,14194,16,16
2022-12-20 15:01:05,14195,14195,14195,10,10
2022-12-20 15:01:05,14195,14195,14195,2,0
2022-12-20 15:01:05,14195,14195,14195,26,0
2022-12-20 15:01:06,14195,14195,14195,2,0
2022-12-20 15:01:06,14195,14195,14195,2,0
2022-12-20 15:01:06,14194,14194,14194,2,-2
2022-12-20 15:01:07,14194,14194,14194,2,0
2022-12-20 15:01:07,14195,14195,14195,2,2
2022-12-20 15:01:07,14195,14195,14195,6,0
2022-12-20 15:01:08,14194,14194,14194,6,-6
2022-12-20 15:01:08,14193,14193,14193,2,-2
2022-12-20 15:01:08,14193,14193,14193,2,0
2022-12-20 15:01:08,14194,14194,14194,2,2
2022-12-20 15:01:09,14194,14194,14194,2,0
2022-12-20 15:01:09,14193,14193,14193,2,-2
2022-12-20 15:01:09,14195,14195,14195,2,2
2022-12-20 15:01:09,14195,14195,14195,4,0
2022-12-20 15:01:09,14195,14195,14195,2,0
2022-12-20 15:01:09,14195,14195,14195,2,0
2022-12-20 15:01:09,14195,14195,14195,2,0
2022-12-20 15:01:09,14195,14195,14195,2,0
2022-12-20 15:01:09,14195,14195,14195,2,0
2022-12-20 15:01:09,14195,14195,14195,2,0
2022-12-20 15:01:09,14195,14195,14195,2,0
2022-12-20 15:01:09,14195,14195,14195,2,0
2022-12-20 15:01:09,14196,14196,14196,2,2
2022-12-20 15:01:09,14196,14196,14196,6,0
2022-12-20 15:01:09,14195,14195,14195,2,-2
2022-12-20 15:01:10,14195,14195,14195,2,0
2022-12-20 15:01:10,14195,14195,14195,4,0
2022-12-20 15:01:10,14195,14195,14195,4,0
2022-12-20 15:01:10,14194,14194,14194,2,-2
2022-12-20 15:01:11,14194,14194,14194,2,0
2022-12-20 15:01:12,14194,14194,14194,2,0
2022-12-20 15:01:13,14194,14194,14194,2,0
2022-12-20 15:01:13,14194,14194,14194,6,0
2022-12-20 15:01:13,14194,14194,14194,8,0
2022-12-20 15:01:13,14194,14194,14194,2,0
2022-12-20 15:01:13,14194,14194,14194,2,0
2022-12-20 15:01:15,14193,14193,14193,2,-2
2022-12-20 15:01:15,14193,14193,14193,2,0
2022-12-20 15:01:15,14192,14192,14192,2,-2
2022-12-20 15:01:15,14192,14192,14192,2,0
2022-12-20 15:01:15,14193,14193,14193,2,2
2022-12-20 15:01:15,14193,14193,14193,2,0
2022-12-20 15:01:15,14193,14193,14193,2,0
2022-12-20 15:01:15,14193,14193,14193,2,0
2022-12-20 15:01:15,14193,14193,14193,2,0
2022-12-20 15:01:15,14193,14193,14193,4,0
2022-12-20 15:01:15,14193,14193,14193,44,0
2022-12-20 15:01:15,14194,14194,14194,2,2
2022-12-20 15:01:17,14190,14190,14190,2,-2
2022-12-20 15:01:17,14192,14192,14192,2,2
2022-12-20 15:01:17,14192,14192,14192,2,0
2022-12-20 15:01:17,14192,14192,14192,2,0
2022-12-20 15:01:17,14192,14192,14192,4,0
2022-12-20 15:01:17,14192,14192,14192,2,0
2022-12-20 15:01:17,14192,14192,14192,4,0
2022-12-20 15:01:17,14192,14192,14192,2,0
2022-12-20 15:01:17,14193,14193,14193,4,4
2022-12-20 15:01:18,14190,14190,14190,2,-2
2022-12-20 15:01:18,14190,14190,14190,2,0
2022-12-20 15:01:18,14190,14190,14190,2,0
2022-12-20 15:01:18,14190,14190,14190,2,0
2022-12-20 15:01:18,14190,14190,14190,2,0
2022-12-20 15:01:18,14189,14189,14189,4,-4
2022-12-20 15:01:18,14189,14189,14189,2,0
2022-12-20 15:01:18,14190,14190,14190,2,2
2022-12-20 15:01:19,14190,14190,14190,2,0
2022-12-20 15:01:20,14191,14191,14191,2,2
2022-12-20 15:01:20,14191,14191,14191,2,0
2022-12-20 15:01:20,14191,14191,14191,2,0
2022-12-20 15:01:20,14190,14190,14190,2,-2
2022-12-20 15:01:20,14189,14189,14189,2,-2
2022-12-20 15:01:20,14190,14190,14190,6,6
2022-12-20 15:01:24,14190,14190,14190,4,0
2022-12-20 15:01:24,14191,14191,14191,2,2
2022-12-20 15:01:25,14190,14190,14190,2,-2
2022-12-20 15:01:25,14189,14189,14189,2,-2
2022-12-20 15:01:28,14190,14190,14190,2,2
2022-12-20 15:01:28,14190,14190,14190,4,0
2022-12-20 15:01:28,14189,14189,14189,2,-2
2022-12-20 15:01:28,14189,14189,14189,2,0
2022-12-20 15:01:28,14189,14189,14189,2,0
2022-12-20 15:01:29,14189,14189,14189,2,0
2022-12-20 15:01:29,14189,14189,14189,2,0
2022-12-20 15:01:29,14187,14187,14187,2,-2
2022-12-20 15:01:29,14188,14188,14188,2,2
2022-12-20 15:01:29,14188,14188,14188,2,0
2022-12-20 15:01:29,14189,14189,14189,2,2
2022-12-20 15:01:29,14187,14187,14187,4,-4
2022-12-20 15:01:29,14188,14188,14188,2,2
2022-12-20 15:01:29,14188,14188,14188,2,0
2022-12-20 15:01:29,14188,14188,14188,2,0
2022-12-20 15:01:29,14189,14189,14189,4,4
2022-12-20 15:01:29,14189,14189,14189,2,0
2022-12-20 15:01:29,14189,14189,14189,2,0
2022-12-20 15:01:29,14188,14188,14188,2,-2
2022-12-20 15:01:29,14188,14188,14188,2,0
2022-12-20 15:01:29,14189,14189,14189,2,2
2022-12-20 15:01:29,14188,14188,14188,2,-2
2022-12-20 15:01:29,14188,14188,14188,2,0
2022-12-20 15:01:29,14188,14188,14188,2,0
2022-12-20 15:01:29,14189,14189,14189,4,4
2022-12-20 15:01:29,14188,14188,14188,2,-2
2022-12-20 15:01:29,14188,14188,14188,4,0
2022-12-20 15:01:29,14188,14188,14188,2,0
2022-12-20 15:01:29,14188,14188,14188,4,0
2022-12-20 15:01:29,14188,14188,14188,2,0
2022-12-20 15:01:31,14187,14187,14187,2,-2
2022-12-20 15:01:31,14187,14187,14187,2,0
2022-12-20 15:01:31,14187,14187,14187,2,0
2022-12-20 15:01:31,14187,14187,14187,4,0
2022-12-20 15:01:31,14187,14187,14187,2,0
2022-12-20 15:01:31,14186,14186,14186,2,-2
2022-12-20 15:01:31,14186,14186,14186,4,0
2022-12-20 15:01:31,14186,14186,14186,4,0
2022-12-20 15:01:31,14186,14186,14186,2,0
2022-12-20 15:01:31,14186,14186,14186,2,0
2022-12-20 15:01:31,14187,14187,14187,2,2
2022-12-20 15:01:31,14185,14185,14185,2,-2
2022-12-20 15:01:31,14185,14185,14185,10,0
2022-12-20 15:01:31,14185,14185,14185,2,0
2022-12-20 15:01:32,14184,14184,14184,2,-2
2022-12-20 15:01:32,14184,14184,14184,2,0
2022-12-20 15:01:32,14184,14184,14184,2,0
2022-12-20 15:01:32,14184,14184,14184,2,0
2022-12-20 15:01:33,14185,14185,14185,18,18
2022-12-20 15:01:33,14186,14186,14186,22,22
2022-12-20 15:01:33,14185,14185,14185,4,-4
2022-12-20 15:01:33,14185,14185,14185,4,0
2022-12-20 15:01:33,14185,14185,14185,2,0
2022-12-20 15:01:33,14185,14185,14185,2,0
2022-12-20 15:01:35,14184,14184,14184,2,-2
2022-12-20 15:01:35,14184,14184,14184,4,0
2022-12-20 15:01:35,14184,14184,14184,2,0
2022-12-20 15:01:37,14184,14184,14184,2,0
2022-12-20 15:01:38,14183,14183,14183,2,-2
2022-12-20 15:01:38,14184,14184,14184,2,2
2022-12-20 15:01:38,14184,14184,14184,2,0
2022-12-20 15:01:38,14184,14184,14184,2,0
2022-12-20 15:01:38,14185,14185,14185,2,2
2022-12-20 15:01:41,14184,14184,14184,2,-2
2022-12-20 15:01:41,14184,14184,14184,2,0
2022-12-20 15:01:41,14185,14185,14185,4,4
2022-12-20 15:01:41,14185,14185,14185,4,0
2022-12-20 15:01:42,14185,14185,14185,2,0
2022-12-20 15:01:43,14185,14185,14185,10,0
2022-12-20 15:01:43,14186,14186,14186,2,2
2022-12-20 15:01:43,14187,14187,14187,6,6
2022-12-20 15:01:43,14187,14187,14187,2,0
2022-12-20 15:01:44,14185,14185,14185,2,-2
2022-12-20 15:01:44,14186,14186,14186,20,20
2022-12-20 15:01:44,14185,14185,14185,12,-12
2022-12-20 15:01:44,14185,14185,14185,4,0
2022-12-20 15:01:44,14185,14185,14185,2,0
2022-12-20 15:01:44,14185,14185,14185,2,0
2022-12-20 15:01:45,14185,14185,14185,2,0
2022-12-20 15:01:45,14184,14184,14184,10,-10
2022-12-20 15:01:45,14184,14184,14184,2,0
2022-12-20 15:01:45,14184,14184,14184,4,0
2022-12-20 15:01:45,14184,14184,14184,2,0
2022-12-20 15:01:45,14184,14184,14184,2,0
2022-12-20 15:01:46,14183,14183,14183,2,-2
2022-12-20 15:01:46,14183,14183,14183,2,0
2022-12-20 15:01:46,14183,14183,14183,2,0
2022-12-20 15:01:46,14183,14183,14183,4,0
2022-12-20 15:01:46,14183,14183,14183,2,0
2022-12-20 15:01:46,14183,14183,14183,10,0
2022-12-20 15:01:47,14182,14182,14182,2,-2
2022-12-20 15:01:47,14182,14182,14182,2,0
2022-12-20 15:01:47,14183,14183,14183,2,2
2022-12-20 15:01:47,14183,14183,14183,2,0
2022-12-20 15:01:47,14183,14183,14183,2,0
2022-12-20 15:01:47,14183,14183,14183,2,0
2022-12-20 15:01:49,14183,14183,14183,4,0
2022-12-20 15:01:53,14183,14183,14183,12,0
2022-12-20 15:01:54,14183,14183,14183,2,0
2022-12-20 15:01:55,14183,14183,14183,4,0
2022-12-20 15:01:55,14183,14183,14183,2,0
2022-12-20 15:01:55,14183,14183,14183,2,0
2022-12-20 15:01:55,14183,14183,14183,2,0
2022-12-20 15:01:55,14183,14183,14183,4,0
2022-12-20 15:01:55,14183,14183,14183,2,0
2022-12-20 15:01:55,14183,14183,14183,6,0
2022-12-20 15:01:55,14183,14183,14183,4,0
2022-12-20 15:01:55,14183,14183,14183,2,0
2022-12-20 15:01:55,14182,14182,14182,2,-2
2022-12-20 15:01:55,14182,14182,14182,2,0
2022-12-20 15:01:55,14182,14182,14182,2,0
2022-12-20 15:01:55,14182,14182,14182,2,0
2022-12-20 15:01:55,14182,14182,14182,4,0
2022-12-20 15:01:56,14183,14183,14183,2,2
2022-12-20 15:01:57,14183,14183,14183,10,0
2022-12-20 15:01:58,14183,14183,14183,2,0
2022-12-20 15:02:01,14183,14183,14183,2,0
2022-12-20 15:02:01,14183,14183,14183,14,0
2022-12-20 15:02:01,14183,14183,14183,4,0
2022-12-20 15:02:01,14183,14183,14183,2,0
2022-12-20 15:02:01,14183,14183,14183,2,0
2022-12-20 15:02:02,14183,14183,14183,2,0
2022-12-20 15:02:03,14183,14183,14183,2,0
2022-12-20 15:02:03,14183,14183,14183,2,0
2022-12-20 15:02:04,14183,14183,14183,2,0
2022-12-20 15:02:06,14183,14183,14183,6,0
2022-12-20 15:02:06,14183,14183,14183,4,0
2022-12-20 15:02:06,14183,14183,14183,2,0
2022-12-20 15:02:06,14184,14184,14184,20,20
2022-12-20 15:02:06,14184,14184,14184,12,0
2022-12-20 15:02:06,14184,14184,14184,4,0
2022-12-20 15:02:06,14184,14184,14184,2,0
2022-12-20 15:02:07,14184,14184,14184,2,0
2022-12-20 15:02:07,14184,14184,14184,2,0
2022-12-20 15:02:08,14184,14184,14184,2,0
2022-12-20 15:02:10,14183,14183,14183,2,-2
2022-12-20 15:02:11,14183,14183,14183,2,0
2022-12-20 15:02:11,14183,14183,14183,4,0
2022-12-20 15:02:11,14183,14183,14183,2,0
2022-12-20 15:02:13,14183,14183,14183,2,0
2022-12-20 15:02:16,14182,14182,14182,2,-2
2022-12-20 15:02:16,14182,14182,14182,4,0
2022-12-20 15:02:16,14182,14182,14182,2,0
2022-12-20 15:02:16,14182,14182,14182,2,0
2022-12-20 15:02:16,14182,14182,14182,2,0
2022-12-20 15:02:17,14182,14182,14182,2,0
2022-12-20 15:02:18,14183,14183,14183,2,2
2022-12-20 15:02:18,14183,14183,14183,2,0
2022-12-20 15:02:18,14183,14183,14183,2,0
2022-12-20 15:02:18,14183,14183,14183,2,0
2022-12-20 15:02:18,14183,14183,14183,2,0
2022-12-20 15:02:18,14183,14183,14183,2,0
2022-12-20 15:02:18,14183,14183,14183,2,0
2022-12-20 15:02:18,14183,14183,14183,2,0
2022-12-20 15:02:18,14183,14183,14183,14,0
2022-12-20 15:02:18,14183,14183,14183,12,0
2022-12-20 15:02:18,14183,14183,14183,2,0
2022-12-20 15:02:19,14182,14182,14182,2,-2
2022-12-20 15:02:19,14182,14182,14182,2,0
2022-12-20 15:02:20,14181,14181,14181,2,-2
2022-12-20 15:02:22,14181,14181,14181,6,0
2022-12-20 15:02:23,14181,14181,14181,2,0
2022-12-20 15:02:23,14181,14181,14181,2,0
2022-12-20 15:02:23,14181,14181,14181,2,0
2022-12-20 15:02:23,14181,14181,14181,2,0
2022-12-20 15:02:24,14182,14182,14182,2,2
2022-12-20 15:02:24,14183,14183,14183,2,2
2022-12-20 15:02:24,14182,14182,14182,2,-2
2022-12-20 15:02:25,14184,14184,14184,34,34
2022-12-20 15:02:25,14185,14185,14185,6,6
2022-12-20 15:02:26,14183,14183,14183,4,-4
2022-12-20 15:02:28,14185,14185,14185,2,2
2022-12-20 15:02:30,14185,14185,14185,2,0
2022-12-20 15:02:30,14185,14185,14185,2,0
2022-12-20 15:02:30,14185,14185,14185,2,0
2022-12-20 15:02:31,14185,14185,14185,2,0
2022-12-20 15:02:31,14185,14185,14185,10,0
2022-12-20 15:02:31,14185,14185,14185,24,0
2022-12-20 15:02:31,14185,14185,14185,2,0
2022-12-20 15:02:32,14185,14185,14185,2,0
2022-12-20 15:02:32,14186,14186,14186,2,2
2022-12-20 15:02:32,14186,14186,14186,2,0
2022-12-20 15:02:32,14188,14188,14188,2,2
2022-12-20 15:02:32,14188,14188,14188,4,0
2022-12-20 15:02:32,14188,14188,14188,4,0
2022-12-20 15:02:32,14188,14188,14188,6,0
2022-12-20 15:02:33,14187,14187,14187,2,-2
2022-12-20 15:02:34,14186,14186,14186,2,-2
2022-12-20 15:02:34,14186,14186,14186,2,0
2022-12-20 15:02:34,14186,14186,14186,2,0
2022-12-20 15:02:35,14187,14187,14187,2,2
2022-12-20 15:02:36,14186,14186,14186,4,-4
2022-12-20 15:02:36,14186,14186,14186,4,0
2022-12-20 15:02:36,14186,14186,14186,2,0
2022-12-20 15:02:37,14187,14187,14187,2,2
2022-12-20 15:02:38,14186,14186,14186,4,-4
2022-12-20 15:02:39,14186,14186,14186,2,0
2022-12-20 15:02:40,14185,14185,14185,2,-2
2022-12-20 15:02:40,14185,14185,14185,2,0
2022-12-20 15:02:40,14185,14185,14185,4,0
2022-12-20 15:02:40,14185,14185,14185,2,0
2022-12-20 15:02:42,14185,14185,14185,2,0
2022-12-20 15:02:45,14185,14185,14185,2,0
2022-12-20 15:02:45,14185,14185,14185,2,0
2022-12-20 15:02:48,14185,14185,14185,2,0
2022-12-20 15:02:48,14185,14185,14185,10,0
2022-12-20 15:02:51,14186,14186,14186,20,20
2022-12-20 15:02:51,14187,14187,14187,20,20
2022-12-20 15:02:54,14186,14186,14186,2,-2
2022-12-20 15:02:54,14185,14185,14185,2,-2
2022-12-20 15:02:54,14185,14185,14185,4,0
2022-12-20 15:02:54,14185,14185,14185,4,0
2022-12-20 15:02:57,14187,14187,14187,4,4
2022-12-20 15:02:57,14185,14185,14185,4,-4
2022-12-20 15:02:58,14186,14186,14186,2,2
2022-12-20 15:02:58,14185,14185,14185,2,-2
2022-12-20 15:02:59,14187,14187,14187,2,2
2022-12-20 15:03:00,14187,14187,14187,2,0
2022-12-20 15:03:00,14187,14187,14187,4,0
2022-12-20 15:03:00,14187,14187,14187,2,0
2022-12-20 15:03:00,14187,14187,14187,4,0
2022-12-20 15:03:00,14187,14187,14187,8,0
2022-12-20 15:03:00,14187,14187,14187,2,0
2022-12-20 15:03:00,14188,14188,14188,6,6
2022-12-20 15:03:00,14188,14188,14188,2,0
2022-12-20 15:03:00,14188,14188,14188,2,0
2022-12-20 15:03:00,14188,14188,14188,2,0
2022-12-20 15:03:00,14188,14188,14188,2,0
2022-12-20 15:03:00,14188,14188,14188,2,0
2022-12-20 15:03:00,14189,14189,14189,6,6
2022-12-20 15:03:00,14189,14189,14189,8,0
2022-12-20 15:03:01,14187,14187,14187,2,-2
2022-12-20 15:03:03,14188,14188,14188,2,2
2022-12-20 15:03:03,14188,14188,14188,2,0
2022-12-20 15:03:04,14188,14188,14188,2,0
2022-12-20 15:03:04,14189,14189,14189,2,2
2022-12-20 15:03:05,14187,14187,14187,2,-2
2022-12-20 15:03:06,14189,14189,14189,26,26
2022-12-20 15:03:06,14189,14189,14189,4,0
2022-12-20 15:03:07,14189,14189,14189,4,0
2022-12-20 15:03:09,14190,14190,14190,2,2
2022-12-20 15:03:13,14189,14189,14189,2,-2
2022-12-20 15:03:13,14190,14190,14190,2,2
2022-12-20 15:03:13,14190,14190,14190,2,0
2022-12-20 15:03:13,14190,14190,14190,2,0
2022-12-20 15:03:13,14190,14190,14190,2,0
2022-12-20 15:03:13,14190,14190,14190,2,0
2022-12-20 15:03:13,14190,14190,14190,2,0
2022-12-20 15:03:13,14190,14190,14190,2,0
2022-12-20 15:03:13,14190,14190,14190,2,0
2022-12-20 15:03:13,14190,14190,14190,2,0
2022-12-20 15:03:13,14190,14190,14190,2,0
2022-12-20 15:03:13,14190,14190,14190,24,0
2022-12-20 15:03:13,14191,14191,14191,2,2
2022-12-20 15:03:13,14191,14191,14191,4,0
2022-12-20 15:03:13,14191,14191,14191,2,0
2022-12-20 15:03:13,14191,14191,14191,4,0
2022-12-20 15:03:14,14191,14191,14191,2,0
2022-12-20 15:03:14,14192,14192,14192,2,2
2022-12-20 15:03:14,14192,14192,14192,2,0
2022-12-20 15:03:14,14192,14192,14192,2,0
2022-12-20 15:03:15,14192,14192,14192,8,0
2022-12-20 15:03:15,14192,14192,14192,10,0
2022-12-20 15:03:15,14193,14193,14193,2,2
2022-12-20 15:03:15,14193,14193,14193,12,0
2022-12-20 15:03:15,14194,14194,14194,8,8
2022-12-20 15:03:15,14194,14194,14194,18,0
2022-12-20 15:03:15,14194,14194,14194,2,0
2022-12-20 15:03:15,14195,14195,14195,4,4
2022-12-20 15:03:15,14195,14195,14195,4,0
2022-12-20 15:03:15,14195,14195,14195,4,0
2022-12-20 15:03:15,14194,14194,14194,8,-8
2022-12-20 15:03:15,14195,14195,14195,6,6
2022-12-20 15:03:15,14194,14194,14194,2,-2
2022-12-20 15:03:16,14193,14193,14193,2,-2
2022-12-20 15:03:16,14193,14193,14193,2,0
2022-12-20 15:03:16,14194,14194,14194,2,2
2022-12-20 15:03:16,14194,14194,14194,2,0
2022-12-20 15:03:16,14194,14194,14194,2,0
2022-12-20 15:03:16,14194,14194,14194,2,0
2022-12-20 15:03:16,14194,14194,14194,2,0
2022-12-20 15:03:16,14194,14194,14194,2,0
2022-12-20 15:03:16,14194,14194,14194,2,0
2022-12-20 15:03:16,14195,14195,14195,4,4
2022-12-20 15:03:18,14194,14194,14194,2,-2
2022-12-20 15:03:20,14192,14192,14192,2,-2
2022-12-20 15:03:20,14192,14192,14192,2,0
2022-12-20 15:03:21,14193,14193,14193,2,2
2022-12-20 15:03:21,14193,14193,14193,4,0
2022-12-20 15:03:24,14193,14193,14193,2,0
2022-12-20 15:03:27,14192,14192,14192,2,-2
2022-12-20 15:03:27,14192,14192,14192,2,0
2022-12-20 15:03:27,14192,14192,14192,2,0
2022-12-20 15:03:27,14192,14192,14192,4,0
2022-12-20 15:03:28,14192,14192,14192,2,0
2022-12-20 15:03:28,14192,14192,14192,2,0
2022-12-20 15:03:31,14190,14190,14190,2,-2
2022-12-20 15:03:34,14191,14191,14191,2,2
2022-12-20 15:03:36,14192,14192,14192,6,6
2022-12-20 15:03:38,14191,14191,14191,2,-2
2022-12-20 15:03:38,14192,14192,14192,2,2
2022-12-20 15:03:39,14191,14191,14191,2,-2
2022-12-20 15:03:39,14192,14192,14192,2,2
2022-12-20 15:03:39,14192,14192,14192,2,0
2022-12-20 15:03:39,14193,14193,14193,2,2
2022-12-20 15:03:39,14193,14193,14193,2,0
2022-12-20 15:03:40,14192,14192,14192,2,-2
2022-12-20 15:03:42,14192,14192,14192,2,0
2022-12-20 15:03:42,14193,14193,14193,4,4
2022-12-20 15:03:42,14193,14193,14193,10,0
2022-12-20 15:03:43,14192,14192,14192,2,-2
2022-12-20 15:03:43,14194,14194,14194,4,4
2022-12-20 15:03:45,14192,14192,14192,2,-2
2022-12-20 15:03:45,14192,14192,14192,4,0
2022-12-20 15:03:45,14192,14192,14192,2,0
2022-12-20 15:03:45,14192,14192,14192,2,0
2022-12-20 15:03:45,14192,14192,14192,4,0
2022-12-20 15:03:45,14192,14192,14192,2,0
2022-12-20 15:03:45,14192,14192,14192,2,0
2022-12-20 15:03:45,14192,14192,14192,2,0
2022-12-20 15:03:45,14192,14192,14192,2,0
2022-12-20 15:03:45,14192,14192,14192,2,0
2022-12-20 15:03:45,14192,14192,14192,8,0
2022-12-20 15:03:45,14193,14193,14193,2,2
2022-12-20 15:03:45,14193,14193,14193,10,0
2022-12-20 15:03:47,14193,14193,14193,4,0
2022-12-20 15:03:49,14193,14193,14193,2,0
2022-12-20 15:03:50,14193,14193,14193,4,0
2022-12-20 15:03:50,14193,14193,14193,2,0
2022-12-20 15:03:51,14192,14192,14192,2,-2
2022-12-20 15:03:51,14191,14191,14191,2,-2
2022-12-20 15:03:51,14191,14191,14191,2,0
2022-12-20 15:03:55,14191,14191,14191,2,0
2022-12-20 15:03:56,14191,14191,14191,2,0
2022-12-20 15:03:57,14191,14191,14191,2,0
2022-12-20 15:03:58,14191,14191,14191,6,0
2022-12-20 15:03:59,14191,14191,14191,2,0
2022-12-20 15:04:04,14191,14191,14191,6,0
2022-12-20 15:04:04,14191,14191,14191,2,0
2022-12-20 15:04:04,14191,14191,14191,2,0
2022-12-20 15:04:04,14191,14191,14191,2,0
2022-12-20 15:04:04,14190,14190,14190,2,-2
2022-12-20 15:04:04,14190,14190,14190,6,0
2022-12-20 15:04:04,14190,14190,14190,2,0
2022-12-20 15:04:04,14190,14190,14190,2,0
2022-12-20 15:04:04,14190,14190,14190,4,0
2022-12-20 15:04:04,14190,14190,14190,2,0
2022-12-20 15:04:04,14190,14190,14190,2,0
2022-12-20 15:04:04,14190,14190,14190,4,0
2022-12-20 15:04:04,14190,14190,14190,2,0
2022-12-20 15:04:04,14190,14190,14190,2,0
2022-12-20 15:04:04,14192,14192,14192,2,2
2022-12-20 15:04:04,14190,14190,14190,2,-2
2022-12-20 15:04:05,14190,14190,14190,2,0
2022-12-20 15:04:06,14191,14191,14191,6,6
2022-12-20 15:04:08,14192,14192,14192,12,12
2022-12-20 15:04:10,14191,14191,14191,2,-2
2022-12-20 15:04:10,14191,14191,14191,2,0
2022-12-20 15:04:14,14191,14191,14191,22,0
2022-12-20 15:04:14,14190,14190,14190,2,-2
2022-12-20 15:04:15,14190,14190,14190,2,0
2022-12-20 15:04:19,14192,14192,14192,2,2
2022-12-20 15:04:23,14191,14191,14191,2,-2
2022-12-20 15:04:23,14191,14191,14191,2,0
2022-12-20 15:04:23,14191,14191,14191,2,0
2022-12-20 15:04:24,14191,14191,14191,2,0
2022-12-20 15:04:30,14191,14191,14191,2,0
2022-12-20 15:04:33,14190,14190,14190,2,-2
2022-12-20 15:04:33,14190,14190,14190,2,0
2022-12-20 15:04:33,14190,14190,14190,2,0
2022-12-20 15:04:35,14191,14191,14191,2,2
2022-12-20 15:04:36,14191,14191,14191,2,0
2022-12-20 15:04:40,14190,14190,14190,2,-2
2022-12-20 15:04:42,14191,14191,14191,2,2
2022-12-20 15:04:42,14190,14190,14190,4,-4
2022-12-20 15:04:42,14190,14190,14190,6,0
2022-12-20 15:04:42,14190,14190,14190,2,0
2022-12-20 15:04:42,14190,14190,14190,2,0
2022-12-20 15:04:42,14190,14190,14190,2,0
2022-12-20 15:04:42,14190,14190,14190,2,0
2022-12-20 15:04:45,14189,14189,14189,2,-2
2022-12-20 15:04:45,14189,14189,14189,2,0
2022-12-20 15:04:47,14189,14189,14189,2,0
2022-12-20 15:04:48,14190,14190,14190,4,4
2022-12-20 15:04:55,14189,14189,14189,4,-4
2022-12-20 15:04:55,14189,14189,14189,2,0
2022-12-20 15:04:55,14189,14189,14189,2,0
2022-12-20 15:04:55,14189,14189,14189,2,0
2022-12-20 15:04:55,14189,14189,14189,4,0
2022-12-20 15:04:55,14189,14189,14189,2,0
2022-12-20 15:05:00,14188,14188,14188,2,-2
2022-12-20 15:05:00,14189,14189,14189,2,2
2022-12-20 15:05:00,14190,14190,14190,2,2
2022-12-20 15:05:00,14190,14190,14190,2,0
2022-12-20 15:05:00,14190,14190,14190,2,0
2022-12-20 15:05:00,14188,14188,14188,2,-2
2022-12-20 15:05:00,14190,14190,14190,2,2
2022-12-20 15:05:00,14188,14188,14188,2,-2
2022-12-20 15:05:01,14189,14189,14189,6,6
2022-12-20 15:05:01,14189,14189,14189,2,0
2022-12-20 15:05:01,14190,14190,14190,16,16
2022-12-20 15:05:05,14189,14189,14189,6,-6
2022-12-20 15:05:05,14190,14190,14190,2,2
2022-12-20 15:05:05,14188,14188,14188,4,-4
2022-12-20 15:05:06,14188,14188,14188,2,0
2022-12-20 15:05:06,14188,14188,14188,2,0
2022-12-20 15:05:06,14188,14188,14188,2,0
2022-12-20 15:05:08,14189,14189,14189,2,2
2022-12-20 15:05:08,14188,14188,14188,2,-2
2022-12-20 15:05:08,14188,14188,14188,2,0
2022-12-20 15:05:08,14188,14188,14188,2,0
2022-12-20 15:05:08,14188,14188,14188,2,0
2022-12-20 15:05:08,14188,14188,14188,4,0
2022-12-20 15:05:08,14189,14189,14189,2,2
2022-12-20 15:05:11,14189,14189,14189,2,0
2022-12-20 15:05:11,14190,14190,14190,2,2
2022-12-20 15:05:11,14190,14190,14190,2,0
2022-12-20 15:05:11,14190,14190,14190,4,0
2022-12-20 15:05:11,14190,14190,14190,8,0
2022-12-20 15:05:11,14190,14190,14190,4,0
2022-12-20 15:05:11,14190,14190,14190,10,0
2022-12-20 15:05:13,14190,14190,14190,2,0
2022-12-20 15:05:14,14191,14191,14191,22,22
2022-12-20 15:05:14,14192,14192,14192,2,2
2022-12-20 15:05:14,14192,14192,14192,10,0
2022-12-20 15:05:14,14192,14192,14192,2,0
2022-12-20 15:05:14,14192,14192,14192,2,0
2022-12-20 15:05:14,14192,14192,14192,8,0
2022-12-20 15:05:14,14192,14192,14192,2,0
2022-12-20 15:05:14,14192,14192,14192,2,0
2022-12-20 15:05:14,14192,14192,14192,8,0
2022-12-20 15:05:14,14192,14192,14192,44,0
2022-12-20 15:05:15,14192,14192,14192,2,0
2022-12-20 15:05:16,14190,14190,14190,2,-2
2022-12-20 15:05:16,14190,14190,14190,4,0
2022-12-20 15:05:16,14190,14190,14190,2,0
2022-12-20 15:05:16,14190,14190,14190,2,0
2022-12-20 15:05:16,14191,14191,14191,2,2
2022-12-20 15:05:16,14191,14191,14191,2,0
2022-12-20 15:05:16,14192,14192,14192,2,2
2022-12-20 15:05:16,14192,14192,14192,2,0
2022-12-20 15:05:18,14190,14190,14190,2,-2
2022-12-20 15:05:24,14190,14190,14190,2,0
2022-12-20 15:05:24,14192,14192,14192,4,4
2022-12-20 15:05:28,14192,14192,14192,6,0
2022-12-20 15:05:28,14192,14192,14192,2,0
2022-12-20 15:05:34,14191,14191,14191,2,-2
2022-12-20 15:05:34,14192,14192,14192,2,2
2022-12-20 15:05:34,14190,14190,14190,6,-6
2022-12-20 15:05:34,14190,14190,14190,2,0
2022-12-20 15:05:34,14190,14190,14190,2,0
2022-12-20 15:05:35,14190,14190,14190,2,0
2022-12-20 15:05:35,14190,14190,14190,2,0
2022-12-20 15:05:38,14190,14190,14190,2,0
2022-12-20 15:05:41,14191,14191,14191,2,2
2022-12-20 15:05:42,14191,14191,14191,2,0
2022-12-20 15:05:42,14191,14191,14191,2,0
2022-12-20 15:05:42,14191,14191,14191,2,0
2022-12-20 15:05:42,14192,14192,14192,2,2
2022-12-20 15:05:52,14190,14190,14190,2,-2
2022-12-20 15:05:56,14190,14190,14190,2,0
2022-12-20 15:05:56,14189,14189,14189,2,-2
2022-12-20 15:05:56,14191,14191,14191,2,2
2022-12-20 15:05:57,14190,14190,14190,2,-2
2022-12-20 15:05:59,14190,14190,14190,2,0
2022-12-20 15:06:00,14191,14191,14191,8,8
2022-12-20 15:06:05,14189,14189,14189,2,-2
2022-12-20 15:06:05,14191,14191,14191,2,2
2022-12-20 15:06:10,14190,14190,14190,2,-2
2022-12-20 15:06:10,14190,14190,14190,2,0
2022-12-20 15:06:10,14190,14190,14190,2,0
2022-12-20 15:06:10,14190,14190,14190,2,0
2022-12-20 15:06:10,14190,14190,14190,4,0
2022-12-20 15:06:10,14190,14190,14190,4,0
2022-12-20 15:06:10,14190,14190,14190,2,0
2022-12-20 15:06:10,14190,14190,14190,2,0
2022-12-20 15:06:11,14190,14190,14190,6,0
2022-12-20 15:06:11,14190,14190,14190,2,0
2022-12-20 15:06:11,14190,14190,14190,2,0
2022-12-20 15:06:13,14191,14191,14191,2,2
2022-12-20 15:06:13,14191,14191,14191,2,0
2022-12-20 15:06:13,14191,14191,14191,2,0
2022-12-20 15:06:13,14191,14191,14191,2,0
2022-12-20 15:06:13,14191,14191,14191,36,0
2022-12-20 15:06:13,14191,14191,14191,2,0
2022-12-20 15:06:15,14192,14192,14192,2,2
2022-12-20 15:06:16,14192,14192,14192,8,0
2022-12-20 15:06:18,14192,14192,14192,2,0
2022-12-20 15:06:18,14192,14192,14192,2,0
2022-12-20 15:06:18,14192,14192,14192,4,0
2022-12-20 15:06:18,14192,14192,14192,4,0
2022-12-20 15:06:18,14192,14192,14192,2,0
2022-12-20 15:06:18,14192,14192,14192,2,0
2022-12-20 15:06:18,14192,14192,14192,4,0
2022-12-20 15:06:18,14192,14192,14192,2,0
2022-12-20 15:06:18,14193,14193,14193,2,2
2022-12-20 15:06:20,14192,14192,14192,2,-2
2022-12-20 15:06:23,14193,14193,14193,34,34
2022-12-20 15:06:24,14193,14193,14193,2,0
2022-12-20 15:06:24,14192,14192,14192,2,-2
2022-12-20 15:06:24,14192,14192,14192,2,0
2022-12-20 15:06:24,14192,14192,14192,2,0
2022-12-20 15:06:24,14192,14192,14192,2,0
2022-12-20 15:06:24,14192,14192,14192,2,0
2022-12-20 15:06:24,14192,14192,14192,2,0
2022-12-20 15:06:24,14194,14194,14194,8,8
2022-12-20 15:06:25,14194,14194,14194,4,0
2022-12-20 15:06:25,14192,14192,14192,2,-2
2022-12-20 15:06:25,14192,14192,14192,2,0
2022-12-20 15:06:25,14193,14193,14193,2,2
2022-12-20 15:06:32,14193,14193,14193,2,0
2022-12-20 15:06:37,14192,14192,14192,2,-2
2022-12-20 15:06:38,14192,14192,14192,2,0
2022-12-20 15:06:52,14192,14192,14192,2,0
2022-12-20 15:07:01,14192,14192,14192,2,0
2022-12-20 15:07:01,14192,14192,14192,2,0
2022-12-20 15:07:02,14192,14192,14192,2,0
2022-12-20 15:07:05,14191,14191,14191,34,-34
2022-12-20 15:07:05,14191,14191,14191,2,0
2022-12-20 15:07:05,14191,14191,14191,2,0
2022-12-20 15:07:05,14191,14191,14191,2,0
2022-12-20 15:07:05,14191,14191,14191,4,0
2022-12-20 15:07:05,14191,14191,14191,2,0
2022-12-20 15:07:05,14191,14191,14191,4,0
2022-12-20 15:07:05,14191,14191,14191,2,0
2022-12-20 15:07:05,14190,14190,14190,2,-2
2022-12-20 15:07:08,14189,14189,14189,2,-2
2022-12-20 15:07:08,14189,14189,14189,2,0
2022-12-20 15:07:08,14189,14189,14189,2,0
2022-12-20 15:07:08,14189,14189,14189,2,0
2022-12-20 15:07:08,14188,14188,14188,2,-2
2022-12-20 15:07:08,14188,14188,14188,2,0
2022-12-20 15:07:08,14188,14188,14188,2,0
2022-12-20 15:07:08,14188,14188,14188,2,0
2022-12-20 15:07:08,14188,14188,14188,4,0
2022-12-20 15:07:09,14187,14187,14187,2,-2
2022-12-20 15:07:09,14187,14187,14187,2,0
2022-12-20 15:07:09,14187,14187,14187,4,0
2022-12-20 15:07:09,14187,14187,14187,2,0
2022-12-20 15:07:10,14186,14186,14186,2,-2
2022-12-20 15:07:10,14186,14186,14186,2,0
2022-12-20 15:07:10,14186,14186,14186,2,0
2022-12-20 15:07:12,14187,14187,14187,2,2
2022-12-20 15:07:15,14187,14187,14187,2,0
2022-12-20 15:07:19,14187,14187,14187,2,0
2022-12-20 15:07:20,14187,14187,14187,2,0
2022-12-20 15:07:24,14187,14187,14187,2,0
2022-12-20 15:07:28,14186,14186,14186,2,-2
2022-12-20 15:07:30,14186,14186,14186,2,0
2022-12-20 15:07:31,14187,14187,14187,4,4
2022-12-20 15:07:31,14187,14187,14187,2,0
2022-12-20 15:07:31,14187,14187,14187,2,0
2022-12-20 15:07:31,14187,14187,14187,2,0
2022-12-20 15:07:31,14187,14187,14187,2,0
2022-12-20 15:07:31,14186,14186,14186,4,-4
2022-12-20 15:07:35,14186,14186,14186,6,0
2022-12-20 15:07:35,14187,14187,14187,4,4
2022-12-20 15:07:39,14187,14187,14187,2,0
2022-12-20 15:07:40,14187,14187,14187,2,0
2022-12-20 15:07:43,14187,14187,14187,2,0
2022-12-20 15:07:43,14186,14186,14186,2,-2
2022-12-20 15:07:52,14187,14187,14187,4,4
2022-12-20 15:07:53,14186,14186,14186,2,-2
2022-12-20 15:07:57,14187,14187,14187,2,2
2022-12-20 15:07:59,14187,14187,14187,2,0
2022-12-20 15:08:02,14187,14187,14187,2,0
2022-12-20 15:08:04,14187,14187,14187,2,0
2022-12-20 15:08:07,14186,14186,14186,2,-2
2022-12-20 15:08:07,14186,14186,14186,6,0
2022-12-20 15:08:07,14186,14186,14186,6,0
2022-12-20 15:08:07,14186,14186,14186,2,0
2022-12-20 15:08:07,14186,14186,14186,2,0
2022-12-20 15:08:07,14186,14186,14186,2,0
2022-12-20 15:08:07,14186,14186,14186,2,0
2022-12-20 15:08:07,14186,14186,14186,2,0
2022-12-20 15:08:07,14186,14186,14186,6,0
2022-12-20 15:08:07,14186,14186,14186,4,0
2022-12-20 15:08:07,14186,14186,14186,2,0
2022-12-20 15:08:07,14186,14186,14186,2,0
2022-12-20 15:08:07,14186,14186,14186,2,0
2022-12-20 15:08:07,14186,14186,14186,2,0
2022-12-20 15:08:07,14186,14186,14186,2,0
2022-12-20 15:08:07,14186,14186,14186,2,0
2022-12-20 15:08:07,14186,14186,14186,2,0
2022-12-20 15:08:07,14186,14186,14186,2,0
2022-12-20 15:08:08,14186,14186,14186,6,0
2022-12-20 15:08:09,14185,14185,14185,2,-2
2022-12-20 15:08:11,14185,14185,14185,2,0
2022-12-20 15:08:14,14185,14185,14185,2,0
2022-12-20 15:08:15,14186,14186,14186,4,4
2022-12-20 15:08:16,14185,14185,14185,2,-2
2022-12-20 15:08:16,14185,14185,14185,2,0
2022-12-20 15:08:16,14185,14185,14185,4,0
2022-12-20 15:08:16,14185,14185,14185,2,0
2022-12-20 15:08:16,14185,14185,14185,2,0
2022-12-20 15:08:21,14185,14185,14185,2,0
2022-12-20 15:08:21,14185,14185,14185,2,0
2022-12-20 15:08:21,14185,14185,14185,2,0
2022-12-20 15:08:21,14185,14185,14185,2,0
2022-12-20 15:08:22,14184,14184,14184,2,-2
2022-12-20 15:08:23,14185,14185,14185,4,4
2022-12-20 15:08:26,14185,14185,14185,2,0
2022-12-20 15:08:27,14184,14184,14184,2,-2
2022-12-20 15:08:28,14184,14184,14184,2,0
2022-12-20 15:08:31,14185,14185,14185,4,4
2022-12-20 15:08:35,14185,14185,14185,2,0
2022-12-20 15:08:38,14185,14185,14185,2,0
2022-12-20 15:08:38,14185,14185,14185,2,0
2022-12-20 15:08:40,14185,14185,14185,2,0
2022-12-20 15:08:40,14185,14185,14185,2,0
2022-12-20 15:08:40,14185,14185,14185,2,0
2022-12-20 15:08:40,14185,14185,14185,2,0
2022-12-20 15:08:40,14185,14185,14185,2,0
2022-12-20 15:08:40,14185,14185,14185,2,0
2022-12-20 15:08:40,14184,14184,14184,2,-2
2022-12-20 15:08:41,14186,14186,14186,6,6
2022-12-20 15:08:53,14184,14184,14184,2,-2
2022-12-20 15:08:54,14185,14185,14185,2,2
2022-12-20 15:08:56,14185,14185,14185,6,0
2022-12-20 15:09:00,14184,14184,14184,2,-2
2022-12-20 15:09:00,14184,14184,14184,2,0
2022-12-20 15:09:00,14184,14184,14184,4,0
2022-12-20 15:09:00,14184,14184,14184,2,0
2022-12-20 15:09:00,14184,14184,14184,2,0
2022-12-20 15:09:00,14184,14184,14184,2,0
2022-12-20 15:09:00,14184,14184,14184,2,0
2022-12-20 15:09:00,14184,14184,14184,2,0
2022-12-20 15:09:00,14184,14184,14184,2,0
2022-12-20 15:09:00,14184,14184,14184,2,0
2022-12-20 15:09:04,14183,14183,14183,2,-2
2022-12-20 15:09:05,14185,14185,14185,2,2
2022-12-20 15:09:05,14185,14185,14185,2,0
2022-12-20 15:09:10,14184,14184,14184,2,-2
2022-12-20 15:09:10,14183,14183,14183,2,-2
2022-12-20 15:09:11,14183,14183,14183,2,0
2022-12-20 15:09:11,14184,14184,14184,2,2
2022-12-20 15:09:13,14183,14183,14183,4,-4
2022-12-20 15:09:13,14183,14183,14183,2,0
2022-12-20 15:09:13,14183,14183,14183,4,0
2022-12-20 15:09:13,14183,14183,14183,2,0
2022-12-20 15:09:20,14183,14183,14183,2,0
2022-12-20 15:09:20,14183,14183,14183,2,0
2022-12-20 15:09:20,14182,14182,14182,2,-2
2022-12-20 15:09:24,14183,14183,14183,2,2
2022-12-20 15:09:24,14184,14184,14184,2,2
2022-12-20 15:09:24,14184,14184,14184,2,0
2022-12-20 15:09:25,14183,14183,14183,2,-2
2022-12-20 15:09:28,14184,14184,14184,2,2
2022-12-20 15:09:32,14183,14183,14183,2,-2
2022-12-20 15:09:33,14184,14184,14184,6,6
2022-12-20 15:09:33,14185,14185,14185,2,2
2022-12-20 15:09:34,14184,14184,14184,2,-2
2022-12-20 15:09:34,14184,14184,14184,2,0
2022-12-20 15:09:34,14184,14184,14184,6,0
2022-12-20 15:09:34,14184,14184,14184,2,0
2022-12-20 15:09:34,14184,14184,14184,6,0
2022-12-20 15:09:34,14184,14184,14184,2,0
2022-12-20 15:09:34,14184,14184,14184,2,0
2022-12-20 15:09:35,14183,14183,14183,2,-2
2022-12-20 15:09:36,14183,14183,14183,2,0
2022-12-20 15:09:36,14183,14183,14183,2,0
2022-12-20 15:09:41,14184,14184,14184,4,4
2022-12-20 15:09:48,14184,14184,14184,2,0
2022-12-20 15:09:57,14184,14184,14184,2,0
2022-12-20 15:10:00,14184,14184,14184,2,0
2022-12-20 15:10:00,14184,14184,14184,2,0
2022-12-20 15:10:01,14183,14183,14183,2,-2
2022-12-20 15:10:01,14183,14183,14183,2,0
2022-12-20 15:10:01,14183,14183,14183,2,0
2022-12-20 15:10:05,14182,14182,14182,2,-2
2022-12-20 15:10:06,14182,14182,14182,2,0
2022-12-20 15:10:10,14182,14182,14182,2,0
2022-12-20 15:10:12,14182,14182,14182,2,0
2022-12-20 15:10:12,14183,14183,14183,2,2
2022-12-20 15:10:12,14184,14184,14184,2,2
2022-12-20 15:10:12,14184,14184,14184,2,0
2022-12-20 15:10:12,14184,14184,14184,2,0
2022-12-20 15:10:13,14183,14183,14183,2,-2
2022-12-20 15:10:21,14183,14183,14183,2,0
2022-12-20 15:10:21,14182,14182,14182,8,-8
2022-12-20 15:10:23,14182,14182,14182,10,0
2022-12-20 15:10:25,14182,14182,14182,6,0
2022-12-20 15:10:25,14182,14182,14182,2,0
2022-12-20 15:10:25,14182,14182,14182,2,0
2022-12-20 15:10:26,14182,14182,14182,2,0
2022-12-20 15:10:26,14182,14182,14182,2,0
2022-12-20 15:10:26,14182,14182,14182,2,0
2022-12-20 15:10:29,14183,14183,14183,10,10
2022-12-20 15:10:29,14184,14184,14184,4,4
2022-12-20 15:10:29,14184,14184,14184,2,0
2022-12-20 15:10:32,14182,14182,14182,2,-2
2022-12-20 15:10:32,14182,14182,14182,2,0
2022-12-20 15:10:32,14182,14182,14182,2,0
2022-12-20 15:10:32,14184,14184,14184,2,2
2022-12-20 15:10:38,14183,14183,14183,4,-4
2022-12-20 15:10:42,14183,14183,14183,16,0
2022-12-20 15:10:42,14184,14184,14184,2,2
2022-12-20 15:10:42,14184,14184,14184,2,0
2022-12-20 15:10:42,14184,14184,14184,2,0
2022-12-20 15:10:48,14183,14183,14183,2,-2
2022-12-20 15:10:50,14184,14184,14184,2,2
2022-12-20 15:10:50,14184,14184,14184,12,0
2022-12-20 15:10:51,14184,14184,14184,2,0
2022-12-20 15:10:52,14185,14185,14185,2,2
2022-12-20 15:10:56,14185,14185,14185,2,0
2022-12-20 15:10:57,14186,14186,14186,10,10
2022-12-20 15:10:57,14186,14186,14186,4,0
2022-12-20 15:10:57,14186,14186,14186,22,0
2022-12-20 15:10:59,14186,14186,14186,2,0
2022-12-20 15:11:12,14186,14186,14186,6,0
2022-12-20 15:11:15,14186,14186,14186,2,0
2022-12-20 15:11:16,14187,14187,14187,4,4
2022-12-20 15:11:16,14187,14187,14187,2,0
2022-12-20 15:11:16,14187,14187,14187,2,0
2022-12-20 15:11:17,14188,14188,14188,2,2
2022-12-20 15:11:18,14188,14188,14188,2,0
2022-12-20 15:11:18,14188,14188,14188,24,0
2022-12-20 15:11:19,14189,14189,14189,4,4
2022-12-20 15:11:19,14189,14189,14189,2,0
2022-12-20 15:11:23,14190,14190,14190,2,2
2022-12-20 15:11:24,14190,14190,14190,2,0
2022-12-20 15:11:25,14189,14189,14189,2,-2
2022-12-20 15:11:27,14189,14189,14189,2,0
2022-12-20 15:11:27,14189,14189,14189,2,0
2022-12-20 15:11:27,14189,14189,14189,2,0
2022-12-20 15:11:29,14189,14189,14189,2,0
2022-12-20 15:11:32,14187,14187,14187,2,-2
2022-12-20 15:11:32,14186,14186,14186,2,-2
2022-12-20 15:11:32,14186,14186,14186,2,0
2022-12-20 15:11:32,14186,14186,14186,2,0
2022-12-20 15:11:32,14186,14186,14186,2,0
2022-12-20 15:11:32,14186,14186,14186,2,0
2022-12-20 15:11:32,14186,14186,14186,2,0
2022-12-20 15:11:32,14186,14186,14186,2,0
2022-12-20 15:11:32,14186,14186,14186,4,0
2022-12-20 15:11:33,14185,14185,14185,8,-8
2022-12-20 15:11:33,14185,14185,14185,2,0
2022-12-20 15:11:33,14185,14185,14185,2,0
2022-12-20 15:11:33,14185,14185,14185,2,0
2022-12-20 15:11:33,14185,14185,14185,2,0
2022-12-20 15:11:33,14185,14185,14185,4,0
2022-12-20 15:11:35,14186,14186,14186,2,2
2022-12-20 15:11:41,14185,14185,14185,2,-2
2022-12-20 15:11:44,14186,14186,14186,2,2
2022-12-20 15:11:47,14187,14187,14187,18,18
2022-12-20 15:11:47,14188,14188,14188,8,8
2022-12-20 15:11:48,14187,14187,14187,2,-2
2022-12-20 15:11:49,14188,14188,14188,4,4
2022-12-20 15:11:51,14189,14189,14189,2,2
2022-12-20 15:11:54,14190,14190,14190,20,20
2022-12-20 15:11:54,14191,14191,14191,6,6
2022-12-20 15:11:56,14192,14192,14192,2,2
2022-12-20 15:11:56,14192,14192,14192,2,0
2022-12-20 15:11:58,14192,14192,14192,2,0
2022-12-20 15:11:59,14191,14191,14191,2,-2
2022-12-20 15:11:59,14191,14191,14191,2,0
2022-12-20 15:12:00,14192,14192,14192,2,2
2022-12-20 15:12:00,14192,14192,14192,2,0
2022-12-20 15:12:00,14191,14191,14191,2,-2
2022-12-20 15:12:01,14191,14191,14191,2,0
2022-12-20 15:12:01,14191,14191,14191,2,0
2022-12-20 15:12:01,14191,14191,14191,2,0
2022-12-20 15:12:01,14191,14191,14191,2,0
2022-12-20 15:12:01,14191,14191,14191,2,0
2022-12-20 15:12:02,14191,14191,14191,2,0
2022-12-20 15:12:04,14191,14191,14191,10,0
2022-12-20 15:12:05,14191,14191,14191,2,0
2022-12-20 15:12:15,14190,14190,14190,2,-2
2022-12-20 15:12:19,14189,14189,14189,2,-2
2022-12-20 15:12:22,14189,14189,14189,2,0
2022-12-20 15:12:28,14190,14190,14190,2,2
2022-12-20 15:12:29,14190,14190,14190,2,0
2022-12-20 15:12:30,14189,14189,14189,2,-2
2022-12-20 15:12:32,14190,14190,14190,4,4
2022-12-20 15:12:32,14190,14190,14190,6,0
2022-12-20 15:12:33,14190,14190,14190,2,0
2022-12-20 15:12:35,14191,14191,14191,6,6
2022-12-20 15:12:35,14190,14190,14190,2,-2
2022-12-20 15:12:38,14190,14190,14190,2,0
2022-12-20 15:12:38,14190,14190,14190,2,0
2022-12-20 15:12:38,14190,14190,14190,2,0
2022-12-20 15:12:38,14190,14190,14190,2,0
2022-12-20 15:12:38,14190,14190,14190,2,0
2022-12-20 15:12:44,14190,14190,14190,2,0
2022-12-20 15:12:44,14190,14190,14190,6,0
2022-12-20 15:12:44,14190,14190,14190,2,0
2022-12-20 15:12:46,14190,14190,14190,2,0
2022-12-20 15:12:48,14190,14190,14190,2,0
2022-12-20 15:12:52,14190,14190,14190,2,0
2022-12-20 15:12:52,14190,14190,14190,2,0
2022-12-20 15:12:59,14189,14189,14189,2,-2
2022-12-20 15:13:02,14190,14190,14190,2,2
2022-12-20 15:13:03,14190,14190,14190,10,0
2022-12-20 15:13:13,14190,14190,14190,2,0
2022-12-20 15:13:14,14189,14189,14189,2,-2
2022-12-20 15:13:17,14189,14189,14189,2,0
2022-12-20 15:13:22,14190,14190,14190,2,2
2022-12-20 15:13:28,14189,14189,14189,6,-6
2022-12-20 15:13:29,14189,14189,14189,2,0
2022-12-20 15:13:32,14189,14189,14189,2,0
2022-12-20 15:13:32,14189,14189,14189,10,0
2022-12-20 15:13:32,14189,14189,14189,2,0
2022-12-20 15:13:32,14189,14189,14189,2,0
2022-12-20 15:13:32,14189,14189,14189,2,0
2022-12-20 15:13:38,14189,14189,14189,2,0
2022-12-20 15:13:41,14189,14189,14189,2,0
2022-12-20 15:13:45,14189,14189,14189,2,0
2022-12-20 15:13:45,14189,14189,14189,2,0
2022-12-20 15:13:45,14189,14189,14189,2,0
2022-12-20 15:13:45,14189,14189,14189,2,0
2022-12-20 15:13:45,14189,14189,14189,2,0
2022-12-20 15:13:45,14189,14189,14189,2,0
2022-12-20 15:13:49,14190,14190,14190,18,18
2022-12-20 15:13:52,14191,14191,14191,10,10
2022-12-20 15:13:56,14192,14192,14192,2,2
2022-12-20 15:13:59,14192,14192,14192,2,0
2022-12-20 15:14:01,14191,14191,14191,2,-2
2022-12-20 15:14:01,14191,14191,14191,2,0
2022-12-20 15:14:01,14191,14191,14191,2,0
2022-12-20 15:14:02,14192,14192,14192,2,2
2022-12-20 15:14:04,14192,14192,14192,2,0
2022-12-20 15:14:15,14191,14191,14191,2,-2
2022-12-20 15:14:16,14192,14192,14192,2,2
2022-12-20 15:14:18,14191,14191,14191,2,-2
2022-12-20 15:14:18,14191,14191,14191,2,0
2022-12-20 15:14:20,14191,14191,14191,2,0
2022-12-20 15:14:23,14191,14191,14191,2,0
2022-12-20 15:14:29,14191,14191,14191,2,0
2022-12-20 15:14:29,14191,14191,14191,8,0
2022-12-20 15:14:31,14191,14191,14191,2,0
2022-12-20 15:14:31,14192,14192,14192,10,10
2022-12-20 15:14:31,14192,14192,14192,14,0
2022-12-20 15:14:32,14193,14193,14193,2,2
2022-12-20 15:14:33,14192,14192,14192,2,-2
2022-12-20 15:14:37,14192,14192,14192,2,0
2022-12-20 15:14:38,14192,14192,14192,10,0
2022-12-20 15:14:39,14192,14192,14192,2,0
2022-12-20 15:14:41,14192,14192,14192,2,0
2022-12-20 15:14:45,14191,14191,14191,2,-2
2022-12-20 15:14:50,14190,14190,14190,2,-2
2022-12-20 15:14:50,14190,14190,14190,2,0
2022-12-20 15:14:50,14190,14190,14190,2,0
2022-12-20 15:14:51,14189,14189,14189,2,-2
2022-12-20 15:14:51,14189,14189,14189,10,0
2022-12-20 15:14:51,14189,14189,14189,2,0
2022-12-20 15:14:51,14189,14189,14189,2,0
2022-12-20 15:14:55,14188,14188,14188,2,-2
2022-12-20 15:14:55,14188,14188,14188,6,0
2022-12-20 15:14:55,14188,14188,14188,2,0
2022-12-20 15:14:55,14188,14188,14188,2,0
2022-12-20 15:14:56,14187,14187,14187,2,-2
2022-12-20 15:15:01,14188,14188,14188,2,2
2022-12-20 15:15:01,14189,14189,14189,2,2
2022-12-20 15:15:02,14189,14189,14189,2,0
2022-12-20 15:15:04,14189,14189,14189,6,0
2022-12-20 15:15:04,14190,14190,14190,2,2
2022-12-20 15:15:04,14189,14189,14189,2,-2
2022-12-20 15:15:04,14189,14189,14189,4,0
2022-12-20 15:15:04,14189,14189,14189,4,0
2022-12-20 15:15:04,14189,14189,14189,2,0
2022-12-20 15:15:04,14188,14188,14188,2,-2
2022-12-20 15:15:04,14188,14188,14188,2,0
2022-12-20 15:15:08,14189,14189,14189,2,2
2022-12-20 15:15:12,14188,14188,14188,2,-2
2022-12-20 15:15:12,14188,14188,14188,2,0
2022-12-20 15:15:12,14187,14187,14187,2,-2
2022-12-20 15:15:12,14188,14188,14188,2,2
2022-12-20 15:15:12,14188,14188,14188,2,0
2022-12-20 15:15:13,14188,14188,14188,2,0
2022-12-20 15:15:15,14188,14188,14188,2,0
2022-12-20 15:15:15,14187,14187,14187,2,-2
2022-12-20 15:15:15,14187,14187,14187,2,0
2022-12-20 15:15:31,14188,14188,14188,2,2
2022-12-20 15:15:31,14188,14188,14188,2,0
2022-12-20 15:15:31,14189,14189,14189,2,2
2022-12-20 15:15:32,14189,14189,14189,2,0
2022-12-20 15:15:32,14189,14189,14189,2,0
2022-12-20 15:15:32,14189,14189,14189,2,0
2022-12-20 15:15:32,14189,14189,14189,2,0
2022-12-20 15:15:44,14190,14190,14190,2,2
2022-12-20 15:15:44,14191,14191,14191,4,4
2022-12-20 15:15:47,14192,14192,14192,4,4
2022-12-20 15:15:47,14193,14193,14193,2,2
2022-12-20 15:15:47,14193,14193,14193,2,0
2022-12-20 15:15:47,14193,14193,14193,2,0
2022-12-20 15:15:47,14193,14193,14193,16,0
2022-12-20 15:15:48,14194,14194,14194,2,2
2022-12-20 15:15:48,14194,14194,14194,2,0
2022-12-20 15:15:48,14194,14194,14194,2,0
2022-12-20 15:15:48,14194,14194,14194,2,0
2022-12-20 15:15:48,14194,14194,14194,12,0
2022-12-20 15:15:48,14195,14195,14195,6,6
2022-12-20 15:15:49,14195,14195,14195,2,0
2022-12-20 15:15:49,14194,14194,14194,2,-2
2022-12-20 15:15:49,14194,14194,14194,2,0
2022-12-20 15:15:49,14194,14194,14194,2,0
2022-12-20 15:15:50,14194,14194,14194,2,0
2022-12-20 15:15:51,14193,14193,14193,2,-2
2022-12-20 15:15:53,14194,14194,14194,2,2
2022-12-20 15:15:54,14194,14194,14194,2,0
2022-12-20 15:15:55,14194,14194,14194,2,0
2022-12-20 15:15:56,14194,14194,14194,2,0
2022-12-20 15:16:01,14194,14194,14194,2,0
2022-12-20 15:16:01,14194,14194,14194,2,0
2022-12-20 15:16:01,14194,14194,14194,2,0
2022-12-20 15:16:01,14194,14194,14194,2,0
2022-12-20 15:16:01,14194,14194,14194,2,0
2022-12-20 15:16:01,14194,14194,14194,2,0
2022-12-20 15:16:09,14193,14193,14193,2,-2
2022-12-20 15:16:09,14193,14193,14193,2,0
2022-12-20 15:16:12,14193,14193,14193,2,0
2022-12-20 15:16:12,14194,14194,14194,2,2
2022-12-20 15:16:12,14194,14194,14194,2,0
2022-12-20 15:16:12,14194,14194,14194,2,0
2022-12-20 15:16:12,14194,14194,14194,2,0
2022-12-20 15:16:12,14194,14194,14194,2,0
2022-12-20 15:16:12,14195,14195,14195,2,2
2022-12-20 15:16:14,14194,14194,14194,2,-2
2022-12-20 15:16:28,14194,14194,14194,2,0
2022-12-20 15:16:28,14194,14194,14194,2,0
2022-12-20 15:16:31,14194,14194,14194,2,0
2022-12-20 15:16:31,14194,14194,14194,2,0
2022-12-20 15:16:31,14194,14194,14194,2,0
2022-12-20 15:16:31,14194,14194,14194,2,0
2022-12-20 15:16:31,14194,14194,14194,2,0
2022-12-20 15:16:31,14194,14194,14194,2,0
2022-12-20 15:16:31,14194,14194,14194,2,0
2022-12-20 15:16:31,14195,14195,14195,4,4
2022-12-20 15:16:31,14195,14195,14195,2,0
2022-12-20 15:16:31,14195,14195,14195,2,0
2022-12-20 15:16:31,14195,14195,14195,4,0
2022-12-20 15:16:34,14195,14195,14195,2,0
2022-12-20 15:16:35,14195,14195,14195,2,0
2022-12-20 15:16:39,14194,14194,14194,2,-2
2022-12-20 15:16:39,14194,14194,14194,2,0
2022-12-20 15:16:39,14194,14194,14194,4,0
2022-12-20 15:16:39,14194,14194,14194,2,0
2022-12-20 15:16:41,14194,14194,14194,2,0
2022-12-20 15:16:41,14194,14194,14194,2,0
2022-12-20 15:16:41,14194,14194,14194,2,0
2022-12-20 15:16:41,14194,14194,14194,2,0
2022-12-20 15:16:41,14194,14194,14194,2,0
2022-12-20 15:16:41,14194,14194,14194,2,0
2022-12-20 15:16:41,14194,14194,14194,2,0
2022-12-20 15:16:41,14195,14195,14195,2,2
2022-12-20 15:16:41,14195,14195,14195,2,0
2022-12-20 15:16:41,14195,14195,14195,2,0
2022-12-20 15:16:41,14195,14195,14195,2,0
2022-12-20 15:16:41,14195,14195,14195,2,0
2022-12-20 15:16:41,14195,14195,14195,2,0
2022-12-20 15:16:41,14195,14195,14195,2,0
2022-12-20 15:16:45,14195,14195,14195,2,0
2022-12-20 15:16:46,14194,14194,14194,2,-2
2022-12-20 15:16:49,14195,14195,14195,2,2
2022-12-20 15:16:49,14195,14195,14195,2,0
2022-12-20 15:16:49,14195,14195,14195,2,0
2022-12-20 15:16:50,14195,14195,14195,24,0
2022-12-20 15:16:51,14195,14195,14195,2,0
2022-12-20 15:16:51,14195,14195,14195,2,0
2022-12-20 15:16:51,14195,14195,14195,6,0
2022-12-20 15:16:53,14196,14196,14196,2,2
2022-12-20 15:16:53,14196,14196,14196,4,0
2022-12-20 15:16:53,14196,14196,14196,6,0
2022-12-20 15:16:53,14196,14196,14196,2,0
2022-12-20 15:16:53,14196,14196,14196,2,0
2022-12-20 15:16:53,14196,14196,14196,2,0
2022-12-20 15:16:53,14196,14196,14196,2,0
2022-12-20 15:16:54,14196,14196,14196,24,0
2022-12-20 15:16:54,14196,14196,14196,2,0
2022-12-20 15:16:54,14196,14196,14196,2,0
2022-12-20 15:16:54,14196,14196,14196,2,0
2022-12-20 15:16:58,14197,14197,14197,2,2
2022-12-20 15:16:58,14197,14197,14197,2,0
2022-12-20 15:16:58,14197,14197,14197,4,0
2022-12-20 15:16:58,14197,14197,14197,2,0
2022-12-20 15:16:59,14197,14197,14197,2,0
2022-12-20 15:16:59,14197,14197,14197,2,0
2022-12-20 15:16:59,14195,14195,14195,2,-2
2022-12-20 15:16:59,14195,14195,14195,2,0
2022-12-20 15:16:59,14195,14195,14195,2,0
2022-12-20 15:16:59,14195,14195,14195,2,0
2022-12-20 15:16:59,14195,14195,14195,2,0
2022-12-20 15:16:59,14196,14196,14196,2,2
2022-12-20 15:16:59,14196,14196,14196,2,0
2022-12-20 15:16:59,14197,14197,14197,2,2
2022-12-20 15:16:59,14196,14196,14196,2,-2
2022-12-20 15:17:03,14195,14195,14195,2,-2
2022-12-20 15:17:04,14196,14196,14196,2,2
2022-12-20 15:17:10,14196,14196,14196,2,0
2022-12-20 15:17:11,14196,14196,14196,4,0
2022-12-20 15:17:12,14195,14195,14195,2,-2
2022-12-20 15:17:12,14195,14195,14195,4,0
2022-12-20 15:17:12,14195,14195,14195,2,0
2022-12-20 15:17:12,14195,14195,14195,2,0
2022-12-20 15:17:16,14195,14195,14195,2,0
2022-12-20 15:17:20,14194,14194,14194,2,-2
2022-12-20 15:17:20,14193,14193,14193,2,-2
2022-12-20 15:17:21,14194,14194,14194,2,2
2022-12-20 15:17:23,14194,14194,14194,2,0
2022-12-20 15:17:25,14194,14194,14194,2,0
2022-12-20 15:17:26,14194,14194,14194,2,0
2022-12-20 15:17:29,14194,14194,14194,2,0
2022-12-20 15:17:32,14194,14194,14194,2,0
2022-12-20 15:17:34,14194,14194,14194,4,0
2022-12-20 15:17:34,14194,14194,14194,2,0
2022-12-20 15:17:34,14194,14194,14194,2,0
2022-12-20 15:17:37,14194,14194,14194,2,0
2022-12-20 15:17:37,14195,14195,14195,32,32
2022-12-20 15:17:37,14195,14195,14195,6,0
2022-12-20 15:17:37,14195,14195,14195,2,0
2022-12-20 15:17:37,14194,14194,14194,2,-2
2022-12-20 15:17:44,14194,14194,14194,4,0
2022-12-20 15:17:49,14194,14194,14194,2,0
2022-12-20 15:17:50,14193,14193,14193,2,-2
2022-12-20 15:17:50,14193,14193,14193,2,0
2022-12-20 15:17:50,14193,14193,14193,2,0
2022-12-20 15:17:54,14192,14192,14192,2,-2
2022-12-20 15:17:57,14192,14192,14192,4,0
2022-12-20 15:17:58,14191,14191,14191,2,-2
2022-12-20 15:17:58,14191,14191,14191,4,0
2022-12-20 15:17:58,14191,14191,14191,2,0
2022-12-20 15:17:58,14191,14191,14191,2,0
2022-12-20 15:17:58,14191,14191,14191,4,0
2022-12-20 15:17:58,14191,14191,14191,2,0
2022-12-20 15:17:59,14191,14191,14191,2,0
2022-12-20 15:18:00,14191,14191,14191,2,0
2022-12-20 15:18:00,14190,14190,14190,4,-4
2022-12-20 15:18:00,14190,14190,14190,2,0
2022-12-20 15:18:00,14190,14190,14190,4,0
2022-12-20 15:18:01,14190,14190,14190,2,0
2022-12-20 15:18:03,14190,14190,14190,2,0
2022-12-20 15:18:09,14189,14189,14189,2,-2
2022-12-20 15:18:18,14190,14190,14190,4,4
2022-12-20 15:18:18,14189,14189,14189,2,-2
2022-12-20 15:18:27,14189,14189,14189,2,0
2022-12-20 15:18:27,14189,14189,14189,2,0
2022-12-20 15:18:30,14190,14190,14190,2,2
2022-12-20 15:18:30,14190,14190,14190,4,0
2022-12-20 15:18:31,14191,14191,14191,2,2
2022-12-20 15:18:31,14192,14192,14192,2,2
2022-12-20 15:18:31,14191,14191,14191,2,-2
2022-12-20 15:18:32,14192,14192,14192,2,2
2022-12-20 15:18:38,14191,14191,14191,2,-2
2022-12-20 15:18:43,14190,14190,14190,2,-2
2022-12-20 15:18:48,14189,14189,14189,2,-2
2022-12-20 15:18:48,14189,14189,14189,2,0
2022-12-20 15:18:55,14189,14189,14189,2,0
2022-12-20 15:19:02,14190,14190,14190,2,2
2022-12-20 15:19:03,14190,14190,14190,2,0
2022-12-20 15:19:05,14190,14190,14190,2,0
2022-12-20 15:19:06,14190,14190,14190,2,0
2022-12-20 15:19:08,14189,14189,14189,2,-2
2022-12-20 15:19:08,14189,14189,14189,6,0
2022-12-20 15:19:08,14189,14189,14189,6,0
2022-12-20 15:19:08,14189,14189,14189,2,0
2022-12-20 15:19:08,14189,14189,14189,2,0
2022-12-20 15:19:08,14189,14189,14189,2,0
2022-12-20 15:19:15,14188,14188,14188,2,-2
2022-12-20 15:19:32,14189,14189,14189,2,2
2022-12-20 15:19:33,14188,14188,14188,2,-2
2022-12-20 15:19:34,14188,14188,14188,2,0
2022-12-20 15:19:36,14188,14188,14188,2,0
2022-12-20 15:19:41,14188,14188,14188,2,0
2022-12-20 15:19:41,14188,14188,14188,2,0
2022-12-20 15:19:41,14188,14188,14188,2,0
2022-12-20 15:19:43,14189,14189,14189,2,2
2022-12-20 15:19:43,14189,14189,14189,2,0
2022-12-20 15:19:46,14190,14190,14190,2,2
2022-12-20 15:19:46,14190,14190,14190,4,0
2022-12-20 15:19:49,14190,14190,14190,2,0
2022-12-20 15:19:55,14189,14189,14189,2,-2
2022-12-20 15:19:57,14189,14189,14189,2,0
2022-12-20 15:20:00,14189,14189,14189,2,0
2022-12-20 15:20:00,14189,14189,14189,2,0
2022-12-20 15:20:00,14189,14189,14189,4,0
2022-12-20 15:20:00,14189,14189,14189,2,0
2022-12-20 15:20:00,14189,14189,14189,2,0
2022-12-20 15:20:00,14189,14189,14189,2,0
2022-12-20 15:20:14,14187,14187,14187,2,-2
2022-12-20 15:20:14,14188,14188,14188,2,2
2022-12-20 15:20:15,14187,14187,14187,2,-2
2022-12-20 15:20:15,14187,14187,14187,2,0
2022-12-20 15:20:15,14187,14187,14187,2,0
2022-12-20 15:20:15,14187,14187,14187,2,0
2022-12-20 15:20:22,14187,14187,14187,2,0
2022-12-20 15:20:26,14188,14188,14188,2,2
2022-12-20 15:20:26,14188,14188,14188,2,0
2022-12-20 15:20:26,14188,14188,14188,2,0
2022-12-20 15:20:26,14188,14188,14188,2,0
2022-12-20 15:20:26,14188,14188,14188,2,0
2022-12-20 15:20:26,14188,14188,14188,2,0
2022-12-20 15:20:26,14188,14188,14188,2,0
2022-12-20 15:20:26,14188,14188,14188,2,0
2022-12-20 15:20:26,14188,14188,14188,2,0
2022-12-20 15:20:26,14188,14188,14188,2,0
2022-12-20 15:20:26,14188,14188,14188,2,0
2022-12-20 15:20:26,14188,14188,14188,2,0
2022-12-20 15:20:26,14188,14188,14188,2,0
2022-12-20 15:20:29,14188,14188,14188,2,0
2022-12-20 15:20:32,14188,14188,14188,2,0
2022-12-20 15:20:35,14187,14187,14187,14,-14
2022-12-20 15:20:41,14187,14187,14187,2,0
2022-12-20 15:20:43,14187,14187,14187,2,0
2022-12-20 15:20:46,14187,14187,14187,2,0
2022-12-20 15:20:59,14187,14187,14187,2,0
2022-12-20 15:20:59,14187,14187,14187,2,0
2022-12-20 15:21:01,14186,14186,14186,4,-4
2022-12-20 15:21:01,14186,14186,14186,2,0
2022-12-20 15:21:01,14186,14186,14186,2,0
2022-12-20 15:21:01,14186,14186,14186,2,0
2022-12-20 15:21:01,14186,14186,14186,2,0
2022-12-20 15:21:01,14186,14186,14186,2,0
2022-12-20 15:21:01,14186,14186,14186,2,0
2022-12-20 15:21:01,14186,14186,14186,2,0
2022-12-20 15:21:01,14186,14186,14186,2,0
2022-12-20 15:21:01,14186,14186,14186,2,0
2022-12-20 15:21:04,14186,14186,14186,2,0
2022-12-20 15:21:04,14187,14187,14187,2,2
2022-12-20 15:21:12,14188,14188,14188,4,4
2022-12-20 15:21:13,14188,14188,14188,2,0
2022-12-20 15:21:13,14188,14188,14188,2,0
2022-12-20 15:21:22,14188,14188,14188,22,0
2022-12-20 15:21:23,14189,14189,14189,28,28
2022-12-20 15:21:32,14187,14187,14187,2,-2
2022-12-20 15:21:44,14186,14186,14186,2,-2
2022-12-20 15:21:44,14186,14186,14186,2,0
2022-12-20 15:21:49,14186,14186,14186,2,0
2022-12-20 15:21:49,14186,14186,14186,2,0
2022-12-20 15:21:59,14186,14186,14186,2,0
2022-12-20 15:21:59,14185,14185,14185,2,-2
2022-12-20 15:22:00,14186,14186,14186,2,2
2022-12-20 15:22:00,14186,14186,14186,2,0
2022-12-20 15:22:03,14186,14186,14186,2,0
2022-12-20 15:22:03,14185,14185,14185,4,-4
2022-12-20 15:22:03,14185,14185,14185,2,0
2022-12-20 15:22:03,14185,14185,14185,2,0
2022-12-20 15:22:03,14185,14185,14185,2,0
2022-12-20 15:22:03,14185,14185,14185,2,0
2022-12-20 15:22:03,14185,14185,14185,2,0
2022-12-20 15:22:03,14185,14185,14185,4,0
2022-12-20 15:22:05,14184,14184,14184,2,-2
2022-12-20 15:22:05,14184,14184,14184,2,0
2022-12-20 15:22:05,14184,14184,14184,2,0
2022-12-20 15:22:05,14184,14184,14184,2,0
2022-12-20 15:22:05,14184,14184,14184,2,0
2022-12-20 15:22:08,14185,14185,14185,2,2
2022-12-20 15:22:09,14185,14185,14185,2,0
2022-12-20 15:22:09,14185,14185,14185,2,0
2022-12-20 15:22:09,14185,14185,14185,2,0
2022-12-20 15:22:09,14185,14185,14185,4,0
2022-12-20 15:22:11,14187,14187,14187,6,6
2022-12-20 15:22:16,14185,14185,14185,2,-2
2022-12-20 15:22:16,14185,14185,14185,2,0
2022-12-20 15:22:17,14185,14185,14185,2,0
2022-12-20 15:22:24,14185,14185,14185,2,0
2022-12-20 15:22:29,14184,14184,14184,2,-2
2022-12-20 15:22:37,14184,14184,14184,2,0
2022-12-20 15:22:37,14184,14184,14184,2,0
2022-12-20 15:22:37,14184,14184,14184,2,0
2022-12-20 15:22:37,14184,14184,14184,2,0
2022-12-20 15:22:37,14184,14184,14184,2,0
2022-12-20 15:22:37,14184,14184,14184,2,0
2022-12-20 15:22:37,14184,14184,14184,2,0
2022-12-20 15:22:38,14184,14184,14184,8,0
2022-12-20 15:22:42,14183,14183,14183,2,-2
2022-12-20 15:22:42,14183,14183,14183,2,0
2022-12-20 15:22:43,14183,14183,14183,2,0
2022-12-20 15:22:43,14183,14183,14183,2,0
2022-12-20 15:22:44,14183,14183,14183,2,0
2022-12-20 15:22:44,14183,14183,14183,2,0
2022-12-20 15:22:44,14183,14183,14183,2,0
2022-12-20 15:22:44,14183,14183,14183,2,0
2022-12-20 15:22:44,14183,14183,14183,2,0
2022-12-20 15:22:44,14183,14183,14183,2,0
2022-12-20 15:22:44,14183,14183,14183,2,0
2022-12-20 15:22:44,14183,14183,14183,2,0
2022-12-20 15:22:44,14183,14183,14183,4,0
2022-12-20 15:22:44,14183,14183,14183,2,0
2022-12-20 15:22:44,14183,14183,14183,14,0
2022-12-20 15:22:44,14183,14183,14183,2,0
2022-12-20 15:22:44,14183,14183,14183,2,0
2022-12-20 15:22:44,14183,14183,14183,2,0
2022-12-20 15:22:44,14182,14182,14182,2,-2
2022-12-20 15:22:44,14182,14182,14182,2,0
2022-12-20 15:22:44,14182,14182,14182,2,0
2022-12-20 15:22:47,14182,14182,14182,2,0
2022-12-20 15:22:52,14182,14182,14182,2,0
2022-12-20 15:22:55,14182,14182,14182,2,0
2022-12-20 15:22:56,14182,14182,14182,2,0
2022-12-20 15:23:00,14182,14182,14182,2,0
2022-12-20 15:23:00,14182,14182,14182,2,0
2022-12-20 15:23:00,14182,14182,14182,2,0
2022-12-20 15:23:01,14182,14182,14182,2,0
2022-12-20 15:23:01,14182,14182,14182,2,0
2022-12-20 15:23:01,14182,14182,14182,2,0
2022-12-20 15:23:02,14182,14182,14182,2,0
2022-12-20 15:23:04,14183,14183,14183,18,18
2022-12-20 15:23:04,14183,14183,14183,2,0
2022-12-20 15:23:08,14182,14182,14182,2,-2
2022-12-20 15:23:10,14183,14183,14183,4,4
2022-12-20 15:23:10,14184,14184,14184,6,6
2022-12-20 15:23:11,14183,14183,14183,2,-2
2022-12-20 15:23:11,14184,14184,14184,10,10
2022-12-20 15:23:12,14182,14182,14182,2,-2
2022-12-20 15:23:16,14182,14182,14182,2,0
2022-12-20 15:23:21,14183,14183,14183,2,2
2022-12-20 15:23:21,14183,14183,14183,4,0
2022-12-20 15:23:22,14183,14183,14183,2,0
2022-12-20 15:23:24,14185,14185,14185,2,2
2022-12-20 15:23:27,14184,14184,14184,2,-2
2022-12-20 15:23:27,14183,14183,14183,6,-6
2022-12-20 15:23:27,14185,14185,14185,2,2
2022-12-20 15:23:29,14184,14184,14184,2,-2
2022-12-20 15:23:42,14184,14184,14184,4,0
2022-12-20 15:23:46,14184,14184,14184,2,0
2022-12-20 15:23:46,14184,14184,14184,2,0
2022-12-20 15:23:48,14184,14184,14184,2,0
2022-12-20 15:23:48,14183,14183,14183,2,-2
2022-12-20 15:23:50,14183,14183,14183,2,0
2022-12-20 15:23:53,14183,14183,14183,2,0
2022-12-20 15:23:54,14183,14183,14183,20,0
2022-12-20 15:23:54,14183,14183,14183,2,0
2022-12-20 15:23:54,14183,14183,14183,2,0
2022-12-20 15:23:54,14183,14183,14183,2,0
2022-12-20 15:23:54,14183,14183,14183,2,0
2022-12-20 15:23:54,14183,14183,14183,2,0
2022-12-20 15:23:54,14183,14183,14183,2,0
2022-12-20 15:23:54,14182,14182,14182,2,-2
2022-12-20 15:23:54,14182,14182,14182,2,0
2022-12-20 15:23:54,14182,14182,14182,2,0
2022-12-20 15:23:54,14182,14182,14182,4,0
2022-12-20 15:23:54,14182,14182,14182,2,0
2022-12-20 15:24:00,14182,14182,14182,20,0
2022-12-20 15:24:02,14182,14182,14182,2,0
2022-12-20 15:24:04,14181,14181,14181,2,-2
2022-12-20 15:24:04,14181,14181,14181,2,0
2022-12-20 15:24:04,14181,14181,14181,2,0
2022-12-20 15:24:04,14181,14181,14181,2,0
2022-12-20 15:24:04,14181,14181,14181,2,0
2022-12-20 15:24:04,14181,14181,14181,8,0
2022-12-20 15:24:04,14181,14181,14181,2,0
2022-12-20 15:24:04,14181,14181,14181,2,0
2022-12-20 15:24:04,14181,14181,14181,24,0
2022-12-20 15:24:04,14181,14181,14181,2,0
2022-12-20 15:24:04,14181,14181,14181,2,0
2022-12-20 15:24:04,14181,14181,14181,2,0
2022-12-20 15:24:04,14181,14181,14181,2,0
2022-12-20 15:24:04,14181,14181,14181,6,0
2022-12-20 15:24:04,14181,14181,14181,2,0
2022-12-20 15:24:04,14181,14181,14181,2,0
2022-12-20 15:24:04,14180,14180,14180,2,-2
2022-12-20 15:24:04,14181,14181,14181,2,2
2022-12-20 15:24:04,14180,14180,14180,2,-2
2022-12-20 15:24:04,14181,14181,14181,2,2
2022-12-20 15:24:05,14180,14180,14180,2,-2
2022-12-20 15:24:05,14180,14180,14180,2,0
2022-12-20 15:24:05,14180,14180,14180,2,0
2022-12-20 15:24:05,14180,14180,14180,2,0
2022-12-20 15:24:05,14180,14180,14180,2,0
2022-12-20 15:24:05,14180,14180,14180,2,0
2022-12-20 15:24:05,14180,14180,14180,2,0
2022-12-20 15:24:05,14180,14180,14180,2,0
2022-12-20 15:24:05,14179,14179,14179,2,-2
2022-12-20 15:24:05,14179,14179,14179,2,0
2022-12-20 15:24:05,14179,14179,14179,2,0
2022-12-20 15:24:05,14179,14179,14179,2,0
2022-12-20 15:24:05,14179,14179,14179,2,0
2022-12-20 15:24:05,14179,14179,14179,2,0
2022-12-20 15:24:05,14180,14180,14180,32,32
2022-12-20 15:24:05,14179,14179,14179,2,-2
2022-12-20 15:24:05,14179,14179,14179,2,0
2022-12-20 15:24:05,14179,14179,14179,4,0
2022-12-20 15:24:05,14179,14179,14179,2,0
2022-12-20 15:24:05,14179,14179,14179,2,0
2022-12-20 15:24:06,14179,14179,14179,2,0
2022-12-20 15:24:08,14178,14178,14178,2,-2
2022-12-20 15:24:08,14178,14178,14178,2,0
2022-12-20 15:24:09,14178,14178,14178,2,0
2022-12-20 15:24:09,14178,14178,14178,2,0
2022-12-20 15:24:10,14179,14179,14179,2,2
2022-12-20 15:24:11,14178,14178,14178,4,-4
2022-12-20 15:24:11,14178,14178,14178,2,0
2022-12-20 15:24:12,14178,14178,14178,4,0
2022-12-20 15:24:12,14178,14178,14178,8,0
2022-12-20 15:24:12,14178,14178,14178,2,0
2022-12-20 15:24:12,14178,14178,14178,6,0
2022-12-20 15:24:12,14178,14178,14178,2,0
2022-12-20 15:24:12,14178,14178,14178,2,0
2022-12-20 15:24:12,14178,14178,14178,2,0
2022-12-20 15:24:12,14178,14178,14178,2,0
2022-12-20 15:24:12,14178,14178,14178,2,0
2022-12-20 15:24:13,14177,14177,14177,6,-6
2022-12-20 15:24:13,14178,14178,14178,2,2
2022-12-20 15:24:18,14177,14177,14177,4,-4
2022-12-20 15:24:18,14177,14177,14177,6,0
2022-12-20 15:24:18,14177,14177,14177,2,0
2022-12-20 15:24:18,14177,14177,14177,2,0
2022-12-20 15:24:19,14177,14177,14177,2,0
2022-12-20 15:24:21,14176,14176,14176,4,-4
2022-12-20 15:24:21,14176,14176,14176,2,0
2022-12-20 15:24:21,14176,14176,14176,2,0
2022-12-20 15:24:21,14176,14176,14176,2,0
2022-12-20 15:24:21,14175,14175,14175,2,-2
2022-12-20 15:24:21,14175,14175,14175,2,0
2022-12-20 15:24:21,14175,14175,14175,2,0
2022-12-20 15:24:21,14175,14175,14175,2,0
2022-12-20 15:24:21,14175,14175,14175,2,0
2022-12-20 15:24:21,14175,14175,14175,2,0
2022-12-20 15:24:21,14175,14175,14175,2,0
2022-12-20 15:24:21,14174,14174,14174,2,-2
2022-12-20 15:24:21,14174,14174,14174,2,0
2022-12-20 15:24:21,14174,14174,14174,2,0
2022-12-20 15:24:21,14174,14174,14174,2,0
2022-12-20 15:24:21,14174,14174,14174,4,0
2022-12-20 15:24:21,14174,14174,14174,2,0
2022-12-20 15:24:22,14174,14174,14174,2,0
2022-12-20 15:24:23,14174,14174,14174,2,0
2022-12-20 15:24:23,14175,14175,14175,4,4
2022-12-20 15:24:24,14175,14175,14175,2,0
2022-12-20 15:24:25,14175,14175,14175,2,0
2022-12-20 15:24:25,14174,14174,14174,4,-4
2022-12-20 15:24:26,14175,14175,14175,2,2
2022-12-20 15:24:26,14175,14175,14175,2,0
2022-12-20 15:24:27,14175,14175,14175,2,0
2022-12-20 15:24:27,14175,14175,14175,2,0
2022-12-20 15:24:28,14174,14174,14174,2,-2
2022-12-20 15:24:28,14174,14174,14174,2,0
2022-12-20 15:24:28,14174,14174,14174,2,0
2022-12-20 15:24:30,14174,14174,14174,4,0
2022-12-20 15:24:31,14175,14175,14175,2,2
2022-12-20 15:24:31,14174,14174,14174,2,-2
2022-12-20 15:24:32,14174,14174,14174,2,0
2022-12-20 15:24:33,14174,14174,14174,2,0
2022-12-20 15:24:33,14175,14175,14175,8,8
2022-12-20 15:24:38,14174,14174,14174,2,-2
2022-12-20 15:24:39,14173,14173,14173,2,-2
2022-12-20 15:24:39,14173,14173,14173,2,0
2022-12-20 15:24:41,14174,14174,14174,10,10
2022-12-20 15:24:41,14174,14174,14174,6,0
2022-12-20 15:24:41,14173,14173,14173,2,-2
2022-12-20 15:24:42,14175,14175,14175,2,2
2022-12-20 15:24:42,14173,14173,14173,2,-2
2022-12-20 15:24:42,14175,14175,14175,2,2
2022-12-20 15:24:44,14173,14173,14173,2,-2
2022-12-20 15:24:45,14173,14173,14173,2,0
2022-12-20 15:24:46,14173,14173,14173,2,0
2022-12-20 15:24:49,14174,14174,14174,4,4
2022-12-20 15:24:49,14175,14175,14175,6,6
2022-12-20 15:24:52,14173,14173,14173,2,-2
2022-12-20 15:24:53,14174,14174,14174,2,2
2022-12-20 15:24:54,14173,14173,14173,2,-2
2022-12-20 15:24:55,14173,14173,14173,4,0
2022-12-20 15:24:57,14173,14173,14173,4,0
2022-12-20 15:24:59,14173,14173,14173,10,0
2022-12-20 15:25:01,14173,14173,14173,4,0
2022-12-20 15:25:01,14173,14173,14173,2,0
2022-12-20 15:25:02,14174,14174,14174,2,2
2022-12-20 15:25:04,14173,14173,14173,4,-4
2022-12-20 15:25:04,14173,14173,14173,2,0
2022-12-20 15:25:05,14173,14173,14173,2,0
2022-12-20 15:25:05,14174,14174,14174,8,8
2022-12-20 15:25:06,14174,14174,14174,2,0
2022-12-20 15:25:06,14174,14174,14174,4,0
2022-12-20 15:25:06,14174,14174,14174,2,0
2022-12-20 15:25:10,14174,14174,14174,4,0
2022-12-20 15:25:10,14174,14174,14174,2,0
2022-12-20 15:25:10,14174,14174,14174,4,0
2022-12-20 15:25:11,14174,14174,14174,2,0
2022-12-20 15:25:11,14174,14174,14174,2,0
2022-12-20 15:25:11,14174,14174,14174,2,0
2022-12-20 15:25:13,14174,14174,14174,2,0
2022-12-20 15:25:17,14173,14173,14173,2,-2
2022-12-20 15:25:17,14173,14173,14173,2,0
2022-12-20 15:25:17,14173,14173,14173,2,0
2022-12-20 15:25:17,14174,14174,14174,2,2
2022-12-20 15:25:17,14174,14174,14174,6,0
2022-12-20 15:25:17,14175,14175,14175,2,2
2022-12-20 15:25:23,14175,14175,14175,26,0
2022-12-20 15:25:25,14176,14176,14176,4,4
2022-12-20 15:25:27,14177,14177,14177,2,2
2022-12-20 15:25:27,14176,14176,14176,2,-2
2022-12-20 15:25:28,14176,14176,14176,2,0
2022-12-20 15:25:28,14175,14175,14175,2,-2
2022-12-20 15:25:28,14175,14175,14175,2,0
2022-12-20 15:25:28,14175,14175,14175,2,0
2022-12-20 15:25:30,14176,14176,14176,2,2
2022-12-20 15:25:31,14176,14176,14176,2,0
2022-12-20 15:25:31,14177,14177,14177,2,2
2022-12-20 15:25:34,14177,14177,14177,2,0
2022-12-20 15:25:36,14176,14176,14176,2,-2
2022-12-20 15:25:37,14177,14177,14177,6,6
2022-12-20 15:25:39,14177,14177,14177,2,0
2022-12-20 15:25:39,14177,14177,14177,4,0
2022-12-20 15:25:41,14178,14178,14178,8,8
2022-12-20 15:25:41,14178,14178,14178,6,0
2022-12-20 15:25:41,14178,14178,14178,2,0
2022-12-20 15:25:49,14179,14179,14179,8,8
2022-12-20 15:25:50,14179,14179,14179,2,0
2022-12-20 15:25:50,14179,14179,14179,2,0
2022-12-20 15:25:51,14179,14179,14179,2,0
2022-12-20 15:25:51,14179,14179,14179,4,0
2022-12-20 15:25:53,14179,14179,14179,2,0
2022-12-20 15:25:59,14179,14179,14179,4,0
2022-12-20 15:25:59,14179,14179,14179,2,0
2022-12-20 15:26:00,14179,14179,14179,2,0
2022-12-20 15:26:00,14178,14178,14178,2,-2
2022-12-20 15:26:00,14178,14178,14178,2,0
2022-12-20 15:26:00,14178,14178,14178,2,0
2022-12-20 15:26:00,14179,14179,14179,2,2
2022-12-20 15:26:00,14179,14179,14179,2,0
2022-12-20 15:26:00,14180,14180,14180,2,2
2022-12-20 15:26:00,14180,14180,14180,2,0
2022-12-20 15:26:03,14178,14178,14178,2,-2
2022-12-20 15:26:08,14179,14179,14179,2,2
2022-12-20 15:26:09,14179,14179,14179,2,0
2022-12-20 15:26:11,14179,14179,14179,4,0
2022-12-20 15:26:11,14179,14179,14179,2,0
2022-12-20 15:26:14,14180,14180,14180,8,8
2022-12-20 15:26:14,14180,14180,14180,2,0
2022-12-20 15:26:14,14180,14180,14180,2,0
2022-12-20 15:26:14,14180,14180,14180,2,0
2022-12-20 15:26:16,14180,14180,14180,2,0
2022-12-20 15:26:17,14181,14181,14181,12,12
2022-12-20 15:26:29,14180,14180,14180,2,-2
2022-12-20 15:26:34,14179,14179,14179,2,-2
2022-12-20 15:26:37,14179,14179,14179,2,0
2022-12-20 15:26:43,14179,14179,14179,2,0
2022-12-20 15:26:44,14180,14180,14180,2,2
2022-12-20 15:26:44,14180,14180,14180,2,0
2022-12-20 15:26:44,14180,14180,14180,4,0
2022-12-20 15:26:44,14181,14181,14181,2,2
2022-12-20 15:26:50,14182,14182,14182,2,2
2022-12-20 15:26:53,14182,14182,14182,2,0
2022-12-20 15:26:55,14182,14182,14182,2,0
2022-12-20 15:26:56,14182,14182,14182,2,0
2022-12-20 15:26:56,14182,14182,14182,4,0
2022-12-20 15:26:57,14182,14182,14182,2,0
2022-12-20 15:26:59,14183,14183,14183,2,2
2022-12-20 15:26:59,14183,14183,14183,2,0
2022-12-20 15:26:59,14183,14183,14183,18,0
2022-12-20 15:26:59,14184,14184,14184,2,2
2022-12-20 15:27:00,14183,14183,14183,2,-2
2022-12-20 15:27:01,14185,14185,14185,2,2
2022-12-20 15:27:04,14184,14184,14184,2,-2
2022-12-20 15:27:04,14183,14183,14183,2,-2
2022-12-20 15:27:04,14183,14183,14183,2,0
2022-12-20 15:27:04,14183,14183,14183,2,0
2022-12-20 15:27:04,14183,14183,14183,2,0
2022-12-20 15:27:04,14183,14183,14183,2,0
2022-12-20 15:27:04,14183,14183,14183,2,0
2022-12-20 15:27:05,14185,14185,14185,10,10
2022-12-20 15:27:05,14186,14186,14186,40,40
2022-12-20 15:27:08,14186,14186,14186,2,0
2022-12-20 15:27:15,14184,14184,14184,2,-2
2022-12-20 15:27:15,14184,14184,14184,2,0
2022-12-20 15:27:17,14183,14183,14183,2,-2
2022-12-20 15:27:17,14183,14183,14183,2,0
2022-12-20 15:27:17,14183,14183,14183,2,0
2022-12-20 15:27:17,14183,14183,14183,2,0
2022-12-20 15:27:17,14183,14183,14183,2,0
2022-12-20 15:27:17,14183,14183,14183,2,0
2022-12-20 15:27:17,14182,14182,14182,2,-2
2022-12-20 15:27:17,14182,14182,14182,2,0
2022-12-20 15:27:17,14181,14181,14181,2,-2
2022-12-20 15:27:17,14181,14181,14181,2,0
2022-12-20 15:27:17,14181,14181,14181,2,0
2022-12-20 15:27:17,14181,14181,14181,2,0
2022-12-20 15:27:17,14181,14181,14181,2,0
2022-12-20 15:27:17,14181,14181,14181,6,0
2022-12-20 15:27:17,14181,14181,14181,2,0
2022-12-20 15:27:17,14181,14181,14181,4,0
2022-12-20 15:27:17,14181,14181,14181,2,0
2022-12-20 15:27:17,14181,14181,14181,2,0
2022-12-20 15:27:17,14181,14181,14181,2,0
2022-12-20 15:27:17,14181,14181,14181,4,0
2022-12-20 15:27:18,14181,14181,14181,2,0
2022-12-20 15:27:23,14180,14180,14180,2,-2
2022-12-20 15:27:23,14180,14180,14180,2,0
2022-12-20 15:27:23,14180,14180,14180,2,0
2022-12-20 15:27:23,14180,14180,14180,2,0
2022-12-20 15:27:28,14180,14180,14180,2,0
2022-12-20 15:27:30,14179,14179,14179,2,-2
2022-12-20 15:27:33,14180,14180,14180,2,2
2022-12-20 15:27:33,14180,14180,14180,2,0
2022-12-20 15:27:33,14180,14180,14180,2,0
2022-12-20 15:27:47,14179,14179,14179,2,-2
2022-12-20 15:27:50,14180,14180,14180,6,6
2022-12-20 15:27:55,14181,14181,14181,2,2
2022-12-20 15:27:55,14181,14181,14181,2,0
2022-12-20 15:27:55,14181,14181,14181,2,0
2022-12-20 15:27:55,14181,14181,14181,4,0
2022-12-20 15:27:57,14181,14181,14181,2,0
2022-12-20 15:27:59,14181,14181,14181,2,0
2022-12-20 15:28:01,14182,14182,14182,2,2
2022-12-20 15:28:06,14182,14182,14182,2,0
2022-12-20 15:28:10,14182,14182,14182,2,0
2022-12-20 15:28:10,14182,14182,14182,2,0
2022-12-20 15:28:11,14182,14182,14182,2,0
2022-12-20 15:28:13,14182,14182,14182,2,0
2022-12-20 15:28:13,14182,14182,14182,2,0
2022-12-20 15:28:15,14183,14183,14183,2,2
2022-12-20 15:28:18,14182,14182,14182,2,-2
2022-12-20 15:28:20,14182,14182,14182,2,0
2022-12-20 15:28:22,14182,14182,14182,2,0
2022-12-20 15:28:24,14182,14182,14182,2,0
2022-12-20 15:28:28,14182,14182,14182,2,0
2022-12-20 15:28:28,14182,14182,14182,2,0
2022-12-20 15:28:29,14182,14182,14182,2,0
2022-12-20 15:28:29,14182,14182,14182,2,0
2022-12-20 15:28:29,14182,14182,14182,2,0
2022-12-20 15:28:29,14181,14181,14181,2,-2
2022-12-20 15:28:29,14182,14182,14182,16,16
2022-12-20 15:28:33,14182,14182,14182,2,0
2022-12-20 15:28:36,14182,14182,14182,2,0
2022-12-20 15:28:39,14183,14183,14183,6,6
2022-12-20 15:28:39,14183,14183,14183,14,0
2022-12-20 15:28:45,14184,14184,14184,2,2
2022-12-20 15:28:55,14183,14183,14183,2,-2
2022-12-20 15:28:57,14184,14184,14184,2,2
2022-12-20 15:28:59,14182,14182,14182,2,-2
2022-12-20 15:28:59,14182,14182,14182,2,0
2022-12-20 15:29:11,14181,14181,14181,2,-2
2022-12-20 15:29:14,14180,14180,14180,2,-2
2022-12-20 15:29:14,14180,14180,14180,2,0
2022-12-20 15:29:14,14180,14180,14180,2,0
2022-12-20 15:29:14,14180,14180,14180,2,0
2022-12-20 15:29:14,14180,14180,14180,2,0
2022-12-20 15:29:18,14179,14179,14179,2,-2
2022-12-20 15:29:19,14179,14179,14179,2,0
2022-12-20 15:29:42,14178,14178,14178,2,-2
2022-12-20 15:29:43,14178,14178,14178,4,0
2022-12-20 15:29:44,14177,14177,14177,2,-2
2022-12-20 15:29:44,14177,14177,14177,2,0
2022-12-20 15:29:44,14176,14176,14176,2,-2
2022-12-20 15:29:44,14176,14176,14176,2,0
2022-12-20 15:29:44,14176,14176,14176,2,0
2022-12-20 15:29:44,14176,14176,14176,2,0
2022-12-20 15:29:46,14176,14176,14176,2,0
2022-12-20 15:29:48,14176,14176,14176,2,0
2022-12-20 15:29:49,14177,14177,14177,10,10
2022-12-20 15:29:56,14176,14176,14176,2,-2
2022-12-20 15:30:03,14176,14176,14176,2,0
2022-12-20 15:30:03,14176,14176,14176,2,0
2022-12-20 15:30:03,14176,14176,14176,2,0
2022-12-20 15:30:03,14176,14176,14176,4,0
2022-12-20 15:30:03,14177,14177,14177,4,4
2022-12-20 15:30:03,14176,14176,14176,4,-4
2022-12-20 15:30:04,14176,14176,14176,4,0
2022-12-20 15:30:14,14176,14176,14176,2,0
2022-12-20 15:30:20,14176,14176,14176,2,0
2022-12-20 15:30:28,14175,14175,14175,6,-6
2022-12-20 15:30:28,14175,14175,14175,2,0
2022-12-20 15:30:28,14175,14175,14175,2,0
2022-12-20 15:30:28,14175,14175,14175,2,0
2022-12-20 15:30:33,14175,14175,14175,2,0
2022-12-20 15:30:35,14175,14175,14175,2,0
2022-12-20 15:30:38,14174,14174,14174,2,-2
2022-12-20 15:30:38,14174,14174,14174,2,0
2022-12-20 15:30:39,14174,14174,14174,2,0
2022-12-20 15:30:39,14174,14174,14174,2,0
2022-12-20 15:30:39,14174,14174,14174,2,0
2022-12-20 15:30:45,14174,14174,14174,4,0
2022-12-20 15:30:53,14174,14174,14174,2,0
2022-12-20 15:30:54,14175,14175,14175,2,2
2022-12-20 15:30:54,14175,14175,14175,2,0
2022-12-20 15:30:54,14176,14176,14176,12,12
2022-12-20 15:30:54,14177,14177,14177,4,4
2022-12-20 15:30:57,14175,14175,14175,2,-2
2022-12-20 15:30:57,14175,14175,14175,2,0
2022-12-20 15:30:57,14175,14175,14175,2,0
2022-12-20 15:31:06,14175,14175,14175,2,0
2022-12-20 15:31:08,14175,14175,14175,2,0
2022-12-20 15:31:08,14177,14177,14177,2,2
2022-12-20 15:31:08,14177,14177,14177,2,0
2022-12-20 15:31:08,14176,14176,14176,2,-2
2022-12-20 15:31:15,14176,14176,14176,2,0
2022-12-20 15:31:15,14178,14178,14178,2,2
2022-12-20 15:31:17,14176,14176,14176,2,-2
2022-12-20 15:31:17,14178,14178,14178,2,2
2022-12-20 15:31:17,14178,14178,14178,8,0
2022-12-20 15:31:19,14178,14178,14178,2,0
2022-12-20 15:31:19,14178,14178,14178,2,0
2022-12-20 15:31:23,14179,14179,14179,2,2
2022-12-20 15:31:23,14179,14179,14179,4,0
2022-12-20 15:31:24,14179,14179,14179,2,0
2022-12-20 15:31:32,14179,14179,14179,2,0
2022-12-20 15:31:32,14179,14179,14179,2,0
2022-12-20 15:31:32,14179,14179,14179,2,0
2022-12-20 15:31:32,14179,14179,14179,2,0
2022-12-20 15:31:34,14178,14178,14178,2,-2
2022-12-20 15:31:34,14178,14178,14178,2,0
2022-12-20 15:31:34,14178,14178,14178,2,0
2022-12-20 15:31:40,14176,14176,14176,2,-2
2022-12-20 15:31:42,14176,14176,14176,2,0
2022-12-20 15:31:42,14176,14176,14176,2,0
2022-12-20 15:31:42,14176,14176,14176,2,0
2022-12-20 15:31:42,14176,14176,14176,2,0
2022-12-20 15:31:42,14176,14176,14176,2,0
2022-12-20 15:31:42,14176,14176,14176,2,0
2022-12-20 15:31:43,14176,14176,14176,2,0
2022-12-20 15:31:54,14175,14175,14175,2,-2
2022-12-20 15:31:54,14175,14175,14175,2,0
2022-12-20 15:31:57,14174,14174,14174,2,-2
2022-12-20 15:31:57,14174,14174,14174,2,0
2022-12-20 15:31:57,14174,14174,14174,2,0
2022-12-20 15:32:08,14174,14174,14174,2,0
2022-12-20 15:32:10,14173,14173,14173,2,-2
2022-12-20 15:32:10,14173,14173,14173,2,0
2022-12-20 15:32:13,14173,14173,14173,2,0
2022-12-20 15:32:20,14175,14175,14175,2,2
2022-12-20 15:32:20,14175,14175,14175,6,0
2022-12-20 15:32:20,14176,14176,14176,10,10
2022-12-20 15:32:20,14174,14174,14174,2,-2
2022-12-20 15:32:30,14175,14175,14175,4,4
2022-12-20 15:32:30,14175,14175,14175,2,0
2022-12-20 15:32:32,14176,14176,14176,6,6
2022-12-20 15:32:32,14176,14176,14176,18,0
2022-12-20 15:32:33,14179,14179,14179,4,4
2022-12-20 15:32:35,14179,14179,14179,2,0
2022-12-20 15:32:36,14179,14179,14179,2,0
2022-12-20 15:32:37,14179,14179,14179,2,0
2022-12-20 15:32:39,14178,14178,14178,2,-2
2022-12-20 15:32:39,14177,14177,14177,2,-2
2022-12-20 15:32:39,14177,14177,14177,2,0
2022-12-20 15:32:39,14177,14177,14177,2,0
2022-12-20 15:32:39,14177,14177,14177,2,0
2022-12-20 15:32:42,14178,14178,14178,2,2
2022-12-20 15:32:57,14177,14177,14177,2,-2
2022-12-20 15:32:59,14177,14177,14177,2,0
2022-12-20 15:32:59,14178,14178,14178,2,2
2022-12-20 15:33:00,14177,14177,14177,2,-2
2022-12-20 15:33:00,14177,14177,14177,2,0
2022-12-20 15:33:00,14177,14177,14177,2,0
2022-12-20 15:33:00,14177,14177,14177,2,0
2022-12-20 15:33:00,14177,14177,14177,4,0
2022-12-20 15:33:01,14178,14178,14178,4,4
2022-12-20 15:33:01,14178,14178,14178,2,0
2022-12-20 15:33:04,14178,14178,14178,2,0
2022-12-20 15:33:04,14179,14179,14179,4,4
2022-12-20 15:33:04,14178,14178,14178,4,-4
2022-12-20 15:33:13,14178,14178,14178,2,0
2022-12-20 15:33:13,14178,14178,14178,2,0
2022-12-20 15:33:15,14178,14178,14178,2,0
2022-12-20 15:33:42,14177,14177,14177,6,-6
2022-12-20 15:33:42,14177,14177,14177,2,0
2022-12-20 15:33:52,14177,14177,14177,2,0
2022-12-20 15:33:54,14177,14177,14177,2,0
2022-12-20 15:33:55,14177,14177,14177,2,0
2022-12-20 15:33:57,14176,14176,14176,2,-2
2022-12-20 15:34:00,14176,14176,14176,2,0
2022-12-20 15:34:00,14176,14176,14176,2,0
2022-12-20 15:34:00,14176,14176,14176,4,0
2022-12-20 15:34:00,14176,14176,14176,2,0
2022-12-20 15:34:00,14176,14176,14176,2,0
2022-12-20 15:34:13,14176,14176,14176,2,0
2022-12-20 15:34:17,14176,14176,14176,2,0
2022-12-20 15:34:19,14177,14177,14177,18,18
2022-12-20 15:34:19,14177,14177,14177,2,0
2022-12-20 15:34:19,14177,14177,14177,2,0
2022-12-20 15:34:19,14177,14177,14177,6,0
2022-12-20 15:34:19,14177,14177,14177,2,0
2022-12-20 15:34:19,14178,14178,14178,8,8
2022-12-20 15:34:22,14179,14179,14179,2,2
2022-12-20 15:34:22,14179,14179,14179,2,0
2022-12-20 15:34:23,14178,14178,14178,2,-2
2022-12-20 15:34:32,14179,14179,14179,4,4
2022-12-20 15:34:38,14179,14179,14179,2,0
2022-12-20 15:34:39,14180,14180,14180,8,8
2022-12-20 15:34:39,14181,14181,14181,2,2
2022-12-20 15:34:39,14181,14181,14181,4,0
2022-12-20 15:34:39,14180,14180,14180,2,-2
2022-12-20 15:34:39,14180,14180,14180,2,0
2022-12-20 15:34:41,14180,14180,14180,4,0
2022-12-20 15:34:41,14180,14180,14180,2,0
2022-12-20 15:34:43,14180,14180,14180,2,0
2022-12-20 15:34:48,14181,14181,14181,4,4
2022-12-20 15:34:59,14181,14181,14181,2,0
2022-12-20 15:34:59,14182,14182,14182,30,30
2022-12-20 15:35:00,14181,14181,14181,2,-2
2022-12-20 15:35:00,14181,14181,14181,2,0
2022-12-20 15:35:01,14181,14181,14181,4,0
2022-12-20 15:35:02,14182,14182,14182,2,2
2022-12-20 15:35:06,14182,14182,14182,2,0
2022-12-20 15:35:07,14182,14182,14182,2,0
2022-12-20 15:35:08,14182,14182,14182,2,0
2022-12-20 15:35:09,14181,14181,14181,2,-2
2022-12-20 15:35:13,14181,14181,14181,2,0
2022-12-20 15:35:15,14182,14182,14182,2,2
2022-12-20 15:35:17,14181,14181,14181,2,-2
2022-12-20 15:35:20,14180,14180,14180,2,-2
2022-12-20 15:35:20,14180,14180,14180,2,0
2022-12-20 15:35:20,14180,14180,14180,2,0
2022-12-20 15:35:20,14180,14180,14180,4,0
2022-12-20 15:35:20,14180,14180,14180,2,0
2022-12-20 15:35:21,14181,14181,14181,6,6
2022-12-20 15:35:22,14181,14181,14181,2,0
2022-12-20 15:35:29,14181,14181,14181,6,0
2022-12-20 15:35:29,14182,14182,14182,34,34
2022-12-20 15:35:29,14183,14183,14183,20,20
2022-12-20 15:35:33,14182,14182,14182,2,-2
2022-12-20 15:35:35,14182,14182,14182,2,0
2022-12-20 15:35:44,14181,14181,14181,2,-2
2022-12-20 15:35:45,14180,14180,14180,2,-2
2022-12-20 15:35:47,14180,14180,14180,2,0
2022-12-20 15:35:49,14180,14180,14180,2,0
2022-12-20 15:35:51,14181,14181,14181,2,2
2022-12-20 15:35:51,14182,14182,14182,22,22
2022-12-20 15:35:52,14182,14182,14182,14,0
2022-12-20 15:35:53,14183,14183,14183,2,2
2022-12-20 15:35:54,14182,14182,14182,4,-4
2022-12-20 15:35:59,14181,14181,14181,2,-2
2022-12-20 15:35:59,14181,14181,14181,14,0
2022-12-20 15:35:59,14181,14181,14181,2,0
2022-12-20 15:35:59,14181,14181,14181,2,0
2022-12-20 15:35:59,14181,14181,14181,6,0
2022-12-20 15:36:14,14181,14181,14181,2,0
2022-12-20 15:36:15,14180,14180,14180,2,-2
2022-12-20 15:36:19,14180,14180,14180,10,0
2022-12-20 15:36:24,14179,14179,14179,2,-2
2022-12-20 15:36:35,14179,14179,14179,2,0
2022-12-20 15:36:38,14178,14178,14178,2,-2
2022-12-20 15:36:38,14178,14178,14178,4,0
2022-12-20 15:36:38,14178,14178,14178,10,0
2022-12-20 15:36:38,14178,14178,14178,2,0
2022-12-20 15:36:38,14178,14178,14178,2,0
2022-12-20 15:36:43,14177,14177,14177,2,-2
2022-12-20 15:36:48,14177,14177,14177,2,0
2022-12-20 15:36:50,14176,14176,14176,2,-2
2022-12-20 15:36:50,14176,14176,14176,8,0
2022-12-20 15:36:50,14176,14176,14176,2,0
2022-12-20 15:36:50,14176,14176,14176,2,0
2022-12-20 15:36:50,14176,14176,14176,2,0
2022-12-20 15:36:50,14176,14176,14176,4,0
2022-12-20 15:36:52,14176,14176,14176,2,0
2022-12-20 15:36:54,14176,14176,14176,2,0
2022-12-20 15:36:56,14176,14176,14176,2,0
2022-12-20 15:37:02,14177,14177,14177,4,4
2022-12-20 15:37:03,14177,14177,14177,2,0
2022-12-20 15:37:08,14177,14177,14177,2,0
2022-12-20 15:37:10,14177,14177,14177,2,0
2022-12-20 15:37:10,14177,14177,14177,2,0
2022-12-20 15:37:10,14177,14177,14177,2,0
2022-12-20 15:37:11,14178,14178,14178,2,2
2022-12-20 15:37:11,14178,14178,14178,4,0
2022-12-20 15:37:17,14177,14177,14177,2,-2
2022-12-20 15:37:19,14176,14176,14176,2,-2
2022-12-20 15:37:23,14176,14176,14176,2,0
2022-12-20 15:37:24,14176,14176,14176,2,0
2022-12-20 15:37:36,14175,14175,14175,2,-2
2022-12-20 15:37:38,14174,14174,14174,2,-2
2022-12-20 15:37:38,14174,14174,14174,2,0
2022-12-20 15:37:45,14174,14174,14174,2,0
2022-12-20 15:37:45,14174,14174,14174,2,0
2022-12-20 15:37:45,14174,14174,14174,2,0
2022-12-20 15:37:55,14173,14173,14173,2,-2
2022-12-20 15:37:55,14174,14174,14174,2,2
2022-12-20 15:38:01,14173,14173,14173,2,-2
2022-12-20 15:38:02,14173,14173,14173,2,0
2022-12-20 15:38:02,14173,14173,14173,2,0
2022-12-20 15:38:02,14173,14173,14173,2,0
2022-12-20 15:38:06,14172,14172,14172,2,-2
2022-12-20 15:38:06,14172,14172,14172,2,0
2022-12-20 15:38:06,14172,14172,14172,2,0
2022-12-20 15:38:08,14172,14172,14172,2,0
2022-12-20 15:38:10,14172,14172,14172,2,0
2022-12-20 15:38:10,14172,14172,14172,2,0
2022-12-20 15:38:10,14172,14172,14172,4,0
2022-12-20 15:38:10,14172,14172,14172,2,0
2022-12-20 15:38:10,14172,14172,14172,2,0
2022-12-20 15:38:10,14172,14172,14172,2,0
2022-12-20 15:38:10,14171,14171,14171,6,-6
2022-12-20 15:38:10,14172,14172,14172,2,2
2022-12-20 15:38:10,14172,14172,14172,2,0
2022-12-20 15:38:10,14172,14172,14172,2,0
2022-12-20 15:38:10,14173,14173,14173,2,2
2022-12-20 15:38:14,14172,14172,14172,2,-2
2022-12-20 15:38:14,14171,14171,14171,2,-2
2022-12-20 15:38:14,14171,14171,14171,2,0
2022-12-20 15:38:15,14171,14171,14171,2,0
2022-12-20 15:38:18,14172,14172,14172,14,14
2022-12-20 15:38:18,14171,14171,14171,4,-4
2022-12-20 15:38:20,14171,14171,14171,2,0
2022-12-20 15:38:20,14171,14171,14171,8,0
2022-12-20 15:38:20,14171,14171,14171,2,0
2022-12-20 15:38:22,14170,14170,14170,2,-2
2022-12-20 15:38:22,14170,14170,14170,2,0
2022-12-20 15:38:22,14170,14170,14170,2,0
2022-12-20 15:38:22,14170,14170,14170,2,0
2022-12-20 15:38:22,14171,14171,14171,2,2
2022-12-20 15:38:22,14170,14170,14170,2,-2
2022-12-20 15:38:22,14170,14170,14170,2,0
2022-12-20 15:38:23,14170,14170,14170,2,0
2022-12-20 15:38:25,14170,14170,14170,2,0
2022-12-20 15:38:25,14170,14170,14170,2,0
2022-12-20 15:38:25,14170,14170,14170,2,0
2022-12-20 15:38:26,14170,14170,14170,2,0
2022-12-20 15:38:26,14170,14170,14170,2,0
2022-12-20 15:38:26,14170,14170,14170,2,0
2022-12-20 15:38:26,14170,14170,14170,2,0
2022-12-20 15:38:26,14170,14170,14170,2,0
2022-12-20 15:38:27,14170,14170,14170,4,0
2022-12-20 15:38:28,14170,14170,14170,2,0
2022-12-20 15:38:29,14171,14171,14171,2,2
2022-12-20 15:38:31,14170,14170,14170,2,-2
2022-12-20 15:38:32,14171,14171,14171,2,2
2022-12-20 15:38:33,14171,14171,14171,2,0
2022-12-20 15:38:34,14170,14170,14170,2,-2
2022-12-20 15:38:40,14170,14170,14170,2,0
2022-12-20 15:38:40,14170,14170,14170,2,0
2022-12-20 15:38:43,14170,14170,14170,2,0
2022-12-20 15:38:43,14170,14170,14170,2,0
2022-12-20 15:38:43,14170,14170,14170,2,0
2022-12-20 15:38:43,14169,14169,14169,2,-2
2022-12-20 15:38:43,14169,14169,14169,2,0
2022-12-20 15:38:43,14169,14169,14169,2,0
2022-12-20 15:38:43,14169,14169,14169,2,0
2022-12-20 15:38:47,14169,14169,14169,2,0
2022-12-20 15:38:47,14169,14169,14169,2,0
2022-12-20 15:38:49,14169,14169,14169,2,0
2022-12-20 15:38:51,14169,14169,14169,2,0
2022-12-20 15:38:52,14169,14169,14169,2,0
2022-12-20 15:38:54,14169,14169,14169,2,0
2022-12-20 15:38:55,14169,14169,14169,2,0
2022-12-20 15:38:55,14169,14169,14169,2,0
2022-12-20 15:38:55,14169,14169,14169,2,0
2022-12-20 15:38:55,14169,14169,14169,2,0
2022-12-20 15:39:01,14169,14169,14169,2,0
2022-12-20 15:39:01,14169,14169,14169,2,0
2022-12-20 15:39:06,14169,14169,14169,2,0
2022-12-20 15:39:06,14169,14169,14169,2,0
2022-12-20 15:39:06,14169,14169,14169,8,0
2022-12-20 15:39:15,14169,14169,14169,2,0
2022-12-20 15:39:15,14169,14169,14169,2,0
2022-12-20 15:39:15,14169,14169,14169,2,0
2022-12-20 15:39:15,14169,14169,14169,2,0
2022-12-20 15:39:17,14169,14169,14169,2,0
2022-12-20 15:39:17,14169,14169,14169,2,0
2022-12-20 15:39:20,14169,14169,14169,2,0
2022-12-20 15:39:20,14170,14170,14170,6,6
2022-12-20 15:39:21,14169,14169,14169,2,-2
2022-12-20 15:39:24,14168,14168,14168,2,-2
2022-12-20 15:39:24,14168,14168,14168,2,0
2022-12-20 15:39:24,14168,14168,14168,2,0
2022-12-20 15:39:24,14168,14168,14168,2,0
2022-12-20 15:39:26,14168,14168,14168,2,0
2022-12-20 15:39:26,14168,14168,14168,2,0
2022-12-20 15:39:26,14168,14168,14168,16,0
2022-12-20 15:39:26,14168,14168,14168,2,0
2022-12-20 15:39:26,14168,14168,14168,2,0
2022-12-20 15:39:26,14168,14168,14168,2,0
2022-12-20 15:39:26,14168,14168,14168,2,0
2022-12-20 15:39:26,14168,14168,14168,2,0
2022-12-20 15:39:26,14169,14169,14169,4,4
2022-12-20 15:39:41,14169,14169,14169,2,0
2022-12-20 15:39:46,14169,14169,14169,2,0
2022-12-20 15:39:46,14168,14168,14168,2,-2
2022-12-20 15:39:47,14168,14168,14168,2,0
2022-12-20 15:39:50,14168,14168,14168,2,0
2022-12-20 15:39:50,14168,14168,14168,2,0
2022-12-20 15:39:50,14168,14168,14168,2,0
2022-12-20 15:39:50,14168,14168,14168,2,0
2022-12-20 15:39:50,14168,14168,14168,2,0
2022-12-20 15:39:51,14167,14167,14167,2,-2
2022-12-20 15:39:51,14167,14167,14167,2,0
2022-12-20 15:39:51,14167,14167,14167,2,0
2022-12-20 15:39:56,14167,14167,14167,2,0
2022-12-20 15:39:58,14167,14167,14167,2,0
2022-12-20 15:39:58,14167,14167,14167,2,0
2022-12-20 15:40:01,14167,14167,14167,2,0
2022-12-20 15:40:03,14167,14167,14167,2,0
2022-12-20 15:40:03,14167,14167,14167,2,0
2022-12-20 15:40:05,14166,14166,14166,2,-2
2022-12-20 15:40:07,14166,14166,14166,2,0
2022-12-20 15:40:08,14166,14166,14166,2,0
2022-12-20 15:40:08,14166,14166,14166,10,0
2022-12-20 15:40:08,14166,14166,14166,2,0
2022-12-20 15:40:08,14166,14166,14166,4,0
2022-12-20 15:40:10,14166,14166,14166,4,0
2022-12-20 15:40:10,14166,14166,14166,2,0
2022-12-20 15:40:10,14166,14166,14166,2,0
2022-12-20 15:40:10,14166,14166,14166,2,0
2022-12-20 15:40:10,14166,14166,14166,2,0
2022-12-20 15:40:10,14166,14166,14166,2,0
2022-12-20 15:40:10,14166,14166,14166,2,0
2022-12-20 15:40:10,14166,14166,14166,4,0
2022-12-20 15:40:10,14166,14166,14166,2,0
2022-12-20 15:40:11,14166,14166,14166,2,0
2022-12-20 15:40:11,14165,14165,14165,2,-2
2022-12-20 15:40:11,14165,14165,14165,2,0
2022-12-20 15:40:11,14165,14165,14165,2,0
2022-12-20 15:40:11,14165,14165,14165,2,0
2022-12-20 15:40:15,14166,14166,14166,2,2
2022-12-20 15:40:15,14166,14166,14166,2,0
2022-12-20 15:40:15,14166,14166,14166,2,0
2022-12-20 15:40:15,14166,14166,14166,4,0
2022-12-20 15:40:15,14166,14166,14166,4,0
2022-12-20 15:40:16,14166,14166,14166,2,0
2022-12-20 15:40:17,14166,14166,14166,2,0
2022-12-20 15:40:20,14166,14166,14166,2,0
2022-12-20 15:40:20,14166,14166,14166,2,0
2022-12-20 15:40:20,14166,14166,14166,16,0
2022-12-20 15:40:21,14167,14167,14167,2,2
2022-12-20 15:40:23,14166,14166,14166,2,-2
2022-12-20 15:40:25,14166,14166,14166,2,0
2022-12-20 15:40:27,14167,14167,14167,2,2
2022-12-20 15:40:29,14165,14165,14165,2,-2
2022-12-20 15:40:29,14165,14165,14165,2,0
2022-12-20 15:40:29,14165,14165,14165,2,0
2022-12-20 15:40:32,14164,14164,14164,2,-2
2022-12-20 15:40:35,14165,14165,14165,2,2
2022-12-20 15:40:35,14165,14165,14165,2,0
2022-12-20 15:40:36,14165,14165,14165,2,0
2022-12-20 15:40:36,14165,14165,14165,2,0
2022-12-20 15:40:38,14165,14165,14165,2,0
2022-12-20 15:40:38,14165,14165,14165,2,0
2022-12-20 15:40:40,14166,14166,14166,12,12
2022-12-20 15:40:44,14167,14167,14167,2,2
2022-12-20 15:40:44,14167,14167,14167,6,0
2022-12-20 15:40:44,14167,14167,14167,4,0
2022-12-20 15:40:44,14167,14167,14167,4,0
2022-12-20 15:40:44,14167,14167,14167,2,0
2022-12-20 15:40:44,14167,14167,14167,2,0
