2022-02-17 15:00:00.047,18257,18258,18256,119,-119
2022-02-17 15:00:00.048,18255,18256,18255,1,-1
2022-02-17 15:00:00.050,18255,18256,18254,2,-2
2022-02-17 15:00:00.147,18253,18256,18256,2,2
2022-02-17 15:00:00.147,18253,18256,18253,3,-3
2022-02-17 15:00:00.173,18253,18256,18256,5,5
2022-02-17 15:00:00.186,18252,18256,18256,1,1
2022-02-17 15:00:00.243,18252,18256,18256,3,3
2022-02-17 15:00:00.282,18252,18256,18257,3,3
2022-02-17 15:00:00.301,18252,18256,18252,2,-2
2022-02-17 15:00:00.317,18252,18257,18252,1,-1
2022-02-17 15:00:00.317,18252,18257,18252,2,-2
2022-02-17 15:00:00.331,18252,18257,18257,3,3
2022-02-17 15:00:00.371,18252,18257,18255,3,3
2022-02-17 15:00:00.399,18252,18257,18255,2,2
2022-02-17 15:00:00.416,18252,18257,18257,1,1
2022-02-17 15:00:00.503,18252,18257,18257,1,1
2022-02-17 15:00:00.582,18253,18257,18257,3,3
2022-02-17 15:00:00.610,18253,18257,18257,3,3
2022-02-17 15:00:00.637,18253,18257,18257,3,3
2022-02-17 15:00:00.647,18253,18257,18257,3,3
2022-02-17 15:00:00.656,18253,18257,18257,1,1
2022-02-17 15:00:00.656,18253,18257,18258,1,1
2022-02-17 15:00:00.657,18253,18257,18258,3,3
2022-02-17 15:00:00.670,18253,18257,18258,2,2
2022-02-17 15:00:00.675,18253,18257,18258,1,1
2022-02-17 15:00:00.684,18253,18258,18258,1,1
2022-02-17 15:00:00.701,18253,18258,18258,1,1
2022-02-17 15:00:00.720,18253,18258,18258,1,1
2022-02-17 15:00:00.751,18253,18258,18258,1,1
2022-02-17 15:00:00.755,18253,18258,18258,2,2
2022-02-17 15:00:00.766,18253,18258,18258,2,2
2022-02-17 15:00:00.767,18253,18258,18258,1,1
2022-02-17 15:00:00.768,18253,18258,18258,1,1
2022-02-17 15:00:00.768,18253,18258,18258,1,1
2022-02-17 15:00:00.785,18253,18258,18258,2,2
2022-02-17 15:00:00.803,18253,18258,18258,2,2
2022-02-17 15:00:00.809,18253,18258,18258,1,1
2022-02-17 15:00:00.862,18253,18258,18258,5,5
2022-02-17 15:00:00.877,18253,18258,18258,2,2
2022-02-17 15:00:00.877,18253,18258,18259,3,3
2022-02-17 15:00:00.889,18253,18258,18258,1,1
2022-02-17 15:00:00.889,18253,18258,18259,4,4
2022-02-17 15:00:00.911,18253,18258,18258,1,1
2022-02-17 15:00:00.911,18253,18258,18259,4,4
2022-02-17 15:00:00.931,18254,18259,18259,5,5
2022-02-17 15:00:00.933,18254,18259,18259,2,2
2022-02-17 15:00:00.939,18254,18259,18258,1,1
2022-02-17 15:00:00.959,18254,18259,18259,5,5
2022-02-17 15:00:00.972,18254,18259,18259,1,1
2022-02-17 15:00:00.974,18254,18259,18260,2,2
2022-02-17 15:00:00.982,18254,18259,18260,6,6
2022-02-17 15:00:00.986,18254,18259,18260,1,1
2022-02-17 15:00:00.988,18254,18259,18260,5,5
2022-02-17 15:00:01.006,18254,18259,18260,5,5
2022-02-17 15:00:01.022,18254,18259,18260,1,1
2022-02-17 15:00:01.078,18254,18260,18255,1,-1
2022-02-17 15:00:01.239,18256,18257,18256,5,-5
2022-02-17 15:00:01.273,18256,18257,18257,2,2
2022-02-17 15:00:01.273,18256,18257,18258,1,1
2022-02-17 15:00:01.273,18256,18257,18259,1,1
2022-02-17 15:00:01.434,18257,18258,18257,3,-3
2022-02-17 15:00:01.616,18255,18257,18257,1,1
2022-02-17 15:00:01.641,18255,18257,18257,1,1
2022-02-17 15:00:01.888,18256,18258,18258,1,1
2022-02-17 15:00:02.009,18256,18257,18257,1,1
2022-02-17 15:00:02.009,18256,18257,18258,2,2
2022-02-17 15:00:02.009,18256,18257,18259,1,1
2022-02-17 15:00:02.009,18256,18257,18259,3,3
2022-02-17 15:00:02.009,18256,18257,18260,2,2
2022-02-17 15:00:02.010,18256,18257,18260,5,5
2022-02-17 15:00:02.010,18256,18257,18261,5,5
2022-02-17 15:00:02.010,18256,18257,18261,1,1
2022-02-17 15:00:02.010,18256,18257,18261,1,1
2022-02-17 15:00:02.010,18256,18257,18261,5,5
2022-02-17 15:00:02.011,18256,18257,18259,1,1
2022-02-17 15:00:02.011,18256,18257,18259,1,1
2022-02-17 15:00:02.011,18256,18257,18261,1,1
2022-02-17 15:00:02.011,18256,18257,18261,1,1
2022-02-17 15:00:02.011,18256,18257,18262,4,4
2022-02-17 15:00:02.011,18256,18257,18262,1,1
2022-02-17 15:00:02.011,18256,18257,18262,5,5
2022-02-17 15:00:02.012,18256,18257,18262,5,5
2022-02-17 15:00:02.012,18256,18257,18262,2,2
2022-02-17 15:00:02.012,18256,18257,18262,5,5
2022-02-17 15:00:02.012,18256,18257,18263,4,4
2022-02-17 15:00:02.012,18256,18257,18263,2,2
2022-02-17 15:00:02.012,18256,18257,18263,2,2
2022-02-17 15:00:02.012,18256,18257,18263,2,2
2022-02-17 15:00:02.012,18256,18257,18261,1,1
2022-02-17 15:00:02.013,18256,18257,18261,1,1
2022-02-17 15:00:02.014,18256,18257,18260,2,2
2022-02-17 15:00:02.097,18256,18259,18256,1,-1
2022-02-17 15:00:02.381,18255,18256,18255,1,-1
2022-02-17 15:00:02.496,18253,18256,18253,5,-5
2022-02-17 15:00:02.934,18252,18253,18253,1,1
2022-02-17 15:00:03.013,18252,18253,18253,1,1
2022-02-17 15:00:03.266,18252,18254,18254,1,1
2022-02-17 15:00:03.398,18252,18254,18254,1,1
2022-02-17 15:00:03.995,18252,18254,18252,2,-2
2022-02-17 15:00:03.995,18252,18254,18252,4,-4
2022-02-17 15:00:04.015,18252,18254,18251,4,-4
2022-02-17 15:00:04.015,18252,18254,18250,2,-2
2022-02-17 15:00:04.016,18252,18254,18250,2,-2
2022-02-17 15:00:05.018,18249,18250,18250,1,1
2022-02-17 15:00:06.627,18250,18251,18251,3,3
2022-02-17 15:00:06.747,18251,18253,18252,4,4
2022-02-17 15:00:06.748,18251,18253,18253,1,1
2022-02-17 15:00:06.760,18251,18253,18251,1,-1
2022-02-17 15:00:07.058,18252,18254,18254,2,2
2022-02-17 15:00:07.545,18252,18254,18252,1,-1
2022-02-17 15:00:07.556,18252,18254,18252,1,-1
2022-02-17 15:00:08.020,18252,18253,18252,1,-1
2022-02-17 15:00:08.092,18251,18253,18251,3,-3
2022-02-17 15:00:08.441,18250,18252,18250,1,-1
2022-02-17 15:00:08.517,18250,18252,18250,1,-1
2022-02-17 15:00:13.130,18250,18252,18252,1,1
2022-02-17 15:00:13.141,18250,18252,18252,1,1
2022-02-17 15:00:13.621,18252,18254,18254,1,1
2022-02-17 15:00:14.609,18252,18254,18252,1,-1
2022-02-17 15:00:15.617,18252,18254,18254,1,1
2022-02-17 15:00:15.673,18252,18254,18254,1,1
2022-02-17 15:00:15.888,18252,18254,18252,1,-1
2022-02-17 15:00:20.230,18251,18252,18252,2,2
2022-02-17 15:00:20.981,18252,18254,18252,1,-1
2022-02-17 15:00:21.617,18252,18253,18252,1,-1
2022-02-17 15:00:21.617,18252,18253,18251,1,-1
2022-02-17 15:00:22.112,18251,18252,18252,1,1
2022-02-17 15:00:22.634,18251,18253,18251,2,-2
2022-02-17 15:00:23.033,18251,18253,18252,2,2
2022-02-17 15:00:24.091,18252,18254,18253,3,3
2022-02-17 15:00:24.091,18252,18254,18252,2,-2
2022-02-17 15:00:24.194,18253,18254,18253,1,-1
2022-02-17 15:00:25.432,18252,18254,18253,1,1
2022-02-17 15:00:25.724,18252,18254,18254,2,2
2022-02-17 15:00:27.013,18252,18254,18254,8,8
2022-02-17 15:00:27.084,18253,18255,18255,14,14
2022-02-17 15:00:28.477,18255,18256,18255,1,-1
2022-02-17 15:00:28.929,18254,18256,18256,1,1
2022-02-17 15:00:29.126,18255,18256,18255,1,-1
2022-02-17 15:00:29.126,18255,18256,18254,2,-2
2022-02-17 15:00:29.462,18254,18256,18256,1,1
2022-02-17 15:00:30.479,18254,18256,18256,1,1
2022-02-17 15:00:30.500,18254,18256,18255,1,1
2022-02-17 15:00:33.122,18254,18255,18255,1,1
2022-02-17 15:00:33.768,18255,18256,18256,3,3
2022-02-17 15:00:33.770,18255,18256,18256,13,13
2022-02-17 15:00:34.072,18255,18257,18255,1,-1
2022-02-17 15:00:34.158,18255,18257,18255,1,-1
2022-02-17 15:00:34.771,18255,18257,18255,3,-3
2022-02-17 15:00:34.771,18255,18257,18254,2,-2
2022-02-17 15:00:35.462,18255,18256,18255,1,-1
2022-02-17 15:00:35.823,18255,18256,18256,1,1
2022-02-17 15:00:35.823,18255,18256,18257,1,1
2022-02-17 15:00:37.144,18255,18257,18257,6,6
2022-02-17 15:00:37.737,18255,18257,18255,1,-1
2022-02-17 15:00:40.147,18255,18256,18255,1,-1
2022-02-17 15:00:40.197,18255,18256,18256,1,1
2022-02-17 15:00:42.516,18256,18257,18256,4,-4
2022-02-17 15:00:42.516,18256,18257,18255,8,-8
2022-02-17 15:00:42.516,18256,18257,18254,7,-7
2022-02-17 15:00:42.517,18256,18257,18254,1,-1
2022-02-17 15:00:42.518,18256,18257,18254,5,-5
2022-02-17 15:00:43.846,18253,18255,18253,3,-3
2022-02-17 15:00:43.846,18253,18255,18252,2,-2
2022-02-17 15:00:44.051,18252,18254,18254,2,2
2022-02-17 15:00:45.261,18252,18254,18252,1,-1
2022-02-17 15:00:45.395,18252,18255,18252,4,-4
2022-02-17 15:00:45.395,18252,18255,18251,1,-1
2022-02-17 15:00:46.121,18253,18255,18255,2,2
2022-02-17 15:00:46.130,18253,18255,18255,2,2
2022-02-17 15:00:46.132,18253,18255,18255,2,2
2022-02-17 15:00:50.337,18252,18254,18252,1,-1
2022-02-17 15:00:53.089,18253,18254,18253,1,-1
2022-02-17 15:00:53.664,18252,18254,18252,4,-4
2022-02-17 15:00:53.664,18252,18254,18251,1,-1
2022-02-17 15:00:54.810,18253,18254,18253,1,-1
2022-02-17 15:00:55.184,18253,18254,18253,1,-1
2022-02-17 15:00:55.184,18253,18254,18253,2,-2
2022-02-17 15:00:55.184,18253,18254,18253,1,-1
2022-02-17 15:00:55.274,18253,18254,18253,3,-3
2022-02-17 15:00:57.163,18251,18253,18251,1,-1
2022-02-17 15:00:57.580,18251,18253,18253,1,1
2022-02-17 15:00:59.258,18251,18252,18252,1,1
2022-02-17 15:01:00.129,18252,18254,18252,2,-2
2022-02-17 15:01:00.140,18252,18254,18252,1,-1
2022-02-17 15:01:00.141,18252,18254,18252,1,-1
2022-02-17 15:01:00.180,18251,18254,18251,1,-1
2022-02-17 15:01:00.195,18251,18254,18253,2,2
2022-02-17 15:01:00.218,18251,18254,18251,1,-1
2022-02-17 15:01:00.335,18251,18254,18251,4,-4
2022-02-17 15:01:00.337,18251,18254,18250,6,-6
2022-02-17 15:01:00.687,18250,18252,18252,1,1
2022-02-17 15:01:00.693,18250,18252,18252,1,1
2022-02-17 15:01:00.821,18250,18252,18252,1,1
2022-02-17 15:01:02.831,18251,18253,18253,1,1
2022-02-17 15:01:03.921,18251,18253,18253,1,1
2022-02-17 15:01:04.943,18251,18253,18251,2,-2
2022-02-17 15:01:05.798,18251,18253,18251,5,-5
2022-02-17 15:01:06.442,18251,18253,18251,3,-3
2022-02-17 15:01:07.139,18251,18253,18251,1,-1
2022-02-17 15:01:08.992,18250,18251,18251,3,3
2022-02-17 15:01:09.062,18250,18252,18252,1,1
2022-02-17 15:01:10.995,18251,18252,18251,1,-1
2022-02-17 15:01:11.867,18251,18252,18252,1,1
2022-02-17 15:01:12.506,18251,18252,18251,1,-1
2022-02-17 15:01:13.461,18250,18252,18252,1,1
2022-02-17 15:01:13.999,18250,18251,18250,1,-1
2022-02-17 15:01:14.323,18250,18251,18251,1,1
2022-02-17 15:01:16.809,18250,18251,18251,1,1
2022-02-17 15:01:17.416,18250,18251,18250,5,-5
2022-02-17 15:01:17.417,18250,18251,18250,1,-1
2022-02-17 15:01:17.562,18249,18251,18251,1,1
2022-02-17 15:01:17.673,18249,18251,18251,1,1
2022-02-17 15:01:18.375,18249,18251,18251,1,1
2022-02-17 15:01:18.997,18249,18251,18249,4,-4
2022-02-17 15:01:18.997,18249,18251,18248,1,-1
2022-02-17 15:01:19.536,18248,18250,18250,1,1
2022-02-17 15:01:21.391,18249,18251,18249,1,-1
2022-02-17 15:01:22.265,18250,18251,18250,1,-1
2022-02-17 15:01:22.749,18249,18251,18249,1,-1
2022-02-17 15:01:22.983,18248,18250,18250,1,1
2022-02-17 15:01:23.622,18248,18250,18248,1,-1
2022-02-17 15:01:23.951,18248,18250,18248,1,-1
2022-02-17 15:01:24.573,18249,18250,18249,1,-1
2022-02-17 15:01:26.552,18248,18250,18248,1,-1
2022-02-17 15:01:28.152,18249,18250,18249,1,-1
2022-02-17 15:01:28.330,18249,18250,18249,1,-1
2022-02-17 15:01:32.242,18248,18249,18248,1,-1
2022-02-17 15:01:32.268,18248,18249,18249,2,2
2022-02-17 15:01:33.538,18248,18249,18248,2,-2
2022-02-17 15:01:34.315,18247,18249,18249,1,1
2022-02-17 15:01:37.342,18247,18248,18247,4,-4
2022-02-17 15:01:37.545,18246,18247,18247,3,3
2022-02-17 15:01:39.583,18246,18247,18246,1,-1
2022-02-17 15:01:39.727,18246,18247,18246,1,-1
2022-02-17 15:01:39.868,18246,18247,18246,3,-3
2022-02-17 15:01:39.868,18246,18247,18245,3,-3
2022-02-17 15:01:40.202,18245,18247,18246,3,3
2022-02-17 15:01:41.344,18245,18247,18245,1,-1
2022-02-17 15:01:41.650,18245,18247,18245,1,-1
2022-02-17 15:01:42.270,18245,18247,18245,1,-1
2022-02-17 15:01:42.384,18245,18247,18245,1,-1
2022-02-17 15:01:42.450,18245,18246,18245,1,-1
2022-02-17 15:01:43.387,18245,18246,18245,1,-1
2022-02-17 15:01:43.387,18245,18246,18244,1,-1
2022-02-17 15:01:43.778,18244,18246,18244,1,-1
2022-02-17 15:01:44.201,18244,18245,18245,1,1
2022-02-17 15:01:44.257,18244,18245,18244,1,-1
2022-02-17 15:01:45.200,18244,18245,18244,2,-2
2022-02-17 15:01:45.201,18244,18245,18244,1,-1
2022-02-17 15:01:46.294,18243,18244,18243,1,-1
2022-02-17 15:01:47.625,18243,18244,18243,1,-1
2022-02-17 15:01:49.000,18243,18244,18244,1,1
2022-02-17 15:01:50.760,18243,18244,18244,2,2
2022-02-17 15:01:51.244,18243,18245,18243,1,-1
2022-02-17 15:01:52.720,18243,18245,18244,5,5
2022-02-17 15:01:52.903,18243,18245,18243,1,-1
2022-02-17 15:01:55.814,18244,18245,18245,2,2
2022-02-17 15:01:56.271,18244,18246,18244,1,-1
2022-02-17 15:01:57.368,18244,18246,18244,2,-2
2022-02-17 15:02:03.548,18245,18246,18246,1,1
2022-02-17 15:02:03.548,18245,18246,18246,1,1
2022-02-17 15:02:03.572,18245,18247,18245,1,-1
2022-02-17 15:02:03.813,18245,18247,18247,1,1
2022-02-17 15:02:03.831,18245,18247,18247,1,1
2022-02-17 15:02:03.936,18245,18247,18247,1,1
2022-02-17 15:02:03.941,18245,18247,18247,1,1
2022-02-17 15:02:03.951,18245,18247,18248,1,1
2022-02-17 15:02:04.036,18245,18247,18248,1,1
2022-02-17 15:02:04.064,18246,18248,18248,1,1
2022-02-17 15:02:04.073,18246,18248,18248,1,1
2022-02-17 15:02:04.113,18246,18248,18248,1,1
2022-02-17 15:02:04.140,18246,18248,18248,1,1
2022-02-17 15:02:05.012,18246,18248,18246,1,-1
2022-02-17 15:02:05.206,18246,18248,18246,1,-1
2022-02-17 15:02:05.206,18246,18248,18245,2,-2
2022-02-17 15:02:12.828,18246,18248,18246,1,-1
2022-02-17 15:02:16.363,18246,18247,18247,1,1
2022-02-17 15:02:20.658,18246,18248,18248,3,3
2022-02-17 15:02:22.454,18248,18249,18248,1,-1
2022-02-17 15:02:24.427,18246,18247,18247,1,1
2022-02-17 15:02:24.574,18246,18248,18248,1,1
2022-02-17 15:02:25.367,18248,18249,18248,4,-4
2022-02-17 15:02:27.431,18246,18248,18248,1,1
2022-02-17 15:02:30.448,18246,18248,18248,1,1
2022-02-17 15:02:34.136,18246,18247,18247,1,1
2022-02-17 15:02:34.526,18246,18247,18246,1,-1
2022-02-17 15:02:34.526,18246,18247,18246,1,-1
2022-02-17 15:02:34.527,18246,18247,18246,1,-1
2022-02-17 15:02:37.808,18246,18247,18247,1,1
2022-02-17 15:02:39.773,18246,18247,18246,2,-2
2022-02-17 15:02:40.196,18245,18246,18246,1,1
2022-02-17 15:02:49.617,18246,18247,18247,1,1
2022-02-17 15:02:50.074,18246,18248,18246,1,-1
2022-02-17 15:02:55.484,18247,18248,18247,1,-1
2022-02-17 15:02:55.484,18247,18248,18246,1,-1
2022-02-17 15:02:57.610,18246,18247,18246,1,-1
2022-02-17 15:02:57.610,18246,18247,18246,4,-4
2022-02-17 15:02:57.626,18246,18247,18246,1,-1
2022-02-17 15:02:58.322,18245,18246,18245,1,-1
2022-02-17 15:02:59.506,18245,18246,18246,1,1
2022-02-17 15:03:00.070,18246,18247,18247,1,1
2022-02-17 15:03:00.070,18246,18247,18247,1,1
2022-02-17 15:03:00.078,18246,18247,18247,2,2
2022-02-17 15:03:00.089,18246,18247,18247,1,1
2022-02-17 15:03:00.089,18246,18247,18248,2,2
2022-02-17 15:03:00.115,18246,18247,18248,6,6
2022-02-17 15:03:00.135,18246,18247,18248,1,1
2022-02-17 15:03:00.696,18247,18248,18247,1,-1
2022-02-17 15:03:03.644,18246,18248,18246,1,-1
2022-02-17 15:03:11.333,18247,18248,18248,1,1
2022-02-17 15:03:11.333,18247,18248,18248,2,2
2022-02-17 15:03:11.334,18247,18248,18248,1,1
2022-02-17 15:03:12.226,18247,18249,18249,6,6
2022-02-17 15:03:13.689,18247,18249,18249,4,4
2022-02-17 15:03:15.643,18247,18249,18249,5,5
2022-02-17 15:03:15.978,18249,18250,18249,2,-2
2022-02-17 15:03:15.978,18249,18250,18248,5,-5
2022-02-17 15:03:15.979,18249,18250,18248,1,-1
2022-02-17 15:03:19.334,18249,18250,18249,1,-1
2022-02-17 15:03:19.458,18249,18250,18249,1,-1
2022-02-17 15:03:20.199,18249,18250,18250,2,2
2022-02-17 15:03:20.727,18249,18250,18250,1,1
2022-02-17 15:03:23.295,18249,18250,18250,1,1
2022-02-17 15:03:25.279,18249,18250,18250,5,5
2022-02-17 15:03:25.280,18249,18250,18250,1,1
2022-02-17 15:03:25.280,18249,18250,18250,1,1
2022-02-17 15:03:25.738,18249,18251,18249,1,-1
2022-02-17 15:03:31.123,18249,18250,18250,1,1
2022-02-17 15:03:32.611,18249,18251,18251,1,1
2022-02-17 15:03:36.311,18249,18250,18250,1,1
2022-02-17 15:03:36.322,18249,18250,18251,5,5
2022-02-17 15:03:36.909,18251,18252,18252,1,1
2022-02-17 15:03:37.648,18250,18251,18251,2,2
2022-02-17 15:03:40.198,18250,18251,18251,1,1
2022-02-17 15:03:41.274,18250,18252,18250,1,-1
2022-02-17 15:03:41.918,18250,18251,18251,1,1
2022-02-17 15:03:42.516,18251,18252,18251,1,-1
2022-02-17 15:03:45.037,18251,18252,18251,3,-3
2022-02-17 15:03:45.463,18250,18251,18251,4,4
2022-02-17 15:03:48.703,18251,18252,18251,1,-1
2022-02-17 15:03:48.990,18251,18252,18252,3,3
2022-02-17 15:03:49.070,18251,18252,18251,1,-1
2022-02-17 15:03:53.820,18250,18251,18250,1,-1
2022-02-17 15:03:54.217,18250,18251,18251,1,1
2022-02-17 15:03:54.217,18250,18251,18252,1,1
2022-02-17 15:03:57.332,18249,18251,18251,5,5
2022-02-17 15:04:01.374,18250,18251,18251,1,1
2022-02-17 15:04:01.419,18250,18251,18251,4,4
2022-02-17 15:04:02.106,18250,18251,18250,1,-1
2022-02-17 15:04:05.783,18250,18251,18251,1,1
2022-02-17 15:04:08.088,18250,18252,18252,1,1
2022-02-17 15:04:08.839,18250,18252,18251,1,1
2022-02-17 15:04:10.041,18250,18252,18252,5,5
2022-02-17 15:04:10.083,18252,18253,18253,5,5
2022-02-17 15:04:10.083,18252,18253,18253,11,11
2022-02-17 15:04:10.085,18252,18253,18253,1,1
2022-02-17 15:04:10.605,18253,18254,18254,1,1
2022-02-17 15:04:10.988,18253,18254,18254,2,2
2022-02-17 15:04:10.988,18253,18254,18255,12,12
2022-02-17 15:04:11.256,18253,18255,18255,1,1
2022-02-17 15:04:14.731,18254,18255,18254,1,-1
2022-02-17 15:04:15.021,18253,18255,18255,1,1
2022-02-17 15:04:16.348,18254,18255,18255,1,1
2022-02-17 15:04:17.327,18255,18256,18255,1,-1
2022-02-17 15:04:18.411,18254,18256,18256,2,2
2022-02-17 15:04:18.411,18254,18256,18256,11,11
2022-02-17 15:04:18.711,18256,18257,18257,4,4
2022-02-17 15:04:18.712,18256,18257,18257,1,1
2022-02-17 15:04:18.869,18256,18258,18256,5,-5
2022-02-17 15:04:19.435,18255,18257,18257,1,1
2022-02-17 15:04:19.814,18255,18257,18257,1,1
2022-02-17 15:04:21.717,18255,18257,18257,1,1
2022-02-17 15:04:22.149,18257,18258,18258,7,7
2022-02-17 15:04:22.149,18257,18258,18258,2,2
2022-02-17 15:04:22.149,18257,18258,18258,2,2
2022-02-17 15:04:22.191,18258,18259,18259,1,1
2022-02-17 15:04:22.945,18257,18259,18259,5,5
2022-02-17 15:04:23.432,18258,18259,18259,1,1
2022-02-17 15:04:23.509,18258,18259,18259,1,1
2022-02-17 15:04:24.148,18258,18259,18259,1,1
2022-02-17 15:04:24.641,18258,18259,18259,1,1
2022-02-17 15:04:24.951,18258,18259,18258,1,-1
2022-02-17 15:04:25.652,18257,18259,18259,5,5
2022-02-17 15:04:26.650,18257,18259,18259,1,1
2022-02-17 15:04:28.501,18255,18257,18257,1,1
2022-02-17 15:04:28.888,18255,18257,18257,1,1
2022-02-17 15:04:32.330,18256,18257,18257,1,1
2022-02-17 15:04:32.330,18256,18257,18258,1,1
2022-02-17 15:04:34.054,18257,18258,18257,1,-1
2022-02-17 15:04:37.056,18257,18258,18257,2,-2
2022-02-17 15:04:37.310,18257,18258,18257,1,-1
2022-02-17 15:04:37.334,18257,18258,18257,1,-1
2022-02-17 15:04:39.779,18257,18258,18257,5,-5
2022-02-17 15:04:40.201,18256,18257,18257,3,3
2022-02-17 15:04:41.255,18256,18257,18257,3,3
2022-02-17 15:04:44.183,18256,18257,18257,1,1
2022-02-17 15:04:44.893,18256,18257,18257,1,1
2022-02-17 15:04:48.074,18256,18257,18256,3,-3
2022-02-17 15:04:48.089,18256,18257,18255,1,-1
2022-02-17 15:04:48.604,18255,18257,18257,2,2
2022-02-17 15:04:51.609,18255,18256,18255,15,-15
2022-02-17 15:04:52.616,18254,18255,18255,1,1
2022-02-17 15:04:57.589,18254,18255,18255,1,1
2022-02-17 15:04:59.482,18254,18255,18255,4,4
2022-02-17 15:04:59.733,18255,18256,18255,4,-4
2022-02-17 15:05:00.390,18254,18255,18254,1,-1
2022-02-17 15:05:00.844,18254,18255,18255,2,2
2022-02-17 15:05:00.867,18254,18255,18255,1,1
2022-02-17 15:05:00.876,18254,18255,18255,1,1
2022-02-17 15:05:01.057,18254,18255,18255,1,1
2022-02-17 15:05:01.316,18254,18256,18256,3,3
2022-02-17 15:05:01.559,18255,18256,18256,2,2
2022-02-17 15:05:01.559,18255,18256,18257,1,1
2022-02-17 15:05:01.687,18255,18257,18257,3,3
2022-02-17 15:05:03.317,18255,18257,18255,2,-2
2022-02-17 15:05:04.086,18254,18256,18256,1,1
2022-02-17 15:05:04.998,18254,18256,18254,1,-1
2022-02-17 15:05:05.477,18254,18256,18254,3,-3
2022-02-17 15:05:06.179,18253,18255,18255,1,1
2022-02-17 15:05:07.238,18253,18255,18255,1,1
2022-02-17 15:05:09.799,18253,18255,18253,3,-3
2022-02-17 15:05:10.656,18252,18254,18252,2,-2
2022-02-17 15:05:13.806,18251,18252,18252,1,1
2022-02-17 15:05:16.154,18252,18253,18252,1,-1
2022-02-17 15:05:16.594,18252,18253,18252,1,-1
2022-02-17 15:05:20.258,18253,18255,18253,1,-1
2022-02-17 15:05:21.416,18253,18254,18254,1,1
2022-02-17 15:05:23.397,18253,18255,18253,2,-2
2022-02-17 15:05:23.676,18252,18253,18253,4,4
2022-02-17 15:05:26.592,18252,18253,18252,1,-1
2022-02-17 15:05:26.592,18252,18253,18252,9,-9
2022-02-17 15:05:27.210,18251,18252,18251,5,-5
2022-02-17 15:05:27.210,18251,18252,18251,2,-2
2022-02-17 15:05:31.288,18250,18253,18250,2,-2
2022-02-17 15:05:32.698,18251,18253,18251,1,-1
2022-02-17 15:05:33.060,18250,18252,18252,1,1
2022-02-17 15:05:34.330,18252,18253,18252,1,-1
2022-02-17 15:05:34.757,18251,18253,18253,4,4
2022-02-17 15:05:37.067,18252,18253,18253,2,2
2022-02-17 15:05:37.067,18252,18253,18253,5,5
2022-02-17 15:05:40.284,18251,18253,18253,1,1
2022-02-17 15:05:46.508,18252,18253,18252,3,-3
2022-02-17 15:05:46.508,18252,18253,18251,11,-11
2022-02-17 15:05:46.509,18252,18253,18251,1,-1
2022-02-17 15:05:50.345,18251,18252,18251,1,-1
2022-02-17 15:05:50.346,18251,18252,18251,1,-1
2022-02-17 15:05:54.254,18250,18251,18251,1,1
2022-02-17 15:05:54.254,18250,18251,18250,3,-3
2022-02-17 15:05:56.087,18250,18251,18250,1,-1
2022-02-17 15:05:57.186,18250,18251,18250,1,-1
2022-02-17 15:06:00.460,18250,18251,18251,1,1
2022-02-17 15:06:00.460,18250,18251,18252,1,1
2022-02-17 15:06:00.494,18250,18251,18253,2,2
2022-02-17 15:06:00.531,18250,18251,18253,1,1
2022-02-17 15:06:00.688,18251,18253,18251,1,-1
2022-02-17 15:06:01.019,18251,18253,18251,1,-1
2022-02-17 15:06:04.469,18251,18253,18251,1,-1
2022-02-17 15:06:04.806,18252,18254,18252,1,-1
2022-02-17 15:06:06.944,18253,18254,18253,3,-3
2022-02-17 15:06:06.944,18253,18254,18252,5,-5
2022-02-17 15:06:06.945,18253,18254,18252,1,-1
2022-02-17 15:06:06.945,18253,18254,18252,6,-6
2022-02-17 15:06:12.728,18250,18252,18252,1,1
2022-02-17 15:06:17.895,18251,18252,18251,1,-1
2022-02-17 15:06:18.900,18250,18251,18251,1,1
2022-02-17 15:06:20.749,18250,18251,18251,1,1
2022-02-17 15:06:21.066,18250,18251,18250,1,-1
2022-02-17 15:06:22.892,18249,18250,18249,1,-1
2022-02-17 15:06:22.892,18249,18250,18249,1,-1
2022-02-17 15:06:22.892,18249,18250,18249,1,-1
2022-02-17 15:06:28.901,18248,18250,18250,1,1
2022-02-17 15:06:33.158,18248,18250,18248,1,-1
2022-02-17 15:06:33.594,18248,18250,18249,1,1
2022-02-17 15:06:36.965,18248,18249,18249,1,1
2022-02-17 15:06:37.037,18248,18249,18248,5,-5
2022-02-17 15:06:39.351,18247,18248,18247,1,-1
2022-02-17 15:06:40.110,18247,18248,18247,1,-1
2022-02-17 15:06:42.275,18247,18248,18248,1,1
2022-02-17 15:06:42.433,18247,18248,18247,8,-8
2022-02-17 15:06:42.433,18247,18248,18247,1,-1
2022-02-17 15:06:45.387,18247,18248,18247,1,-1
2022-02-17 15:06:48.291,18247,18248,18247,1,-1
2022-02-17 15:06:48.428,18247,18248,18247,1,-1
2022-02-17 15:06:48.965,18247,18248,18247,1,-1
2022-02-17 15:06:49.120,18247,18248,18248,1,1
2022-02-17 15:06:49.121,18247,18248,18248,1,1
2022-02-17 15:06:49.121,18247,18248,18248,1,1
2022-02-17 15:06:49.225,18247,18248,18248,1,1
2022-02-17 15:06:49.275,18247,18248,18248,1,1
2022-02-17 15:06:53.609,18247,18249,18249,1,1
2022-02-17 15:06:54.595,18247,18249,18247,1,-1
2022-02-17 15:06:55.381,18247,18249,18247,30,-30
2022-02-17 15:06:55.387,18247,18249,18247,1,-1
2022-02-17 15:06:56.722,18246,18247,18247,1,1
2022-02-17 15:06:58.981,18246,18247,18247,1,1
2022-02-17 15:07:03.237,18246,18247,18247,1,1
2022-02-17 15:07:03.238,18246,18247,18247,1,1
2022-02-17 15:07:03.238,18246,18247,18247,1,1
2022-02-17 15:07:03.239,18246,18247,18247,1,1
2022-02-17 15:07:03.239,18246,18247,18247,1,1
2022-02-17 15:07:03.239,18246,18247,18247,1,1
2022-02-17 15:07:03.239,18246,18247,18247,2,2
2022-02-17 15:07:04.140,18247,18249,18247,4,-4
2022-02-17 15:07:04.255,18247,18249,18248,1,1
2022-02-17 15:07:08.104,18247,18249,18249,1,1
2022-02-17 15:07:13.707,18248,18249,18249,4,4
2022-02-17 15:07:15.923,18248,18250,18250,2,2
2022-02-17 15:07:16.233,18249,18251,18249,3,-3
2022-02-17 15:07:16.233,18249,18251,18248,6,-6
2022-02-17 15:07:16.234,18249,18251,18248,1,-1
2022-02-17 15:07:16.234,18249,18251,18248,4,-4
2022-02-17 15:07:22.203,18248,18249,18248,1,-1
2022-02-17 15:07:26.080,18247,18248,18248,1,1
2022-02-17 15:07:27.832,18247,18248,18248,1,1
2022-02-17 15:07:29.432,18247,18248,18248,1,1
2022-02-17 15:07:29.934,18247,18248,18248,1,1
2022-02-17 15:07:30.180,18247,18248,18248,10,10
2022-02-17 15:07:35.500,18247,18248,18248,2,2
2022-02-17 15:07:39.744,18247,18248,18247,3,-3
2022-02-17 15:07:40.196,18246,18247,18247,2,2
2022-02-17 15:07:48.076,18246,18247,18247,1,1
2022-02-17 15:07:48.077,18246,18247,18246,15,-15
2022-02-17 15:07:48.837,18245,18246,18246,1,1
2022-02-17 15:07:52.972,18245,18246,18246,1,1
2022-02-17 15:07:55.050,18245,18246,18246,1,1
2022-02-17 15:07:55.696,18246,18247,18247,5,5
2022-02-17 15:08:02.142,18247,18248,18247,1,-1
2022-02-17 15:08:05.173,18246,18247,18247,1,1
2022-02-17 15:08:06.251,18246,18247,18247,1,1
2022-02-17 15:08:06.546,18246,18247,18247,7,7
2022-02-17 15:08:12.105,18247,18248,18248,2,2
2022-02-17 15:08:15.119,18247,18248,18247,1,-1
2022-02-17 15:08:15.119,18247,18248,18247,1,-1
2022-02-17 15:08:36.117,18247,18248,18247,1,-1
2022-02-17 15:08:41.076,18247,18248,18248,1,1
2022-02-17 15:08:41.270,18247,18248,18247,1,-1
2022-02-17 15:08:41.662,18247,18248,18247,1,-1
2022-02-17 15:08:43.602,18247,18248,18247,1,-1
2022-02-17 15:08:43.603,18247,18248,18247,1,-1
2022-02-17 15:08:47.984,18247,18248,18248,1,1
2022-02-17 15:08:50.269,18247,18248,18247,1,-1
2022-02-17 15:08:51.976,18247,18248,18247,1,-1
2022-02-17 15:08:58.987,18246,18247,18247,1,1
2022-02-17 15:08:59.462,18246,18247,18247,1,1
2022-02-17 15:09:02.532,18246,18247,18246,4,-4
2022-02-17 15:09:02.533,18246,18247,18246,4,-4
2022-02-17 15:09:05.118,18245,18246,18245,6,-6
2022-02-17 15:09:05.342,18244,18246,18244,1,-1
2022-02-17 15:09:05.539,18244,18246,18244,1,-1
2022-02-17 15:09:06.545,18244,18246,18246,1,1
2022-02-17 15:09:11.012,18244,18246,18244,1,-1
2022-02-17 15:09:12.002,18244,18245,18244,1,-1
2022-02-17 15:09:12.204,18244,18245,18244,3,-3
2022-02-17 15:09:13.172,18244,18245,18245,2,2
2022-02-17 15:09:15.598,18244,18245,18244,1,-1
2022-02-17 15:09:19.030,18244,18245,18244,2,-2
2022-02-17 15:09:20.334,18244,18245,18244,1,-1
2022-02-17 15:09:21.894,18244,18245,18244,1,-1
2022-02-17 15:09:23.274,18244,18245,18244,1,-1
2022-02-17 15:09:25.087,18244,18245,18244,1,-1
2022-02-17 15:09:25.784,18243,18244,18244,1,1
2022-02-17 15:09:29.410,18243,18244,18244,1,1
2022-02-17 15:09:32.022,18243,18244,18243,5,-5
2022-02-17 15:09:32.023,18243,18244,18243,2,-2
2022-02-17 15:09:32.023,18243,18244,18243,1,-1
2022-02-17 15:09:32.316,18242,18243,18242,1,-1
2022-02-17 15:09:32.451,18242,18243,18242,1,-1
2022-02-17 15:09:32.457,18242,18243,18242,1,-1
2022-02-17 15:09:32.457,18242,18243,18242,1,-1
2022-02-17 15:09:32.457,18242,18243,18241,1,-1
2022-02-17 15:09:32.460,18242,18243,18241,1,-1
2022-02-17 15:09:32.536,18242,18243,18241,1,-1
2022-02-17 15:09:33.227,18241,18243,18241,1,-1
2022-02-17 15:09:35.755,18241,18243,18243,4,4
2022-02-17 15:09:36.432,18242,18243,18243,1,1
2022-02-17 15:09:37.387,18242,18244,18242,1,-1
2022-02-17 15:09:46.076,18243,18244,18243,1,-1
2022-02-17 15:09:49.619,18243,18244,18243,1,-1
2022-02-17 15:09:51.772,18243,18244,18243,1,-1
2022-02-17 15:09:52.777,18242,18244,18242,1,-1
2022-02-17 15:09:52.993,18242,18244,18243,1,1
2022-02-17 15:09:54.388,18242,18244,18244,2,2
2022-02-17 15:10:04.520,18242,18243,18242,1,-1
2022-02-17 15:10:04.618,18242,18243,18242,1,-1
2022-02-17 15:10:04.665,18242,18243,18243,1,1
2022-02-17 15:10:04.676,18242,18243,18243,1,1
2022-02-17 15:10:04.888,18242,18243,18243,1,1
2022-02-17 15:10:15.950,18242,18243,18242,1,-1
2022-02-17 15:10:16.032,18242,18243,18243,1,1
2022-02-17 15:10:17.951,18242,18243,18243,2,2
2022-02-17 15:10:22.129,18242,18243,18242,1,-1
2022-02-17 15:10:25.202,18242,18243,18242,1,-1
2022-02-17 15:10:29.117,18242,18243,18242,1,-1
2022-02-17 15:10:30.524,18242,18243,18242,1,-1
2022-02-17 15:10:31.661,18242,18243,18242,1,-1
2022-02-17 15:10:31.909,18242,18243,18242,1,-1
2022-02-17 15:10:36.291,18241,18242,18241,8,-8
2022-02-17 15:10:36.386,18240,18241,18241,1,1
2022-02-17 15:10:38.438,18240,18241,18240,6,-6
2022-02-17 15:10:38.677,18240,18241,18241,1,1
2022-02-17 15:10:38.687,18240,18241,18241,1,1
2022-02-17 15:10:38.946,18240,18241,18241,1,1
2022-02-17 15:10:39.173,18240,18242,18241,1,1
2022-02-17 15:10:39.568,18240,18241,18240,3,-3
2022-02-17 15:10:39.568,18240,18241,18240,3,-3
2022-02-17 15:10:41.844,18239,18240,18239,1,-1
2022-02-17 15:10:42.114,18239,18240,18240,1,1
2022-02-17 15:10:42.142,18239,18240,18241,1,1
2022-02-17 15:10:42.149,18239,18240,18240,4,4
2022-02-17 15:10:42.149,18239,18240,18239,8,-8
2022-02-17 15:10:42.149,18239,18240,18238,18,-18
2022-02-17 15:10:42.210,18239,18241,18239,1,-1
2022-02-17 15:10:42.242,18239,18241,18240,2,2
2022-02-17 15:10:42.253,18239,18241,18239,1,-1
2022-02-17 15:10:44.016,18238,18240,18238,6,-6
2022-02-17 15:10:44.608,18238,18240,18238,3,-3
2022-02-17 15:10:47.722,18239,18240,18239,1,-1
2022-02-17 15:10:47.722,18239,18240,18238,1,-1
2022-02-17 15:10:50.859,18237,18238,18237,1,-1
2022-02-17 15:10:51.097,18237,18238,18238,1,1
2022-02-17 15:10:51.485,18237,18238,18238,1,1
2022-02-17 15:10:53.804,18237,18238,18237,4,-4
2022-02-17 15:10:53.829,18237,18238,18237,1,-1
2022-02-17 15:10:53.829,18237,18238,18237,1,-1
2022-02-17 15:10:54.186,18237,18238,18238,5,5
2022-02-17 15:10:58.121,18237,18238,18237,1,-1
2022-02-17 15:10:58.121,18237,18238,18236,5,-5
2022-02-17 15:10:58.674,18236,18237,18236,1,-1
2022-02-17 15:11:00.983,18236,18237,18237,2,2
2022-02-17 15:11:02.942,18236,18238,18236,2,-2
2022-02-17 15:11:02.942,18236,18238,18235,6,-6
2022-02-17 15:11:03.158,18235,18237,18235,1,-1
2022-02-17 15:11:03.206,18234,18237,18237,2,2
2022-02-17 15:11:03.285,18234,18237,18235,1,-1
2022-02-17 15:11:03.596,18234,18236,18236,1,1
2022-02-17 15:11:06.448,18235,18236,18235,1,-1
2022-02-17 15:11:06.448,18235,18236,18234,3,-3
2022-02-17 15:11:08.113,18235,18236,18235,1,-1
2022-02-17 15:11:08.679,18234,18235,18234,1,-1
2022-02-17 15:11:08.685,18233,18235,18233,1,-1
2022-02-17 15:11:09.410,18233,18235,18235,1,1
2022-02-17 15:11:10.523,18233,18234,18234,1,1
2022-02-17 15:11:11.081,18233,18235,18234,1,1
2022-02-17 15:11:11.726,18234,18235,18234,1,-1
2022-02-17 15:11:11.727,18234,18235,18234,1,-1
2022-02-17 15:11:11.825,18233,18235,18233,2,-2
2022-02-17 15:11:13.843,18234,18235,18234,1,-1
2022-02-17 15:11:15.098,18234,18235,18234,1,-1
2022-02-17 15:11:18.858,18234,18235,18234,1,-1
2022-02-17 15:11:20.313,18234,18235,18234,1,-1
2022-02-17 15:11:22.629,18233,18234,18233,6,-6
2022-02-17 15:11:22.629,18233,18234,18232,4,-4
2022-02-17 15:11:23.386,18232,18233,18232,1,-1
2022-02-17 15:11:25.467,18231,18233,18234,5,5
2022-02-17 15:11:25.654,18232,18234,18232,1,-1
2022-02-17 15:11:26.012,18232,18234,18234,3,3
2022-02-17 15:11:26.171,18233,18235,18234,1,1
2022-02-17 15:11:27.921,18233,18235,18235,3,3
2022-02-17 15:11:27.923,18233,18235,18236,2,2
2022-02-17 15:11:28.995,18235,18236,18235,1,-1
2022-02-17 15:11:29.404,18235,18236,18235,1,-1
2022-02-17 15:11:29.405,18235,18236,18236,1,1
2022-02-17 15:11:31.602,18236,18238,18236,1,-1
2022-02-17 15:11:31.729,18236,18238,18236,1,-1
2022-02-17 15:11:32.622,18236,18238,18237,1,1
2022-02-17 15:11:33.975,18237,18239,18237,1,-1
2022-02-17 15:11:35.931,18237,18239,18239,2,2
2022-02-17 15:11:42.125,18239,18241,18241,1,1
2022-02-17 15:11:42.619,18240,18242,18240,6,-6
2022-02-17 15:11:43.219,18239,18241,18239,1,-1
2022-02-17 15:11:47.396,18239,18240,18240,1,1
2022-02-17 15:11:49.878,18239,18240,18240,2,2
2022-02-17 15:11:51.361,18240,18241,18240,1,-1
2022-02-17 15:11:57.788,18240,18241,18240,1,-1
2022-02-17 15:12:05.898,18239,18240,18239,1,-1
2022-02-17 15:12:07.573,18239,18240,18239,5,-5
2022-02-17 15:12:08.588,18238,18240,18238,1,-1
2022-02-17 15:12:10.288,18238,18239,18239,1,1
2022-02-17 15:12:10.506,18238,18239,18239,1,1
2022-02-17 15:12:14.213,18238,18239,18238,1,-1
2022-02-17 15:12:14.367,18237,18239,18238,1,1
2022-02-17 15:12:18.050,18237,18239,18237,1,-1
2022-02-17 15:12:18.370,18237,18238,18238,1,1
2022-02-17 15:12:20.918,18237,18238,18238,1,1
2022-02-17 15:12:25.120,18238,18239,18238,1,-1
2022-02-17 15:12:27.342,18238,18239,18238,1,-1
2022-02-17 15:12:28.125,18238,18239,18239,5,5
2022-02-17 15:12:28.129,18238,18239,18240,1,1
2022-02-17 15:12:28.129,18238,18239,18240,2,2
2022-02-17 15:12:28.129,18238,18239,18240,1,1
2022-02-17 15:12:28.196,18239,18241,18241,1,1
2022-02-17 15:12:28.555,18239,18241,18241,1,1
2022-02-17 15:12:29.017,18240,18241,18241,1,1
2022-02-17 15:12:29.122,18240,18242,18240,1,-1
2022-02-17 15:12:29.740,18241,18242,18242,1,1
2022-02-17 15:12:31.525,18241,18243,18241,1,-1
2022-02-17 15:12:33.695,18241,18242,18242,2,2
2022-02-17 15:12:34.356,18241,18243,18243,7,7
2022-02-17 15:12:37.806,18243,18244,18244,5,5
2022-02-17 15:12:37.980,18243,18244,18244,1,1
2022-02-17 15:12:37.980,18243,18244,18244,2,2
2022-02-17 15:12:38.501,18244,18245,18245,1,1
2022-02-17 15:12:38.642,18244,18245,18244,1,-1
2022-02-17 15:12:38.882,18244,18245,18245,1,1
2022-02-17 15:12:39.755,18244,18245,18244,1,-1
2022-02-17 15:12:40.318,18244,18245,18245,3,3
2022-02-17 15:12:40.318,18244,18245,18246,2,2
2022-02-17 15:12:40.443,18244,18246,18246,1,1
2022-02-17 15:12:41.332,18245,18246,18246,1,1
2022-02-17 15:12:41.332,18245,18246,18246,2,2
2022-02-17 15:12:41.332,18245,18246,18246,1,1
2022-02-17 15:12:41.440,18245,18247,18247,1,1
2022-02-17 15:12:42.257,18245,18246,18247,1,1
2022-02-17 15:12:43.437,18244,18246,18246,1,1
2022-02-17 15:12:43.587,18244,18246,18246,1,1
2022-02-17 15:12:44.353,18245,18246,18246,1,1
2022-02-17 15:12:46.329,18245,18246,18246,1,1
2022-02-17 15:12:47.653,18245,18246,18246,2,2
2022-02-17 15:12:48.624,18245,18246,18245,2,-2
2022-02-17 15:12:48.624,18245,18246,18245,1,-1
2022-02-17 15:12:49.123,18244,18245,18244,1,-1
2022-02-17 15:12:52.173,18244,18245,18244,1,-1
2022-02-17 15:12:54.519,18243,18244,18243,1,-1
2022-02-17 15:12:56.903,18243,18244,18243,1,-1
2022-02-17 15:12:57.962,18243,18244,18244,1,1
2022-02-17 15:12:58.026,18243,18244,18243,2,-2
2022-02-17 15:12:58.369,18242,18244,18244,1,1
2022-02-17 15:13:10.102,18244,18246,18246,2,2
2022-02-17 15:13:14.258,18244,18245,18244,2,-2
2022-02-17 15:13:14.312,18243,18244,18243,1,-1
2022-02-17 15:13:14.312,18243,18244,18243,3,-3
2022-02-17 15:13:14.312,18243,18244,18243,2,-2
2022-02-17 15:13:14.312,18243,18244,18243,1,-1
2022-02-17 15:13:14.312,18243,18244,18243,1,-1
2022-02-17 15:13:17.531,18241,18242,18241,2,-2
2022-02-17 15:13:18.514,18240,18241,18240,2,-2
2022-02-17 15:13:20.742,18239,18240,18239,1,-1
2022-02-17 15:13:22.489,18238,18240,18238,2,-2
2022-02-17 15:13:25.814,18238,18239,18238,1,-1
2022-02-17 15:13:26.446,18238,18240,18238,1,-1
2022-02-17 15:13:33.795,18238,18240,18240,2,2
2022-02-17 15:13:45.916,18239,18240,18239,1,-1
2022-02-17 15:13:50.367,18239,18240,18239,1,-1
2022-02-17 15:13:55.423,18239,18240,18240,4,4
2022-02-17 15:13:55.424,18239,18240,18240,2,2
2022-02-17 15:13:55.424,18239,18240,18240,1,1
2022-02-17 15:13:55.424,18239,18240,18240,8,8
2022-02-17 15:13:55.749,18240,18242,18240,1,-1
2022-02-17 15:13:56.020,18240,18242,18240,1,-1
2022-02-17 15:13:59.894,18239,18241,18241,1,1
2022-02-17 15:14:00.968,18239,18240,18239,2,-2
2022-02-17 15:14:04.726,18238,18239,18239,1,1
2022-02-17 15:14:08.614,18238,18239,18239,1,1
2022-02-17 15:14:10.979,18238,18239,18238,7,-7
2022-02-17 15:14:13.855,18237,18238,18237,3,-3
2022-02-17 15:14:14.857,18237,18238,18237,3,-3
2022-02-17 15:14:15.966,18236,18237,18236,1,-1
2022-02-17 15:14:16.120,18236,18237,18237,1,1
2022-02-17 15:14:17.776,18236,18238,18236,1,-1
2022-02-17 15:14:18.491,18236,18238,18238,7,7
2022-02-17 15:14:25.544,18238,18239,18238,1,-1
2022-02-17 15:14:26.149,18238,18239,18238,3,-3
2022-02-17 15:14:27.266,18237,18238,18238,1,1
2022-02-17 15:14:28.110,18237,18238,18238,1,1
2022-02-17 15:14:29.583,18237,18239,18237,5,-5
2022-02-17 15:14:29.583,18237,18239,18237,1,-1
2022-02-17 15:14:42.531,18237,18238,18237,1,-1
2022-02-17 15:14:42.733,18236,18237,18236,9,-9
2022-02-17 15:14:42.733,18236,18237,18236,1,-1
2022-02-17 15:14:42.734,18236,18237,18236,3,-3
2022-02-17 15:14:42.734,18236,18237,18236,1,-1
2022-02-17 15:14:44.000,18235,18236,18236,2,2
2022-02-17 15:14:44.254,18235,18236,18235,1,-1
2022-02-17 15:14:44.323,18235,18236,18235,1,-1
2022-02-17 15:14:46.298,18235,18236,18235,1,-1
2022-02-17 15:14:48.040,18235,18236,18236,1,1
2022-02-17 15:14:48.467,18235,18236,18235,1,-1
2022-02-17 15:14:51.123,18235,18236,18235,1,-1
2022-02-17 15:14:55.092,18235,18237,18235,1,-1
2022-02-17 15:14:56.253,18235,18237,18235,1,-1
2022-02-17 15:14:56.598,18235,18237,18235,4,-4
2022-02-17 15:14:56.599,18235,18237,18235,1,-1
2022-02-17 15:14:56.599,18235,18237,18235,5,-5
2022-02-17 15:15:00.085,18235,18237,18235,1,-1
2022-02-17 15:15:00.467,18235,18236,18236,1,1
2022-02-17 15:15:01.704,18235,18236,18236,1,1
2022-02-17 15:15:01.705,18235,18236,18236,2,2
2022-02-17 15:15:01.807,18235,18237,18237,1,1
2022-02-17 15:15:02.640,18235,18237,18235,1,-1
2022-02-17 15:15:04.891,18235,18236,18235,1,-1
2022-02-17 15:15:11.667,18235,18236,18236,4,4
2022-02-17 15:15:16.817,18235,18236,18235,2,-2
2022-02-17 15:15:16.932,18235,18236,18236,1,1
2022-02-17 15:15:16.932,18235,18236,18236,1,1
2022-02-17 15:15:16.932,18235,18236,18237,1,1
2022-02-17 15:15:16.933,18235,18236,18237,1,1
2022-02-17 15:15:17.484,18235,18237,18237,1,1
2022-02-17 15:15:19.316,18235,18237,18237,1,1
2022-02-17 15:15:23.802,18236,18237,18237,1,1
2022-02-17 15:15:25.223,18236,18237,18237,1,1
2022-02-17 15:15:29.659,18236,18237,18236,1,-1
2022-02-17 15:15:36.428,18235,18236,18235,1,-1
2022-02-17 15:15:36.432,18235,18236,18236,1,1
2022-02-17 15:15:36.432,18235,18236,18237,1,1
2022-02-17 15:15:44.851,18235,18236,18236,3,3
2022-02-17 15:15:44.932,18235,18237,18237,1,1
2022-02-17 15:15:49.163,18236,18237,18236,2,-2
2022-02-17 15:15:59.213,18235,18236,18235,1,-1
2022-02-17 15:16:02.302,18235,18236,18235,2,-2
2022-02-17 15:16:02.461,18235,18236,18235,2,-2
2022-02-17 15:16:02.872,18235,18236,18235,1,-1
2022-02-17 15:16:04.223,18235,18236,18235,1,-1
2022-02-17 15:16:07.366,18235,18236,18235,4,-4
2022-02-17 15:16:08.680,18234,18235,18234,6,-6
2022-02-17 15:16:08.681,18234,18235,18234,1,-1
2022-02-17 15:16:11.037,18233,18234,18233,3,-3
2022-02-17 15:16:11.037,18233,18234,18232,1,-1
2022-02-17 15:16:11.287,18232,18234,18232,1,-1
2022-02-17 15:16:12.902,18233,18234,18233,1,-1
2022-02-17 15:16:13.730,18233,18234,18233,1,-1
2022-02-17 15:16:13.730,18233,18234,18232,1,-1
2022-02-17 15:16:14.344,18232,18234,18232,1,-1
2022-02-17 15:16:15.180,18232,18234,18234,1,1
2022-02-17 15:16:16.801,18233,18235,18233,1,-1
2022-02-17 15:16:21.520,18234,18235,18235,1,1
2022-02-17 15:16:22.578,18235,18236,18236,2,2
2022-02-17 15:16:23.759,18235,18237,18236,1,1
2022-02-17 15:16:24.119,18235,18237,18235,5,-5
2022-02-17 15:16:26.124,18236,18237,18237,2,2
2022-02-17 15:16:26.125,18236,18237,18237,4,4
2022-02-17 15:16:33.115,18238,18239,18239,2,2
2022-02-17 15:16:33.435,18238,18239,18238,1,-1
2022-02-17 15:16:33.435,18238,18239,18237,2,-2
2022-02-17 15:16:35.183,18238,18239,18239,2,2
2022-02-17 15:16:37.048,18238,18239,18239,2,2
2022-02-17 15:16:42.057,18239,18240,18239,2,-2
2022-02-17 15:16:43.123,18239,18240,18239,1,-1
2022-02-17 15:16:44.163,18239,18240,18240,1,1
2022-02-17 15:16:45.742,18239,18240,18239,4,-4
2022-02-17 15:16:46.242,18239,18240,18240,1,1
2022-02-17 15:16:47.584,18239,18240,18240,1,1
2022-02-17 15:16:47.853,18239,18240,18240,3,3
2022-02-17 15:16:49.753,18240,18241,18240,2,-2
2022-02-17 15:16:49.753,18240,18241,18240,1,-1
2022-02-17 15:16:52.164,18239,18240,18240,3,3
2022-02-17 15:16:52.164,18239,18240,18241,1,1
2022-02-17 15:16:52.202,18239,18241,18239,1,-1
2022-02-17 15:16:53.308,18239,18241,18239,1,-1
2022-02-17 15:16:53.648,18239,18241,18241,1,1
2022-02-17 15:16:57.623,18239,18240,18240,1,1
2022-02-17 15:17:00.476,18239,18240,18240,1,1
2022-02-17 15:17:01.528,18240,18241,18241,3,3
2022-02-17 15:17:01.528,18240,18241,18241,2,2
2022-02-17 15:17:02.674,18241,18242,18242,1,1
2022-02-17 15:17:02.732,18241,18242,18242,2,2
2022-02-17 15:17:04.822,18240,18242,18242,1,1
2022-02-17 15:17:05.584,18240,18242,18242,1,1
2022-02-17 15:17:06.246,18240,18242,18242,3,3
2022-02-17 15:17:06.247,18240,18242,18242,2,2
2022-02-17 15:17:06.514,18240,18242,18242,1,1
2022-02-17 15:17:09.614,18242,18243,18242,1,-1
2022-02-17 15:17:10.084,18241,18242,18241,1,-1
2022-02-17 15:17:10.084,18241,18242,18240,3,-3
2022-02-17 15:17:10.891,18240,18241,18241,2,2
2022-02-17 15:17:13.599,18241,18242,18242,1,1
2022-02-17 15:17:15.990,18241,18242,18241,2,-2
2022-02-17 15:17:16.756,18240,18241,18241,1,1
2022-02-17 15:17:16.756,18240,18241,18242,3,3
2022-02-17 15:17:21.566,18241,18242,18242,1,1
2022-02-17 15:17:22.234,18241,18242,18242,5,5
2022-02-17 15:17:23.691,18241,18242,18242,1,1
2022-02-17 15:17:24.172,18242,18243,18243,1,1
2022-02-17 15:17:26.284,18243,18244,18244,1,1
2022-02-17 15:17:27.334,18243,18244,18244,1,1
2022-02-17 15:17:28.773,18243,18244,18244,1,1
2022-02-17 15:17:28.807,18243,18244,18243,1,-1
2022-02-17 15:17:28.926,18243,18244,18244,1,1
2022-02-17 15:17:29.665,18243,18244,18244,2,2
2022-02-17 15:17:31.460,18243,18244,18244,1,1
2022-02-17 15:17:32.586,18243,18244,18244,1,1
2022-02-17 15:17:33.912,18243,18244,18244,1,1
2022-02-17 15:17:35.549,18243,18244,18243,1,-1
2022-02-17 15:17:38.660,18243,18244,18244,1,1
2022-02-17 15:17:39.087,18243,18244,18244,1,1
2022-02-17 15:17:40.110,18243,18244,18244,1,1
2022-02-17 15:17:41.476,18243,18244,18244,1,1
2022-02-17 15:17:44.704,18244,18245,18244,1,-1
2022-02-17 15:17:44.755,18244,18245,18243,3,-3
2022-02-17 15:17:48.880,18243,18244,18243,2,-2
2022-02-17 15:17:49.960,18243,18244,18244,2,2
2022-02-17 15:17:49.960,18243,18244,18243,2,-2
2022-02-17 15:17:51.548,18243,18244,18244,2,2
2022-02-17 15:17:52.595,18243,18244,18243,2,-2
2022-02-17 15:17:52.663,18243,18244,18243,2,-2
2022-02-17 15:17:57.430,18243,18244,18243,1,-1
2022-02-17 15:18:00.260,18243,18244,18244,1,1
2022-02-17 15:18:03.701,18243,18244,18244,1,1
2022-02-17 15:18:04.248,18243,18244,18244,1,1
2022-02-17 15:18:04.263,18243,18244,18244,1,1
2022-02-17 15:18:04.405,18243,18244,18244,1,1
2022-02-17 15:18:04.410,18243,18244,18244,2,2
2022-02-17 15:18:04.938,18243,18244,18244,2,2
2022-02-17 15:18:08.532,18243,18245,18244,1,1
2022-02-17 15:18:08.685,18243,18244,18243,3,-3
2022-02-17 15:18:09.726,18242,18243,18243,2,2
2022-02-17 15:18:10.463,18242,18243,18242,1,-1
2022-02-17 15:18:10.464,18242,18243,18242,1,-1
2022-02-17 15:18:10.699,18240,18242,18241,1,1
2022-02-17 15:18:10.781,18240,18242,18242,2,2
2022-02-17 15:18:12.010,18240,18242,18242,2,2
2022-02-17 15:18:21.957,18242,18243,18242,1,-1
2022-02-17 15:18:23.272,18242,18243,18242,1,-1
2022-02-17 15:18:24.386,18242,18243,18243,2,2
2022-02-17 15:18:28.330,18243,18244,18244,2,2
2022-02-17 15:18:29.358,18244,18245,18244,2,-2
2022-02-17 15:18:31.229,18244,18245,18244,1,-1
2022-02-17 15:18:33.138,18244,18245,18244,1,-1
2022-02-17 15:18:34.332,18244,18245,18244,1,-1
2022-02-17 15:18:34.983,18244,18245,18244,2,-2
2022-02-17 15:18:34.983,18244,18245,18244,1,-1
2022-02-17 15:18:36.799,18244,18245,18244,1,-1
2022-02-17 15:18:38.287,18244,18245,18244,3,-3
2022-02-17 15:18:41.595,18244,18245,18244,1,-1
2022-02-17 15:18:42.194,18244,18245,18245,2,2
2022-02-17 15:18:43.242,18244,18245,18244,1,-1
2022-02-17 15:18:46.351,18244,18245,18245,1,1
2022-02-17 15:18:49.196,18244,18245,18245,1,1
2022-02-17 15:18:50.763,18244,18245,18244,1,-1
2022-02-17 15:18:50.998,18244,18245,18245,1,1
2022-02-17 15:18:54.342,18244,18245,18245,6,6
2022-02-17 15:18:56.158,18244,18245,18245,4,4
2022-02-17 15:18:56.523,18244,18245,18244,1,-1
2022-02-17 15:19:01.196,18244,18245,18245,2,2
2022-02-17 15:19:02.633,18245,18246,18246,1,1
2022-02-17 15:19:08.360,18246,18247,18246,1,-1
2022-02-17 15:19:08.360,18246,18247,18245,8,-8
2022-02-17 15:19:08.360,18246,18247,18244,16,-16
2022-02-17 15:19:10.887,18245,18246,18246,1,1
2022-02-17 15:19:21.860,18245,18246,18245,1,-1
2022-02-17 15:19:22.768,18245,18246,18246,1,1
2022-02-17 15:19:22.768,18245,18246,18246,1,1
2022-02-17 15:19:22.768,18245,18246,18246,2,2
2022-02-17 15:19:22.768,18245,18246,18246,1,1
2022-02-17 15:19:22.768,18245,18246,18246,1,1
2022-02-17 15:19:22.768,18245,18246,18246,1,1
2022-02-17 15:19:22.768,18245,18246,18246,2,2
2022-02-17 15:19:23.231,18246,18247,18247,7,7
2022-02-17 15:19:23.562,18246,18247,18247,2,2
2022-02-17 15:19:33.344,18246,18247,18246,1,-1
2022-02-17 15:19:38.336,18246,18247,18247,2,2
2022-02-17 15:19:42.837,18246,18248,18248,10,10
2022-02-17 15:19:43.035,18247,18248,18247,1,-1
2022-02-17 15:19:43.235,18246,18248,18248,1,1
2022-02-17 15:19:43.724,18246,18248,18248,1,1
2022-02-17 15:19:52.173,18246,18247,18246,10,-10
2022-02-17 15:19:55.632,18245,18246,18245,1,-1
2022-02-17 15:19:58.965,18245,18246,18245,1,-1
2022-02-17 15:19:58.965,18245,18246,18245,4,-4
2022-02-17 15:19:58.965,18245,18246,18245,1,-1
2022-02-17 15:19:58.966,18245,18246,18245,5,-5
2022-02-17 15:20:00.267,18243,18245,18243,5,-5
2022-02-17 15:20:00.437,18242,18244,18244,2,2
2022-02-17 15:20:00.454,18242,18244,18244,2,2
2022-02-17 15:20:00.505,18242,18244,18245,2,2
2022-02-17 15:20:01.458,18242,18244,18244,3,3
2022-02-17 15:20:04.702,18242,18244,18244,1,1
2022-02-17 15:20:05.010,18242,18245,18244,1,1
2022-02-17 15:20:10.173,18243,18245,18244,3,3
2022-02-17 15:20:10.634,18243,18244,18243,3,-3
2022-02-17 15:20:11.229,18243,18244,18244,5,5
2022-02-17 15:20:11.549,18243,18245,18245,1,1
2022-02-17 15:20:12.160,18243,18244,18244,1,1
2022-02-17 15:20:12.832,18243,18244,18244,1,1
2022-02-17 15:20:19.198,18243,18245,18245,1,1
2022-02-17 15:20:25.202,18243,18245,18243,1,-1
2022-02-17 15:20:28.135,18243,18244,18243,1,-1
2022-02-17 15:20:29.129,18242,18243,18242,1,-1
2022-02-17 15:20:29.129,18242,18243,18242,4,-4
2022-02-17 15:20:30.182,18241,18243,18241,1,-1
2022-02-17 15:20:32.829,18241,18243,18241,1,-1
2022-02-17 15:20:33.766,18241,18243,18243,1,1
2022-02-17 15:20:37.972,18241,18243,18243,1,1
2022-02-17 15:20:39.286,18241,18243,18243,1,1
2022-02-17 15:20:54.740,18242,18243,18242,1,-1
2022-02-17 15:20:57.128,18242,18243,18242,1,-1
2022-02-17 15:20:59.761,18241,18243,18241,5,-5
2022-02-17 15:21:04.769,18240,18241,18241,1,1
2022-02-17 15:21:14.875,18240,18241,18241,1,1
2022-02-17 15:21:20.362,18240,18241,18241,1,1
2022-02-17 15:21:24.295,18240,18241,18240,1,-1
2022-02-17 15:21:34.087,18240,18241,18241,1,1
2022-02-17 15:21:34.087,18240,18241,18241,1,1
2022-02-17 15:21:34.087,18240,18241,18241,11,11
2022-02-17 15:21:34.909,18241,18243,18241,1,-1
2022-02-17 15:21:35.199,18241,18243,18242,1,1
2022-02-17 15:21:38.163,18241,18243,18241,1,-1
2022-02-17 15:21:46.470,18241,18243,18243,1,1
2022-02-17 15:21:47.858,18241,18243,18241,1,-1
2022-02-17 15:21:48.837,18241,18243,18241,1,-1
2022-02-17 15:22:04.374,18241,18243,18243,2,2
2022-02-17 15:22:09.315,18241,18242,18242,2,2
2022-02-17 15:22:17.495,18241,18242,18241,5,-5
2022-02-17 15:22:17.496,18241,18242,18241,1,-1
2022-02-17 15:22:17.496,18241,18242,18241,1,-1
2022-02-17 15:22:20.331,18240,18241,18241,1,1
2022-02-17 15:22:24.895,18240,18242,18240,1,-1
2022-02-17 15:22:29.660,18241,18243,18241,1,-1
2022-02-17 15:22:41.480,18240,18241,18241,2,2
2022-02-17 15:22:42.294,18240,18241,18240,2,-2
2022-02-17 15:22:42.294,18240,18241,18240,1,-1
2022-02-17 15:22:42.295,18240,18241,18240,2,-2
2022-02-17 15:22:42.295,18240,18241,18240,2,-2
2022-02-17 15:22:42.295,18240,18241,18240,11,-11
2022-02-17 15:22:42.295,18240,18241,18240,8,-8
2022-02-17 15:22:42.295,18240,18241,18240,1,-1
2022-02-17 15:22:42.295,18240,18241,18240,1,-1
2022-02-17 15:22:42.295,18240,18241,18240,2,-2
2022-02-17 15:22:42.295,18240,18241,18240,1,-1
2022-02-17 15:22:42.296,18240,18241,18240,1,-1
2022-02-17 15:22:42.296,18240,18241,18240,1,-1
2022-02-17 15:22:42.296,18240,18241,18240,20,-20
2022-02-17 15:22:42.303,18240,18241,18239,1,-1
2022-02-17 15:22:42.338,18238,18240,18238,1,-1
2022-02-17 15:22:42.398,18238,18240,18239,2,2
2022-02-17 15:22:42.398,18238,18240,18240,3,3
2022-02-17 15:22:42.451,18238,18240,18238,1,-1
2022-02-17 15:22:45.787,18238,18239,18239,1,1
2022-02-17 15:22:47.463,18238,18239,18239,1,1
2022-02-17 15:22:49.685,18238,18239,18239,1,1
2022-02-17 15:22:52.475,18238,18239,18238,1,-1
2022-02-17 15:22:52.958,18238,18239,18238,1,-1
2022-02-17 15:23:01.337,18238,18239,18238,1,-1
2022-02-17 15:23:01.591,18238,18239,18238,1,-1
2022-02-17 15:23:04.497,18238,18239,18239,1,1
2022-02-17 15:23:15.441,18239,18240,18240,1,1
2022-02-17 15:23:18.320,18239,18240,18240,1,1
2022-02-17 15:23:18.320,18239,18240,18240,1,1
2022-02-17 15:23:21.768,18240,18241,18241,1,1
2022-02-17 15:23:21.769,18240,18241,18241,1,1
2022-02-17 15:23:21.769,18240,18241,18241,3,3
2022-02-17 15:23:22.637,18240,18242,18242,1,1
2022-02-17 15:23:28.293,18239,18241,18241,1,1
2022-02-17 15:23:32.512,18240,18242,18242,2,2
2022-02-17 15:23:33.612,18240,18243,18240,1,-1
2022-02-17 15:23:47.057,18240,18242,18240,1,-1
2022-02-17 15:23:47.170,18240,18242,18242,1,1
2022-02-17 15:24:11.743,18241,18242,18241,1,-1
2022-02-17 15:24:16.598,18241,18242,18241,1,-1
2022-02-17 15:24:16.629,18241,18242,18241,1,-1
2022-02-17 15:24:17.542,18240,18242,18242,1,1
2022-02-17 15:24:21.488,18241,18242,18242,1,1
2022-02-17 15:24:22.720,18241,18243,18243,12,12
2022-02-17 15:24:22.721,18241,18243,18243,4,4
2022-02-17 15:24:23.764,18243,18244,18244,5,5
2022-02-17 15:24:23.764,18243,18244,18244,1,1
2022-02-17 15:24:23.764,18243,18244,18244,7,7
2022-02-17 15:24:23.764,18243,18244,18244,1,1
2022-02-17 15:24:23.764,18243,18244,18244,1,1
2022-02-17 15:24:23.764,18243,18244,18244,6,6
2022-02-17 15:24:34.715,18244,18245,18245,2,2
2022-02-17 15:24:37.807,18244,18245,18245,2,2
2022-02-17 15:24:38.306,18244,18245,18244,1,-1
2022-02-17 15:24:38.306,18244,18245,18244,1,-1
2022-02-17 15:24:38.422,18244,18245,18244,2,-2
2022-02-17 15:24:38.462,18243,18244,18244,1,1
2022-02-17 15:24:38.462,18243,18244,18245,15,15
2022-02-17 15:24:43.018,18244,18245,18244,1,-1
2022-02-17 15:24:50.685,18243,18244,18243,1,-1
2022-02-17 15:24:51.161,18243,18244,18243,1,-1
2022-02-17 15:24:52.937,18243,18244,18243,2,-2
2022-02-17 15:25:03.253,18241,18242,18241,2,-2
2022-02-17 15:25:03.630,18240,18242,18242,1,1
2022-02-17 15:25:03.632,18240,18242,18242,1,1
2022-02-17 15:25:03.686,18240,18242,18242,1,1
2022-02-17 15:25:04.937,18240,18242,18242,5,5
2022-02-17 15:25:05.078,18240,18242,18242,2,2
2022-02-17 15:25:05.998,18240,18242,18242,1,1
2022-02-17 15:25:20.722,18241,18242,18241,1,-1
2022-02-17 15:25:28.656,18241,18242,18241,1,-1
2022-02-17 15:25:30.348,18240,18242,18240,1,-1
2022-02-17 15:25:33.920,18240,18242,18242,1,1
2022-02-17 15:25:39.185,18242,18244,18242,1,-1
2022-02-17 15:25:45.249,18242,18244,18243,1,1
2022-02-17 15:26:06.689,18242,18243,18242,1,-1
2022-02-17 15:26:08.916,18241,18242,18242,1,1
2022-02-17 15:26:19.825,18241,18242,18241,1,-1
2022-02-17 15:26:28.455,18241,18242,18241,1,-1
2022-02-17 15:26:45.594,18240,18241,18240,1,-1
2022-02-17 15:26:49.365,18239,18240,18239,1,-1
2022-02-17 15:26:49.569,18239,18240,18240,1,1
2022-02-17 15:27:16.741,18239,18240,18240,1,1
2022-02-17 15:27:18.917,18239,18240,18239,1,-1
2022-02-17 15:27:23.570,18239,18240,18239,1,-1
2022-02-17 15:27:23.727,18239,18240,18239,1,-1
2022-02-17 15:27:28.342,18239,18240,18240,1,1
2022-02-17 15:27:30.543,18239,18240,18240,5,5
2022-02-17 15:27:38.913,18240,18241,18241,1,1
2022-02-17 15:27:39.256,18241,18242,18241,3,-3
2022-02-17 15:27:39.256,18241,18242,18240,1,-1
2022-02-17 15:27:41.422,18240,18242,18242,8,8
2022-02-17 15:27:44.128,18241,18242,18242,1,1
2022-02-17 15:27:44.128,18241,18242,18243,4,4
2022-02-17 15:27:47.837,18241,18243,18243,1,1
2022-02-17 15:27:49.753,18241,18243,18243,1,1
2022-02-17 15:27:55.309,18241,18243,18243,1,1
2022-02-17 15:28:01.554,18241,18243,18241,1,-1
2022-02-17 15:28:13.021,18241,18243,18241,1,-1
2022-02-17 15:28:16.491,18241,18242,18241,2,-2
2022-02-17 15:28:20.795,18239,18241,18239,2,-2
2022-02-17 15:28:40.500,18239,18240,18239,1,-1
2022-02-17 15:28:42.576,18239,18240,18239,1,-1
2022-02-17 15:28:42.716,18239,18240,18239,1,-1
2022-02-17 15:28:42.716,18239,18240,18239,4,-4
2022-02-17 15:28:42.716,18239,18240,18239,1,-1
2022-02-17 15:28:44.417,18238,18239,18239,1,1
2022-02-17 15:28:45.576,18238,18240,18238,2,-2
2022-02-17 15:28:48.544,18238,18239,18238,2,-2
2022-02-17 15:28:56.527,18238,18239,18238,1,-1
2022-02-17 15:28:56.528,18238,18239,18238,2,-2
2022-02-17 15:28:56.529,18238,18239,18238,3,-3
2022-02-17 15:28:58.691,18237,18238,18238,1,1
2022-02-17 15:29:03.698,18238,18239,18239,1,1
2022-02-17 15:29:12.114,18240,18242,18240,1,-1
2022-02-17 15:29:18.754,18240,18242,18240,1,-1
2022-02-17 15:29:27.436,18241,18242,18242,1,1
2022-02-17 15:29:39.294,18242,18243,18243,1,1
2022-02-17 15:29:46.680,18242,18243,18242,1,-1
2022-02-17 15:29:50.796,18242,18243,18242,2,-2
2022-02-17 15:29:53.962,18241,18242,18242,1,1
2022-02-17 15:29:56.483,18242,18243,18242,1,-1
2022-02-17 15:30:00.142,18242,18243,18242,1,-1
2022-02-17 15:30:00.142,18242,18243,18242,1,-1
2022-02-17 15:30:00.143,18242,18243,18242,2,-2
2022-02-17 15:30:00.143,18242,18243,18242,2,-2
2022-02-17 15:30:00.274,18241,18242,18241,1,-1
2022-02-17 15:30:00.571,18240,18241,18241,1,1
2022-02-17 15:30:00.852,18240,18242,18242,1,1
2022-02-17 15:30:00.852,18240,18242,18242,1,1
2022-02-17 15:30:00.853,18240,18242,18242,1,1
2022-02-17 15:30:00.854,18240,18242,18242,1,1
2022-02-17 15:30:00.883,18240,18242,18242,1,1
2022-02-17 15:30:01.142,18240,18242,18241,1,1
2022-02-17 15:30:01.182,18240,18242,18242,1,1
2022-02-17 15:30:01.182,18240,18242,18242,1,1
2022-02-17 15:30:01.183,18240,18242,18242,1,1
2022-02-17 15:30:01.183,18240,18242,18242,1,1
2022-02-17 15:30:01.183,18240,18242,18243,1,1
2022-02-17 15:30:01.183,18240,18242,18243,1,1
2022-02-17 15:30:03.652,18240,18242,18240,1,-1
2022-02-17 15:30:04.502,18240,18242,18242,2,2
2022-02-17 15:30:04.625,18240,18242,18242,1,1
2022-02-17 15:30:04.773,18240,18242,18242,1,1
2022-02-17 15:30:05.379,18240,18243,18243,1,1
2022-02-17 15:30:10.197,18240,18242,18242,1,1
2022-02-17 15:30:13.324,18240,18242,18240,1,-1
2022-02-17 15:30:16.250,18240,18242,18240,1,-1
2022-02-17 15:30:31.813,18239,18240,18239,1,-1
2022-02-17 15:30:34.603,18238,18240,18238,1,-1
2022-02-17 15:30:35.477,18238,18240,18238,1,-1
2022-02-17 15:30:40.783,18238,18240,18238,1,-1
2022-02-17 15:30:41.297,18238,18240,18239,1,1
2022-02-17 15:30:43.623,18240,18241,18240,1,-1
2022-02-17 15:30:54.802,18241,18243,18243,10,10
2022-02-17 15:30:54.871,18243,18244,18243,2,-2
2022-02-17 15:30:54.871,18243,18244,18242,1,-1
2022-02-17 15:30:55.447,18243,18244,18243,3,-3
2022-02-17 15:30:56.135,18243,18244,18243,1,-1
2022-02-17 15:30:58.294,18243,18244,18243,1,-1
2022-02-17 15:31:01.657,18242,18243,18243,1,1
2022-02-17 15:31:02.742,18243,18244,18244,1,1
2022-02-17 15:31:02.742,18243,18244,18244,3,3
2022-02-17 15:31:03.185,18244,18245,18245,6,6
2022-02-17 15:31:03.357,18244,18246,18244,1,-1
2022-02-17 15:31:10.321,18244,18246,18244,1,-1
2022-02-17 15:31:12.275,18244,18246,18244,1,-1
2022-02-17 15:31:12.307,18244,18246,18246,1,1
2022-02-17 15:31:12.308,18244,18246,18246,1,1
2022-02-17 15:31:13.881,18244,18246,18244,1,-1
2022-02-17 15:31:15.107,18244,18246,18244,1,-1
2022-02-17 15:31:17.901,18244,18245,18245,2,2
2022-02-17 15:31:21.290,18245,18246,18245,1,-1
2022-02-17 15:31:21.307,18245,18246,18246,1,1
2022-02-17 15:31:21.307,18245,18246,18246,1,1
2022-02-17 15:31:21.307,18245,18246,18246,7,7
2022-02-17 15:31:21.307,18245,18246,18246,1,1
2022-02-17 15:31:25.850,18246,18247,18246,1,-1
2022-02-17 15:31:29.370,18246,18247,18246,1,-1
2022-02-17 15:31:29.667,18245,18247,18245,2,-2
2022-02-17 15:31:33.801,18245,18246,18246,1,1
2022-02-17 15:31:33.807,18245,18246,18246,1,1
2022-02-17 15:31:33.807,18245,18246,18247,1,1
2022-02-17 15:31:33.808,18245,18246,18247,1,1
2022-02-17 15:31:33.808,18245,18246,18247,1,1
2022-02-17 15:31:35.308,18246,18247,18246,1,-1
2022-02-17 15:31:35.687,18246,18247,18246,1,-1
2022-02-17 15:31:37.546,18245,18246,18246,1,1
2022-02-17 15:31:39.479,18245,18246,18245,1,-1
2022-02-17 15:31:39.877,18245,18246,18245,1,-1
2022-02-17 15:31:45.513,18244,18245,18245,1,1
2022-02-17 15:31:48.383,18245,18246,18245,1,-1
2022-02-17 15:31:51.776,18244,18246,18244,1,-1
2022-02-17 15:31:51.806,18244,18246,18246,1,1
2022-02-17 15:31:52.314,18244,18246,18246,1,1
2022-02-17 15:31:59.881,18245,18246,18246,1,1
2022-02-17 15:32:01.227,18245,18246,18246,1,1
2022-02-17 15:32:02.671,18245,18246,18246,1,1
2022-02-17 15:32:04.021,18246,18247,18246,1,-1
2022-02-17 15:32:14.458,18245,18246,18245,1,-1
2022-02-17 15:32:19.683,18245,18246,18246,1,1
2022-02-17 15:32:20.107,18245,18246,18245,2,-2
2022-02-17 15:32:20.107,18245,18246,18245,1,-1
2022-02-17 15:32:20.107,18245,18246,18245,3,-3
2022-02-17 15:32:24.205,18243,18245,18243,8,-8
2022-02-17 15:32:24.205,18243,18245,18242,14,-14
2022-02-17 15:32:24.205,18243,18245,18241,3,-3
2022-02-17 15:32:25.853,18242,18245,18242,4,-4
2022-02-17 15:32:29.533,18243,18245,18246,1,1
2022-02-17 15:32:29.562,18244,18246,18246,1,1
2022-02-17 15:32:29.716,18244,18246,18244,1,-1
2022-02-17 15:32:30.469,18244,18246,18244,5,-5
2022-02-17 15:32:30.469,18244,18246,18243,12,-12
2022-02-17 15:32:30.469,18244,18246,18242,8,-8
2022-02-17 15:32:30.471,18244,18246,18243,1,-1
2022-02-17 15:32:30.471,18244,18246,18243,1,-1
2022-02-17 15:32:30.557,18242,18244,18244,6,6
2022-02-17 15:32:33.630,18244,18245,18244,1,-1
2022-02-17 15:32:34.580,18243,18245,18243,2,-2
2022-02-17 15:32:38.994,18243,18245,18243,1,-1
2022-02-17 15:32:50.547,18243,18245,18245,1,1
2022-02-17 15:32:50.547,18243,18245,18245,1,1
2022-02-17 15:32:50.547,18243,18245,18245,2,2
2022-02-17 15:32:50.563,18245,18246,18246,7,7
2022-02-17 15:32:50.716,18246,18247,18247,9,9
2022-02-17 15:32:54.452,18247,18248,18247,1,-1
2022-02-17 15:32:56.136,18247,18248,18247,1,-1
2022-02-17 15:33:07.545,18247,18248,18247,1,-1
2022-02-17 15:33:08.720,18246,18247,18246,1,-1
2022-02-17 15:33:10.155,18246,18247,18247,1,1
2022-02-17 15:33:13.567,18246,18247,18246,1,-1
2022-02-17 15:33:14.619,18245,18246,18246,1,1
2022-02-17 15:33:15.201,18245,18246,18246,1,1
2022-02-17 15:33:17.332,18245,18246,18246,1,1
2022-02-17 15:33:21.332,18246,18247,18247,1,1
2022-02-17 15:33:28.975,18246,18247,18246,1,-1
2022-02-17 15:33:31.822,18246,18247,18246,4,-4
2022-02-17 15:33:34.052,18245,18247,18247,2,2
2022-02-17 15:33:35.017,18245,18247,18247,2,2
2022-02-17 15:33:37.803,18245,18247,18247,1,1
2022-02-17 15:33:40.341,18245,18246,18246,1,1
2022-02-17 15:33:43.121,18245,18247,18245,1,-1
2022-02-17 15:33:44.981,18245,18247,18245,1,-1
2022-02-17 15:33:46.652,18245,18247,18245,1,-1
2022-02-17 15:33:54.964,18245,18246,18245,4,-4
2022-02-17 15:33:54.964,18245,18246,18244,16,-16
2022-02-17 15:33:54.964,18245,18246,18243,5,-5
2022-02-17 15:34:01.679,18245,18246,18245,4,-4
2022-02-17 15:34:01.679,18245,18246,18244,11,-11
2022-02-17 15:34:01.679,18245,18246,18243,10,-10
2022-02-17 15:34:02.333,18244,18245,18244,2,-2
2022-02-17 15:34:02.333,18244,18245,18243,2,-2
2022-02-17 15:34:02.396,18244,18245,18243,4,-4
2022-02-17 15:34:02.433,18244,18245,18245,1,1
2022-02-17 15:34:08.188,18243,18244,18244,1,1
2022-02-17 15:34:12.675,18244,18245,18244,1,-1
2022-02-17 15:34:14.400,18244,18245,18245,1,1
2022-02-17 15:34:22.465,18244,18246,18246,1,1
2022-02-17 15:34:24.902,18244,18246,18244,1,-1
2022-02-17 15:34:34.571,18245,18246,18245,3,-3
2022-02-17 15:34:36.292,18245,18246,18246,4,4
2022-02-17 15:34:36.308,18246,18247,18247,1,1
2022-02-17 15:34:40.602,18246,18247,18247,10,10
2022-02-17 15:34:48.947,18247,18248,18247,1,-1
2022-02-17 15:34:51.481,18245,18247,18247,8,8
2022-02-17 15:34:51.481,18245,18247,18248,7,7
2022-02-17 15:35:02.331,18246,18247,18246,1,-1
2022-02-17 15:35:03.593,18246,18247,18246,1,-1
2022-02-17 15:35:08.274,18245,18246,18246,1,1
2022-02-17 15:35:11.144,18245,18246,18246,1,1
2022-02-17 15:35:13.549,18245,18246,18246,2,2
2022-02-17 15:35:23.219,18245,18246,18245,3,-3
2022-02-17 15:35:23.219,18245,18246,18245,1,-1
2022-02-17 15:35:23.219,18245,18246,18245,1,-1
2022-02-17 15:35:23.220,18245,18246,18245,1,-1
2022-02-17 15:35:27.479,18244,18246,18244,1,-1
2022-02-17 15:35:36.295,18244,18246,18244,1,-1
2022-02-17 15:35:40.528,18244,18245,18244,1,-1
2022-02-17 15:35:41.574,18244,18245,18244,1,-1
2022-02-17 15:35:43.099,18244,18245,18244,1,-1
2022-02-17 15:35:44.456,18244,18245,18244,1,-1
2022-02-17 15:35:50.897,18244,18246,18245,1,1
2022-02-17 15:35:52.682,18245,18246,18246,1,1
2022-02-17 15:35:59.788,18245,18246,18245,1,-1
2022-02-17 15:35:59.788,18245,18246,18245,1,-1
2022-02-17 15:36:07.537,18244,18245,18245,1,1
2022-02-17 15:36:09.862,18244,18245,18245,1,1
2022-02-17 15:36:20.291,18245,18246,18245,1,-1
2022-02-17 15:36:26.148,18245,18246,18245,1,-1
2022-02-17 15:36:27.128,18244,18245,18244,2,-2
2022-02-17 15:36:28.426,18244,18245,18245,1,1
2022-02-17 15:36:31.275,18244,18245,18244,1,-1
2022-02-17 15:36:33.023,18244,18245,18245,1,1
2022-02-17 15:36:33.170,18244,18245,18245,1,1
2022-02-17 15:36:33.171,18244,18245,18245,1,1
2022-02-17 15:36:40.416,18244,18245,18244,1,-1
2022-02-17 15:36:53.729,18244,18245,18244,1,-1
2022-02-17 15:36:55.770,18244,18245,18244,2,-2
2022-02-17 15:36:56.699,18244,18245,18245,1,1
2022-02-17 15:36:57.707,18244,18246,18244,1,-1
2022-02-17 15:37:04.958,18245,18246,18245,1,-1
2022-02-17 15:37:10.237,18245,18246,18246,1,1
2022-02-17 15:37:19.798,18244,18246,18246,1,1
2022-02-17 15:37:31.950,18245,18246,18246,6,6
2022-02-17 15:37:34.523,18246,18248,18246,1,-1
2022-02-17 15:37:36.772,18246,18247,18246,1,-1
2022-02-17 15:37:58.220,18245,18247,18247,4,4
2022-02-17 15:38:05.435,18246,18247,18247,1,1
2022-02-17 15:38:09.094,18246,18247,18246,1,-1
2022-02-17 15:38:12.156,18245,18247,18247,2,2
2022-02-17 15:38:14.810,18245,18247,18245,1,-1
2022-02-17 15:38:18.479,18246,18247,18246,1,-1
2022-02-17 15:38:25.352,18246,18247,18247,1,1
2022-02-17 15:38:28.758,18246,18247,18246,1,-1
2022-02-17 15:38:38.648,18245,18246,18245,1,-1
2022-02-17 15:38:52.794,18245,18247,18245,1,-1
2022-02-17 15:39:03.175,18245,18247,18245,1,-1
2022-02-17 15:39:10.391,18245,18246,18245,1,-1
2022-02-17 15:39:31.841,18245,18246,18245,1,-1
2022-02-17 15:39:33.845,18244,18245,18245,1,1
2022-02-17 15:39:38.534,18244,18246,18246,1,1
2022-02-17 15:39:46.533,18245,18246,18245,1,-1
2022-02-17 15:39:48.465,18244,18245,18245,1,1
2022-02-17 15:39:55.821,18244,18245,18244,1,-1
2022-02-17 15:39:57.899,18244,18245,18244,3,-3
2022-02-17 15:40:02.278,18244,18245,18244,1,-1
2022-02-17 15:40:04.601,18244,18245,18244,1,-1
2022-02-17 15:40:04.989,18244,18245,18245,1,1
2022-02-17 15:40:07.481,18244,18245,18244,1,-1
2022-02-17 15:40:09.615,18244,18245,18244,1,-1
2022-02-17 15:40:12.237,18244,18245,18244,1,-1
2022-02-17 15:40:12.237,18244,18245,18244,5,-5
2022-02-17 15:40:16.431,18243,18244,18244,1,1
2022-02-17 15:40:19.924,18243,18244,18244,1,1
2022-02-17 15:40:33.277,18243,18244,18243,1,-1
2022-02-17 15:40:36.078,18242,18243,18243,1,1
2022-02-17 15:40:47.962,18243,18244,18243,1,-1
2022-02-17 15:41:01.386,18243,18244,18243,1,-1
2022-02-17 15:41:06.917,18242,18244,18242,1,-1
2022-02-17 15:41:06.945,18242,18244,18242,1,-1
2022-02-17 15:41:13.183,18242,18243,18243,1,1
2022-02-17 15:41:15.485,18242,18244,18244,1,1
2022-02-17 15:41:27.164,18243,18244,18243,1,-1
2022-02-17 15:41:29.869,18242,18243,18242,2,-2
2022-02-17 15:41:30.210,18242,18243,18243,1,1
2022-02-17 15:41:44.086,18242,18243,18243,1,1
2022-02-17 15:41:44.309,18242,18243,18242,1,-1
2022-02-17 15:41:47.614,18242,18243,18242,3,-3
2022-02-17 15:42:00.701,18242,18243,18242,1,-1
2022-02-17 15:42:04.546,18242,18243,18242,1,-1
2022-02-17 15:42:24.356,18242,18243,18243,1,1
2022-02-17 15:42:30.028,18243,18244,18243,1,-1
2022-02-17 15:42:36.205,18243,18244,18243,2,-2
2022-02-17 15:42:36.205,18243,18244,18242,8,-8
2022-02-17 15:42:43.111,18242,18244,18242,1,-1
2022-02-17 15:42:43.212,18242,18244,18244,10,10
2022-02-17 15:42:43.517,18243,18244,18243,1,-1
2022-02-17 15:42:46.119,18242,18244,18242,7,-7
2022-02-17 15:42:46.120,18242,18244,18242,1,-1
2022-02-17 15:42:46.120,18242,18244,18242,2,-2
2022-02-17 15:42:55.738,18243,18245,18243,2,-2
2022-02-17 15:42:55.738,18243,18245,18242,8,-8
2022-02-17 15:42:59.586,18242,18244,18242,1,-1
2022-02-17 15:43:05.282,18243,18245,18243,3,-3
2022-02-17 15:43:05.282,18243,18245,18243,7,-7
2022-02-17 15:43:06.218,18243,18245,18243,1,-1
2022-02-17 15:43:14.404,18242,18243,18242,2,-2
2022-02-17 15:43:15.370,18242,18243,18243,1,1
2022-02-17 15:43:16.016,18242,18243,18242,1,-1
2022-02-17 15:43:19.887,18241,18243,18241,1,-1
2022-02-17 15:43:27.215,18241,18242,18242,9,9
2022-02-17 15:43:59.900,18242,18243,18242,1,-1
2022-02-17 15:44:00.186,18242,18243,18243,2,2
2022-02-17 15:44:06.700,18243,18244,18243,1,-1
2022-02-17 15:44:19.849,18243,18245,18243,2,-2
2022-02-17 15:44:37.882,18243,18244,18243,1,-1
2022-02-17 15:44:51.012,18243,18244,18243,3,-3
2022-02-17 15:44:51.012,18243,18244,18243,1,-1
2022-02-17 15:44:52.037,18242,18243,18243,1,1
2022-02-17 15:44:56.796,18242,18243,18243,1,1
2022-02-17 15:45:15.799,18242,18243,18242,1,-1
2022-02-17 15:45:16.310,18242,18243,18242,1,-1
2022-02-17 15:45:21.067,18242,18243,18243,2,2
2022-02-17 15:45:21.067,18242,18243,18242,1,-1
2022-02-17 15:45:21.220,18241,18243,18243,5,5
2022-02-17 15:45:21.220,18241,18243,18244,5,5
2022-02-17 15:45:55.833,18242,18244,18242,1,-1
2022-02-17 15:45:59.863,18243,18244,18244,1,1
2022-02-17 15:46:00.056,18243,18245,18245,12,12
2022-02-17 15:46:04.018,18245,18246,18246,3,3
2022-02-17 15:46:11.085,18246,18247,18247,2,2
2022-02-17 15:46:11.429,18246,18247,18247,1,1
2022-02-17 15:46:11.968,18246,18247,18247,1,1
2022-02-17 15:46:12.238,18246,18247,18247,1,1
2022-02-17 15:46:12.417,18246,18247,18247,1,1
2022-02-17 15:46:25.072,18246,18247,18247,1,1
2022-02-17 15:46:27.868,18246,18247,18247,1,1
2022-02-17 15:46:33.066,18246,18247,18246,1,-1
2022-02-17 15:46:41.689,18247,18248,18248,1,1
2022-02-17 15:46:41.690,18247,18248,18248,1,1
2022-02-17 15:46:41.690,18247,18248,18248,5,5
2022-02-17 15:46:41.690,18247,18248,18248,1,1
2022-02-17 15:46:41.690,18247,18248,18248,3,3
2022-02-17 15:46:42.086,18248,18249,18249,2,2
2022-02-17 15:46:42.882,18248,18249,18249,2,2
2022-02-17 15:46:42.882,18248,18249,18250,1,1
2022-02-17 15:46:42.960,18248,18250,18250,1,1
2022-02-17 15:46:42.984,18248,18250,18250,1,1
2022-02-17 15:46:43.090,18248,18250,18250,1,1
2022-02-17 15:46:44.734,18248,18250,18250,1,1
2022-02-17 15:46:45.124,18248,18250,18250,1,1
2022-02-17 15:46:46.095,18247,18249,18249,1,1
2022-02-17 15:46:46.355,18247,18249,18249,1,1
2022-02-17 15:46:46.793,18247,18249,18249,1,1
2022-02-17 15:46:56.252,18248,18250,18250,10,10
2022-02-17 15:46:56.252,18248,18250,18250,3,3
2022-02-17 15:46:56.252,18248,18250,18250,10,10
2022-02-17 15:46:56.252,18248,18250,18250,1,1
2022-02-17 15:46:56.252,18248,18250,18250,2,2
2022-02-17 15:46:59.083,18250,18251,18251,1,1
2022-02-17 15:47:00.199,18250,18251,18251,1,1
2022-02-17 15:47:02.105,18250,18251,18251,5,5
2022-02-17 15:47:02.105,18250,18251,18251,6,6
2022-02-17 15:47:02.105,18250,18251,18251,1,1
2022-02-17 15:47:02.105,18250,18251,18251,1,1
2022-02-17 15:47:02.183,18250,18251,18250,1,-1
2022-02-17 15:47:02.627,18250,18251,18251,10,10
2022-02-17 15:47:05.242,18251,18252,18252,1,1
2022-02-17 15:47:10.955,18251,18252,18251,1,-1
2022-02-17 15:47:18.390,18251,18252,18252,1,1
2022-02-17 15:47:18.432,18251,18252,18251,1,-1
2022-02-17 15:47:18.447,18251,18252,18252,1,1
2022-02-17 15:47:26.032,18251,18252,18252,1,1
2022-02-17 15:47:26.057,18251,18253,18251,1,-1
2022-02-17 15:47:32.089,18251,18252,18252,1,1
2022-02-17 15:47:32.182,18251,18252,18251,1,-1
2022-02-17 15:47:32.954,18251,18252,18251,9,-9
2022-02-17 15:47:33.110,18250,18251,18251,1,1
2022-02-17 15:47:36.938,18251,18252,18251,1,-1
2022-02-17 15:47:40.160,18250,18251,18251,1,1
2022-02-17 15:47:40.199,18250,18251,18251,1,1
2022-02-17 15:47:44.762,18251,18252,18252,5,5
2022-02-17 15:47:49.621,18251,18252,18251,1,-1
2022-02-17 15:47:50.179,18251,18252,18251,1,-1
2022-02-17 15:48:02.398,18251,18252,18251,2,-2
2022-02-17 15:48:02.398,18251,18252,18251,4,-4
2022-02-17 15:48:03.190,18250,18251,18250,1,-1
2022-02-17 15:48:06.183,18250,18251,18251,1,1
2022-02-17 15:48:08.834,18250,18251,18251,2,2
2022-02-17 15:48:09.108,18250,18251,18251,2,2
2022-02-17 15:48:10.840,18251,18252,18251,1,-1
2022-02-17 15:48:10.841,18251,18252,18251,1,-1
2022-02-17 15:48:12.805,18250,18251,18251,1,1
2022-02-17 15:48:12.805,18250,18251,18252,1,1
2022-02-17 15:48:15.322,18250,18251,18251,1,1
2022-02-17 15:48:16.831,18250,18251,18251,1,1
2022-02-17 15:48:23.195,18251,18252,18251,2,-2
2022-02-17 15:48:26.476,18250,18251,18250,6,-6
2022-02-17 15:48:27.593,18248,18250,18248,1,-1
2022-02-17 15:48:33.558,18248,18250,18248,1,-1
2022-02-17 15:48:40.411,18248,18249,18249,1,1
2022-02-17 15:48:47.331,18249,18250,18250,1,1
2022-02-17 15:48:47.331,18249,18250,18251,2,2
2022-02-17 15:48:56.832,18250,18251,18251,1,1
2022-02-17 15:49:00.196,18250,18251,18251,1,1
2022-02-17 15:49:06.105,18250,18251,18251,1,1
2022-02-17 15:49:06.476,18250,18251,18250,1,-1
2022-02-17 15:49:06.678,18249,18251,18251,4,4
2022-02-17 15:49:09.980,18250,18251,18250,1,-1
2022-02-17 15:49:09.983,18250,18251,18250,1,-1
2022-02-17 15:49:13.349,18249,18251,18249,5,-5
2022-02-17 15:49:15.076,18249,18251,18249,1,-1
2022-02-17 15:49:19.356,18249,18251,18249,1,-1
2022-02-17 15:49:21.947,18249,18250,18250,1,1
2022-02-17 15:49:31.010,18250,18251,18251,1,1
2022-02-17 15:49:40.205,18250,18251,18251,1,1
2022-02-17 15:49:40.652,18250,18251,18251,1,1
2022-02-17 15:49:44.299,18250,18251,18250,1,-1
2022-02-17 15:49:44.299,18250,18251,18250,5,-5
2022-02-17 15:49:54.271,18250,18251,18250,1,-1
2022-02-17 15:50:01.014,18249,18250,18250,1,1
2022-02-17 15:50:05.914,18249,18250,18250,2,2
2022-02-17 15:50:09.854,18250,18251,18250,1,-1
2022-02-17 15:50:10.694,18249,18250,18250,4,4
2022-02-17 15:50:23.055,18249,18250,18249,1,-1
2022-02-17 15:50:41.194,18249,18250,18250,1,1
2022-02-17 15:50:41.575,18249,18250,18249,2,-2
2022-02-17 15:50:46.976,18249,18251,18249,1,-1
2022-02-17 15:51:00.198,18249,18250,18250,1,1
2022-02-17 15:51:00.713,18249,18250,18249,1,-1
2022-02-17 15:51:02.795,18248,18250,18250,1,1
2022-02-17 15:51:15.481,18249,18250,18250,1,1
2022-02-17 15:51:18.647,18249,18250,18250,4,4
2022-02-17 15:51:18.648,18249,18250,18250,2,2
2022-02-17 15:51:23.120,18249,18250,18250,1,1
2022-02-17 15:51:24.529,18249,18250,18250,1,1
2022-02-17 15:51:25.344,18249,18250,18249,1,-1
2022-02-17 15:51:25.344,18249,18250,18249,1,-1
2022-02-17 15:51:25.344,18249,18250,18249,1,-1
2022-02-17 15:51:26.016,18248,18249,18249,1,1
2022-02-17 15:51:26.546,18248,18249,18248,1,-1
2022-02-17 15:51:29.822,18248,18249,18248,1,-1
2022-02-17 15:51:36.005,18248,18249,18248,1,-1
2022-02-17 15:51:37.136,18248,18249,18249,1,1
2022-02-17 15:51:41.982,18249,18250,18249,1,-1
2022-02-17 15:52:00.196,18249,18250,18250,1,1
2022-02-17 15:52:00.257,18249,18250,18249,1,-1
2022-02-17 15:52:01.834,18249,18250,18249,1,-1
2022-02-17 15:52:14.691,18248,18249,18249,1,1
2022-02-17 15:52:14.692,18248,18249,18248,2,-2
2022-02-17 15:52:53.233,18248,18249,18248,3,-3
2022-02-17 15:52:53.236,18248,18249,18247,1,-1
2022-02-17 15:53:01.075,18246,18247,18246,5,-5
2022-02-17 15:53:01.169,18246,18247,18245,3,-3
2022-02-17 15:53:04.561,18245,18246,18245,1,-1
2022-02-17 15:53:04.845,18244,18246,18246,4,4
2022-02-17 15:53:10.226,18246,18247,18246,1,-1
2022-02-17 15:53:36.287,18245,18246,18246,2,2
2022-02-17 15:53:36.919,18246,18247,18246,2,-2
2022-02-17 15:53:41.120,18246,18247,18246,1,-1
2022-02-17 15:53:50.692,18246,18247,18246,6,-6
2022-02-17 15:54:01.695,18245,18246,18246,1,1
2022-02-17 15:54:21.471,18246,18247,18247,10,10
2022-02-17 15:54:23.033,18247,18249,18249,5,5
2022-02-17 15:54:27.754,18248,18250,18248,3,-3
2022-02-17 15:54:27.905,18248,18250,18250,2,2
2022-02-17 15:54:33.917,18249,18250,18250,3,3
2022-02-17 15:54:33.918,18249,18250,18250,1,1
2022-02-17 15:54:33.918,18249,18250,18250,6,6
2022-02-17 15:54:41.969,18249,18250,18250,2,2
2022-02-17 15:54:42.285,18250,18251,18250,3,-3
2022-02-17 15:54:43.393,18249,18250,18250,2,2
2022-02-17 15:54:44.126,18248,18250,18250,1,1
2022-02-17 15:54:56.890,18249,18251,18251,1,1
2022-02-17 15:55:04.661,18250,18251,18250,1,-1
2022-02-17 15:55:04.661,18250,18251,18250,1,-1
2022-02-17 15:55:25.521,18249,18250,18250,1,1
2022-02-17 15:55:26.364,18249,18250,18250,2,2
2022-02-17 15:55:26.364,18249,18250,18250,1,1
2022-02-17 15:55:28.416,18249,18251,18251,2,2
2022-02-17 15:55:40.563,18250,18252,18252,1,1
2022-02-17 15:55:42.066,18250,18252,18252,1,1
2022-02-17 15:55:52.487,18251,18252,18252,2,2
2022-02-17 15:55:53.479,18251,18252,18252,1,1
2022-02-17 15:55:56.229,18251,18252,18251,1,-1
2022-02-17 15:56:02.759,18250,18251,18251,1,1
2022-02-17 15:56:34.971,18250,18251,18251,1,1
2022-02-17 15:56:40.201,18251,18252,18252,1,1
2022-02-17 15:56:47.942,18251,18252,18252,1,1
2022-02-17 15:56:47.942,18251,18252,18252,1,1
2022-02-17 15:56:47.942,18251,18252,18252,1,1
2022-02-17 15:57:00.473,18251,18252,18251,2,-2
2022-02-17 15:57:00.484,18251,18252,18251,1,-1
2022-02-17 15:57:00.485,18251,18252,18251,2,-2
2022-02-17 15:57:13.257,18251,18252,18251,1,-1
2022-02-17 15:57:23.123,18250,18251,18251,2,2
2022-02-17 15:57:37.810,18251,18252,18251,1,-1
2022-02-17 15:58:09.593,18251,18252,18251,1,-1
2022-02-17 15:58:10.182,18251,18252,18252,1,1
2022-02-17 15:58:17.907,18251,18252,18252,2,2
2022-02-17 15:58:17.981,18251,18252,18251,1,-1
2022-02-17 15:58:17.981,18251,18252,18251,1,-1
2022-02-17 15:58:18.494,18250,18251,18250,1,-1
2022-02-17 15:58:18.495,18250,18251,18250,1,-1
2022-02-17 15:58:18.495,18250,18251,18250,5,-5
2022-02-17 15:58:18.495,18250,18251,18250,1,-1
2022-02-17 15:58:18.495,18250,18251,18250,2,-2
2022-02-17 15:58:18.495,18250,18251,18250,1,-1
2022-02-17 15:58:19.225,18249,18250,18250,1,1
2022-02-17 15:58:27.866,18249,18250,18249,1,-1
2022-02-17 15:58:37.476,18249,18250,18249,2,-2
2022-02-17 15:58:37.476,18249,18250,18249,1,-1
2022-02-17 15:58:37.476,18249,18250,18249,1,-1
2022-02-17 15:58:37.735,18248,18249,18249,1,1
2022-02-17 15:58:40.985,18248,18249,18248,1,-1
2022-02-17 15:58:43.060,18248,18249,18248,2,-2
2022-02-17 15:59:00.179,18246,18247,18247,1,1
2022-02-17 15:59:00.179,18246,18247,18247,1,1
2022-02-17 15:59:06.035,18247,18248,18247,1,-1
2022-02-17 15:59:07.838,18247,18248,18247,4,-4
2022-02-17 15:59:08.889,18245,18246,18246,1,1
2022-02-17 15:59:12.227,18246,18247,18246,1,-1
2022-02-17 15:59:12.227,18246,18247,18245,1,-1
2022-02-17 15:59:13.433,18245,18247,18247,1,1
2022-02-17 15:59:24.172,18246,18247,18247,2,2
2022-02-17 15:59:24.172,18246,18247,18247,1,1
2022-02-17 15:59:24.172,18246,18247,18247,2,2
2022-02-17 15:59:24.172,18246,18247,18247,6,6
2022-02-17 15:59:29.393,18247,18248,18248,1,1
2022-02-17 15:59:30.800,18247,18248,18248,1,1
2022-02-17 15:59:40.197,18249,18250,18250,2,2
2022-02-17 15:59:42.343,18249,18250,18250,1,1
2022-02-17 15:59:45.958,18249,18250,18250,1,1
2022-02-17 15:59:50.157,18249,18250,18250,1,1
2022-02-17 15:59:52.271,18249,18250,18250,1,1
2022-02-17 15:59:52.271,18249,18250,18251,1,1
2022-02-17 15:59:56.545,18251,18252,18252,1,1
2022-02-17 15:59:57.434,18250,18252,18250,1,-1
2022-02-17 15:59:59.444,18251,18252,18252,7,7
2022-02-17 15:59:59.772,18252,18253,18253,5,5
2022-02-17 15:59:59.773,18252,18253,18253,2,2
2022-02-17 16:00:00.225,18252,18254,18254,8,8
2022-02-17 16:00:00.333,18254,18255,18255,1,1
2022-02-17 16:00:00.367,18254,18255,18254,1,-1
2022-02-17 16:00:00.458,18254,18255,18255,1,1
2022-02-17 16:00:00.493,18254,18255,18255,1,1
2022-02-17 16:00:00.493,18254,18255,18255,2,2
2022-02-17 16:00:00.493,18254,18255,18255,1,1
2022-02-17 16:00:00.493,18254,18255,18255,1,1
2022-02-17 16:00:00.493,18254,18255,18255,1,1
2022-02-17 16:00:00.493,18254,18255,18255,5,5
2022-02-17 16:00:00.493,18254,18255,18255,8,8
2022-02-17 16:00:00.554,18255,18256,18256,2,2
2022-02-17 16:00:00.607,18255,18256,18256,1,1
2022-02-17 16:00:00.678,18255,18256,18256,1,1
2022-02-17 16:00:00.678,18255,18256,18256,1,1
2022-02-17 16:00:00.678,18255,18256,18256,1,1
2022-02-17 16:00:00.723,18256,18257,18257,2,2
2022-02-17 16:00:00.754,18256,18257,18257,2,2
2022-02-17 16:00:00.847,18256,18257,18257,4,4
2022-02-17 16:00:00.863,18256,18257,18257,3,3
2022-02-17 16:00:00.993,18257,18258,18258,1,1
2022-02-17 16:00:01.410,18257,18258,18258,1,1
2022-02-17 16:00:01.471,18257,18258,18258,1,1
2022-02-17 16:00:01.716,18256,18258,18258,1,1
2022-02-17 16:00:01.773,18256,18258,18258,1,1
2022-02-17 16:00:01.795,18256,18258,18258,5,5
2022-02-17 16:00:01.841,18257,18258,18258,1,1
2022-02-17 16:00:01.871,18257,18258,18258,1,1
2022-02-17 16:00:02.069,18258,18259,18259,5,5
2022-02-17 16:00:02.069,18258,18259,18259,1,1
2022-02-17 16:00:02.069,18258,18259,18259,1,1
2022-02-17 16:00:02.230,18258,18260,18260,1,1
2022-02-17 16:00:02.346,18258,18259,18259,1,1
2022-02-17 16:00:02.434,18258,18259,18259,1,1
2022-02-17 16:00:02.488,18258,18259,18258,1,-1
2022-02-17 16:00:02.497,18258,18259,18259,1,1
2022-02-17 16:00:02.501,18258,18259,18257,1,-1
2022-02-17 16:00:02.768,18257,18259,18259,1,1
2022-02-17 16:00:03.056,18257,18259,18259,1,1
2022-02-17 16:00:03.556,18258,18260,18260,2,2
2022-02-17 16:00:04.162,18257,18259,18259,4,4
2022-02-17 16:00:05.590,18259,18260,18260,22,22
2022-02-17 16:00:06.532,18259,18261,18260,1,1
2022-02-17 16:00:07.692,18260,18261,18261,1,1
2022-02-17 16:00:07.807,18260,18261,18261,1,1
2022-02-17 16:00:07.849,18260,18261,18261,1,1
2022-02-17 16:00:08.032,18260,18261,18260,1,-1
2022-02-17 16:00:08.427,18258,18260,18260,2,2
2022-02-17 16:00:08.427,18258,18260,18261,4,4
2022-02-17 16:00:10.481,18259,18260,18260,1,1
2022-02-17 16:00:11.099,18259,18260,18260,1,1
2022-02-17 16:00:11.099,18259,18260,18261,1,1
2022-02-17 16:00:11.564,18259,18261,18261,2,2
2022-02-17 16:00:13.708,18259,18260,18260,1,1
2022-02-17 16:00:15.184,18259,18260,18260,1,1
2022-02-17 16:00:15.509,18261,18262,18262,2,2
2022-02-17 16:00:15.926,18261,18262,18262,1,1
2022-02-17 16:00:16.936,18261,18262,18262,6,6
2022-02-17 16:00:17.169,18262,18263,18262,4,-4
2022-02-17 16:00:17.169,18262,18263,18262,3,-3
2022-02-17 16:00:17.569,18261,18263,18263,2,2
2022-02-17 16:00:18.016,18262,18263,18263,1,1
2022-02-17 16:00:18.035,18262,18263,18263,1,1
2022-02-17 16:00:18.039,18262,18263,18263,1,1
2022-02-17 16:00:18.041,18262,18263,18263,1,1
2022-02-17 16:00:18.047,18262,18263,18263,1,1
2022-02-17 16:00:18.047,18262,18263,18263,1,1
2022-02-17 16:00:18.181,18262,18264,18264,1,1
2022-02-17 16:00:18.233,18262,18264,18263,1,1
2022-02-17 16:00:18.326,18262,18263,18263,1,1
2022-02-17 16:00:18.373,18262,18263,18263,1,1
2022-02-17 16:00:18.385,18262,18263,18263,1,1
2022-02-17 16:00:18.429,18262,18263,18263,1,1
2022-02-17 16:00:18.509,18262,18263,18264,1,1
2022-02-17 16:00:18.591,18262,18264,18264,2,2
2022-02-17 16:00:18.688,18262,18264,18264,1,1
2022-02-17 16:00:19.310,18262,18263,18263,1,1
2022-02-17 16:00:19.562,18263,18264,18263,1,-1
2022-02-17 16:00:19.741,18261,18263,18263,2,2
2022-02-17 16:00:19.963,18261,18263,18263,1,1
2022-02-17 16:00:20.760,18262,18263,18262,1,-1
2022-02-17 16:00:21.645,18262,18263,18263,1,1
2022-02-17 16:00:22.414,18262,18263,18262,1,-1
2022-02-17 16:00:22.848,18261,18263,18263,2,2
2022-02-17 16:00:22.923,18261,18263,18263,1,1
2022-02-17 16:00:24.376,18261,18263,18263,3,3
2022-02-17 16:00:25.680,18262,18263,18263,4,4
2022-02-17 16:00:26.234,18262,18263,18262,1,-1
2022-02-17 16:00:27.399,18262,18264,18264,10,10
2022-02-17 16:00:27.520,18262,18264,18264,1,1
2022-02-17 16:00:28.880,18263,18264,18263,1,-1
2022-02-17 16:00:29.023,18262,18263,18263,1,1
2022-02-17 16:00:30.953,18262,18263,18263,1,1
2022-02-17 16:00:31.461,18262,18263,18263,1,1
2022-02-17 16:00:31.626,18262,18263,18263,1,1
2022-02-17 16:00:32.703,18262,18263,18263,2,2
2022-02-17 16:00:32.703,18262,18263,18264,8,8
2022-02-17 16:00:34.669,18262,18264,18263,1,1
2022-02-17 16:00:35.208,18262,18263,18263,1,1
2022-02-17 16:00:36.210,18262,18263,18263,1,1
2022-02-17 16:00:36.210,18262,18263,18264,8,8
2022-02-17 16:00:36.210,18262,18263,18265,1,1
2022-02-17 16:00:36.483,18262,18264,18264,2,2
2022-02-17 16:00:37.067,18262,18264,18264,1,1
2022-02-17 16:00:38.086,18262,18263,18262,1,-1
2022-02-17 16:00:38.198,18261,18263,18261,1,-1
2022-02-17 16:00:38.326,18261,18263,18263,1,1
2022-02-17 16:00:38.418,18261,18263,18261,1,-1
2022-02-17 16:00:40.194,18261,18262,18262,1,1
2022-02-17 16:00:40.199,18261,18262,18262,1,1
2022-02-17 16:00:40.534,18261,18262,18261,1,-1
2022-02-17 16:00:43.688,18261,18262,18261,1,-1
2022-02-17 16:00:45.648,18260,18262,18262,2,2
2022-02-17 16:00:46.327,18260,18262,18262,2,2
2022-02-17 16:00:46.328,18260,18262,18262,8,8
2022-02-17 16:00:50.123,18261,18262,18262,3,3
2022-02-17 16:00:50.879,18262,18263,18263,4,4
2022-02-17 16:00:51.816,18263,18264,18264,1,1
2022-02-17 16:00:52.193,18263,18264,18263,1,-1
2022-02-17 16:00:52.805,18263,18264,18263,1,-1
2022-02-17 16:00:52.954,18263,18264,18263,1,-1
2022-02-17 16:00:53.026,18263,18264,18264,1,1
2022-02-17 16:00:53.624,18263,18264,18264,1,1
2022-02-17 16:00:58.407,18263,18264,18263,1,-1
2022-02-17 16:00:58.473,18263,18264,18263,1,-1
2022-02-17 16:00:58.665,18263,18264,18263,4,-4
2022-02-17 16:00:59.092,18262,18263,18263,4,4
2022-02-17 16:00:59.762,18263,18264,18263,1,-1
2022-02-17 16:00:59.763,18263,18264,18263,1,-1
2022-02-17 16:00:59.763,18263,18264,18263,1,-1
2022-02-17 16:00:59.763,18263,18264,18263,3,-3
2022-02-17 16:01:04.192,18263,18264,18263,1,-1
2022-02-17 16:01:04.314,18262,18263,18263,1,1
2022-02-17 16:01:04.316,18262,18263,18263,1,1
2022-02-17 16:01:04.615,18263,18264,18264,1,1
2022-02-17 16:01:05.368,18263,18264,18263,1,-1
2022-02-17 16:01:05.369,18263,18264,18263,1,-1
2022-02-17 16:01:05.369,18263,18264,18263,2,-2
2022-02-17 16:01:05.369,18263,18264,18263,6,-6
2022-02-17 16:01:05.432,18262,18263,18263,1,1
2022-02-17 16:01:05.838,18262,18264,18264,10,10
2022-02-17 16:01:06.628,18263,18264,18263,1,-1
2022-02-17 16:01:06.857,18262,18263,18262,1,-1
2022-02-17 16:01:10.574,18261,18262,18262,1,1
2022-02-17 16:01:10.574,18261,18262,18263,4,4
2022-02-17 16:01:10.679,18261,18262,18261,1,-1
2022-02-17 16:01:10.683,18261,18263,18263,1,1
2022-02-17 16:01:13.020,18261,18263,18261,5,-5
2022-02-17 16:01:18.496,18261,18262,18262,1,1
2022-02-17 16:01:19.405,18261,18262,18261,1,-1
2022-02-17 16:01:19.975,18260,18262,18260,2,-2
2022-02-17 16:01:23.198,18260,18261,18261,1,1
2022-02-17 16:01:25.264,18262,18263,18263,1,1
2022-02-17 16:01:27.670,18262,18263,18263,1,1
2022-02-17 16:01:27.694,18262,18264,18262,1,-1
2022-02-17 16:01:28.505,18261,18263,18263,1,1
2022-02-17 16:01:28.558,18261,18263,18263,1,1
2022-02-17 16:01:28.792,18261,18263,18263,2,2
2022-02-17 16:01:30.335,18261,18262,18262,3,3
2022-02-17 16:01:30.335,18261,18262,18263,4,4
2022-02-17 16:01:31.979,18261,18262,18262,1,1
2022-02-17 16:01:35.027,18262,18263,18263,1,1
2022-02-17 16:01:37.351,18263,18265,18263,1,-1
2022-02-17 16:01:39.888,18263,18264,18263,1,-1
2022-02-17 16:01:40.868,18264,18265,18264,1,-1
2022-02-17 16:01:42.879,18264,18265,18265,35,35
2022-02-17 16:01:42.881,18264,18265,18266,1,1
2022-02-17 16:01:42.891,18264,18265,18266,2,2
2022-02-17 16:01:42.984,18265,18266,18266,1,1
2022-02-17 16:01:44.698,18265,18266,18265,1,-1
2022-02-17 16:01:45.145,18264,18266,18265,1,1
2022-02-17 16:01:47.117,18264,18266,18266,1,1
2022-02-17 16:01:47.272,18264,18266,18266,1,1
2022-02-17 16:01:49.887,18264,18265,18265,1,1
2022-02-17 16:01:51.108,18264,18266,18266,1,1
2022-02-17 16:01:52.463,18265,18266,18265,2,-2
2022-02-17 16:01:54.336,18264,18265,18264,1,-1
2022-02-17 16:01:54.629,18264,18265,18265,3,3
2022-02-17 16:01:54.721,18264,18265,18265,3,3
2022-02-17 16:01:54.722,18264,18265,18265,2,2
2022-02-17 16:01:55.403,18265,18266,18266,1,1
2022-02-17 16:01:56.065,18265,18266,18265,1,-1
2022-02-17 16:01:56.480,18265,18266,18266,1,1
2022-02-17 16:01:58.119,18265,18266,18265,1,-1
2022-02-17 16:01:59.177,18265,18266,18265,1,-1
2022-02-17 16:01:59.724,18265,18266,18265,10,-10
2022-02-17 16:02:00.198,18264,18265,18265,1,1
2022-02-17 16:02:01.641,18264,18265,18265,1,1
2022-02-17 16:02:02.604,18264,18265,18264,1,-1
2022-02-17 16:02:03.389,18264,18265,18265,1,1
2022-02-17 16:02:03.440,18264,18265,18264,2,-2
2022-02-17 16:02:03.594,18264,18265,18264,1,-1
2022-02-17 16:02:03.595,18264,18265,18264,1,-1
2022-02-17 16:02:03.595,18264,18265,18264,4,-4
2022-02-17 16:02:03.595,18264,18265,18264,6,-6
2022-02-17 16:02:05.430,18263,18264,18264,1,1
2022-02-17 16:02:05.708,18263,18265,18263,1,-1
2022-02-17 16:02:08.648,18264,18265,18265,1,1
2022-02-17 16:02:08.649,18264,18265,18265,1,1
2022-02-17 16:02:13.088,18265,18266,18266,1,1
2022-02-17 16:02:13.453,18265,18266,18266,1,1
2022-02-17 16:02:13.535,18265,18266,18265,1,-1
2022-02-17 16:02:14.964,18265,18266,18266,11,11
2022-02-17 16:02:14.965,18265,18266,18266,5,5
2022-02-17 16:02:14.965,18265,18266,18266,1,1
2022-02-17 16:02:14.965,18265,18266,18266,3,3
2022-02-17 16:02:16.220,18265,18267,18265,1,-1
2022-02-17 16:02:16.480,18265,18267,18265,5,-5
2022-02-17 16:02:16.529,18265,18267,18266,1,1
2022-02-17 16:02:16.756,18265,18266,18266,2,2
2022-02-17 16:02:18.565,18266,18267,18266,5,-5
2022-02-17 16:02:20.111,18265,18266,18265,1,-1
2022-02-17 16:02:20.382,18264,18266,18266,1,1
2022-02-17 16:02:21.221,18264,18266,18266,1,1
2022-02-17 16:02:23.296,18264,18265,18265,1,1
2022-02-17 16:02:24.781,18264,18265,18265,3,3
2022-02-17 16:02:24.781,18264,18265,18265,2,2
2022-02-17 16:02:26.867,18264,18265,18265,1,1
2022-02-17 16:02:32.383,18264,18265,18264,2,-2
2022-02-17 16:02:34.805,18263,18264,18264,1,1
2022-02-17 16:02:35.917,18263,18265,18265,2,2
2022-02-17 16:02:37.642,18263,18265,18265,1,1
2022-02-17 16:02:38.756,18263,18264,18264,2,2
2022-02-17 16:02:42.803,18264,18265,18264,1,-1
2022-02-17 16:02:45.611,18264,18265,18265,1,1
2022-02-17 16:02:49.349,18264,18266,18265,3,3
2022-02-17 16:02:50.124,18264,18266,18265,3,3
2022-02-17 16:02:50.137,18264,18266,18266,2,2
2022-02-17 16:02:50.574,18264,18266,18264,2,-2
2022-02-17 16:02:50.878,18264,18266,18266,1,1
2022-02-17 16:02:50.878,18264,18266,18266,1,1
2022-02-17 16:02:51.209,18266,18267,18266,4,-4
2022-02-17 16:02:53.057,18266,18267,18266,1,-1
2022-02-17 16:02:53.890,18266,18267,18266,1,-1
2022-02-17 16:02:55.083,18266,18267,18266,1,-1
2022-02-17 16:02:58.633,18265,18266,18266,1,1
2022-02-17 16:02:59.099,18265,18267,18267,1,1
2022-02-17 16:02:59.276,18265,18267,18267,1,1
2022-02-17 16:03:00.206,18266,18267,18267,1,1
2022-02-17 16:03:00.342,18266,18267,18266,3,-3
2022-02-17 16:03:00.343,18266,18267,18266,3,-3
2022-02-17 16:03:00.438,18265,18267,18267,2,2
2022-02-17 16:03:00.503,18265,18267,18267,3,3
2022-02-17 16:03:00.507,18265,18267,18267,3,3
2022-02-17 16:03:00.509,18265,18267,18267,3,3
2022-02-17 16:03:00.834,18265,18267,18267,1,1
2022-02-17 16:03:01.083,18265,18266,18266,1,1
2022-02-17 16:03:01.630,18266,18267,18267,1,1
2022-02-17 16:03:02.446,18266,18267,18266,1,-1
2022-02-17 16:03:04.159,18265,18266,18266,1,1
2022-02-17 16:03:04.159,18265,18266,18266,3,3
2022-02-17 16:03:04.742,18266,18267,18266,1,-1
2022-02-17 16:03:04.742,18266,18267,18266,1,-1
2022-02-17 16:03:04.832,18265,18266,18266,1,1
2022-02-17 16:03:05.724,18266,18267,18267,1,1
2022-02-17 16:03:08.354,18266,18267,18266,1,-1
2022-02-17 16:03:09.530,18266,18267,18266,16,-16
2022-02-17 16:03:13.669,18266,18267,18266,1,-1
2022-02-17 16:03:15.464,18265,18267,18265,1,-1
2022-02-17 16:03:16.267,18265,18266,18266,1,1
2022-02-17 16:03:17.945,18265,18266,18265,1,-1
2022-02-17 16:03:18.837,18265,18266,18266,1,1
2022-02-17 16:03:19.148,18265,18266,18265,1,-1
2022-02-17 16:03:21.398,18265,18266,18266,5,5
2022-02-17 16:03:23.491,18265,18266,18266,1,1
2022-02-17 16:03:23.492,18265,18266,18266,4,4
2022-02-17 16:03:25.941,18265,18266,18265,2,-2
2022-02-17 16:03:26.150,18265,18266,18266,2,2
2022-02-17 16:03:26.263,18265,18266,18266,2,2
2022-02-17 16:03:28.119,18266,18267,18267,1,1
2022-02-17 16:03:28.315,18266,18267,18266,1,-1
2022-02-17 16:03:29.894,18266,18267,18266,5,-5
2022-02-17 16:03:30.241,18266,18267,18267,5,5
2022-02-17 16:03:31.099,18266,18267,18267,20,20
2022-02-17 16:03:31.108,18266,18267,18267,1,1
2022-02-17 16:03:33.380,18266,18267,18267,2,2
2022-02-17 16:03:34.759,18266,18267,18267,1,1
2022-02-17 16:03:35.090,18266,18267,18267,25,25
2022-02-17 16:03:37.174,18266,18267,18267,2,2
2022-02-17 16:03:37.804,18266,18267,18267,6,6
2022-02-17 16:03:41.750,18266,18267,18266,1,-1
2022-02-17 16:03:42.288,18266,18267,18267,1,1
2022-02-17 16:03:43.617,18266,18267,18267,1,1
2022-02-17 16:03:44.159,18266,18267,18267,1,1
2022-02-17 16:03:44.528,18266,18267,18267,1,1
2022-02-17 16:03:44.604,18266,18267,18267,5,5
2022-02-17 16:03:44.715,18266,18267,18267,5,5
2022-02-17 16:03:48.057,18266,18267,18267,1,1
2022-02-17 16:03:48.057,18266,18267,18267,8,8
2022-02-17 16:03:48.058,18266,18267,18267,1,1
2022-02-17 16:03:48.058,18266,18267,18267,8,8
2022-02-17 16:03:48.058,18266,18267,18267,2,2
2022-02-17 16:03:48.058,18266,18267,18267,1,1
2022-02-17 16:03:49.838,18267,18268,18268,5,5
2022-02-17 16:03:49.838,18267,18268,18268,4,4
2022-02-17 16:03:49.838,18267,18268,18268,6,6
2022-02-17 16:03:49.838,18267,18268,18268,1,1
2022-02-17 16:03:49.839,18267,18268,18268,1,1
2022-02-17 16:03:49.839,18267,18268,18268,2,2
2022-02-17 16:03:49.839,18267,18268,18268,9,9
2022-02-17 16:03:49.839,18267,18268,18268,2,2
2022-02-17 16:03:49.839,18267,18268,18268,1,1
2022-02-17 16:03:49.839,18267,18268,18268,1,1
2022-02-17 16:03:49.839,18267,18268,18268,1,1
2022-02-17 16:03:49.840,18267,18268,18268,1,1
2022-02-17 16:03:49.840,18267,18268,18268,1,1
2022-02-17 16:03:49.840,18267,18268,18268,1,1
2022-02-17 16:03:49.840,18267,18268,18268,17,17
2022-02-17 16:03:49.840,18267,18268,18268,1,1
2022-02-17 16:03:50.225,18268,18269,18269,1,1
2022-02-17 16:03:50.420,18268,18269,18269,1,1
2022-02-17 16:03:50.860,18268,18269,18268,1,-1
2022-02-17 16:03:52.104,18267,18269,18267,1,-1
2022-02-17 16:03:52.281,18267,18269,18267,1,-1
2022-02-17 16:03:53.759,18267,18268,18268,1,1
2022-02-17 16:03:54.749,18267,18268,18267,1,-1
2022-02-17 16:03:58.708,18267,18268,18268,1,1
2022-02-17 16:04:00.196,18267,18268,18268,1,1
2022-02-17 16:04:00.568,18267,18268,18267,1,-1
2022-02-17 16:04:00.568,18267,18268,18267,1,-1
2022-02-17 16:04:00.859,18266,18267,18267,1,1
2022-02-17 16:04:01.308,18266,18267,18266,7,-7
2022-02-17 16:04:01.874,18265,18267,18267,1,1
2022-02-17 16:04:04.849,18265,18267,18265,3,-3
2022-02-17 16:04:06.115,18265,18266,18265,1,-1
2022-02-17 16:04:06.115,18265,18266,18265,1,-1
2022-02-17 16:04:06.115,18265,18266,18265,1,-1
2022-02-17 16:04:07.525,18264,18265,18265,1,1
2022-02-17 16:04:08.036,18264,18265,18265,5,5
2022-02-17 16:04:08.036,18264,18265,18266,2,2
2022-02-17 16:04:08.300,18264,18266,18265,1,1
2022-02-17 16:04:11.682,18265,18266,18265,1,-1
2022-02-17 16:04:14.133,18265,18266,18265,8,-8
2022-02-17 16:04:25.336,18264,18265,18264,3,-3
2022-02-17 16:04:25.599,18263,18264,18264,1,1
2022-02-17 16:04:28.238,18263,18264,18263,1,-1
2022-02-17 16:04:29.615,18263,18264,18264,1,1
2022-02-17 16:04:31.102,18263,18264,18263,1,-1
2022-02-17 16:04:32.602,18263,18264,18264,1,1
2022-02-17 16:04:39.485,18263,18264,18264,1,1
2022-02-17 16:04:42.017,18263,18264,18263,4,-4
2022-02-17 16:04:44.029,18262,18264,18262,1,-1
2022-02-17 16:04:46.107,18263,18264,18263,1,-1
2022-02-17 16:04:46.539,18263,18264,18263,1,-1
2022-02-17 16:04:49.541,18263,18264,18263,3,-3
2022-02-17 16:04:49.662,18263,18264,18264,4,4
2022-02-17 16:04:49.663,18263,18264,18265,3,3
2022-02-17 16:04:54.610,18264,18265,18264,1,-1
2022-02-17 16:04:54.719,18264,18265,18265,6,6
2022-02-17 16:04:57.864,18265,18266,18265,1,-1
2022-02-17 16:04:58.921,18264,18266,18266,1,1
2022-02-17 16:05:04.612,18264,18265,18264,1,-1
2022-02-17 16:05:05.256,18263,18264,18264,2,2
2022-02-17 16:05:06.285,18264,18265,18264,1,-1
2022-02-17 16:05:06.286,18264,18265,18264,1,-1
2022-02-17 16:05:10.579,18264,18265,18265,3,3
2022-02-17 16:05:10.952,18265,18266,18266,1,1
2022-02-17 16:05:11.031,18265,18266,18266,3,3
2022-02-17 16:05:16.609,18266,18267,18267,3,3
2022-02-17 16:05:16.992,18267,18268,18266,1,-1
2022-02-17 16:05:17.266,18267,18268,18268,4,4
2022-02-17 16:05:17.630,18268,18269,18267,1,-1
2022-02-17 16:05:18.898,18267,18268,18268,4,4
2022-02-17 16:05:19.338,18267,18269,18269,5,5
2022-02-17 16:05:19.511,18267,18269,18269,1,1
2022-02-17 16:05:22.194,18267,18269,18269,2,2
2022-02-17 16:05:26.880,18267,18268,18268,1,1
2022-02-17 16:05:29.948,18266,18268,18268,1,1
2022-02-17 16:05:34.852,18265,18266,18266,1,1
2022-02-17 16:05:35.255,18265,18266,18266,1,1
2022-02-17 16:05:35.486,18265,18266,18266,4,4
2022-02-17 16:05:36.593,18265,18266,18266,2,2
2022-02-17 16:05:37.416,18265,18266,18266,1,1
2022-02-17 16:05:38.289,18266,18267,18266,1,-1
2022-02-17 16:05:40.827,18265,18266,18266,3,3
2022-02-17 16:05:41.802,18266,18267,18266,7,-7
2022-02-17 16:05:44.035,18265,18266,18266,1,1
2022-02-17 16:05:44.887,18265,18266,18266,4,4
2022-02-17 16:05:44.964,18266,18267,18266,2,-2
2022-02-17 16:05:44.964,18266,18267,18266,4,-4
2022-02-17 16:05:45.667,18265,18266,18266,1,1
2022-02-17 16:05:46.748,18265,18266,18265,1,-1
2022-02-17 16:05:46.748,18265,18266,18265,3,-3
2022-02-17 16:05:46.749,18265,18266,18265,1,-1
2022-02-17 16:05:46.749,18265,18266,18265,1,-1
2022-02-17 16:06:00.613,18265,18266,18265,1,-1
2022-02-17 16:06:06.530,18265,18266,18265,1,-1
2022-02-17 16:06:08.480,18265,18266,18266,1,1
2022-02-17 16:06:10.578,18265,18266,18266,1,1
2022-02-17 16:06:14.156,18265,18266,18266,1,1
2022-02-17 16:06:14.394,18265,18267,18265,1,-1
2022-02-17 16:06:15.246,18266,18267,18266,1,-1
2022-02-17 16:06:15.409,18265,18267,18267,1,1
2022-02-17 16:06:15.656,18265,18267,18267,1,1
2022-02-17 16:06:19.079,18265,18266,18266,3,3
2022-02-17 16:06:19.079,18265,18266,18267,2,2
2022-02-17 16:06:21.000,18265,18266,18266,1,1
2022-02-17 16:06:24.248,18266,18267,18266,1,-1
2022-02-17 16:06:28.623,18266,18267,18266,1,-1
2022-02-17 16:06:28.624,18266,18267,18266,1,-1
2022-02-17 16:06:31.707,18266,18267,18266,1,-1
2022-02-17 16:06:32.944,18266,18267,18266,1,-1
2022-02-17 16:06:34.250,18266,18267,18266,1,-1
2022-02-17 16:06:34.303,18266,18267,18266,1,-1
2022-02-17 16:06:34.972,18266,18267,18267,1,1
2022-02-17 16:06:36.818,18266,18267,18267,1,1
2022-02-17 16:06:36.902,18266,18267,18266,3,-3
2022-02-17 16:06:47.748,18266,18267,18266,1,-1
2022-02-17 16:06:49.981,18266,18267,18267,1,1
2022-02-17 16:06:58.615,18266,18267,18267,1,1
2022-02-17 16:06:58.799,18266,18267,18267,1,1
2022-02-17 16:07:03.460,18266,18267,18266,1,-1
2022-02-17 16:07:03.720,18266,18267,18266,1,-1
2022-02-17 16:07:03.720,18266,18267,18266,1,-1
2022-02-17 16:07:03.720,18266,18267,18266,1,-1
2022-02-17 16:07:03.786,18266,18267,18266,1,-1
2022-02-17 16:07:03.786,18266,18267,18266,9,-9
2022-02-17 16:07:06.095,18265,18267,18267,1,1
2022-02-17 16:07:06.567,18265,18267,18265,1,-1
2022-02-17 16:07:07.960,18265,18266,18266,1,1
2022-02-17 16:07:08.196,18265,18266,18265,6,-6
2022-02-17 16:07:08.950,18265,18266,18266,3,3
2022-02-17 16:07:09.033,18265,18266,18266,2,2
2022-02-17 16:07:11.884,18265,18266,18265,1,-1
2022-02-17 16:07:20.285,18265,18266,18265,1,-1
2022-02-17 16:07:24.552,18265,18266,18265,5,-5
2022-02-17 16:07:27.621,18265,18266,18266,1,1
2022-02-17 16:07:27.621,18265,18266,18266,1,1
2022-02-17 16:07:27.621,18265,18266,18266,5,5
2022-02-17 16:07:27.790,18266,18267,18266,8,-8
2022-02-17 16:07:33.543,18266,18267,18266,1,-1
2022-02-17 16:07:39.493,18265,18266,18265,1,-1
2022-02-17 16:07:42.697,18265,18266,18265,1,-1
2022-02-17 16:07:42.969,18265,18266,18266,1,1
2022-02-17 16:07:43.665,18265,18266,18265,1,-1
2022-02-17 16:07:43.665,18265,18266,18265,3,-3
2022-02-17 16:07:43.665,18265,18266,18265,1,-1
2022-02-17 16:07:43.665,18265,18266,18265,1,-1
2022-02-17 16:07:43.665,18265,18266,18265,2,-2
2022-02-17 16:07:43.665,18265,18266,18265,1,-1
2022-02-17 16:07:44.617,18264,18265,18265,2,2
2022-02-17 16:07:50.323,18264,18265,18264,5,-5
2022-02-17 16:07:51.443,18264,18265,18264,1,-1
2022-02-17 16:07:52.952,18264,18265,18265,1,1
2022-02-17 16:08:03.467,18265,18266,18265,1,-1
2022-02-17 16:08:04.860,18265,18266,18266,3,3
2022-02-17 16:08:04.900,18265,18266,18266,1,1
2022-02-17 16:08:10.622,18266,18267,18266,1,-1
2022-02-17 16:08:13.837,18266,18267,18267,3,3
2022-02-17 16:08:14.911,18266,18267,18266,1,-1
2022-02-17 16:08:16.140,18266,18267,18267,1,1
2022-02-17 16:08:19.369,18266,18267,18266,1,-1
2022-02-17 16:08:19.391,18266,18267,18266,5,-5
2022-02-17 16:08:26.258,18266,18267,18266,1,-1
2022-02-17 16:08:33.220,18265,18266,18265,2,-2
2022-02-17 16:08:33.220,18265,18266,18265,1,-1
2022-02-17 16:08:33.677,18265,18266,18265,2,-2
2022-02-17 16:08:41.016,18264,18265,18265,1,1
2022-02-17 16:08:42.522,18265,18266,18266,3,3
2022-02-17 16:08:42.608,18266,18267,18266,1,-1
2022-02-17 16:08:42.850,18266,18267,18266,20,-20
2022-02-17 16:08:43.682,18265,18267,18265,1,-1
2022-02-17 16:08:46.758,18266,18267,18267,5,5
2022-02-17 16:08:46.986,18266,18267,18267,1,1
2022-02-17 16:08:46.986,18266,18267,18267,6,6
2022-02-17 16:08:47.541,18266,18268,18266,1,-1
2022-02-17 16:08:50.202,18266,18268,18267,1,1
2022-02-17 16:08:51.907,18267,18268,18267,1,-1
2022-02-17 16:08:55.964,18266,18268,18267,1,1
2022-02-17 16:09:02.458,18266,18267,18267,1,1
2022-02-17 16:09:03.498,18267,18268,18267,1,-1
2022-02-17 16:09:06.957,18267,18268,18268,3,3
2022-02-17 16:09:11.080,18267,18268,18268,1,1
2022-02-17 16:09:14.598,18267,18268,18267,2,-2
2022-02-17 16:09:16.252,18267,18268,18268,1,1
2022-02-17 16:09:16.365,18267,18268,18268,1,1
2022-02-17 16:09:17.074,18267,18268,18268,3,3
2022-02-17 16:09:17.949,18267,18268,18268,2,2
2022-02-17 16:09:18.266,18267,18268,18268,1,1
2022-02-17 16:09:23.857,18267,18268,18268,1,1
2022-02-17 16:09:24.329,18267,18268,18267,1,-1
2022-02-17 16:09:25.599,18267,18268,18267,1,-1
2022-02-17 16:09:27.458,18266,18267,18267,1,1
2022-02-17 16:09:28.109,18267,18268,18268,2,2
2022-02-17 16:09:28.465,18267,18268,18267,1,-1
2022-02-17 16:09:29.947,18267,18268,18268,3,3
2022-02-17 16:09:30.503,18267,18268,18267,2,-2
2022-02-17 16:09:31.523,18267,18268,18268,1,1
2022-02-17 16:09:31.523,18267,18268,18268,1,1
2022-02-17 16:09:31.525,18267,18268,18268,2,2
2022-02-17 16:09:31.603,18268,18269,18268,2,-2
2022-02-17 16:09:34.936,18268,18269,18268,1,-1
2022-02-17 16:09:35.725,18268,18269,18268,1,-1
2022-02-17 16:09:36.311,18268,18269,18268,1,-1
2022-02-17 16:09:36.956,18268,18269,18268,1,-1
2022-02-17 16:09:36.963,18268,18269,18269,1,1
2022-02-17 16:09:37.243,18268,18269,18269,1,1
2022-02-17 16:09:37.481,18268,18269,18269,4,4
2022-02-17 16:09:38.491,18268,18269,18269,1,1
2022-02-17 16:09:38.491,18268,18269,18269,1,1
2022-02-17 16:09:38.491,18268,18269,18269,2,2
2022-02-17 16:09:38.491,18268,18269,18269,2,2
2022-02-17 16:09:38.491,18268,18269,18269,1,1
2022-02-17 16:09:38.492,18268,18269,18269,1,1
2022-02-17 16:09:39.664,18268,18269,18269,1,1
2022-02-17 16:09:39.664,18268,18269,18269,2,2
2022-02-17 16:09:39.665,18268,18269,18269,1,1
2022-02-17 16:09:39.665,18268,18269,18269,1,1
2022-02-17 16:09:39.665,18268,18269,18269,1,1
2022-02-17 16:09:39.665,18268,18269,18269,2,2
2022-02-17 16:09:39.665,18268,18269,18269,1,1
2022-02-17 16:09:39.665,18268,18269,18269,1,1
2022-02-17 16:09:39.665,18268,18269,18269,1,1
2022-02-17 16:09:39.667,18268,18269,18269,1,1
2022-02-17 16:09:39.667,18268,18269,18269,3,3
2022-02-17 16:09:40.055,18269,18270,18270,1,1
2022-02-17 16:09:40.204,18269,18270,18270,2,2
2022-02-17 16:09:40.965,18269,18270,18270,1,1
2022-02-17 16:09:41.134,18269,18270,18269,3,-3
2022-02-17 16:09:43.848,18269,18270,18270,2,2
2022-02-17 16:09:44.064,18269,18270,18270,1,1
2022-02-17 16:09:44.706,18269,18270,18270,1,1
2022-02-17 16:09:45.579,18269,18270,18270,2,2
2022-02-17 16:09:48.053,18269,18270,18270,1,1
2022-02-17 16:09:48.240,18269,18270,18270,1,1
2022-02-17 16:09:50.598,18269,18270,18270,4,4
2022-02-17 16:09:53.114,18269,18270,18270,5,5
2022-02-17 16:09:56.823,18269,18270,18270,1,1
2022-02-17 16:09:58.576,18269,18270,18270,1,1
2022-02-17 16:09:58.576,18269,18270,18270,1,1
2022-02-17 16:09:59.421,18269,18270,18270,1,1
2022-02-17 16:10:00.326,18269,18270,18270,1,1
2022-02-17 16:10:00.703,18269,18270,18270,4,4
2022-02-17 16:10:00.703,18269,18270,18270,4,4
2022-02-17 16:10:00.731,18269,18270,18271,1,1
2022-02-17 16:10:00.914,18270,18271,18271,15,15
2022-02-17 16:10:00.914,18270,18271,18271,2,2
2022-02-17 16:10:00.915,18270,18271,18271,1,1
2022-02-17 16:10:00.915,18270,18271,18271,1,1
2022-02-17 16:10:01.163,18271,18272,18272,1,1
