2022-10-26 15:00:00.014,12760,12761,12760,108,-108
2022-10-26 15:00:00.070,12759,12760,12760,1,1
2022-10-26 15:00:00.070,12759,12760,12761,4,4
2022-10-26 15:00:00.073,12759,12760,12759,1,-1
2022-10-26 15:00:00.150,12759,12762,12759,4,-4
2022-10-26 15:00:00.187,12759,12762,12759,4,-4
2022-10-26 15:00:00.193,12759,12762,12759,1,-1
2022-10-26 15:00:00.246,12759,12762,12759,1,-1
2022-10-26 15:00:00.263,12759,12762,12762,1,1
2022-10-26 15:00:00.264,12759,12762,12762,1,1
2022-10-26 15:00:00.264,12759,12762,12763,1,1
2022-10-26 15:00:00.330,12759,12762,12759,1,-1
2022-10-26 15:00:00.352,12759,12762,12762,1,1
2022-10-26 15:00:00.380,12759,12762,12759,2,-2
2022-10-26 15:00:00.396,12759,12762,12759,1,-1
2022-10-26 15:00:00.411,12759,12762,12759,2,-2
2022-10-26 15:00:00.423,12759,12762,12759,2,-2
2022-10-26 15:00:00.561,12758,12762,12761,1,1
2022-10-26 15:00:00.593,12758,12762,12758,2,-2
2022-10-26 15:00:00.598,12758,12762,12758,1,-1
2022-10-26 15:00:00.598,12758,12762,12757,1,-1
2022-10-26 15:00:00.600,12758,12762,12758,1,-1
2022-10-26 15:00:00.619,12758,12762,12758,1,-1
2022-10-26 15:00:00.623,12758,12762,12759,1,-1
2022-10-26 15:00:00.623,12758,12762,12758,2,-2
2022-10-26 15:00:00.631,12758,12762,12760,1,-1
2022-10-26 15:00:00.663,12758,12762,12758,2,-2
2022-10-26 15:00:00.711,12758,12762,12757,1,-1
2022-10-26 15:00:00.733,12757,12760,12757,1,-1
2022-10-26 15:00:00.760,12757,12760,12759,1,1
2022-10-26 15:00:00.826,12757,12760,12757,1,-1
2022-10-26 15:00:00.934,12756,12758,12756,1,-1
2022-10-26 15:00:00.998,12756,12758,12756,2,-2
2022-10-26 15:00:01.097,12755,12758,12756,1,-1
2022-10-26 15:00:01.580,12757,12759,12757,1,-1
2022-10-26 15:00:01.877,12756,12758,12756,3,-3
2022-10-26 15:00:02.033,12757,12759,12757,2,-2
2022-10-26 15:00:02.401,12758,12759,12759,1,1
2022-10-26 15:00:02.404,12758,12759,12759,3,3
2022-10-26 15:00:02.405,12758,12759,12759,1,1
2022-10-26 15:00:02.542,12758,12760,12759,1,1
2022-10-26 15:00:02.542,12758,12760,12758,1,-1
2022-10-26 15:00:03.123,12759,12760,12758,1,-1
2022-10-26 15:00:03.123,12759,12760,12758,1,-1
2022-10-26 15:00:03.151,12759,12760,12758,2,-2
2022-10-26 15:00:03.151,12759,12760,12757,1,-1
2022-10-26 15:00:03.151,12759,12760,12756,4,-4
2022-10-26 15:00:04.387,12758,12759,12759,2,2
2022-10-26 15:00:04.594,12758,12760,12760,4,4
2022-10-26 15:00:04.997,12758,12761,12758,1,-1
2022-10-26 15:00:05.360,12759,12760,12760,1,1
2022-10-26 15:00:05.360,12759,12760,12761,1,1
2022-10-26 15:00:05.783,12760,12762,12760,1,-1
2022-10-26 15:00:06.016,12760,12762,12761,2,-2
2022-10-26 15:00:06.375,12761,12763,12761,3,-3
2022-10-26 15:00:06.375,12761,12763,12760,7,-7
2022-10-26 15:00:06.376,12761,12763,12760,4,-4
2022-10-26 15:00:06.376,12761,12763,12760,26,-26
2022-10-26 15:00:06.415,12761,12763,12760,1,-1
2022-10-26 15:00:06.416,12761,12763,12760,1,-1
2022-10-26 15:00:06.470,12759,12761,12759,1,-1
2022-10-26 15:00:06.478,12759,12761,12760,1,-1
2022-10-26 15:00:06.483,12759,12761,12760,1,-1
2022-10-26 15:00:07.009,12759,12761,12759,1,-1
2022-10-26 15:00:07.097,12759,12760,12759,1,-1
2022-10-26 15:00:07.236,12758,12760,12758,5,-5
2022-10-26 15:00:08.056,12757,12759,12757,1,-1
2022-10-26 15:00:08.449,12757,12758,12757,1,-1
2022-10-26 15:00:08.449,12757,12758,12757,1,-1
2022-10-26 15:00:08.449,12757,12758,12757,2,-2
2022-10-26 15:00:10.117,12758,12760,12758,1,-1
2022-10-26 15:00:10.925,12758,12760,12760,1,1
2022-10-26 15:00:11.073,12759,12760,12760,13,13
2022-10-26 15:00:11.073,12759,12760,12760,5,5
2022-10-26 15:00:11.807,12759,12761,12759,1,-1
2022-10-26 15:00:11.959,12759,12761,12759,2,-2
2022-10-26 15:00:11.980,12759,12760,12760,1,1
2022-10-26 15:00:12.108,12759,12760,12760,3,3
2022-10-26 15:00:12.109,12759,12760,12760,1,1
2022-10-26 15:00:12.130,12759,12760,12759,1,-1
2022-10-26 15:00:12.667,12759,12761,12760,1,-1
2022-10-26 15:00:13.103,12759,12761,12759,1,-1
2022-10-26 15:00:13.422,12759,12760,12759,1,-1
2022-10-26 15:00:13.422,12759,12760,12759,11,-11
2022-10-26 15:00:13.490,12758,12760,12760,1,1
2022-10-26 15:00:13.646,12758,12760,12758,1,-1
2022-10-26 15:00:13.818,12758,12759,12758,1,-1
2022-10-26 15:00:13.846,12758,12759,12758,1,-1
2022-10-26 15:00:13.846,12758,12759,12758,1,-1
2022-10-26 15:00:13.846,12758,12759,12758,6,-6
2022-10-26 15:00:13.847,12758,12759,12758,6,-6
2022-10-26 15:00:14.270,12757,12758,12758,4,4
2022-10-26 15:00:14.270,12757,12758,12759,1,1
2022-10-26 15:00:14.361,12757,12759,12759,1,1
2022-10-26 15:00:15.284,12758,12759,12758,1,-1
2022-10-26 15:00:15.300,12758,12759,12759,1,1
2022-10-26 15:00:15.369,12757,12759,12757,1,-1
2022-10-26 15:00:17.375,12758,12760,12758,5,-5
2022-10-26 15:00:17.635,12757,12759,12759,1,1
2022-10-26 15:00:17.935,12757,12759,12757,9,-9
2022-10-26 15:00:18.099,12756,12757,12757,2,2
2022-10-26 15:00:18.139,12756,12757,12757,1,1
2022-10-26 15:00:20.067,12758,12759,12759,3,3
2022-10-26 15:00:20.067,12758,12759,12760,2,2
2022-10-26 15:00:20.321,12759,12760,12760,5,5
2022-10-26 15:00:20.384,12759,12761,12759,5,-5
2022-10-26 15:00:21.354,12759,12760,12759,1,-1
2022-10-26 15:00:21.462,12759,12760,12760,1,1
2022-10-26 15:00:21.669,12759,12761,12760,1,1
2022-10-26 15:00:21.755,12759,12761,12759,2,-2
2022-10-26 15:00:21.783,12759,12761,12759,1,-1
2022-10-26 15:00:22.010,12758,12759,12759,1,1
2022-10-26 15:00:22.254,12758,12759,12759,1,1
2022-10-26 15:00:24.297,12759,12760,12760,5,5
2022-10-26 15:00:24.655,12759,12760,12760,1,1
2022-10-26 15:00:25.056,12759,12760,12760,1,1
2022-10-26 15:00:26.746,12759,12760,12759,3,-3
2022-10-26 15:00:26.922,12759,12760,12759,1,-1
2022-10-26 15:00:26.923,12759,12760,12759,1,-1
2022-10-26 15:00:26.923,12759,12760,12759,4,-4
2022-10-26 15:00:27.428,12758,12760,12759,1,-1
2022-10-26 15:00:27.483,12758,12760,12760,1,1
2022-10-26 15:00:28.305,12758,12759,12759,2,2
2022-10-26 15:00:28.398,12758,12759,12758,2,-2
2022-10-26 15:00:28.398,12758,12759,12758,2,-2
2022-10-26 15:00:28.398,12758,12759,12758,3,-3
2022-10-26 15:00:28.573,12757,12759,12757,3,-3
2022-10-26 15:00:29.171,12758,12759,12759,1,1
2022-10-26 15:00:29.326,12757,12759,12759,1,1
2022-10-26 15:00:30.007,12758,12759,12759,1,1
2022-10-26 15:00:33.014,12758,12759,12758,2,-2
2022-10-26 15:00:34.534,12758,12759,12759,1,1
2022-10-26 15:00:34.534,12758,12759,12759,6,6
2022-10-26 15:00:34.534,12758,12759,12759,1,1
2022-10-26 15:00:34.630,12759,12760,12759,1,-1
2022-10-26 15:00:34.958,12759,12760,12759,1,-1
2022-10-26 15:00:37.043,12758,12759,12758,3,-3
2022-10-26 15:00:38.812,12757,12759,12759,1,1
2022-10-26 15:00:41.885,12758,12759,12758,1,-1
2022-10-26 15:00:41.935,12758,12759,12758,1,-1
2022-10-26 15:00:43.128,12758,12759,12759,1,1
2022-10-26 15:00:44.045,12758,12759,12758,1,-1
2022-10-26 15:00:44.045,12758,12759,12758,1,-1
2022-10-26 15:00:44.046,12758,12759,12758,5,-5
2022-10-26 15:00:44.046,12758,12759,12758,2,-2
2022-10-26 15:00:44.046,12758,12759,12758,1,-1
2022-10-26 15:00:44.046,12758,12759,12758,1,-1
2022-10-26 15:00:44.046,12758,12759,12758,4,-4
2022-10-26 15:00:44.972,12757,12759,12757,1,-1
2022-10-26 15:00:45.381,12757,12759,12759,1,1
2022-10-26 15:00:47.660,12758,12759,12759,1,1
2022-10-26 15:00:47.660,12758,12759,12759,10,10
2022-10-26 15:00:47.660,12758,12759,12759,1,1
2022-10-26 15:00:47.943,12759,12760,12759,2,-2
2022-10-26 15:00:48.354,12759,12760,12760,1,1
2022-10-26 15:00:48.799,12759,12760,12759,1,-1
2022-10-26 15:00:50.009,12759,12760,12760,6,6
2022-10-26 15:00:50.009,12759,12760,12760,1,1
2022-10-26 15:00:50.009,12759,12760,12760,2,2
2022-10-26 15:00:50.009,12759,12760,12760,14,14
2022-10-26 15:00:50.011,12759,12760,12761,3,3
2022-10-26 15:00:50.402,12760,12761,12760,5,-5
2022-10-26 15:00:50.408,12760,12761,12760,2,-2
2022-10-26 15:00:50.408,12760,12761,12759,3,-3
2022-10-26 15:00:50.438,12760,12761,12759,4,-4
2022-10-26 15:00:50.438,12760,12761,12758,1,-1
2022-10-26 15:00:50.457,12760,12761,12758,5,-5
2022-10-26 15:00:50.523,12758,12760,12758,5,-5
2022-10-26 15:00:50.550,12758,12760,12757,4,-4
2022-10-26 15:00:50.693,12757,12758,12757,4,-4
2022-10-26 15:00:50.857,12757,12758,12758,1,1
2022-10-26 15:00:50.901,12757,12758,12758,4,4
2022-10-26 15:00:50.901,12757,12758,12759,4,4
2022-10-26 15:00:51.608,12757,12758,12757,1,-1
2022-10-26 15:00:51.636,12757,12758,12757,4,-4
2022-10-26 15:00:51.636,12757,12758,12757,1,-1
2022-10-26 15:00:51.720,12756,12758,12758,1,1
2022-10-26 15:00:52.511,12756,12757,12757,3,3
2022-10-26 15:00:52.511,12756,12757,12758,1,1
2022-10-26 15:00:53.259,12756,12758,12756,3,-3
2022-10-26 15:00:53.519,12756,12758,12756,1,-1
2022-10-26 15:00:53.699,12756,12757,12756,1,-1
2022-10-26 15:00:54.736,12755,12757,12755,1,-1
2022-10-26 15:00:58.857,12757,12759,12759,1,1
2022-10-26 15:00:59.338,12758,12759,12758,4,-4
2022-10-26 15:00:59.339,12757,12759,12759,1,1
2022-10-26 15:00:59.854,12758,12759,12759,1,1
2022-10-26 15:00:59.857,12758,12759,12760,1,1
2022-10-26 15:00:59.857,12758,12759,12760,3,3
2022-10-26 15:01:00.127,12760,12761,12761,3,3
2022-10-26 15:01:00.130,12760,12761,12761,5,5
2022-10-26 15:01:00.130,12760,12761,12760,1,-1
2022-10-26 15:01:00.218,12760,12762,12762,1,1
2022-10-26 15:01:00.219,12760,12762,12762,2,2
2022-10-26 15:01:00.221,12760,12762,12762,1,1
2022-10-26 15:01:00.221,12760,12762,12762,4,4
2022-10-26 15:01:00.229,12760,12762,12763,1,1
2022-10-26 15:01:00.399,12762,12763,12762,1,-1
2022-10-26 15:01:00.500,12761,12762,12761,1,-1
2022-10-26 15:01:00.504,12761,12762,12761,1,-1
2022-10-26 15:01:00.665,12761,12762,12762,1,1
2022-10-26 15:01:00.667,12761,12762,12762,1,1
2022-10-26 15:01:00.762,12761,12763,12761,1,-1
2022-10-26 15:01:00.851,12761,12763,12763,1,1
2022-10-26 15:01:00.852,12761,12763,12761,8,-8
2022-10-26 15:01:01.101,12760,12762,12760,2,-2
2022-10-26 15:01:01.217,12760,12761,12761,1,1
2022-10-26 15:01:01.284,12760,12761,12762,1,1
2022-10-26 15:01:01.335,12760,12761,12760,1,-1
2022-10-26 15:01:01.348,12760,12762,12760,4,-4
2022-10-26 15:01:01.424,12760,12762,12760,6,-6
2022-10-26 15:01:01.432,12760,12762,12759,2,-2
2022-10-26 15:01:01.455,12760,12762,12759,2,-2
2022-10-26 15:01:01.514,12759,12761,12759,3,-3
2022-10-26 15:01:01.518,12759,12761,12759,2,-2
2022-10-26 15:01:01.543,12759,12761,12760,2,-2
2022-10-26 15:01:01.552,12759,12761,12759,5,-5
2022-10-26 15:01:01.553,12759,12761,12759,2,-2
2022-10-26 15:01:01.560,12759,12761,12759,5,-5
2022-10-26 15:01:01.689,12759,12760,12759,1,-1
2022-10-26 15:01:01.784,12759,12760,12759,1,-1
2022-10-26 15:01:02.014,12759,12760,12759,2,-2
2022-10-26 15:01:02.101,12758,12760,12759,1,-1
2022-10-26 15:01:02.277,12759,12760,12759,1,-1
2022-10-26 15:01:02.467,12759,12760,12759,1,-1
2022-10-26 15:01:02.580,12759,12760,12760,1,1
2022-10-26 15:01:03.287,12758,12760,12760,1,1
2022-10-26 15:01:03.565,12758,12760,12758,1,-1
2022-10-26 15:01:04.159,12758,12760,12760,3,3
2022-10-26 15:01:05.999,12760,12761,12761,1,1
2022-10-26 15:01:06.043,12760,12761,12761,1,1
2022-10-26 15:01:06.198,12760,12762,12762,1,1
2022-10-26 15:01:06.215,12761,12762,12762,1,1
2022-10-26 15:01:06.215,12761,12762,12762,1,1
2022-10-26 15:01:06.379,12761,12763,12761,1,-1
2022-10-26 15:01:06.380,12761,12763,12761,4,-4
2022-10-26 15:01:06.380,12761,12763,12760,1,-1
2022-10-26 15:01:06.817,12760,12762,12761,1,-1
2022-10-26 15:01:06.985,12760,12762,12762,1,1
2022-10-26 15:01:07.507,12760,12762,12760,5,-5
2022-10-26 15:01:08.404,12760,12762,12762,7,7
2022-10-26 15:01:08.818,12761,12763,12763,1,1
2022-10-26 15:01:09.357,12761,12763,12763,7,7
2022-10-26 15:01:09.357,12761,12763,12763,1,1
2022-10-26 15:01:10.234,12762,12764,12762,1,-1
2022-10-26 15:01:10.363,12761,12763,12761,1,-1
2022-10-26 15:01:10.443,12761,12763,12761,1,-1
2022-10-26 15:01:11.566,12761,12762,12762,1,1
2022-10-26 15:01:11.793,12761,12762,12761,1,-1
2022-10-26 15:01:11.793,12761,12762,12761,6,-6
2022-10-26 15:01:11.793,12761,12762,12761,7,-7
2022-10-26 15:01:11.920,12760,12761,12761,1,1
2022-10-26 15:01:12.169,12760,12761,12762,1,1
2022-10-26 15:01:16.018,12761,12762,12761,1,-1
2022-10-26 15:01:16.176,12760,12761,12760,1,-1
2022-10-26 15:01:16.178,12760,12761,12760,1,-1
2022-10-26 15:01:16.231,12760,12761,12760,1,-1
2022-10-26 15:01:16.231,12760,12761,12760,3,-3
2022-10-26 15:01:16.520,12760,12761,12761,3,3
2022-10-26 15:01:18.385,12760,12761,12760,3,-3
2022-10-26 15:01:19.810,12759,12760,12759,1,-1
2022-10-26 15:01:19.811,12759,12760,12759,3,-3
2022-10-26 15:01:20.182,12758,12759,12759,3,3
2022-10-26 15:01:20.308,12758,12759,12759,1,1
2022-10-26 15:01:21.954,12758,12760,12758,4,-4
2022-10-26 15:01:21.955,12758,12760,12758,1,-1
2022-10-26 15:01:21.955,12758,12760,12758,4,-4
2022-10-26 15:01:21.955,12758,12760,12758,1,-1
2022-10-26 15:01:21.962,12758,12760,12758,1,-1
2022-10-26 15:01:22.313,12757,12759,12759,1,1
2022-10-26 15:01:23.881,12757,12759,12757,1,-1
2022-10-26 15:01:24.517,12757,12759,12758,1,-1
2022-10-26 15:01:24.683,12757,12759,12758,2,-2
2022-10-26 15:01:24.683,12757,12759,12759,8,8
2022-10-26 15:01:25.565,12758,12759,12758,2,-2
2022-10-26 15:01:25.658,12757,12759,12757,1,-1
2022-10-26 15:01:26.073,12757,12758,12757,1,-1
2022-10-26 15:01:27.010,12757,12759,12757,1,-1
2022-10-26 15:01:27.060,12757,12759,12757,5,-5
2022-10-26 15:01:27.061,12757,12759,12757,2,-2
2022-10-26 15:01:27.092,12756,12758,12758,1,1
2022-10-26 15:01:27.093,12756,12758,12758,1,1
2022-10-26 15:01:27.369,12756,12758,12756,17,-17
2022-10-26 15:01:27.469,12755,12757,12757,2,2
2022-10-26 15:01:28.015,12756,12757,12757,1,1
2022-10-26 15:01:29.918,12757,12758,12757,4,-4
2022-10-26 15:01:32.179,12756,12757,12757,1,1
2022-10-26 15:01:34.059,12757,12758,12758,1,1
2022-10-26 15:01:34.632,12758,12759,12758,1,-1
2022-10-26 15:01:35.111,12757,12759,12757,1,-1
2022-10-26 15:01:36.638,12758,12759,12758,1,-1
2022-10-26 15:01:38.212,12758,12759,12758,1,-1
2022-10-26 15:01:38.212,12758,12759,12758,1,-1
2022-10-26 15:01:39.568,12757,12758,12758,4,4
2022-10-26 15:01:39.568,12757,12758,12759,1,1
2022-10-26 15:01:41.963,12757,12758,12758,1,1
2022-10-26 15:01:44.670,12757,12758,12757,1,-1
2022-10-26 15:01:44.670,12757,12758,12757,2,-2
2022-10-26 15:01:44.762,12756,12757,12757,1,1
2022-10-26 15:01:48.979,12757,12758,12757,2,-2
2022-10-26 15:01:49.040,12757,12758,12757,5,-5
2022-10-26 15:01:49.046,12757,12758,12757,5,-5
2022-10-26 15:01:49.057,12757,12758,12756,5,-5
2022-10-26 15:01:51.638,12756,12758,12756,1,-1
2022-10-26 15:01:55.149,12757,12758,12758,1,1
2022-10-26 15:01:55.914,12758,12759,12759,4,4
2022-10-26 15:01:55.914,12758,12759,12759,1,1
2022-10-26 15:01:55.953,12758,12759,12760,4,4
2022-10-26 15:01:56.045,12759,12760,12760,1,1
2022-10-26 15:01:56.092,12759,12761,12761,3,3
2022-10-26 15:01:56.092,12759,12761,12762,10,10
2022-10-26 15:01:56.286,12761,12762,12760,1,-1
2022-10-26 15:01:56.336,12761,12762,12760,1,-1
2022-10-26 15:01:56.533,12760,12761,12760,1,-1
2022-10-26 15:01:58.477,12760,12761,12761,1,1
2022-10-26 15:01:59.241,12760,12762,12760,1,-1
2022-10-26 15:02:00.011,12760,12761,12760,1,-1
2022-10-26 15:02:00.093,12759,12760,12760,1,1
2022-10-26 15:02:00.233,12759,12760,12760,4,4
2022-10-26 15:02:00.257,12759,12760,12760,1,1
2022-10-26 15:02:00.705,12759,12760,12760,10,10
2022-10-26 15:02:00.706,12759,12760,12760,3,3
2022-10-26 15:02:01.266,12761,12762,12761,1,-1
2022-10-26 15:02:01.465,12761,12762,12761,1,-1
2022-10-26 15:02:01.590,12761,12762,12761,1,-1
2022-10-26 15:02:01.703,12761,12762,12762,1,1
2022-10-26 15:02:01.703,12761,12762,12762,6,6
2022-10-26 15:02:01.703,12761,12762,12762,4,4
2022-10-26 15:02:01.703,12761,12762,12762,2,2
2022-10-26 15:02:01.703,12761,12762,12762,2,2
2022-10-26 15:02:02.071,12762,12763,12763,7,7
2022-10-26 15:02:02.275,12763,12764,12763,1,-1
2022-10-26 15:02:02.351,12762,12764,12762,3,-3
2022-10-26 15:02:02.367,12762,12764,12762,1,-1
2022-10-26 15:02:02.829,12762,12763,12763,9,9
2022-10-26 15:02:03.455,12763,12764,12763,1,-1
2022-10-26 15:02:04.903,12763,12764,12764,1,1
2022-10-26 15:02:04.903,12763,12764,12764,1,1
2022-10-26 15:02:04.903,12763,12764,12764,10,10
2022-10-26 15:02:05.033,12764,12765,12764,1,-1
2022-10-26 15:02:05.733,12764,12765,12764,1,-1
2022-10-26 15:02:06.110,12764,12765,12765,1,1
2022-10-26 15:02:06.268,12764,12765,12765,5,5
2022-10-26 15:02:06.268,12764,12765,12765,2,2
2022-10-26 15:02:07.046,12765,12766,12765,1,-1
2022-10-26 15:02:07.190,12765,12766,12765,1,-1
2022-10-26 15:02:07.591,12765,12766,12766,1,1
2022-10-26 15:02:07.591,12765,12766,12766,2,2
2022-10-26 15:02:07.591,12765,12766,12766,1,1
2022-10-26 15:02:07.591,12765,12766,12766,1,1
2022-10-26 15:02:07.591,12765,12766,12766,2,2
2022-10-26 15:02:07.591,12765,12766,12766,6,6
2022-10-26 15:02:07.591,12765,12766,12766,1,1
2022-10-26 15:02:07.591,12765,12766,12766,3,3
2022-10-26 15:02:07.638,12765,12766,12766,1,1
2022-10-26 15:02:07.847,12765,12767,12767,1,1
2022-10-26 15:02:07.885,12765,12767,12767,1,1
2022-10-26 15:02:07.888,12765,12767,12766,1,1
2022-10-26 15:02:08.000,12765,12767,12767,1,1
2022-10-26 15:02:08.069,12765,12767,12767,1,1
2022-10-26 15:02:08.155,12765,12767,12767,1,1
2022-10-26 15:02:08.581,12765,12767,12767,1,1
2022-10-26 15:02:09.283,12765,12767,12767,1,1
2022-10-26 15:02:09.300,12765,12767,12765,1,-1
2022-10-26 15:02:09.711,12765,12767,12767,1,1
2022-10-26 15:02:10.596,12765,12767,12765,3,-3
2022-10-26 15:02:10.876,12765,12767,12767,2,2
2022-10-26 15:02:11.818,12765,12766,12766,6,6
2022-10-26 15:02:11.819,12765,12766,12766,4,4
2022-10-26 15:02:12.514,12765,12766,12766,1,1
2022-10-26 15:02:12.721,12766,12767,12766,1,-1
2022-10-26 15:02:13.010,12766,12767,12767,3,3
2022-10-26 15:02:13.016,12766,12767,12767,1,1
2022-10-26 15:02:13.125,12767,12768,12767,1,-1
2022-10-26 15:02:13.335,12766,12768,12766,1,-1
2022-10-26 15:02:14.411,12766,12767,12766,2,-2
2022-10-26 15:02:14.412,12766,12767,12766,1,-1
2022-10-26 15:02:14.412,12766,12767,12766,7,-7
2022-10-26 15:02:14.486,12765,12767,12765,1,-1
2022-10-26 15:02:14.657,12765,12767,12765,1,-1
2022-10-26 15:02:14.783,12765,12766,12765,1,-1
2022-10-26 15:02:16.021,12764,12766,12766,1,1
2022-10-26 15:02:17.323,12765,12767,12767,1,1
2022-10-26 15:02:17.526,12765,12767,12765,1,-1
2022-10-26 15:02:18.148,12765,12766,12766,1,1
2022-10-26 15:02:19.349,12766,12767,12766,3,-3
2022-10-26 15:02:19.349,12766,12767,12765,16,-16
2022-10-26 15:02:19.349,12766,12767,12764,7,-7
2022-10-26 15:02:19.491,12764,12766,12764,2,-2
2022-10-26 15:02:19.646,12764,12766,12765,6,-6
2022-10-26 15:02:19.646,12764,12766,12766,4,4
2022-10-26 15:02:20.207,12765,12766,12766,7,7
2022-10-26 15:02:20.255,12765,12766,12766,2,2
2022-10-26 15:02:20.255,12765,12766,12766,1,1
2022-10-26 15:02:21.031,12765,12766,12766,1,1
2022-10-26 15:02:21.032,12765,12766,12766,1,1
2022-10-26 15:02:21.861,12765,12766,12766,2,2
2022-10-26 15:02:25.881,12765,12766,12766,1,1
2022-10-26 15:02:26.088,12765,12767,12765,1,-1
2022-10-26 15:02:27.636,12766,12767,12766,1,-1
2022-10-26 15:02:27.733,12766,12767,12767,1,1
2022-10-26 15:02:29.875,12766,12767,12766,1,-1
2022-10-26 15:02:29.987,12766,12767,12766,1,-1
2022-10-26 15:02:31.037,12766,12767,12766,1,-1
2022-10-26 15:02:31.908,12766,12767,12766,1,-1
2022-10-26 15:02:31.941,12766,12767,12766,9,-9
2022-10-26 15:02:32.290,12765,12766,12765,2,-2
2022-10-26 15:02:34.074,12764,12766,12766,4,4
2022-10-26 15:02:36.220,12765,12766,12766,2,2
2022-10-26 15:02:36.416,12765,12766,12765,1,-1
2022-10-26 15:02:36.926,12765,12766,12766,1,1
2022-10-26 15:02:36.926,12765,12766,12767,1,1
2022-10-26 15:02:37.347,12764,12766,12764,1,-1
2022-10-26 15:02:37.576,12764,12766,12765,1,-1
2022-10-26 15:02:38.374,12764,12766,12765,2,-2
2022-10-26 15:02:39.223,12764,12766,12764,1,-1
2022-10-26 15:02:39.303,12764,12766,12764,1,-1
2022-10-26 15:02:40.378,12764,12765,12765,1,1
2022-10-26 15:02:40.378,12764,12765,12766,1,1
2022-10-26 15:02:40.942,12764,12765,12765,4,4
2022-10-26 15:02:40.942,12764,12765,12766,1,1
2022-10-26 15:02:41.487,12764,12765,12765,1,1
2022-10-26 15:02:41.759,12764,12766,12766,1,1
2022-10-26 15:02:41.947,12764,12766,12766,1,1
2022-10-26 15:02:42.079,12764,12766,12766,1,1
2022-10-26 15:02:44.658,12765,12766,12765,1,-1
2022-10-26 15:02:45.187,12765,12766,12766,2,2
2022-10-26 15:02:45.418,12765,12766,12766,4,4
2022-10-26 15:02:45.823,12766,12767,12766,1,-1
2022-10-26 15:02:46.245,12765,12767,12767,2,2
2022-10-26 15:02:46.494,12766,12767,12767,3,3
2022-10-26 15:02:46.624,12766,12768,12766,1,-1
2022-10-26 15:02:46.856,12766,12768,12766,1,-1
2022-10-26 15:02:46.922,12766,12768,12768,2,2
2022-10-26 15:02:50.494,12766,12768,12768,1,1
2022-10-26 15:02:51.849,12766,12768,12768,3,3
2022-10-26 15:02:52.150,12767,12768,12768,10,10
2022-10-26 15:02:52.445,12768,12769,12768,6,-6
2022-10-26 15:02:52.848,12766,12767,12766,1,-1
2022-10-26 15:02:55.151,12765,12767,12765,1,-1
2022-10-26 15:02:57.267,12766,12767,12766,10,-10
2022-10-26 15:02:57.268,12766,12767,12766,1,-1
2022-10-26 15:02:58.070,12766,12767,12766,1,-1
2022-10-26 15:02:59.102,12766,12767,12766,5,-5
2022-10-26 15:02:59.102,12766,12767,12766,1,-1
2022-10-26 15:02:59.382,12765,12766,12766,1,1
2022-10-26 15:02:59.383,12765,12766,12766,1,1
2022-10-26 15:03:00.090,12765,12767,12767,1,1
2022-10-26 15:03:00.096,12765,12767,12767,1,1
2022-10-26 15:03:00.127,12765,12767,12767,2,2
2022-10-26 15:03:00.185,12765,12767,12767,2,2
2022-10-26 15:03:00.369,12766,12768,12768,1,1
2022-10-26 15:03:00.370,12766,12768,12768,2,2
2022-10-26 15:03:00.378,12766,12768,12768,1,1
2022-10-26 15:03:01.964,12765,12766,12765,3,-3
2022-10-26 15:03:01.965,12765,12766,12765,1,-1
2022-10-26 15:03:01.965,12765,12766,12765,1,-1
2022-10-26 15:03:02.329,12764,12766,12764,1,-1
2022-10-26 15:03:02.838,12764,12765,12764,3,-3
2022-10-26 15:03:02.838,12764,12765,12764,1,-1
2022-10-26 15:03:02.873,12763,12764,12764,1,1
2022-10-26 15:03:03.959,12763,12765,12765,1,1
2022-10-26 15:03:04.076,12764,12765,12765,2,2
2022-10-26 15:03:04.262,12764,12765,12765,1,1
2022-10-26 15:03:04.464,12764,12765,12764,3,-3
2022-10-26 15:03:04.956,12763,12764,12764,1,1
2022-10-26 15:03:07.209,12763,12764,12763,1,-1
2022-10-26 15:03:10.433,12763,12764,12764,3,3
2022-10-26 15:03:10.529,12763,12764,12763,14,-14
2022-10-26 15:03:10.529,12763,12764,12763,1,-1
2022-10-26 15:03:11.471,12762,12763,12762,1,-1
2022-10-26 15:03:11.471,12762,12763,12762,1,-1
2022-10-26 15:03:11.951,12761,12762,12761,2,-2
2022-10-26 15:03:13.014,12760,12761,12761,1,1
2022-10-26 15:03:17.275,12762,12763,12763,1,1
2022-10-26 15:03:17.387,12762,12764,12762,1,-1
2022-10-26 15:03:18.886,12762,12763,12763,1,1
2022-10-26 15:03:19.070,12763,12764,12763,1,-1
2022-10-26 15:03:19.086,12763,12764,12763,1,-1
2022-10-26 15:03:19.797,12762,12764,12762,1,-1
2022-10-26 15:03:21.351,12762,12763,12763,1,1
2022-10-26 15:03:22.661,12762,12764,12764,2,2
2022-10-26 15:03:24.764,12762,12763,12763,1,1
2022-10-26 15:03:24.764,12762,12763,12763,1,1
2022-10-26 15:03:25.461,12763,12764,12763,1,-1
2022-10-26 15:03:26.270,12763,12764,12763,2,-2
2022-10-26 15:03:27.919,12763,12764,12764,2,2
2022-10-26 15:03:29.760,12764,12765,12765,4,4
2022-10-26 15:03:29.774,12764,12765,12766,4,4
2022-10-26 15:03:29.942,12766,12767,12767,7,7
2022-10-26 15:03:30.124,12766,12768,12768,5,5
2022-10-26 15:03:31.184,12768,12769,12769,10,10
2022-10-26 15:03:31.355,12768,12769,12769,1,1
2022-10-26 15:03:31.356,12768,12769,12769,4,4
2022-10-26 15:03:31.357,12768,12769,12770,1,1
2022-10-26 15:03:31.443,12768,12769,12769,1,1
2022-10-26 15:03:31.513,12769,12770,12770,1,1
2022-10-26 15:03:32.035,12769,12770,12768,1,-1
2022-10-26 15:03:32.584,12768,12770,12769,1,-1
2022-10-26 15:03:33.432,12769,12770,12770,3,3
2022-10-26 15:03:33.433,12769,12770,12770,3,3
2022-10-26 15:03:33.433,12769,12770,12770,1,1
2022-10-26 15:03:33.433,12769,12770,12770,6,6
2022-10-26 15:03:34.835,12770,12771,12770,3,-3
2022-10-26 15:03:34.835,12770,12771,12769,2,-2
2022-10-26 15:03:35.679,12769,12771,12769,1,-1
2022-10-26 15:03:36.569,12768,12769,12769,1,1
2022-10-26 15:03:36.719,12768,12769,12768,1,-1
2022-10-26 15:03:37.170,12768,12769,12768,1,-1
2022-10-26 15:03:37.782,12768,12769,12768,1,-1
2022-10-26 15:03:39.040,12767,12769,12769,1,1
2022-10-26 15:03:43.537,12769,12770,12769,1,-1
2022-10-26 15:03:44.640,12769,12770,12770,1,1
2022-10-26 15:03:46.085,12769,12770,12769,3,-3
2022-10-26 15:03:46.233,12769,12770,12769,5,-5
2022-10-26 15:03:46.496,12769,12770,12769,2,-2
2022-10-26 15:03:46.629,12768,12769,12769,1,1
2022-10-26 15:03:46.998,12768,12769,12769,1,1
2022-10-26 15:03:47.482,12769,12770,12769,1,-1
2022-10-26 15:03:47.596,12768,12770,12770,1,1
2022-10-26 15:03:48.735,12768,12770,12768,1,-1
2022-10-26 15:03:48.830,12768,12770,12770,1,1
2022-10-26 15:03:48.952,12768,12770,12769,1,1
2022-10-26 15:03:51.758,12768,12769,12769,1,1
2022-10-26 15:03:53.182,12769,12770,12770,3,3
2022-10-26 15:03:53.340,12769,12770,12770,1,1
2022-10-26 15:03:53.791,12769,12771,12769,1,-1
2022-10-26 15:03:53.904,12769,12771,12769,3,-3
2022-10-26 15:03:57.396,12770,12771,12771,1,1
2022-10-26 15:03:57.397,12770,12771,12771,5,5
2022-10-26 15:03:57.397,12770,12771,12771,8,8
2022-10-26 15:03:57.397,12770,12771,12771,3,3
2022-10-26 15:03:57.616,12770,12772,12770,1,-1
2022-10-26 15:03:57.993,12770,12772,12770,1,-1
2022-10-26 15:04:00.826,12770,12771,12771,4,4
2022-10-26 15:04:01.071,12770,12772,12772,1,1
2022-10-26 15:04:02.426,12770,12772,12770,1,-1
2022-10-26 15:04:04.023,12771,12772,12772,5,5
2022-10-26 15:04:05.698,12771,12772,12772,1,1
2022-10-26 15:04:06.010,12771,12772,12771,4,-4
2022-10-26 15:04:06.145,12770,12771,12771,1,1
2022-10-26 15:04:06.731,12770,12771,12770,1,-1
2022-10-26 15:04:06.732,12770,12771,12770,2,-2
2022-10-26 15:04:07.581,12770,12772,12770,1,-1
2022-10-26 15:04:07.776,12770,12772,12772,1,1
2022-10-26 15:04:07.797,12770,12772,12770,1,-1
2022-10-26 15:04:09.677,12770,12771,12771,1,1
2022-10-26 15:04:10.591,12770,12772,12772,3,3
2022-10-26 15:04:12.389,12771,12772,12771,1,-1
2022-10-26 15:04:14.595,12770,12771,12770,2,-2
2022-10-26 15:04:14.667,12770,12771,12769,1,-1
2022-10-26 15:04:14.667,12770,12771,12769,2,-2
2022-10-26 15:04:14.901,12769,12770,12769,1,-1
2022-10-26 15:04:14.902,12769,12770,12769,2,-2
2022-10-26 15:04:15.069,12769,12770,12769,1,-1
2022-10-26 15:04:15.069,12769,12770,12769,1,-1
2022-10-26 15:04:15.069,12769,12770,12769,2,-2
2022-10-26 15:04:15.069,12769,12770,12769,4,-4
2022-10-26 15:04:15.069,12769,12770,12769,2,-2
2022-10-26 15:04:15.292,12768,12769,12769,1,1
2022-10-26 15:04:15.470,12768,12769,12769,1,1
2022-10-26 15:04:16.017,12768,12769,12769,1,1
2022-10-26 15:04:17.804,12768,12769,12768,1,-1
2022-10-26 15:04:17.812,12768,12769,12768,4,-4
2022-10-26 15:04:19.884,12767,12769,12769,10,10
2022-10-26 15:04:21.095,12767,12769,12769,3,3
2022-10-26 15:04:21.626,12767,12769,12769,1,1
2022-10-26 15:04:21.729,12767,12769,12769,1,1
2022-10-26 15:04:23.109,12767,12769,12767,2,-2
2022-10-26 15:04:26.573,12767,12769,12767,1,-1
2022-10-26 15:04:28.064,12767,12769,12767,1,-1
2022-10-26 15:04:33.597,12767,12768,12767,1,-1
2022-10-26 15:04:34.247,12766,12767,12766,5,-5
2022-10-26 15:04:34.671,12765,12766,12765,1,-1
2022-10-26 15:04:36.050,12765,12766,12766,1,1
2022-10-26 15:04:36.341,12765,12767,12767,1,1
2022-10-26 15:04:37.535,12765,12767,12765,1,-1
2022-10-26 15:04:40.255,12765,12766,12766,1,1
2022-10-26 15:04:45.734,12765,12767,12767,1,1
2022-10-26 15:04:47.994,12766,12767,12767,2,2
2022-10-26 15:04:47.994,12766,12767,12767,1,1
2022-10-26 15:04:47.995,12766,12767,12767,1,1
2022-10-26 15:04:48.852,12766,12768,12766,2,-2
2022-10-26 15:04:49.214,12767,12768,12768,1,1
2022-10-26 15:04:49.680,12767,12768,12767,1,-1
2022-10-26 15:04:50.067,12767,12768,12768,3,3
2022-10-26 15:04:52.410,12767,12769,12767,2,-2
2022-10-26 15:04:53.539,12766,12768,12768,1,1
2022-10-26 15:04:54.024,12766,12768,12768,1,1
2022-10-26 15:04:55.244,12766,12768,12766,1,-1
2022-10-26 15:05:01.577,12766,12768,12768,1,1
2022-10-26 15:05:01.759,12766,12768,12766,1,-1
2022-10-26 15:05:02.448,12766,12768,12766,9,-9
2022-10-26 15:05:03.936,12765,12767,12765,1,-1
2022-10-26 15:05:05.593,12766,12768,12766,1,-1
2022-10-26 15:05:06.411,12766,12767,12766,11,-11
2022-10-26 15:05:08.846,12765,12766,12765,1,-1
2022-10-26 15:05:08.846,12765,12766,12765,1,-1
2022-10-26 15:05:08.846,12765,12766,12765,4,-4
2022-10-26 15:05:08.846,12765,12766,12765,1,-1
2022-10-26 15:05:08.846,12765,12766,12765,2,-2
2022-10-26 15:05:08.846,12765,12766,12765,2,-2
2022-10-26 15:05:08.847,12765,12766,12765,1,-1
2022-10-26 15:05:08.847,12765,12766,12765,2,-2
2022-10-26 15:05:09.373,12764,12766,12766,1,1
2022-10-26 15:05:09.635,12764,12766,12766,1,1
2022-10-26 15:05:12.571,12764,12765,12764,1,-1
2022-10-26 15:05:12.571,12764,12765,12764,1,-1
2022-10-26 15:05:12.571,12764,12765,12764,2,-2
2022-10-26 15:05:15.254,12763,12764,12763,3,-3
2022-10-26 15:05:16.219,12762,12763,12763,2,2
2022-10-26 15:05:18.590,12762,12764,12762,1,-1
2022-10-26 15:05:18.912,12762,12763,12763,1,1
2022-10-26 15:05:24.641,12762,12763,12762,1,-1
2022-10-26 15:05:27.135,12762,12763,12762,2,-2
2022-10-26 15:05:30.375,12762,12763,12763,1,1
2022-10-26 15:05:30.375,12762,12763,12763,2,2
2022-10-26 15:05:30.375,12762,12763,12763,1,1
2022-10-26 15:05:31.541,12763,12764,12763,1,-1
2022-10-26 15:05:32.368,12762,12763,12762,1,-1
2022-10-26 15:05:32.777,12762,12763,12762,2,-2
2022-10-26 15:05:32.825,12762,12763,12763,1,1
2022-10-26 15:05:35.675,12762,12763,12762,7,-7
2022-10-26 15:05:36.464,12760,12762,12762,1,1
2022-10-26 15:05:37.053,12760,12762,12760,4,-4
2022-10-26 15:05:39.409,12760,12761,12761,3,3
2022-10-26 15:05:39.465,12760,12761,12760,1,-1
2022-10-26 15:05:39.661,12760,12761,12760,1,-1
2022-10-26 15:05:39.890,12760,12762,12760,1,-1
2022-10-26 15:05:40.134,12760,12761,12760,1,-1
2022-10-26 15:05:41.730,12760,12762,12760,1,-1
2022-10-26 15:05:42.378,12761,12762,12761,2,-2
2022-10-26 15:05:43.169,12761,12762,12761,1,-1
2022-10-26 15:05:48.106,12761,12762,12761,1,-1
2022-10-26 15:05:50.038,12760,12761,12761,1,1
2022-10-26 15:05:51.882,12761,12762,12761,1,-1
2022-10-26 15:05:53.683,12761,12762,12761,2,-2
2022-10-26 15:05:53.781,12761,12762,12761,1,-1
2022-10-26 15:05:53.782,12761,12762,12761,7,-7
2022-10-26 15:05:55.385,12760,12761,12760,1,-1
2022-10-26 15:05:55.385,12760,12761,12760,1,-1
2022-10-26 15:05:55.385,12760,12761,12760,4,-4
2022-10-26 15:05:55.385,12760,12761,12760,6,-6
2022-10-26 15:05:55.386,12760,12761,12760,4,-4
2022-10-26 15:05:55.556,12759,12761,12759,1,-1
2022-10-26 15:05:55.560,12759,12761,12759,1,-1
2022-10-26 15:05:57.913,12759,12761,12761,1,1
2022-10-26 15:05:59.875,12761,12762,12762,4,4
2022-10-26 15:06:02.147,12762,12763,12763,1,1
2022-10-26 15:06:02.147,12762,12763,12763,2,2
2022-10-26 15:06:02.148,12762,12763,12763,6,6
2022-10-26 15:06:02.823,12763,12764,12763,1,-1
2022-10-26 15:06:10.739,12763,12764,12764,1,1
2022-10-26 15:06:11.474,12763,12764,12763,1,-1
2022-10-26 15:06:11.733,12763,12764,12764,1,1
2022-10-26 15:06:13.291,12763,12764,12764,1,1
2022-10-26 15:06:14.453,12763,12765,12764,3,3
2022-10-26 15:06:15.353,12764,12765,12765,2,2
2022-10-26 15:06:15.399,12764,12765,12765,5,5
2022-10-26 15:06:18.207,12765,12766,12765,1,-1
2022-10-26 15:06:18.215,12764,12765,12764,1,-1
2022-10-26 15:06:23.108,12764,12765,12765,1,1
2022-10-26 15:06:24.528,12764,12766,12764,2,-2
2022-10-26 15:06:27.138,12765,12766,12765,1,-1
2022-10-26 15:06:27.954,12764,12765,12765,1,1
2022-10-26 15:06:33.893,12764,12765,12764,7,-7
2022-10-26 15:06:33.894,12764,12765,12764,1,-1
2022-10-26 15:06:34.122,12763,12764,12764,1,1
2022-10-26 15:06:34.123,12763,12764,12763,13,-13
2022-10-26 15:06:37.868,12762,12764,12762,1,-1
2022-10-26 15:06:40.836,12763,12765,12763,3,-3
2022-10-26 15:06:44.149,12763,12764,12764,1,1
2022-10-26 15:06:44.160,12763,12764,12763,1,-1
2022-10-26 15:06:44.530,12763,12765,12763,1,-1
2022-10-26 15:06:46.822,12763,12764,12764,1,1
2022-10-26 15:06:49.991,12764,12765,12765,1,1
2022-10-26 15:06:50.572,12764,12765,12765,1,1
2022-10-26 15:06:55.369,12763,12764,12764,1,1
2022-10-26 15:06:59.589,12763,12764,12764,1,1
2022-10-26 15:07:01.807,12764,12766,12764,1,-1
2022-10-26 15:07:03.866,12765,12766,12766,2,2
2022-10-26 15:07:03.866,12765,12766,12766,4,4
2022-10-26 15:07:03.866,12765,12766,12766,1,1
2022-10-26 15:07:03.866,12765,12766,12766,4,4
2022-10-26 15:07:03.866,12765,12766,12766,1,1
2022-10-26 15:07:04.543,12765,12767,12767,2,2
2022-10-26 15:07:06.897,12766,12768,12766,1,-1
2022-10-26 15:07:07.114,12766,12768,12768,1,1
2022-10-26 15:07:07.116,12766,12768,12768,1,1
2022-10-26 15:07:07.458,12766,12768,12766,1,-1
2022-10-26 15:07:07.780,12766,12768,12768,4,4
2022-10-26 15:07:08.843,12767,12768,12767,1,-1
2022-10-26 15:07:12.130,12765,12767,12767,1,1
2022-10-26 15:07:12.337,12765,12767,12767,1,1
2022-10-26 15:07:12.532,12765,12767,12767,1,1
2022-10-26 15:07:12.582,12765,12767,12766,5,5
2022-10-26 15:07:12.743,12766,12768,12768,1,1
2022-10-26 15:07:14.035,12766,12768,12767,1,1
2022-10-26 15:07:15.570,12767,12768,12767,1,-1
2022-10-26 15:07:15.617,12767,12768,12768,1,1
2022-10-26 15:07:16.201,12767,12768,12768,2,2
2022-10-26 15:07:17.160,12768,12769,12769,4,4
2022-10-26 15:07:17.165,12768,12769,12770,1,1
2022-10-26 15:07:17.214,12769,12770,12769,1,-1
2022-10-26 15:07:17.691,12769,12770,12770,4,4
2022-10-26 15:07:17.691,12769,12770,12770,1,1
2022-10-26 15:07:19.385,12770,12771,12771,1,1
2022-10-26 15:07:20.824,12770,12771,12771,1,1
2022-10-26 15:07:20.894,12770,12771,12771,4,4
2022-10-26 15:07:21.033,12770,12772,12770,1,-1
2022-10-26 15:07:21.068,12770,12772,12770,1,-1
2022-10-26 15:07:21.180,12770,12772,12771,1,-1
2022-10-26 15:07:22.348,12771,12772,12772,1,1
2022-10-26 15:07:22.348,12771,12772,12772,8,8
2022-10-26 15:07:22.348,12771,12772,12772,7,7
2022-10-26 15:07:22.348,12771,12772,12772,3,3
2022-10-26 15:07:22.349,12771,12772,12772,4,4
2022-10-26 15:07:22.349,12771,12772,12772,1,1
2022-10-26 15:07:22.349,12771,12772,12772,2,2
2022-10-26 15:07:22.349,12771,12772,12772,1,1
2022-10-26 15:07:22.349,12771,12772,12772,3,3
2022-10-26 15:07:22.349,12771,12772,12772,2,2
2022-10-26 15:07:22.349,12771,12772,12772,1,1
2022-10-26 15:07:22.349,12771,12772,12772,4,4
2022-10-26 15:07:22.349,12771,12772,12772,5,5
2022-10-26 15:07:22.349,12771,12772,12772,1,1
2022-10-26 15:07:22.359,12771,12772,12772,1,1
2022-10-26 15:07:22.532,12772,12773,12772,1,-1
2022-10-26 15:07:22.613,12772,12773,12772,1,-1
2022-10-26 15:07:23.028,12771,12773,12772,1,-1
2022-10-26 15:07:23.513,12772,12773,12773,4,4
2022-10-26 15:07:23.514,12772,12773,12773,1,1
2022-10-26 15:07:23.753,12772,12774,12773,1,1
2022-10-26 15:07:23.757,12772,12774,12774,4,4
2022-10-26 15:07:23.800,12772,12774,12774,1,1
2022-10-26 15:07:23.861,12774,12775,12774,1,-1
2022-10-26 15:07:23.861,12774,12775,12773,9,-9
2022-10-26 15:07:23.931,12774,12775,12775,1,1
2022-10-26 15:07:24.873,12772,12773,12773,1,1
2022-10-26 15:07:25.860,12772,12773,12772,1,-1
2022-10-26 15:07:27.984,12769,12771,12771,1,1
2022-10-26 15:07:28.164,12769,12771,12771,1,1
2022-10-26 15:07:28.867,12771,12772,12771,1,-1
2022-10-26 15:07:29.708,12770,12772,12772,1,1
2022-10-26 15:07:31.131,12770,12771,12771,1,1
2022-10-26 15:07:32.972,12770,12771,12770,1,-1
2022-10-26 15:07:33.310,12769,12770,12769,2,-2
2022-10-26 15:07:33.310,12769,12770,12769,1,-1
2022-10-26 15:07:35.139,12768,12769,12769,1,1
2022-10-26 15:07:36.655,12769,12771,12769,1,-1
2022-10-26 15:07:37.028,12769,12770,12768,3,-3
2022-10-26 15:07:37.096,12768,12769,12769,2,2
2022-10-26 15:07:37.187,12768,12769,12769,2,2
2022-10-26 15:07:37.215,12769,12770,12769,1,-1
2022-10-26 15:07:39.053,12768,12769,12769,1,1
2022-10-26 15:07:40.934,12769,12771,12769,1,-1
2022-10-26 15:07:42.586,12768,12770,12768,1,-1
2022-10-26 15:07:43.907,12766,12768,12768,1,1
2022-10-26 15:07:45.606,12767,12768,12767,1,-1
2022-10-26 15:07:46.228,12766,12768,12768,15,15
2022-10-26 15:07:46.228,12766,12768,12769,26,26
2022-10-26 15:07:46.229,12766,12768,12769,9,9
2022-10-26 15:07:46.230,12766,12768,12769,1,1
2022-10-26 15:07:46.230,12766,12768,12769,1,1
2022-10-26 15:07:46.230,12766,12768,12769,1,1
2022-10-26 15:07:46.230,12766,12768,12769,1,1
2022-10-26 15:07:48.573,12769,12770,12770,2,2
2022-10-26 15:07:48.573,12769,12770,12770,1,1
2022-10-26 15:07:54.727,12769,12770,12770,1,1
2022-10-26 15:07:54.728,12769,12770,12770,1,1
2022-10-26 15:07:59.643,12769,12770,12770,1,1
2022-10-26 15:08:01.129,12769,12770,12770,1,1
2022-10-26 15:08:01.981,12769,12771,12769,1,-1
2022-10-26 15:08:03.101,12770,12771,12770,1,-1
2022-10-26 15:08:05.086,12769,12770,12770,1,1
2022-10-26 15:08:05.666,12769,12770,12770,1,1
2022-10-26 15:08:06.343,12769,12770,12770,1,1
2022-10-26 15:08:06.920,12770,12771,12770,1,-1
2022-10-26 15:08:06.920,12770,12771,12770,4,-4
2022-10-26 15:08:09.712,12769,12770,12770,1,1
2022-10-26 15:08:13.274,12770,12771,12770,1,-1
2022-10-26 15:08:14.918,12770,12771,12770,1,-1
2022-10-26 15:08:15.134,12770,12771,12770,1,-1
2022-10-26 15:08:15.513,12769,12770,12769,1,-1
2022-10-26 15:08:16.127,12768,12769,12768,4,-4
2022-10-26 15:08:16.777,12767,12768,12768,1,1
2022-10-26 15:08:16.927,12767,12768,12767,2,-2
2022-10-26 15:08:16.928,12767,12768,12767,1,-1
2022-10-26 15:08:17.040,12766,12767,12767,1,1
2022-10-26 15:08:17.303,12766,12767,12767,1,1
2022-10-26 15:08:18.168,12766,12767,12766,1,-1
2022-10-26 15:08:18.628,12766,12767,12767,1,1
2022-10-26 15:08:20.752,12766,12767,12766,1,-1
2022-10-26 15:08:21.096,12766,12767,12766,1,-1
2022-10-26 15:08:21.096,12766,12767,12766,1,-1
2022-10-26 15:08:21.097,12766,12767,12766,1,-1
2022-10-26 15:08:21.097,12766,12767,12766,1,-1
2022-10-26 15:08:21.860,12765,12766,12765,1,-1
2022-10-26 15:08:21.860,12765,12766,12765,1,-1
2022-10-26 15:08:22.544,12764,12766,12764,1,-1
2022-10-26 15:08:23.467,12764,12765,12765,1,1
2022-10-26 15:08:24.275,12764,12765,12764,1,-1
2022-10-26 15:08:24.493,12764,12765,12764,1,-1
2022-10-26 15:08:26.907,12764,12766,12764,1,-1
2022-10-26 15:08:27.461,12765,12766,12765,1,-1
2022-10-26 15:08:28.755,12765,12766,12766,2,2
2022-10-26 15:08:30.124,12765,12766,12765,1,-1
2022-10-26 15:08:30.338,12764,12766,12765,1,-1
2022-10-26 15:08:30.814,12765,12766,12766,2,2
2022-10-26 15:08:38.188,12765,12766,12766,1,1
2022-10-26 15:08:38.568,12765,12767,12766,1,1
2022-10-26 15:08:39.972,12766,12768,12766,1,-1
2022-10-26 15:08:40.565,12766,12768,12766,1,-1
2022-10-26 15:08:44.116,12766,12767,12766,1,-1
2022-10-26 15:08:50.138,12765,12766,12765,2,-2
2022-10-26 15:08:51.978,12764,12766,12764,1,-1
2022-10-26 15:08:52.398,12764,12766,12766,2,2
2022-10-26 15:08:57.375,12765,12766,12766,1,1
2022-10-26 15:08:57.432,12765,12766,12765,1,-1
2022-10-26 15:08:57.766,12766,12767,12766,1,-1
2022-10-26 15:08:57.773,12766,12767,12766,1,-1
2022-10-26 15:08:57.816,12766,12767,12767,1,1
2022-10-26 15:08:58.094,12767,12769,12767,1,-1
2022-10-26 15:09:01.442,12768,12770,12768,1,-1
2022-10-26 15:09:02.111,12768,12769,12769,1,1
2022-10-26 15:09:03.901,12769,12770,12770,6,6
2022-10-26 15:09:05.871,12770,12771,12770,1,-1
2022-10-26 15:09:06.535,12769,12770,12769,3,-3
2022-10-26 15:09:06.897,12769,12770,12770,1,1
2022-10-26 15:09:07.199,12769,12770,12770,1,1
2022-10-26 15:09:07.706,12769,12771,12769,1,-1
2022-10-26 15:09:11.555,12769,12770,12770,3,3
2022-10-26 15:09:11.632,12769,12771,12770,1,1
2022-10-26 15:09:12.056,12770,12771,12770,1,-1
2022-10-26 15:09:12.789,12770,12771,12771,2,2
2022-10-26 15:09:13.504,12770,12771,12771,4,4
2022-10-26 15:09:13.732,12771,12772,12772,3,3
2022-10-26 15:09:13.733,12771,12772,12772,9,9
2022-10-26 15:09:17.982,12772,12773,12773,2,2
2022-10-26 15:09:18.190,12772,12773,12773,1,1
2022-10-26 15:09:18.222,12772,12773,12772,1,-1
2022-10-26 15:09:18.401,12770,12772,12772,1,1
2022-10-26 15:09:18.407,12770,12772,12770,1,-1
2022-10-26 15:09:19.161,12771,12773,12773,2,2
2022-10-26 15:09:20.307,12772,12773,12773,1,1
2022-10-26 15:09:24.596,12771,12772,12771,5,-5
2022-10-26 15:09:24.727,12770,12771,12771,1,1
2022-10-26 15:09:24.972,12770,12771,12771,1,1
2022-10-26 15:09:25.107,12770,12772,12772,1,1
2022-10-26 15:09:28.323,12771,12772,12772,8,8
2022-10-26 15:09:29.479,12771,12773,12773,1,1
2022-10-26 15:09:30.185,12771,12773,12771,1,-1
2022-10-26 15:09:33.505,12772,12773,12772,1,-1
2022-10-26 15:09:35.519,12772,12773,12772,1,-1
2022-10-26 15:09:35.519,12772,12773,12772,2,-2
2022-10-26 15:09:36.808,12770,12772,12770,1,-1
2022-10-26 15:09:38.821,12770,12772,12770,1,-1
2022-10-26 15:09:40.107,12770,12772,12772,1,1
2022-10-26 15:09:41.260,12771,12772,12772,1,1
2022-10-26 15:09:41.261,12771,12772,12772,1,1
2022-10-26 15:09:43.296,12772,12773,12773,1,1
2022-10-26 15:09:43.296,12772,12773,12773,2,2
2022-10-26 15:09:43.296,12772,12773,12773,1,1
2022-10-26 15:09:43.296,12772,12773,12773,1,1
2022-10-26 15:09:43.366,12773,12774,12774,4,4
2022-10-26 15:09:43.441,12773,12774,12774,6,6
2022-10-26 15:09:43.535,12773,12774,12773,2,-2
2022-10-26 15:09:44.573,12773,12774,12774,3,3
2022-10-26 15:09:44.573,12773,12774,12774,2,2
2022-10-26 15:09:44.968,12773,12775,12773,1,-1
2022-10-26 15:09:45.096,12773,12775,12775,6,6
2022-10-26 15:09:46.263,12774,12775,12775,3,3
2022-10-26 15:09:46.264,12774,12775,12775,1,1
2022-10-26 15:09:46.264,12774,12775,12775,3,3
2022-10-26 15:09:46.264,12774,12775,12775,1,1
2022-10-26 15:09:47.050,12774,12776,12774,1,-1
2022-10-26 15:09:48.732,12773,12775,12773,1,-1
2022-10-26 15:09:49.121,12773,12775,12773,2,-2
2022-10-26 15:09:49.247,12772,12774,12772,1,-1
2022-10-26 15:09:51.906,12772,12773,12772,2,-2
2022-10-26 15:09:56.329,12772,12774,12772,2,-2
2022-10-26 15:09:56.842,12772,12773,12773,1,1
2022-10-26 15:09:56.879,12772,12773,12772,1,-1
2022-10-26 15:09:56.879,12772,12773,12772,4,-4
2022-10-26 15:09:56.879,12772,12773,12772,1,-1
2022-10-26 15:10:00.158,12771,12772,12771,1,-1
2022-10-26 15:10:00.738,12770,12771,12770,3,-3
2022-10-26 15:10:00.738,12770,12771,12770,2,-2
2022-10-26 15:10:00.739,12770,12771,12770,4,-4
2022-10-26 15:10:00.739,12770,12771,12770,1,-1
2022-10-26 15:10:00.739,12770,12771,12770,6,-6
2022-10-26 15:10:00.739,12770,12771,12770,1,-1
2022-10-26 15:10:00.739,12770,12771,12770,9,-9
2022-10-26 15:10:00.739,12770,12771,12770,12,-12
2022-10-26 15:10:00.740,12770,12771,12769,1,-1
2022-10-26 15:10:00.902,12769,12770,12770,2,2
2022-10-26 15:10:00.942,12769,12770,12769,1,-1
2022-10-26 15:10:01.347,12769,12770,12770,1,1
2022-10-26 15:10:01.611,12768,12769,12769,1,1
2022-10-26 15:10:01.890,12769,12771,12769,1,-1
2022-10-26 15:10:01.939,12769,12771,12768,1,-1
2022-10-26 15:10:05.222,12768,12769,12768,1,-1
2022-10-26 15:10:05.579,12767,12768,12767,1,-1
2022-10-26 15:10:05.580,12767,12768,12767,1,-1
2022-10-26 15:10:05.942,12766,12767,12766,2,-2
2022-10-26 15:10:07.526,12766,12767,12766,1,-1
2022-10-26 15:10:09.206,12766,12767,12766,1,-1
2022-10-26 15:10:14.362,12766,12767,12766,2,-2
2022-10-26 15:10:14.503,12765,12767,12765,2,-2
2022-10-26 15:10:16.078,12766,12767,12766,2,-2
2022-10-26 15:10:19.007,12766,12767,12766,1,-1
2022-10-26 15:10:21.008,12765,12766,12765,1,-1
2022-10-26 15:10:21.841,12765,12766,12766,1,1
2022-10-26 15:10:23.974,12765,12766,12766,1,1
2022-10-26 15:10:25.410,12765,12766,12765,1,-1
2022-10-26 15:10:26.551,12765,12766,12766,2,2
2022-10-26 15:10:27.385,12765,12766,12766,1,1
2022-10-26 15:10:33.616,12766,12767,12766,1,-1
2022-10-26 15:10:36.553,12766,12767,12766,1,-1
2022-10-26 15:10:37.978,12766,12767,12766,1,-1
2022-10-26 15:10:39.755,12765,12766,12766,1,1
2022-10-26 15:10:40.656,12765,12766,12765,5,-5
2022-10-26 15:10:42.011,12764,12765,12765,1,1
2022-10-26 15:10:42.306,12765,12766,12765,1,-1
2022-10-26 15:10:42.743,12764,12765,12764,3,-3
2022-10-26 15:10:44.993,12763,12765,12763,1,-1
2022-10-26 15:10:47.329,12764,12765,12764,1,-1
2022-10-26 15:10:47.521,12764,12765,12765,1,1
2022-10-26 15:10:48.636,12764,12765,12765,2,2
2022-10-26 15:10:51.321,12766,12767,12767,4,4
2022-10-26 15:10:53.856,12767,12768,12767,1,-1
2022-10-26 15:10:59.966,12765,12766,12766,1,1
2022-10-26 15:11:00.268,12765,12766,12766,1,1
2022-10-26 15:11:00.395,12765,12766,12766,1,1
2022-10-26 15:11:04.433,12766,12767,12766,1,-1
2022-10-26 15:11:09.216,12765,12766,12766,1,1
2022-10-26 15:11:14.448,12766,12767,12766,1,-1
2022-10-26 15:11:16.152,12765,12766,12765,5,-5
2022-10-26 15:11:16.152,12765,12766,12765,1,-1
2022-10-26 15:11:16.153,12765,12766,12765,2,-2
2022-10-26 15:11:16.153,12765,12766,12765,5,-5
2022-10-26 15:11:16.236,12764,12765,12764,1,-1
2022-10-26 15:11:18.133,12764,12765,12764,1,-1
2022-10-26 15:11:18.646,12763,12764,12763,1,-1
2022-10-26 15:11:18.646,12763,12764,12763,5,-5
2022-10-26 15:11:18.646,12763,12764,12763,4,-4
2022-10-26 15:11:18.646,12763,12764,12763,1,-1
2022-10-26 15:11:18.646,12763,12764,12763,7,-7
2022-10-26 15:11:21.814,12762,12763,12762,1,-1
2022-10-26 15:11:22.982,12762,12763,12763,1,1
2022-10-26 15:11:25.147,12764,12765,12765,2,2
2022-10-26 15:11:25.552,12765,12766,12765,1,-1
2022-10-26 15:11:27.128,12764,12766,12764,1,-1
2022-10-26 15:11:29.525,12764,12765,12765,3,3
2022-10-26 15:11:31.313,12764,12765,12764,1,-1
2022-10-26 15:11:34.992,12763,12765,12765,1,1
2022-10-26 15:11:36.138,12764,12765,12764,1,-1
2022-10-26 15:11:38.019,12764,12765,12765,3,3
2022-10-26 15:11:41.415,12764,12765,12764,2,-2
2022-10-26 15:11:50.303,12764,12765,12765,1,1
2022-10-26 15:11:53.196,12765,12766,12766,1,1
2022-10-26 15:11:55.603,12766,12767,12766,1,-1
2022-10-26 15:11:57.647,12765,12767,12767,5,5
2022-10-26 15:11:57.982,12766,12767,12767,4,4
2022-10-26 15:11:57.982,12766,12767,12768,1,1
2022-10-26 15:11:58.397,12766,12768,12768,5,5
2022-10-26 15:11:59.787,12768,12769,12768,1,-1
2022-10-26 15:11:59.788,12768,12769,12768,4,-4
2022-10-26 15:12:00.410,12767,12769,12769,3,3
2022-10-26 15:12:00.410,12767,12769,12769,2,2
2022-10-26 15:12:01.946,12768,12769,12768,1,-1
2022-10-26 15:12:03.148,12768,12769,12769,1,1
2022-10-26 15:12:03.148,12768,12769,12770,2,2
2022-10-26 15:12:04.007,12768,12770,12768,1,-1
2022-10-26 15:12:06.108,12769,12770,12769,1,-1
2022-10-26 15:12:07.316,12768,12769,12769,4,4
2022-10-26 15:12:07.923,12768,12769,12769,2,2
2022-10-26 15:12:08.061,12768,12769,12768,2,-2
2022-10-26 15:12:08.314,12766,12768,12766,1,-1
2022-10-26 15:12:08.991,12767,12768,12767,5,-5
2022-10-26 15:12:09.091,12766,12768,12768,1,1
2022-10-26 15:12:09.356,12767,12769,12767,5,-5
2022-10-26 15:12:09.810,12767,12769,12767,5,-5
2022-10-26 15:12:10.289,12766,12768,12766,5,-5
2022-10-26 15:12:10.654,12766,12768,12766,5,-5
2022-10-26 15:12:11.074,12766,12768,12766,5,-5
2022-10-26 15:12:12.146,12765,12766,12765,2,-2
2022-10-26 15:12:12.456,12764,12765,12765,1,1
2022-10-26 15:12:12.457,12764,12765,12765,1,1
2022-10-26 15:12:12.457,12764,12765,12765,1,1
2022-10-26 15:12:13.721,12765,12766,12766,1,1
2022-10-26 15:12:14.867,12765,12766,12766,4,4
2022-10-26 15:12:14.901,12765,12766,12766,1,1
2022-10-26 15:12:15.128,12765,12767,12767,2,2
2022-10-26 15:12:17.563,12766,12768,12766,3,-3
2022-10-26 15:12:17.684,12766,12768,12766,3,-3
2022-10-26 15:12:18.598,12765,12766,12766,1,1
2022-10-26 15:12:18.598,12765,12766,12766,2,2
2022-10-26 15:12:22.254,12765,12766,12766,1,1
2022-10-26 15:12:23.515,12766,12767,12767,1,1
2022-10-26 15:12:24.818,12766,12767,12766,1,-1
2022-10-26 15:12:30.549,12766,12767,12766,5,-5
2022-10-26 15:12:30.951,12766,12767,12766,2,-2
2022-10-26 15:12:30.991,12765,12767,12765,5,-5
2022-10-26 15:12:31.366,12765,12766,12765,5,-5
2022-10-26 15:12:31.804,12765,12767,12765,5,-5
2022-10-26 15:12:32.150,12765,12766,12765,5,-5
2022-10-26 15:12:32.150,12765,12766,12765,1,-1
2022-10-26 15:12:32.549,12764,12766,12764,5,-5
2022-10-26 15:12:32.884,12764,12765,12764,5,-5
2022-10-26 15:12:33.238,12764,12766,12764,5,-5
2022-10-26 15:12:34.421,12763,12764,12764,2,2
2022-10-26 15:12:34.844,12763,12764,12763,5,-5
2022-10-26 15:12:35.188,12763,12764,12763,4,-4
2022-10-26 15:12:35.189,12763,12764,12763,1,-1
2022-10-26 15:12:35.272,12762,12764,12764,1,1
2022-10-26 15:12:36.131,12763,12764,12763,4,-4
2022-10-26 15:12:36.131,12763,12764,12763,1,-1
2022-10-26 15:12:37.441,12763,12764,12763,5,-5
2022-10-26 15:12:38.247,12762,12764,12762,5,-5
2022-10-26 15:12:39.179,12762,12763,12762,5,-5
2022-10-26 15:12:40.337,12762,12763,12762,1,-1
2022-10-26 15:12:40.337,12762,12763,12762,9,-9
2022-10-26 15:12:40.337,12762,12763,12762,2,-2
2022-10-26 15:12:41.375,12761,12762,12761,9,-9
2022-10-26 15:12:41.989,12760,12761,12761,2,2
2022-10-26 15:12:43.037,12761,12763,12761,5,-5
2022-10-26 15:12:43.065,12761,12763,12761,4,-4
2022-10-26 15:12:45.585,12760,12762,12761,4,-4
2022-10-26 15:12:45.585,12760,12762,12761,5,-5
2022-10-26 15:12:46.146,12760,12761,12761,1,1
2022-10-26 15:12:48.799,12760,12761,12761,2,2
2022-10-26 15:12:50.234,12761,12762,12761,1,-1
2022-10-26 15:12:55.604,12761,12762,12761,1,-1
2022-10-26 15:13:00.947,12760,12762,12761,1,-1
2022-10-26 15:13:01.636,12761,12763,12761,1,-1
2022-10-26 15:13:03.949,12762,12763,12762,1,-1
2022-10-26 15:13:04.214,12762,12763,12762,2,-2
2022-10-26 15:13:10.532,12762,12763,12762,1,-1
2022-10-26 15:13:14.215,12762,12763,12762,1,-1
2022-10-26 15:13:16.686,12762,12763,12762,1,-1
2022-10-26 15:13:18.725,12762,12763,12763,1,1
2022-10-26 15:13:23.804,12762,12763,12763,3,3
2022-10-26 15:13:25.789,12763,12764,12763,1,-1
2022-10-26 15:13:29.574,12763,12764,12763,1,-1
2022-10-26 15:13:30.961,12763,12764,12763,2,-2
2022-10-26 15:13:32.219,12763,12764,12763,1,-1
2022-10-26 15:13:34.272,12762,12763,12763,2,2
2022-10-26 15:13:35.257,12763,12764,12764,1,1
2022-10-26 15:13:38.129,12762,12763,12763,1,1
2022-10-26 15:13:41.933,12762,12763,12762,4,-4
2022-10-26 15:13:49.104,12761,12762,12762,1,1
2022-10-26 15:13:49.304,12761,12762,12762,1,1
2022-10-26 15:13:58.260,12761,12762,12762,1,1
2022-10-26 15:14:05.227,12762,12763,12762,2,-2
2022-10-26 15:14:05.386,12762,12763,12763,1,1
2022-10-26 15:14:08.855,12763,12764,12763,1,-1
2022-10-26 15:14:09.454,12763,12764,12764,1,1
2022-10-26 15:14:10.959,12764,12765,12765,2,2
2022-10-26 15:14:14.492,12764,12766,12764,1,-1
2022-10-26 15:14:21.772,12765,12766,12766,1,1
2022-10-26 15:14:23.670,12766,12767,12767,1,1
2022-10-26 15:14:25.476,12766,12768,12766,3,-3
2022-10-26 15:14:29.164,12766,12767,12766,1,-1
2022-10-26 15:14:29.524,12764,12766,12766,1,1
2022-10-26 15:14:29.815,12764,12766,12766,1,1
2022-10-26 15:14:32.760,12764,12765,12765,1,1
2022-10-26 15:14:35.632,12765,12766,12765,1,-1
2022-10-26 15:14:44.487,12764,12765,12765,1,1
2022-10-26 15:14:53.711,12765,12766,12765,4,-4
2022-10-26 15:14:53.711,12765,12766,12765,1,-1
2022-10-26 15:14:55.694,12764,12765,12765,4,4
2022-10-26 15:14:57.203,12764,12765,12764,1,-1
2022-10-26 15:14:57.203,12764,12765,12764,1,-1
2022-10-26 15:14:57.203,12764,12765,12764,1,-1
2022-10-26 15:15:04.176,12764,12766,12764,1,-1
2022-10-26 15:15:04.512,12764,12766,12764,5,-5
2022-10-26 15:15:04.512,12764,12766,12763,1,-1
2022-10-26 15:15:04.627,12763,12765,12763,1,-1
2022-10-26 15:15:10.415,12765,12766,12766,1,1
2022-10-26 15:15:11.200,12766,12767,12767,1,1
2022-10-26 15:15:11.200,12766,12767,12767,1,1
2022-10-26 15:15:11.200,12766,12767,12767,2,2
2022-10-26 15:15:14.254,12767,12768,12767,2,-2
2022-10-26 15:15:14.255,12767,12768,12767,2,-2
2022-10-26 15:15:16.813,12766,12767,12767,1,1
2022-10-26 15:15:20.020,12766,12767,12767,1,1
2022-10-26 15:15:25.152,12767,12768,12768,1,1
2022-10-26 15:15:25.154,12767,12768,12768,3,3
2022-10-26 15:15:40.350,12767,12768,12768,1,1
2022-10-26 15:15:40.869,12768,12769,12769,5,5
2022-10-26 15:15:40.869,12768,12769,12770,20,20
2022-10-26 15:15:41.034,12770,12771,12770,1,-1
2022-10-26 15:15:41.991,12770,12771,12771,1,1
2022-10-26 15:15:46.028,12770,12771,12771,2,2
2022-10-26 15:15:49.229,12770,12771,12771,1,1
2022-10-26 15:15:50.056,12770,12771,12771,2,2
2022-10-26 15:15:52.489,12770,12771,12770,2,-2
2022-10-26 15:15:52.490,12770,12771,12770,1,-1
2022-10-26 15:15:52.490,12770,12771,12770,1,-1
2022-10-26 15:15:52.490,12770,12771,12770,1,-1
2022-10-26 15:15:52.490,12770,12771,12770,7,-7
2022-10-26 15:15:52.490,12770,12771,12770,1,-1
2022-10-26 15:15:52.490,12770,12771,12770,6,-6
2022-10-26 15:15:52.490,12770,12771,12770,1,-1
2022-10-26 15:15:52.491,12770,12771,12770,5,-5
2022-10-26 15:15:52.491,12770,12771,12770,1,-1
2022-10-26 15:15:52.491,12770,12771,12770,1,-1
2022-10-26 15:15:52.491,12770,12771,12770,1,-1
2022-10-26 15:16:00.874,12769,12770,12770,2,2
2022-10-26 15:16:03.338,12770,12771,12771,1,1
2022-10-26 15:16:03.484,12770,12772,12770,1,-1
2022-10-26 15:16:03.657,12770,12772,12772,24,24
2022-10-26 15:16:03.859,12772,12773,12773,5,5
2022-10-26 15:16:04.557,12773,12774,12774,7,7
2022-10-26 15:16:04.563,12773,12774,12774,1,1
2022-10-26 15:16:04.563,12773,12774,12774,2,2
2022-10-26 15:16:04.564,12773,12774,12774,1,1
2022-10-26 15:16:05.044,12774,12775,12774,1,-1
2022-10-26 15:16:05.101,12774,12775,12775,38,38
2022-10-26 15:16:05.246,12775,12776,12776,1,1
2022-10-26 15:16:05.246,12775,12776,12776,1,1
2022-10-26 15:16:05.346,12775,12776,12776,1,1
2022-10-26 15:16:05.450,12775,12776,12776,1,1
2022-10-26 15:16:05.466,12775,12776,12775,1,-1
2022-10-26 15:16:05.481,12775,12776,12776,4,4
2022-10-26 15:16:05.687,12775,12776,12776,2,2
2022-10-26 15:16:06.204,12775,12776,12775,12,-12
2022-10-26 15:16:06.301,12774,12775,12774,1,-1
2022-10-26 15:16:06.530,12774,12775,12774,1,-1
2022-10-26 15:16:07.969,12773,12775,12775,5,5
2022-10-26 15:16:08.003,12773,12775,12775,1,1
2022-10-26 15:16:08.107,12774,12776,12774,1,-1
2022-10-26 15:16:08.336,12773,12775,12774,1,-1
2022-10-26 15:16:08.507,12773,12775,12774,1,-1
2022-10-26 15:16:08.996,12773,12775,12775,7,7
2022-10-26 15:16:09.928,12775,12776,12776,1,1
2022-10-26 15:16:09.928,12775,12776,12776,3,3
2022-10-26 15:16:09.941,12775,12776,12777,1,1
2022-10-26 15:16:09.941,12775,12776,12777,1,1
2022-10-26 15:16:10.180,12776,12777,12776,1,-1
2022-10-26 15:16:11.860,12776,12777,12777,1,1
2022-10-26 15:16:11.961,12776,12777,12777,1,1
2022-10-26 15:16:12.022,12776,12777,12777,4,4
2022-10-26 15:16:12.341,12776,12778,12776,1,-1
2022-10-26 15:16:16.152,12775,12776,12775,1,-1
2022-10-26 15:16:16.485,12775,12776,12776,1,1
2022-10-26 15:16:16.690,12775,12776,12776,2,2
2022-10-26 15:16:16.923,12775,12776,12776,1,1
2022-10-26 15:16:18.004,12775,12776,12776,5,5
2022-10-26 15:16:18.501,12775,12777,12777,5,5
2022-10-26 15:16:18.570,12775,12777,12777,1,1
2022-10-26 15:16:18.738,12776,12777,12777,1,1
2022-10-26 15:16:20.202,12776,12777,12777,4,4
2022-10-26 15:16:20.853,12776,12777,12777,1,1
2022-10-26 15:16:20.853,12776,12777,12778,33,33
2022-10-26 15:16:20.853,12776,12777,12779,41,41
2022-10-26 15:16:20.853,12776,12777,12780,25,25
2022-10-26 15:16:20.855,12776,12777,12778,2,2
2022-10-26 15:16:20.856,12776,12777,12779,1,1
2022-10-26 15:16:20.947,12776,12777,12779,4,4
2022-10-26 15:16:20.947,12776,12777,12778,1,1
2022-10-26 15:16:21.035,12778,12780,12780,1,1
2022-10-26 15:16:21.049,12778,12780,12780,3,3
2022-10-26 15:16:21.159,12779,12780,12779,2,-2
2022-10-26 15:16:21.160,12779,12780,12778,1,-1
2022-10-26 15:16:22.240,12778,12779,12778,1,-1
2022-10-26 15:16:22.448,12778,12779,12778,3,-3
2022-10-26 15:16:23.711,12777,12778,12777,1,-1
2022-10-26 15:16:24.327,12777,12778,12778,2,2
2022-10-26 15:16:24.552,12777,12778,12777,1,-1
2022-10-26 15:16:24.553,12777,12778,12777,4,-4
2022-10-26 15:16:24.553,12777,12778,12777,1,-1
2022-10-26 15:16:24.553,12777,12778,12777,3,-3
2022-10-26 15:16:24.553,12777,12778,12777,2,-2
2022-10-26 15:16:24.553,12777,12778,12777,1,-1
2022-10-26 15:16:24.553,12777,12778,12777,6,-6
2022-10-26 15:16:24.713,12776,12777,12777,2,2
2022-10-26 15:16:25.605,12776,12777,12777,2,2
2022-10-26 15:16:27.190,12776,12777,12777,1,1
2022-10-26 15:16:28.552,12776,12777,12777,3,3
2022-10-26 15:16:29.310,12776,12777,12777,1,1
2022-10-26 15:16:31.018,12776,12777,12776,3,-3
2022-10-26 15:16:32.643,12775,12776,12776,1,1
2022-10-26 15:16:32.931,12775,12777,12775,4,-4
2022-10-26 15:16:34.701,12776,12777,12777,2,2
2022-10-26 15:16:34.701,12776,12777,12777,1,1
2022-10-26 15:16:35.179,12776,12778,12776,1,-1
2022-10-26 15:16:35.206,12776,12778,12776,1,-1
2022-10-26 15:16:35.236,12776,12778,12777,2,-2
2022-10-26 15:16:35.489,12777,12778,12777,1,-1
2022-10-26 15:16:35.785,12777,12778,12778,20,20
2022-10-26 15:16:35.785,12777,12778,12779,5,5
2022-10-26 15:16:36.149,12777,12779,12777,1,-1
2022-10-26 15:16:37.579,12777,12778,12777,17,-17
2022-10-26 15:16:42.589,12776,12777,12777,1,1
2022-10-26 15:16:46.996,12776,12777,12776,1,-1
2022-10-26 15:16:47.086,12776,12777,12776,1,-1
2022-10-26 15:16:48.493,12776,12777,12777,5,5
2022-10-26 15:16:48.817,12777,12778,12777,1,-1
2022-10-26 15:16:49.150,12777,12778,12777,4,-4
2022-10-26 15:16:49.186,12777,12778,12776,2,-2
2022-10-26 15:16:51.020,12775,12777,12777,1,1
2022-10-26 15:16:51.344,12776,12777,12776,2,-2
2022-10-26 15:16:53.428,12775,12776,12776,1,1
2022-10-26 15:16:54.178,12775,12776,12776,1,1
2022-10-26 15:16:54.367,12775,12777,12777,1,1
2022-10-26 15:16:56.085,12776,12777,12777,12,12
2022-10-26 15:16:56.594,12777,12778,12778,2,2
2022-10-26 15:16:56.595,12777,12778,12778,2,2
2022-10-26 15:16:56.989,12778,12779,12778,1,-1
2022-10-26 15:16:57.774,12778,12779,12779,1,1
2022-10-26 15:16:59.456,12778,12779,12779,2,2
2022-10-26 15:17:00.248,12778,12779,12779,4,4
2022-10-26 15:17:00.300,12778,12779,12779,2,2
2022-10-26 15:17:01.120,12778,12779,12779,8,8
2022-10-26 15:17:01.823,12779,12780,12780,3,3
2022-10-26 15:17:02.351,12780,12781,12780,6,-6
2022-10-26 15:17:02.431,12780,12781,12779,1,-1
2022-10-26 15:17:04.131,12779,12781,12781,2,2
2022-10-26 15:17:04.476,12780,12781,12780,1,-1
2022-10-26 15:17:04.889,12779,12781,12781,1,1
2022-10-26 15:17:05.139,12779,12780,12780,1,1
2022-10-26 15:17:05.152,12779,12780,12781,1,1
2022-10-26 15:17:05.499,12780,12781,12781,2,2
2022-10-26 15:17:05.501,12780,12781,12780,1,-1
2022-10-26 15:17:05.728,12780,12781,12781,7,7
2022-10-26 15:17:05.728,12780,12781,12781,1,1
2022-10-26 15:17:05.728,12780,12781,12781,3,3
2022-10-26 15:17:06.854,12781,12782,12782,1,1
2022-10-26 15:17:07.003,12781,12782,12782,2,2
2022-10-26 15:17:07.753,12780,12782,12782,1,1
2022-10-26 15:17:08.122,12780,12782,12780,1,-1
2022-10-26 15:17:08.181,12780,12782,12781,1,-1
2022-10-26 15:17:08.181,12780,12782,12782,1,1
2022-10-26 15:17:08.239,12780,12782,12782,1,1
2022-10-26 15:17:08.841,12780,12781,12781,4,4
2022-10-26 15:17:08.915,12780,12781,12782,1,1
2022-10-26 15:17:09.011,12781,12782,12782,1,1
2022-10-26 15:17:10.762,12782,12783,12782,2,-2
2022-10-26 15:17:10.835,12782,12783,12781,1,-1
2022-10-26 15:17:11.612,12781,12782,12782,1,1
2022-10-26 15:17:11.635,12781,12782,12781,2,-2
2022-10-26 15:17:13.036,12781,12782,12782,2,2
2022-10-26 15:17:13.837,12781,12782,12782,1,1
2022-10-26 15:17:13.862,12781,12782,12782,1,1
2022-10-26 15:17:13.975,12781,12782,12781,1,-1
2022-10-26 15:17:14.023,12781,12782,12782,1,1
2022-10-26 15:17:14.256,12781,12782,12781,1,-1
2022-10-26 15:17:15.083,12781,12782,12782,1,1
2022-10-26 15:17:15.392,12782,12783,12783,1,1
2022-10-26 15:17:15.893,12782,12783,12783,2,2
2022-10-26 15:17:15.893,12782,12783,12783,8,8
2022-10-26 15:17:16.122,12783,12784,12784,5,5
2022-10-26 15:17:16.122,12783,12784,12784,4,4
2022-10-26 15:17:16.315,12783,12784,12784,1,1
2022-10-26 15:17:16.693,12784,12785,12785,4,4
2022-10-26 15:17:16.723,12784,12785,12785,1,1
2022-10-26 15:17:16.723,12784,12785,12785,8,8
2022-10-26 15:17:16.724,12784,12785,12785,4,4
2022-10-26 15:17:16.724,12784,12785,12785,1,1
2022-10-26 15:17:16.883,12785,12786,12785,1,-1
2022-10-26 15:17:16.987,12784,12785,12784,1,-1
2022-10-26 15:17:17.065,12784,12785,12784,3,-3
2022-10-26 15:17:17.437,12784,12785,12785,1,1
2022-10-26 15:17:17.437,12784,12785,12786,1,1
2022-10-26 15:17:17.489,12784,12786,12786,4,4
2022-10-26 15:17:17.546,12784,12786,12786,3,3
2022-10-26 15:17:17.726,12784,12786,12784,4,-4
2022-10-26 15:17:17.816,12784,12786,12785,1,-1
2022-10-26 15:17:17.967,12784,12785,12785,2,2
2022-10-26 15:17:18.156,12784,12786,12784,1,-1
2022-10-26 15:17:18.334,12784,12786,12786,1,1
2022-10-26 15:17:18.514,12784,12786,12786,2,2
2022-10-26 15:17:18.744,12784,12786,12786,2,2
2022-10-26 15:17:18.830,12784,12786,12785,1,1
2022-10-26 15:17:18.975,12785,12786,12785,1,-1
2022-10-26 15:17:19.052,12785,12786,12786,1,1
2022-10-26 15:17:19.917,12786,12787,12786,1,-1
2022-10-26 15:17:19.917,12786,12787,12785,13,-13
2022-10-26 15:17:19.918,12786,12787,12785,6,-6
2022-10-26 15:17:19.918,12786,12787,12785,5,-5
2022-10-26 15:17:19.918,12786,12787,12785,1,-1
2022-10-26 15:17:19.926,12786,12787,12785,1,-1
2022-10-26 15:17:19.926,12786,12787,12785,2,-2
2022-10-26 15:17:19.926,12786,12787,12785,1,-1
2022-10-26 15:17:20.192,12784,12786,12786,3,3
2022-10-26 15:17:21.086,12784,12785,12784,5,-5
2022-10-26 15:17:21.235,12783,12784,12784,1,1
2022-10-26 15:17:21.629,12783,12784,12784,1,1
2022-10-26 15:17:22.605,12783,12785,12783,1,-1
2022-10-26 15:17:22.967,12784,12785,12784,1,-1
2022-10-26 15:17:23.796,12783,12784,12784,1,1
2022-10-26 15:17:24.214,12783,12784,12783,1,-1
2022-10-26 15:17:24.881,12783,12784,12784,4,4
2022-10-26 15:17:25.047,12783,12784,12784,2,2
2022-10-26 15:17:26.206,12783,12784,12784,1,1
2022-10-26 15:17:26.372,12783,12785,12785,2,2
2022-10-26 15:17:27.734,12783,12784,12783,9,-9
2022-10-26 15:17:27.734,12783,12784,12783,1,-1
2022-10-26 15:17:27.734,12783,12784,12783,1,-1
2022-10-26 15:17:27.734,12783,12784,12783,8,-8
2022-10-26 15:17:28.099,12782,12783,12782,1,-1
2022-10-26 15:17:28.099,12782,12783,12782,1,-1
2022-10-26 15:17:28.099,12782,12783,12782,1,-1
2022-10-26 15:17:28.099,12782,12783,12782,3,-3
2022-10-26 15:17:28.099,12782,12783,12782,7,-7
2022-10-26 15:17:28.738,12781,12782,12782,1,1
2022-10-26 15:17:30.736,12781,12782,12782,4,4
2022-10-26 15:17:30.738,12781,12782,12782,21,21
2022-10-26 15:17:30.866,12781,12782,12781,1,-1
2022-10-26 15:17:33.265,12781,12782,12782,4,4
2022-10-26 15:17:33.267,12781,12782,12782,21,21
2022-10-26 15:17:33.267,12781,12782,12782,1,1
2022-10-26 15:17:33.445,12781,12782,12782,1,1
2022-10-26 15:17:35.081,12781,12782,12782,14,14
2022-10-26 15:17:35.083,12781,12782,12782,11,11
2022-10-26 15:17:36.701,12781,12782,12782,2,2
2022-10-26 15:17:36.760,12781,12782,12782,5,5
2022-10-26 15:17:36.762,12781,12782,12782,20,20
2022-10-26 15:17:37.163,12781,12782,12781,1,-1
2022-10-26 15:17:37.782,12781,12782,12782,1,1
2022-10-26 15:17:37.979,12781,12782,12782,2,2
2022-10-26 15:17:38.438,12781,12782,12781,10,-10
2022-10-26 15:17:38.741,12780,12782,12782,5,5
2022-10-26 15:17:38.891,12780,12782,12782,5,5
2022-10-26 15:17:39.530,12780,12782,12782,10,10
2022-10-26 15:17:44.000,12781,12782,12782,1,1
2022-10-26 15:17:44.000,12781,12782,12782,6,6
2022-10-26 15:17:45.248,12781,12783,12782,1,1
2022-10-26 15:17:50.876,12782,12783,12783,1,1
2022-10-26 15:17:50.876,12782,12783,12783,4,4
2022-10-26 15:17:53.034,12782,12784,12784,1,1
2022-10-26 15:17:53.190,12782,12784,12784,2,2
2022-10-26 15:17:53.762,12783,12784,12783,1,-1
2022-10-26 15:17:54.634,12783,12784,12783,3,-3
2022-10-26 15:17:55.598,12783,12784,12784,1,1
2022-10-26 15:17:55.851,12783,12784,12784,1,1
2022-10-26 15:17:58.977,12784,12785,12784,1,-1
2022-10-26 15:17:59.316,12784,12785,12784,2,-2
2022-10-26 15:17:59.699,12784,12785,12785,3,3
2022-10-26 15:18:01.168,12784,12785,12785,1,1
2022-10-26 15:18:01.623,12784,12785,12784,1,-1
2022-10-26 15:18:01.839,12784,12785,12785,4,4
2022-10-26 15:18:01.839,12784,12785,12786,8,8
2022-10-26 15:18:03.679,12784,12785,12784,1,-1
2022-10-26 15:18:03.680,12784,12785,12784,2,-2
2022-10-26 15:18:03.680,12784,12785,12784,2,-2
2022-10-26 15:18:04.254,12783,12784,12783,2,-2
2022-10-26 15:18:04.525,12782,12783,12783,4,4
2022-10-26 15:18:04.631,12782,12783,12783,2,2
2022-10-26 15:18:06.511,12782,12783,12782,4,-4
2022-10-26 15:18:06.604,12781,12782,12782,1,1
2022-10-26 15:18:08.515,12781,12782,12782,1,1
2022-10-26 15:18:10.438,12781,12782,12782,1,1
2022-10-26 15:18:10.769,12782,12783,12783,1,1
2022-10-26 15:18:10.776,12782,12783,12782,1,-1
2022-10-26 15:18:11.777,12781,12782,12781,1,-1
2022-10-26 15:18:13.009,12781,12782,12781,1,-1
2022-10-26 15:18:14.067,12780,12781,12781,2,2
2022-10-26 15:18:15.304,12780,12781,12781,2,2
2022-10-26 15:18:15.385,12780,12781,12780,9,-9
2022-10-26 15:18:16.844,12779,12780,12779,3,-3
2022-10-26 15:18:16.943,12779,12780,12778,1,-1
2022-10-26 15:18:17.126,12778,12779,12778,1,-1
2022-10-26 15:18:19.182,12778,12779,12778,2,-2
2022-10-26 15:18:20.448,12778,12779,12779,1,1
2022-10-26 15:18:21.019,12778,12779,12778,1,-1
2022-10-26 15:18:21.091,12778,12779,12778,1,-1
2022-10-26 15:18:21.673,12778,12779,12779,1,1
2022-10-26 15:18:22.960,12778,12779,12778,2,-2
2022-10-26 15:18:23.368,12777,12778,12778,1,1
2022-10-26 15:18:23.435,12777,12778,12777,1,-1
2022-10-26 15:18:23.435,12777,12778,12777,1,-1
2022-10-26 15:18:23.435,12777,12778,12777,3,-3
2022-10-26 15:18:23.526,12776,12777,12776,1,-1
2022-10-26 15:18:23.787,12776,12778,12778,1,1
2022-10-26 15:18:24.880,12776,12777,12777,1,1
2022-10-26 15:18:25.835,12776,12777,12776,2,-2
2022-10-26 15:18:27.188,12776,12777,12776,1,-1
2022-10-26 15:18:27.188,12776,12777,12775,1,-1
2022-10-26 15:18:27.733,12776,12777,12776,1,-1
2022-10-26 15:18:27.845,12775,12776,12776,1,1
2022-10-26 15:18:30.103,12775,12776,12776,1,1
2022-10-26 15:18:31.796,12775,12776,12776,1,1
2022-10-26 15:18:33.819,12776,12777,12776,2,-2
2022-10-26 15:18:35.234,12776,12777,12776,1,-1
2022-10-26 15:18:38.191,12776,12777,12776,2,-2
2022-10-26 15:18:40.324,12776,12777,12776,2,-2
2022-10-26 15:18:40.975,12775,12776,12776,1,1
2022-10-26 15:18:44.406,12775,12776,12775,3,-3
2022-10-26 15:18:44.769,12775,12776,12776,1,1
2022-10-26 15:18:49.679,12775,12776,12776,1,1
2022-10-26 15:18:51.144,12775,12776,12776,1,1
2022-10-26 15:18:51.792,12775,12776,12776,2,2
2022-10-26 15:18:53.283,12776,12777,12777,1,1
2022-10-26 15:18:55.361,12777,12778,12778,1,1
2022-10-26 15:18:55.361,12777,12778,12778,4,4
2022-10-26 15:18:55.706,12778,12779,12779,5,5
2022-10-26 15:18:56.209,12779,12780,12779,1,-1
2022-10-26 15:18:56.445,12779,12780,12780,1,1
2022-10-26 15:18:59.144,12779,12781,12781,2,2
2022-10-26 15:18:59.415,12780,12781,12780,1,-1
2022-10-26 15:18:59.995,12780,12781,12780,1,-1
2022-10-26 15:19:01.192,12780,12781,12781,1,1
2022-10-26 15:19:01.988,12780,12781,12780,5,-5
2022-10-26 15:19:02.867,12780,12781,12780,1,-1
2022-10-26 15:19:03.502,12780,12781,12781,1,1
2022-10-26 15:19:06.907,12779,12781,12779,3,-3
2022-10-26 15:19:11.398,12780,12781,12781,2,2
2022-10-26 15:19:11.575,12780,12781,12780,1,-1
2022-10-26 15:19:12.710,12780,12781,12780,1,-1
2022-10-26 15:19:12.749,12780,12781,12780,1,-1
2022-10-26 15:19:16.197,12780,12781,12781,3,3
2022-10-26 15:19:18.033,12781,12782,12782,2,2
2022-10-26 15:19:18.219,12782,12783,12782,1,-1
2022-10-26 15:19:18.378,12782,12783,12782,1,-1
2022-10-26 15:19:18.771,12782,12783,12782,2,-2
2022-10-26 15:19:19.014,12782,12783,12782,2,-2
2022-10-26 15:19:19.072,12782,12783,12781,2,-2
2022-10-26 15:19:22.011,12782,12783,12782,1,-1
2022-10-26 15:19:23.126,12782,12783,12783,6,6
2022-10-26 15:19:24.233,12783,12784,12784,2,2
2022-10-26 15:19:25.168,12782,12784,12784,2,2
2022-10-26 15:19:26.194,12782,12784,12782,1,-1
2022-10-26 15:19:26.700,12781,12783,12783,5,5
2022-10-26 15:19:27.160,12781,12783,12781,1,-1
2022-10-26 15:19:28.078,12782,12783,12782,2,-2
2022-10-26 15:19:28.432,12781,12782,12782,2,2
2022-10-26 15:19:28.433,12781,12782,12781,1,-1
2022-10-26 15:19:32.719,12780,12781,12781,4,4
2022-10-26 15:19:32.719,12780,12781,12781,1,1
2022-10-26 15:19:32.719,12780,12781,12781,1,1
2022-10-26 15:19:33.871,12780,12782,12780,1,-1
2022-10-26 15:19:38.790,12781,12783,12781,1,-1
2022-10-26 15:19:41.480,12781,12782,12782,1,1
2022-10-26 15:19:43.453,12782,12783,12783,1,1
2022-10-26 15:19:43.469,12782,12783,12783,1,1
2022-10-26 15:19:43.469,12782,12783,12783,1,1
2022-10-26 15:19:43.469,12782,12783,12783,1,1
2022-10-26 15:19:44.279,12783,12784,12784,1,1
2022-10-26 15:19:44.279,12783,12784,12784,1,1
2022-10-26 15:19:44.279,12783,12784,12784,1,1
2022-10-26 15:19:44.279,12783,12784,12784,4,4
2022-10-26 15:19:45.763,12784,12785,12784,1,-1
2022-10-26 15:19:48.773,12783,12784,12784,1,1
2022-10-26 15:19:51.817,12783,12784,12783,4,-4
2022-10-26 15:19:57.907,12782,12783,12782,1,-1
2022-10-26 15:19:59.105,12782,12783,12783,6,6
2022-10-26 15:19:59.105,12782,12783,12784,9,9
2022-10-26 15:20:00.022,12782,12784,12784,1,1
2022-10-26 15:20:00.094,12782,12784,12784,1,1
2022-10-26 15:20:00.098,12782,12784,12785,1,1
2022-10-26 15:20:01.170,12784,12785,12785,9,9
2022-10-26 15:20:01.171,12784,12785,12785,2,2
2022-10-26 15:20:01.392,12785,12786,12786,7,7
2022-10-26 15:20:01.393,12785,12786,12786,2,2
2022-10-26 15:20:01.538,12786,12787,12786,1,-1
2022-10-26 15:20:01.666,12785,12787,12787,1,1
2022-10-26 15:20:01.748,12785,12787,12787,1,1
2022-10-26 15:20:01.756,12785,12787,12787,1,1
2022-10-26 15:20:01.923,12785,12787,12787,2,2
2022-10-26 15:20:05.459,12786,12787,12787,5,5
2022-10-26 15:20:05.460,12786,12787,12787,5,5
2022-10-26 15:20:05.460,12786,12787,12787,2,2
2022-10-26 15:20:05.460,12786,12787,12787,3,3
2022-10-26 15:20:05.466,12786,12787,12787,2,2
2022-10-26 15:20:05.466,12786,12787,12787,7,7
2022-10-26 15:20:05.500,12786,12787,12788,7,7
2022-10-26 15:20:05.500,12786,12787,12788,4,4
2022-10-26 15:20:05.500,12786,12787,12788,1,1
2022-10-26 15:20:05.500,12786,12787,12788,1,1
2022-10-26 15:20:05.500,12786,12787,12788,1,1
2022-10-26 15:20:05.500,12786,12787,12788,2,2
2022-10-26 15:20:05.598,12788,12789,12788,2,-2
2022-10-26 15:20:06.519,12787,12788,12787,1,-1
2022-10-26 15:20:07.269,12786,12787,12787,1,1
2022-10-26 15:20:08.127,12786,12788,12788,1,1
2022-10-26 15:20:08.203,12786,12788,12787,3,3
2022-10-26 15:20:08.231,12787,12788,12787,1,-1
2022-10-26 15:20:08.325,12787,12788,12787,1,-1
2022-10-26 15:20:08.669,12786,12788,12787,3,-3
2022-10-26 15:20:08.824,12786,12788,12788,3,3
2022-10-26 15:20:08.866,12786,12788,12787,4,4
2022-10-26 15:20:09.036,12786,12788,12787,1,1
2022-10-26 15:20:09.540,12786,12787,12786,4,-4
2022-10-26 15:20:09.676,12785,12786,12785,3,-3
2022-10-26 15:20:09.924,12785,12786,12786,3,3
2022-10-26 15:20:10.069,12785,12786,12786,2,2
2022-10-26 15:20:11.029,12785,12786,12786,1,1
2022-10-26 15:20:12.740,12785,12786,12786,1,1
2022-10-26 15:20:13.468,12785,12786,12786,1,1
2022-10-26 15:20:17.457,12786,12787,12786,1,-1
2022-10-26 15:20:18.055,12785,12787,12787,4,4
2022-10-26 15:20:18.179,12785,12787,12786,2,2
2022-10-26 15:20:18.391,12786,12787,12787,2,2
2022-10-26 15:20:18.391,12786,12787,12788,3,3
2022-10-26 15:20:19.211,12786,12787,12787,1,1
2022-10-26 15:20:19.211,12786,12787,12788,1,1
2022-10-26 15:20:19.866,12786,12787,12787,1,1
2022-10-26 15:20:19.866,12786,12787,12788,3,3
2022-10-26 15:20:19.918,12786,12787,12787,1,1
2022-10-26 15:20:20.912,12787,12788,12787,1,-1
2022-10-26 15:20:21.139,12787,12788,12787,1,-1
2022-10-26 15:20:21.771,12787,12788,12787,1,-1
2022-10-26 15:20:22.731,12787,12788,12788,1,1
2022-10-26 15:20:22.731,12787,12788,12789,3,3
2022-10-26 15:20:22.958,12787,12789,12787,1,-1
2022-10-26 15:20:23.027,12787,12789,12789,1,1
2022-10-26 15:20:23.453,12787,12789,12789,3,3
2022-10-26 15:20:24.182,12787,12789,12789,1,1
2022-10-26 15:20:24.650,12788,12789,12789,1,1
2022-10-26 15:20:24.651,12788,12789,12789,2,2
2022-10-26 15:20:24.912,12788,12790,12790,3,3
2022-10-26 15:20:24.974,12788,12790,12790,1,1
2022-10-26 15:20:25.039,12788,12790,12790,2,2
2022-10-26 15:20:25.065,12788,12790,12790,2,2
2022-10-26 15:20:25.120,12788,12790,12790,2,2
2022-10-26 15:20:25.229,12788,12790,12790,2,2
2022-10-26 15:20:25.366,12789,12790,12789,1,-1
2022-10-26 15:20:25.770,12789,12790,12790,1,1
2022-10-26 15:20:25.935,12789,12790,12790,1,1
2022-10-26 15:20:26.272,12788,12790,12790,1,1
2022-10-26 15:20:27.810,12788,12790,12790,2,2
2022-10-26 15:20:29.303,12788,12790,12789,1,1
2022-10-26 15:20:30.125,12788,12789,12789,1,1
2022-10-26 15:20:30.460,12789,12790,12789,1,-1
2022-10-26 15:20:30.570,12788,12790,12790,1,1
2022-10-26 15:20:31.178,12789,12790,12790,2,2
2022-10-26 15:20:32.801,12789,12790,12790,10,10
2022-10-26 15:20:33.126,12789,12791,12790,2,2
2022-10-26 15:20:33.172,12789,12791,12789,1,-1
2022-10-26 15:20:33.712,12789,12791,12791,3,3
2022-10-26 15:20:33.799,12789,12791,12791,2,2
2022-10-26 15:20:35.344,12790,12791,12790,2,-2
2022-10-26 15:20:35.344,12790,12791,12790,2,-2
2022-10-26 15:20:36.339,12789,12790,12790,4,4
2022-10-26 15:20:36.433,12789,12790,12790,1,1
2022-10-26 15:20:36.484,12789,12790,12790,1,1
2022-10-26 15:20:36.868,12789,12790,12789,4,-4
2022-10-26 15:20:37.443,12788,12789,12789,2,2
2022-10-26 15:20:37.475,12788,12789,12789,1,1
2022-10-26 15:20:37.475,12788,12789,12790,4,4
2022-10-26 15:20:38.750,12788,12789,12788,3,-3
2022-10-26 15:20:39.590,12787,12789,12789,3,3
2022-10-26 15:20:40.753,12786,12788,12788,3,3
2022-10-26 15:20:42.083,12787,12788,12788,3,3
2022-10-26 15:20:42.469,12787,12789,12787,1,-1
2022-10-26 15:20:43.443,12787,12788,12788,1,1
2022-10-26 15:20:43.443,12787,12788,12789,2,2
2022-10-26 15:20:44.437,12787,12789,12788,1,1
2022-10-26 15:20:45.968,12787,12789,12789,14,14
2022-10-26 15:20:45.968,12787,12789,12790,6,6
2022-10-26 15:20:48.537,12787,12788,12788,2,2
2022-10-26 15:20:48.537,12787,12788,12789,8,8
2022-10-26 15:20:49.600,12788,12789,12789,1,1
2022-10-26 15:20:51.682,12788,12789,12788,3,-3
2022-10-26 15:20:52.771,12788,12789,12789,1,1
2022-10-26 15:20:52.771,12788,12789,12789,6,6
2022-10-26 15:20:54.289,12789,12790,12790,2,2
2022-10-26 15:20:54.289,12789,12790,12790,14,14
2022-10-26 15:20:54.672,12790,12791,12790,1,-1
2022-10-26 15:20:54.741,12790,12791,12790,1,-1
2022-10-26 15:20:56.566,12790,12791,12790,1,-1
2022-10-26 15:20:56.922,12790,12791,12791,1,1
2022-10-26 15:20:56.950,12790,12791,12791,3,3
2022-10-26 15:20:57.490,12790,12791,12791,2,2
2022-10-26 15:20:58.633,12790,12791,12790,1,-1
2022-10-26 15:20:58.665,12790,12791,12790,2,-2
2022-10-26 15:20:59.168,12789,12791,12791,5,5
2022-10-26 15:20:59.482,12789,12790,12789,4,-4
2022-10-26 15:20:59.482,12789,12790,12789,3,-3
2022-10-26 15:20:59.482,12789,12790,12789,1,-1
2022-10-26 15:20:59.482,12789,12790,12789,2,-2
2022-10-26 15:20:59.780,12788,12789,12789,1,1
2022-10-26 15:21:00.199,12788,12789,12789,5,5
2022-10-26 15:21:00.260,12788,12789,12789,1,1
2022-10-26 15:21:00.282,12788,12789,12788,19,-19
2022-10-26 15:21:00.282,12788,12789,12788,6,-6
2022-10-26 15:21:01.383,12787,12789,12789,1,1
2022-10-26 15:21:01.452,12787,12789,12788,2,2
2022-10-26 15:21:01.769,12787,12789,12787,1,-1
2022-10-26 15:21:03.261,12786,12788,12786,1,-1
2022-10-26 15:21:05.274,12786,12788,12786,1,-1
2022-10-26 15:21:05.838,12786,12787,12787,3,3
2022-10-26 15:21:05.838,12786,12787,12788,2,2
2022-10-26 15:21:07.558,12786,12788,12788,4,4
2022-10-26 15:21:10.344,12787,12788,12788,1,1
2022-10-26 15:21:11.348,12787,12788,12787,1,-1
2022-10-26 15:21:11.349,12787,12788,12787,1,-1
2022-10-26 15:21:12.334,12786,12787,12787,1,1
2022-10-26 15:21:14.731,12786,12787,12786,16,-16
2022-10-26 15:21:14.731,12786,12787,12786,8,-8
2022-10-26 15:21:14.760,12786,12787,12785,3,-3
2022-10-26 15:21:14.760,12786,12787,12785,1,-1
2022-10-26 15:21:14.760,12786,12787,12785,8,-8
2022-10-26 15:21:15.026,12785,12786,12785,1,-1
2022-10-26 15:21:15.230,12785,12786,12785,10,-10
2022-10-26 15:21:16.636,12784,12786,12786,1,1
2022-10-26 15:21:16.645,12784,12786,12784,1,-1
2022-10-26 15:21:23.486,12784,12785,12785,1,1
2022-10-26 15:21:23.486,12784,12785,12785,4,4
2022-10-26 15:21:23.487,12784,12785,12785,2,2
2022-10-26 15:21:23.907,12784,12785,12784,3,-3
2022-10-26 15:21:27.732,12784,12785,12785,1,1
2022-10-26 15:21:28.243,12784,12785,12785,1,1
2022-10-26 15:21:28.342,12784,12785,12785,1,1
2022-10-26 15:21:29.158,12784,12785,12785,1,1
2022-10-26 15:21:30.118,12784,12785,12784,1,-1
2022-10-26 15:21:32.155,12784,12785,12785,2,2
2022-10-26 15:21:32.670,12785,12786,12785,2,-2
2022-10-26 15:21:35.482,12785,12786,12785,4,-4
2022-10-26 15:21:38.591,12785,12786,12785,1,-1
2022-10-26 15:21:39.017,12784,12786,12784,1,-1
2022-10-26 15:21:39.427,12784,12786,12784,1,-1
2022-10-26 15:21:40.194,12784,12785,12785,1,1
2022-10-26 15:21:41.756,12784,12785,12785,1,1
2022-10-26 15:21:42.917,12785,12786,12785,1,-1
2022-10-26 15:21:43.199,12785,12786,12785,4,-4
2022-10-26 15:21:44.851,12784,12785,12785,4,4
2022-10-26 15:21:45.505,12784,12785,12784,1,-1
2022-10-26 15:21:45.505,12784,12785,12784,8,-8
2022-10-26 15:21:45.506,12784,12785,12784,4,-4
2022-10-26 15:21:46.477,12783,12784,12783,2,-2
2022-10-26 15:21:46.625,12782,12783,12782,1,-1
2022-10-26 15:21:46.757,12782,12783,12782,1,-1
2022-10-26 15:21:47.479,12782,12783,12782,1,-1
2022-10-26 15:21:49.099,12782,12783,12782,2,-2
2022-10-26 15:21:52.761,12782,12783,12782,1,-1
2022-10-26 15:21:53.303,12781,12782,12782,2,2
2022-10-26 15:21:53.596,12781,12782,12781,3,-3
2022-10-26 15:21:56.412,12781,12782,12781,1,-1
2022-10-26 15:21:56.462,12781,12782,12781,1,-1
2022-10-26 15:21:56.473,12780,12782,12781,1,-1
2022-10-26 15:21:58.725,12781,12782,12781,1,-1
2022-10-26 15:21:59.404,12780,12782,12781,1,-1
2022-10-26 15:21:59.404,12780,12782,12780,1,-1
2022-10-26 15:22:01.832,12781,12783,12781,1,-1
2022-10-26 15:22:02.458,12781,12783,12781,1,-1
2022-10-26 15:22:05.678,12781,12782,12781,1,-1
2022-10-26 15:22:06.894,12781,12782,12782,3,3
2022-10-26 15:22:07.210,12781,12782,12781,2,-2
2022-10-26 15:22:14.358,12781,12782,12781,1,-1
2022-10-26 15:22:15.866,12781,12782,12782,1,1
2022-10-26 15:22:16.039,12782,12783,12783,1,1
2022-10-26 15:22:19.019,12782,12784,12784,1,1
2022-10-26 15:22:21.420,12782,12784,12782,1,-1
2022-10-26 15:22:23.483,12782,12783,12783,1,1
2022-10-26 15:22:25.769,12783,12784,12783,1,-1
2022-10-26 15:22:31.184,12783,12784,12784,4,4
2022-10-26 15:22:31.184,12783,12784,12784,4,4
2022-10-26 15:22:31.617,12783,12785,12783,1,-1
2022-10-26 15:22:31.869,12783,12785,12783,2,-2
2022-10-26 15:22:32.208,12783,12785,12783,4,-4
2022-10-26 15:22:32.662,12783,12784,12783,1,-1
2022-10-26 15:22:35.593,12783,12784,12783,1,-1
2022-10-26 15:22:38.388,12783,12784,12784,1,1
2022-10-26 15:22:41.993,12783,12784,12783,1,-1
2022-10-26 15:22:45.660,12783,12784,12784,1,1
2022-10-26 15:22:45.660,12783,12784,12784,2,2
2022-10-26 15:22:49.076,12784,12785,12785,1,1
2022-10-26 15:22:49.076,12784,12785,12785,1,1
2022-10-26 15:22:49.076,12784,12785,12785,3,3
2022-10-26 15:22:50.233,12785,12786,12785,1,-1
2022-10-26 15:22:50.274,12785,12786,12786,1,1
2022-10-26 15:22:50.284,12785,12786,12786,6,6
2022-10-26 15:22:50.513,12786,12787,12786,1,-1
2022-10-26 15:22:52.653,12785,12787,12787,1,1
2022-10-26 15:22:53.765,12784,12786,12786,4,4
2022-10-26 15:22:53.766,12784,12786,12786,2,2
2022-10-26 15:22:58.813,12785,12786,12785,1,-1
2022-10-26 15:22:59.986,12785,12786,12786,1,1
2022-10-26 15:23:04.541,12785,12786,12786,1,1
2022-10-26 15:23:06.489,12786,12787,12786,1,-1
2022-10-26 15:23:06.489,12786,12787,12786,1,-1
2022-10-26 15:23:06.708,12785,12786,12786,1,1
2022-10-26 15:23:08.796,12785,12786,12785,1,-1
2022-10-26 15:23:08.796,12785,12786,12785,7,-7
2022-10-26 15:23:08.796,12785,12786,12785,1,-1
2022-10-26 15:23:10.702,12782,12783,12783,2,2
2022-10-26 15:23:10.740,12782,12784,12784,1,1
2022-10-26 15:23:18.986,12783,12784,12784,4,4
2022-10-26 15:23:20.367,12784,12785,12784,1,-1
2022-10-26 15:23:22.599,12784,12785,12785,1,1
2022-10-26 15:23:22.599,12784,12785,12785,1,1
2022-10-26 15:23:23.633,12785,12786,12786,1,1
2022-10-26 15:23:23.634,12785,12786,12786,1,1
2022-10-26 15:23:23.923,12785,12787,12785,1,-1
2022-10-26 15:23:24.842,12786,12787,12786,1,-1
2022-10-26 15:23:24.842,12786,12787,12786,1,-1
2022-10-26 15:23:33.228,12785,12786,12786,4,4
2022-10-26 15:23:33.733,12785,12786,12786,1,1
2022-10-26 15:23:33.733,12785,12786,12786,1,1
2022-10-26 15:23:34.858,12785,12787,12787,5,5
2022-10-26 15:23:34.996,12786,12787,12787,1,1
2022-10-26 15:23:40.001,12786,12787,12787,1,1
2022-10-26 15:23:44.149,12786,12787,12787,6,6
2022-10-26 15:23:45.133,12786,12787,12787,2,2
2022-10-26 15:23:46.802,12787,12788,12787,1,-1
2022-10-26 15:23:47.460,12787,12788,12787,1,-1
2022-10-26 15:23:48.916,12787,12788,12788,3,3
2022-10-26 15:23:50.880,12787,12789,12789,1,1
2022-10-26 15:23:52.131,12787,12788,12787,1,-1
2022-10-26 15:23:52.131,12787,12788,12787,1,-1
2022-10-26 15:23:52.939,12786,12787,12787,1,1
2022-10-26 15:23:52.939,12786,12787,12788,1,1
2022-10-26 15:23:58.084,12786,12787,12786,1,-1
2022-10-26 15:23:58.085,12786,12787,12786,3,-3
2022-10-26 15:23:58.625,12785,12786,12787,1,1
2022-10-26 15:23:59.169,12785,12787,12787,1,1
2022-10-26 15:24:02.707,12785,12787,12787,1,1
2022-10-26 15:24:03.678,12786,12787,12787,1,1
2022-10-26 15:24:11.267,12786,12787,12787,1,1
2022-10-26 15:24:17.172,12787,12788,12787,1,-1
2022-10-26 15:24:17.468,12787,12788,12787,1,-1
2022-10-26 15:24:17.494,12787,12788,12788,10,10
2022-10-26 15:24:21.525,12787,12788,12787,1,-1
2022-10-26 15:24:22.142,12785,12787,12787,2,2
2022-10-26 15:24:22.797,12786,12787,12787,1,1
2022-10-26 15:24:28.280,12786,12787,12787,1,1
2022-10-26 15:24:30.590,12787,12788,12788,1,1
2022-10-26 15:24:30.590,12787,12788,12788,1,1
2022-10-26 15:24:30.591,12787,12788,12788,3,3
2022-10-26 15:24:33.042,12788,12789,12789,1,1
2022-10-26 15:24:33.043,12788,12789,12789,1,1
2022-10-26 15:24:33.450,12789,12790,12789,2,-2
2022-10-26 15:24:33.497,12789,12790,12789,1,-1
2022-10-26 15:24:34.912,12789,12790,12789,1,-1
2022-10-26 15:24:38.678,12789,12790,12789,1,-1
2022-10-26 15:24:39.505,12789,12790,12790,2,2
2022-10-26 15:24:39.505,12789,12790,12790,10,10
2022-10-26 15:24:39.505,12789,12790,12790,1,1
2022-10-26 15:24:39.793,12790,12791,12791,1,1
2022-10-26 15:24:40.638,12789,12790,12790,1,1
2022-10-26 15:24:41.533,12790,12791,12790,1,-1
2022-10-26 15:24:44.645,12789,12791,12790,1,-1
2022-10-26 15:24:44.808,12789,12791,12791,1,1
2022-10-26 15:24:45.383,12790,12791,12791,3,3
2022-10-26 15:24:45.553,12790,12791,12791,3,3
2022-10-26 15:24:46.916,12791,12792,12792,5,5
2022-10-26 15:24:46.974,12791,12792,12792,1,1
2022-10-26 15:24:46.975,12791,12792,12792,1,1
2022-10-26 15:24:47.559,12791,12792,12791,1,-1
2022-10-26 15:24:51.363,12791,12792,12792,1,1
2022-10-26 15:24:51.363,12791,12792,12792,1,1
2022-10-26 15:24:51.907,12792,12793,12793,5,5
2022-10-26 15:24:52.833,12792,12793,12793,1,1
2022-10-26 15:24:52.833,12792,12793,12793,5,5
2022-10-26 15:24:52.834,12792,12793,12793,10,10
2022-10-26 15:24:53.033,12793,12794,12794,3,3
2022-10-26 15:24:54.238,12793,12794,12794,1,1
2022-10-26 15:24:54.541,12794,12795,12794,1,-1
2022-10-26 15:24:55.371,12793,12795,12794,1,-1
2022-10-26 15:24:55.374,12793,12795,12795,2,2
2022-10-26 15:24:55.374,12793,12795,12795,13,13
2022-10-26 15:24:55.375,12793,12795,12795,1,1
2022-10-26 15:24:55.375,12793,12795,12795,1,1
2022-10-26 15:24:55.375,12793,12795,12795,1,1
2022-10-26 15:24:55.375,12793,12795,12795,3,3
2022-10-26 15:24:55.506,12794,12795,12795,6,6
2022-10-26 15:24:55.512,12794,12795,12796,1,1
2022-10-26 15:24:55.518,12794,12795,12796,1,1
2022-10-26 15:24:55.598,12795,12796,12795,1,-1
2022-10-26 15:24:55.777,12794,12795,12794,1,-1
2022-10-26 15:24:56.149,12794,12795,12795,1,1
2022-10-26 15:24:57.618,12794,12795,12795,2,2
2022-10-26 15:24:57.618,12794,12795,12795,1,1
2022-10-26 15:24:58.439,12794,12796,12794,1,-1
2022-10-26 15:24:58.684,12795,12796,12795,1,-1
2022-10-26 15:24:59.108,12795,12796,12795,1,-1
2022-10-26 15:24:59.488,12794,12795,12794,1,-1
2022-10-26 15:25:00.203,12794,12795,12795,1,1
2022-10-26 15:25:00.301,12794,12796,12796,1,1
2022-10-26 15:25:00.494,12794,12795,12794,2,-2
2022-10-26 15:25:00.494,12794,12795,12794,3,-3
2022-10-26 15:25:01.436,12793,12794,12793,3,-3
2022-10-26 15:25:01.827,12792,12794,12792,2,-2
2022-10-26 15:25:01.881,12792,12794,12792,2,-2
2022-10-26 15:25:01.889,12792,12794,12792,1,-1
2022-10-26 15:25:04.599,12792,12793,12792,1,-1
2022-10-26 15:25:04.599,12792,12793,12791,3,-3
2022-10-26 15:25:04.734,12791,12793,12791,1,-1
2022-10-26 15:25:05.845,12791,12792,12792,1,1
2022-10-26 15:25:06.729,12791,12792,12792,3,3
2022-10-26 15:25:06.730,12791,12792,12792,1,1
2022-10-26 15:25:07.829,12791,12793,12792,5,5
2022-10-26 15:25:09.734,12792,12794,12794,1,1
2022-10-26 15:25:11.869,12792,12794,12792,1,-1
2022-10-26 15:25:13.162,12792,12794,12792,1,-1
2022-10-26 15:25:13.593,12792,12793,12792,6,-6
2022-10-26 15:25:13.593,12792,12793,12792,4,-4
2022-10-26 15:25:18.151,12791,12793,12791,1,-1
2022-10-26 15:25:20.196,12792,12793,12793,2,2
2022-10-26 15:25:20.343,12792,12794,12792,1,-1
2022-10-26 15:25:20.588,12792,12794,12794,1,1
2022-10-26 15:25:23.367,12791,12792,12792,1,1
2022-10-26 15:25:26.307,12791,12792,12792,1,1
2022-10-26 15:25:27.202,12791,12792,12792,2,2
2022-10-26 15:25:27.410,12791,12792,12792,1,1
2022-10-26 15:25:28.470,12791,12792,12792,1,1
2022-10-26 15:25:29.681,12791,12792,12791,1,-1
2022-10-26 15:25:29.681,12791,12792,12791,6,-6
2022-10-26 15:25:29.681,12791,12792,12791,4,-4
2022-10-26 15:25:34.310,12790,12791,12790,1,-1
2022-10-26 15:25:34.310,12790,12791,12789,1,-1
2022-10-26 15:25:34.367,12789,12791,12789,1,-1
2022-10-26 15:25:36.446,12789,12791,12790,1,-1
2022-10-26 15:25:40.862,12789,12791,12789,1,-1
2022-10-26 15:25:43.192,12789,12790,12789,1,-1
2022-10-26 15:25:43.887,12789,12790,12790,2,2
2022-10-26 15:25:45.837,12789,12790,12789,1,-1
2022-10-26 15:25:47.581,12789,12790,12789,1,-1
2022-10-26 15:25:48.181,12789,12790,12790,1,1
2022-10-26 15:25:48.608,12789,12790,12789,2,-2
2022-10-26 15:25:49.973,12788,12789,12789,1,1
2022-10-26 15:25:52.607,12788,12789,12788,3,-3
2022-10-26 15:25:52.607,12788,12789,12788,1,-1
2022-10-26 15:25:52.607,12788,12789,12788,1,-1
2022-10-26 15:25:52.607,12788,12789,12788,1,-1
2022-10-26 15:25:52.607,12788,12789,12788,11,-11
2022-10-26 15:25:52.607,12788,12789,12788,1,-1
2022-10-26 15:25:52.608,12788,12789,12788,1,-1
2022-10-26 15:25:52.608,12788,12789,12788,11,-11
2022-10-26 15:25:52.608,12788,12789,12788,5,-5
2022-10-26 15:25:52.608,12788,12789,12788,1,-1
2022-10-26 15:25:53.450,12787,12788,12787,3,-3
2022-10-26 15:25:57.388,12787,12788,12787,1,-1
2022-10-26 15:26:00.208,12787,12788,12788,1,1
2022-10-26 15:26:01.802,12787,12788,12788,1,1
2022-10-26 15:26:02.509,12787,12788,12788,2,2
2022-10-26 15:26:03.676,12787,12788,12788,1,1
2022-10-26 15:26:04.475,12787,12788,12788,1,1
2022-10-26 15:26:05.346,12788,12789,12788,1,-1
2022-10-26 15:26:05.501,12788,12789,12788,1,-1
2022-10-26 15:26:06.274,12788,12789,12788,1,-1
2022-10-26 15:26:06.415,12787,12788,12788,1,1
2022-10-26 15:26:06.581,12787,12788,12788,1,1
2022-10-26 15:26:07.382,12788,12789,12788,1,-1
2022-10-26 15:26:08.818,12787,12788,12788,1,1
2022-10-26 15:26:14.748,12788,12789,12789,1,1
2022-10-26 15:26:16.300,12788,12789,12789,1,1
2022-10-26 15:26:40.586,12788,12789,12788,6,-6
2022-10-26 15:26:40.840,12787,12788,12788,1,1
2022-10-26 15:26:41.364,12787,12789,12789,1,1
2022-10-26 15:26:41.676,12787,12789,12787,2,-2
2022-10-26 15:26:50.495,12788,12789,12788,2,-2
2022-10-26 15:26:50.507,12788,12789,12788,3,-3
2022-10-26 15:26:56.430,12787,12788,12788,1,1
2022-10-26 15:26:56.542,12787,12788,12788,1,1
2022-10-26 15:26:57.145,12787,12788,12787,10,-10
2022-10-26 15:26:59.041,12786,12788,12786,2,-2
2022-10-26 15:26:59.387,12786,12788,12786,1,-1
2022-10-26 15:27:00.250,12786,12787,12787,1,1
2022-10-26 15:27:00.343,12786,12787,12787,1,1
2022-10-26 15:27:00.879,12786,12787,12786,5,-5
2022-10-26 15:27:00.879,12786,12787,12786,8,-8
2022-10-26 15:27:00.879,12786,12787,12786,4,-4
2022-10-26 15:27:00.879,12786,12787,12786,1,-1
2022-10-26 15:27:00.879,12786,12787,12786,1,-1
2022-10-26 15:27:00.880,12786,12787,12786,2,-2
2022-10-26 15:27:00.880,12786,12787,12786,1,-1
2022-10-26 15:27:00.880,12786,12787,12786,2,-2
2022-10-26 15:27:03.555,12785,12786,12785,2,-2
2022-10-26 15:27:03.555,12785,12786,12785,1,-1
2022-10-26 15:27:03.555,12785,12786,12785,1,-1
2022-10-26 15:27:04.039,12785,12786,12785,3,-3
2022-10-26 15:27:06.169,12784,12785,12785,1,1
2022-10-26 15:27:08.008,12784,12785,12785,1,1
2022-10-26 15:27:08.116,12784,12785,12784,4,-4
2022-10-26 15:27:10.681,12784,12785,12785,1,1
2022-10-26 15:27:10.681,12784,12785,12785,8,8
2022-10-26 15:27:12.494,12785,12786,12785,1,-1
2022-10-26 15:27:12.501,12785,12786,12785,2,-2
2022-10-26 15:27:12.773,12784,12786,12784,1,-1
2022-10-26 15:27:17.831,12784,12785,12785,1,1
2022-10-26 15:27:28.245,12784,12785,12785,1,1
2022-10-26 15:27:28.245,12784,12785,12785,2,2
2022-10-26 15:27:28.245,12784,12785,12785,1,1
2022-10-26 15:27:28.245,12784,12785,12785,2,2
2022-10-26 15:27:31.497,12784,12785,12784,1,-1
2022-10-26 15:27:31.498,12784,12785,12784,2,-2
2022-10-26 15:27:31.498,12784,12785,12784,5,-5
2022-10-26 15:27:31.727,12783,12784,12784,1,1
2022-10-26 15:27:34.339,12784,12785,12784,1,-1
2022-10-26 15:27:38.378,12783,12785,12784,1,-1
2022-10-26 15:27:40.332,12784,12785,12784,2,-2
2022-10-26 15:27:41.333,12784,12785,12784,1,-1
2022-10-26 15:27:45.124,12784,12785,12784,1,-1
2022-10-26 15:27:47.202,12784,12785,12785,3,3
2022-10-26 15:27:51.059,12785,12786,12785,1,-1
2022-10-26 15:27:56.547,12784,12785,12785,1,1
2022-10-26 15:27:57.046,12785,12786,12785,1,-1
2022-10-26 15:27:57.685,12785,12786,12785,1,-1
2022-10-26 15:28:00.203,12785,12786,12786,1,1
2022-10-26 15:28:00.467,12785,12786,12786,4,4
2022-10-26 15:28:00.468,12785,12786,12786,1,1
2022-10-26 15:28:01.078,12786,12787,12786,1,-1
2022-10-26 15:28:04.094,12786,12787,12786,2,-2
2022-10-26 15:28:06.974,12786,12787,12787,1,1
2022-10-26 15:28:06.974,12786,12787,12787,1,1
2022-10-26 15:28:10.451,12787,12788,12788,3,3
2022-10-26 15:28:11.133,12787,12788,12788,1,1
2022-10-26 15:28:11.321,12787,12788,12788,1,1
2022-10-26 15:28:17.459,12788,12789,12788,1,-1
2022-10-26 15:28:20.203,12788,12789,12789,5,5
2022-10-26 15:28:22.847,12788,12789,12789,1,1
2022-10-26 15:28:22.952,12788,12789,12788,1,-1
2022-10-26 15:28:23.885,12788,12789,12789,1,1
2022-10-26 15:28:24.222,12788,12789,12788,1,-1
2022-10-26 15:28:27.931,12788,12789,12788,2,-2
2022-10-26 15:28:30.724,12787,12789,12788,1,-1
2022-10-26 15:28:33.472,12788,12789,12789,1,1
2022-10-26 15:28:35.695,12788,12789,12789,2,2
2022-10-26 15:28:36.266,12788,12789,12788,1,-1
2022-10-26 15:28:36.267,12788,12789,12788,1,-1
2022-10-26 15:28:37.756,12787,12789,12787,1,-1
2022-10-26 15:28:37.756,12787,12789,12787,1,-1
2022-10-26 15:28:38.871,12786,12787,12786,1,-1
2022-10-26 15:28:53.556,12785,12786,12786,3,3
2022-10-26 15:28:55.048,12786,12788,12786,1,-1
2022-10-26 15:28:58.975,12786,12787,12786,1,-1
2022-10-26 15:28:59.490,12785,12787,12787,1,1
2022-10-26 15:28:59.548,12785,12787,12785,1,-1
2022-10-26 15:29:05.420,12786,12787,12786,1,-1
2022-10-26 15:29:09.010,12786,12788,12788,2,2
2022-10-26 15:29:10.957,12787,12789,12787,1,-1
2022-10-26 15:29:14.151,12787,12788,12788,1,1
2022-10-26 15:29:18.142,12787,12789,12789,1,1
2022-10-26 15:29:19.736,12788,12789,12788,1,-1
2022-10-26 15:29:26.349,12788,12790,12788,1,-1
2022-10-26 15:29:28.477,12787,12789,12787,1,-1
2022-10-26 15:29:31.369,12788,12789,12789,3,3
2022-10-26 15:29:33.732,12789,12790,12790,9,9
2022-10-26 15:29:34.401,12790,12791,12790,1,-1
2022-10-26 15:29:35.933,12790,12791,12791,1,1
2022-10-26 15:29:35.933,12790,12791,12791,1,1
2022-10-26 15:29:37.369,12790,12792,12790,1,-1
2022-10-26 15:29:39.208,12791,12792,12792,1,1
2022-10-26 15:29:40.192,12791,12792,12792,4,4
2022-10-26 15:29:41.546,12791,12792,12792,1,1
2022-10-26 15:29:41.553,12791,12792,12792,1,1
2022-10-26 15:29:42.023,12792,12793,12792,2,-2
2022-10-26 15:29:43.209,12791,12792,12792,1,1
2022-10-26 15:29:44.195,12792,12793,12792,1,-1
2022-10-26 15:29:46.029,12791,12792,12791,1,-1
2022-10-26 15:29:46.664,12790,12791,12791,1,1
2022-10-26 15:29:49.061,12790,12791,12790,2,-2
2022-10-26 15:29:50.142,12789,12790,12790,2,2
2022-10-26 15:29:52.459,12789,12790,12790,2,2
2022-10-26 15:29:52.459,12789,12790,12790,1,1
2022-10-26 15:29:53.319,12789,12791,12791,1,1
2022-10-26 15:29:54.991,12790,12791,12791,3,3
2022-10-26 15:30:00.513,12790,12792,12790,1,-1
2022-10-26 15:30:01.013,12790,12792,12792,1,1
2022-10-26 15:30:01.128,12790,12792,12790,1,-1
2022-10-26 15:30:01.210,12790,12792,12792,1,1
2022-10-26 15:30:01.211,12790,12792,12792,1,1
2022-10-26 15:30:01.247,12791,12792,12792,1,1
2022-10-26 15:30:01.499,12791,12792,12792,3,3
2022-10-26 15:30:02.948,12791,12792,12792,1,1
2022-10-26 15:30:03.365,12791,12792,12792,1,1
2022-10-26 15:30:03.830,12791,12792,12792,2,2
2022-10-26 15:30:04.908,12792,12793,12793,6,6
2022-10-26 15:30:08.807,12793,12794,12793,1,-1
2022-10-26 15:30:10.313,12793,12794,12794,1,1
2022-10-26 15:30:10.613,12793,12794,12794,1,1
2022-10-26 15:30:10.614,12793,12794,12794,3,3
2022-10-26 15:30:10.614,12793,12794,12794,2,2
2022-10-26 15:30:10.614,12793,12794,12794,5,5
2022-10-26 15:30:10.614,12793,12794,12794,2,2
2022-10-26 15:30:10.919,12793,12795,12795,6,6
2022-10-26 15:30:10.925,12793,12795,12795,1,1
2022-10-26 15:30:10.933,12793,12795,12795,2,2
2022-10-26 15:30:11.395,12793,12794,12794,1,1
2022-10-26 15:30:11.569,12793,12795,12793,1,-1
2022-10-26 15:30:12.272,12793,12795,12793,1,-1
2022-10-26 15:30:13.118,12793,12794,12793,5,-5
2022-10-26 15:30:14.024,12793,12794,12794,1,1
2022-10-26 15:30:14.024,12793,12794,12794,1,1
2022-10-26 15:30:14.260,12794,12795,12795,26,26
2022-10-26 15:30:14.321,12794,12795,12795,1,1
2022-10-26 15:30:15.222,12794,12796,12794,1,-1
2022-10-26 15:30:15.550,12794,12796,12794,10,-10
2022-10-26 15:30:17.493,12794,12795,12795,1,1
2022-10-26 15:30:17.633,12794,12796,12794,1,-1
2022-10-26 15:30:18.288,12795,12796,12795,1,-1
2022-10-26 15:30:20.192,12794,12796,12795,1,-1
2022-10-26 15:30:21.182,12794,12796,12795,1,-1
2022-10-26 15:30:22.617,12794,12795,12794,3,-3
2022-10-26 15:30:24.306,12794,12795,12794,1,-1
2022-10-26 15:30:24.609,12793,12794,12794,1,1
2022-10-26 15:30:26.443,12794,12795,12795,1,1
2022-10-26 15:30:28.259,12794,12795,12794,2,-2
2022-10-26 15:30:28.270,12794,12795,12794,1,-1
2022-10-26 15:30:28.366,12793,12795,12794,1,-1
2022-10-26 15:30:28.519,12793,12795,12795,13,13
2022-10-26 15:30:30.268,12793,12795,12794,1,1
2022-10-26 15:30:33.611,12794,12796,12794,2,-2
2022-10-26 15:30:35.368,12793,12795,12795,2,2
2022-10-26 15:30:36.282,12793,12795,12795,1,1
2022-10-26 15:30:37.477,12793,12795,12795,5,5
2022-10-26 15:30:38.630,12793,12795,12795,1,1
2022-10-26 15:30:39.547,12793,12795,12793,1,-1
2022-10-26 15:30:39.615,12793,12794,12793,2,-2
2022-10-26 15:30:39.626,12793,12794,12793,7,-7
2022-10-26 15:30:39.769,12792,12794,12792,2,-2
2022-10-26 15:30:40.973,12791,12792,12791,1,-1
2022-10-26 15:30:41.840,12791,12792,12791,1,-1
2022-10-26 15:30:43.051,12790,12791,12790,1,-1
2022-10-26 15:30:43.166,12790,12791,12791,1,1
2022-10-26 15:30:43.663,12790,12792,12791,1,1
2022-10-26 15:30:43.838,12790,12792,12791,1,1
2022-10-26 15:30:43.934,12790,12792,12792,1,1
2022-10-26 15:30:46.833,12790,12791,12790,1,-1
2022-10-26 15:30:47.018,12790,12791,12791,1,1
2022-10-26 15:30:47.018,12790,12791,12792,2,2
2022-10-26 15:30:47.842,12790,12791,12790,1,-1
2022-10-26 15:30:51.755,12790,12792,12790,1,-1
2022-10-26 15:30:53.662,12790,12792,12790,10,-10
2022-10-26 15:31:00.211,12790,12791,12791,1,1
2022-10-26 15:31:00.934,12790,12791,12790,1,-1
2022-10-26 15:31:01.642,12789,12790,12789,1,-1
2022-10-26 15:31:02.657,12789,12790,12790,1,1
2022-10-26 15:31:02.672,12789,12790,12789,2,-2
2022-10-26 15:31:04.077,12789,12790,12790,2,2
2022-10-26 15:31:04.492,12789,12790,12790,1,1
2022-10-26 15:31:05.238,12789,12790,12789,1,-1
2022-10-26 15:31:07.494,12788,12790,12790,1,1
2022-10-26 15:31:09.065,12788,12790,12789,1,1
2022-10-26 15:31:10.308,12789,12790,12789,1,-1
2022-10-26 15:31:13.939,12789,12790,12790,2,2
2022-10-26 15:31:14.508,12789,12790,12790,2,2
2022-10-26 15:31:14.508,12789,12790,12790,1,1
2022-10-26 15:31:15.327,12789,12791,12789,1,-1
2022-10-26 15:31:16.059,12790,12791,12791,1,1
2022-10-26 15:31:16.059,12790,12791,12791,1,1
2022-10-26 15:31:19.017,12791,12792,12791,1,-1
2022-10-26 15:31:20.518,12789,12791,12791,2,2
2022-10-26 15:31:20.877,12789,12791,12791,2,2
2022-10-26 15:31:21.610,12789,12791,12791,2,2
2022-10-26 15:31:22.056,12789,12791,12791,2,2
2022-10-26 15:31:25.367,12790,12791,12790,1,-1
2022-10-26 15:31:26.059,12789,12791,12789,1,-1
2022-10-26 15:31:34.815,12788,12790,12790,1,1
2022-10-26 15:31:35.469,12789,12790,12789,1,-1
2022-10-26 15:31:37.400,12788,12790,12790,1,1
2022-10-26 15:31:41.143,12788,12789,12788,2,-2
2022-10-26 15:31:41.356,12788,12789,12788,4,-4
2022-10-26 15:31:41.357,12788,12789,12788,1,-1
2022-10-26 15:31:47.016,12787,12788,12787,5,-5
2022-10-26 15:31:50.339,12786,12787,12786,2,-2
2022-10-26 15:31:50.342,12786,12787,12787,1,1
2022-10-26 15:31:51.775,12786,12787,12786,2,-2
2022-10-26 15:31:54.512,12786,12787,12787,2,2
2022-10-26 15:31:55.398,12786,12787,12786,1,-1
2022-10-26 15:31:57.545,12786,12787,12787,1,1
2022-10-26 15:31:59.510,12786,12788,12786,10,-10
2022-10-26 15:32:02.706,12786,12787,12786,1,-1
2022-10-26 15:32:02.810,12786,12787,12786,1,-1
2022-10-26 15:32:04.597,12786,12788,12786,1,-1
2022-10-26 15:32:08.439,12786,12787,12787,1,1
2022-10-26 15:32:08.439,12786,12787,12788,4,4
2022-10-26 15:32:09.019,12786,12787,12786,1,-1
2022-10-26 15:32:09.062,12786,12787,12786,1,-1
2022-10-26 15:32:20.340,12785,12786,12786,1,1
2022-10-26 15:32:25.357,12786,12787,12787,1,1
2022-10-26 15:32:25.357,12786,12787,12787,2,2
2022-10-26 15:32:25.357,12786,12787,12787,1,1
2022-10-26 15:32:37.579,12786,12787,12787,4,4
2022-10-26 15:32:45.345,12786,12787,12787,1,1
2022-10-26 15:32:45.345,12786,12787,12788,4,4
2022-10-26 15:32:52.223,12786,12787,12786,1,-1
2022-10-26 15:32:54.448,12786,12787,12786,2,-2
2022-10-26 15:32:54.448,12786,12787,12786,2,-2
2022-10-26 15:32:54.448,12786,12787,12786,2,-2
2022-10-26 15:32:55.302,12785,12786,12786,1,1
2022-10-26 15:32:59.180,12785,12786,12785,1,-1
2022-10-26 15:32:59.180,12785,12786,12785,1,-1
2022-10-26 15:32:59.180,12785,12786,12785,2,-2
2022-10-26 15:32:59.180,12785,12786,12785,4,-4
2022-10-26 15:32:59.181,12785,12786,12785,7,-7
2022-10-26 15:32:59.262,12784,12785,12785,2,2
2022-10-26 15:32:59.334,12784,12785,12784,1,-1
2022-10-26 15:33:02.870,12784,12785,12785,1,1
2022-10-26 15:33:03.531,12785,12786,12786,1,1
2022-10-26 15:33:03.531,12785,12786,12786,1,1
2022-10-26 15:33:05.130,12787,12788,12787,1,-1
2022-10-26 15:33:08.472,12787,12788,12787,1,-1
2022-10-26 15:33:20.778,12787,12788,12787,1,-1
2022-10-26 15:33:20.778,12787,12788,12787,2,-2
2022-10-26 15:33:22.485,12786,12788,12786,1,-1
2022-10-26 15:33:35.264,12786,12787,12786,2,-2
2022-10-26 15:33:35.321,12786,12787,12786,2,-2
2022-10-26 15:33:38.869,12786,12788,12788,5,5
2022-10-26 15:33:57.234,12787,12789,12787,1,-1
2022-10-26 15:33:59.084,12787,12789,12787,2,-2
2022-10-26 15:34:06.444,12788,12789,12789,2,2
2022-10-26 15:34:06.445,12788,12789,12789,2,2
2022-10-26 15:34:10.374,12788,12789,12789,1,1
2022-10-26 15:34:14.716,12789,12790,12790,6,6
2022-10-26 15:34:14.716,12789,12790,12791,21,21
2022-10-26 15:34:14.716,12789,12790,12792,3,3
2022-10-26 15:34:14.717,12789,12790,12791,2,2
2022-10-26 15:34:14.735,12789,12790,12790,1,1
2022-10-26 15:34:14.799,12789,12790,12790,1,1
2022-10-26 15:34:20.194,12791,12792,12792,1,1
2022-10-26 15:34:24.387,12791,12792,12792,1,1
2022-10-26 15:34:24.387,12791,12792,12793,2,2
2022-10-26 15:34:27.562,12791,12792,12792,6,6
2022-10-26 15:34:27.562,12791,12792,12793,2,2
2022-10-26 15:34:33.839,12792,12793,12793,1,1
2022-10-26 15:34:35.492,12792,12793,12793,1,1
2022-10-26 15:34:40.541,12792,12793,12793,2,2
2022-10-26 15:34:41.627,12793,12794,12793,1,-1
2022-10-26 15:34:42.640,12793,12794,12794,1,1
2022-10-26 15:34:42.852,12793,12794,12794,1,1
2022-10-26 15:34:43.219,12793,12795,12795,5,5
2022-10-26 15:34:43.779,12793,12794,12794,1,1
2022-10-26 15:34:44.633,12793,12794,12794,1,1
2022-10-26 15:34:47.633,12793,12794,12793,2,-2
2022-10-26 15:34:48.719,12793,12794,12793,1,-1
2022-10-26 15:34:49.532,12793,12794,12794,5,5
2022-10-26 15:34:49.532,12793,12794,12794,1,1
2022-10-26 15:34:49.533,12793,12794,12794,4,4
2022-10-26 15:34:50.374,12793,12794,12793,1,-1
2022-10-26 15:34:50.688,12793,12794,12794,1,1
2022-10-26 15:34:54.025,12793,12794,12793,1,-1
2022-10-26 15:34:54.256,12792,12793,12793,1,1
2022-10-26 15:34:54.256,12792,12793,12794,2,2
2022-10-26 15:34:54.480,12793,12794,12794,1,1
2022-10-26 15:34:54.481,12793,12794,12794,1,1
2022-10-26 15:35:00.207,12793,12794,12794,2,2
2022-10-26 15:35:00.256,12793,12794,12794,1,1
2022-10-26 15:35:00.319,12793,12794,12794,1,1
2022-10-26 15:35:01.492,12793,12794,12793,1,-1
2022-10-26 15:35:02.043,12793,12794,12794,3,3
2022-10-26 15:35:06.080,12793,12794,12794,1,1
2022-10-26 15:35:06.196,12793,12794,12794,5,5
2022-10-26 15:35:07.489,12793,12794,12794,1,1
2022-10-26 15:35:12.118,12793,12794,12793,1,-1
2022-10-26 15:35:13.509,12792,12793,12792,1,-1
2022-10-26 15:35:17.883,12793,12794,12793,1,-1
2022-10-26 15:35:18.601,12792,12793,12793,1,1
2022-10-26 15:35:24.529,12793,12794,12793,1,-1
2022-10-26 15:35:34.393,12792,12793,12792,1,-1
2022-10-26 15:35:37.535,12791,12792,12792,1,1
2022-10-26 15:35:43.812,12791,12793,12793,1,1
2022-10-26 15:35:47.779,12791,12792,12791,4,-4
