2022-02-14 15:00:00.056,17950,17953,17962,142,142
2022-02-14 15:00:00.058,17962,17963,17963,1,1
2022-02-14 15:00:00.128,17962,17965,17962,1,-1
2022-02-14 15:00:00.128,17962,17965,17965,1,1
2022-02-14 15:00:00.164,17962,17966,17966,1,1
2022-02-14 15:00:00.181,17962,17966,17966,1,1
2022-02-14 15:00:00.181,17962,17966,17967,4,4
2022-02-14 15:00:00.203,17962,17966,17967,1,1
2022-02-14 15:00:00.223,17962,17966,17962,1,-1
2022-02-14 15:00:00.300,17962,17968,17968,1,1
2022-02-14 15:00:00.300,17962,17968,17969,1,1
2022-02-14 15:00:00.411,17962,17972,17962,1,-1
2022-02-14 15:00:00.462,17962,17972,17962,1,-1
2022-02-14 15:00:00.567,17962,17972,17963,1,-1
2022-02-14 15:00:00.580,17962,17972,17965,1,-1
2022-02-14 15:00:00.580,17962,17972,17967,1,1
2022-02-14 15:00:00.609,17962,17972,17968,1,1
2022-02-14 15:00:00.610,17962,17972,17969,1,1
2022-02-14 15:00:00.612,17962,17972,17971,1,1
2022-02-14 15:00:00.612,17962,17972,17972,2,2
2022-02-14 15:00:00.612,17962,17972,17973,1,1
2022-02-14 15:00:00.636,17962,17972,17973,1,1
2022-02-14 15:00:00.643,17970,17974,17974,1,1
2022-02-14 15:00:00.652,17970,17974,17970,1,-1
2022-02-14 15:00:00.748,17970,17974,17976,1,1
2022-02-14 15:00:00.784,17969,17974,17971,1,-1
2022-02-14 15:00:00.798,17969,17974,17972,1,1
2022-02-14 15:00:00.799,17969,17974,17974,1,1
2022-02-14 15:00:01.571,17974,17975,17974,2,-2
2022-02-14 15:00:01.590,17974,17975,17975,1,1
2022-02-14 15:00:01.986,17974,17976,17974,2,-2
2022-02-14 15:00:01.986,17974,17976,17973,1,-1
2022-02-14 15:00:02.014,17972,17974,17974,1,1
2022-02-14 15:00:02.043,17972,17974,17975,2,2
2022-02-14 15:00:02.043,17972,17974,17976,1,1
2022-02-14 15:00:02.079,17972,17974,17976,1,1
2022-02-14 15:00:02.193,17973,17976,17973,1,-1
2022-02-14 15:00:02.193,17973,17976,17972,2,-2
2022-02-14 15:00:02.193,17973,17976,17971,1,-1
2022-02-14 15:00:02.331,17971,17973,17971,1,-1
2022-02-14 15:00:02.331,17971,17973,17970,2,-2
2022-02-14 15:00:02.426,17970,17972,17970,1,-1
2022-02-14 15:00:02.451,17970,17972,17970,1,-1
2022-02-14 15:00:02.460,17970,17972,17970,1,-1
2022-02-14 15:00:02.493,17970,17972,17969,1,-1
2022-02-14 15:00:02.502,17970,17972,17971,1,1
2022-02-14 15:00:02.576,17969,17972,17969,1,-1
2022-02-14 15:00:02.576,17969,17972,17969,1,-1
2022-02-14 15:00:02.576,17969,17972,17971,1,1
2022-02-14 15:00:02.661,17969,17971,17969,1,-1
2022-02-14 15:00:02.661,17969,17971,17968,5,-5
2022-02-14 15:00:02.750,17969,17971,17969,1,-1
2022-02-14 15:00:02.763,17970,17971,17971,1,1
2022-02-14 15:00:02.778,17970,17971,17970,1,-1
2022-02-14 15:00:02.799,17970,17971,17971,1,1
2022-02-14 15:00:02.994,17970,17971,17970,1,-1
2022-02-14 15:00:03.005,17970,17971,17970,1,-1
2022-02-14 15:00:03.060,17969,17971,17969,2,-2
2022-02-14 15:00:03.060,17969,17971,17968,1,-1
2022-02-14 15:00:03.090,17969,17971,17970,2,2
2022-02-14 15:00:03.114,17969,17971,17969,1,-1
2022-02-14 15:00:03.119,17969,17971,17971,2,2
2022-02-14 15:00:03.143,17970,17971,17971,1,1
2022-02-14 15:00:03.153,17970,17971,17970,1,-1
2022-02-14 15:00:03.192,17970,17971,17970,1,-1
2022-02-14 15:00:03.214,17970,17971,17969,1,-1
2022-02-14 15:00:03.310,17968,17969,17968,1,-1
2022-02-14 15:00:03.360,17968,17969,17968,1,-1
2022-02-14 15:00:03.376,17968,17969,17968,2,-2
2022-02-14 15:00:03.376,17968,17969,17967,4,-4
2022-02-14 15:00:03.376,17968,17969,17966,3,-3
2022-02-14 15:00:03.376,17968,17969,17964,1,-1
2022-02-14 15:00:03.377,17968,17969,17966,1,-1
2022-02-14 15:00:03.377,17968,17969,17966,1,-1
2022-02-14 15:00:03.377,17968,17969,17967,1,-1
2022-02-14 15:00:03.377,17968,17969,17967,1,-1
2022-02-14 15:00:03.377,17968,17969,17967,1,-1
2022-02-14 15:00:03.389,17965,17968,17965,1,-1
2022-02-14 15:00:03.398,17965,17968,17968,2,2
2022-02-14 15:00:03.398,17965,17968,17969,2,2
2022-02-14 15:00:03.430,17965,17968,17969,1,1
2022-02-14 15:00:03.446,17965,17968,17969,1,1
2022-02-14 15:00:03.448,17965,17968,17969,1,1
2022-02-14 15:00:03.522,17969,17971,17969,1,-1
2022-02-14 15:00:03.600,17969,17971,17969,1,-1
2022-02-14 15:00:03.749,17969,17970,17969,1,-1
2022-02-14 15:00:03.788,17969,17970,17969,2,-2
2022-02-14 15:00:03.788,17969,17970,17969,3,-3
2022-02-14 15:00:03.823,17969,17970,17969,1,-1
2022-02-14 15:00:03.833,17969,17970,17969,1,-1
2022-02-14 15:00:03.900,17969,17970,17969,1,-1
2022-02-14 15:00:04.008,17969,17970,17969,2,-2
2022-02-14 15:00:04.043,17969,17970,17969,2,-2
2022-02-14 15:00:04.053,17969,17970,17970,1,1
2022-02-14 15:00:04.182,17969,17970,17969,5,-5
2022-02-14 15:00:04.242,17969,17970,17970,1,1
2022-02-14 15:00:04.251,17969,17970,17969,1,-1
2022-02-14 15:00:04.339,17969,17970,17969,1,-1
2022-02-14 15:00:04.440,17969,17970,17969,1,-1
2022-02-14 15:00:04.651,17967,17969,17967,1,-1
2022-02-14 15:00:04.914,17966,17969,17966,1,-1
2022-02-14 15:00:04.922,17966,17969,17970,1,1
2022-02-14 15:00:05.215,17971,17972,17972,2,2
2022-02-14 15:00:05.215,17971,17972,17972,2,2
2022-02-14 15:00:05.216,17971,17972,17973,2,2
2022-02-14 15:00:05.220,17971,17972,17972,1,1
2022-02-14 15:00:06.099,17973,17975,17973,1,-1
2022-02-14 15:00:06.138,17973,17975,17975,1,1
2022-02-14 15:00:06.234,17973,17975,17976,1,1
2022-02-14 15:00:06.234,17973,17975,17977,6,6
2022-02-14 15:00:06.434,17977,17979,17977,1,-1
2022-02-14 15:00:06.436,17977,17979,17977,1,-1
2022-02-14 15:00:06.538,17977,17979,17977,1,-1
2022-02-14 15:00:06.542,17977,17979,17978,1,1
2022-02-14 15:00:06.635,17977,17979,17977,1,-1
2022-02-14 15:00:07.078,17977,17979,17979,1,1
2022-02-14 15:00:07.290,17979,17980,17980,1,1
2022-02-14 15:00:07.335,17979,17980,17979,1,-1
2022-02-14 15:00:07.971,17980,17981,17980,1,-1
2022-02-14 15:00:08.272,17980,17981,17980,1,-1
2022-02-14 15:00:08.507,17980,17981,17980,1,-1
2022-02-14 15:00:08.507,17980,17981,17980,3,-3
2022-02-14 15:00:08.516,17978,17981,17981,1,1
2022-02-14 15:00:08.519,17978,17981,17978,2,-2
2022-02-14 15:00:08.537,17978,17981,17980,1,1
2022-02-14 15:00:08.611,17978,17981,17978,3,-3
2022-02-14 15:00:08.631,17978,17981,17978,2,-2
2022-02-14 15:00:08.653,17978,17979,17978,2,-2
2022-02-14 15:00:08.655,17978,17979,17978,1,-1
2022-02-14 15:00:08.708,17978,17979,17977,2,-2
2022-02-14 15:00:08.710,17978,17979,17977,3,-3
2022-02-14 15:00:08.844,17976,17978,17978,1,1
2022-02-14 15:00:08.845,17976,17978,17978,2,2
2022-02-14 15:00:08.857,17976,17978,17978,1,1
2022-02-14 15:00:08.939,17978,17979,17979,1,1
2022-02-14 15:00:09.041,17978,17980,17980,1,1
2022-02-14 15:00:09.344,17978,17980,17979,1,1
2022-02-14 15:00:09.371,17978,17980,17980,1,1
2022-02-14 15:00:09.593,17978,17980,17978,1,-1
2022-02-14 15:00:09.979,17977,17979,17979,1,1
2022-02-14 15:00:09.998,17977,17979,17979,2,2
2022-02-14 15:00:09.998,17977,17979,17980,2,2
2022-02-14 15:00:10.025,17978,17980,17978,1,-1
2022-02-14 15:00:10.129,17978,17980,17977,1,-1
2022-02-14 15:00:10.449,17977,17979,17979,1,1
2022-02-14 15:00:10.615,17977,17979,17977,2,-2
2022-02-14 15:00:11.317,17977,17978,17978,1,1
2022-02-14 15:00:11.344,17977,17978,17979,1,1
2022-02-14 15:00:11.795,17977,17979,17979,1,1
2022-02-14 15:00:12.462,17977,17979,17977,2,-2
2022-02-14 15:00:12.692,17976,17978,17976,1,-1
2022-02-14 15:00:12.933,17976,17978,17976,1,-1
2022-02-14 15:00:13.084,17976,17978,17977,2,2
2022-02-14 15:00:13.422,17977,17978,17978,1,1
2022-02-14 15:00:13.753,17977,17979,17977,1,-1
2022-02-14 15:00:13.945,17977,17979,17979,2,2
2022-02-14 15:00:14.035,17978,17980,17980,7,7
2022-02-14 15:00:14.150,17980,17981,17980,1,-1
2022-02-14 15:00:14.182,17980,17981,17980,1,-1
2022-02-14 15:00:14.734,17979,17981,17981,1,1
2022-02-14 15:00:15.028,17979,17981,17979,2,-2
2022-02-14 15:00:15.082,17979,17981,17979,1,-1
2022-02-14 15:00:15.434,17978,17980,17978,2,-2
2022-02-14 15:00:15.679,17978,17980,17978,1,-1
2022-02-14 15:00:15.795,17978,17980,17980,1,1
2022-02-14 15:00:16.572,17978,17980,17980,1,1
2022-02-14 15:00:16.841,17980,17981,17980,1,-1
2022-02-14 15:00:16.873,17980,17981,17980,1,-1
2022-02-14 15:00:17.234,17979,17981,17981,3,3
2022-02-14 15:00:18.130,17981,17982,17982,8,8
2022-02-14 15:00:18.131,17981,17982,17983,4,4
2022-02-14 15:00:18.131,17981,17982,17983,2,2
2022-02-14 15:00:18.229,17982,17984,17984,3,3
2022-02-14 15:00:18.433,17983,17985,17983,1,-1
2022-02-14 15:00:18.501,17983,17985,17985,2,2
2022-02-14 15:00:18.728,17984,17986,17984,2,-2
2022-02-14 15:00:18.807,17984,17986,17984,2,-2
2022-02-14 15:00:18.911,17984,17986,17986,2,2
2022-02-14 15:00:19.482,17985,17987,17985,2,-2
2022-02-14 15:00:19.556,17985,17987,17985,1,-1
2022-02-14 15:00:19.699,17984,17987,17987,2,2
2022-02-14 15:00:20.076,17985,17987,17987,4,4
2022-02-14 15:00:21.856,17986,17988,17988,3,3
2022-02-14 15:00:21.870,17986,17988,17988,1,1
2022-02-14 15:00:22.302,17987,17988,17987,1,-1
2022-02-14 15:00:22.302,17987,17988,17986,3,-3
2022-02-14 15:00:22.360,17987,17988,17986,1,-1
2022-02-14 15:00:22.376,17987,17988,17987,1,-1
2022-02-14 15:00:22.457,17985,17987,17985,1,-1
2022-02-14 15:00:22.490,17985,17987,17986,1,1
2022-02-14 15:00:22.501,17985,17987,17988,1,1
2022-02-14 15:00:22.869,17986,17987,17986,2,-2
2022-02-14 15:00:23.428,17986,17987,17986,1,-1
2022-02-14 15:00:23.429,17986,17987,17986,2,-2
2022-02-14 15:00:23.485,17986,17987,17985,1,-1
2022-02-14 15:00:23.520,17983,17985,17983,1,-1
2022-02-14 15:00:23.582,17983,17985,17984,1,1
2022-02-14 15:00:23.855,17983,17985,17984,1,1
2022-02-14 15:00:24.028,17983,17985,17983,1,-1
2022-02-14 15:00:24.439,17982,17984,17982,1,-1
2022-02-14 15:00:24.850,17982,17984,17982,1,-1
2022-02-14 15:00:24.855,17982,17984,17983,1,1
2022-02-14 15:00:24.929,17981,17984,17981,2,-2
2022-02-14 15:00:25.779,17980,17983,17980,2,-2
2022-02-14 15:00:25.785,17980,17983,17982,1,1
2022-02-14 15:00:25.848,17980,17983,17980,2,-2
2022-02-14 15:00:26.129,17980,17983,17980,2,-2
2022-02-14 15:00:27.616,17980,17982,17980,2,-2
2022-02-14 15:00:27.672,17980,17982,17980,1,-1
2022-02-14 15:00:27.848,17980,17981,17981,1,1
2022-02-14 15:00:28.350,17980,17981,17981,1,1
2022-02-14 15:00:28.871,17980,17982,17982,1,1
2022-02-14 15:00:29.006,17980,17982,17980,1,-1
2022-02-14 15:00:29.142,17980,17982,17982,2,2
2022-02-14 15:00:31.582,17980,17981,17980,3,-3
2022-02-14 15:00:31.618,17980,17981,17980,2,-2
2022-02-14 15:00:32.034,17980,17981,17980,3,-3
2022-02-14 15:00:32.291,17979,17980,17980,1,1
2022-02-14 15:00:32.465,17979,17981,17981,1,1
2022-02-14 15:00:32.670,17979,17980,17979,1,-1
2022-02-14 15:00:32.670,17979,17980,17978,1,-1
2022-02-14 15:00:33.138,17977,17980,17980,1,1
2022-02-14 15:00:34.271,17977,17979,17977,1,-1
2022-02-14 15:00:34.271,17977,17979,17976,1,-1
2022-02-14 15:00:34.606,17976,17978,17978,1,1
2022-02-14 15:00:34.956,17976,17978,17976,1,-1
2022-02-14 15:00:35.674,17976,17977,17976,1,-1
2022-02-14 15:00:36.045,17975,17977,17977,1,1
2022-02-14 15:00:36.258,17975,17977,17976,1,1
2022-02-14 15:00:37.049,17976,17977,17977,1,1
2022-02-14 15:00:38.056,17976,17977,17976,1,-1
2022-02-14 15:00:38.804,17976,17977,17976,1,-1
2022-02-14 15:00:39.224,17975,17976,17975,2,-2
2022-02-14 15:00:39.486,17974,17976,17976,1,1
2022-02-14 15:00:40.009,17974,17976,17976,1,1
2022-02-14 15:00:40.221,17974,17976,17974,1,-1
2022-02-14 15:00:40.424,17974,17976,17976,2,2
2022-02-14 15:00:40.424,17974,17976,17977,8,8
2022-02-14 15:00:40.800,17976,17978,17978,1,1
2022-02-14 15:00:40.846,17976,17978,17976,1,-1
2022-02-14 15:00:41.800,17976,17978,17978,1,1
2022-02-14 15:00:42.217,17977,17979,17977,1,-1
2022-02-14 15:00:43.921,17978,17979,17979,3,3
2022-02-14 15:00:44.046,17979,17981,17979,1,-1
2022-02-14 15:00:44.178,17979,17981,17981,1,1
2022-02-14 15:00:44.212,17979,17981,17979,1,-1
2022-02-14 15:00:46.299,17979,17981,17979,1,-1
2022-02-14 15:00:50.045,17979,17980,17979,1,-1
2022-02-14 15:00:50.157,17979,17980,17980,3,3
2022-02-14 15:00:50.308,17979,17981,17979,1,-1
2022-02-14 15:00:50.427,17979,17981,17979,1,-1
2022-02-14 15:00:50.696,17979,17981,17979,1,-1
2022-02-14 15:00:52.143,17979,17980,17979,2,-2
2022-02-14 15:00:52.328,17978,17980,17978,10,-10
2022-02-14 15:00:52.328,17978,17980,17978,1,-1
2022-02-14 15:00:52.370,17978,17980,17977,2,-2
2022-02-14 15:00:54.321,17976,17978,17976,1,-1
2022-02-14 15:00:54.594,17976,17978,17978,4,4
2022-02-14 15:00:54.594,17976,17978,17979,4,4
2022-02-14 15:00:54.595,17976,17978,17979,2,2
2022-02-14 15:00:54.905,17977,17980,17980,3,3
2022-02-14 15:00:55.933,17977,17979,17977,1,-1
2022-02-14 15:00:56.083,17976,17978,17978,1,1
2022-02-14 15:00:57.105,17976,17978,17978,1,1
2022-02-14 15:00:57.827,17976,17978,17976,2,-2
2022-02-14 15:00:58.771,17975,17976,17976,4,4
2022-02-14 15:00:58.771,17975,17976,17977,5,5
2022-02-14 15:00:58.771,17975,17976,17978,8,8
2022-02-14 15:00:58.772,17975,17976,17976,3,3
2022-02-14 15:00:58.772,17975,17976,17975,1,-1
2022-02-14 15:00:58.784,17975,17976,17976,1,1
2022-02-14 15:00:58.963,17975,17977,17975,1,-1
2022-02-14 15:00:59.163,17975,17977,17975,1,-1
2022-02-14 15:00:59.363,17975,17977,17975,1,-1
2022-02-14 15:00:59.515,17976,17977,17976,1,-1
2022-02-14 15:01:00.039,17975,17977,17975,2,-2
2022-02-14 15:01:00.053,17975,17977,17975,1,-1
2022-02-14 15:01:00.278,17974,17977,17974,1,-1
2022-02-14 15:01:00.480,17974,17976,17976,1,1
2022-02-14 15:01:00.510,17974,17976,17977,2,2
2022-02-14 15:01:01.952,17975,17978,17978,1,1
2022-02-14 15:01:02.327,17976,17978,17976,1,-1
2022-02-14 15:01:04.248,17976,17977,17977,1,1
2022-02-14 15:01:04.510,17976,17977,17977,1,1
2022-02-14 15:01:04.526,17976,17978,17978,1,1
2022-02-14 15:01:04.580,17976,17978,17979,2,2
2022-02-14 15:01:04.629,17976,17978,17980,2,2
2022-02-14 15:01:04.678,17977,17980,17980,2,2
2022-02-14 15:01:06.368,17977,17980,17977,2,-2
2022-02-14 15:01:08.357,17977,17978,17978,2,2
2022-02-14 15:01:09.026,17977,17979,17979,1,1
2022-02-14 15:01:09.026,17977,17979,17980,1,1
2022-02-14 15:01:10.230,17977,17979,17977,1,-1
2022-02-14 15:01:10.266,17977,17978,17977,3,-3
2022-02-14 15:01:12.533,17976,17977,17977,1,1
2022-02-14 15:01:13.885,17976,17977,17976,1,-1
2022-02-14 15:01:13.887,17976,17977,17976,2,-2
2022-02-14 15:01:13.888,17976,17977,17975,3,-3
2022-02-14 15:01:14.511,17974,17975,17974,1,-1
2022-02-14 15:01:14.696,17974,17975,17974,1,-1
2022-02-14 15:01:14.731,17974,17975,17974,1,-1
2022-02-14 15:01:14.732,17974,17975,17973,2,-2
2022-02-14 15:01:16.057,17972,17974,17974,1,1
2022-02-14 15:01:16.147,17972,17973,17973,1,1
2022-02-14 15:01:16.147,17972,17973,17974,1,1
2022-02-14 15:01:16.148,17972,17973,17972,4,-4
2022-02-14 15:01:17.806,17972,17974,17972,2,-2
2022-02-14 15:01:18.431,17971,17973,17972,1,1
2022-02-14 15:01:18.976,17971,17972,17972,1,1
2022-02-14 15:01:19.016,17971,17973,17971,3,-3
2022-02-14 15:01:19.985,17970,17971,17970,1,-1
2022-02-14 15:01:20.316,17970,17971,17970,1,-1
2022-02-14 15:01:20.411,17970,17971,17970,1,-1
2022-02-14 15:01:20.412,17970,17971,17970,5,-5
2022-02-14 15:01:21.279,17969,17970,17969,1,-1
2022-02-14 15:01:21.634,17969,17970,17970,1,1
2022-02-14 15:01:22.497,17969,17970,17969,3,-3
2022-02-14 15:01:22.498,17969,17970,17968,9,-9
2022-02-14 15:01:22.649,17967,17969,17969,3,3
2022-02-14 15:01:22.649,17967,17969,17970,2,2
2022-02-14 15:01:23.010,17967,17969,17969,2,2
2022-02-14 15:01:24.013,17967,17969,17967,1,-1
2022-02-14 15:01:24.774,17968,17969,17969,1,1
2022-02-14 15:01:24.774,17968,17969,17968,2,-2
2022-02-14 15:01:25.104,17967,17969,17967,1,-1
2022-02-14 15:01:27.043,17967,17968,17967,1,-1
2022-02-14 15:01:27.052,17967,17968,17966,1,-1
2022-02-14 15:01:27.066,17967,17968,17967,1,-1
2022-02-14 15:01:27.692,17965,17966,17965,2,-2
2022-02-14 15:01:27.931,17964,17965,17965,1,1
2022-02-14 15:01:28.857,17964,17965,17964,1,-1
2022-02-14 15:01:28.857,17964,17965,17964,1,-1
2022-02-14 15:01:29.388,17963,17965,17963,1,-1
2022-02-14 15:01:30.301,17963,17964,17964,2,2
2022-02-14 15:01:30.902,17964,17965,17965,1,1
2022-02-14 15:01:31.248,17964,17965,17964,1,-1
2022-02-14 15:01:31.584,17964,17965,17964,1,-1
2022-02-14 15:01:31.765,17964,17965,17965,1,1
2022-02-14 15:01:31.951,17964,17965,17964,1,-1
2022-02-14 15:01:31.951,17964,17965,17963,1,-1
2022-02-14 15:01:32.180,17963,17965,17965,1,1
2022-02-14 15:01:33.385,17963,17964,17964,1,1
2022-02-14 15:01:33.405,17963,17964,17963,1,-1
2022-02-14 15:01:33.689,17962,17964,17962,1,-1
2022-02-14 15:01:33.693,17962,17964,17962,1,-1
2022-02-14 15:01:33.794,17961,17963,17964,1,1
2022-02-14 15:01:33.965,17962,17964,17962,1,-1
2022-02-14 15:01:34.181,17962,17964,17963,1,1
2022-02-14 15:01:34.474,17962,17963,17963,1,1
2022-02-14 15:01:34.894,17963,17965,17963,1,-1
2022-02-14 15:01:35.462,17963,17964,17963,1,-1
2022-02-14 15:01:35.462,17963,17964,17962,1,-1
2022-02-14 15:01:35.485,17963,17964,17963,1,-1
2022-02-14 15:01:35.587,17962,17963,17963,1,1
2022-02-14 15:01:36.275,17962,17963,17962,1,-1
2022-02-14 15:01:36.570,17961,17963,17962,1,1
2022-02-14 15:01:36.583,17961,17963,17961,1,-1
2022-02-14 15:01:36.583,17961,17963,17961,2,-2
2022-02-14 15:01:37.605,17960,17961,17960,3,-3
2022-02-14 15:01:37.605,17960,17961,17959,2,-2
2022-02-14 15:01:37.691,17958,17960,17960,1,1
2022-02-14 15:01:37.789,17958,17960,17959,1,1
2022-02-14 15:01:37.870,17958,17960,17960,1,1
2022-02-14 15:01:38.047,17959,17961,17959,1,-1
2022-02-14 15:01:38.089,17959,17961,17959,1,-1
2022-02-14 15:01:38.652,17959,17961,17961,1,1
2022-02-14 15:01:38.670,17959,17961,17961,3,3
2022-02-14 15:01:38.813,17961,17962,17961,2,-2
2022-02-14 15:01:39.014,17961,17962,17962,1,1
2022-02-14 15:01:39.407,17961,17962,17961,1,-1
2022-02-14 15:01:39.914,17961,17962,17962,1,1
2022-02-14 15:01:40.158,17961,17962,17961,1,-1
2022-02-14 15:01:40.159,17961,17962,17961,5,-5
2022-02-14 15:01:40.159,17961,17962,17961,1,-1
2022-02-14 15:01:40.666,17960,17961,17960,1,-1
2022-02-14 15:01:40.890,17960,17961,17960,1,-1
2022-02-14 15:01:40.967,17960,17961,17961,2,2
2022-02-14 15:01:41.475,17960,17961,17961,1,1
2022-02-14 15:01:41.773,17960,17961,17960,1,-1
2022-02-14 15:01:41.905,17960,17961,17961,1,1
2022-02-14 15:01:42.149,17960,17961,17960,1,-1
2022-02-14 15:01:42.450,17960,17961,17961,1,1
2022-02-14 15:01:43.742,17961,17962,17960,1,-1
2022-02-14 15:01:43.979,17960,17961,17961,1,1
2022-02-14 15:01:44.570,17960,17961,17960,1,-1
2022-02-14 15:01:44.939,17960,17961,17960,1,-1
2022-02-14 15:01:45.191,17959,17961,17960,1,1
2022-02-14 15:01:45.700,17959,17960,17959,1,-1
2022-02-14 15:01:45.700,17959,17960,17958,7,-7
2022-02-14 15:01:45.700,17959,17960,17957,10,-10
2022-02-14 15:01:45.700,17959,17960,17956,5,-5
2022-02-14 15:01:45.843,17957,17958,17957,1,-1
2022-02-14 15:01:45.847,17957,17958,17957,1,-1
2022-02-14 15:01:45.848,17957,17958,17956,1,-1
2022-02-14 15:01:45.853,17957,17958,17956,1,-1
2022-02-14 15:01:45.856,17957,17958,17956,1,-1
2022-02-14 15:01:45.856,17957,17958,17956,1,-1
2022-02-14 15:01:45.863,17957,17958,17956,1,-1
2022-02-14 15:01:45.910,17956,17958,17956,1,-1
2022-02-14 15:01:45.916,17956,17958,17956,1,-1
2022-02-14 15:01:45.971,17956,17958,17956,1,-1
2022-02-14 15:01:46.231,17956,17957,17956,2,-2
2022-02-14 15:01:46.320,17956,17958,17956,1,-1
2022-02-14 15:01:46.392,17956,17957,17956,1,-1
2022-02-14 15:01:46.461,17956,17957,17957,1,1
2022-02-14 15:01:46.765,17956,17957,17956,1,-1
2022-02-14 15:01:46.766,17956,17957,17956,1,-1
2022-02-14 15:01:47.032,17956,17957,17957,3,3
2022-02-14 15:01:47.114,17956,17957,17957,1,1
2022-02-14 15:01:47.253,17956,17957,17956,1,-1
2022-02-14 15:01:47.308,17956,17957,17956,1,-1
2022-02-14 15:01:47.440,17956,17957,17957,2,2
2022-02-14 15:01:47.440,17956,17957,17958,1,1
2022-02-14 15:01:47.562,17956,17958,17958,1,1
2022-02-14 15:01:47.828,17956,17958,17956,1,-1
2022-02-14 15:01:47.986,17956,17958,17958,1,1
2022-02-14 15:01:48.071,17956,17958,17956,1,-1
2022-02-14 15:01:48.188,17956,17958,17956,3,-3
2022-02-14 15:01:49.713,17956,17957,17956,1,-1
2022-02-14 15:01:50.504,17955,17957,17957,1,1
2022-02-14 15:01:50.649,17955,17957,17957,1,1
2022-02-14 15:01:50.682,17955,17957,17956,1,1
2022-02-14 15:01:51.454,17956,17958,17956,1,-1
2022-02-14 15:01:51.850,17955,17958,17956,1,-1
2022-02-14 15:01:52.810,17956,17958,17958,1,1
2022-02-14 15:01:53.528,17956,17958,17958,1,1
2022-02-14 15:01:53.860,17957,17958,17958,1,1
2022-02-14 15:01:54.288,17957,17958,17958,1,1
2022-02-14 15:01:54.355,17957,17958,17957,3,-3
2022-02-14 15:01:54.355,17957,17958,17956,3,-3
2022-02-14 15:01:54.699,17956,17958,17958,1,1
2022-02-14 15:01:55.071,17956,17958,17958,3,3
2022-02-14 15:01:55.349,17958,17959,17958,1,-1
2022-02-14 15:01:56.047,17958,17959,17959,1,1
2022-02-14 15:01:57.206,17959,17960,17959,1,-1
2022-02-14 15:01:58.651,17959,17960,17960,1,1
2022-02-14 15:01:58.816,17960,17961,17961,1,1
2022-02-14 15:01:59.752,17961,17963,17963,2,2
2022-02-14 15:01:59.836,17962,17963,17962,2,-2
2022-02-14 15:02:00.020,17961,17963,17961,1,-1
2022-02-14 15:02:00.020,17961,17963,17961,1,-1
2022-02-14 15:02:00.022,17961,17963,17961,1,-1
2022-02-14 15:02:00.300,17960,17962,17962,1,1
2022-02-14 15:02:00.970,17961,17962,17961,1,-1
2022-02-14 15:02:01.748,17960,17962,17962,1,1
2022-02-14 15:02:02.669,17961,17962,17962,1,1
2022-02-14 15:02:04.214,17963,17964,17963,2,-2
2022-02-14 15:02:06.362,17961,17964,17961,1,-1
2022-02-14 15:02:07.690,17962,17963,17962,1,-1
2022-02-14 15:02:07.690,17962,17963,17962,1,-1
2022-02-14 15:02:08.024,17961,17962,17961,1,-1
2022-02-14 15:02:08.024,17961,17962,17960,3,-3
2022-02-14 15:02:09.518,17960,17962,17962,1,1
2022-02-14 15:02:12.297,17961,17962,17961,1,-1
2022-02-14 15:02:13.090,17959,17961,17959,1,-1
2022-02-14 15:02:13.090,17959,17961,17959,3,-3
2022-02-14 15:02:13.564,17958,17960,17960,2,2
2022-02-14 15:02:13.564,17958,17960,17961,1,1
2022-02-14 15:02:13.787,17959,17961,17959,1,-1
2022-02-14 15:02:14.049,17959,17961,17961,1,1
2022-02-14 15:02:14.287,17960,17961,17960,1,-1
2022-02-14 15:02:16.192,17958,17960,17958,1,-1
2022-02-14 15:02:16.487,17958,17959,17959,4,4
2022-02-14 15:02:16.487,17958,17959,17960,2,2
2022-02-14 15:02:18.136,17958,17959,17958,1,-1
2022-02-14 15:02:18.136,17958,17959,17958,1,-1
2022-02-14 15:02:18.136,17958,17959,17957,2,-2
2022-02-14 15:02:21.247,17958,17959,17958,2,-2
2022-02-14 15:02:22.044,17958,17959,17959,1,1
2022-02-14 15:02:22.591,17959,17960,17959,1,-1
2022-02-14 15:02:23.417,17958,17960,17958,2,-2
2022-02-14 15:02:23.418,17958,17960,17958,1,-1
2022-02-14 15:02:23.418,17958,17960,17957,3,-3
2022-02-14 15:02:25.255,17958,17960,17958,3,-3
2022-02-14 15:02:25.537,17958,17960,17958,2,-2
2022-02-14 15:02:25.537,17958,17960,17957,1,-1
2022-02-14 15:02:26.771,17958,17960,17958,1,-1
2022-02-14 15:02:27.798,17958,17959,17958,1,-1
2022-02-14 15:02:28.311,17958,17959,17959,1,1
2022-02-14 15:02:28.367,17958,17959,17958,1,-1
2022-02-14 15:02:28.865,17957,17959,17960,1,1
2022-02-14 15:02:29.440,17958,17960,17958,1,-1
2022-02-14 15:02:29.440,17958,17960,17957,2,-2
2022-02-14 15:02:32.990,17957,17958,17958,1,1
2022-02-14 15:02:33.629,17957,17958,17958,1,1
2022-02-14 15:02:40.923,17958,17959,17959,1,1
2022-02-14 15:02:41.181,17958,17959,17960,1,1
2022-02-14 15:02:42.294,17958,17960,17960,2,2
2022-02-14 15:02:44.045,17959,17960,17960,3,3
2022-02-14 15:02:44.280,17960,17961,17960,1,-1
2022-02-14 15:02:45.285,17960,17961,17960,1,-1
2022-02-14 15:02:50.691,17960,17961,17961,2,2
2022-02-14 15:02:50.692,17960,17961,17961,1,1
2022-02-14 15:02:50.704,17960,17961,17962,12,12
2022-02-14 15:02:50.707,17960,17961,17962,1,1
2022-02-14 15:02:50.707,17960,17961,17961,2,2
2022-02-14 15:02:53.206,17962,17963,17962,1,-1
2022-02-14 15:02:53.206,17962,17963,17961,5,-5
2022-02-14 15:02:54.703,17961,17962,17962,1,1
2022-02-14 15:02:58.913,17961,17962,17961,1,-1
2022-02-14 15:02:59.053,17960,17961,17960,3,-3
2022-02-14 15:02:59.054,17960,17961,17960,1,-1
2022-02-14 15:02:59.054,17960,17961,17960,1,-1
2022-02-14 15:02:59.054,17960,17961,17960,1,-1
2022-02-14 15:02:59.054,17960,17961,17960,1,-1
2022-02-14 15:02:59.054,17960,17961,17960,4,-4
2022-02-14 15:02:59.055,17960,17961,17960,3,-3
2022-02-14 15:03:00.047,17959,17961,17961,1,1
2022-02-14 15:03:00.069,17959,17961,17961,1,1
2022-02-14 15:03:00.102,17959,17961,17961,1,1
2022-02-14 15:03:00.137,17959,17961,17961,1,1
2022-02-14 15:03:00.226,17960,17961,17961,1,1
2022-02-14 15:03:00.226,17960,17961,17962,1,1
2022-02-14 15:03:00.396,17960,17962,17960,1,-1
2022-02-14 15:03:00.579,17960,17962,17960,3,-3
2022-02-14 15:03:01.343,17960,17962,17960,2,-2
2022-02-14 15:03:01.343,17960,17962,17959,1,-1
2022-02-14 15:03:01.578,17960,17961,17960,1,-1
2022-02-14 15:03:01.578,17960,17961,17959,2,-2
2022-02-14 15:03:01.928,17959,17961,17959,3,-3
2022-02-14 15:03:01.928,17959,17961,17958,6,-6
2022-02-14 15:03:02.110,17958,17960,17958,3,-3
2022-02-14 15:03:02.929,17958,17960,17958,1,-1
2022-02-14 15:03:02.929,17958,17960,17957,5,-5
2022-02-14 15:03:03.677,17957,17959,17957,2,-2
2022-02-14 15:03:03.677,17957,17959,17956,14,-14
2022-02-14 15:03:03.677,17957,17959,17955,5,-5
2022-02-14 15:03:04.176,17955,17957,17955,2,-2
2022-02-14 15:03:04.507,17955,17956,17955,3,-3
2022-02-14 15:03:05.099,17955,17956,17955,1,-1
2022-02-14 15:03:05.127,17955,17956,17955,2,-2
2022-02-14 15:03:05.840,17954,17955,17954,6,-6
2022-02-14 15:03:05.970,17954,17955,17954,1,-1
2022-02-14 15:03:06.187,17954,17955,17954,1,-1
2022-02-14 15:03:06.188,17954,17955,17954,1,-1
2022-02-14 15:03:06.372,17952,17954,17952,1,-1
2022-02-14 15:03:06.391,17952,17953,17952,7,-7
2022-02-14 15:03:06.393,17952,17953,17951,3,-3
2022-02-14 15:03:06.393,17952,17953,17951,2,-2
2022-02-14 15:03:06.393,17952,17953,17951,1,-1
2022-02-14 15:03:06.393,17952,17953,17951,1,-1
2022-02-14 15:03:06.393,17952,17953,17951,1,-1
2022-02-14 15:03:06.516,17950,17951,17950,16,-16
2022-02-14 15:03:06.642,17949,17950,17949,1,-1
2022-02-14 15:03:06.649,17949,17950,17950,1,1
2022-02-14 15:03:06.650,17949,17950,17950,1,1
2022-02-14 15:03:06.650,17949,17950,17950,2,2
2022-02-14 15:03:06.654,17949,17950,17950,1,1
2022-02-14 15:03:06.656,17949,17950,17950,1,1
2022-02-14 15:03:06.660,17949,17950,17950,2,2
2022-02-14 15:03:06.737,17949,17950,17949,3,-3
2022-02-14 15:03:06.766,17949,17951,17949,3,-3
2022-02-14 15:03:06.767,17949,17951,17948,3,-3
2022-02-14 15:03:06.789,17949,17951,17948,2,-2
2022-02-14 15:03:06.802,17949,17951,17948,1,-1
2022-02-14 15:03:06.825,17949,17951,17948,1,-1
2022-02-14 15:03:06.825,17949,17951,17947,1,-1
2022-02-14 15:03:06.843,17949,17951,17948,1,-1
2022-02-14 15:03:06.843,17949,17951,17947,1,-1
2022-02-14 15:03:06.851,17949,17951,17947,1,-1
2022-02-14 15:03:06.872,17949,17951,17947,1,-1
2022-02-14 15:03:06.892,17947,17949,17947,1,-1
2022-02-14 15:03:06.894,17947,17949,17948,1,1
2022-02-14 15:03:06.894,17947,17949,17948,1,1
2022-02-14 15:03:06.900,17947,17949,17948,1,1
2022-02-14 15:03:06.905,17947,17949,17948,9,9
2022-02-14 15:03:06.948,17947,17949,17951,1,1
2022-02-14 15:03:06.981,17947,17949,17950,3,3
2022-02-14 15:03:06.983,17947,17949,17950,2,2
2022-02-14 15:03:07.016,17950,17952,17950,1,-1
2022-02-14 15:03:07.029,17950,17952,17949,1,-1
2022-02-14 15:03:07.077,17950,17952,17951,1,1
2022-02-14 15:03:07.115,17950,17952,17949,2,-2
2022-02-14 15:03:07.115,17950,17952,17948,6,-6
2022-02-14 15:03:07.141,17948,17950,17948,2,-2
2022-02-14 15:03:07.143,17948,17950,17948,2,-2
2022-02-14 15:03:07.314,17948,17949,17949,3,3
2022-02-14 15:03:07.573,17951,17952,17953,1,1
2022-02-14 15:03:07.573,17951,17952,17954,2,2
2022-02-14 15:03:08.528,17951,17953,17951,1,-1
2022-02-14 15:03:09.253,17949,17951,17949,2,-2
2022-02-14 15:03:09.261,17949,17951,17948,2,-2
2022-02-14 15:03:09.266,17947,17949,17948,1,1
2022-02-14 15:03:09.266,17947,17949,17947,1,-1
2022-02-14 15:03:09.270,17947,17949,17947,1,-1
2022-02-14 15:03:09.358,17947,17949,17948,1,1
2022-02-14 15:03:09.491,17946,17948,17948,1,1
2022-02-14 15:03:10.370,17946,17947,17946,1,-1
2022-02-14 15:03:10.568,17946,17947,17946,6,-6
2022-02-14 15:03:10.569,17946,17947,17946,1,-1
2022-02-14 15:03:10.569,17946,17947,17945,1,-1
2022-02-14 15:03:10.569,17946,17947,17945,2,-2
2022-02-14 15:03:10.626,17946,17947,17945,1,-1
2022-02-14 15:03:10.709,17945,17947,17947,1,1
2022-02-14 15:03:12.216,17945,17947,17947,1,1
2022-02-14 15:03:12.246,17945,17947,17947,1,1
2022-02-14 15:03:13.315,17945,17947,17945,1,-1
2022-02-14 15:03:13.491,17945,17946,17945,5,-5
2022-02-14 15:03:14.267,17945,17946,17945,1,-1
2022-02-14 15:03:14.417,17945,17946,17946,1,1
2022-02-14 15:03:14.664,17945,17946,17946,1,1
2022-02-14 15:03:15.405,17945,17946,17946,1,1
2022-02-14 15:03:15.545,17945,17947,17945,1,-1
2022-02-14 15:03:15.939,17945,17946,17945,1,-1
2022-02-14 15:03:17.360,17945,17946,17945,1,-1
2022-02-14 15:03:17.562,17943,17945,17945,1,1
2022-02-14 15:03:17.806,17943,17945,17945,2,2
2022-02-14 15:03:18.444,17944,17945,17944,1,-1
2022-02-14 15:03:18.666,17943,17945,17945,2,2
2022-02-14 15:03:18.831,17944,17946,17944,2,-2
2022-02-14 15:03:21.000,17944,17945,17945,1,1
2022-02-14 15:03:21.859,17945,17946,17945,1,-1
2022-02-14 15:03:22.520,17945,17946,17946,2,2
2022-02-14 15:03:22.827,17946,17947,17947,1,1
2022-02-14 15:03:23.299,17946,17947,17946,1,-1
2022-02-14 15:03:23.685,17946,17947,17947,3,3
2022-02-14 15:03:24.037,17947,17948,17948,1,1
2022-02-14 15:03:24.529,17948,17949,17948,1,-1
2022-02-14 15:03:24.656,17948,17949,17948,1,-1
2022-02-14 15:03:24.656,17948,17949,17947,4,-4
2022-02-14 15:03:24.760,17948,17949,17947,1,-1
2022-02-14 15:03:24.933,17946,17948,17948,1,1
2022-02-14 15:03:25.368,17946,17948,17948,1,1
2022-02-14 15:03:26.636,17946,17948,17948,5,5
2022-02-14 15:03:27.413,17948,17949,17949,1,1
2022-02-14 15:03:27.743,17951,17953,17951,1,-1
2022-02-14 15:03:29.708,17952,17953,17952,1,-1
2022-02-14 15:03:32.975,17950,17952,17950,1,-1
2022-02-14 15:03:33.836,17950,17952,17952,1,1
2022-02-14 15:03:35.127,17949,17950,17949,1,-1
2022-02-14 15:03:36.628,17949,17950,17949,1,-1
2022-02-14 15:03:37.727,17948,17949,17948,1,-1
2022-02-14 15:03:37.876,17948,17949,17948,1,-1
2022-02-14 15:03:41.605,17948,17949,17949,3,3
2022-02-14 15:03:41.952,17949,17950,17950,1,1
2022-02-14 15:03:43.399,17949,17950,17949,3,-3
2022-02-14 15:03:44.547,17948,17949,17949,5,5
2022-02-14 15:03:46.050,17949,17950,17949,2,-2
2022-02-14 15:03:46.763,17948,17950,17950,5,5
2022-02-14 15:03:47.633,17948,17949,17949,2,2
2022-02-14 15:03:49.936,17949,17950,17950,1,1
2022-02-14 15:03:50.620,17949,17950,17949,1,-1
2022-02-14 15:03:52.001,17949,17950,17950,3,3
2022-02-14 15:03:53.907,17949,17950,17950,1,1
2022-02-14 15:03:54.418,17950,17951,17950,2,-2
2022-02-14 15:03:55.806,17950,17951,17951,3,3
2022-02-14 15:03:55.806,17950,17951,17952,2,2
2022-02-14 15:03:56.017,17950,17953,17953,1,1
2022-02-14 15:03:56.269,17951,17953,17951,2,-2
2022-02-14 15:03:56.270,17951,17953,17951,1,-1
2022-02-14 15:03:56.312,17951,17953,17952,1,1
2022-02-14 15:03:57.930,17951,17953,17951,1,-1
2022-02-14 15:04:01.707,17950,17951,17950,2,-2
2022-02-14 15:04:02.451,17949,17950,17950,1,1
2022-02-14 15:04:02.515,17949,17950,17949,1,-1
2022-02-14 15:04:02.516,17949,17950,17949,1,-1
2022-02-14 15:04:02.516,17949,17950,17949,1,-1
2022-02-14 15:04:02.517,17949,17950,17949,2,-2
2022-02-14 15:04:03.028,17948,17949,17949,1,1
2022-02-14 15:04:03.542,17948,17949,17948,3,-3
2022-02-14 15:04:03.862,17947,17949,17948,1,1
2022-02-14 15:04:04.053,17947,17948,17947,2,-2
2022-02-14 15:04:07.390,17947,17948,17947,1,-1
2022-02-14 15:04:07.390,17947,17948,17947,1,-1
2022-02-14 15:04:07.965,17946,17947,17946,1,-1
2022-02-14 15:04:07.965,17946,17947,17946,1,-1
2022-02-14 15:04:09.062,17947,17948,17948,1,1
2022-02-14 15:04:09.141,17947,17949,17947,1,-1
2022-02-14 15:04:10.050,17946,17948,17948,1,1
2022-02-14 15:04:10.451,17947,17949,17947,2,-2
2022-02-14 15:04:10.451,17947,17949,17946,8,-8
2022-02-14 15:04:11.541,17946,17948,17948,3,3
2022-02-14 15:04:12.814,17946,17947,17946,1,-1
2022-02-14 15:04:13.631,17946,17947,17946,1,-1
2022-02-14 15:04:14.585,17946,17947,17947,1,1
2022-02-14 15:04:14.641,17946,17947,17947,1,1
2022-02-14 15:04:15.657,17947,17948,17948,1,1
2022-02-14 15:04:18.900,17947,17948,17947,4,-4
2022-02-14 15:04:19.469,17946,17947,17947,1,1
2022-02-14 15:04:20.610,17946,17948,17946,1,-1
2022-02-14 15:04:22.005,17946,17948,17948,2,2
2022-02-14 15:04:23.087,17946,17948,17946,1,-1
2022-02-14 15:04:24.331,17946,17947,17947,3,3
2022-02-14 15:04:24.331,17946,17947,17948,7,7
2022-02-14 15:04:24.331,17946,17947,17949,2,2
2022-02-14 15:04:24.469,17947,17949,17949,1,1
2022-02-14 15:04:24.802,17947,17949,17949,1,1
2022-02-14 15:04:24.802,17947,17949,17950,1,1
2022-02-14 15:04:25.634,17948,17949,17949,1,1
2022-02-14 15:04:25.804,17948,17950,17948,1,-1
2022-02-14 15:04:25.940,17948,17950,17950,3,3
2022-02-14 15:04:26.340,17949,17951,17949,1,-1
2022-02-14 15:04:30.505,17948,17949,17949,1,1
2022-02-14 15:04:31.829,17948,17950,17949,2,2
2022-02-14 15:04:31.950,17948,17951,17949,1,-1
2022-02-14 15:04:32.842,17949,17950,17949,2,-2
2022-02-14 15:04:32.842,17949,17950,17948,3,-3
2022-02-14 15:04:34.514,17947,17948,17948,4,4
2022-02-14 15:04:34.514,17947,17948,17949,1,1
2022-02-14 15:04:35.878,17947,17949,17947,1,-1
2022-02-14 15:04:38.519,17947,17949,17947,1,-1
2022-02-14 15:04:40.678,17948,17949,17949,1,1
2022-02-14 15:04:40.776,17948,17949,17949,3,3
2022-02-14 15:04:41.132,17949,17950,17949,1,-1
2022-02-14 15:04:41.190,17949,17950,17949,1,-1
2022-02-14 15:04:41.191,17949,17950,17948,3,-3
2022-02-14 15:04:42.131,17949,17950,17949,1,-1
2022-02-14 15:04:42.573,17948,17950,17950,5,5
2022-02-14 15:04:42.936,17950,17951,17951,1,1
2022-02-14 15:04:42.965,17950,17951,17952,1,1
2022-02-14 15:04:43.164,17950,17952,17952,1,1
2022-02-14 15:04:43.416,17950,17952,17950,4,-4
2022-02-14 15:04:43.770,17950,17952,17952,1,1
2022-02-14 15:04:44.387,17952,17953,17952,2,-2
2022-02-14 15:04:44.563,17952,17953,17952,1,-1
2022-02-14 15:04:45.162,17951,17953,17953,5,5
2022-02-14 15:04:45.166,17951,17953,17954,2,2
2022-02-14 15:04:45.901,17953,17955,17953,1,-1
2022-02-14 15:04:46.108,17952,17954,17952,1,-1
2022-02-14 15:04:46.922,17951,17953,17951,1,-1
2022-02-14 15:04:46.923,17951,17953,17951,1,-1
2022-02-14 15:04:47.256,17951,17953,17953,1,1
2022-02-14 15:04:47.728,17951,17953,17953,1,1
2022-02-14 15:04:49.186,17950,17952,17952,2,2
2022-02-14 15:04:53.419,17950,17952,17952,2,2
2022-02-14 15:04:54.283,17950,17952,17952,1,1
2022-02-14 15:04:54.417,17951,17952,17951,1,-1
2022-02-14 15:04:54.418,17951,17952,17951,1,-1
2022-02-14 15:04:54.569,17950,17951,17951,1,1
2022-02-14 15:04:55.459,17951,17952,17952,1,1
2022-02-14 15:04:57.484,17951,17953,17951,1,-1
2022-02-14 15:05:00.031,17951,17952,17951,1,-1
2022-02-14 15:05:00.031,17951,17952,17950,1,-1
2022-02-14 15:05:00.144,17950,17952,17950,3,-3
2022-02-14 15:05:00.144,17950,17952,17950,1,-1
2022-02-14 15:05:00.144,17950,17952,17950,1,-1
2022-02-14 15:05:00.145,17950,17952,17949,2,-2
2022-02-14 15:05:00.145,17950,17952,17949,1,-1
2022-02-14 15:05:00.147,17950,17952,17949,1,-1
2022-02-14 15:05:00.424,17948,17950,17948,1,-1
2022-02-14 15:05:04.657,17950,17951,17950,1,-1
2022-02-14 15:05:04.766,17949,17951,17949,1,-1
2022-02-14 15:05:04.766,17949,17951,17949,1,-1
2022-02-14 15:05:04.766,17949,17951,17949,1,-1
2022-02-14 15:05:05.158,17948,17950,17948,4,-4
2022-02-14 15:05:06.234,17947,17949,17947,3,-3
2022-02-14 15:05:06.982,17946,17948,17947,1,1
2022-02-14 15:05:08.889,17946,17948,17946,2,-2
2022-02-14 15:05:09.015,17946,17948,17946,1,-1
2022-02-14 15:05:10.185,17946,17948,17946,3,-3
2022-02-14 15:05:10.756,17945,17946,17945,1,-1
2022-02-14 15:05:10.873,17945,17946,17946,2,2
2022-02-14 15:05:10.874,17945,17946,17945,4,-4
2022-02-14 15:05:11.501,17944,17945,17945,1,1
2022-02-14 15:05:11.607,17944,17945,17944,1,-1
2022-02-14 15:05:11.640,17944,17945,17944,1,-1
2022-02-14 15:05:11.641,17944,17945,17944,1,-1
2022-02-14 15:05:11.716,17944,17945,17944,1,-1
2022-02-14 15:05:11.730,17944,17945,17943,1,-1
2022-02-14 15:05:11.769,17943,17944,17943,1,-1
2022-02-14 15:05:11.912,17943,17944,17943,1,-1
2022-02-14 15:05:11.925,17943,17944,17943,2,-2
2022-02-14 15:05:12.398,17943,17944,17943,3,-3
2022-02-14 15:05:12.399,17943,17944,17943,1,-1
2022-02-14 15:05:12.399,17943,17944,17943,1,-1
2022-02-14 15:05:12.519,17942,17943,17942,1,-1
2022-02-14 15:05:12.554,17942,17943,17942,7,-7
2022-02-14 15:05:12.554,17942,17943,17941,1,-1
2022-02-14 15:05:12.641,17941,17943,17941,4,-4
2022-02-14 15:05:12.772,17940,17941,17940,12,-12
2022-02-14 15:05:12.773,17940,17941,17941,1,1
2022-02-14 15:05:12.972,17939,17941,17939,11,-11
2022-02-14 15:05:12.972,17939,17941,17938,9,-9
2022-02-14 15:05:12.981,17939,17941,17938,4,-4
2022-02-14 15:05:12.981,17939,17941,17937,6,-6
2022-02-14 15:05:12.982,17939,17941,17938,1,-1
2022-02-14 15:05:12.990,17939,17941,17937,4,-4
2022-02-14 15:05:12.990,17939,17941,17936,6,-6
2022-02-14 15:05:13.020,17936,17938,17937,1,1
2022-02-14 15:05:13.022,17936,17938,17937,1,1
2022-02-14 15:05:13.029,17936,17938,17936,1,-1
2022-02-14 15:05:13.047,17936,17938,17936,1,-1
2022-02-14 15:05:13.095,17936,17938,17935,16,-16
2022-02-14 15:05:13.127,17936,17938,17935,12,-12
2022-02-14 15:05:13.127,17936,17938,17934,6,-6
2022-02-14 15:05:13.127,17936,17938,17933,22,-22
2022-02-14 15:05:13.128,17936,17938,17933,1,-1
2022-02-14 15:05:13.144,17933,17934,17933,1,-1
2022-02-14 15:05:13.147,17933,17934,17933,1,-1
2022-02-14 15:05:13.161,17933,17934,17933,2,-2
2022-02-14 15:05:13.161,17933,17934,17932,2,-2
2022-02-14 15:05:13.165,17933,17934,17932,2,-2
2022-02-14 15:05:13.167,17933,17934,17933,1,-1
2022-02-14 15:05:13.167,17933,17934,17932,2,-2
2022-02-14 15:05:13.187,17933,17934,17933,2,-2
2022-02-14 15:05:13.189,17933,17934,17933,2,-2
2022-02-14 15:05:13.192,17933,17934,17933,1,-1
2022-02-14 15:05:13.192,17933,17934,17932,1,-1
2022-02-14 15:05:13.205,17933,17934,17934,1,1
2022-02-14 15:05:13.228,17933,17934,17932,2,-2
2022-02-14 15:05:13.264,17932,17934,17932,1,-1
2022-02-14 15:05:13.272,17932,17934,17932,1,-1
2022-02-14 15:05:13.281,17932,17934,17932,1,-1
2022-02-14 15:05:13.297,17932,17934,17932,1,-1
2022-02-14 15:05:13.297,17932,17934,17932,2,-2
2022-02-14 15:05:13.311,17932,17934,17932,1,-1
2022-02-14 15:05:13.311,17932,17934,17931,1,-1
2022-02-14 15:05:13.320,17932,17934,17931,1,-1
2022-02-14 15:05:13.320,17932,17934,17931,2,-2
2022-02-14 15:05:13.321,17932,17934,17932,2,-2
2022-02-14 15:05:13.321,17932,17934,17931,2,-2
2022-02-14 15:05:13.331,17932,17934,17931,1,-1
2022-02-14 15:05:13.345,17932,17934,17931,1,-1
2022-02-14 15:05:13.353,17932,17934,17931,1,-1
2022-02-14 15:05:13.367,17932,17934,17932,1,-1
2022-02-14 15:05:13.367,17932,17934,17931,2,-2
2022-02-14 15:05:13.385,17932,17934,17932,1,-1
2022-02-14 15:05:13.386,17932,17934,17932,1,-1
2022-02-14 15:05:13.386,17932,17934,17931,2,-2
2022-02-14 15:05:13.390,17931,17933,17932,2,2
2022-02-14 15:05:13.397,17931,17933,17931,1,-1
2022-02-14 15:05:13.398,17931,17933,17931,3,-3
2022-02-14 15:05:13.398,17931,17933,17930,1,-1
2022-02-14 15:05:13.409,17931,17933,17931,1,-1
2022-02-14 15:05:13.418,17931,17933,17931,2,-2
2022-02-14 15:05:13.433,17931,17933,17932,1,1
2022-02-14 15:05:13.434,17931,17933,17931,3,-3
2022-02-14 15:05:13.434,17931,17933,17930,10,-10
2022-02-14 15:05:13.445,17931,17933,17931,1,-1
2022-02-14 15:05:13.459,17931,17933,17931,1,-1
2022-02-14 15:05:13.463,17931,17933,17933,1,1
2022-02-14 15:05:13.474,17931,17933,17931,1,-1
2022-02-14 15:05:13.482,17931,17933,17931,1,-1
2022-02-14 15:05:13.499,17931,17933,17931,2,-2
2022-02-14 15:05:13.499,17931,17933,17930,1,-1
2022-02-14 15:05:13.514,17931,17933,17931,1,-1
2022-02-14 15:05:13.514,17931,17933,17930,1,-1
2022-02-14 15:05:13.514,17931,17933,17931,1,-1
2022-02-14 15:05:13.531,17931,17933,17931,2,-2
2022-02-14 15:05:13.532,17931,17933,17930,1,-1
2022-02-14 15:05:13.542,17931,17933,17931,1,-1
2022-02-14 15:05:13.546,17931,17933,17930,2,-2
2022-02-14 15:05:13.547,17931,17933,17930,1,-1
2022-02-14 15:05:13.555,17931,17933,17930,1,-1
2022-02-14 15:05:13.564,17931,17933,17931,1,-1
2022-02-14 15:05:13.569,17931,17933,17930,1,-1
2022-02-14 15:05:13.571,17931,17933,17931,1,-1
2022-02-14 15:05:13.574,17931,17933,17930,2,-2
2022-02-14 15:05:13.583,17931,17933,17931,1,-1
2022-02-14 15:05:13.588,17931,17933,17930,1,-1
2022-02-14 15:05:13.588,17931,17933,17929,1,-1
2022-02-14 15:05:13.595,17931,17933,17931,2,-2
2022-02-14 15:05:13.604,17931,17933,17930,1,-1
2022-02-14 15:05:13.607,17931,17933,17930,1,-1
2022-02-14 15:05:13.620,17931,17933,17930,1,-1
2022-02-14 15:05:13.621,17931,17933,17930,1,-1
2022-02-14 15:05:13.621,17931,17933,17931,1,-1
2022-02-14 15:05:13.626,17931,17933,17930,1,-1
2022-02-14 15:05:13.654,17930,17932,17930,2,-2
2022-02-14 15:05:13.664,17930,17932,17931,2,2
2022-02-14 15:05:13.681,17930,17932,17932,2,2
2022-02-14 15:05:13.682,17930,17932,17932,1,1
2022-02-14 15:05:13.727,17930,17932,17931,1,1
2022-02-14 15:05:13.728,17930,17932,17933,1,1
2022-02-14 15:05:13.740,17930,17932,17931,1,1
2022-02-14 15:05:13.740,17930,17932,17933,1,1
2022-02-14 15:05:13.742,17930,17932,17931,1,1
2022-02-14 15:05:13.743,17930,17932,17933,1,1
2022-02-14 15:05:13.743,17930,17932,17933,1,1
2022-02-14 15:05:13.756,17930,17932,17932,3,3
2022-02-14 15:05:13.756,17930,17932,17931,1,1
2022-02-14 15:05:13.757,17930,17932,17933,1,1
2022-02-14 15:05:13.758,17930,17932,17931,1,1
2022-02-14 15:05:13.760,17930,17932,17933,1,1
2022-02-14 15:05:13.765,17931,17934,17931,1,-1
2022-02-14 15:05:13.767,17931,17934,17931,1,-1
2022-02-14 15:05:13.771,17931,17934,17931,1,-1
2022-02-14 15:05:13.771,17931,17934,17931,1,-1
2022-02-14 15:05:13.771,17931,17934,17933,1,1
2022-02-14 15:05:13.815,17931,17934,17932,1,-1
2022-02-14 15:05:13.815,17931,17934,17933,1,1
2022-02-14 15:05:13.815,17931,17934,17932,1,-1
2022-02-14 15:05:13.816,17931,17934,17932,1,-1
2022-02-14 15:05:13.817,17931,17934,17933,1,1
2022-02-14 15:05:13.824,17931,17934,17931,1,-1
2022-02-14 15:05:13.824,17931,17934,17931,2,-2
2022-02-14 15:05:13.833,17931,17934,17932,1,-1
2022-02-14 15:05:13.841,17931,17934,17932,1,-1
2022-02-14 15:05:13.841,17931,17934,17931,1,-1
2022-02-14 15:05:13.841,17931,17934,17931,1,-1
2022-02-14 15:05:13.842,17931,17934,17933,1,1
2022-02-14 15:05:13.842,17931,17934,17933,1,1
2022-02-14 15:05:13.842,17931,17934,17933,1,1
2022-02-14 15:05:13.844,17931,17934,17932,1,-1
2022-02-14 15:05:13.873,17931,17934,17932,1,-1
2022-02-14 15:05:13.876,17931,17934,17931,1,-1
2022-02-14 15:05:13.916,17932,17934,17932,1,-1
2022-02-14 15:05:13.918,17932,17934,17934,13,13
2022-02-14 15:05:13.919,17932,17934,17935,2,2
2022-02-14 15:05:13.928,17932,17934,17936,2,2
2022-02-14 15:05:14.082,17935,17937,17935,1,-1
2022-02-14 15:05:14.122,17935,17937,17937,1,1
2022-02-14 15:05:14.123,17935,17937,17937,1,1
2022-02-14 15:05:14.199,17937,17938,17936,1,-1
2022-02-14 15:05:14.246,17937,17938,17937,1,-1
2022-02-14 15:05:14.275,17936,17938,17936,1,-1
2022-02-14 15:05:14.293,17936,17938,17937,1,1
2022-02-14 15:05:14.297,17936,17938,17935,1,-1
2022-02-14 15:05:14.333,17936,17938,17935,1,-1
2022-02-14 15:05:14.334,17936,17938,17937,3,3
2022-02-14 15:05:14.406,17935,17937,17937,1,1
2022-02-14 15:05:14.525,17937,17938,17937,1,-1
2022-02-14 15:05:14.525,17937,17938,17936,3,-3
2022-02-14 15:05:14.586,17937,17938,17938,2,2
2022-02-14 15:05:14.606,17937,17938,17936,1,-1
2022-02-14 15:05:14.688,17936,17938,17938,1,1
2022-02-14 15:05:14.721,17936,17938,17937,1,1
2022-02-14 15:05:14.761,17936,17938,17937,1,1
2022-02-14 15:05:14.790,17937,17939,17937,1,-1
2022-02-14 15:05:14.855,17937,17939,17937,1,-1
2022-02-14 15:05:14.942,17937,17939,17940,3,3
2022-02-14 15:05:14.978,17937,17939,17940,1,1
2022-02-14 15:05:14.978,17937,17939,17940,1,1
2022-02-14 15:05:14.978,17937,17939,17940,1,1
2022-02-14 15:05:15.046,17938,17940,17940,1,1
2022-02-14 15:05:15.220,17938,17940,17938,1,-1
2022-02-14 15:05:15.224,17938,17940,17938,1,-1
2022-02-14 15:05:15.288,17938,17940,17938,1,-1
2022-02-14 15:05:15.300,17938,17940,17939,1,1
2022-02-14 15:05:15.316,17938,17940,17937,1,-1
2022-02-14 15:05:15.318,17938,17940,17937,1,-1
2022-02-14 15:05:15.327,17938,17940,17937,1,-1
2022-02-14 15:05:15.328,17938,17940,17937,1,-1
2022-02-14 15:05:15.328,17938,17940,17936,1,-1
2022-02-14 15:05:15.328,17938,17940,17936,1,-1
2022-02-14 15:05:15.329,17938,17940,17936,1,-1
2022-02-14 15:05:15.329,17938,17940,17935,1,-1
2022-02-14 15:05:15.358,17938,17940,17937,1,-1
2022-02-14 15:05:15.383,17938,17940,17937,1,-1
2022-02-14 15:05:15.400,17936,17939,17939,4,4
2022-02-14 15:05:15.493,17936,17939,17938,1,1
2022-02-14 15:05:15.513,17937,17940,17937,1,-1
2022-02-14 15:05:15.551,17937,17940,17937,1,-1
2022-02-14 15:05:15.575,17937,17940,17937,1,-1
2022-02-14 15:05:15.649,17936,17938,17936,1,-1
2022-02-14 15:05:15.649,17936,17938,17936,2,-2
2022-02-14 15:05:15.649,17936,17938,17935,3,-3
2022-02-14 15:05:15.812,17935,17937,17935,1,-1
2022-02-14 15:05:15.818,17935,17937,17935,1,-1
2022-02-14 15:05:15.878,17935,17937,17935,1,-1
2022-02-14 15:05:15.889,17935,17936,17935,2,-2
2022-02-14 15:05:15.960,17935,17936,17934,1,-1
2022-02-14 15:05:16.008,17935,17936,17935,1,-1
2022-02-14 15:05:16.606,17934,17936,17936,1,1
2022-02-14 15:05:16.657,17934,17936,17936,1,1
2022-02-14 15:05:16.809,17934,17936,17934,1,-1
2022-02-14 15:05:17.421,17932,17934,17933,1,1
2022-02-14 15:05:17.422,17932,17934,17933,1,1
2022-02-14 15:05:17.516,17932,17934,17932,1,-1
2022-02-14 15:05:17.516,17932,17934,17932,1,-1
2022-02-14 15:05:17.936,17932,17934,17932,1,-1
2022-02-14 15:05:17.939,17932,17934,17933,1,1
2022-02-14 15:05:17.979,17932,17934,17932,1,-1
2022-02-14 15:05:18.080,17932,17934,17932,1,-1
2022-02-14 15:05:19.405,17932,17934,17932,1,-1
2022-02-14 15:05:19.426,17932,17934,17932,1,-1
2022-02-14 15:05:20.132,17932,17933,17932,1,-1
2022-02-14 15:05:20.952,17931,17932,17932,2,2
2022-02-14 15:05:21.819,17932,17933,17933,1,1
2022-02-14 15:05:21.819,17932,17933,17934,7,7
2022-02-14 15:05:21.819,17932,17933,17935,2,2
2022-02-14 15:05:21.877,17932,17933,17933,1,1
2022-02-14 15:05:21.912,17933,17935,17933,1,-1
2022-02-14 15:05:21.912,17933,17935,17932,3,-3
2022-02-14 15:05:22.113,17932,17934,17934,3,3
2022-02-14 15:05:22.237,17934,17936,17934,1,-1
2022-02-14 15:05:22.293,17934,17936,17936,1,1
2022-02-14 15:05:22.597,17935,17936,17936,4,4
2022-02-14 15:05:22.728,17935,17937,17935,2,-2
2022-02-14 15:05:22.773,17935,17937,17937,1,1
2022-02-14 15:05:23.215,17936,17938,17936,1,-1
2022-02-14 15:05:23.326,17936,17938,17936,1,-1
2022-02-14 15:05:24.117,17937,17939,17937,2,-2
2022-02-14 15:05:24.138,17937,17939,17939,3,3
2022-02-14 15:05:24.138,17937,17939,17940,3,3
2022-02-14 15:05:25.766,17938,17940,17938,1,-1
2022-02-14 15:05:26.742,17936,17937,17936,1,-1
2022-02-14 15:05:28.515,17935,17936,17935,1,-1
2022-02-14 15:05:28.640,17934,17935,17934,1,-1
2022-02-14 15:05:28.640,17934,17935,17933,1,-1
2022-02-14 15:05:29.007,17933,17935,17935,1,1
2022-02-14 15:05:29.912,17934,17936,17936,1,1
2022-02-14 15:05:30.170,17935,17937,17937,1,1
2022-02-14 15:05:30.931,17936,17938,17936,1,-1
2022-02-14 15:05:31.424,17936,17938,17936,4,-4
2022-02-14 15:05:33.248,17935,17936,17936,1,1
2022-02-14 15:05:33.981,17935,17936,17936,1,1
2022-02-14 15:05:34.199,17935,17937,17937,1,1
2022-02-14 15:05:34.263,17936,17938,17936,1,-1
2022-02-14 15:05:35.156,17936,17939,17936,1,-1
2022-02-14 15:05:36.703,17936,17938,17936,1,-1
2022-02-14 15:05:38.198,17936,17938,17936,1,-1
2022-02-14 15:05:38.211,17936,17938,17936,1,-1
2022-02-14 15:05:38.236,17936,17938,17936,1,-1
2022-02-14 15:05:38.349,17936,17938,17936,1,-1
2022-02-14 15:05:38.447,17935,17937,17937,1,1
2022-02-14 15:05:38.447,17935,17937,17938,1,1
2022-02-14 15:05:39.516,17936,17938,17938,1,1
2022-02-14 15:05:40.356,17936,17938,17936,1,-1
2022-02-14 15:05:40.449,17935,17938,17938,3,3
2022-02-14 15:05:40.449,17935,17938,17939,7,7
2022-02-14 15:05:40.549,17937,17939,17937,5,-5
2022-02-14 15:05:41.796,17937,17939,17937,2,-2
2022-02-14 15:05:41.796,17937,17939,17936,1,-1
2022-02-14 15:05:42.376,17937,17939,17939,1,1
2022-02-14 15:05:42.548,17938,17940,17940,1,1
2022-02-14 15:05:44.138,17939,17941,17939,1,-1
2022-02-14 15:05:44.421,17938,17939,17939,3,3
2022-02-14 15:05:44.421,17938,17939,17940,6,6
2022-02-14 15:05:44.421,17938,17939,17941,1,1
2022-02-14 15:05:44.422,17938,17939,17939,1,1
2022-02-14 15:05:45.350,17938,17940,17940,3,3
2022-02-14 15:05:45.351,17938,17940,17940,1,1
2022-02-14 15:05:45.977,17940,17941,17940,1,-1
2022-02-14 15:05:46.044,17940,17941,17940,1,-1
2022-02-14 15:05:46.125,17940,17941,17940,2,-2
2022-02-14 15:05:46.126,17940,17941,17940,1,-1
2022-02-14 15:05:46.126,17940,17941,17940,1,-1
2022-02-14 15:05:46.184,17938,17940,17939,2,2
2022-02-14 15:05:49.593,17940,17941,17941,1,1
2022-02-14 15:05:49.773,17940,17941,17940,1,-1
2022-02-14 15:05:49.803,17940,17941,17940,1,-1
2022-02-14 15:05:50.549,17940,17941,17940,1,-1
2022-02-14 15:05:50.549,17940,17941,17940,7,-7
2022-02-14 15:05:50.563,17940,17941,17939,1,-1
2022-02-14 15:05:50.564,17940,17941,17939,1,-1
2022-02-14 15:05:50.564,17940,17941,17939,3,-3
2022-02-14 15:05:50.564,17940,17941,17939,1,-1
2022-02-14 15:05:50.564,17940,17941,17939,3,-3
2022-02-14 15:05:50.565,17940,17941,17938,1,-1
2022-02-14 15:05:52.628,17938,17939,17938,2,-2
2022-02-14 15:05:52.933,17937,17939,17937,1,-1
2022-02-14 15:05:54.414,17938,17939,17938,4,-4
2022-02-14 15:05:54.702,17938,17939,17938,3,-3
2022-02-14 15:05:55.496,17938,17939,17939,1,1
2022-02-14 15:05:58.101,17938,17940,17940,3,3
2022-02-14 15:06:00.359,17940,17941,17941,6,6
2022-02-14 15:06:00.392,17940,17941,17941,2,2
2022-02-14 15:06:00.401,17940,17941,17942,4,4
2022-02-14 15:06:00.401,17940,17941,17943,2,2
2022-02-14 15:06:00.521,17942,17943,17943,1,1
2022-02-14 15:06:00.758,17942,17944,17944,2,2
2022-02-14 15:06:00.758,17942,17944,17945,3,3
2022-02-14 15:06:00.914,17943,17945,17943,1,-1
2022-02-14 15:06:02.632,17943,17944,17943,1,-1
2022-02-14 15:06:02.690,17942,17944,17944,6,6
2022-02-14 15:06:02.941,17942,17944,17943,1,1
2022-02-14 15:06:02.983,17942,17944,17944,1,1
2022-02-14 15:06:03.015,17943,17945,17943,1,-1
2022-02-14 15:06:03.038,17943,17945,17943,1,-1
2022-02-14 15:06:03.056,17943,17945,17942,1,-1
2022-02-14 15:06:05.736,17943,17945,17945,2,2
2022-02-14 15:06:05.736,17943,17945,17946,3,3
2022-02-14 15:06:06.592,17944,17946,17944,1,-1
2022-02-14 15:06:07.982,17944,17945,17944,1,-1
2022-02-14 15:06:10.349,17943,17944,17943,1,-1
2022-02-14 15:06:11.137,17943,17944,17943,1,-1
2022-02-14 15:06:11.417,17942,17943,17943,1,1
2022-02-14 15:06:12.494,17942,17943,17943,1,1
2022-02-14 15:06:13.862,17942,17943,17943,2,2
2022-02-14 15:06:16.029,17942,17943,17942,1,-1
2022-02-14 15:06:21.610,17941,17942,17942,3,3
2022-02-14 15:06:24.135,17941,17942,17942,1,1
2022-02-14 15:06:25.432,17941,17942,17942,1,1
2022-02-14 15:06:27.542,17941,17942,17942,1,1
2022-02-14 15:06:29.781,17941,17942,17941,2,-2
2022-02-14 15:06:32.634,17940,17942,17940,1,-1
2022-02-14 15:06:35.122,17941,17942,17942,7,7
2022-02-14 15:06:35.126,17941,17942,17943,3,3
2022-02-14 15:06:35.960,17943,17945,17945,1,1
2022-02-14 15:06:38.035,17943,17945,17943,4,-4
2022-02-14 15:06:38.035,17943,17945,17942,1,-1
2022-02-14 15:06:38.815,17943,17945,17945,3,3
2022-02-14 15:06:39.941,17945,17946,17945,1,-1
2022-02-14 15:06:41.633,17945,17946,17945,1,-1
2022-02-14 15:06:42.866,17945,17946,17946,1,1
2022-02-14 15:06:44.009,17945,17946,17946,2,2
2022-02-14 15:06:44.010,17945,17946,17946,1,1
2022-02-14 15:06:44.368,17946,17948,17946,1,-1
2022-02-14 15:06:47.663,17946,17948,17948,1,1
2022-02-14 15:06:50.265,17946,17948,17946,1,-1
2022-02-14 15:06:50.736,17945,17946,17946,1,1
2022-02-14 15:06:50.736,17945,17946,17945,1,-1
2022-02-14 15:06:55.673,17943,17944,17943,1,-1
2022-02-14 15:06:55.673,17943,17944,17943,4,-4
2022-02-14 15:06:55.673,17943,17944,17943,1,-1
2022-02-14 15:06:55.673,17943,17944,17943,1,-1
2022-02-14 15:06:56.267,17941,17943,17943,1,1
2022-02-14 15:06:57.851,17941,17943,17941,1,-1
2022-02-14 15:06:59.946,17941,17943,17943,1,1
2022-02-14 15:07:00.518,17941,17943,17943,1,1
2022-02-14 15:07:00.539,17941,17943,17941,5,-5
2022-02-14 15:07:00.556,17941,17943,17943,1,1
2022-02-14 15:07:00.828,17941,17943,17941,2,-2
2022-02-14 15:07:00.828,17941,17943,17940,2,-2
2022-02-14 15:07:01.208,17940,17942,17942,1,1
2022-02-14 15:07:02.590,17940,17941,17941,1,1
2022-02-14 15:07:02.953,17940,17942,17942,4,4
2022-02-14 15:07:08.750,17942,17943,17942,2,-2
2022-02-14 15:07:14.847,17942,17943,17942,1,-1
2022-02-14 15:07:15.764,17942,17943,17942,1,-1
2022-02-14 15:07:15.903,17942,17943,17943,1,1
2022-02-14 15:07:16.276,17942,17943,17942,1,-1
2022-02-14 15:07:16.684,17941,17942,17942,1,1
2022-02-14 15:07:17.963,17941,17943,17943,7,7
2022-02-14 15:07:21.585,17943,17945,17945,1,1
2022-02-14 15:07:23.705,17944,17945,17945,2,2
2022-02-14 15:07:23.811,17944,17947,17944,1,-1
2022-02-14 15:07:23.824,17944,17947,17945,1,-1
2022-02-14 15:07:24.195,17944,17947,17947,1,1
2022-02-14 15:07:24.321,17945,17947,17947,4,4
2022-02-14 15:07:25.056,17945,17947,17947,3,3
2022-02-14 15:07:25.056,17945,17947,17948,1,1
2022-02-14 15:07:27.968,17947,17948,17948,7,7
2022-02-14 15:07:27.969,17947,17948,17948,5,5
2022-02-14 15:07:27.969,17947,17948,17948,1,1
2022-02-14 15:07:27.969,17947,17948,17948,1,1
2022-02-14 15:07:27.969,17947,17948,17948,1,1
2022-02-14 15:07:27.969,17947,17948,17948,5,5
2022-02-14 15:07:28.044,17948,17950,17950,4,4
2022-02-14 15:07:28.390,17949,17950,17949,1,-1
2022-02-14 15:07:29.575,17949,17950,17949,2,-2
2022-02-14 15:07:30.145,17948,17949,17948,1,-1
2022-02-14 15:07:32.068,17947,17949,17949,4,4
2022-02-14 15:07:33.135,17947,17949,17947,1,-1
2022-02-14 15:07:34.095,17948,17949,17949,1,1
2022-02-14 15:07:35.885,17948,17950,17948,1,-1
2022-02-14 15:07:38.112,17948,17949,17949,2,2
2022-02-14 15:07:39.088,17949,17950,17949,1,-1
2022-02-14 15:07:41.650,17948,17949,17949,2,2
2022-02-14 15:07:41.905,17949,17950,17949,1,-1
2022-02-14 15:07:41.905,17949,17950,17948,1,-1
2022-02-14 15:07:41.948,17949,17950,17948,1,-1
2022-02-14 15:07:42.000,17949,17950,17948,2,-2
2022-02-14 15:07:42.050,17948,17950,17948,2,-2
2022-02-14 15:07:45.013,17949,17950,17950,3,3
2022-02-14 15:07:45.053,17949,17950,17949,2,-2
2022-02-14 15:07:45.301,17949,17950,17949,2,-2
2022-02-14 15:07:45.334,17949,17950,17948,1,-1
2022-02-14 15:07:45.334,17949,17950,17947,1,-1
2022-02-14 15:07:46.301,17948,17949,17948,1,-1
2022-02-14 15:07:46.357,17948,17949,17948,1,-1
2022-02-14 15:07:48.010,17947,17948,17947,3,-3
2022-02-14 15:07:49.148,17945,17946,17945,1,-1
2022-02-14 15:07:50.941,17944,17945,17944,1,-1
2022-02-14 15:07:51.547,17942,17944,17944,1,1
2022-02-14 15:07:59.640,17945,17947,17945,1,-1
2022-02-14 15:08:00.070,17945,17947,17945,1,-1
2022-02-14 15:08:00.078,17945,17947,17945,1,-1
2022-02-14 15:08:00.139,17944,17947,17944,1,-1
2022-02-14 15:08:00.223,17944,17947,17947,1,1
2022-02-14 15:08:00.259,17944,17947,17947,1,1
2022-02-14 15:08:00.707,17945,17947,17947,1,1
2022-02-14 15:08:02.301,17946,17947,17947,2,2
2022-02-14 15:08:05.610,17948,17949,17948,2,-2
2022-02-14 15:08:06.159,17947,17949,17947,1,-1
2022-02-14 15:08:07.534,17947,17948,17947,1,-1
2022-02-14 15:08:12.833,17947,17948,17948,2,2
2022-02-14 15:08:14.625,17947,17949,17949,4,4
2022-02-14 15:08:15.097,17948,17949,17949,5,5
2022-02-14 15:08:17.049,17949,17950,17950,3,3
2022-02-14 15:08:17.198,17950,17951,17951,1,1
2022-02-14 15:08:18.110,17950,17952,17950,1,-1
2022-02-14 15:08:20.411,17951,17952,17951,1,-1
2022-02-14 15:08:21.719,17950,17951,17951,1,1
2022-02-14 15:08:22.487,17950,17952,17951,1,1
2022-02-14 15:08:24.476,17950,17951,17950,1,-1
2022-02-14 15:08:24.476,17950,17951,17950,1,-1
2022-02-14 15:08:24.684,17949,17950,17950,1,1
2022-02-14 15:08:27.318,17949,17950,17950,1,1
2022-02-14 15:08:28.034,17949,17950,17950,1,1
2022-02-14 15:08:29.312,17949,17950,17949,1,-1
2022-02-14 15:08:31.259,17947,17949,17947,1,-1
2022-02-14 15:08:32.571,17948,17949,17948,1,-1
2022-02-14 15:08:34.900,17948,17949,17948,1,-1
2022-02-14 15:08:35.070,17947,17949,17947,1,-1
2022-02-14 15:08:36.776,17948,17949,17949,1,1
2022-02-14 15:08:42.681,17948,17949,17948,1,-1
2022-02-14 15:08:42.868,17948,17949,17949,2,2
2022-02-14 15:08:43.445,17948,17950,17950,2,2
2022-02-14 15:08:44.636,17949,17950,17949,1,-1
2022-02-14 15:08:44.636,17949,17950,17948,1,-1
2022-02-14 15:08:47.870,17949,17950,17949,1,-1
2022-02-14 15:08:48.284,17948,17949,17949,1,1
2022-02-14 15:08:48.682,17948,17950,17949,1,1
2022-02-14 15:08:51.959,17949,17950,17949,1,-1
2022-02-14 15:09:00.093,17948,17949,17948,1,-1
2022-02-14 15:09:00.278,17948,17949,17949,1,1
2022-02-14 15:09:00.313,17948,17949,17949,1,1
2022-02-14 15:09:00.381,17948,17949,17948,1,-1
2022-02-14 15:09:00.995,17948,17949,17949,3,3
2022-02-14 15:09:01.141,17948,17949,17949,1,1
2022-02-14 15:09:04.781,17949,17950,17950,7,7
2022-02-14 15:09:05.145,17949,17951,17949,5,-5
2022-02-14 15:09:05.511,17949,17951,17951,3,3
2022-02-14 15:09:09.587,17951,17952,17952,2,2
2022-02-14 15:09:09.746,17951,17952,17952,1,1
2022-02-14 15:09:09.855,17951,17952,17952,1,1
2022-02-14 15:09:10.300,17951,17952,17952,1,1
2022-02-14 15:09:11.031,17951,17953,17951,1,-1
2022-02-14 15:09:12.173,17951,17952,17952,1,1
2022-02-14 15:09:12.173,17951,17952,17953,1,1
2022-02-14 15:09:12.603,17951,17953,17953,2,2
2022-02-14 15:09:12.867,17951,17953,17953,2,2
2022-02-14 15:09:14.516,17951,17952,17952,1,1
2022-02-14 15:09:15.174,17951,17952,17952,2,2
2022-02-14 15:09:15.510,17951,17952,17951,2,-2
2022-02-14 15:09:15.512,17951,17952,17951,1,-1
2022-02-14 15:09:17.910,17950,17952,17950,1,-1
2022-02-14 15:09:20.312,17950,17952,17950,1,-1
2022-02-14 15:09:20.396,17950,17952,17950,1,-1
2022-02-14 15:09:20.464,17950,17952,17950,1,-1
2022-02-14 15:09:20.640,17950,17952,17950,1,-1
2022-02-14 15:09:24.096,17950,17951,17951,2,2
2022-02-14 15:09:24.263,17950,17951,17951,1,1
2022-02-14 15:09:24.283,17950,17951,17952,1,1
2022-02-14 15:09:24.390,17951,17952,17952,1,1
2022-02-14 15:09:24.844,17950,17952,17950,2,-2
2022-02-14 15:09:31.561,17950,17951,17950,1,-1
2022-02-14 15:09:34.679,17949,17950,17950,1,1
2022-02-14 15:09:34.824,17950,17951,17951,1,1
2022-02-14 15:09:34.912,17950,17952,17952,1,1
2022-02-14 15:09:35.534,17951,17952,17952,2,2
2022-02-14 15:09:37.115,17951,17952,17952,1,1
2022-02-14 15:09:38.633,17951,17952,17951,2,-2
2022-02-14 15:09:39.144,17950,17952,17952,1,1
2022-02-14 15:09:40.147,17950,17952,17952,1,1
2022-02-14 15:09:48.316,17951,17952,17952,1,1
2022-02-14 15:09:50.539,17951,17952,17952,1,1
2022-02-14 15:09:50.712,17951,17952,17952,1,1
2022-02-14 15:09:55.301,17951,17952,17952,1,1
2022-02-14 15:09:56.488,17951,17952,17951,1,-1
2022-02-14 15:09:58.361,17951,17952,17951,3,-3
2022-02-14 15:09:59.924,17950,17952,17952,2,2
2022-02-14 15:10:00.424,17950,17952,17952,1,1
2022-02-14 15:10:00.471,17950,17952,17952,1,1
2022-02-14 15:10:00.625,17951,17953,17953,1,1
2022-02-14 15:10:00.664,17951,17953,17951,5,-5
2022-02-14 15:10:00.688,17951,17953,17953,1,1
2022-02-14 15:10:00.718,17951,17953,17951,1,-1
2022-02-14 15:10:00.720,17951,17953,17951,1,-1
2022-02-14 15:10:00.725,17951,17953,17951,1,-1
2022-02-14 15:10:00.737,17951,17953,17951,1,-1
2022-02-14 15:10:00.737,17951,17953,17951,1,-1
2022-02-14 15:10:00.744,17951,17953,17950,1,-1
2022-02-14 15:10:01.426,17950,17952,17950,1,-1
2022-02-14 15:10:01.540,17950,17952,17950,1,-1
2022-02-14 15:10:03.269,17951,17952,17952,1,1
2022-02-14 15:10:03.329,17951,17952,17953,1,1
2022-02-14 15:10:03.977,17951,17953,17953,1,1
2022-02-14 15:10:05.174,17951,17953,17951,1,-1
2022-02-14 15:10:05.512,17950,17952,17952,1,1
2022-02-14 15:10:09.092,17950,17951,17950,5,-5
2022-02-14 15:10:13.324,17949,17950,17950,1,1
2022-02-14 15:10:14.147,17949,17950,17950,1,1
2022-02-14 15:10:14.254,17949,17950,17949,1,-1
2022-02-14 15:10:16.106,17948,17949,17948,1,-1
2022-02-14 15:10:16.764,17948,17949,17948,1,-1
2022-02-14 15:10:16.764,17948,17949,17948,1,-1
2022-02-14 15:10:16.764,17948,17949,17948,1,-1
2022-02-14 15:10:17.600,17947,17949,17947,4,-4
2022-02-14 15:10:17.775,17946,17947,17946,2,-2
2022-02-14 15:10:18.989,17946,17947,17947,2,2
2022-02-14 15:10:18.990,17946,17947,17946,4,-4
2022-02-14 15:10:20.908,17945,17946,17946,1,1
2022-02-14 15:10:22.187,17945,17947,17945,1,-1
2022-02-14 15:10:22.215,17945,17947,17946,1,1
2022-02-14 15:10:24.391,17945,17947,17947,1,1
2022-02-14 15:10:24.712,17945,17947,17945,1,-1
2022-02-14 15:10:29.203,17946,17948,17948,1,1
2022-02-14 15:10:34.491,17946,17947,17946,1,-1
2022-02-14 15:10:38.028,17946,17947,17947,2,2
2022-02-14 15:10:44.676,17947,17948,17947,2,-2
2022-02-14 15:10:45.120,17947,17948,17948,1,1
2022-02-14 15:10:56.031,17947,17948,17948,1,1
2022-02-14 15:10:57.190,17947,17948,17948,1,1
2022-02-14 15:10:59.000,17947,17948,17948,1,1
2022-02-14 15:11:00.080,17947,17948,17947,1,-1
2022-02-14 15:11:00.553,17947,17948,17948,13,13
2022-02-14 15:11:00.553,17947,17948,17949,7,7
2022-02-14 15:11:00.553,17947,17948,17950,22,22
2022-02-14 15:11:00.557,17947,17948,17950,1,1
2022-02-14 15:11:00.558,17947,17948,17951,3,3
2022-02-14 15:11:00.575,17947,17948,17952,1,1
2022-02-14 15:11:00.708,17951,17952,17952,1,1
2022-02-14 15:11:00.793,17951,17953,17953,1,1
2022-02-14 15:11:03.113,17951,17952,17951,1,-1
2022-02-14 15:11:04.893,17951,17952,17952,1,1
2022-02-14 15:11:04.922,17951,17952,17952,1,1
2022-02-14 15:11:04.924,17951,17952,17953,2,2
2022-02-14 15:11:04.924,17951,17952,17953,2,2
2022-02-14 15:11:06.945,17952,17953,17952,1,-1
2022-02-14 15:11:07.213,17952,17953,17953,1,1
2022-02-14 15:11:07.430,17952,17954,17954,1,1
2022-02-14 15:11:07.430,17952,17954,17954,4,4
2022-02-14 15:11:07.430,17952,17954,17954,4,4
2022-02-14 15:11:07.644,17954,17955,17955,3,3
2022-02-14 15:11:07.644,17954,17955,17955,1,1
2022-02-14 15:11:07.645,17954,17955,17955,18,18
2022-02-14 15:11:07.646,17954,17955,17955,1,1
2022-02-14 15:11:07.710,17954,17955,17956,1,1
2022-02-14 15:11:07.848,17955,17956,17956,3,3
2022-02-14 15:11:07.848,17955,17956,17957,5,5
2022-02-14 15:11:08.087,17956,17958,17958,2,2
2022-02-14 15:11:08.286,17955,17957,17955,1,-1
2022-02-14 15:11:08.317,17955,17957,17956,1,1
2022-02-14 15:11:08.353,17955,17957,17956,1,1
2022-02-14 15:11:17.190,17953,17955,17953,2,-2
2022-02-14 15:11:21.129,17954,17955,17955,1,1
2022-02-14 15:11:21.281,17955,17956,17956,1,1
2022-02-14 15:11:23.369,17955,17956,17956,1,1
2022-02-14 15:11:23.594,17955,17956,17956,1,1
2022-02-14 15:11:24.720,17955,17956,17956,1,1
2022-02-14 15:11:29.657,17956,17958,17956,1,-1
2022-02-14 15:11:31.135,17957,17958,17958,5,5
2022-02-14 15:11:33.855,17957,17958,17958,1,1
2022-02-14 15:11:35.657,17957,17958,17957,1,-1
2022-02-14 15:11:36.147,17955,17956,17956,1,1
2022-02-14 15:11:38.239,17956,17957,17956,1,-1
2022-02-14 15:11:38.241,17956,17957,17957,1,1
2022-02-14 15:11:39.526,17957,17958,17958,1,1
2022-02-14 15:11:42.765,17957,17958,17958,1,1
2022-02-14 15:11:42.794,17957,17958,17957,1,-1
2022-02-14 15:11:44.756,17958,17959,17958,1,-1
2022-02-14 15:11:44.762,17958,17959,17959,8,8
2022-02-14 15:11:45.093,17959,17960,17960,1,1
2022-02-14 15:11:45.147,17959,17960,17960,1,1
2022-02-14 15:11:45.271,17959,17960,17960,1,1
2022-02-14 15:11:45.678,17959,17960,17959,1,-1
2022-02-14 15:11:45.796,17959,17960,17960,2,2
2022-02-14 15:11:46.074,17959,17960,17960,1,1
2022-02-14 15:11:46.397,17959,17960,17959,1,-1
2022-02-14 15:11:46.498,17959,17960,17960,1,1
2022-02-14 15:11:46.841,17959,17960,17960,5,5
2022-02-14 15:11:48.644,17959,17960,17960,1,1
2022-02-14 15:11:48.656,17959,17960,17960,1,1
2022-02-14 15:11:49.089,17959,17960,17959,1,-1
2022-02-14 15:11:53.429,17959,17960,17959,1,-1
2022-02-14 15:11:56.039,17959,17960,17959,1,-1
2022-02-14 15:11:56.369,17959,17960,17959,1,-1
2022-02-14 15:11:56.923,17959,17960,17959,1,-1
2022-02-14 15:11:58.328,17959,17960,17959,1,-1
2022-02-14 15:11:59.800,17959,17960,17959,1,-1
2022-02-14 15:12:00.121,17958,17959,17959,5,5
2022-02-14 15:12:00.121,17958,17959,17960,1,1
2022-02-14 15:12:00.154,17958,17960,17960,6,6
2022-02-14 15:12:00.160,17958,17960,17960,1,1
2022-02-14 15:12:00.199,17958,17960,17960,1,1
2022-02-14 15:12:01.358,17958,17959,17958,1,-1
2022-02-14 15:12:02.074,17958,17959,17959,1,1
2022-02-14 15:12:03.606,17958,17960,17958,8,-8
2022-02-14 15:12:03.606,17958,17960,17957,9,-9
2022-02-14 15:12:06.333,17957,17958,17957,1,-1
2022-02-14 15:12:06.802,17957,17958,17958,1,1
2022-02-14 15:12:12.219,17959,17960,17959,1,-1
2022-02-14 15:12:17.215,17959,17960,17960,2,2
2022-02-14 15:12:18.197,17958,17960,17960,2,2
2022-02-14 15:12:22.462,17958,17959,17958,2,-2
2022-02-14 15:12:25.541,17958,17960,17960,1,1
2022-02-14 15:12:29.270,17959,17960,17959,6,-6
2022-02-14 15:12:34.000,17958,17959,17959,1,1
2022-02-14 15:12:39.670,17958,17959,17959,1,1
2022-02-14 15:12:44.248,17958,17959,17958,1,-1
2022-02-14 15:12:45.795,17958,17959,17958,1,-1
2022-02-14 15:12:50.040,17958,17959,17958,2,-2
2022-02-14 15:12:51.282,17957,17958,17957,1,-1
2022-02-14 15:12:55.622,17956,17957,17956,1,-1
2022-02-14 15:12:56.044,17956,17957,17956,1,-1
2022-02-14 15:12:57.862,17955,17956,17955,1,-1
2022-02-14 15:12:59.626,17955,17956,17955,1,-1
2022-02-14 15:13:00.074,17955,17956,17955,1,-1
2022-02-14 15:13:00.726,17955,17956,17956,1,1
2022-02-14 15:13:00.751,17955,17956,17957,1,1
2022-02-14 15:13:07.323,17956,17957,17956,2,-2
2022-02-14 15:13:08.447,17956,17957,17957,4,4
2022-02-14 15:13:09.868,17957,17958,17957,2,-2
2022-02-14 15:13:10.289,17957,17958,17958,1,1
2022-02-14 15:13:10.289,17957,17958,17958,1,1
2022-02-14 15:13:10.289,17957,17958,17958,2,2
2022-02-14 15:13:10.289,17957,17958,17958,4,4
2022-02-14 15:13:10.290,17957,17958,17958,4,4
2022-02-14 15:13:10.421,17958,17959,17959,5,5
2022-02-14 15:13:10.988,17959,17960,17960,5,5
2022-02-14 15:13:14.202,17959,17960,17959,1,-1
2022-02-14 15:13:16.422,17959,17961,17959,1,-1
2022-02-14 15:13:19.331,17959,17960,17960,1,1
2022-02-14 15:13:19.799,17959,17961,17961,1,1
2022-02-14 15:13:19.914,17959,17961,17959,1,-1
2022-02-14 15:13:19.916,17959,17961,17961,1,1
2022-02-14 15:13:20.910,17959,17960,17960,1,1
2022-02-14 15:13:21.141,17959,17960,17960,1,1
2022-02-14 15:13:23.476,17959,17961,17959,1,-1
2022-02-14 15:13:24.859,17958,17960,17960,3,3
2022-02-14 15:13:28.098,17959,17960,17960,3,3
2022-02-14 15:13:28.099,17959,17960,17960,1,1
2022-02-14 15:13:29.366,17960,17961,17960,2,-2
2022-02-14 15:13:39.503,17959,17960,17959,1,-1
2022-02-14 15:13:39.855,17959,17960,17959,1,-1
2022-02-14 15:13:39.855,17959,17960,17959,1,-1
2022-02-14 15:13:39.979,17958,17960,17958,1,-1
2022-02-14 15:13:40.317,17958,17959,17958,1,-1
2022-02-14 15:13:53.104,17958,17959,17958,1,-1
2022-02-14 15:13:53.104,17958,17959,17958,1,-1
2022-02-14 15:13:53.801,17957,17958,17957,1,-1
2022-02-14 15:13:58.275,17957,17958,17958,1,1
2022-02-14 15:14:00.293,17957,17958,17957,1,-1
2022-02-14 15:14:00.711,17956,17957,17957,1,1
2022-02-14 15:14:00.742,17956,17957,17957,1,1
2022-02-14 15:14:01.107,17956,17957,17956,1,-1
2022-02-14 15:14:02.970,17956,17957,17956,3,-3
2022-02-14 15:14:05.094,17955,17956,17955,1,-1
2022-02-14 15:14:05.906,17955,17956,17955,2,-2
2022-02-14 15:14:07.096,17954,17956,17954,1,-1
2022-02-14 15:14:09.760,17953,17956,17953,1,-1
2022-02-14 15:14:10.932,17952,17954,17952,3,-3
2022-02-14 15:14:11.476,17951,17953,17953,1,1
2022-02-14 15:14:15.295,17953,17954,17954,1,1
2022-02-14 15:14:16.356,17953,17955,17953,1,-1
2022-02-14 15:14:16.756,17953,17955,17953,1,-1
2022-02-14 15:14:25.707,17954,17955,17955,4,4
2022-02-14 15:14:26.952,17956,17957,17956,1,-1
2022-02-14 15:14:48.687,17956,17958,17956,1,-1
2022-02-14 15:14:55.561,17957,17958,17957,1,-1
2022-02-14 15:14:58.907,17957,17958,17958,4,4
2022-02-14 15:14:59.165,17957,17960,17959,1,1
2022-02-14 15:15:00.403,17957,17959,17959,1,1
2022-02-14 15:15:00.447,17957,17959,17959,1,1
2022-02-14 15:15:00.524,17957,17959,17959,1,1
2022-02-14 15:15:00.524,17957,17959,17960,1,1
2022-02-14 15:15:00.524,17957,17959,17960,3,3
2022-02-14 15:15:00.525,17957,17959,17960,1,1
2022-02-14 15:15:00.525,17957,17959,17960,2,2
2022-02-14 15:15:01.204,17958,17960,17958,1,-1
2022-02-14 15:15:01.265,17958,17960,17960,1,1
2022-02-14 15:15:01.265,17958,17960,17960,1,1
2022-02-14 15:15:01.266,17958,17960,17961,1,1
2022-02-14 15:15:01.485,17958,17961,17958,1,-1
2022-02-14 15:15:01.493,17958,17961,17958,1,-1
2022-02-14 15:15:01.602,17958,17960,17960,2,2
2022-02-14 15:15:02.015,17958,17960,17958,1,-1
2022-02-14 15:15:02.227,17958,17960,17960,1,1
2022-02-14 15:15:02.278,17958,17960,17960,1,1
2022-02-14 15:15:02.563,17958,17960,17958,1,-1
2022-02-14 15:15:03.353,17958,17960,17958,1,-1
2022-02-14 15:15:04.293,17959,17960,17960,1,1
2022-02-14 15:15:05.773,17959,17961,17961,7,7
2022-02-14 15:15:07.670,17961,17962,17961,1,-1
2022-02-14 15:15:17.020,17959,17961,17961,4,4
2022-02-14 15:15:17.140,17960,17962,17962,1,1
2022-02-14 15:15:17.140,17960,17962,17962,1,1
2022-02-14 15:15:17.140,17960,17962,17962,1,1
2022-02-14 15:15:17.140,17960,17962,17962,1,1
2022-02-14 15:15:17.141,17960,17962,17962,1,1
2022-02-14 15:15:17.143,17960,17962,17961,1,1
2022-02-14 15:15:17.143,17960,17962,17962,4,4
2022-02-14 15:15:17.409,17961,17962,17961,1,-1
2022-02-14 15:15:17.429,17961,17962,17962,1,1
2022-02-14 15:15:17.433,17961,17962,17961,1,-1
2022-02-14 15:15:17.505,17961,17962,17962,1,1
2022-02-14 15:15:17.507,17961,17962,17962,2,2
2022-02-14 15:15:17.509,17961,17962,17963,1,1
2022-02-14 15:15:17.521,17961,17963,17963,1,1
2022-02-14 15:15:17.529,17961,17963,17963,1,1
2022-02-14 15:15:17.725,17962,17963,17963,6,6
2022-02-14 15:15:17.725,17962,17963,17963,2,2
2022-02-14 15:15:17.725,17962,17963,17963,1,1
2022-02-14 15:15:18.930,17962,17964,17964,2,2
2022-02-14 15:15:19.015,17962,17964,17964,1,1
2022-02-14 15:15:19.015,17962,17964,17964,1,1
2022-02-14 15:15:19.015,17962,17964,17964,1,1
2022-02-14 15:15:19.015,17962,17964,17964,1,1
2022-02-14 15:15:19.015,17962,17964,17964,1,1
2022-02-14 15:15:19.015,17962,17964,17964,1,1
2022-02-14 15:15:19.015,17962,17964,17964,1,1
2022-02-14 15:15:19.016,17962,17964,17964,1,1
2022-02-14 15:15:19.737,17963,17964,17964,1,1
2022-02-14 15:15:19.738,17963,17964,17965,9,9
2022-02-14 15:15:19.994,17964,17966,17966,1,1
2022-02-14 15:15:21.117,17964,17966,17965,1,1
2022-02-14 15:15:21.155,17964,17966,17966,1,1
2022-02-14 15:15:22.263,17964,17966,17966,2,2
2022-02-14 15:15:22.791,17965,17967,17965,1,-1
2022-02-14 15:15:23.078,17965,17967,17967,3,3
2022-02-14 15:15:25.146,17966,17968,17968,17,17
2022-02-14 15:15:25.383,17968,17969,17969,2,2
2022-02-14 15:15:25.383,17968,17969,17970,2,2
2022-02-14 15:15:25.384,17968,17969,17970,8,8
2022-02-14 15:15:25.423,17969,17971,17971,5,5
2022-02-14 15:15:25.523,17970,17971,17971,1,1
2022-02-14 15:15:25.531,17970,17971,17971,3,3
2022-02-14 15:15:25.531,17970,17971,17972,5,5
2022-02-14 15:15:25.765,17972,17973,17973,1,1
2022-02-14 15:15:25.766,17972,17973,17974,8,8
2022-02-14 15:15:25.977,17973,17975,17975,1,1
2022-02-14 15:15:26.154,17973,17974,17973,1,-1
2022-02-14 15:15:26.154,17973,17974,17972,1,-1
2022-02-14 15:15:26.615,17972,17974,17974,1,1
2022-02-14 15:15:26.790,17972,17973,17973,1,1
2022-02-14 15:15:27.103,17972,17974,17974,1,1
2022-02-14 15:15:27.139,17972,17974,17974,1,1
2022-02-14 15:15:28.401,17972,17974,17974,1,1
2022-02-14 15:15:28.645,17973,17974,17974,1,1
2022-02-14 15:15:28.649,17973,17974,17975,1,1
2022-02-14 15:15:29.180,17973,17975,17973,1,-1
2022-02-14 15:15:29.533,17972,17974,17974,1,1
2022-02-14 15:15:30.419,17973,17974,17974,1,1
2022-02-14 15:15:31.256,17973,17975,17973,1,-1
2022-02-14 15:15:31.934,17973,17975,17975,1,1
2022-02-14 15:15:33.268,17972,17974,17974,1,1
2022-02-14 15:15:33.527,17972,17974,17972,1,-1
2022-02-14 15:15:37.107,17972,17973,17972,2,-2
2022-02-14 15:15:37.107,17972,17973,17972,1,-1
2022-02-14 15:15:37.374,17971,17972,17972,3,3
2022-02-14 15:15:37.374,17971,17972,17973,2,2
2022-02-14 15:15:39.012,17971,17973,17973,1,1
2022-02-14 15:15:39.012,17971,17973,17974,1,1
2022-02-14 15:15:39.141,17973,17974,17974,2,2
2022-02-14 15:15:39.142,17973,17974,17975,10,10
2022-02-14 15:15:45.530,17973,17974,17974,1,1
2022-02-14 15:15:46.139,17973,17974,17974,1,1
2022-02-14 15:15:46.205,17973,17974,17975,1,1
2022-02-14 15:15:49.407,17974,17976,17976,4,4
2022-02-14 15:15:49.515,17974,17976,17976,1,1
2022-02-14 15:15:53.937,17975,17976,17975,1,-1
2022-02-14 15:15:54.133,17975,17976,17976,2,2
2022-02-14 15:15:55.744,17975,17976,17975,9,-9
2022-02-14 15:15:55.744,17975,17976,17974,4,-4
2022-02-14 15:15:55.979,17973,17975,17975,1,1
2022-02-14 15:15:56.956,17974,17975,17975,2,2
2022-02-14 15:15:59.621,17975,17976,17976,2,2
2022-02-14 15:16:00.290,17974,17976,17976,1,1
2022-02-14 15:16:00.399,17974,17976,17976,12,12
2022-02-14 15:16:00.470,17974,17976,17976,7,7
2022-02-14 15:16:00.470,17974,17976,17977,5,5
2022-02-14 15:16:00.471,17974,17976,17977,15,15
2022-02-14 15:16:00.471,17974,17976,17977,1,1
2022-02-14 15:16:00.491,17974,17976,17978,1,1
2022-02-14 15:16:00.516,17976,17978,17978,1,1
2022-02-14 15:16:00.530,17976,17978,17978,1,1
2022-02-14 15:16:00.789,17976,17978,17978,1,1
2022-02-14 15:16:00.794,17976,17978,17978,1,1
2022-02-14 15:16:00.800,17976,17978,17978,1,1
2022-02-14 15:16:00.811,17976,17978,17978,1,1
2022-02-14 15:16:00.828,17976,17978,17978,1,1
2022-02-14 15:16:00.908,17977,17978,17978,1,1
2022-02-14 15:16:01.506,17977,17978,17978,1,1
2022-02-14 15:16:01.565,17977,17978,17978,1,1
2022-02-14 15:16:01.644,17977,17978,17978,3,3
2022-02-14 15:16:01.645,17977,17978,17979,4,4
2022-02-14 15:16:01.663,17977,17978,17980,1,1
2022-02-14 15:16:01.774,17978,17980,17980,1,1
2022-02-14 15:16:01.802,17978,17980,17980,1,1
2022-02-14 15:16:01.824,17978,17980,17980,1,1
2022-02-14 15:16:01.960,17979,17980,17980,1,1
2022-02-14 15:16:02.055,17979,17980,17980,2,2
2022-02-14 15:16:02.058,17979,17980,17980,2,2
2022-02-14 15:16:02.058,17979,17980,17979,1,-1
2022-02-14 15:16:02.162,17979,17980,17980,2,2
2022-02-14 15:16:02.242,17979,17980,17980,1,1
2022-02-14 15:16:02.243,17979,17980,17980,1,1
2022-02-14 15:16:03.249,17979,17980,17979,1,-1
2022-02-14 15:16:03.922,17979,17981,17979,1,-1
2022-02-14 15:16:04.136,17979,17981,17981,5,5
2022-02-14 15:16:04.806,17981,17982,17981,1,-1
2022-02-14 15:16:05.105,17980,17981,17980,1,-1
2022-02-14 15:16:06.642,17980,17981,17981,1,1
2022-02-14 15:16:06.802,17980,17982,17982,1,1
2022-02-14 15:16:06.883,17980,17982,17982,1,1
2022-02-14 15:16:07.572,17981,17982,17981,1,-1
2022-02-14 15:16:07.640,17981,17982,17982,1,1
2022-02-14 15:16:07.641,17981,17982,17982,1,1
2022-02-14 15:16:07.677,17981,17982,17981,1,-1
2022-02-14 15:16:08.827,17980,17981,17980,1,-1
2022-02-14 15:16:08.892,17980,17981,17981,2,2
2022-02-14 15:16:09.967,17980,17981,17980,2,-2
2022-02-14 15:16:10.067,17978,17980,17980,1,1
2022-02-14 15:16:10.806,17978,17980,17980,1,1
2022-02-14 15:16:10.806,17978,17980,17981,3,3
2022-02-14 15:16:11.228,17978,17981,17981,1,1
2022-02-14 15:16:11.276,17979,17981,17979,1,-1
2022-02-14 15:16:12.832,17979,17981,17981,1,1
2022-02-14 15:16:13.159,17980,17981,17981,1,1
2022-02-14 15:16:14.274,17980,17981,17981,1,1
2022-02-14 15:16:15.285,17980,17982,17982,1,1
2022-02-14 15:16:15.363,17980,17982,17982,4,4
2022-02-14 15:16:17.323,17980,17982,17982,1,1
2022-02-14 15:16:17.330,17980,17982,17980,1,-1
2022-02-14 15:16:17.369,17980,17982,17980,1,-1
2022-02-14 15:16:17.369,17980,17982,17979,1,-1
2022-02-14 15:16:20.323,17978,17979,17979,3,3
2022-02-14 15:16:20.333,17978,17979,17979,1,1
2022-02-14 15:16:20.390,17978,17979,17979,1,1
2022-02-14 15:16:21.862,17978,17979,17978,1,-1
2022-02-14 15:16:21.863,17978,17979,17978,2,-2
2022-02-14 15:16:21.867,17978,17979,17978,1,-1
2022-02-14 15:16:22.052,17977,17978,17977,1,-1
2022-02-14 15:16:26.526,17978,17979,17978,1,-1
2022-02-14 15:16:31.516,17977,17979,17979,1,1
2022-02-14 15:16:31.640,17977,17979,17979,1,1
2022-02-14 15:16:33.878,17978,17979,17979,2,2
2022-02-14 15:16:33.912,17978,17979,17979,2,2
2022-02-14 15:16:33.912,17978,17979,17980,3,3
2022-02-14 15:16:35.066,17979,17980,17980,2,2
2022-02-14 15:16:36.422,17979,17980,17980,2,2
2022-02-14 15:16:39.012,17979,17980,17980,1,1
2022-02-14 15:16:39.142,17979,17980,17980,4,4
2022-02-14 15:16:39.142,17979,17980,17981,1,1
2022-02-14 15:16:40.324,17979,17980,17980,1,1
2022-02-14 15:16:42.054,17979,17980,17980,1,1
2022-02-14 15:16:43.110,17979,17980,17980,1,1
2022-02-14 15:16:47.792,17980,17981,17980,1,-1
2022-02-14 15:16:48.237,17979,17980,17980,1,1
2022-02-14 15:16:49.521,17979,17981,17979,1,-1
2022-02-14 15:16:50.746,17979,17980,17980,1,1
2022-02-14 15:16:52.542,17980,17981,17980,1,-1
2022-02-14 15:16:52.589,17980,17981,17980,1,-1
2022-02-14 15:16:53.023,17980,17981,17980,1,-1
2022-02-14 15:16:53.423,17980,17981,17980,1,-1
2022-02-14 15:16:54.792,17979,17980,17979,5,-5
2022-02-14 15:16:55.080,17978,17980,17980,2,2
2022-02-14 15:16:56.298,17979,17980,17980,2,2
2022-02-14 15:16:57.112,17979,17980,17979,1,-1
2022-02-14 15:16:57.113,17979,17980,17979,1,-1
2022-02-14 15:16:57.114,17979,17980,17979,1,-1
2022-02-14 15:16:58.546,17978,17979,17979,1,1
2022-02-14 15:16:58.979,17979,17980,17979,1,-1
2022-02-14 15:16:59.844,17979,17980,17979,2,-2
2022-02-14 15:17:00.214,17978,17979,17979,1,1
2022-02-14 15:17:00.259,17978,17979,17980,1,1
2022-02-14 15:17:00.371,17978,17980,17978,1,-1
2022-02-14 15:17:02.265,17979,17980,17980,1,1
2022-02-14 15:17:03.583,17979,17980,17979,1,-1
2022-02-14 15:17:05.297,17979,17980,17979,3,-3
2022-02-14 15:17:05.297,17979,17980,17978,1,-1
2022-02-14 15:17:06.849,17979,17980,17979,1,-1
2022-02-14 15:17:08.048,17978,17979,17979,2,2
2022-02-14 15:17:08.401,17978,17979,17979,2,2
2022-02-14 15:17:08.401,17978,17979,17980,17,17
2022-02-14 15:17:08.809,17980,17981,17981,2,2
2022-02-14 15:17:08.810,17980,17981,17981,2,2
2022-02-14 15:17:08.810,17980,17981,17981,2,2
2022-02-14 15:17:08.810,17980,17981,17981,1,1
2022-02-14 15:17:08.810,17980,17981,17981,3,3
2022-02-14 15:17:08.936,17981,17982,17982,6,6
2022-02-14 15:17:09.038,17981,17983,17981,1,-1
2022-02-14 15:17:10.389,17982,17983,17982,1,-1
2022-02-14 15:17:10.561,17982,17983,17982,1,-1
2022-02-14 15:17:11.015,17981,17983,17981,1,-1
2022-02-14 15:17:12.019,17982,17983,17983,1,1
2022-02-14 15:17:12.974,17982,17983,17983,1,1
2022-02-14 15:17:12.974,17982,17983,17983,1,1
2022-02-14 15:17:14.776,17983,17984,17983,1,-1
2022-02-14 15:17:14.776,17983,17984,17982,1,-1
2022-02-14 15:17:14.928,17982,17984,17983,1,1
2022-02-14 15:17:16.678,17982,17983,17983,2,2
2022-02-14 15:17:18.634,17983,17984,17984,2,2
2022-02-14 15:17:18.636,17983,17984,17984,4,4
2022-02-14 15:17:21.071,17983,17984,17983,1,-1
2022-02-14 15:17:21.358,17983,17984,17984,1,1
2022-02-14 15:17:22.075,17983,17985,17983,1,-1
2022-02-14 15:17:22.270,17984,17985,17985,4,4
2022-02-14 15:17:22.445,17984,17985,17984,1,-1
2022-02-14 15:17:22.604,17984,17985,17984,2,-2
2022-02-14 15:17:22.604,17984,17985,17983,2,-2
2022-02-14 15:17:22.817,17984,17985,17984,2,-2
2022-02-14 15:17:22.882,17984,17985,17983,1,-1
2022-02-14 15:17:23.392,17983,17985,17983,2,-2
2022-02-14 15:17:24.458,17984,17985,17985,2,2
2022-02-14 15:17:24.468,17984,17985,17985,4,4
2022-02-14 15:17:27.602,17984,17985,17985,2,2
2022-02-14 15:17:27.670,17984,17985,17984,2,-2
2022-02-14 15:17:28.295,17984,17985,17984,2,-2
2022-02-14 15:17:28.363,17984,17985,17985,1,1
2022-02-14 15:17:28.654,17984,17985,17985,1,1
2022-02-14 15:17:29.352,17985,17986,17986,2,2
2022-02-14 15:17:29.662,17985,17986,17986,2,2
2022-02-14 15:17:29.662,17985,17986,17986,3,3
2022-02-14 15:17:29.666,17985,17986,17986,1,1
2022-02-14 15:17:30.314,17986,17987,17986,1,-1
2022-02-14 15:17:30.590,17986,17987,17986,1,-1
2022-02-14 15:17:30.620,17986,17987,17987,1,1
2022-02-14 15:17:30.662,17986,17987,17987,2,2
2022-02-14 15:17:30.869,17986,17987,17986,4,-4
2022-02-14 15:17:31.190,17985,17986,17986,1,1
2022-02-14 15:17:33.449,17985,17986,17986,1,1
2022-02-14 15:17:34.430,17985,17986,17985,1,-1
2022-02-14 15:17:34.828,17985,17986,17986,1,1
2022-02-14 15:17:35.389,17985,17986,17985,5,-5
2022-02-14 15:17:36.602,17984,17985,17984,1,-1
2022-02-14 15:17:36.602,17984,17985,17984,1,-1
2022-02-14 15:17:36.603,17984,17985,17984,1,-1
2022-02-14 15:17:36.603,17984,17985,17984,2,-2
2022-02-14 15:17:36.603,17984,17985,17984,1,-1
2022-02-14 15:17:36.911,17983,17984,17983,1,-1
2022-02-14 15:17:38.987,17982,17983,17983,1,1
2022-02-14 15:17:39.724,17982,17983,17983,1,1
2022-02-14 15:17:41.368,17984,17985,17984,1,-1
2022-02-14 15:17:41.790,17984,17985,17984,1,-1
2022-02-14 15:17:44.756,17983,17984,17984,2,2
2022-02-14 15:17:45.242,17983,17984,17983,2,-2
2022-02-14 15:17:45.622,17983,17984,17984,2,2
2022-02-14 15:17:46.770,17983,17984,17984,2,2
2022-02-14 15:17:47.810,17983,17984,17984,2,2
2022-02-14 15:17:49.365,17984,17985,17985,1,1
2022-02-14 15:17:53.491,17984,17985,17985,2,2
2022-02-14 15:17:54.336,17984,17985,17985,1,1
2022-02-14 15:17:55.671,17984,17985,17984,1,-1
2022-02-14 15:17:57.764,17984,17985,17984,2,-2
2022-02-14 15:17:58.051,17983,17984,17984,1,1
2022-02-14 15:17:59.840,17983,17984,17983,3,-3
2022-02-14 15:18:00.337,17982,17983,17983,1,1
2022-02-14 15:18:00.377,17982,17983,17984,1,1
2022-02-14 15:18:01.074,17982,17983,17983,1,1
2022-02-14 15:18:01.141,17982,17983,17983,1,1
2022-02-14 15:18:01.141,17982,17983,17983,1,1
2022-02-14 15:18:01.222,17982,17983,17982,2,-2
2022-02-14 15:18:01.530,17981,17983,17983,1,1
2022-02-14 15:18:03.075,17982,17983,17983,1,1
2022-02-14 15:18:03.390,17982,17983,17982,1,-1
2022-02-14 15:18:06.379,17981,17982,17982,1,1
2022-02-14 15:18:06.379,17981,17982,17983,1,1
2022-02-14 15:18:07.232,17981,17982,17982,1,1
2022-02-14 15:18:07.232,17981,17982,17983,2,2
2022-02-14 15:18:07.870,17981,17983,17983,1,1
2022-02-14 15:18:11.118,17982,17983,17983,1,1
2022-02-14 15:18:12.062,17982,17983,17983,1,1
2022-02-14 15:18:13.666,17982,17983,17983,2,2
2022-02-14 15:18:13.760,17982,17983,17984,1,1
2022-02-14 15:18:16.900,17983,17984,17983,2,-2
2022-02-14 15:18:16.928,17983,17984,17982,1,-1
2022-02-14 15:18:21.326,17982,17983,17983,2,2
2022-02-14 15:18:22.770,17982,17983,17983,2,2
2022-02-14 15:18:25.066,17982,17983,17982,3,-3
2022-02-14 15:18:27.150,17981,17982,17981,1,-1
2022-02-14 15:18:27.833,17981,17982,17981,1,-1
2022-02-14 15:18:32.202,17981,17982,17982,2,2
2022-02-14 15:18:32.911,17981,17982,17981,5,-5
2022-02-14 15:18:34.542,17980,17981,17981,1,1
2022-02-14 15:18:35.342,17980,17981,17981,1,1
2022-02-14 15:18:36.298,17981,17982,17981,1,-1
2022-02-14 15:18:36.956,17981,17982,17981,1,-1
2022-02-14 15:18:37.815,17981,17982,17982,2,2
2022-02-14 15:18:38.296,17981,17982,17982,1,1
2022-02-14 15:18:38.297,17981,17982,17982,3,3
2022-02-14 15:18:42.005,17982,17983,17982,1,-1
2022-02-14 15:18:42.005,17982,17983,17982,1,-1
2022-02-14 15:18:42.005,17982,17983,17982,1,-1
2022-02-14 15:18:44.030,17981,17982,17982,2,2
2022-02-14 15:18:45.166,17981,17982,17981,2,-2
2022-02-14 15:18:49.230,17980,17981,17981,2,2
2022-02-14 15:18:49.454,17980,17981,17981,2,2
2022-02-14 15:18:49.858,17980,17981,17980,1,-1
2022-02-14 15:18:50.659,17980,17981,17981,1,1
2022-02-14 15:18:50.666,17980,17981,17981,1,1
2022-02-14 15:18:51.065,17980,17981,17980,1,-1
2022-02-14 15:18:51.675,17980,17981,17981,2,2
2022-02-14 15:18:55.854,17981,17982,17982,1,1
2022-02-14 15:18:56.303,17981,17983,17982,1,1
2022-02-14 15:18:56.857,17981,17983,17982,1,1
2022-02-14 15:18:57.471,17982,17983,17982,1,-1
2022-02-14 15:19:00.085,17981,17983,17982,1,1
2022-02-14 15:19:00.657,17981,17983,17983,1,1
2022-02-14 15:19:00.687,17981,17983,17983,1,1
2022-02-14 15:19:01.262,17982,17983,17982,1,-1
2022-02-14 15:19:04.714,17982,17983,17983,2,2
2022-02-14 15:19:05.040,17982,17983,17983,2,2
2022-02-14 15:19:06.091,17983,17984,17984,8,8
2022-02-14 15:19:06.092,17983,17984,17984,1,1
2022-02-14 15:19:09.214,17984,17985,17984,1,-1
2022-02-14 15:19:12.323,17982,17983,17982,1,-1
2022-02-14 15:19:17.810,17982,17983,17983,2,2
2022-02-14 15:19:18.986,17982,17983,17983,2,2
2022-02-14 15:19:19.015,17982,17983,17983,1,1
2022-02-14 15:19:19.293,17982,17983,17982,2,-2
2022-02-14 15:19:20.018,17981,17982,17982,1,1
2022-02-14 15:19:20.215,17982,17983,17982,1,-1
2022-02-14 15:19:27.208,17982,17983,17983,1,1
2022-02-14 15:19:35.407,17983,17984,17984,6,6
2022-02-14 15:19:37.598,17983,17985,17983,2,-2
2022-02-14 15:19:38.930,17983,17985,17985,2,2
2022-02-14 15:19:40.198,17984,17985,17985,2,2
2022-02-14 15:19:40.958,17984,17985,17985,2,2
2022-02-14 15:19:41.460,17984,17985,17985,1,1
2022-02-14 15:19:42.135,17984,17985,17985,2,2
2022-02-14 15:19:43.322,17984,17985,17985,2,2
2022-02-14 15:19:43.750,17984,17985,17985,2,2
2022-02-14 15:19:44.442,17984,17986,17985,2,2
2022-02-14 15:19:45.396,17984,17985,17985,2,2
2022-02-14 15:19:45.397,17984,17985,17985,3,3
2022-02-14 15:19:47.106,17984,17985,17984,1,-1
2022-02-14 15:19:47.107,17984,17985,17984,1,-1
2022-02-14 15:19:49.874,17983,17984,17984,2,2
2022-02-14 15:19:49.874,17983,17984,17983,2,-2
2022-02-14 15:19:50.322,17982,17984,17984,2,2
2022-02-14 15:19:52.254,17982,17983,17983,2,2
2022-02-14 15:19:53.366,17982,17983,17983,2,2
2022-02-14 15:19:53.945,17982,17983,17982,14,-14
2022-02-14 15:19:54.318,17981,17983,17983,2,2
2022-02-14 15:19:54.607,17981,17983,17983,1,1
2022-02-14 15:19:55.838,17982,17983,17983,1,1
2022-02-14 15:19:56.248,17982,17983,17982,1,-1
2022-02-14 15:19:56.626,17982,17983,17983,1,1
2022-02-14 15:19:56.628,17982,17983,17983,1,1
2022-02-14 15:19:59.606,17982,17983,17983,2,2
2022-02-14 15:20:00.423,17982,17983,17983,1,1
2022-02-14 15:20:00.615,17982,17984,17983,1,1
2022-02-14 15:20:00.639,17983,17984,17984,1,1
2022-02-14 15:20:00.705,17983,17984,17984,1,1
2022-02-14 15:20:00.740,17983,17984,17985,1,1
2022-02-14 15:20:05.732,17984,17985,17984,1,-1
2022-02-14 15:20:06.049,17984,17985,17984,1,-1
2022-02-14 15:20:06.562,17984,17985,17985,1,1
2022-02-14 15:20:10.250,17983,17984,17984,1,1
2022-02-14 15:20:10.250,17983,17984,17985,1,1
2022-02-14 15:20:11.159,17983,17984,17984,1,1
2022-02-14 15:20:11.247,17983,17984,17983,1,-1
2022-02-14 15:20:11.366,17983,17984,17984,1,1
2022-02-14 15:20:11.367,17983,17984,17984,1,1
2022-02-14 15:20:12.130,17983,17984,17983,2,-2
2022-02-14 15:20:15.596,17982,17983,17982,1,-1
2022-02-14 15:20:20.888,17981,17982,17981,2,-2
2022-02-14 15:20:21.785,17980,17982,17980,4,-4
2022-02-14 15:20:22.526,17979,17980,17980,1,1
2022-02-14 15:20:24.332,17979,17980,17979,1,-1
2022-02-14 15:20:24.378,17979,17980,17980,1,1
2022-02-14 15:20:24.889,17979,17980,17979,3,-3
2022-02-14 15:20:27.027,17979,17980,17979,1,-1
2022-02-14 15:20:27.121,17979,17980,17979,2,-2
2022-02-14 15:20:27.646,17978,17979,17979,3,3
2022-02-14 15:20:28.388,17979,17980,17979,1,-1
2022-02-14 15:20:30.513,17979,17980,17980,1,1
2022-02-14 15:20:30.513,17979,17980,17980,2,2
2022-02-14 15:20:31.079,17980,17981,17980,1,-1
2022-02-14 15:20:31.695,17980,17981,17980,1,-1
2022-02-14 15:20:35.312,17980,17981,17980,2,-2
2022-02-14 15:20:37.674,17980,17981,17980,1,-1
2022-02-14 15:20:40.448,17980,17981,17980,1,-1
2022-02-14 15:20:47.859,17980,17981,17981,1,1
2022-02-14 15:20:48.005,17980,17981,17981,4,4
2022-02-14 15:20:51.352,17980,17982,17980,1,-1
2022-02-14 15:20:54.412,17980,17982,17981,1,1
2022-02-14 15:20:54.426,17980,17982,17980,1,-1
2022-02-14 15:20:54.427,17980,17982,17980,5,-5
2022-02-14 15:21:01.254,17979,17980,17980,1,1
2022-02-14 15:21:01.274,17979,17980,17980,1,1
2022-02-14 15:21:02.611,17979,17980,17979,1,-1
2022-02-14 15:21:05.102,17979,17980,17979,1,-1
2022-02-14 15:21:08.185,17979,17980,17979,1,-1
2022-02-14 15:21:15.173,17979,17980,17979,1,-1
2022-02-14 15:21:15.408,17979,17980,17979,1,-1
2022-02-14 15:21:23.453,17979,17980,17980,2,2
2022-02-14 15:21:24.951,17979,17980,17979,2,-2
2022-02-14 15:21:25.015,17979,17980,17980,1,1
2022-02-14 15:21:31.138,17980,17981,17980,3,-3
2022-02-14 15:21:31.300,17979,17980,17980,1,1
2022-02-14 15:21:49.502,17979,17980,17980,14,14
2022-02-14 15:21:49.502,17979,17980,17980,2,2
2022-02-14 15:21:49.503,17979,17980,17980,2,2
2022-02-14 15:21:50.303,17980,17981,17981,1,1
2022-02-14 15:21:53.770,17980,17982,17981,1,1
2022-02-14 15:21:58.395,17980,17981,17980,1,-1
2022-02-14 15:22:00.083,17980,17981,17980,1,-1
2022-02-14 15:22:00.084,17980,17981,17980,1,-1
2022-02-14 15:22:00.141,17979,17981,17981,1,1
2022-02-14 15:22:00.141,17979,17981,17981,1,1
2022-02-14 15:22:00.142,17979,17981,17981,1,1
2022-02-14 15:22:00.142,17979,17981,17981,1,1
2022-02-14 15:22:00.142,17979,17981,17981,2,2
2022-02-14 15:22:00.143,17979,17981,17982,1,1
2022-02-14 15:22:00.630,17980,17981,17981,1,1
2022-02-14 15:22:00.659,17980,17981,17981,1,1
2022-02-14 15:22:05.417,17980,17981,17980,2,-2
2022-02-14 15:22:06.011,17979,17980,17979,1,-1
2022-02-14 15:22:06.011,17979,17980,17979,1,-1
2022-02-14 15:22:06.539,17978,17979,17978,19,-19
2022-02-14 15:22:14.757,17977,17978,17977,1,-1
2022-02-14 15:22:14.758,17977,17978,17977,5,-5
2022-02-14 15:22:14.758,17977,17978,17977,1,-1
2022-02-14 15:22:14.758,17977,17978,17977,27,-27
2022-02-14 15:22:14.758,17977,17978,17977,6,-6
2022-02-14 15:22:14.758,17977,17978,17977,2,-2
2022-02-14 15:22:14.758,17977,17978,17977,1,-1
2022-02-14 15:22:14.759,17977,17978,17977,1,-1
2022-02-14 15:22:14.765,17977,17978,17978,1,1
2022-02-14 15:22:14.765,17977,17978,17977,1,-1
2022-02-14 15:22:15.267,17977,17978,17977,2,-2
2022-02-14 15:22:15.359,17977,17978,17977,1,-1
2022-02-14 15:22:15.669,17977,17978,17977,1,-1
2022-02-14 15:22:16.218,17977,17978,17977,1,-1
2022-02-14 15:22:16.254,17977,17978,17977,3,-3
2022-02-14 15:22:16.254,17977,17978,17977,1,-1
2022-02-14 15:22:16.424,17977,17978,17977,1,-1
2022-02-14 15:22:16.594,17977,17978,17977,2,-2
2022-02-14 15:22:16.761,17977,17978,17977,2,-2
2022-02-14 15:22:16.918,17977,17978,17977,1,-1
2022-02-14 15:22:17.022,17977,17978,17977,1,-1
2022-02-14 15:22:17.298,17977,17978,17977,1,-1
2022-02-14 15:22:18.156,17977,17978,17977,1,-1
2022-02-14 15:22:18.702,17977,17978,17977,28,-28
2022-02-14 15:22:18.702,17977,17978,17977,1,-1
2022-02-14 15:22:18.938,17976,17977,17976,6,-6
2022-02-14 15:22:19.040,17976,17977,17976,2,-2
2022-02-14 15:22:19.339,17975,17977,17975,1,-1
2022-02-14 15:22:19.393,17975,17977,17977,1,1
2022-02-14 15:22:19.435,17975,17977,17975,1,-1
2022-02-14 15:22:20.858,17975,17977,17977,1,1
2022-02-14 15:22:21.387,17977,17978,17977,1,-1
2022-02-14 15:22:21.959,17976,17978,17976,1,-1
2022-02-14 15:22:22.379,17976,17978,17978,9,9
2022-02-14 15:22:22.379,17976,17978,17978,2,2
2022-02-14 15:22:22.478,17978,17980,17978,6,-6
2022-02-14 15:22:25.324,17979,17980,17980,1,1
2022-02-14 15:22:25.785,17979,17981,17981,1,1
2022-02-14 15:22:28.043,17979,17981,17979,1,-1
2022-02-14 15:22:35.930,17977,17979,17979,1,1
2022-02-14 15:22:36.015,17977,17979,17979,1,1
2022-02-14 15:22:36.015,17977,17979,17979,1,1
2022-02-14 15:22:37.195,17977,17979,17978,1,1
2022-02-14 15:22:38.798,17976,17977,17977,1,1
2022-02-14 15:22:39.397,17976,17977,17977,1,1
2022-02-14 15:22:42.856,17975,17977,17977,1,1
2022-02-14 15:22:43.700,17975,17977,17977,1,1
2022-02-14 15:22:43.700,17975,17977,17977,1,1
2022-02-14 15:22:43.700,17975,17977,17977,1,1
2022-02-14 15:22:43.701,17975,17977,17977,1,1
2022-02-14 15:22:44.685,17976,17977,17977,1,1
2022-02-14 15:22:44.816,17976,17977,17976,1,-1
2022-02-14 15:22:47.528,17975,17976,17976,1,1
2022-02-14 15:22:47.639,17975,17976,17976,1,1
2022-02-14 15:22:51.428,17975,17976,17976,1,1
2022-02-14 15:22:51.547,17975,17976,17975,1,-1
2022-02-14 15:22:51.750,17975,17976,17975,1,-1
2022-02-14 15:22:57.719,17975,17976,17975,7,-7
2022-02-14 15:22:58.859,17974,17975,17974,1,-1
2022-02-14 15:22:58.859,17974,17975,17974,1,-1
2022-02-14 15:22:58.860,17974,17975,17974,1,-1
2022-02-14 15:23:00.460,17973,17974,17973,1,-1
2022-02-14 15:23:00.885,17972,17974,17974,1,1
2022-02-14 15:23:00.918,17972,17974,17974,1,1
2022-02-14 15:23:05.100,17972,17973,17972,1,-1
2022-02-14 15:23:05.161,17972,17973,17972,1,-1
2022-02-14 15:23:05.245,17972,17973,17972,1,-1
2022-02-14 15:23:05.311,17972,17973,17971,3,-3
2022-02-14 15:23:05.614,17971,17972,17971,2,-2
2022-02-14 15:23:06.523,17971,17972,17972,1,1
2022-02-14 15:23:06.524,17971,17972,17972,1,1
2022-02-14 15:23:07.482,17971,17972,17971,1,-1
2022-02-14 15:23:08.950,17971,17973,17971,1,-1
2022-02-14 15:23:11.528,17971,17973,17971,1,-1
2022-02-14 15:23:11.875,17971,17973,17971,1,-1
2022-02-14 15:23:14.140,17971,17973,17971,1,-1
2022-02-14 15:23:14.898,17971,17973,17971,1,-1
2022-02-14 15:23:20.579,17971,17972,17971,1,-1
2022-02-14 15:23:22.371,17971,17972,17971,1,-1
2022-02-14 15:23:26.111,17971,17972,17971,3,-3
2022-02-14 15:23:33.899,17970,17971,17971,1,1
2022-02-14 15:23:37.597,17970,17971,17970,1,-1
2022-02-14 15:23:37.941,17970,17971,17970,1,-1
2022-02-14 15:23:37.976,17970,17971,17970,1,-1
2022-02-14 15:23:38.414,17969,17970,17969,2,-2
2022-02-14 15:23:38.577,17968,17969,17969,1,1
2022-02-14 15:23:38.810,17968,17969,17968,1,-1
2022-02-14 15:23:41.098,17968,17969,17968,4,-4
2022-02-14 15:23:41.226,17967,17968,17967,1,-1
2022-02-14 15:23:42.154,17967,17968,17967,1,-1
2022-02-14 15:23:43.997,17966,17967,17966,1,-1
2022-02-14 15:23:44.072,17966,17967,17966,1,-1
2022-02-14 15:23:44.072,17966,17967,17965,1,-1
2022-02-14 15:23:44.159,17965,17967,17965,2,-2
2022-02-14 15:23:44.205,17965,17967,17965,6,-6
2022-02-14 15:23:44.890,17965,17966,17965,1,-1
2022-02-14 15:23:47.486,17965,17966,17966,1,1
2022-02-14 15:23:49.186,17966,17967,17967,1,1
2022-02-14 15:23:49.492,17966,17967,17966,2,-2
2022-02-14 15:23:53.776,17966,17967,17966,1,-1
2022-02-14 15:23:55.298,17966,17967,17967,4,4
2022-02-14 15:23:56.492,17967,17968,17967,3,-3
2022-02-14 15:23:56.492,17967,17968,17966,1,-1
2022-02-14 15:23:57.068,17967,17968,17967,1,-1
2022-02-14 15:23:57.119,17967,17968,17966,2,-2
2022-02-14 15:23:57.284,17966,17968,17966,1,-1
2022-02-14 15:23:57.328,17966,17968,17966,1,-1
2022-02-14 15:23:57.339,17966,17968,17966,1,-1
2022-02-14 15:23:57.450,17966,17967,17966,1,-1
2022-02-14 15:23:57.617,17965,17967,17965,1,-1
2022-02-14 15:23:58.862,17965,17966,17966,1,1
2022-02-14 15:23:59.040,17965,17967,17965,1,-1
2022-02-14 15:24:00.089,17965,17967,17965,1,-1
2022-02-14 15:24:00.669,17965,17967,17967,1,1
2022-02-14 15:24:00.725,17965,17967,17967,1,1
2022-02-14 15:24:01.460,17965,17967,17965,1,-1
2022-02-14 15:24:04.060,17965,17967,17965,1,-1
2022-02-14 15:24:04.823,17966,17968,17966,1,-1
2022-02-14 15:24:05.444,17966,17968,17966,2,-2
2022-02-14 15:24:08.661,17965,17966,17966,1,1
2022-02-14 15:24:08.661,17965,17966,17966,2,2
2022-02-14 15:24:08.661,17965,17966,17966,2,2
2022-02-14 15:24:08.661,17965,17966,17966,1,1
2022-02-14 15:24:12.658,17966,17968,17966,3,-3
2022-02-14 15:24:12.710,17966,17968,17966,2,-2
2022-02-14 15:24:14.395,17966,17968,17968,1,1
2022-02-14 15:24:32.017,17967,17968,17968,1,1
2022-02-14 15:24:40.050,17966,17967,17967,2,2
2022-02-14 15:24:41.574,17966,17967,17966,8,-8
2022-02-14 15:24:42.621,17965,17966,17966,1,1
2022-02-14 15:24:45.135,17965,17966,17966,1,1
2022-02-14 15:24:45.638,17965,17966,17966,1,1
2022-02-14 15:24:45.837,17965,17966,17965,1,-1
2022-02-14 15:24:53.008,17966,17967,17966,1,-1
2022-02-14 15:24:58.294,17966,17967,17967,3,3
2022-02-14 15:25:00.073,17966,17968,17967,1,1
2022-02-14 15:25:00.175,17966,17968,17968,1,1
2022-02-14 15:25:00.201,17966,17968,17968,1,1
2022-02-14 15:25:01.115,17967,17968,17968,4,4
2022-02-14 15:25:01.326,17968,17970,17968,1,-1
2022-02-14 15:25:01.563,17968,17970,17968,1,-1
2022-02-14 15:25:02.918,17968,17970,17968,1,-1
2022-02-14 15:25:05.325,17969,17970,17969,1,-1
2022-02-14 15:25:33.015,17969,17970,17970,1,1
2022-02-14 15:25:35.078,17969,17970,17969,4,-4
2022-02-14 15:25:35.078,17969,17970,17969,1,-1
2022-02-14 15:25:36.448,17969,17970,17970,1,1
2022-02-14 15:25:36.862,17969,17970,17969,2,-2
2022-02-14 15:25:36.862,17969,17970,17969,1,-1
2022-02-14 15:25:36.862,17969,17970,17969,1,-1
2022-02-14 15:25:36.912,17967,17968,17967,2,-2
2022-02-14 15:25:47.734,17969,17970,17969,1,-1
2022-02-14 15:25:48.896,17969,17970,17969,1,-1
2022-02-14 15:25:54.966,17968,17969,17968,1,-1
2022-02-14 15:26:00.637,17967,17968,17968,1,1
2022-02-14 15:26:00.668,17967,17969,17969,1,1
2022-02-14 15:26:02.407,17968,17969,17969,2,2
2022-02-14 15:26:08.518,17969,17970,17970,1,1
2022-02-14 15:26:08.518,17969,17970,17970,1,1
2022-02-14 15:26:08.518,17969,17970,17970,1,1
2022-02-14 15:26:08.518,17969,17970,17970,1,1
2022-02-14 15:26:08.518,17969,17970,17970,3,3
2022-02-14 15:26:08.527,17969,17970,17971,1,1
2022-02-14 15:26:10.046,17971,17972,17972,1,1
2022-02-14 15:26:10.046,17971,17972,17972,2,2
2022-02-14 15:26:10.203,17972,17973,17973,1,1
2022-02-14 15:26:11.709,17972,17973,17973,1,1
2022-02-14 15:26:12.274,17973,17974,17973,1,-1
2022-02-14 15:26:13.259,17972,17974,17974,1,1
2022-02-14 15:26:21.885,17973,17974,17974,1,1
2022-02-14 15:26:21.888,17973,17974,17974,2,2
2022-02-14 15:26:27.936,17973,17974,17974,2,2
2022-02-14 15:26:27.936,17973,17974,17974,1,1
2022-02-14 15:26:27.937,17973,17974,17974,1,1
2022-02-14 15:26:27.937,17973,17974,17974,1,1
2022-02-14 15:26:27.937,17973,17974,17974,1,1
2022-02-14 15:26:34.020,17974,17975,17975,1,1
2022-02-14 15:26:35.375,17974,17975,17975,1,1
2022-02-14 15:26:37.187,17974,17975,17974,1,-1
2022-02-14 15:26:40.609,17974,17975,17975,1,1
2022-02-14 15:26:41.282,17974,17976,17974,1,-1
2022-02-14 15:26:45.462,17973,17974,17973,5,-5
2022-02-14 15:26:58.978,17972,17973,17972,1,-1
2022-02-14 15:26:58.978,17972,17973,17972,1,-1
2022-02-14 15:26:59.849,17971,17973,17973,1,1
2022-02-14 15:26:59.849,17971,17973,17973,1,1
2022-02-14 15:27:00.082,17973,17974,17973,1,-1
2022-02-14 15:27:00.329,17973,17974,17974,1,1
2022-02-14 15:27:00.370,17973,17974,17975,1,1
2022-02-14 15:27:05.510,17974,17976,17976,2,2
2022-02-14 15:27:06.655,17975,17976,17975,1,-1
2022-02-14 15:27:09.223,17974,17976,17976,1,1
2022-02-14 15:27:29.439,17973,17975,17973,1,-1
2022-02-14 15:27:29.524,17974,17975,17975,2,2
2022-02-14 15:27:32.413,17974,17976,17974,1,-1
2022-02-14 15:27:32.413,17974,17976,17973,1,-1
2022-02-14 15:27:36.619,17973,17975,17975,1,1
2022-02-14 15:27:49.529,17973,17975,17975,1,1
2022-02-14 15:28:00.320,17974,17975,17975,1,1
2022-02-14 15:28:00.385,17974,17975,17975,1,1
2022-02-14 15:28:08.819,17973,17974,17973,4,-4
2022-02-14 15:28:28.577,17972,17973,17972,1,-1
2022-02-14 15:28:33.932,17972,17973,17973,2,2
2022-02-14 15:28:34.371,17973,17974,17974,1,1
2022-02-14 15:28:44.897,17974,17975,17975,1,1
2022-02-14 15:28:46.160,17976,17977,17977,4,4
2022-02-14 15:28:56.694,17977,17978,17977,1,-1
2022-02-14 15:29:00.325,17976,17977,17977,1,1
2022-02-14 15:29:00.403,17976,17978,17978,1,1
2022-02-14 15:29:07.753,17977,17978,17977,1,-1
2022-02-14 15:29:08.022,17976,17977,17976,1,-1
2022-02-14 15:29:08.022,17976,17977,17976,2,-2
2022-02-14 15:29:09.893,17975,17976,17975,1,-1
2022-02-14 15:29:10.938,17973,17975,17975,1,1
2022-02-14 15:29:11.992,17973,17975,17975,1,1
2022-02-14 15:29:20.687,17974,17976,17974,1,-1
2022-02-14 15:29:21.588,17973,17975,17975,1,1
2022-02-14 15:29:31.459,17972,17974,17972,1,-1
2022-02-14 15:29:31.767,17971,17974,17971,2,-2
2022-02-14 15:29:41.456,17970,17971,17971,1,1
2022-02-14 15:29:41.467,17970,17971,17971,1,1
2022-02-14 15:30:06.608,17970,17971,17970,1,-1
2022-02-14 15:30:06.608,17970,17971,17970,2,-2
2022-02-14 15:30:06.885,17969,17971,17969,4,-4
2022-02-14 15:30:06.946,17968,17970,17969,4,4
2022-02-14 15:30:07.027,17968,17970,17968,4,-4
2022-02-14 15:30:07.140,17968,17970,17970,1,1
2022-02-14 15:30:07.932,17969,17970,17969,1,-1
2022-02-14 15:30:07.947,17969,17970,17969,1,-1
2022-02-14 15:30:07.947,17969,17970,17968,4,-4
2022-02-14 15:30:13.689,17969,17972,17969,2,-2
2022-02-14 15:30:14.311,17969,17971,17969,1,-1
2022-02-14 15:30:20.924,17969,17970,17970,1,1
2022-02-14 15:30:31.402,17970,17971,17971,1,1
2022-02-14 15:30:39.831,17971,17973,17973,1,1
2022-02-14 15:30:41.030,17971,17972,17971,1,-1
2022-02-14 15:30:41.140,17970,17973,17973,1,1
2022-02-14 15:30:41.140,17970,17973,17973,1,1
2022-02-14 15:30:48.484,17971,17973,17973,1,1
2022-02-14 15:30:51.232,17971,17973,17973,2,2
2022-02-14 15:30:51.266,17973,17975,17975,1,1
2022-02-14 15:30:53.296,17973,17975,17975,1,1
2022-02-14 15:30:54.918,17973,17975,17975,1,1
2022-02-14 15:30:56.184,17973,17974,17974,1,1
2022-02-14 15:30:56.264,17974,17975,17975,1,1
2022-02-14 15:30:57.888,17975,17976,17975,2,-2
2022-02-14 15:30:58.778,17974,17976,17976,1,1
2022-02-14 15:30:59.074,17974,17976,17976,1,1
2022-02-14 15:31:00.296,17974,17976,17976,1,1
2022-02-14 15:31:00.306,17974,17976,17976,1,1
2022-02-14 15:31:10.981,17976,17977,17977,1,1
2022-02-14 15:31:17.144,17976,17977,17976,1,-1
2022-02-14 15:31:18.339,17975,17976,17975,1,-1
2022-02-14 15:31:23.968,17974,17975,17974,2,-2
2022-02-14 15:31:27.685,17974,17975,17975,1,1
2022-02-14 15:31:29.761,17975,17977,17977,2,2
2022-02-14 15:31:30.963,17975,17977,17977,1,1
2022-02-14 15:31:41.521,17976,17977,17977,1,1
2022-02-14 15:31:42.038,17976,17977,17977,1,1
2022-02-14 15:31:42.145,17976,17977,17977,1,1
2022-02-14 15:31:42.234,17976,17977,17977,1,1
2022-02-14 15:31:42.234,17976,17977,17977,1,1
2022-02-14 15:31:53.239,17976,17977,17976,1,-1
