2021-11-09 15:00:00.088,17560,17561,17560,99,-99
2021-11-09 15:00:00.090,17560,17561,17560,1,-1
2021-11-09 15:00:00.090,17560,17561,17561,11,11
2021-11-09 15:00:00.090,17560,17561,17560,2,-2
2021-11-09 15:00:00.094,17560,17561,17560,2,-2
2021-11-09 15:00:00.103,17560,17561,17560,2,-2
2021-11-09 15:00:00.132,17560,17561,17561,2,2
2021-11-09 15:00:00.152,17560,17561,17561,3,3
2021-11-09 15:00:00.152,17560,17561,17561,2,2
2021-11-09 15:00:00.152,17560,17561,17560,1,-1
2021-11-09 15:00:00.332,17560,17561,17561,1,1
2021-11-09 15:00:00.335,17560,17561,17561,1,1
2021-11-09 15:00:00.336,17560,17561,17561,1,1
2021-11-09 15:00:00.426,17560,17562,17561,1,1
2021-11-09 15:00:00.447,17560,17562,17562,1,1
2021-11-09 15:00:00.451,17560,17562,17560,1,-1
2021-11-09 15:00:00.579,17561,17562,17562,4,4
2021-11-09 15:00:00.640,17561,17562,17562,1,1
2021-11-09 15:00:00.853,17560,17563,17560,1,-1
2021-11-09 15:00:01.058,17560,17563,17563,1,1
2021-11-09 15:00:01.158,17560,17563,17560,1,-1
2021-11-09 15:00:01.520,17560,17563,17560,1,-1
2021-11-09 15:00:01.962,17560,17563,17563,1,1
2021-11-09 15:00:02.141,17560,17563,17563,2,2
2021-11-09 15:00:02.645,17560,17562,17561,2,2
2021-11-09 15:00:02.654,17560,17562,17561,1,1
2021-11-09 15:00:02.717,17560,17561,17561,2,2
2021-11-09 15:00:02.720,17560,17561,17562,2,2
2021-11-09 15:00:02.874,17561,17563,17561,1,-1
2021-11-09 15:00:03.211,17560,17561,17561,1,1
2021-11-09 15:00:03.351,17560,17561,17561,1,1
2021-11-09 15:00:03.635,17560,17561,17560,1,-1
2021-11-09 15:00:03.649,17560,17561,17561,1,1
2021-11-09 15:00:03.728,17560,17561,17561,1,1
2021-11-09 15:00:03.985,17560,17561,17561,1,1
2021-11-09 15:00:05.990,17560,17561,17561,1,1
2021-11-09 15:00:06.309,17560,17561,17561,2,2
2021-11-09 15:00:06.548,17560,17562,17562,2,2
2021-11-09 15:00:06.680,17560,17562,17562,2,2
2021-11-09 15:00:06.680,17560,17562,17563,2,2
2021-11-09 15:00:07.017,17561,17563,17561,1,-1
2021-11-09 15:00:08.151,17560,17562,17561,1,1
2021-11-09 15:00:09.475,17561,17562,17561,1,-1
2021-11-09 15:00:10.556,17561,17562,17562,1,1
2021-11-09 15:00:10.556,17561,17562,17563,1,1
2021-11-09 15:00:10.586,17561,17562,17563,3,3
2021-11-09 15:00:10.586,17561,17562,17564,3,3
2021-11-09 15:00:10.669,17561,17562,17561,5,-5
2021-11-09 15:00:12.389,17562,17564,17562,1,-1
2021-11-09 15:00:12.437,17562,17564,17562,1,-1
2021-11-09 15:00:13.663,17561,17562,17562,2,2
2021-11-09 15:00:13.663,17561,17562,17562,2,2
2021-11-09 15:00:13.783,17561,17564,17562,2,-2
2021-11-09 15:00:14.212,17561,17563,17563,2,2
2021-11-09 15:00:16.019,17562,17563,17563,1,1
2021-11-09 15:00:16.164,17562,17564,17564,1,1
2021-11-09 15:00:16.502,17563,17565,17563,1,-1
2021-11-09 15:00:16.752,17562,17564,17564,1,1
2021-11-09 15:00:17.195,17563,17564,17564,1,1
2021-11-09 15:00:17.195,17563,17564,17565,3,3
2021-11-09 15:00:17.365,17563,17565,17563,2,-2
2021-11-09 15:00:17.772,17563,17565,17565,5,5
2021-11-09 15:00:17.772,17563,17565,17566,5,5
2021-11-09 15:00:17.773,17563,17565,17565,1,1
2021-11-09 15:00:17.792,17563,17565,17564,1,1
2021-11-09 15:00:17.984,17563,17565,17563,1,-1
2021-11-09 15:00:18.211,17563,17565,17563,4,-4
2021-11-09 15:00:18.211,17563,17565,17562,3,-3
2021-11-09 15:00:18.211,17563,17565,17561,7,-7
2021-11-09 15:00:18.212,17563,17565,17563,1,-1
2021-11-09 15:00:18.286,17563,17565,17563,1,-1
2021-11-09 15:00:18.637,17562,17564,17564,1,1
2021-11-09 15:00:18.765,17562,17565,17565,1,1
2021-11-09 15:00:19.268,17562,17564,17563,1,1
2021-11-09 15:00:22.446,17562,17563,17563,3,3
2021-11-09 15:00:22.531,17562,17563,17563,1,1
2021-11-09 15:00:23.201,17562,17564,17564,1,1
2021-11-09 15:00:23.420,17563,17564,17564,1,1
2021-11-09 15:00:23.420,17563,17564,17564,1,1
2021-11-09 15:00:23.521,17563,17564,17563,1,-1
2021-11-09 15:00:24.104,17562,17564,17564,1,1
2021-11-09 15:00:25.908,17563,17565,17564,1,1
2021-11-09 15:00:26.622,17563,17565,17565,1,1
2021-11-09 15:00:29.573,17564,17565,17565,1,1
2021-11-09 15:00:29.573,17564,17565,17565,1,1
2021-11-09 15:00:29.769,17564,17565,17565,3,3
2021-11-09 15:00:29.769,17564,17565,17566,2,2
2021-11-09 15:00:29.980,17564,17566,17566,2,2
2021-11-09 15:00:31.111,17564,17566,17566,1,1
2021-11-09 15:00:31.111,17564,17566,17566,1,1
2021-11-09 15:00:31.903,17564,17566,17564,1,-1
2021-11-09 15:00:31.904,17564,17566,17565,1,1
2021-11-09 15:00:32.028,17564,17565,17565,2,2
2021-11-09 15:00:32.028,17564,17565,17566,2,2
2021-11-09 15:00:32.028,17564,17565,17567,1,1
2021-11-09 15:00:32.073,17564,17566,17566,1,1
2021-11-09 15:00:32.752,17564,17567,17566,1,1
2021-11-09 15:00:32.752,17564,17567,17567,1,1
2021-11-09 15:00:34.034,17564,17565,17565,1,1
2021-11-09 15:00:35.055,17565,17566,17565,2,-2
2021-11-09 15:00:36.075,17564,17565,17564,1,-1
2021-11-09 15:00:36.075,17564,17565,17564,2,-2
2021-11-09 15:00:36.171,17564,17565,17565,2,2
2021-11-09 15:00:36.242,17563,17565,17565,1,1
2021-11-09 15:00:41.609,17563,17565,17565,2,2
2021-11-09 15:00:41.609,17563,17565,17565,3,3
2021-11-09 15:00:41.687,17563,17566,17565,2,2
2021-11-09 15:00:41.902,17563,17566,17565,1,1
2021-11-09 15:00:45.580,17564,17565,17565,2,2
2021-11-09 15:00:46.772,17564,17565,17565,1,1
2021-11-09 15:00:47.246,17564,17566,17566,2,2
2021-11-09 15:00:47.782,17564,17566,17564,2,-2
2021-11-09 15:00:50.372,17564,17565,17565,1,1
2021-11-09 15:00:52.397,17565,17566,17565,1,-1
2021-11-09 15:00:53.170,17564,17566,17564,2,-2
2021-11-09 15:00:53.170,17564,17566,17563,2,-2
2021-11-09 15:00:53.525,17563,17565,17565,1,1
2021-11-09 15:00:58.698,17564,17565,17564,1,-1
2021-11-09 15:00:58.879,17563,17565,17565,1,1
2021-11-09 15:00:59.594,17564,17566,17566,1,1
2021-11-09 15:01:00.162,17564,17566,17566,4,4
2021-11-09 15:01:00.229,17565,17567,17565,1,-1
2021-11-09 15:01:00.229,17565,17567,17564,1,-1
2021-11-09 15:01:00.512,17564,17567,17565,1,-1
2021-11-09 15:01:01.054,17564,17565,17565,1,1
2021-11-09 15:01:01.054,17564,17565,17565,1,1
2021-11-09 15:01:01.177,17564,17566,17566,1,1
2021-11-09 15:01:01.177,17564,17566,17567,1,1
2021-11-09 15:01:01.178,17564,17566,17567,1,1
2021-11-09 15:01:01.178,17564,17566,17567,1,1
2021-11-09 15:01:01.178,17564,17566,17567,1,1
2021-11-09 15:01:01.178,17564,17566,17567,1,1
2021-11-09 15:01:01.531,17565,17567,17565,1,-1
2021-11-09 15:01:01.730,17565,17566,17565,1,-1
2021-11-09 15:01:02.761,17565,17566,17566,2,2
2021-11-09 15:01:07.099,17566,17567,17566,1,-1
2021-11-09 15:01:09.408,17566,17567,17566,2,-2
2021-11-09 15:01:09.408,17566,17567,17565,12,-12
2021-11-09 15:01:09.427,17564,17566,17566,1,1
2021-11-09 15:01:09.427,17564,17566,17566,1,1
2021-11-09 15:01:09.427,17564,17566,17567,1,1
2021-11-09 15:01:13.533,17565,17566,17566,2,2
2021-11-09 15:01:13.533,17565,17566,17566,1,1
2021-11-09 15:01:14.046,17565,17566,17566,1,1
2021-11-09 15:01:14.200,17565,17566,17566,1,1
2021-11-09 15:01:14.283,17565,17566,17565,1,-1
2021-11-09 15:01:14.299,17564,17566,17566,2,2
2021-11-09 15:01:15.377,17564,17566,17566,3,3
2021-11-09 15:01:15.378,17564,17566,17566,2,2
2021-11-09 15:01:16.378,17565,17566,17566,1,1
2021-11-09 15:01:17.336,17565,17567,17567,1,1
2021-11-09 15:01:17.338,17565,17567,17565,1,-1
2021-11-09 15:01:17.338,17565,17567,17564,4,-4
2021-11-09 15:01:17.427,17564,17566,17566,1,1
2021-11-09 15:01:17.428,17564,17566,17567,1,1
2021-11-09 15:01:17.428,17564,17566,17567,1,1
2021-11-09 15:01:17.428,17564,17566,17567,1,1
2021-11-09 15:01:17.428,17564,17566,17567,1,1
2021-11-09 15:01:18.837,17565,17567,17566,1,1
2021-11-09 15:01:25.269,17566,17567,17566,1,-1
2021-11-09 15:01:25.269,17566,17567,17565,1,-1
2021-11-09 15:01:28.890,17565,17567,17565,5,-5
2021-11-09 15:01:28.890,17565,17567,17564,2,-2
2021-11-09 15:01:31.214,17565,17566,17565,1,-1
2021-11-09 15:01:31.302,17565,17566,17566,1,1
2021-11-09 15:01:31.303,17565,17566,17566,1,1
2021-11-09 15:01:31.466,17565,17566,17566,1,1
2021-11-09 15:01:31.684,17566,17567,17566,1,-1
2021-11-09 15:01:32.192,17565,17567,17565,1,-1
2021-11-09 15:01:35.830,17565,17566,17566,2,2
2021-11-09 15:01:36.123,17565,17566,17566,1,1
2021-11-09 15:01:37.592,17565,17566,17565,1,-1
2021-11-09 15:01:41.510,17565,17566,17566,2,2
2021-11-09 15:01:42.898,17565,17566,17565,6,-6
2021-11-09 15:01:42.898,17565,17566,17564,6,-6
2021-11-09 15:01:45.592,17564,17565,17564,3,-3
2021-11-09 15:01:45.592,17564,17565,17564,1,-1
2021-11-09 15:01:45.617,17564,17565,17564,1,-1
2021-11-09 15:01:45.617,17564,17565,17564,8,-8
2021-11-09 15:01:45.617,17564,17565,17563,5,-5
2021-11-09 15:01:45.642,17564,17565,17563,3,-3
2021-11-09 15:01:45.667,17564,17565,17563,3,-3
2021-11-09 15:01:45.667,17564,17565,17563,2,-2
2021-11-09 15:01:45.692,17563,17564,17563,4,-4
2021-11-09 15:01:45.699,17563,17564,17563,1,-1
2021-11-09 15:01:45.920,17563,17564,17563,1,-1
2021-11-09 15:01:45.920,17563,17564,17563,1,-1
2021-11-09 15:01:45.920,17563,17564,17563,1,-1
2021-11-09 15:01:45.921,17563,17564,17563,1,-1
2021-11-09 15:01:45.921,17563,17564,17563,1,-1
2021-11-09 15:01:47.071,17562,17563,17563,1,1
2021-11-09 15:01:50.491,17562,17563,17563,1,1
2021-11-09 15:01:51.715,17562,17563,17563,1,1
2021-11-09 15:01:59.521,17562,17563,17562,3,-3
2021-11-09 15:01:59.975,17562,17563,17563,3,3
2021-11-09 15:02:01.046,17562,17563,17563,1,1
2021-11-09 15:02:01.046,17562,17563,17563,1,1
2021-11-09 15:02:02.322,17562,17563,17563,1,1
2021-11-09 15:02:05.658,17562,17563,17562,1,-1
2021-11-09 15:02:07.949,17562,17563,17563,2,2
2021-11-09 15:02:08.424,17563,17565,17563,1,-1
2021-11-09 15:02:09.274,17563,17565,17563,1,-1
2021-11-09 15:02:13.844,17563,17565,17563,1,-1
2021-11-09 15:02:14.089,17563,17565,17563,1,-1
2021-11-09 15:02:24.356,17563,17564,17564,1,1
2021-11-09 15:02:36.055,17564,17565,17564,1,-1
2021-11-09 15:02:39.510,17564,17565,17565,3,3
2021-11-09 15:02:44.727,17565,17566,17565,1,-1
2021-11-09 15:02:44.752,17565,17566,17565,1,-1
2021-11-09 15:02:45.727,17564,17565,17565,1,1
2021-11-09 15:02:45.727,17564,17565,17566,2,2
2021-11-09 15:02:46.643,17564,17566,17566,1,1
2021-11-09 15:02:50.049,17564,17566,17566,3,3
2021-11-09 15:02:50.665,17564,17566,17566,4,4
2021-11-09 15:02:50.666,17564,17566,17566,1,1
2021-11-09 15:02:50.666,17564,17566,17566,1,1
2021-11-09 15:02:50.666,17564,17566,17566,1,1
2021-11-09 15:02:50.667,17564,17566,17566,1,1
2021-11-09 15:02:50.709,17566,17567,17566,1,-1
2021-11-09 15:02:51.683,17566,17567,17566,4,-4
2021-11-09 15:02:51.684,17566,17567,17566,7,-7
2021-11-09 15:02:53.120,17565,17566,17566,4,4
2021-11-09 15:02:54.189,17566,17567,17566,1,-1
2021-11-09 15:02:55.321,17566,17567,17566,1,-1
2021-11-09 15:02:59.958,17566,17567,17566,1,-1
2021-11-09 15:03:00.078,17566,17567,17567,2,2
2021-11-09 15:03:00.106,17566,17567,17566,1,-1
2021-11-09 15:03:00.172,17566,17567,17567,2,2
2021-11-09 15:03:00.173,17566,17567,17567,2,2
2021-11-09 15:03:00.173,17566,17567,17567,2,2
2021-11-09 15:03:04.131,17567,17568,17568,1,1
2021-11-09 15:03:06.333,17567,17568,17568,1,1
2021-11-09 15:03:06.782,17567,17568,17568,3,3
2021-11-09 15:03:07.965,17567,17568,17568,1,1
2021-11-09 15:03:08.011,17567,17568,17568,3,3
2021-11-09 15:03:08.012,17567,17568,17568,5,5
2021-11-09 15:03:10.501,17568,17569,17568,1,-1
2021-11-09 15:03:10.801,17568,17569,17569,4,4
2021-11-09 15:03:10.801,17568,17569,17569,1,1
2021-11-09 15:03:11.358,17568,17569,17568,1,-1
2021-11-09 15:03:11.693,17567,17569,17569,2,2
2021-11-09 15:03:12.115,17567,17569,17569,1,1
2021-11-09 15:03:12.183,17567,17569,17569,14,14
2021-11-09 15:03:12.184,17567,17569,17569,1,1
2021-11-09 15:03:15.140,17569,17570,17569,1,-1
2021-11-09 15:03:16.166,17569,17570,17570,3,3
2021-11-09 15:03:17.472,17569,17570,17570,7,7
2021-11-09 15:03:17.473,17569,17570,17570,1,1
2021-11-09 15:03:18.190,17570,17571,17571,1,1
2021-11-09 15:03:18.323,17570,17571,17571,1,1
2021-11-09 15:03:19.132,17570,17571,17571,2,2
2021-11-09 15:03:19.284,17570,17571,17571,15,15
2021-11-09 15:03:20.070,17571,17572,17571,1,-1
2021-11-09 15:03:20.070,17571,17572,17572,1,1
2021-11-09 15:03:20.638,17571,17572,17572,2,2
2021-11-09 15:03:20.639,17571,17572,17572,1,1
2021-11-09 15:03:20.639,17571,17572,17572,1,1
2021-11-09 15:03:20.639,17571,17572,17572,2,2
2021-11-09 15:03:21.771,17571,17573,17572,1,1
2021-11-09 15:03:22.043,17571,17573,17571,2,-2
2021-11-09 15:03:22.859,17571,17573,17573,1,1
2021-11-09 15:03:24.571,17572,17573,17573,5,5
2021-11-09 15:03:24.571,17572,17573,17573,1,1
2021-11-09 15:03:25.692,17572,17573,17573,2,2
2021-11-09 15:03:25.781,17572,17573,17572,2,-2
2021-11-09 15:03:27.141,17571,17572,17572,2,2
2021-11-09 15:03:27.141,17571,17572,17573,1,1
2021-11-09 15:03:27.657,17571,17573,17571,1,-1
2021-11-09 15:03:30.921,17571,17572,17572,1,1
2021-11-09 15:03:30.921,17571,17572,17572,1,1
2021-11-09 15:03:30.964,17571,17572,17572,1,1
2021-11-09 15:03:31.998,17571,17572,17572,1,1
2021-11-09 15:03:33.115,17571,17573,17571,1,-1
2021-11-09 15:03:35.830,17571,17572,17572,1,1
2021-11-09 15:03:39.486,17571,17572,17572,5,5
2021-11-09 15:03:40.031,17571,17572,17571,1,-1
2021-11-09 15:03:41.433,17571,17572,17571,1,-1
2021-11-09 15:03:43.684,17571,17572,17571,1,-1
2021-11-09 15:03:44.342,17571,17572,17571,1,-1
2021-11-09 15:03:44.370,17571,17572,17571,1,-1
2021-11-09 15:03:46.589,17571,17572,17571,4,-4
2021-11-09 15:03:47.864,17571,17572,17571,8,-8
2021-11-09 15:03:47.865,17571,17572,17571,1,-1
2021-11-09 15:03:52.202,17570,17571,17570,15,-15
2021-11-09 15:03:52.204,17570,17571,17569,1,-1
2021-11-09 15:03:52.204,17570,17571,17569,1,-1
2021-11-09 15:03:52.204,17570,17571,17569,1,-1
2021-11-09 15:03:52.204,17570,17571,17569,7,-7
2021-11-09 15:03:54.609,17568,17569,17569,1,1
2021-11-09 15:03:56.993,17568,17569,17569,5,5
2021-11-09 15:04:00.512,17569,17570,17569,1,-1
2021-11-09 15:04:01.722,17569,17570,17570,5,5
2021-11-09 15:04:03.575,17570,17571,17570,1,-1
2021-11-09 15:04:03.973,17569,17571,17571,1,1
2021-11-09 15:04:07.407,17569,17570,17570,1,1
2021-11-09 15:04:08.322,17569,17570,17569,1,-1
2021-11-09 15:04:10.209,17569,17570,17569,1,-1
2021-11-09 15:04:11.424,17569,17570,17569,13,-13
2021-11-09 15:04:12.240,17568,17570,17569,1,1
2021-11-09 15:04:15.860,17568,17569,17569,1,1
2021-11-09 15:04:16.297,17568,17569,17569,3,3
2021-11-09 15:04:16.298,17568,17569,17569,3,3
2021-11-09 15:04:18.024,17568,17569,17569,1,1
2021-11-09 15:04:20.481,17568,17569,17568,2,-2
2021-11-09 15:04:20.481,17568,17569,17568,5,-5
2021-11-09 15:04:22.563,17567,17568,17567,1,-1
2021-11-09 15:04:25.362,17567,17568,17568,4,4
2021-11-09 15:04:25.362,17567,17568,17568,2,2
2021-11-09 15:04:25.365,17567,17568,17568,3,3
2021-11-09 15:04:27.063,17568,17569,17568,1,-1
2021-11-09 15:04:30.587,17568,17569,17568,1,-1
2021-11-09 15:04:31.282,17568,17569,17568,1,-1
2021-11-09 15:04:40.505,17568,17569,17568,1,-1
2021-11-09 15:04:41.001,17568,17569,17568,2,-2
2021-11-09 15:04:42.403,17568,17569,17568,1,-1
2021-11-09 15:04:51.357,17568,17569,17568,1,-1
2021-11-09 15:04:51.357,17568,17569,17567,1,-1
2021-11-09 15:04:54.990,17568,17569,17568,1,-1
2021-11-09 15:04:57.447,17568,17569,17568,1,-1
2021-11-09 15:04:57.448,17568,17569,17568,1,-1
2021-11-09 15:04:57.977,17568,17569,17568,1,-1
2021-11-09 15:04:59.975,17568,17569,17569,2,2
2021-11-09 15:05:07.121,17568,17570,17568,10,-10
2021-11-09 15:05:07.506,17568,17570,17570,1,1
2021-11-09 15:05:07.527,17568,17570,17570,1,1
2021-11-09 15:05:08.583,17568,17569,17569,3,3
2021-11-09 15:05:08.584,17568,17569,17569,1,1
2021-11-09 15:05:08.584,17568,17569,17569,1,1
2021-11-09 15:05:11.429,17568,17570,17570,3,3
2021-11-09 15:05:11.449,17568,17570,17570,1,1
2021-11-09 15:05:13.064,17569,17570,17570,1,1
2021-11-09 15:05:30.040,17568,17570,17570,1,1
2021-11-09 15:05:33.063,17569,17570,17569,1,-1
2021-11-09 15:05:42.662,17569,17570,17570,1,1
2021-11-09 15:05:47.125,17570,17571,17570,1,-1
2021-11-09 15:05:47.378,17570,17571,17570,1,-1
2021-11-09 15:05:49.522,17570,17571,17570,1,-1
2021-11-09 15:05:53.947,17570,17571,17571,1,1
2021-11-09 15:05:53.947,17570,17571,17571,1,1
2021-11-09 15:05:54.507,17571,17572,17572,10,10
2021-11-09 15:05:56.888,17571,17572,17571,1,-1
2021-11-09 15:06:01.030,17571,17572,17571,1,-1
2021-11-09 15:06:01.268,17570,17572,17570,6,-6
2021-11-09 15:06:01.841,17570,17572,17571,3,3
2021-11-09 15:06:03.625,17571,17572,17572,7,7
2021-11-09 15:06:03.626,17571,17572,17572,1,1
2021-11-09 15:06:03.627,17571,17572,17571,4,-4
2021-11-09 15:06:05.196,17570,17571,17570,1,-1
2021-11-09 15:06:05.197,17570,17571,17570,1,-1
2021-11-09 15:06:07.438,17569,17571,17570,1,1
2021-11-09 15:06:08.979,17570,17571,17569,2,-2
2021-11-09 15:06:11.489,17570,17571,17570,1,-1
2021-11-09 15:06:12.322,17569,17571,17571,4,4
2021-11-09 15:06:12.322,17569,17571,17572,6,6
2021-11-09 15:06:17.326,17570,17571,17571,2,2
2021-11-09 15:06:17.333,17570,17571,17571,3,3
2021-11-09 15:06:17.333,17570,17571,17572,5,5
2021-11-09 15:06:17.334,17570,17571,17572,2,2
2021-11-09 15:06:20.512,17571,17572,17571,1,-1
2021-11-09 15:06:23.541,17571,17572,17572,8,8
2021-11-09 15:06:23.542,17571,17572,17572,2,2
2021-11-09 15:06:25.545,17571,17573,17571,1,-1
2021-11-09 15:06:29.485,17571,17572,17572,1,1
2021-11-09 15:06:30.637,17572,17573,17572,1,-1
2021-11-09 15:06:30.640,17572,17573,17572,4,-4
2021-11-09 15:06:30.703,17572,17573,17572,5,-5
2021-11-09 15:06:31.358,17571,17572,17571,1,-1
2021-11-09 15:06:34.658,17571,17572,17571,5,-5
2021-11-09 15:06:35.086,17570,17571,17570,1,-1
2021-11-09 15:06:35.086,17570,17571,17570,2,-2
2021-11-09 15:06:35.670,17569,17571,17571,10,10
2021-11-09 15:06:36.967,17570,17572,17570,1,-1
2021-11-09 15:06:40.065,17569,17572,17569,1,-1
2021-11-09 15:06:44.062,17569,17571,17569,1,-1
2021-11-09 15:06:44.779,17569,17571,17571,9,9
2021-11-09 15:06:44.779,17569,17571,17572,1,1
2021-11-09 15:06:46.791,17570,17572,17570,2,-2
2021-11-09 15:06:50.088,17570,17571,17571,2,2
2021-11-09 15:06:50.088,17570,17571,17572,8,8
2021-11-09 15:06:54.290,17571,17572,17571,1,-1
2021-11-09 15:06:56.391,17571,17572,17572,5,5
2021-11-09 15:06:59.625,17572,17573,17573,1,1
2021-11-09 15:07:00.507,17572,17573,17572,1,-1
2021-11-09 15:07:00.813,17572,17573,17572,4,-4
2021-11-09 15:07:04.241,17571,17572,17572,4,4
2021-11-09 15:07:10.605,17571,17572,17571,5,-5
2021-11-09 15:07:12.420,17570,17572,17572,7,7
2021-11-09 15:07:12.420,17570,17572,17572,3,3
2021-11-09 15:07:15.756,17571,17572,17572,1,1
2021-11-09 15:07:15.991,17571,17572,17571,1,-1
2021-11-09 15:07:16.624,17571,17572,17572,2,2
2021-11-09 15:07:17.293,17572,17573,17572,1,-1
2021-11-09 15:07:19.817,17572,17573,17572,1,-1
2021-11-09 15:07:21.951,17572,17573,17572,6,-6
2021-11-09 15:07:24.509,17571,17572,17572,6,6
2021-11-09 15:07:28.657,17572,17573,17572,1,-1
2021-11-09 15:07:37.850,17572,17573,17572,5,-5
2021-11-09 15:07:42.383,17572,17573,17572,1,-1
2021-11-09 15:07:43.622,17572,17573,17572,1,-1
2021-11-09 15:07:44.120,17571,17573,17571,2,-2
2021-11-09 15:07:46.061,17571,17572,17571,1,-1
2021-11-09 15:07:46.631,17571,17572,17572,4,4
2021-11-09 15:07:49.292,17572,17573,17572,1,-1
2021-11-09 15:07:50.129,17572,17573,17573,5,5
2021-11-09 15:07:54.265,17572,17573,17573,1,1
2021-11-09 15:08:00.059,17572,17573,17572,1,-1
2021-11-09 15:08:00.060,17572,17573,17572,1,-1
2021-11-09 15:08:00.076,17572,17573,17572,1,-1
2021-11-09 15:08:00.098,17572,17573,17572,1,-1
2021-11-09 15:08:03.180,17572,17573,17573,1,1
2021-11-09 15:08:09.257,17572,17573,17572,1,-1
2021-11-09 15:08:09.475,17571,17573,17572,1,1
2021-11-09 15:08:14.042,17571,17573,17572,1,1
2021-11-09 15:08:18.075,17572,17573,17572,2,-2
2021-11-09 15:08:20.573,17572,17573,17572,1,-1
2021-11-09 15:08:28.206,17572,17573,17572,7,-7
2021-11-09 15:08:30.045,17572,17573,17572,1,-1
2021-11-09 15:08:37.103,17572,17573,17572,1,-1
2021-11-09 15:08:44.172,17572,17573,17572,1,-1
2021-11-09 15:08:47.167,17572,17573,17572,3,-3
2021-11-09 15:08:47.167,17572,17573,17571,1,-1
2021-11-09 15:08:51.166,17571,17573,17572,1,1
2021-11-09 15:08:52.631,17572,17573,17572,1,-1
2021-11-09 15:08:53.054,17571,17573,17571,1,-1
2021-11-09 15:08:58.113,17572,17573,17572,1,-1
2021-11-09 15:09:00.425,17572,17573,17572,1,-1
2021-11-09 15:09:04.171,17572,17573,17572,1,-1
2021-11-09 15:09:04.906,17572,17573,17572,1,-1
2021-11-09 15:09:05.982,17572,17573,17572,3,-3
2021-11-09 15:09:05.982,17572,17573,17571,1,-1
2021-11-09 15:09:11.191,17572,17573,17572,1,-1
2021-11-09 15:09:16.340,17571,17572,17572,1,1
2021-11-09 15:09:17.664,17571,17572,17572,6,6
2021-11-09 15:09:27.155,17572,17573,17572,1,-1
2021-11-09 15:09:44.933,17571,17572,17572,3,3
2021-11-09 15:09:55.962,17571,17572,17571,2,-2
2021-11-09 15:10:00.045,17570,17571,17570,1,-1
2021-11-09 15:10:00.059,17570,17571,17570,1,-1
2021-11-09 15:10:00.059,17570,17571,17570,7,-7
2021-11-09 15:10:02.012,17569,17570,17569,3,-3
2021-11-09 15:10:14.475,17569,17570,17569,2,-2
2021-11-09 15:10:14.997,17569,17570,17569,1,-1
2021-11-09 15:10:19.322,17569,17570,17569,1,-1
2021-11-09 15:10:35.285,17569,17570,17569,1,-1
2021-11-09 15:10:36.867,17569,17570,17569,2,-2
2021-11-09 15:10:37.178,17568,17569,17569,1,1
2021-11-09 15:10:40.103,17568,17569,17569,1,1
2021-11-09 15:10:40.225,17568,17569,17569,1,1
2021-11-09 15:10:43.960,17568,17569,17569,1,1
2021-11-09 15:11:08.134,17568,17569,17569,1,1
2021-11-09 15:11:25.540,17568,17569,17569,1,1
2021-11-09 15:11:25.552,17568,17569,17569,1,1
2021-11-09 15:11:25.552,17568,17569,17569,1,1
2021-11-09 15:11:25.552,17568,17569,17569,1,1
2021-11-09 15:11:25.552,17568,17569,17569,1,1
2021-11-09 15:11:25.552,17568,17569,17569,1,1
2021-11-09 15:11:25.552,17568,17569,17569,1,1
2021-11-09 15:11:25.553,17568,17569,17569,3,3
2021-11-09 15:11:25.553,17568,17569,17570,1,1
2021-11-09 15:11:25.553,17568,17569,17570,1,1
2021-11-09 15:11:25.553,17568,17569,17570,1,1
2021-11-09 15:11:25.553,17568,17569,17570,1,1
2021-11-09 15:11:25.554,17568,17569,17570,1,1
2021-11-09 15:11:25.555,17568,17569,17570,1,1
2021-11-09 15:11:25.556,17568,17569,17570,1,1
2021-11-09 15:11:26.086,17569,17571,17569,7,-7
2021-11-09 15:11:26.086,17569,17571,17568,13,-13
2021-11-09 15:11:26.719,17568,17570,17569,1,1
2021-11-09 15:11:40.482,17569,17570,17569,1,-1
2021-11-09 15:11:40.679,17568,17570,17570,10,10
2021-11-09 15:11:41.187,17569,17570,17569,1,-1
2021-11-09 15:11:50.952,17568,17570,17570,1,1
2021-11-09 15:11:53.996,17569,17570,17570,1,1
2021-11-09 15:11:53.996,17569,17570,17570,1,1
2021-11-09 15:11:53.997,17569,17570,17570,2,2
2021-11-09 15:11:57.094,17569,17570,17570,3,3
2021-11-09 15:11:57.094,17569,17570,17571,7,7
2021-11-09 15:12:00.679,17570,17571,17571,1,1
2021-11-09 15:12:01.633,17570,17571,17571,1,1
2021-11-09 15:12:01.677,17570,17572,17572,1,1
2021-11-09 15:12:01.677,17570,17572,17572,1,1
2021-11-09 15:12:01.678,17570,17572,17572,1,1
2021-11-09 15:12:01.678,17570,17572,17572,1,1
2021-11-09 15:12:01.678,17570,17572,17572,1,1
2021-11-09 15:12:01.678,17570,17572,17572,1,1
2021-11-09 15:12:05.187,17571,17572,17572,1,1
2021-11-09 15:12:12.722,17571,17572,17572,2,2
2021-11-09 15:12:19.129,17572,17573,17572,1,-1
2021-11-09 15:12:20.588,17571,17573,17571,4,-4
2021-11-09 15:12:23.823,17572,17573,17572,2,-2
2021-11-09 15:12:23.823,17572,17573,17571,3,-3
2021-11-09 15:12:25.894,17571,17573,17571,2,-2
2021-11-09 15:12:45.384,17571,17573,17571,10,-10
2021-11-09 15:13:04.112,17571,17572,17572,1,1
2021-11-09 15:13:10.218,17571,17572,17571,1,-1
2021-11-09 15:13:15.088,17571,17572,17571,1,-1
2021-11-09 15:13:24.688,17571,17572,17571,1,-1
2021-11-09 15:13:26.556,17571,17572,17571,1,-1
2021-11-09 15:13:28.019,17571,17572,17571,1,-1
2021-11-09 15:13:48.265,17571,17572,17571,1,-1
2021-11-09 15:13:52.576,17571,17572,17571,1,-1
2021-11-09 15:13:54.820,17571,17572,17571,1,-1
2021-11-09 15:13:58.229,17571,17572,17572,1,1
2021-11-09 15:13:58.883,17571,17572,17572,1,1
2021-11-09 15:14:00.501,17571,17572,17571,1,-1
2021-11-09 15:14:08.365,17570,17571,17570,1,-1
2021-11-09 15:14:08.365,17570,17571,17570,17,-17
2021-11-09 15:14:09.994,17569,17570,17570,1,1
2021-11-09 15:14:10.346,17569,17571,17571,1,1
2021-11-09 15:14:16.735,17570,17571,17571,2,2
2021-11-09 15:14:17.570,17570,17571,17571,1,1
2021-11-09 15:14:35.493,17571,17572,17572,2,2
2021-11-09 15:14:38.934,17571,17572,17572,1,1
2021-11-09 15:14:39.447,17571,17572,17572,4,4
2021-11-09 15:14:39.448,17571,17572,17572,1,1
2021-11-09 15:14:40.756,17571,17573,17573,1,1
2021-11-09 15:14:45.703,17571,17572,17572,4,4
2021-11-09 15:14:52.384,17571,17573,17572,3,3
2021-11-09 15:14:54.405,17571,17572,17572,1,1
2021-11-09 15:14:54.713,17571,17572,17571,1,-1
2021-11-09 15:15:02.678,17571,17572,17572,1,1
2021-11-09 15:15:03.326,17571,17573,17573,5,5
2021-11-09 15:15:03.326,17571,17573,17573,5,5
2021-11-09 15:15:03.665,17572,17573,17573,1,1
2021-11-09 15:15:05.275,17572,17573,17573,2,2
2021-11-09 15:15:24.329,17572,17573,17572,1,-1
2021-11-09 15:15:27.526,17571,17573,17573,1,1
2021-11-09 15:15:28.131,17571,17573,17573,6,6
2021-11-09 15:15:35.971,17571,17572,17572,1,1
2021-11-09 15:15:43.363,17571,17572,17572,1,1
2021-11-09 15:15:50.134,17572,17573,17572,1,-1
2021-11-09 15:15:54.387,17571,17572,17572,1,1
2021-11-09 15:15:56.837,17571,17572,17572,3,3
2021-11-09 15:16:19.220,17572,17573,17573,5,5
2021-11-09 15:16:19.974,17572,17573,17573,2,2
2021-11-09 15:16:28.589,17572,17573,17572,1,-1
2021-11-09 15:16:28.961,17572,17573,17572,1,-1
2021-11-09 15:16:29.311,17572,17573,17572,1,-1
2021-11-09 15:16:29.553,17572,17573,17572,1,-1
2021-11-09 15:16:29.779,17572,17573,17572,1,-1
2021-11-09 15:16:30.000,17572,17573,17572,1,-1
2021-11-09 15:16:30.216,17572,17573,17572,1,-1
2021-11-09 15:16:30.422,17572,17573,17572,1,-1
2021-11-09 15:16:30.638,17572,17573,17572,1,-1
2021-11-09 15:16:30.854,17572,17573,17572,1,-1
2021-11-09 15:16:31.590,17572,17573,17573,3,3
2021-11-09 15:16:31.785,17572,17573,17572,1,-1
2021-11-09 15:16:32.153,17572,17573,17573,5,5
2021-11-09 15:16:32.224,17572,17573,17572,1,-1
2021-11-09 15:16:33.210,17572,17573,17572,1,-1
2021-11-09 15:16:33.481,17572,17573,17572,1,-1
2021-11-09 15:16:39.208,17571,17572,17571,2,-2
2021-11-09 15:16:39.277,17571,17572,17571,2,-2
2021-11-09 15:16:43.963,17571,17572,17572,2,2
2021-11-09 15:16:45.892,17571,17573,17572,1,1
2021-11-09 15:16:53.316,17571,17572,17571,1,-1
2021-11-09 15:16:54.197,17571,17572,17572,1,1
2021-11-09 15:16:55.100,17571,17572,17571,1,-1
2021-11-09 15:16:55.587,17571,17572,17571,1,-1
2021-11-09 15:16:56.306,17571,17572,17571,1,-1
2021-11-09 15:16:56.623,17571,17572,17571,1,-1
2021-11-09 15:17:05.275,17571,17572,17571,1,-1
2021-11-09 15:17:05.951,17571,17572,17572,2,2
2021-11-09 15:17:05.992,17571,17572,17572,1,1
2021-11-09 15:17:09.484,17571,17572,17572,3,3
2021-11-09 15:17:09.485,17571,17572,17573,2,2
2021-11-09 15:17:10.469,17572,17573,17573,4,4
2021-11-09 15:17:10.469,17572,17573,17573,1,1
2021-11-09 15:17:17.139,17573,17574,17573,2,-2
2021-11-09 15:17:17.140,17573,17574,17573,3,-3
2021-11-09 15:17:23.759,17573,17574,17573,1,-1
2021-11-09 15:17:38.378,17573,17574,17573,2,-2
2021-11-09 15:17:43.359,17573,17574,17573,1,-1
2021-11-09 15:17:44.638,17573,17574,17573,2,-2
2021-11-09 15:17:46.872,17573,17574,17573,2,-2
2021-11-09 15:17:48.960,17573,17574,17573,2,-2
2021-11-09 15:17:55.848,17573,17574,17573,2,-2
2021-11-09 15:17:55.848,17573,17574,17572,1,-1
2021-11-09 15:18:01.154,17572,17574,17573,1,1
2021-11-09 15:18:08.198,17572,17573,17573,1,1
2021-11-09 15:18:10.466,17573,17574,17573,1,-1
2021-11-09 15:18:12.696,17573,17574,17573,1,-1
2021-11-09 15:18:19.958,17573,17574,17573,2,-2
2021-11-09 15:18:19.958,17573,17574,17572,1,-1
2021-11-09 15:18:19.997,17573,17574,17573,1,-1
2021-11-09 15:18:21.979,17573,17574,17573,1,-1
2021-11-09 15:18:24.559,17573,17574,17573,3,-3
2021-11-09 15:18:24.559,17573,17574,17573,1,-1
2021-11-09 15:18:25.351,17572,17574,17574,22,22
2021-11-09 15:18:25.495,17574,17575,17575,1,1
2021-11-09 15:18:25.496,17574,17575,17575,1,1
2021-11-09 15:18:28.019,17574,17575,17575,1,1
2021-11-09 15:18:33.254,17574,17575,17574,3,-3
2021-11-09 15:18:34.282,17574,17575,17575,5,5
2021-11-09 15:18:41.766,17574,17575,17575,3,3
2021-11-09 15:18:42.453,17574,17575,17575,3,3
2021-11-09 15:18:42.454,17574,17575,17575,1,1
2021-11-09 15:18:42.454,17574,17575,17575,1,1
2021-11-09 15:18:42.454,17574,17575,17575,1,1
2021-11-09 15:18:42.454,17574,17575,17575,1,1
2021-11-09 15:18:42.454,17574,17575,17575,1,1
2021-11-09 15:18:42.454,17574,17575,17575,1,1
2021-11-09 15:18:42.455,17574,17575,17575,7,7
2021-11-09 15:18:47.559,17575,17576,17575,3,-3
2021-11-09 15:19:00.168,17575,17576,17576,1,1
2021-11-09 15:19:00.254,17575,17576,17576,10,10
2021-11-09 15:19:00.255,17575,17576,17576,2,2
2021-11-09 15:19:07.483,17576,17577,17576,1,-1
2021-11-09 15:19:07.636,17576,17577,17577,5,5
2021-11-09 15:19:07.697,17576,17577,17577,1,1
2021-11-09 15:19:07.714,17576,17577,17577,1,1
2021-11-09 15:19:07.722,17576,17577,17577,1,1
2021-11-09 15:19:09.115,17576,17577,17577,3,3
2021-11-09 15:19:09.115,17576,17577,17578,4,4
2021-11-09 15:19:10.950,17577,17578,17578,1,1
2021-11-09 15:19:11.507,17577,17578,17578,1,1
2021-11-09 15:19:11.771,17577,17578,17578,1,1
2021-11-09 15:19:11.936,17577,17578,17578,1,1
2021-11-09 15:19:13.383,17576,17578,17578,1,1
2021-11-09 15:19:16.382,17577,17578,17577,1,-1
2021-11-09 15:19:17.257,17576,17578,17578,1,1
2021-11-09 15:19:19.972,17576,17578,17576,1,-1
2021-11-09 15:19:20.097,17576,17578,17578,1,1
2021-11-09 15:19:20.129,17576,17578,17578,5,5
2021-11-09 15:19:22.373,17576,17578,17576,1,-1
2021-11-09 15:19:24.159,17577,17578,17577,1,-1
2021-11-09 15:19:25.266,17577,17578,17578,1,1
2021-11-09 15:19:25.774,17577,17578,17578,1,1
2021-11-09 15:19:25.994,17577,17579,17577,1,-1
2021-11-09 15:19:28.518,17577,17579,17579,15,15
2021-11-09 15:19:31.711,17578,17579,17578,1,-1
2021-11-09 15:19:33.110,17577,17579,17577,1,-1
2021-11-09 15:19:34.446,17577,17579,17577,1,-1
2021-11-09 15:19:47.155,17578,17579,17578,2,-2
2021-11-09 15:19:50.222,17577,17578,17578,1,1
2021-11-09 15:19:57.005,17577,17578,17577,1,-1
2021-11-09 15:20:06.117,17577,17578,17577,1,-1
2021-11-09 15:20:06.161,17577,17578,17577,1,-1
2021-11-09 15:20:06.406,17577,17578,17578,1,1
2021-11-09 15:20:06.669,17577,17579,17579,1,1
2021-11-09 15:20:06.688,17578,17579,17579,1,1
2021-11-09 15:20:06.708,17578,17579,17579,1,1
2021-11-09 15:20:06.713,17578,17579,17579,1,1
2021-11-09 15:20:06.716,17578,17579,17579,1,1
2021-11-09 15:20:06.718,17578,17579,17579,3,3
2021-11-09 15:20:06.808,17578,17580,17580,1,1
2021-11-09 15:20:07.202,17578,17580,17580,1,1
2021-11-09 15:20:07.427,17578,17580,17580,1,1
2021-11-09 15:20:07.626,17578,17580,17580,1,1
2021-11-09 15:20:07.636,17578,17580,17580,1,1
2021-11-09 15:20:07.706,17578,17580,17580,1,1
2021-11-09 15:20:07.858,17578,17580,17580,1,1
2021-11-09 15:20:16.498,17577,17579,17579,5,5
2021-11-09 15:20:16.498,17577,17579,17580,5,5
2021-11-09 15:20:19.514,17578,17580,17580,1,1
2021-11-09 15:20:21.448,17579,17580,17579,1,-1
2021-11-09 15:20:22.485,17578,17580,17580,1,1
2021-11-09 15:20:22.889,17579,17580,17579,1,-1
2021-11-09 15:20:25.450,17578,17579,17579,2,2
2021-11-09 15:20:26.330,17578,17579,17578,1,-1
2021-11-09 15:20:26.778,17578,17579,17579,1,1
2021-11-09 15:20:27.505,17578,17579,17579,1,1
2021-11-09 15:20:35.746,17578,17579,17578,1,-1
2021-11-09 15:20:38.657,17578,17579,17579,1,1
2021-11-09 15:20:40.856,17578,17579,17579,2,2
2021-11-09 15:20:40.856,17578,17579,17580,4,4
2021-11-09 15:20:44.075,17579,17580,17579,1,-1
2021-11-09 15:20:49.218,17579,17580,17579,1,-1
2021-11-09 15:21:01.260,17579,17580,17580,1,1
2021-11-09 15:21:01.713,17579,17580,17580,1,1
2021-11-09 15:21:01.713,17579,17580,17580,1,1
2021-11-09 15:21:01.713,17579,17580,17580,1,1
2021-11-09 15:21:01.713,17579,17580,17580,1,1
2021-11-09 15:21:01.995,17579,17581,17579,1,-1
2021-11-09 15:21:02.064,17579,17581,17579,1,-1
2021-11-09 15:21:02.506,17579,17581,17579,2,-2
2021-11-09 15:21:07.636,17579,17581,17581,1,1
2021-11-09 15:21:07.762,17579,17581,17581,1,1
2021-11-09 15:21:07.997,17579,17581,17581,1,1
2021-11-09 15:21:12.420,17580,17581,17580,1,-1
2021-11-09 15:21:15.489,17580,17581,17581,1,1
2021-11-09 15:21:17.707,17580,17581,17581,4,4
2021-11-09 15:21:17.707,17580,17581,17582,1,1
2021-11-09 15:21:17.906,17580,17582,17582,1,1
2021-11-09 15:21:18.440,17580,17581,17581,1,1
2021-11-09 15:21:23.101,17580,17581,17581,1,1
2021-11-09 15:21:24.101,17580,17581,17580,1,-1
2021-11-09 15:21:26.414,17580,17581,17580,1,-1
2021-11-09 15:21:26.565,17580,17581,17580,7,-7
2021-11-09 15:21:27.686,17579,17580,17580,1,1
2021-11-09 15:21:30.436,17580,17581,17581,5,5
2021-11-09 15:21:36.158,17580,17581,17580,1,-1
2021-11-09 15:21:37.839,17580,17581,17581,1,1
2021-11-09 15:21:37.927,17580,17581,17581,1,1
2021-11-09 15:21:41.383,17580,17581,17580,1,-1
2021-11-09 15:21:42.298,17580,17581,17581,1,1
2021-11-09 15:21:49.681,17580,17581,17581,1,1
2021-11-09 15:21:50.785,17580,17581,17581,1,1
2021-11-09 15:21:50.802,17580,17581,17581,1,1
2021-11-09 15:21:51.112,17580,17581,17580,1,-1
2021-11-09 15:21:53.838,17580,17581,17581,1,1
2021-11-09 15:21:57.510,17580,17581,17581,1,1
2021-11-09 15:21:57.510,17580,17581,17581,1,1
2021-11-09 15:21:57.510,17580,17581,17582,5,5
2021-11-09 15:21:58.141,17581,17582,17582,1,1
2021-11-09 15:22:00.143,17581,17582,17582,1,1
2021-11-09 15:22:00.810,17581,17582,17582,4,4
2021-11-09 15:22:02.072,17581,17582,17582,1,1
2021-11-09 15:22:02.629,17581,17582,17582,1,1
2021-11-09 15:22:03.037,17581,17582,17582,1,1
2021-11-09 15:22:05.364,17582,17583,17583,12,12
2021-11-09 15:22:05.364,17582,17583,17584,8,8
2021-11-09 15:22:05.406,17582,17583,17584,1,1
2021-11-09 15:22:05.406,17582,17583,17584,1,1
2021-11-09 15:22:05.407,17582,17583,17584,1,1
2021-11-09 15:22:05.407,17582,17583,17584,2,2
2021-11-09 15:22:05.407,17582,17583,17584,3,3
2021-11-09 15:22:05.407,17582,17583,17584,2,2
2021-11-09 15:22:05.407,17582,17583,17584,1,1
2021-11-09 15:22:05.407,17582,17583,17584,1,1
2021-11-09 15:22:05.407,17582,17583,17584,1,1
2021-11-09 15:22:05.407,17582,17583,17584,2,2
2021-11-09 15:22:05.407,17582,17583,17584,2,2
2021-11-09 15:22:05.407,17582,17583,17584,9,9
2021-11-09 15:22:05.408,17582,17583,17585,1,1
2021-11-09 15:22:05.480,17584,17585,17585,2,2
2021-11-09 15:22:05.619,17584,17585,17584,1,-1
2021-11-09 15:22:11.250,17583,17584,17583,1,-1
2021-11-09 15:22:11.314,17582,17584,17582,2,-2
2021-11-09 15:22:11.665,17583,17584,17584,1,1
2021-11-09 15:22:11.666,17583,17584,17584,1,1
2021-11-09 15:22:11.857,17583,17584,17584,1,1
2021-11-09 15:22:11.858,17583,17584,17584,1,1
2021-11-09 15:22:11.858,17583,17584,17584,1,1
2021-11-09 15:22:11.867,17583,17584,17583,1,-1
2021-11-09 15:22:17.833,17583,17584,17584,1,1
2021-11-09 15:22:17.833,17583,17584,17585,1,1
2021-11-09 15:22:20.383,17583,17585,17584,1,1
2021-11-09 15:22:20.533,17583,17585,17585,1,1
2021-11-09 15:22:21.973,17584,17585,17585,1,1
2021-11-09 15:22:21.974,17584,17585,17585,1,1
2021-11-09 15:22:22.063,17584,17585,17584,1,-1
2021-11-09 15:22:22.063,17584,17585,17585,1,1
2021-11-09 15:22:22.199,17584,17585,17585,1,1
2021-11-09 15:22:22.199,17584,17585,17585,1,1
2021-11-09 15:22:23.662,17584,17585,17584,1,-1
2021-11-09 15:22:23.663,17584,17585,17585,1,1
2021-11-09 15:22:25.069,17584,17585,17585,1,1
2021-11-09 15:22:27.116,17584,17585,17585,7,7
2021-11-09 15:22:27.116,17584,17585,17585,1,1
2021-11-09 15:22:27.116,17584,17585,17585,2,2
2021-11-09 15:22:28.200,17584,17585,17585,1,1
2021-11-09 15:22:28.319,17584,17585,17585,1,1
2021-11-09 15:22:29.774,17585,17586,17585,1,-1
2021-11-09 15:22:29.775,17585,17586,17585,1,-1
2021-11-09 15:22:29.775,17585,17586,17585,1,-1
2021-11-09 15:22:29.775,17585,17586,17585,1,-1
2021-11-09 15:22:29.775,17585,17586,17585,1,-1
2021-11-09 15:22:30.432,17584,17585,17585,3,3
2021-11-09 15:22:31.309,17584,17586,17586,2,2
2021-11-09 15:22:31.309,17584,17586,17586,1,1
2021-11-09 15:22:31.684,17584,17586,17586,1,1
2021-11-09 15:22:31.684,17584,17586,17586,1,1
2021-11-09 15:22:32.132,17585,17586,17586,2,2
2021-11-09 15:22:33.044,17585,17587,17587,15,15
2021-11-09 15:22:33.044,17585,17587,17588,27,27
2021-11-09 15:22:33.044,17585,17587,17589,22,22
2021-11-09 15:22:33.054,17585,17587,17590,2,2
2021-11-09 15:22:33.058,17585,17587,17590,2,2
2021-11-09 15:22:33.058,17585,17587,17590,10,10
2021-11-09 15:22:33.059,17585,17587,17590,1,1
2021-11-09 15:22:33.059,17585,17587,17590,1,1
2021-11-09 15:22:33.060,17585,17587,17590,1,1
2021-11-09 15:22:33.061,17585,17587,17590,1,1
2021-11-09 15:22:33.084,17585,17587,17590,1,1
2021-11-09 15:22:33.086,17585,17587,17590,1,1
2021-11-09 15:22:33.107,17585,17587,17590,1,1
2021-11-09 15:22:33.162,17585,17587,17590,4,4
2021-11-09 15:22:33.163,17585,17587,17590,1,1
2021-11-09 15:22:33.173,17585,17587,17589,1,1
2021-11-09 15:22:33.228,17589,17591,17590,2,2
2021-11-09 15:22:33.292,17589,17591,17590,1,1
2021-11-09 15:22:33.363,17588,17590,17588,1,-1
2021-11-09 15:22:33.363,17588,17590,17588,1,-1
2021-11-09 15:22:33.377,17588,17590,17588,1,-1
2021-11-09 15:22:33.406,17588,17590,17589,1,1
2021-11-09 15:22:33.680,17587,17589,17589,1,1
2021-11-09 15:22:33.728,17587,17589,17589,1,1
2021-11-09 15:22:33.802,17587,17589,17587,1,-1
2021-11-09 15:22:34.434,17586,17587,17586,1,-1
2021-11-09 15:22:34.633,17585,17587,17587,1,1
2021-11-09 15:22:34.760,17585,17587,17587,1,1
2021-11-09 15:22:34.761,17585,17587,17588,1,1
2021-11-09 15:22:34.763,17585,17587,17588,1,1
2021-11-09 15:22:35.593,17587,17588,17588,1,1
2021-11-09 15:22:36.885,17587,17589,17589,1,1
2021-11-09 15:22:36.897,17587,17589,17589,1,1
2021-11-09 15:22:36.898,17587,17589,17589,1,1
2021-11-09 15:22:36.932,17587,17589,17589,1,1
2021-11-09 15:22:37.220,17587,17589,17589,2,2
2021-11-09 15:22:39.075,17588,17590,17590,1,1
2021-11-09 15:22:39.215,17588,17590,17590,1,1
2021-11-09 15:22:40.067,17588,17590,17590,1,1
2021-11-09 15:22:41.866,17589,17590,17590,1,1
2021-11-09 15:22:41.867,17589,17590,17590,1,1
2021-11-09 15:22:42.207,17589,17590,17590,1,1
2021-11-09 15:22:42.208,17589,17590,17590,1,1
2021-11-09 15:22:42.933,17589,17590,17590,1,1
2021-11-09 15:22:42.933,17589,17590,17590,1,1
2021-11-09 15:22:42.934,17589,17590,17590,1,1
2021-11-09 15:22:43.118,17589,17591,17590,1,1
2021-11-09 15:22:43.951,17589,17591,17590,1,1
2021-11-09 15:22:44.078,17589,17591,17590,1,1
2021-11-09 15:22:44.820,17590,17591,17590,1,-1
2021-11-09 15:22:46.091,17590,17591,17590,1,-1
2021-11-09 15:22:46.594,17589,17590,17590,1,1
2021-11-09 15:22:48.386,17590,17591,17590,1,-1
2021-11-09 15:22:49.674,17589,17590,17590,1,1
2021-11-09 15:22:49.858,17590,17591,17591,2,2
2021-11-09 15:22:52.336,17590,17591,17591,10,10
2021-11-09 15:22:53.501,17590,17591,17591,1,1
2021-11-09 15:22:53.907,17590,17591,17591,1,1
2021-11-09 15:22:53.907,17590,17591,17591,1,1
2021-11-09 15:22:55.482,17590,17592,17592,1,1
2021-11-09 15:22:55.907,17590,17592,17592,4,4
2021-11-09 15:22:55.992,17591,17592,17591,1,-1
2021-11-09 15:22:56.189,17590,17592,17592,2,2
2021-11-09 15:22:56.550,17590,17592,17592,3,3
2021-11-09 15:22:56.878,17590,17592,17591,1,1
2021-11-09 15:22:56.878,17590,17592,17590,1,-1
2021-11-09 15:22:56.899,17590,17592,17592,1,1
2021-11-09 15:22:57.703,17590,17592,17592,1,1
2021-11-09 15:22:58.855,17591,17592,17591,1,-1
2021-11-09 15:22:59.528,17590,17592,17592,1,1
2021-11-09 15:23:00.161,17590,17591,17590,1,-1
2021-11-09 15:23:00.161,17590,17591,17590,5,-5
2021-11-09 15:23:00.163,17590,17591,17589,1,-1
2021-11-09 15:23:01.749,17590,17591,17590,1,-1
2021-11-09 15:23:02.670,17589,17591,17590,1,1
2021-11-09 15:23:04.498,17590,17591,17590,1,-1
2021-11-09 15:23:04.908,17589,17590,17589,1,-1
2021-11-09 15:23:04.913,17589,17590,17590,1,1
2021-11-09 15:23:06.803,17589,17590,17590,1,1
2021-11-09 15:23:07.380,17589,17590,17589,1,-1
2021-11-09 15:23:08.226,17589,17590,17589,2,-2
2021-11-09 15:23:08.237,17589,17590,17589,2,-2
2021-11-09 15:23:09.419,17588,17589,17589,2,2
2021-11-09 15:23:11.161,17588,17589,17589,1,1
2021-11-09 15:23:12.701,17588,17589,17589,1,1
2021-11-09 15:23:13.034,17588,17589,17588,1,-1
2021-11-09 15:23:13.765,17588,17589,17588,7,-7
2021-11-09 15:23:15.009,17587,17588,17588,1,1
2021-11-09 15:23:15.837,17587,17588,17588,1,1
2021-11-09 15:23:17.007,17587,17588,17587,1,-1
2021-11-09 15:23:17.007,17587,17588,17586,1,-1
2021-11-09 15:23:17.104,17586,17587,17587,3,3
2021-11-09 15:23:17.796,17587,17589,17587,1,-1
2021-11-09 15:23:18.368,17587,17589,17589,2,2
2021-11-09 15:23:20.831,17588,17589,17589,1,1
2021-11-09 15:23:20.880,17588,17589,17588,1,-1
2021-11-09 15:23:20.880,17588,17589,17587,2,-2
2021-11-09 15:23:22.055,17587,17589,17587,2,-2
2021-11-09 15:23:22.851,17587,17588,17588,1,1
2021-11-09 15:23:23.813,17587,17589,17587,1,-1
2021-11-09 15:23:26.627,17586,17588,17588,1,1
2021-11-09 15:23:27.580,17587,17588,17588,3,3
2021-11-09 15:23:27.645,17587,17588,17589,1,1
2021-11-09 15:23:33.541,17589,17590,17589,1,-1
2021-11-09 15:23:34.431,17588,17590,17590,1,1
2021-11-09 15:23:39.369,17588,17590,17589,2,2
2021-11-09 15:23:44.382,17588,17589,17589,1,1
2021-11-09 15:23:50.348,17588,17589,17589,1,1
2021-11-09 15:23:51.180,17588,17589,17589,5,5
2021-11-09 15:23:51.180,17588,17589,17590,5,5
2021-11-09 15:23:52.935,17589,17590,17589,1,-1
2021-11-09 15:23:55.427,17589,17590,17589,1,-1
2021-11-09 15:23:58.632,17588,17590,17590,1,1
2021-11-09 15:24:02.093,17588,17589,17589,2,2
2021-11-09 15:24:05.631,17588,17589,17588,4,-4
2021-11-09 15:24:05.719,17587,17588,17587,3,-3
2021-11-09 15:24:06.019,17586,17587,17587,1,1
2021-11-09 15:24:07.852,17586,17587,17587,1,1
2021-11-09 15:24:09.178,17586,17588,17588,1,1
2021-11-09 15:24:12.051,17587,17588,17587,1,-1
2021-11-09 15:24:14.169,17586,17588,17588,1,1
2021-11-09 15:24:24.564,17587,17588,17587,1,-1
2021-11-09 15:24:37.589,17587,17588,17588,1,1
2021-11-09 15:24:37.740,17587,17588,17587,7,-7
2021-11-09 15:24:37.740,17587,17588,17586,8,-8
2021-11-09 15:24:41.948,17586,17587,17586,1,-1
2021-11-09 15:24:41.948,17586,17587,17585,1,-1
2021-11-09 15:24:50.483,17585,17586,17585,1,-1
2021-11-09 15:24:51.268,17585,17586,17586,1,1
2021-11-09 15:24:55.167,17586,17587,17587,2,2
2021-11-09 15:24:56.085,17586,17587,17586,1,-1
2021-11-09 15:24:58.764,17586,17587,17586,5,-5
2021-11-09 15:24:59.237,17586,17587,17587,1,1
2021-11-09 15:25:01.360,17586,17587,17586,2,-2
2021-11-09 15:25:09.843,17586,17587,17587,1,1
2021-11-09 15:25:14.193,17586,17587,17587,2,2
2021-11-09 15:25:14.392,17586,17588,17586,8,-8
2021-11-09 15:25:18.801,17585,17586,17586,1,1
2021-11-09 15:25:24.570,17585,17586,17585,1,-1
2021-11-09 15:25:31.654,17585,17586,17585,1,-1
2021-11-09 15:25:33.107,17585,17586,17586,1,1
2021-11-09 15:25:35.915,17585,17586,17586,2,2
2021-11-09 15:25:38.482,17585,17586,17586,2,2
2021-11-09 15:25:39.546,17586,17587,17586,2,-2
2021-11-09 15:25:40.506,17585,17586,17585,1,-1
2021-11-09 15:25:42.489,17585,17586,17585,2,-2
2021-11-09 15:25:43.246,17585,17586,17585,12,-12
2021-11-09 15:25:44.333,17584,17585,17584,1,-1
2021-11-09 15:25:45.316,17584,17585,17585,2,2
2021-11-09 15:25:48.339,17584,17585,17585,1,1
2021-11-09 15:25:48.339,17584,17585,17585,1,1
2021-11-09 15:25:48.339,17584,17585,17585,1,1
2021-11-09 15:25:48.339,17584,17585,17585,1,1
2021-11-09 15:25:48.339,17584,17585,17585,3,3
2021-11-09 15:25:48.339,17584,17585,17585,2,2
2021-11-09 15:25:52.441,17585,17586,17585,1,-1
2021-11-09 15:25:52.441,17585,17586,17584,1,-1
2021-11-09 15:25:52.442,17585,17586,17584,5,-5
2021-11-09 15:25:52.995,17584,17585,17585,1,1
2021-11-09 15:25:53.874,17584,17586,17584,1,-1
2021-11-09 15:25:54.421,17584,17585,17584,1,-1
2021-11-09 15:25:54.632,17584,17585,17584,1,-1
2021-11-09 15:25:54.632,17584,17585,17584,1,-1
2021-11-09 15:25:54.633,17584,17585,17584,5,-5
2021-11-09 15:25:54.633,17584,17585,17584,1,-1
2021-11-09 15:25:54.712,17583,17584,17583,3,-3
2021-11-09 15:25:54.815,17583,17584,17583,1,-1
2021-11-09 15:25:54.816,17583,17584,17583,1,-1
2021-11-09 15:25:54.858,17583,17584,17583,1,-1
2021-11-09 15:25:54.875,17583,17584,17584,1,1
2021-11-09 15:25:55.139,17583,17584,17583,1,-1
2021-11-09 15:25:55.140,17583,17584,17583,1,-1
2021-11-09 15:25:55.602,17582,17583,17582,1,-1
2021-11-09 15:25:56.862,17582,17583,17582,1,-1
2021-11-09 15:25:57.311,17582,17583,17582,1,-1
2021-11-09 15:25:57.691,17582,17583,17582,1,-1
2021-11-09 15:25:57.691,17582,17583,17582,1,-1
2021-11-09 15:25:57.986,17582,17583,17582,1,-1
2021-11-09 15:25:58.436,17582,17583,17582,1,-1
2021-11-09 15:25:59.114,17582,17583,17582,1,-1
2021-11-09 15:25:59.272,17582,17583,17582,1,-1
2021-11-09 15:25:59.641,17581,17583,17582,1,1
2021-11-09 15:25:59.690,17582,17583,17582,1,-1
2021-11-09 15:26:00.177,17582,17583,17582,1,-1
2021-11-09 15:26:00.446,17582,17583,17582,1,-1
2021-11-09 15:26:01.062,17582,17583,17582,1,-1
2021-11-09 15:26:01.642,17582,17583,17582,1,-1
2021-11-09 15:26:02.808,17582,17583,17582,1,-1
2021-11-09 15:26:03.132,17581,17583,17583,1,1
2021-11-09 15:26:03.589,17583,17584,17584,4,4
2021-11-09 15:26:08.778,17583,17584,17583,1,-1
2021-11-09 15:26:09.328,17583,17584,17583,1,-1
2021-11-09 15:26:09.502,17582,17584,17584,2,2
2021-11-09 15:26:09.571,17582,17584,17584,1,1
2021-11-09 15:26:09.740,17583,17584,17583,1,-1
2021-11-09 15:26:10.329,17582,17583,17583,3,3
2021-11-09 15:26:14.213,17582,17583,17583,3,3
2021-11-09 15:26:14.498,17582,17583,17582,1,-1
2021-11-09 15:26:14.568,17582,17583,17582,1,-1
2021-11-09 15:26:14.877,17582,17583,17583,1,1
2021-11-09 15:26:17.061,17583,17584,17583,1,-1
2021-11-09 15:26:17.502,17583,17584,17583,1,-1
2021-11-09 15:26:17.942,17583,17584,17583,1,-1
2021-11-09 15:26:18.422,17583,17584,17584,1,1
2021-11-09 15:26:19.398,17583,17584,17583,1,-1
2021-11-09 15:26:19.908,17583,17584,17583,1,-1
2021-11-09 15:26:20.634,17582,17583,17583,1,1
2021-11-09 15:26:23.391,17582,17583,17583,2,2
2021-11-09 15:26:24.791,17583,17584,17583,1,-1
2021-11-09 15:26:25.254,17583,17584,17583,1,-1
2021-11-09 15:26:25.697,17583,17584,17583,1,-1
2021-11-09 15:26:26.414,17583,17584,17583,2,-2
2021-11-09 15:26:29.446,17582,17583,17583,1,1
2021-11-09 15:26:29.885,17582,17583,17582,2,-2
2021-11-09 15:26:30.316,17581,17582,17582,1,1
2021-11-09 15:26:37.313,17582,17583,17582,1,-1
2021-11-09 15:26:37.798,17582,17583,17582,3,-3
2021-11-09 15:26:40.517,17582,17583,17582,1,-1
2021-11-09 15:26:46.733,17582,17583,17582,1,-1
2021-11-09 15:26:52.962,17582,17583,17582,1,-1
2021-11-09 15:26:52.965,17582,17583,17582,3,-3
2021-11-09 15:26:54.092,17582,17583,17582,1,-1
2021-11-09 15:26:54.180,17582,17583,17582,1,-1
2021-11-09 15:26:54.397,17582,17583,17582,1,-1
2021-11-09 15:26:54.965,17581,17582,17582,2,2
2021-11-09 15:27:00.891,17581,17582,17582,1,1
2021-11-09 15:27:01.723,17582,17583,17583,1,1
2021-11-09 15:27:01.925,17582,17583,17583,1,1
2021-11-09 15:27:01.926,17582,17583,17583,2,2
2021-11-09 15:27:01.926,17582,17583,17583,1,1
2021-11-09 15:27:01.926,17582,17583,17583,1,1
2021-11-09 15:27:01.926,17582,17583,17583,3,3
2021-11-09 15:27:01.926,17582,17583,17583,2,2
2021-11-09 15:27:02.473,17583,17584,17583,1,-1
2021-11-09 15:27:06.639,17583,17584,17584,1,1
2021-11-09 15:27:09.828,17583,17584,17584,4,4
2021-11-09 15:27:09.828,17583,17584,17585,9,9
2021-11-09 15:27:12.090,17584,17585,17584,1,-1
2021-11-09 15:27:13.579,17584,17585,17584,1,-1
2021-11-09 15:27:14.131,17584,17585,17584,1,-1
2021-11-09 15:27:14.644,17584,17585,17584,1,-1
2021-11-09 15:27:20.516,17583,17584,17584,1,1
2021-11-09 15:27:21.323,17583,17584,17583,7,-7
2021-11-09 15:27:21.962,17583,17584,17584,1,1
2021-11-09 15:27:22.007,17583,17584,17583,1,-1
2021-11-09 15:27:35.344,17582,17584,17582,1,-1
2021-11-09 15:27:35.489,17582,17584,17584,1,1
2021-11-09 15:27:42.674,17583,17584,17583,1,-1
2021-11-09 15:27:49.175,17583,17584,17583,1,-1
2021-11-09 15:27:49.684,17582,17584,17583,1,1
2021-11-09 15:27:50.716,17583,17584,17584,1,1
2021-11-09 15:27:54.901,17583,17584,17584,2,2
2021-11-09 15:27:57.682,17584,17585,17584,1,-1
2021-11-09 15:28:02.922,17583,17584,17584,1,1
2021-11-09 15:28:06.543,17583,17584,17584,1,1
2021-11-09 15:28:06.998,17583,17584,17584,2,2
2021-11-09 15:28:12.205,17583,17584,17584,2,2
2021-11-09 15:28:13.572,17583,17584,17584,4,4
2021-11-09 15:28:13.815,17583,17584,17584,1,1
2021-11-09 15:28:14.754,17583,17584,17584,2,2
2021-11-09 15:28:14.755,17583,17584,17584,1,1
2021-11-09 15:28:16.373,17583,17584,17583,1,-1
2021-11-09 15:28:18.831,17583,17584,17584,1,1
2021-11-09 15:28:21.149,17583,17584,17584,5,5
2021-11-09 15:28:21.149,17583,17584,17585,9,9
2021-11-09 15:28:26.417,17584,17585,17585,1,1
2021-11-09 15:28:26.437,17584,17585,17584,1,-1
2021-11-09 15:28:30.764,17584,17585,17585,10,10
2021-11-09 15:28:32.500,17585,17586,17585,1,-1
2021-11-09 15:28:34.803,17585,17586,17585,3,-3
2021-11-09 15:28:37.420,17585,17586,17586,4,4
2021-11-09 15:28:37.451,17586,17587,17587,1,1
2021-11-09 15:28:41.196,17586,17587,17587,1,1
2021-11-09 15:28:43.533,17586,17587,17587,1,1
2021-11-09 15:28:46.063,17587,17588,17587,1,-1
2021-11-09 15:28:46.246,17587,17588,17588,15,15
2021-11-09 15:28:48.835,17588,17589,17588,1,-1
2021-11-09 15:28:50.461,17588,17589,17588,1,-1
2021-11-09 15:28:51.204,17588,17589,17588,1,-1
2021-11-09 15:28:51.573,17588,17589,17588,2,-2
2021-11-09 15:28:52.205,17588,17589,17588,3,-3
2021-11-09 15:28:55.831,17588,17589,17589,10,10
2021-11-09 15:28:57.083,17588,17590,17588,1,-1
2021-11-09 15:28:58.996,17588,17590,17590,2,2
2021-11-09 15:28:58.999,17588,17590,17590,5,5
2021-11-09 15:28:59.000,17588,17590,17590,1,1
2021-11-09 15:28:59.001,17588,17590,17591,2,2
2021-11-09 15:28:59.003,17588,17590,17591,1,1
2021-11-09 15:28:59.071,17589,17591,17590,1,1
2021-11-09 15:28:59.154,17589,17591,17591,1,1
2021-11-09 15:28:59.474,17590,17591,17590,1,-1
2021-11-09 15:28:59.600,17589,17590,17589,2,-2
2021-11-09 15:28:59.600,17589,17590,17588,1,-1
2021-11-09 15:28:59.602,17589,17590,17588,1,-1
2021-11-09 15:28:59.602,17589,17590,17588,1,-1
2021-11-09 15:28:59.606,17589,17590,17588,1,-1
2021-11-09 15:28:59.689,17586,17588,17586,1,-1
2021-11-09 15:28:59.691,17586,17588,17586,1,-1
2021-11-09 15:29:00.478,17585,17587,17586,1,1
2021-11-09 15:29:01.299,17586,17587,17586,1,-1
2021-11-09 15:29:01.299,17585,17586,17586,1,1
2021-11-09 15:29:01.308,17585,17586,17586,1,1
2021-11-09 15:29:01.432,17586,17587,17586,1,-1
2021-11-09 15:29:01.432,17586,17587,17585,9,-9
2021-11-09 15:29:01.558,17585,17587,17585,3,-3
2021-11-09 15:29:01.558,17585,17587,17584,2,-2
2021-11-09 15:29:03.669,17584,17586,17584,1,-1
2021-11-09 15:29:07.270,17586,17587,17586,2,-2
2021-11-09 15:29:35.671,17586,17587,17586,2,-2
2021-11-09 15:29:37.269,17586,17587,17587,1,1
2021-11-09 15:29:47.382,17586,17587,17587,1,1
2021-11-09 15:29:54.454,17586,17587,17587,5,5
2021-11-09 15:29:56.944,17586,17587,17586,1,-1
2021-11-09 15:29:56.944,17586,17587,17586,1,-1
2021-11-09 15:29:56.944,17586,17587,17586,1,-1
2021-11-09 15:29:56.944,17586,17587,17586,1,-1
2021-11-09 15:29:56.944,17586,17587,17586,1,-1
2021-11-09 15:29:56.944,17586,17587,17586,1,-1
2021-11-09 15:29:56.944,17586,17587,17586,1,-1
2021-11-09 15:29:57.070,17585,17586,17585,1,-1
2021-11-09 15:29:57.131,17585,17586,17585,1,-1
2021-11-09 15:29:57.864,17585,17586,17585,1,-1
2021-11-09 15:29:58.819,17585,17586,17585,2,-2
2021-11-09 15:29:59.331,17584,17586,17584,1,-1
2021-11-09 15:30:02.215,17584,17585,17584,2,-2
2021-11-09 15:30:02.654,17584,17585,17585,1,1
2021-11-09 15:30:02.873,17584,17585,17584,2,-2
2021-11-09 15:30:08.060,17584,17585,17584,1,-1
2021-11-09 15:30:08.241,17583,17585,17585,6,6
2021-11-09 15:30:08.241,17583,17585,17586,4,4
2021-11-09 15:30:13.782,17584,17585,17585,2,2
2021-11-09 15:30:19.774,17584,17586,17586,1,1
2021-11-09 15:30:20.202,17585,17587,17585,3,-3
2021-11-09 15:30:32.615,17585,17586,17585,2,-2
2021-11-09 15:30:39.441,17585,17586,17586,1,1
2021-11-09 15:30:44.521,17585,17586,17586,1,1
2021-11-09 15:30:45.048,17586,17587,17586,1,-1
2021-11-09 15:30:45.048,17586,17587,17585,1,-1
2021-11-09 15:30:51.888,17585,17586,17586,1,1
2021-11-09 15:30:54.041,17586,17587,17587,1,1
2021-11-09 15:30:54.042,17586,17587,17587,8,8
2021-11-09 15:30:54.044,17586,17587,17588,3,3
2021-11-09 15:30:54.044,17586,17587,17588,1,1
2021-11-09 15:30:54.044,17586,17587,17588,1,1
2021-11-09 15:30:54.044,17586,17587,17588,1,1
2021-11-09 15:30:54.044,17586,17587,17588,1,1
2021-11-09 15:30:54.161,17587,17588,17587,1,-1
2021-11-09 15:30:54.978,17586,17588,17588,3,3
2021-11-09 15:31:26.093,17586,17587,17587,3,3
2021-11-09 15:31:27.216,17587,17588,17587,1,-1
2021-11-09 15:31:27.303,17587,17588,17588,1,1
2021-11-09 15:31:29.164,17587,17588,17587,1,-1
2021-11-09 15:31:32.074,17586,17587,17587,1,1
2021-11-09 15:31:43.883,17586,17587,17587,1,1
2021-11-09 15:31:44.110,17586,17587,17587,1,1
2021-11-09 15:31:55.616,17586,17587,17586,2,-2
2021-11-09 15:31:55.835,17586,17587,17586,1,-1
2021-11-09 15:32:05.563,17586,17587,17587,2,2
2021-11-09 15:32:06.606,17587,17588,17587,1,-1
2021-11-09 15:32:07.919,17586,17587,17586,5,-5
2021-11-09 15:32:10.123,17585,17586,17586,1,1
2021-11-09 15:32:17.294,17585,17586,17586,1,1
2021-11-09 15:32:18.630,17585,17586,17585,17,-17
2021-11-09 15:32:18.632,17585,17586,17585,3,-3
2021-11-09 15:32:19.205,17584,17586,17586,1,1
2021-11-09 15:32:38.479,17585,17586,17586,1,1
2021-11-09 15:32:39.819,17585,17586,17586,2,2
2021-11-09 15:32:55.900,17586,17587,17586,1,-1
2021-11-09 15:32:57.020,17586,17587,17586,1,-1
2021-11-09 15:33:01.256,17585,17586,17586,1,1
2021-11-09 15:33:06.214,17585,17587,17585,1,-1
2021-11-09 15:33:23.212,17586,17587,17587,2,2
2021-11-09 15:33:41.954,17586,17587,17586,1,-1
2021-11-09 15:33:42.053,17586,17587,17587,1,1
2021-11-09 15:33:42.268,17586,17587,17586,1,-1
2021-11-09 15:33:43.921,17586,17587,17586,1,-1
2021-11-09 15:33:43.922,17586,17587,17586,3,-3
2021-11-09 15:33:47.036,17585,17587,17587,1,1
2021-11-09 15:33:53.774,17585,17587,17587,2,2
2021-11-09 15:33:56.975,17585,17587,17587,5,5
2021-11-09 15:34:25.524,17585,17586,17586,1,1
2021-11-09 15:34:25.936,17586,17587,17587,3,3
2021-11-09 15:34:26.341,17586,17587,17587,1,1
2021-11-09 15:34:26.441,17586,17588,17588,1,1
2021-11-09 15:34:29.576,17586,17587,17587,2,2
2021-11-09 15:34:31.336,17586,17587,17587,1,1
2021-11-09 15:34:31.572,17586,17587,17587,1,1
2021-11-09 15:34:32.730,17587,17588,17588,20,20
2021-11-09 15:34:32.917,17588,17589,17588,1,-1
2021-11-09 15:34:35.004,17588,17589,17588,4,-4
2021-11-09 15:34:40.303,17588,17589,17588,1,-1
2021-11-09 15:34:43.951,17587,17588,17588,1,1
2021-11-09 15:34:44.598,17588,17589,17588,1,-1
2021-11-09 15:34:46.603,17587,17588,17588,1,1
2021-11-09 15:34:46.923,17588,17589,17588,2,-2
2021-11-09 15:34:53.485,17588,17589,17589,1,1
2021-11-09 15:34:53.886,17588,17589,17589,1,1
2021-11-09 15:34:53.894,17588,17589,17589,1,1
2021-11-09 15:34:53.904,17588,17589,17589,1,1
2021-11-09 15:34:53.909,17588,17589,17589,2,2
2021-11-09 15:34:53.916,17588,17589,17589,1,1
2021-11-09 15:34:53.925,17588,17589,17589,1,1
2021-11-09 15:34:53.930,17588,17589,17589,1,1
2021-11-09 15:34:53.970,17588,17589,17589,1,1
2021-11-09 15:34:54.632,17588,17589,17589,1,1
2021-11-09 15:34:55.003,17588,17589,17588,1,-1
2021-11-09 15:34:57.463,17588,17589,17588,1,-1
2021-11-09 15:35:01.464,17588,17589,17589,1,1
2021-11-09 15:35:01.820,17588,17589,17589,1,1
2021-11-09 15:35:01.830,17588,17589,17589,1,1
2021-11-09 15:35:03.544,17588,17589,17588,1,-1
2021-11-09 15:35:08.593,17588,17589,17588,1,-1
2021-11-09 15:35:13.143,17588,17589,17589,1,1
2021-11-09 15:35:20.064,17588,17589,17588,1,-1
2021-11-09 15:35:27.676,17588,17589,17589,1,1
2021-11-09 15:35:28.017,17588,17589,17589,1,1
2021-11-09 15:35:34.773,17588,17589,17589,1,1
2021-11-09 15:35:36.278,17588,17589,17589,2,2
2021-11-09 15:35:41.498,17588,17589,17588,10,-10
2021-11-09 15:35:53.943,17588,17589,17588,1,-1
2021-11-09 15:36:00.626,17588,17589,17589,5,5
2021-11-09 15:36:01.059,17588,17589,17589,7,7
2021-11-09 15:36:01.059,17588,17589,17589,1,1
2021-11-09 15:36:01.073,17588,17589,17590,1,1
2021-11-09 15:36:01.249,17588,17590,17590,1,1
2021-11-09 15:36:04.335,17588,17590,17590,5,5
2021-11-09 15:36:05.424,17589,17590,17590,1,1
2021-11-09 15:36:08.533,17589,17590,17590,4,4
2021-11-09 15:36:08.533,17589,17590,17590,6,6
2021-11-09 15:36:08.534,17589,17590,17590,7,7
2021-11-09 15:36:08.534,17589,17590,17591,2,2
2021-11-09 15:36:08.535,17589,17590,17591,3,3
2021-11-09 15:36:08.535,17589,17590,17591,6,6
2021-11-09 15:36:08.536,17589,17590,17591,5,5
2021-11-09 15:36:08.536,17589,17590,17592,5,5
2021-11-09 15:36:08.538,17589,17590,17592,2,2
2021-11-09 15:36:08.575,17591,17592,17592,1,1
2021-11-09 15:36:08.612,17591,17592,17592,6,6
2021-11-09 15:36:08.612,17591,17592,17593,13,13
2021-11-09 15:36:08.612,17591,17592,17594,11,11
2021-11-09 15:36:08.712,17591,17593,17593,1,1
2021-11-09 15:36:08.726,17591,17593,17593,4,4
2021-11-09 15:36:08.759,17591,17593,17593,1,1
2021-11-09 15:36:08.759,17591,17593,17593,1,1
2021-11-09 15:36:08.764,17591,17593,17593,1,1
2021-11-09 15:36:08.768,17591,17593,17593,1,1
2021-11-09 15:36:08.777,17591,17593,17593,1,1
2021-11-09 15:36:08.830,17591,17593,17593,1,1
2021-11-09 15:36:08.854,17591,17593,17593,1,1
2021-11-09 15:36:08.855,17591,17593,17594,1,1
2021-11-09 15:36:08.875,17591,17593,17594,1,1
2021-11-09 15:36:08.875,17591,17593,17594,1,1
2021-11-09 15:36:08.895,17591,17593,17594,1,1
2021-11-09 15:36:08.929,17592,17594,17594,4,4
2021-11-09 15:36:08.938,17592,17594,17594,1,1
2021-11-09 15:36:08.939,17592,17594,17594,1,1
2021-11-09 15:36:08.946,17592,17594,17594,3,3
2021-11-09 15:36:08.947,17592,17594,17594,1,1
2021-11-09 15:36:08.966,17592,17594,17594,1,1
2021-11-09 15:36:09.028,17592,17594,17594,2,2
2021-11-09 15:36:09.035,17592,17594,17594,1,1
2021-11-09 15:36:09.055,17592,17594,17594,1,1
2021-11-09 15:36:09.055,17592,17594,17594,1,1
2021-11-09 15:36:09.072,17592,17594,17594,1,1
2021-11-09 15:36:09.079,17592,17594,17592,2,-2
2021-11-09 15:36:09.102,17592,17594,17593,1,1
2021-11-09 15:36:09.102,17592,17594,17593,1,1
2021-11-09 15:36:09.113,17592,17594,17593,1,1
2021-11-09 15:36:09.128,17592,17594,17593,1,1
2021-11-09 15:36:09.138,17592,17594,17593,1,1
2021-11-09 15:36:09.141,17592,17594,17593,1,1
2021-11-09 15:36:09.142,17592,17594,17594,1,1
2021-11-09 15:36:09.148,17592,17594,17594,2,2
2021-11-09 15:36:09.151,17592,17594,17594,1,1
2021-11-09 15:36:09.166,17592,17594,17594,1,1
2021-11-09 15:36:09.176,17591,17594,17594,1,1
2021-11-09 15:36:09.188,17591,17594,17594,1,1
2021-11-09 15:36:09.200,17591,17594,17594,1,1
2021-11-09 15:36:09.206,17591,17594,17594,1,1
2021-11-09 15:36:09.216,17591,17594,17594,2,2
2021-11-09 15:36:09.218,17591,17594,17594,1,1
2021-11-09 15:36:09.293,17591,17594,17594,1,1
2021-11-09 15:36:09.326,17592,17594,17594,1,1
2021-11-09 15:36:09.456,17592,17594,17594,1,1
2021-11-09 15:36:09.524,17592,17594,17594,1,1
2021-11-09 15:36:09.544,17592,17594,17592,1,-1
2021-11-09 15:36:09.555,17591,17593,17593,1,1
2021-11-09 15:36:09.666,17591,17593,17593,1,1
2021-11-09 15:36:09.738,17591,17593,17593,1,1
2021-11-09 15:36:11.222,17590,17592,17592,1,1
2021-11-09 15:36:17.121,17591,17592,17592,1,1
2021-11-09 15:36:17.792,17591,17593,17593,1,1
2021-11-09 15:36:19.410,17592,17593,17592,1,-1
2021-11-09 15:36:20.929,17592,17593,17593,3,3
2021-11-09 15:36:21.146,17592,17593,17592,1,-1
2021-11-09 15:36:21.260,17591,17592,17592,1,1
2021-11-09 15:36:21.375,17592,17593,17592,1,-1
2021-11-09 15:36:22.793,17591,17592,17592,1,1
2021-11-09 15:36:23.907,17591,17592,17592,2,2
2021-11-09 15:36:26.348,17591,17592,17592,1,1
2021-11-09 15:36:28.568,17591,17592,17591,1,-1
2021-11-09 15:36:29.872,17591,17592,17592,1,1
2021-11-09 15:36:31.512,17591,17592,17591,1,-1
2021-11-09 15:36:31.512,17591,17592,17591,1,-1
2021-11-09 15:36:31.512,17591,17592,17591,1,-1
2021-11-09 15:36:32.138,17591,17592,17591,2,-2
2021-11-09 15:36:32.178,17591,17592,17591,1,-1
2021-11-09 15:36:32.340,17591,17592,17591,1,-1
2021-11-09 15:36:32.340,17591,17592,17591,1,-1
2021-11-09 15:36:32.340,17591,17592,17591,1,-1
2021-11-09 15:36:43.286,17590,17591,17591,1,1
2021-11-09 15:36:45.372,17590,17591,17590,1,-1
2021-11-09 15:36:48.368,17590,17591,17591,1,1
2021-11-09 15:36:49.049,17590,17591,17591,1,1
2021-11-09 15:36:49.049,17590,17591,17591,1,1
2021-11-09 15:36:49.049,17590,17591,17591,1,1
2021-11-09 15:36:49.049,17590,17591,17591,6,6
2021-11-09 15:36:51.858,17591,17592,17592,2,2
2021-11-09 15:36:56.263,17591,17592,17592,1,1
2021-11-09 15:36:59.638,17591,17592,17592,1,1
2021-11-09 15:37:00.518,17591,17592,17592,1,1
2021-11-09 15:37:01.215,17591,17592,17591,5,-5
2021-11-09 15:37:01.963,17590,17592,17592,1,1
2021-11-09 15:37:05.352,17590,17591,17591,1,1
2021-11-09 15:37:10.563,17591,17592,17591,1,-1
2021-11-09 15:37:25.043,17591,17592,17591,1,-1
2021-11-09 15:37:30.299,17591,17592,17592,2,2
2021-11-09 15:37:32.641,17591,17592,17592,1,1
2021-11-09 15:37:33.974,17591,17592,17592,1,1
2021-11-09 15:37:35.894,17591,17592,17592,1,1
2021-11-09 15:37:36.386,17591,17592,17592,8,8
2021-11-09 15:37:37.447,17592,17593,17593,1,1
2021-11-09 15:37:37.494,17592,17593,17593,1,1
2021-11-09 15:37:37.561,17592,17593,17593,1,1
2021-11-09 15:37:37.624,17592,17593,17593,1,1
2021-11-09 15:37:39.243,17592,17593,17592,1,-1
2021-11-09 15:37:40.965,17591,17592,17592,1,1
2021-11-09 15:37:41.529,17591,17592,17592,1,1
2021-11-09 15:37:54.791,17592,17593,17592,2,-2
2021-11-09 15:37:56.265,17592,17593,17592,1,-1
2021-11-09 15:37:57.132,17592,17593,17592,5,-5
2021-11-09 15:37:58.444,17591,17592,17591,2,-2
2021-11-09 15:37:58.444,17591,17592,17591,2,-2
2021-11-09 15:37:58.452,17591,17592,17591,2,-2
2021-11-09 15:37:58.452,17591,17592,17591,2,-2
2021-11-09 15:37:58.452,17591,17592,17591,2,-2
2021-11-09 15:38:01.922,17591,17592,17592,1,1
2021-11-09 15:38:03.496,17592,17593,17592,2,-2
2021-11-09 15:38:03.496,17592,17593,17591,2,-2
2021-11-09 15:38:09.283,17591,17592,17592,5,5
2021-11-09 15:38:22.324,17591,17592,17591,1,-1
2021-11-09 15:38:22.899,17591,17592,17592,1,1
2021-11-09 15:38:24.545,17591,17592,17592,1,1
2021-11-09 15:38:25.832,17591,17592,17592,4,4
2021-11-09 15:38:29.626,17591,17592,17592,2,2
2021-11-09 15:38:31.124,17591,17592,17592,1,1
2021-11-09 15:38:35.234,17591,17592,17592,1,1
2021-11-09 15:38:35.618,17591,17592,17592,1,1
2021-11-09 15:38:35.793,17591,17592,17592,1,1
2021-11-09 15:38:35.793,17591,17592,17592,1,1
2021-11-09 15:38:36.702,17592,17593,17592,1,-1
2021-11-09 15:38:36.702,17592,17593,17591,2,-2
2021-11-09 15:38:41.789,17591,17592,17592,1,1
2021-11-09 15:38:42.460,17591,17592,17592,1,1
2021-11-09 15:38:42.985,17591,17592,17592,1,1
2021-11-09 15:38:43.979,17591,17592,17592,1,1
2021-11-09 15:38:50.696,17592,17593,17592,2,-2
2021-11-09 15:39:01.875,17591,17592,17592,2,2
2021-11-09 15:39:01.875,17591,17592,17593,3,3
2021-11-09 15:39:02.786,17592,17593,17592,1,-1
2021-11-09 15:39:02.787,17592,17593,17592,1,-1
2021-11-09 15:39:08.708,17591,17592,17591,4,-4
2021-11-09 15:39:08.732,17591,17592,17591,1,-1
2021-11-09 15:39:09.394,17590,17591,17590,2,-2
2021-11-09 15:39:10.346,17590,17591,17590,1,-1
2021-11-09 15:39:10.909,17590,17591,17591,1,1
2021-11-09 15:39:11.226,17590,17591,17590,10,-10
2021-11-09 15:39:14.194,17589,17590,17589,1,-1
2021-11-09 15:39:15.076,17589,17590,17589,8,-8
2021-11-09 15:39:23.283,17588,17590,17588,1,-1
2021-11-09 15:39:30.244,17588,17590,17588,1,-1
2021-11-09 15:39:32.545,17588,17589,17588,1,-1
2021-11-09 15:39:37.395,17588,17589,17588,1,-1
2021-11-09 15:39:38.277,17588,17589,17588,1,-1
2021-11-09 15:39:40.012,17588,17589,17588,1,-1
2021-11-09 15:39:40.507,17588,17589,17588,1,-1
2021-11-09 15:39:40.507,17588,17589,17588,3,-3
2021-11-09 15:39:42.849,17587,17588,17587,2,-2
2021-11-09 15:39:47.400,17586,17587,17587,1,1
2021-11-09 15:39:47.400,17586,17587,17587,1,1
2021-11-09 15:40:00.216,17587,17588,17587,4,-4
2021-11-09 15:40:00.524,17587,17588,17587,8,-8
2021-11-09 15:40:00.576,17586,17587,17587,1,1
2021-11-09 15:40:00.729,17586,17587,17587,1,1
2021-11-09 15:40:00.729,17586,17587,17588,1,1
2021-11-09 15:40:00.815,17587,17588,17587,1,-1
2021-11-09 15:40:00.904,17587,17588,17588,2,2
2021-11-09 15:40:00.931,17588,17589,17589,2,2
2021-11-09 15:40:00.933,17588,17589,17589,1,1
2021-11-09 15:40:03.297,17588,17589,17588,2,-2
2021-11-09 15:40:04.390,17588,17589,17588,1,-1
2021-11-09 15:40:06.060,17588,17589,17589,1,1
2021-11-09 15:40:06.060,17588,17589,17590,1,1
2021-11-09 15:40:06.131,17588,17589,17589,1,1
2021-11-09 15:40:06.612,17588,17590,17588,1,-1
2021-11-09 15:40:08.147,17588,17590,17588,1,-1
2021-11-09 15:40:09.031,17587,17589,17587,1,-1
2021-11-09 15:40:09.903,17587,17589,17587,1,-1
2021-11-09 15:40:15.214,17587,17588,17587,2,-2
2021-11-09 15:40:17.867,17587,17588,17587,3,-3
2021-11-09 15:40:17.867,17587,17588,17586,7,-7
2021-11-09 15:40:18.444,17587,17588,17587,1,-1
2021-11-09 15:40:18.892,17587,17588,17587,1,-1
2021-11-09 15:40:23.605,17585,17586,17585,5,-5
2021-11-09 15:40:24.397,17585,17586,17585,5,-5
2021-11-09 15:40:24.402,17585,17586,17585,2,-2
2021-11-09 15:40:27.121,17585,17586,17585,1,-1
2021-11-09 15:40:27.221,17585,17586,17585,1,-1
2021-11-09 15:40:27.900,17585,17586,17586,1,1
2021-11-09 15:40:31.539,17585,17586,17585,5,-5
2021-11-09 15:40:37.191,17584,17586,17584,1,-1
2021-11-09 15:40:37.305,17584,17586,17584,2,-2
2021-11-09 15:40:40.959,17585,17586,17585,1,-1
2021-11-09 15:40:44.493,17584,17586,17584,1,-1
2021-11-09 15:40:47.182,17585,17586,17585,1,-1
2021-11-09 15:40:49.182,17584,17585,17584,1,-1
2021-11-09 15:40:49.215,17584,17585,17584,2,-2
2021-11-09 15:40:51.182,17584,17585,17584,1,-1
2021-11-09 15:40:54.180,17584,17585,17584,1,-1
2021-11-09 15:40:59.462,17584,17585,17584,2,-2
2021-11-09 15:41:01.861,17584,17585,17584,1,-1
2021-11-09 15:41:04.524,17584,17585,17585,3,3
2021-11-09 15:41:04.653,17585,17586,17586,2,2
2021-11-09 15:41:05.684,17586,17587,17586,1,-1
2021-11-09 15:41:12.662,17586,17587,17586,1,-1
2021-11-09 15:41:14.098,17586,17587,17586,1,-1
2021-11-09 15:41:17.133,17586,17587,17586,1,-1
2021-11-09 15:41:27.951,17586,17587,17586,2,-2
2021-11-09 15:41:28.648,17586,17587,17586,3,-3
2021-11-09 15:41:33.159,17586,17587,17586,2,-2
2021-11-09 15:41:33.462,17585,17586,17585,1,-1
2021-11-09 15:41:40.515,17584,17585,17584,1,-1
2021-11-09 15:41:51.850,17584,17585,17585,1,1
2021-11-09 15:41:53.275,17585,17586,17585,1,-1
2021-11-09 15:41:54.519,17585,17586,17585,4,-4
2021-11-09 15:41:54.519,17585,17586,17584,6,-6
2021-11-09 15:41:56.365,17584,17586,17585,1,1
2021-11-09 15:41:59.519,17585,17586,17585,3,-3
2021-11-09 15:41:59.519,17585,17586,17584,7,-7
2021-11-09 15:42:06.726,17585,17586,17586,1,1
2021-11-09 15:42:07.098,17585,17586,17586,3,3
2021-11-09 15:42:07.098,17585,17586,17587,4,4
2021-11-09 15:42:13.059,17586,17587,17587,3,3
2021-11-09 15:42:13.594,17586,17587,17586,1,-1
2021-11-09 15:42:22.808,17585,17587,17585,8,-8
2021-11-09 15:42:26.025,17585,17587,17585,2,-2
2021-11-09 15:42:27.750,17585,17587,17587,3,3
2021-11-09 15:42:52.714,17586,17587,17587,1,1
2021-11-09 15:43:02.190,17586,17587,17586,2,-2
2021-11-09 15:43:11.037,17585,17586,17585,5,-5
2021-11-09 15:43:15.589,17585,17586,17585,3,-3
2021-11-09 15:43:16.322,17585,17586,17585,1,-1
2021-11-09 15:43:16.322,17585,17586,17584,2,-2
2021-11-09 15:43:17.361,17584,17586,17586,3,3
2021-11-09 15:43:18.024,17586,17587,17586,1,-1
2021-11-09 15:43:20.293,17586,17587,17586,1,-1
2021-11-09 15:43:23.004,17586,17587,17586,1,-1
2021-11-09 15:43:31.212,17585,17586,17586,1,1
2021-11-09 15:44:00.781,17585,17586,17586,1,1
2021-11-09 15:44:05.569,17586,17587,17587,1,1
2021-11-09 15:44:39.325,17586,17587,17587,2,2
2021-11-09 15:44:40.317,17586,17587,17587,2,2
2021-11-09 15:44:43.112,17587,17588,17587,1,-1
2021-11-09 15:44:44.167,17586,17587,17587,1,1
2021-11-09 15:44:46.292,17587,17588,17587,1,-1
2021-11-09 15:44:46.381,17586,17588,17586,1,-1
2021-11-09 15:45:03.587,17586,17587,17586,1,-1
2021-11-09 15:45:08.337,17586,17587,17586,1,-1
2021-11-09 15:45:08.338,17586,17587,17586,2,-2
2021-11-09 15:45:21.433,17585,17586,17586,2,2
2021-11-09 15:45:21.434,17585,17586,17586,1,1
2021-11-09 15:45:46.068,17585,17586,17585,2,-2
2021-11-09 15:45:47.478,17585,17586,17585,2,-2
2021-11-09 15:45:50.931,17585,17586,17585,1,-1
2021-11-09 15:46:00.926,17584,17585,17584,1,-1
2021-11-09 15:46:00.971,17584,17585,17585,1,1
2021-11-09 15:46:36.587,17585,17586,17586,2,2
2021-11-09 15:47:05.775,17585,17586,17586,2,2
2021-11-09 15:47:07.740,17585,17586,17585,6,-6
2021-11-09 15:47:09.234,17584,17585,17585,1,1
2021-11-09 15:47:13.840,17584,17585,17584,1,-1
2021-11-09 15:47:13.840,17584,17585,17584,1,-1
2021-11-09 15:47:13.840,17584,17585,17584,1,-1
2021-11-09 15:47:13.841,17584,17585,17584,1,-1
2021-11-09 15:47:13.841,17584,17585,17584,1,-1
2021-11-09 15:47:13.841,17584,17585,17584,19,-19
2021-11-09 15:47:14.784,17583,17584,17583,1,-1
2021-11-09 15:47:14.809,17583,17584,17583,1,-1
2021-11-09 15:47:16.602,17583,17584,17584,1,1
2021-11-09 15:47:36.111,17583,17584,17584,1,1
2021-11-09 15:47:40.491,17583,17584,17583,1,-1
2021-11-09 15:47:41.004,17583,17584,17584,1,1
2021-11-09 15:47:44.414,17583,17584,17584,1,1
2021-11-09 15:47:46.370,17583,17584,17583,1,-1
2021-11-09 15:47:53.385,17583,17584,17583,1,-1
2021-11-09 15:47:53.762,17583,17584,17584,1,1
2021-11-09 15:47:59.172,17583,17584,17584,6,6
2021-11-09 15:48:11.770,17583,17584,17583,3,-3
2021-11-09 15:48:15.961,17583,17584,17583,1,-1
2021-11-09 15:48:16.703,17583,17584,17583,1,-1
2021-11-09 15:48:19.806,17583,17584,17583,6,-6
2021-11-09 15:48:22.543,17583,17584,17583,1,-1
2021-11-09 15:48:24.120,17583,17584,17583,1,-1
2021-11-09 15:48:25.742,17583,17584,17583,3,-3
2021-11-09 15:48:25.876,17583,17584,17583,1,-1
2021-11-09 15:48:27.322,17582,17584,17582,2,-2
2021-11-09 15:48:27.448,17582,17584,17582,1,-1
2021-11-09 15:48:27.496,17582,17584,17582,1,-1
2021-11-09 15:48:33.155,17582,17583,17582,1,-1
2021-11-09 15:48:37.754,17582,17583,17582,3,-3
2021-11-09 15:48:38.282,17582,17583,17582,1,-1
2021-11-09 15:48:43.303,17582,17583,17583,1,1
2021-11-09 15:48:45.296,17582,17583,17583,1,1
2021-11-09 15:49:00.547,17582,17583,17582,1,-1
2021-11-09 15:49:04.200,17582,17583,17582,1,-1
2021-11-09 15:49:07.044,17582,17583,17583,1,1
2021-11-09 15:49:10.854,17582,17583,17582,3,-3
2021-11-09 15:49:11.565,17582,17583,17583,1,1
2021-11-09 15:49:20.927,17582,17583,17583,2,2
2021-11-09 15:49:22.480,17582,17583,17583,2,2
2021-11-09 15:49:24.702,17582,17583,17582,1,-1
2021-11-09 15:49:24.702,17582,17583,17582,1,-1
2021-11-09 15:49:24.702,17582,17583,17582,1,-1
2021-11-09 15:49:32.482,17581,17582,17582,2,2
2021-11-09 15:49:38.652,17581,17582,17582,15,15
2021-11-09 15:49:38.729,17582,17583,17582,2,-2
2021-11-09 15:49:42.524,17582,17583,17582,1,-1
2021-11-09 15:49:44.590,17581,17583,17581,5,-5
2021-11-09 15:49:44.691,17581,17582,17581,1,-1
2021-11-09 15:49:44.758,17581,17582,17581,6,-6
2021-11-09 15:49:44.758,17581,17582,17580,6,-6
2021-11-09 15:49:45.041,17580,17581,17580,1,-1
2021-11-09 15:49:47.903,17580,17582,17580,3,-3
2021-11-09 15:49:51.883,17581,17582,17581,1,-1
2021-11-09 15:49:52.974,17580,17582,17580,5,-5
2021-11-09 15:49:53.104,17580,17581,17581,1,1
2021-11-09 15:49:57.737,17580,17582,17582,2,2
2021-11-09 15:50:00.382,17581,17582,17582,1,1
2021-11-09 15:50:00.382,17581,17582,17582,1,1
2021-11-09 15:50:00.515,17582,17583,17582,2,-2
2021-11-09 15:50:05.985,17581,17582,17582,1,1
2021-11-09 15:50:11.485,17582,17583,17582,1,-1
2021-11-09 15:50:14.863,17582,17583,17583,1,1
2021-11-09 15:50:14.969,17583,17584,17583,1,-1
2021-11-09 15:50:16.248,17583,17584,17583,1,-1
2021-11-09 15:50:18.933,17583,17584,17583,3,-3
2021-11-09 15:50:22.195,17583,17584,17583,1,-1
2021-11-09 15:50:25.486,17583,17584,17584,1,1
2021-11-09 15:50:27.647,17583,17584,17583,3,-3
2021-11-09 15:50:32.512,17583,17584,17584,2,2
2021-11-09 15:50:42.020,17583,17584,17583,2,-2
2021-11-09 15:50:43.336,17583,17584,17584,3,3
2021-11-09 15:50:54.414,17584,17585,17585,4,4
2021-11-09 15:50:54.414,17584,17585,17586,1,1
2021-11-09 15:51:03.124,17584,17586,17584,1,-1
2021-11-09 15:51:03.411,17584,17586,17585,1,1
2021-11-09 15:51:10.113,17584,17586,17586,1,1
2021-11-09 15:51:32.909,17584,17585,17585,1,1
2021-11-09 15:51:32.986,17584,17585,17585,1,1
2021-11-09 15:51:43.120,17585,17586,17585,1,-1
2021-11-09 15:51:46.114,17585,17586,17585,1,-1
2021-11-09 15:51:47.771,17584,17586,17585,1,1
2021-11-09 15:52:32.141,17584,17585,17584,1,-1
2021-11-09 15:52:33.684,17584,17585,17584,1,-1
2021-11-09 15:52:49.160,17583,17585,17583,1,-1
2021-11-09 15:53:00.479,17583,17584,17583,1,-1
2021-11-09 15:53:05.213,17583,17584,17583,1,-1
2021-11-09 15:53:25.762,17583,17584,17583,1,-1
2021-11-09 15:53:30.221,17583,17584,17583,4,-4
2021-11-09 15:53:32.302,17583,17584,17583,1,-1
2021-11-09 15:53:35.540,17582,17584,17582,13,-13
2021-11-09 15:53:35.542,17582,17584,17582,4,-4
2021-11-09 15:53:41.820,17582,17583,17582,1,-1
2021-11-09 15:53:49.361,17581,17582,17582,1,1
2021-11-09 15:53:53.238,17581,17582,17582,1,1
2021-11-09 15:53:53.565,17581,17582,17582,1,1
2021-11-09 15:54:12.511,17581,17582,17582,1,1
2021-11-09 15:54:12.512,17581,17582,17582,2,2
2021-11-09 15:54:12.512,17581,17582,17582,1,1
2021-11-09 15:54:41.061,17582,17583,17583,1,1
2021-11-09 15:54:41.178,17582,17584,17584,1,1
2021-11-09 15:54:52.741,17583,17584,17583,1,-1
2021-11-09 15:54:52.802,17582,17584,17584,1,1
2021-11-09 15:54:52.802,17582,17584,17584,1,1
2021-11-09 15:54:52.803,17582,17584,17584,1,1
2021-11-09 15:55:30.183,17582,17583,17583,1,1
2021-11-09 15:55:40.496,17583,17584,17583,1,-1
2021-11-09 15:56:21.448,17583,17584,17584,2,2
2021-11-09 15:56:31.136,17584,17585,17584,2,-2
2021-11-09 15:56:41.810,17583,17584,17584,2,2
2021-11-09 15:56:41.868,17583,17584,17584,1,1
2021-11-09 15:56:51.712,17584,17585,17584,1,-1
2021-11-09 15:56:59.941,17583,17584,17584,2,2
2021-11-09 15:57:02.890,17583,17585,17583,6,-6
2021-11-09 15:57:14.013,17583,17584,17583,1,-1
2021-11-09 15:57:16.508,17582,17583,17583,2,2
2021-11-09 15:57:53.111,17583,17584,17583,1,-1
2021-11-09 15:57:53.301,17583,17584,17583,1,-1
2021-11-09 15:57:58.321,17583,17584,17584,1,1
2021-11-09 15:58:10.990,17583,17584,17584,1,1
2021-11-09 15:58:17.071,17583,17584,17584,1,1
2021-11-09 15:58:21.049,17583,17584,17584,1,1
2021-11-09 15:58:32.433,17583,17584,17584,1,1
2021-11-09 15:58:59.394,17583,17584,17583,1,-1
2021-11-09 15:59:07.097,17583,17584,17583,1,-1
2021-11-09 15:59:13.826,17583,17584,17583,1,-1
2021-11-09 15:59:14.059,17583,17584,17583,1,-1
2021-11-09 15:59:21.933,17583,17584,17583,5,-5
2021-11-09 15:59:30.188,17582,17583,17582,1,-1
2021-11-09 15:59:52.249,17582,17583,17582,2,-2
2021-11-09 16:00:02.409,17583,17584,17583,1,-1
2021-11-09 16:00:02.635,17582,17583,17582,1,-1
2021-11-09 16:00:02.636,17582,17583,17582,7,-7
2021-11-09 16:00:03.238,17581,17583,17583,1,1
2021-11-09 16:00:03.245,17581,17583,17583,1,1
2021-11-09 16:00:05.429,17581,17582,17581,1,-1
2021-11-09 16:00:13.018,17581,17582,17581,1,-1
2021-11-09 16:00:18.879,17581,17582,17582,1,1
2021-11-09 16:00:22.529,17582,17583,17583,1,1
2021-11-09 16:00:30.010,17581,17583,17583,1,1
2021-11-09 16:00:40.537,17582,17583,17583,3,3
2021-11-09 16:00:46.606,17582,17584,17584,3,3
2021-11-09 16:00:59.861,17583,17584,17584,10,10
2021-11-09 16:01:03.115,17584,17585,17584,1,-1
2021-11-09 16:01:03.115,17584,17585,17584,1,-1
2021-11-09 16:01:03.115,17584,17585,17584,4,-4
2021-11-09 16:01:03.116,17584,17585,17584,1,-1
2021-11-09 16:01:03.116,17584,17585,17584,1,-1
2021-11-09 16:01:11.654,17584,17585,17585,1,1
2021-11-09 16:01:11.654,17584,17585,17585,1,1
2021-11-09 16:01:11.654,17584,17585,17585,6,6
2021-11-09 16:01:35.587,17585,17586,17586,1,1
2021-11-09 16:01:41.939,17585,17586,17586,1,1
2021-11-09 16:01:50.376,17585,17586,17586,2,2
2021-11-09 16:02:00.291,17585,17586,17586,1,1
2021-11-09 16:02:05.030,17585,17586,17586,1,1
2021-11-09 16:02:10.181,17585,17586,17585,1,-1
2021-11-09 16:02:14.677,17585,17586,17585,1,-1
2021-11-09 16:02:33.051,17585,17586,17585,1,-1
2021-11-09 16:02:48.943,17585,17586,17585,2,-2
2021-11-09 16:02:55.465,17585,17586,17586,2,2
2021-11-09 16:03:03.735,17585,17586,17586,6,6
2021-11-09 16:03:03.749,17585,17586,17587,2,2
2021-11-09 16:03:03.764,17585,17586,17587,1,1
2021-11-09 16:03:03.765,17585,17586,17587,1,1
2021-11-09 16:03:03.765,17585,17586,17587,1,1
2021-11-09 16:03:04.207,17586,17587,17587,10,10
2021-11-09 16:03:04.208,17586,17587,17587,1,1
2021-11-09 16:03:04.208,17586,17587,17587,1,1
2021-11-09 16:03:20.220,17586,17587,17587,1,1
2021-11-09 16:03:26.228,17586,17587,17587,1,1
2021-11-09 16:03:37.518,17586,17587,17587,5,5
2021-11-09 16:03:37.793,17586,17587,17587,5,5
2021-11-09 16:03:41.333,17586,17587,17587,2,2
2021-11-09 16:03:41.382,17586,17587,17587,1,1
2021-11-09 16:03:43.382,17586,17587,17587,1,1
2021-11-09 16:03:43.754,17586,17588,17588,1,1
2021-11-09 16:03:45.896,17586,17588,17588,5,5
2021-11-09 16:03:58.721,17586,17587,17587,1,1
2021-11-09 16:04:00.076,17586,17587,17587,1,1
2021-11-09 16:04:00.897,17586,17587,17586,17,-17
2021-11-09 16:04:01.810,17585,17586,17585,1,-1
2021-11-09 16:04:01.810,17585,17586,17585,1,-1
2021-11-09 16:04:01.811,17585,17586,17585,10,-10
2021-11-09 16:04:01.811,17585,17586,17585,2,-2
2021-11-09 16:04:01.811,17585,17586,17585,3,-3
2021-11-09 16:04:01.811,17585,17586,17585,1,-1
2021-11-09 16:04:01.811,17585,17586,17585,2,-2
2021-11-09 16:04:01.811,17585,17586,17585,1,-1
2021-11-09 16:04:01.812,17585,17586,17585,1,-1
2021-11-09 16:04:01.812,17585,17586,17585,1,-1
2021-11-09 16:04:05.514,17584,17585,17584,1,-1
2021-11-09 16:04:11.055,17583,17584,17583,2,-2
2021-11-09 16:04:11.057,17583,17584,17583,1,-1
2021-11-09 16:04:11.282,17582,17583,17583,1,1
2021-11-09 16:04:14.536,17582,17583,17582,1,-1
2021-11-09 16:04:14.657,17581,17582,17582,1,1
2021-11-09 16:04:25.697,17583,17584,17584,1,1
2021-11-09 16:04:36.145,17583,17584,17584,1,1
2021-11-09 16:04:52.046,17583,17584,17584,1,1
2021-11-09 16:04:54.946,17583,17584,17583,1,-1
2021-11-09 16:04:54.946,17583,17584,17583,1,-1
2021-11-09 16:05:01.311,17582,17583,17582,1,-1
2021-11-09 16:05:04.683,17582,17583,17583,1,1
2021-11-09 16:05:11.585,17582,17583,17583,1,1
2021-11-09 16:05:11.585,17582,17583,17584,2,2
2021-11-09 16:05:20.973,17583,17584,17583,1,-1
2021-11-09 16:05:21.185,17582,17583,17583,1,1
2021-11-09 16:05:47.708,17583,17584,17583,2,-2
2021-11-09 16:05:47.812,17582,17584,17582,1,-1
2021-11-09 16:05:48.794,17582,17583,17582,1,-1
2021-11-09 16:05:59.322,17582,17583,17583,2,2
2021-11-09 16:05:59.830,17582,17583,17583,1,1
2021-11-09 16:06:05.548,17583,17584,17583,1,-1
2021-11-09 16:06:19.893,17583,17584,17584,1,1
2021-11-09 16:06:19.893,17583,17584,17584,1,1
2021-11-09 16:06:19.893,17583,17584,17584,1,1
2021-11-09 16:06:19.893,17583,17584,17584,1,1
2021-11-09 16:06:24.755,17583,17584,17584,1,1
2021-11-09 16:06:57.052,17583,17584,17584,1,1
2021-11-09 16:06:57.052,17583,17584,17584,6,6
2021-11-09 16:06:58.016,17583,17585,17585,1,1
2021-11-09 16:07:09.215,17583,17584,17584,1,1
2021-11-09 16:07:11.832,17584,17585,17584,4,-4
2021-11-09 16:07:15.739,17583,17584,17584,1,1
2021-11-09 16:07:27.764,17584,17585,17585,1,1
2021-11-09 16:07:27.764,17584,17585,17585,1,1
2021-11-09 16:07:30.813,17584,17585,17585,1,1
2021-11-09 16:07:37.188,17585,17586,17586,1,1
2021-11-09 16:07:37.188,17585,17586,17586,1,1
2021-11-09 16:07:37.188,17585,17586,17586,1,1
2021-11-09 16:07:37.188,17585,17586,17586,3,3
2021-11-09 16:07:37.188,17585,17586,17586,1,1
2021-11-09 16:07:37.188,17585,17586,17586,2,2
2021-11-09 16:07:37.188,17585,17586,17586,1,1
2021-11-09 16:07:37.188,17585,17586,17586,1,1
2021-11-09 16:07:37.189,17585,17586,17586,1,1
2021-11-09 16:07:37.189,17585,17586,17586,1,1
2021-11-09 16:07:37.189,17585,17586,17586,1,1
2021-11-09 16:07:37.189,17585,17586,17586,1,1
2021-11-09 16:07:42.738,17586,17587,17587,7,7
2021-11-09 16:07:43.794,17586,17588,17586,1,-1
2021-11-09 16:07:46.012,17585,17587,17587,1,1
2021-11-09 16:07:47.418,17586,17587,17587,1,1
2021-11-09 16:08:04.650,17586,17587,17587,1,1
2021-11-09 16:08:04.650,17586,17587,17587,1,1
2021-11-09 16:08:04.650,17586,17587,17587,1,1
2021-11-09 16:08:04.650,17586,17587,17587,1,1
2021-11-09 16:08:12.433,17586,17587,17587,1,1
2021-11-09 16:08:18.618,17586,17587,17586,3,-3
2021-11-09 16:08:21.868,17585,17586,17586,1,1
2021-11-09 16:08:54.418,17586,17587,17587,2,2
2021-11-09 16:08:54.418,17586,17587,17587,1,1
2021-11-09 16:08:55.219,17587,17588,17587,1,-1
2021-11-09 16:09:06.085,17587,17588,17587,1,-1
2021-11-09 16:09:08.469,17587,17588,17588,1,1
2021-11-09 16:09:11.914,17586,17588,17588,25,25
2021-11-09 16:09:15.649,17588,17589,17588,1,-1
2021-11-09 16:09:19.439,17588,17589,17589,13,13
2021-11-09 16:09:19.647,17589,17590,17590,1,1
2021-11-09 16:09:19.648,17589,17590,17590,1,1
2021-11-09 16:09:19.690,17589,17590,17590,9,9
2021-11-09 16:09:19.712,17589,17590,17591,1,1
2021-11-09 16:09:20.000,17589,17591,17589,2,-2
2021-11-09 16:09:20.063,17589,17591,17589,1,-1
2021-11-09 16:09:22.761,17590,17591,17591,5,5
2021-11-09 16:09:22.762,17590,17591,17591,4,4
2021-11-09 16:09:22.835,17591,17592,17592,1,1
2021-11-09 16:09:22.981,17591,17592,17592,1,1
2021-11-09 16:09:24.541,17591,17592,17592,1,1
2021-11-09 16:09:24.567,17591,17592,17592,1,1
2021-11-09 16:09:24.708,17591,17592,17591,1,-1
2021-11-09 16:09:25.900,17591,17592,17591,1,-1
2021-11-09 16:09:27.114,17591,17592,17591,1,-1
2021-11-09 16:09:36.705,17591,17592,17591,1,-1
2021-11-09 16:09:44.793,17591,17592,17592,9,9
2021-11-09 16:09:48.400,17591,17592,17592,1,1
2021-11-09 16:09:53.327,17591,17592,17592,1,1
2021-11-09 16:09:55.244,17591,17592,17592,1,1
2021-11-09 16:09:55.455,17591,17592,17591,8,-8
2021-11-09 16:09:55.510,17591,17592,17591,1,-1
2021-11-09 16:09:56.645,17590,17591,17591,1,1
2021-11-09 16:09:57.131,17590,17591,17591,2,2
2021-11-09 16:10:00.638,17590,17592,17591,1,1
2021-11-09 16:10:00.679,17590,17591,17591,1,1
2021-11-09 16:10:00.680,17590,17591,17591,1,1
2021-11-09 16:10:01.643,17590,17592,17592,1,1
2021-11-09 16:10:01.677,17590,17592,17592,1,1
2021-11-09 16:10:01.677,17590,17592,17592,1,1
2021-11-09 16:10:01.678,17590,17592,17592,1,1
2021-11-09 16:10:10.531,17591,17592,17592,5,5
2021-11-09 16:10:12.930,17592,17593,17592,1,-1
2021-11-09 16:10:13.052,17591,17592,17592,1,1
2021-11-09 16:10:16.341,17591,17592,17592,1,1
2021-11-09 16:10:20.503,17591,17592,17592,1,1
2021-11-09 16:10:20.553,17591,17592,17592,1,1
2021-11-09 16:10:24.689,17591,17592,17592,2,2
2021-11-09 16:10:26.237,17591,17592,17591,3,-3
2021-11-09 16:10:38.408,17590,17591,17590,1,-1
2021-11-09 16:10:38.428,17590,17591,17591,1,1
2021-11-09 16:10:38.428,17590,17591,17591,1,1
2021-11-09 16:10:45.937,17590,17591,17590,1,-1
2021-11-09 16:10:46.052,17590,17591,17591,1,1
2021-11-09 16:10:46.052,17590,17591,17591,1,1
2021-11-09 16:11:08.940,17590,17591,17590,2,-2
2021-11-09 16:11:23.848,17590,17591,17590,1,-1
2021-11-09 16:11:26.821,17589,17590,17589,2,-2
2021-11-09 16:11:40.163,17589,17590,17590,8,8
2021-11-09 16:11:40.171,17589,17590,17591,4,4
2021-11-09 16:11:40.621,17590,17591,17590,1,-1
2021-11-09 16:11:48.189,17590,17591,17590,1,-1
2021-11-09 16:12:02.750,17590,17591,17591,2,2
2021-11-09 16:12:03.338,17590,17591,17591,8,8
2021-11-09 16:12:03.338,17590,17591,17591,2,2
2021-11-09 16:12:03.338,17590,17591,17591,2,2
2021-11-09 16:12:03.339,17590,17591,17591,1,1
2021-11-09 16:12:09.704,17591,17592,17592,1,1
2021-11-09 16:12:09.846,17591,17592,17592,1,1
2021-11-09 16:12:26.955,17591,17592,17591,2,-2
2021-11-09 16:12:27.074,17591,17592,17592,3,3
2021-11-09 16:12:27.524,17591,17592,17591,1,-1
2021-11-09 16:12:27.528,17591,17592,17591,1,-1
2021-11-09 16:12:29.126,17591,17592,17592,1,1
2021-11-09 16:12:31.080,17591,17592,17592,1,1
2021-11-09 16:12:31.089,17591,17592,17592,1,1
2021-11-09 16:12:31.089,17591,17592,17592,2,2
2021-11-09 16:12:32.294,17592,17593,17593,3,3
2021-11-09 16:12:32.296,17592,17593,17593,6,6
2021-11-09 16:12:32.395,17593,17594,17594,2,2
2021-11-09 16:12:32.395,17593,17594,17594,5,5
2021-11-09 16:12:32.433,17594,17595,17595,2,2
2021-11-09 16:12:32.482,17594,17595,17595,2,2
2021-11-09 16:12:32.542,17594,17595,17595,7,7
2021-11-09 16:12:32.563,17594,17595,17595,1,1
2021-11-09 16:12:32.587,17594,17595,17595,1,1
2021-11-09 16:12:32.591,17594,17595,17595,1,1
2021-11-09 16:12:32.595,17594,17595,17595,2,2
2021-11-09 16:12:32.695,17594,17595,17595,6,6
2021-11-09 16:12:32.739,17594,17595,17595,1,1
2021-11-09 16:12:32.739,17594,17595,17595,1,1
2021-11-09 16:12:32.744,17594,17595,17595,1,1
2021-11-09 16:12:32.752,17594,17595,17595,1,1
2021-11-09 16:12:32.756,17594,17595,17596,1,1
2021-11-09 16:12:32.878,17594,17596,17596,2,2
2021-11-09 16:12:32.930,17595,17596,17596,2,2
2021-11-09 16:12:32.977,17595,17596,17595,1,-1
2021-11-09 16:12:32.977,17595,17596,17594,1,-1
2021-11-09 16:12:33.023,17595,17596,17595,1,-1
2021-11-09 16:12:33.032,17595,17596,17595,2,-2
2021-11-09 16:12:33.076,17594,17595,17595,1,1
2021-11-09 16:12:33.076,17594,17595,17596,1,1
2021-11-09 16:12:33.137,17594,17595,17594,2,-2
2021-11-09 16:12:33.144,17594,17595,17594,1,-1
2021-11-09 16:12:33.187,17594,17595,17595,1,1
2021-11-09 16:12:33.347,17594,17595,17595,1,1
2021-11-09 16:12:33.464,17594,17595,17595,1,1
2021-11-09 16:12:33.505,17594,17595,17595,1,1
2021-11-09 16:12:33.533,17594,17595,17595,1,1
2021-11-09 16:12:33.534,17594,17595,17595,1,1
2021-11-09 16:12:33.618,17593,17595,17594,1,1
2021-11-09 16:12:34.167,17592,17594,17594,1,1
2021-11-09 16:12:34.167,17592,17594,17594,1,1
2021-11-09 16:12:34.172,17592,17594,17594,1,1
2021-11-09 16:12:34.213,17592,17594,17594,1,1
2021-11-09 16:12:34.246,17592,17594,17594,1,1
2021-11-09 16:12:35.917,17593,17594,17594,2,2
2021-11-09 16:12:40.500,17593,17594,17594,1,1
2021-11-09 16:12:40.501,17593,17594,17594,1,1
2021-11-09 16:12:41.270,17593,17595,17595,1,1
2021-11-09 16:12:41.400,17593,17595,17595,2,2
2021-11-09 16:12:42.502,17594,17595,17595,2,2
2021-11-09 16:12:42.598,17594,17595,17594,3,-3
2021-11-09 16:12:43.596,17593,17594,17593,1,-1
2021-11-09 16:12:44.420,17593,17594,17594,1,1
2021-11-09 16:12:47.725,17594,17595,17594,1,-1
2021-11-09 16:12:47.726,17594,17595,17594,3,-3
2021-11-09 16:12:52.801,17593,17594,17594,1,1
2021-11-09 16:12:53.003,17593,17595,17595,1,1
2021-11-09 16:12:55.005,17594,17595,17594,1,-1
2021-11-09 16:12:55.005,17594,17595,17595,1,1
2021-11-09 16:12:58.980,17594,17595,17595,1,1
2021-11-09 16:12:58.981,17594,17595,17595,1,1
2021-11-09 16:12:58.981,17594,17595,17595,1,1
2021-11-09 16:12:58.988,17594,17595,17595,1,1
2021-11-09 16:13:01.000,17594,17595,17594,1,-1
2021-11-09 16:13:01.158,17594,17595,17595,1,1
2021-11-09 16:13:01.303,17594,17596,17596,1,1
2021-11-09 16:13:03.729,17595,17596,17595,1,-1
2021-11-09 16:13:06.471,17595,17596,17596,2,2
2021-11-09 16:13:06.901,17595,17596,17596,1,1
2021-11-09 16:13:07.638,17595,17596,17596,6,6
2021-11-09 16:13:07.638,17595,17596,17597,2,2
2021-11-09 16:13:07.725,17595,17597,17597,1,1
2021-11-09 16:13:07.750,17595,17597,17597,2,2
2021-11-09 16:13:07.809,17595,17597,17597,1,1
2021-11-09 16:13:08.031,17595,17597,17597,1,1
2021-11-09 16:13:12.520,17595,17596,17596,1,1
2021-11-09 16:13:13.787,17595,17596,17596,1,1
2021-11-09 16:13:14.417,17595,17596,17595,2,-2
2021-11-09 16:13:14.418,17595,17596,17595,4,-4
2021-11-09 16:13:15.637,17594,17596,17596,1,1
2021-11-09 16:13:16.896,17594,17595,17595,1,1
2021-11-09 16:13:17.516,17594,17596,17596,1,1
2021-11-09 16:13:20.864,17594,17595,17594,1,-1
2021-11-09 16:13:21.584,17594,17595,17595,2,2
2021-11-09 16:13:25.719,17594,17595,17595,1,1
2021-11-09 16:13:27.097,17595,17596,17595,3,-3
2021-11-09 16:13:27.097,17595,17596,17594,1,-1
2021-11-09 16:13:35.714,17595,17596,17595,1,-1
2021-11-09 16:13:38.448,17595,17596,17596,1,1
2021-11-09 16:13:42.824,17595,17596,17595,1,-1
2021-11-09 16:13:48.249,17595,17596,17596,1,1
2021-11-09 16:13:53.007,17595,17596,17596,4,4
2021-11-09 16:13:53.356,17595,17596,17596,1,1
2021-11-09 16:13:57.571,17595,17596,17596,1,1
2021-11-09 16:13:58.793,17595,17596,17596,1,1
2021-11-09 16:14:09.536,17595,17596,17596,2,2
2021-11-09 16:14:09.732,17595,17596,17596,1,1
2021-11-09 16:14:09.748,17595,17596,17596,1,1
2021-11-09 16:14:09.792,17595,17596,17596,2,2
2021-11-09 16:14:09.908,17595,17596,17596,1,1
2021-11-09 16:14:09.909,17595,17596,17596,4,4
2021-11-09 16:14:09.917,17595,17596,17597,1,1
2021-11-09 16:14:09.926,17596,17597,17597,1,1
2021-11-09 16:14:09.952,17596,17597,17597,1,1
2021-11-09 16:14:10.032,17596,17597,17597,1,1
2021-11-09 16:14:10.046,17596,17597,17597,1,1
2021-11-09 16:14:14.979,17596,17597,17597,4,4
2021-11-09 16:14:16.252,17596,17597,17596,1,-1
2021-11-09 16:14:17.794,17596,17597,17597,2,2
2021-11-09 16:14:18.098,17596,17597,17597,2,2
2021-11-09 16:14:18.299,17596,17597,17597,2,2
2021-11-09 16:14:19.080,17596,17597,17596,3,-3
2021-11-09 16:14:20.010,17596,17597,17597,2,2
2021-11-09 16:14:20.394,17596,17597,17597,2,2
2021-11-09 16:14:20.682,17596,17597,17597,2,2
2021-11-09 16:14:20.939,17596,17597,17597,2,2
2021-11-09 16:14:22.594,17596,17597,17597,2,2
2021-11-09 16:14:22.922,17596,17597,17597,2,2
2021-11-09 16:14:24.941,17596,17597,17596,1,-1
2021-11-09 16:14:26.008,17596,17597,17596,3,-3
2021-11-09 16:14:26.008,17596,17597,17596,1,-1
2021-11-09 16:14:26.615,17595,17596,17596,1,1
2021-11-09 16:14:26.919,17595,17596,17596,1,1
2021-11-09 16:14:27.007,17595,17597,17597,1,1
2021-11-09 16:14:29.896,17596,17597,17596,1,-1
2021-11-09 16:14:32.189,17596,17597,17596,1,-1
2021-11-09 16:14:37.580,17595,17596,17596,1,1
2021-11-09 16:14:38.599,17596,17597,17596,1,-1
2021-11-09 16:14:41.388,17596,17597,17597,1,1
2021-11-09 16:14:42.159,17596,17597,17597,1,1
2021-11-09 16:14:49.286,17596,17597,17597,2,2
2021-11-09 16:14:59.792,17596,17597,17597,3,3
2021-11-09 16:15:02.092,17596,17597,17597,1,1
2021-11-09 16:15:02.294,17596,17597,17597,2,2
2021-11-09 16:15:02.310,17596,17597,17597,1,1
2021-11-09 16:15:02.310,17596,17597,17597,1,1
2021-11-09 16:15:02.310,17596,17597,17597,1,1
2021-11-09 16:15:02.310,17596,17597,17597,1,1
2021-11-09 16:15:02.310,17596,17597,17597,5,5
2021-11-09 16:15:02.311,17596,17597,17597,5,5
2021-11-09 16:15:02.864,17596,17598,17596,1,-1
2021-11-09 16:15:02.942,17596,17597,17597,1,1
2021-11-09 16:15:02.989,17596,17597,17596,1,-1
2021-11-09 16:15:02.992,17596,17597,17596,1,-1
2021-11-09 16:15:07.233,17597,17598,17597,1,-1
2021-11-09 16:15:08.327,17596,17598,17596,1,-1
2021-11-09 16:15:10.505,17596,17597,17597,1,1
2021-11-09 16:15:10.505,17596,17597,17598,1,1
2021-11-09 16:15:10.574,17596,17598,17598,3,3
2021-11-09 16:15:10.705,17596,17598,17596,1,-1
2021-11-09 16:15:11.088,17597,17598,17598,1,1
2021-11-09 16:15:11.105,17597,17598,17598,1,1
2021-11-09 16:15:11.115,17597,17598,17598,1,1
2021-11-09 16:15:11.155,17597,17598,17598,1,1
2021-11-09 16:15:11.195,17597,17598,17598,1,1
2021-11-09 16:15:12.708,17597,17598,17598,32,32
2021-11-09 16:15:13.110,17598,17599,17598,1,-1
2021-11-09 16:15:15.927,17598,17599,17599,1,1
2021-11-09 16:15:16.113,17598,17599,17598,1,-1
2021-11-09 16:15:16.570,17598,17599,17599,2,2
2021-11-09 16:15:16.769,17598,17599,17599,2,2
2021-11-09 16:15:16.953,17598,17599,17599,2,2
2021-11-09 16:15:17.201,17598,17599,17598,2,-2
2021-11-09 16:15:17.365,17598,17599,17598,1,-1
2021-11-09 16:15:17.429,17598,17599,17598,2,-2
2021-11-09 16:15:19.090,17598,17599,17599,2,2
2021-11-09 16:15:19.410,17598,17599,17599,2,2
2021-11-09 16:15:21.577,17598,17599,17599,2,2
2021-11-09 16:15:23.362,17598,17599,17599,5,5
2021-11-09 16:15:23.587,17598,17599,17599,4,4
2021-11-09 16:15:27.404,17598,17599,17599,2,2
2021-11-09 16:15:34.022,17598,17599,17599,1,1
2021-11-09 16:15:34.137,17598,17599,17599,1,1
2021-11-09 16:15:35.557,17598,17599,17599,5,5
2021-11-09 16:15:36.273,17598,17599,17599,2,2
2021-11-09 16:15:36.551,17598,17599,17599,2,2
2021-11-09 16:15:36.791,17598,17599,17598,2,-2
2021-11-09 16:15:41.549,17598,17599,17598,4,-4
2021-11-09 16:15:42.905,17598,17599,17598,4,-4
2021-11-09 16:15:43.292,17598,17599,17598,1,-1
2021-11-09 16:15:44.399,17598,17599,17598,1,-1
2021-11-09 16:15:47.147,17598,17599,17598,1,-1
2021-11-09 16:15:47.849,17598,17599,17598,5,-5
2021-11-09 16:15:47.942,17598,17599,17598,1,-1
2021-11-09 16:15:50.036,17598,17599,17599,3,3
2021-11-09 16:15:50.686,17598,17599,17598,1,-1
2021-11-09 16:15:54.166,17598,17599,17599,1,1
2021-11-09 16:15:55.250,17598,17599,17598,1,-1
2021-11-09 16:15:55.705,17598,17599,17599,1,1
2021-11-09 16:15:59.815,17598,17599,17599,1,1
2021-11-09 16:15:59.891,17598,17599,17599,3,3
2021-11-09 16:16:04.395,17598,17599,17599,1,1
2021-11-09 16:16:04.429,17598,17599,17599,1,1
2021-11-09 16:16:04.430,17598,17599,17599,1,1
2021-11-09 16:16:04.430,17598,17599,17599,1,1
2021-11-09 16:16:04.430,17598,17599,17599,1,1
2021-11-09 16:16:05.496,17598,17599,17598,1,-1
2021-11-09 16:16:05.552,17598,17599,17599,1,1
2021-11-09 16:16:05.552,17598,17599,17599,1,1
2021-11-09 16:16:08.159,17598,17599,17598,1,-1
2021-11-09 16:16:08.159,17598,17599,17598,1,-1
2021-11-09 16:16:08.159,17598,17599,17598,1,-1
2021-11-09 16:16:08.159,17598,17599,17598,1,-1
2021-11-09 16:16:08.159,17598,17599,17598,2,-2
2021-11-09 16:16:08.159,17598,17599,17598,2,-2
2021-11-09 16:16:08.160,17598,17599,17598,1,-1
2021-11-09 16:16:10.431,17597,17599,17597,1,-1
2021-11-09 16:16:18.239,17597,17599,17599,17,17
2021-11-09 16:16:24.120,17598,17599,17599,4,4
2021-11-09 16:16:27.514,17598,17599,17599,1,1
2021-11-09 16:16:27.516,17598,17599,17599,1,1
2021-11-09 16:16:28.383,17598,17599,17599,1,1
2021-11-09 16:16:28.427,17598,17599,17599,1,1
2021-11-09 16:16:30.509,17598,17599,17599,2,2
2021-11-09 16:16:30.637,17598,17599,17599,1,1
2021-11-09 16:16:32.557,17599,17600,17599,1,-1
2021-11-09 16:16:34.140,17598,17599,17598,1,-1
2021-11-09 16:16:40.256,17598,17599,17598,1,-1
2021-11-09 16:16:40.789,17598,17599,17598,1,-1
2021-11-09 16:16:43.526,17598,17599,17599,1,1
2021-11-09 16:16:43.849,17599,17600,17599,1,-1
2021-11-09 16:16:45.495,17599,17600,17599,1,-1
2021-11-09 16:16:45.948,17599,17600,17600,1,1
2021-11-09 16:16:46.085,17599,17600,17600,1,1
2021-11-09 16:16:46.085,17599,17600,17600,1,1
2021-11-09 16:16:46.105,17599,17600,17599,1,-1
2021-11-09 16:16:46.105,17599,17600,17598,1,-1
2021-11-09 16:16:46.110,17599,17600,17598,1,-1
2021-11-09 16:16:46.115,17599,17600,17600,5,5
2021-11-09 16:16:46.122,17599,17600,17598,3,-3
2021-11-09 16:16:46.122,17599,17600,17598,2,-2
2021-11-09 16:16:46.179,17598,17600,17600,3,3
2021-11-09 16:16:46.337,17598,17600,17600,1,1
2021-11-09 16:16:46.442,17598,17600,17598,1,-1
2021-11-09 16:16:46.765,17598,17600,17599,1,1
2021-11-09 16:16:51.120,17597,17598,17598,1,1
2021-11-09 16:16:51.691,17597,17599,17599,1,1
2021-11-09 16:16:58.851,17598,17599,17598,2,-2
2021-11-09 16:16:58.953,17598,17599,17599,1,1
2021-11-09 16:17:03.331,17598,17599,17599,1,1
2021-11-09 16:17:04.253,17598,17599,17598,1,-1
2021-11-09 16:17:16.609,17598,17599,17599,1,1
2021-11-09 16:17:19.123,17598,17599,17599,2,2
2021-11-09 16:17:23.121,17598,17599,17599,2,2
2021-11-09 16:17:27.593,17598,17599,17598,1,-1
2021-11-09 16:17:37.981,17598,17599,17598,1,-1
2021-11-09 16:17:45.152,17598,17599,17598,1,-1
2021-11-09 16:17:46.718,17598,17599,17599,1,1
2021-11-09 16:17:49.918,17598,17599,17598,1,-1
2021-11-09 16:17:54.245,17598,17599,17598,10,-10
2021-11-09 16:17:54.245,17598,17599,17598,6,-6
2021-11-09 16:17:54.245,17598,17599,17598,26,-26
2021-11-09 16:17:54.246,17598,17599,17598,1,-1
2021-11-09 16:17:54.246,17598,17599,17598,8,-8
2021-11-09 16:18:05.880,17597,17598,17597,1,-1
2021-11-09 16:18:10.975,17597,17598,17598,2,2
2021-11-09 16:18:12.957,17597,17598,17598,4,4
2021-11-09 16:18:12.967,17597,17598,17598,1,1
2021-11-09 16:18:12.968,17597,17598,17598,2,2
2021-11-09 16:18:12.968,17597,17598,17598,1,1
2021-11-09 16:18:15.278,17598,17599,17598,1,-1
2021-11-09 16:18:17.785,17598,17599,17598,1,-1
2021-11-09 16:18:19.718,17598,17599,17598,1,-1
2021-11-09 16:18:24.258,17598,17599,17599,3,3
2021-11-09 16:18:24.424,17598,17599,17599,2,2
2021-11-09 16:18:33.477,17598,17599,17598,1,-1
2021-11-09 16:18:38.003,17598,17599,17598,4,-4
2021-11-09 16:18:38.447,17598,17599,17598,1,-1
2021-11-09 16:18:38.726,17598,17599,17599,2,2
2021-11-09 16:18:42.704,17598,17599,17599,1,1
2021-11-09 16:18:43.718,17598,17599,17599,1,1
2021-11-09 16:18:43.972,17598,17599,17598,1,-1
2021-11-09 16:18:45.681,17598,17599,17598,1,-1
2021-11-09 16:18:57.384,17598,17599,17598,1,-1
2021-11-09 16:19:00.850,17598,17599,17598,11,-11
2021-11-09 16:19:01.063,17597,17598,17598,1,1
2021-11-09 16:19:01.553,17597,17598,17597,1,-1
2021-11-09 16:19:11.691,17597,17598,17598,1,1
2021-11-09 16:19:14.323,17597,17598,17597,5,-5
2021-11-09 16:19:16.508,17597,17598,17597,3,-3
2021-11-09 16:19:18.299,17597,17598,17598,2,2
2021-11-09 16:19:18.743,17597,17598,17597,1,-1
2021-11-09 16:19:18.743,17597,17598,17597,1,-1
2021-11-09 16:19:18.743,17597,17598,17597,1,-1
2021-11-09 16:19:18.743,17597,17598,17597,1,-1
2021-11-09 16:19:18.743,17597,17598,17597,2,-2
2021-11-09 16:19:18.743,17597,17598,17597,1,-1
2021-11-09 16:19:22.200,17596,17597,17597,1,1
2021-11-09 16:19:25.479,17597,17598,17597,1,-1
2021-11-09 16:19:27.945,17597,17598,17597,1,-1
2021-11-09 16:19:39.209,17596,17598,17596,1,-1
2021-11-09 16:19:39.568,17596,17598,17596,1,-1
2021-11-09 16:19:54.713,17596,17597,17596,1,-1
2021-11-09 16:19:54.989,17596,17597,17597,1,1
2021-11-09 16:19:55.633,17596,17597,17596,1,-1
2021-11-09 16:19:55.646,17596,17597,17596,1,-1
2021-11-09 16:20:04.005,17596,17597,17597,1,1
2021-11-09 16:20:04.605,17596,17597,17597,1,1
2021-11-09 16:20:04.606,17596,17597,17597,1,1
2021-11-09 16:20:04.606,17596,17597,17597,1,1
2021-11-09 16:20:10.299,17596,17597,17597,1,1
2021-11-09 16:20:10.299,17596,17597,17597,2,2
2021-11-09 16:20:21.200,17597,17598,17598,1,1
2021-11-09 16:20:34.655,17597,17598,17597,1,-1
2021-11-09 16:20:40.664,17597,17598,17598,1,1
2021-11-09 16:20:44.605,17597,17598,17598,1,1
2021-11-09 16:20:44.605,17597,17598,17598,1,1
2021-11-09 16:20:54.468,17597,17598,17598,1,1
2021-11-09 16:20:55.569,17597,17598,17598,1,1
2021-11-09 16:20:55.569,17597,17598,17599,3,3
2021-11-09 16:21:00.114,17597,17598,17598,1,1
2021-11-09 16:21:00.114,17597,17598,17599,9,9
2021-11-09 16:21:02.817,17598,17599,17599,1,1
2021-11-09 16:21:08.457,17598,17599,17599,3,3
2021-11-09 16:21:08.457,17598,17599,17599,5,5
2021-11-09 16:21:13.307,17599,17600,17600,1,1
2021-11-09 16:21:13.763,17599,17600,17600,1,1
2021-11-09 16:21:13.815,17599,17600,17600,2,2
2021-11-09 16:21:13.924,17599,17600,17600,1,1
2021-11-09 16:21:13.924,17599,17600,17600,25,25
2021-11-09 16:21:13.925,17599,17600,17600,3,3
2021-11-09 16:21:14.774,17599,17601,17601,1,1
2021-11-09 16:21:14.839,17599,17601,17601,6,6
2021-11-09 16:21:14.985,17600,17601,17600,1,-1
2021-11-09 16:21:15.363,17600,17601,17600,1,-1
2021-11-09 16:21:20.509,17600,17601,17601,1,1
2021-11-09 16:21:20.772,17600,17601,17600,1,-1
2021-11-09 16:21:21.600,17600,17601,17601,1,1
2021-11-09 16:21:28.888,17600,17601,17601,1,1
2021-11-09 16:21:29.117,17600,17601,17601,1,1
2021-11-09 16:21:29.825,17600,17601,17601,1,1
2021-11-09 16:21:30.143,17600,17601,17601,3,3
2021-11-09 16:21:30.143,17600,17601,17602,2,2
2021-11-09 16:21:30.207,17600,17602,17602,1,1
2021-11-09 16:21:30.341,17601,17602,17602,1,1
2021-11-09 16:21:30.676,17601,17602,17601,2,-2
2021-11-09 16:21:30.676,17601,17602,17600,3,-3
2021-11-09 16:21:30.898,17600,17601,17601,1,1
2021-11-09 16:21:30.987,17600,17602,17602,18,18
2021-11-09 16:21:30.987,17600,17602,17603,2,2
2021-11-09 16:21:30.999,17600,17602,17601,1,1
2021-11-09 16:21:31.083,17601,17603,17603,2,2
2021-11-09 16:21:31.104,17601,17603,17603,1,1
2021-11-09 16:21:31.492,17601,17603,17601,1,-1
2021-11-09 16:21:33.307,17601,17603,17601,1,-1
2021-11-09 16:21:38.242,17601,17602,17602,1,1
2021-11-09 16:21:38.374,17601,17602,17601,1,-1
2021-11-09 16:21:45.292,17601,17602,17601,1,-1
2021-11-09 16:21:46.937,17601,17602,17602,1,1
2021-11-09 16:21:48.140,17601,17602,17602,1,1
2021-11-09 16:21:48.140,17601,17602,17602,1,1
2021-11-09 16:21:48.140,17601,17602,17602,1,1
2021-11-09 16:21:48.530,17602,17603,17602,1,-1
2021-11-09 16:21:50.956,17602,17603,17603,1,1
2021-11-09 16:21:50.956,17602,17603,17603,1,1
2021-11-09 16:21:50.956,17602,17603,17603,1,1
2021-11-09 16:21:50.956,17602,17603,17603,1,1
2021-11-09 16:21:50.956,17602,17603,17603,1,1
2021-11-09 16:21:54.015,17603,17604,17604,1,1
2021-11-09 16:21:54.075,17603,17604,17603,2,-2
2021-11-09 16:21:54.077,17603,17604,17603,1,-1
2021-11-09 16:21:54.077,17603,17604,17602,1,-1
2021-11-09 16:21:54.116,17603,17604,17602,2,-2
2021-11-09 16:21:57.786,17603,17604,17603,1,-1
2021-11-09 16:21:58.037,17603,17604,17604,1,1
2021-11-09 16:21:59.661,17603,17604,17604,4,4
2021-11-09 16:22:02.197,17603,17604,17603,1,-1
2021-11-09 16:22:02.198,17603,17604,17603,1,-1
2021-11-09 16:22:03.314,17602,17603,17603,1,1
2021-11-09 16:22:03.314,17602,17603,17604,1,1
2021-11-09 16:22:09.222,17603,17604,17604,4,4
2021-11-09 16:22:11.191,17603,17604,17604,5,5
2021-11-09 16:22:13.570,17604,17605,17604,1,-1
2021-11-09 16:22:14.907,17604,17605,17604,5,-5
2021-11-09 16:22:19.677,17604,17605,17605,1,1
2021-11-09 16:22:19.922,17604,17605,17605,1,1
2021-11-09 16:22:20.008,17604,17605,17605,1,1
