2021-10-05 15:00:00.073,16380,16381,16381,145,145
2021-10-05 15:00:00.075,16381,16382,16382,2,2
2021-10-05 15:00:00.152,16381,16383,16381,6,-6
2021-10-05 15:00:00.152,16381,16383,16380,3,-3
2021-10-05 15:00:00.152,16381,16383,16383,3,3
2021-10-05 15:00:00.183,16381,16383,16384,1,1
2021-10-05 15:00:00.302,16380,16384,16382,1,-1
2021-10-05 15:00:00.318,16380,16383,16383,1,1
2021-10-05 15:00:00.400,16380,16383,16384,2,2
2021-10-05 15:00:00.417,16380,16383,16383,1,1
2021-10-05 15:00:00.431,16380,16383,16384,2,2
2021-10-05 15:00:00.442,16380,16385,16385,5,5
2021-10-05 15:00:00.456,16380,16385,16380,2,-2
2021-10-05 15:00:00.471,16380,16385,16384,1,1
2021-10-05 15:00:00.522,16380,16385,16385,1,1
2021-10-05 15:00:00.525,16380,16385,16385,1,1
2021-10-05 15:00:00.678,16381,16386,16386,3,3
2021-10-05 15:00:00.678,16381,16386,16387,1,1
2021-10-05 15:00:00.766,16381,16387,16381,1,-1
2021-10-05 15:00:00.766,16381,16387,16380,1,-1
2021-10-05 15:00:00.964,16381,16386,16381,2,2
2021-10-05 15:00:01.255,16381,16385,16381,1,-1
2021-10-05 15:00:01.284,16381,16385,16384,1,1
2021-10-05 15:00:01.437,16382,16384,16384,1,1
2021-10-05 15:00:01.663,16382,16385,16384,1,-1
2021-10-05 15:00:01.794,16382,16385,16385,3,3
2021-10-05 15:00:02.038,16383,16386,16386,1,1
2021-10-05 15:00:02.536,16383,16385,16385,2,2
2021-10-05 15:00:02.657,16384,16387,16384,3,-3
2021-10-05 15:00:02.658,16384,16387,16384,2,-2
2021-10-05 15:00:02.980,16384,16387,16385,1,1
2021-10-05 15:00:03.316,16384,16386,16386,1,1
2021-10-05 15:00:03.316,16384,16386,16387,3,3
2021-10-05 15:00:03.665,16385,16387,16387,1,1
2021-10-05 15:00:03.745,16385,16388,16385,2,-2
2021-10-05 15:00:03.745,16385,16388,16384,3,-3
2021-10-05 15:00:03.745,16385,16388,16383,1,-1
2021-10-05 15:00:03.749,16385,16388,16383,1,-1
2021-10-05 15:00:03.814,16382,16385,16382,1,-1
2021-10-05 15:00:03.906,16382,16385,16385,1,1
2021-10-05 15:00:04.344,16384,16385,16384,1,-1
2021-10-05 15:00:04.344,16384,16385,16383,1,-1
2021-10-05 15:00:04.344,16384,16385,16382,3,-3
2021-10-05 15:00:04.344,16384,16385,16381,2,-2
2021-10-05 15:00:04.344,16384,16385,16380,13,-13
2021-10-05 15:00:04.345,16384,16385,16380,10,-10
2021-10-05 15:00:04.410,16384,16385,16382,2,2
2021-10-05 15:00:04.952,16380,16382,16381,1,-1
2021-10-05 15:00:04.952,16380,16382,16380,2,-2
2021-10-05 15:00:05.176,16380,16382,16382,1,1
2021-10-05 15:00:05.187,16380,16382,16382,1,1
2021-10-05 15:00:05.312,16381,16382,16382,1,1
2021-10-05 15:00:05.391,16381,16382,16383,1,1
2021-10-05 15:00:05.437,16381,16383,16383,1,1
2021-10-05 15:00:05.474,16381,16383,16381,1,-1
2021-10-05 15:00:06.293,16380,16383,16380,2,-2
2021-10-05 15:00:06.293,16380,16383,16379,3,-3
2021-10-05 15:00:06.350,16379,16382,16379,1,-1
2021-10-05 15:00:07.016,16379,16380,16380,1,1
2021-10-05 15:00:07.092,16380,16381,16381,1,1
2021-10-05 15:00:07.100,16380,16381,16381,1,1
2021-10-05 15:00:07.101,16380,16381,16381,1,1
2021-10-05 15:00:07.285,16379,16382,16379,1,-1
2021-10-05 15:00:07.396,16379,16382,16380,1,1
2021-10-05 15:00:07.449,16379,16382,16379,1,-1
2021-10-05 15:00:07.940,16379,16382,16379,3,-3
2021-10-05 15:00:07.941,16379,16382,16380,1,1
2021-10-05 15:00:07.944,16379,16382,16380,1,-1
2021-10-05 15:00:08.111,16378,16380,16380,1,1
2021-10-05 15:00:08.190,16378,16380,16378,1,-1
2021-10-05 15:00:08.436,16378,16379,16378,1,-1
2021-10-05 15:00:08.538,16377,16379,16379,1,1
2021-10-05 15:00:08.664,16377,16379,16379,1,1
2021-10-05 15:00:08.818,16377,16380,16378,1,-1
2021-10-05 15:00:08.925,16377,16380,16377,1,-1
2021-10-05 15:00:09.074,16377,16379,16377,1,-1
2021-10-05 15:00:09.082,16377,16379,16377,1,-1
2021-10-05 15:00:09.195,16377,16379,16377,1,-1
2021-10-05 15:00:09.295,16377,16379,16377,1,-1
2021-10-05 15:00:09.422,16376,16379,16378,1,1
2021-10-05 15:00:09.660,16377,16379,16377,1,-1
2021-10-05 15:00:09.723,16377,16380,16377,1,-1
2021-10-05 15:00:09.726,16377,16380,16377,4,-4
2021-10-05 15:00:09.813,16376,16379,16376,1,-1
2021-10-05 15:00:10.094,16376,16377,16376,1,-1
2021-10-05 15:00:10.273,16376,16377,16377,1,1
2021-10-05 15:00:10.274,16376,16377,16376,1,-1
2021-10-05 15:00:10.412,16375,16377,16377,1,1
2021-10-05 15:00:10.849,16375,16377,16375,2,-2
2021-10-05 15:00:11.180,16375,16377,16377,1,1
2021-10-05 15:00:11.281,16375,16379,16375,1,-1
2021-10-05 15:00:11.778,16375,16379,16375,1,-1
2021-10-05 15:00:11.981,16375,16379,16376,1,1
2021-10-05 15:00:12.266,16375,16379,16375,5,-5
2021-10-05 15:00:12.266,16375,16379,16374,3,-3
2021-10-05 15:00:12.476,16373,16375,16373,6,-6
2021-10-05 15:00:12.476,16373,16375,16373,3,-3
2021-10-05 15:00:12.638,16373,16374,16374,1,1
2021-10-05 15:00:12.738,16373,16375,16375,1,1
2021-10-05 15:00:13.159,16373,16375,16375,1,1
2021-10-05 15:00:13.644,16373,16375,16373,4,-4
2021-10-05 15:00:13.820,16372,16374,16374,1,1
2021-10-05 15:00:14.080,16372,16374,16374,2,2
2021-10-05 15:00:14.402,16372,16374,16372,1,-1
2021-10-05 15:00:14.411,16372,16374,16374,2,2
2021-10-05 15:00:14.827,16372,16375,16372,1,-1
2021-10-05 15:00:14.867,16372,16375,16372,1,-1
2021-10-05 15:00:15.263,16372,16375,16372,1,-1
2021-10-05 15:00:15.264,16372,16375,16372,4,-4
2021-10-05 15:00:15.273,16372,16375,16371,1,-1
2021-10-05 15:00:15.293,16372,16375,16371,1,-1
2021-10-05 15:00:15.305,16372,16375,16371,1,-1
2021-10-05 15:00:15.918,16371,16374,16371,1,-1
2021-10-05 15:00:16.257,16371,16374,16371,1,-1
2021-10-05 15:00:16.257,16371,16374,16371,3,-3
2021-10-05 15:00:16.542,16370,16373,16370,1,-1
2021-10-05 15:00:16.600,16370,16373,16372,2,2
2021-10-05 15:00:16.865,16371,16373,16373,1,1
2021-10-05 15:00:17.204,16371,16373,16373,1,1
2021-10-05 15:00:17.233,16371,16373,16374,1,1
2021-10-05 15:00:17.360,16372,16374,16372,1,-1
2021-10-05 15:00:17.372,16372,16374,16371,1,-1
2021-10-05 15:00:17.495,16371,16374,16374,5,5
2021-10-05 15:00:18.084,16371,16374,16374,1,1
2021-10-05 15:00:18.771,16372,16374,16372,1,-1
2021-10-05 15:00:18.906,16372,16375,16372,2,-2
2021-10-05 15:00:19.068,16372,16375,16372,1,-1
2021-10-05 15:00:19.411,16372,16375,16375,3,3
2021-10-05 15:00:19.412,16372,16375,16375,14,14
2021-10-05 15:00:19.412,16372,16375,16375,2,2
2021-10-05 15:00:20.200,16375,16376,16375,1,-1
2021-10-05 15:00:20.217,16375,16376,16375,1,-1
2021-10-05 15:00:20.251,16375,16376,16375,1,-1
2021-10-05 15:00:20.375,16375,16376,16375,1,-1
2021-10-05 15:00:20.501,16375,16377,16375,2,-2
2021-10-05 15:00:21.178,16376,16377,16377,3,3
2021-10-05 15:00:21.180,16376,16377,16377,1,1
2021-10-05 15:00:21.478,16375,16379,16375,1,-1
2021-10-05 15:00:21.657,16375,16379,16375,4,-4
2021-10-05 15:00:22.240,16377,16378,16377,1,1
2021-10-05 15:00:22.240,16377,16378,16377,1,-1
2021-10-05 15:00:22.980,16374,16377,16375,3,-3
2021-10-05 15:00:22.980,16374,16377,16374,1,-1
2021-10-05 15:00:23.250,16374,16376,16376,1,1
2021-10-05 15:00:23.269,16374,16376,16374,1,-1
2021-10-05 15:00:23.287,16374,16376,16376,5,5
2021-10-05 15:00:23.864,16376,16377,16377,2,2
2021-10-05 15:00:24.745,16376,16377,16376,1,-1
2021-10-05 15:00:24.745,16376,16377,16375,3,-3
2021-10-05 15:00:25.062,16375,16376,16376,1,1
2021-10-05 15:00:25.172,16375,16376,16375,1,-1
2021-10-05 15:00:25.435,16375,16377,16375,1,-1
2021-10-05 15:00:25.435,16375,16377,16374,1,-1
2021-10-05 15:00:25.654,16374,16376,16376,1,1
2021-10-05 15:00:25.869,16374,16377,16377,1,1
2021-10-05 15:00:25.877,16374,16377,16376,1,-1
2021-10-05 15:00:25.932,16374,16377,16378,1,1
2021-10-05 15:00:25.932,16374,16377,16378,10,10
2021-10-05 15:00:26.070,16377,16380,16378,2,-2
2021-10-05 15:00:27.373,16378,16379,16378,1,-1
2021-10-05 15:00:27.722,16378,16379,16379,1,1
2021-10-05 15:00:27.979,16378,16379,16379,1,1
2021-10-05 15:00:29.072,16378,16379,16379,1,1
2021-10-05 15:00:29.514,16379,16380,16378,4,-4
2021-10-05 15:00:29.674,16378,16380,16378,1,-1
2021-10-05 15:00:29.992,16377,16379,16379,1,1
2021-10-05 15:00:30.556,16378,16379,16379,1,1
2021-10-05 15:00:31.310,16378,16380,16379,1,-1
2021-10-05 15:00:31.489,16378,16380,16378,1,-1
2021-10-05 15:00:31.602,16378,16380,16380,1,1
2021-10-05 15:00:31.645,16378,16380,16378,1,-1
2021-10-05 15:00:31.835,16378,16380,16378,1,-1
2021-10-05 15:00:31.975,16378,16380,16378,1,-1
2021-10-05 15:00:32.198,16378,16380,16380,5,5
2021-10-05 15:00:32.295,16378,16380,16380,1,1
2021-10-05 15:00:32.352,16380,16381,16380,1,-1
2021-10-05 15:00:32.382,16380,16381,16380,1,-1
2021-10-05 15:00:32.521,16380,16381,16380,1,-1
2021-10-05 15:00:33.157,16380,16381,16380,1,-1
2021-10-05 15:00:33.157,16380,16381,16381,3,3
2021-10-05 15:00:33.277,16380,16383,16383,1,1
2021-10-05 15:00:33.288,16380,16383,16381,1,-1
2021-10-05 15:00:33.487,16381,16383,16383,1,1
2021-10-05 15:00:33.488,16381,16383,16383,3,3
2021-10-05 15:00:33.604,16382,16384,16382,1,-1
2021-10-05 15:00:33.960,16382,16384,16382,2,-2
2021-10-05 15:00:33.960,16382,16384,16381,1,-1
2021-10-05 15:00:34.139,16381,16383,16382,1,1
2021-10-05 15:00:34.517,16381,16383,16381,1,-1
2021-10-05 15:00:34.518,16381,16383,16383,1,1
2021-10-05 15:00:35.209,16380,16383,16382,1,-1
2021-10-05 15:00:35.645,16380,16383,16381,1,-1
2021-10-05 15:00:35.646,16380,16383,16382,1,1
2021-10-05 15:00:36.382,16379,16381,16381,3,3
2021-10-05 15:00:36.382,16379,16381,16382,2,2
2021-10-05 15:00:36.383,16379,16381,16382,2,2
2021-10-05 15:00:36.522,16381,16383,16382,1,-1
2021-10-05 15:00:37.066,16382,16383,16383,1,1
2021-10-05 15:00:37.409,16382,16383,16382,1,-1
2021-10-05 15:00:38.013,16382,16383,16383,1,1
2021-10-05 15:00:38.016,16382,16383,16384,3,3
2021-10-05 15:00:38.162,16384,16385,16384,1,-1
2021-10-05 15:00:38.772,16384,16385,16385,3,3
2021-10-05 15:00:38.773,16384,16385,16386,4,4
2021-10-05 15:00:38.861,16385,16387,16385,1,-1
2021-10-05 15:00:39.987,16385,16387,16385,2,-2
2021-10-05 15:00:39.987,16385,16387,16384,13,-13
2021-10-05 15:00:40.346,16384,16386,16386,6,6
2021-10-05 15:00:40.347,16384,16386,16387,1,1
2021-10-05 15:00:40.462,16386,16387,16386,1,-1
2021-10-05 15:00:40.718,16386,16387,16387,1,1
2021-10-05 15:00:40.718,16386,16387,16387,1,1
2021-10-05 15:00:40.850,16387,16388,16387,1,-1
2021-10-05 15:00:40.937,16386,16388,16386,1,-1
2021-10-05 15:00:42.278,16385,16386,16386,2,2
2021-10-05 15:00:42.278,16385,16386,16387,1,1
2021-10-05 15:00:42.308,16385,16386,16387,4,4
2021-10-05 15:00:42.868,16386,16388,16386,1,-1
2021-10-05 15:00:43.144,16386,16388,16388,2,2
2021-10-05 15:00:43.812,16386,16388,16387,1,-1
2021-10-05 15:00:44.451,16386,16388,16388,21,21
2021-10-05 15:00:45.070,16387,16389,16387,1,-1
2021-10-05 15:00:45.947,16388,16389,16389,1,1
2021-10-05 15:00:46.015,16388,16389,16390,1,1
2021-10-05 15:00:46.015,16388,16389,16390,6,6
2021-10-05 15:00:46.015,16388,16389,16390,1,1
2021-10-05 15:00:46.146,16390,16391,16391,1,1
2021-10-05 15:00:46.146,16390,16391,16392,2,2
2021-10-05 15:00:46.259,16390,16392,16390,1,-1
2021-10-05 15:00:46.271,16390,16392,16392,1,1
2021-10-05 15:00:46.324,16390,16392,16391,1,-1
2021-10-05 15:00:46.324,16390,16392,16391,4,-4
2021-10-05 15:00:46.382,16390,16392,16391,3,-3
2021-10-05 15:00:46.459,16389,16391,16391,1,1
2021-10-05 15:00:46.553,16389,16391,16391,1,1
2021-10-05 15:00:46.634,16391,16392,16391,1,-1
2021-10-05 15:00:46.665,16391,16392,16389,1,-1
2021-10-05 15:00:47.044,16389,16392,16392,1,1
2021-10-05 15:00:47.353,16390,16392,16392,1,1
2021-10-05 15:00:47.576,16392,16393,16393,1,1
2021-10-05 15:00:48.402,16391,16392,16391,1,-1
2021-10-05 15:00:48.402,16391,16392,16392,5,5
2021-10-05 15:00:48.736,16390,16393,16390,1,-1
2021-10-05 15:00:48.760,16390,16393,16390,1,-1
2021-10-05 15:00:49.287,16390,16392,16393,1,1
2021-10-05 15:00:49.728,16391,16393,16391,1,-1
2021-10-05 15:00:49.819,16391,16393,16393,2,2
2021-10-05 15:00:49.962,16391,16393,16391,1,-1
2021-10-05 15:00:49.962,16391,16393,16390,4,-4
2021-10-05 15:00:49.962,16391,16393,16389,1,-1
2021-10-05 15:00:50.020,16391,16393,16391,4,4
2021-10-05 15:00:50.020,16391,16393,16391,1,-1
2021-10-05 15:00:50.020,16391,16393,16391,1,-1
2021-10-05 15:00:50.677,16389,16392,16392,1,1
2021-10-05 15:00:51.751,16391,16392,16391,1,-1
2021-10-05 15:00:51.751,16391,16392,16391,1,-1
2021-10-05 15:00:51.763,16391,16392,16392,9,9
2021-10-05 15:00:52.334,16391,16393,16391,1,-1
2021-10-05 15:00:53.232,16392,16393,16392,1,1
2021-10-05 15:00:53.726,16391,16392,16392,1,1
2021-10-05 15:00:53.887,16391,16393,16392,1,-1
2021-10-05 15:00:54.044,16391,16393,16392,1,-1
2021-10-05 15:00:54.334,16391,16393,16393,1,1
2021-10-05 15:00:54.397,16391,16393,16393,1,1
2021-10-05 15:00:54.448,16391,16393,16393,1,1
2021-10-05 15:00:54.764,16391,16392,16392,1,1
2021-10-05 15:00:55.203,16391,16393,16393,1,1
2021-10-05 15:00:55.606,16391,16392,16392,2,2
2021-10-05 15:00:55.632,16391,16392,16393,1,1
2021-10-05 15:00:56.213,16391,16392,16392,1,1
2021-10-05 15:00:56.355,16391,16392,16392,1,1
2021-10-05 15:00:57.822,16392,16393,16393,1,1
2021-10-05 15:00:58.002,16392,16393,16393,2,2
2021-10-05 15:00:58.103,16392,16393,16392,1,-1
2021-10-05 15:00:58.213,16392,16393,16393,4,4
2021-10-05 15:00:59.072,16393,16394,16393,1,-1
2021-10-05 15:00:59.243,16393,16394,16394,1,1
2021-10-05 15:00:59.313,16393,16394,16394,1,1
2021-10-05 15:00:59.314,16393,16394,16394,6,6
2021-10-05 15:00:59.314,16393,16394,16394,1,1
2021-10-05 15:00:59.314,16393,16394,16394,1,1
2021-10-05 15:00:59.314,16393,16394,16394,1,1
2021-10-05 15:00:59.314,16393,16394,16394,1,1
2021-10-05 15:00:59.356,16393,16394,16393,1,-1
2021-10-05 15:00:59.728,16393,16394,16394,1,1
2021-10-05 15:00:59.788,16393,16394,16394,1,1
2021-10-05 15:01:00.090,16393,16394,16393,1,-1
2021-10-05 15:01:00.101,16393,16394,16393,1,-1
2021-10-05 15:01:00.407,16393,16394,16394,1,1
2021-10-05 15:01:00.444,16393,16394,16393,5,-5
2021-10-05 15:01:00.539,16393,16394,16394,1,1
2021-10-05 15:01:01.392,16391,16394,16394,4,4
2021-10-05 15:01:01.440,16393,16394,16393,1,-1
2021-10-05 15:01:01.939,16393,16394,16393,1,-1
2021-10-05 15:01:01.943,16393,16394,16394,1,1
2021-10-05 15:01:01.943,16393,16394,16395,1,1
2021-10-05 15:01:02.152,16393,16394,16394,1,1
2021-10-05 15:01:02.164,16393,16394,16394,1,1
2021-10-05 15:01:02.375,16393,16395,16395,1,1
2021-10-05 15:01:02.605,16393,16394,16394,1,1
2021-10-05 15:01:03.124,16393,16394,16393,1,-1
2021-10-05 15:01:03.124,16393,16394,16392,1,-1
2021-10-05 15:01:03.556,16392,16394,16394,1,1
2021-10-05 15:01:03.854,16393,16394,16393,4,-4
2021-10-05 15:01:05.163,16393,16394,16394,1,1
2021-10-05 15:01:05.329,16393,16394,16394,1,1
2021-10-05 15:01:05.758,16393,16394,16394,1,1
2021-10-05 15:01:05.938,16393,16394,16393,4,-4
2021-10-05 15:01:05.938,16393,16394,16393,2,-2
2021-10-05 15:01:05.938,16393,16394,16393,1,-1
2021-10-05 15:01:05.938,16393,16394,16393,1,-1
2021-10-05 15:01:05.939,16393,16394,16393,1,-1
2021-10-05 15:01:05.939,16393,16394,16393,1,-1
2021-10-05 15:01:05.939,16393,16394,16393,1,-1
2021-10-05 15:01:08.573,16392,16393,16393,1,1
2021-10-05 15:01:12.491,16392,16393,16393,1,1
2021-10-05 15:01:12.556,16392,16393,16392,1,-1
2021-10-05 15:01:12.557,16392,16393,16392,1,-1
2021-10-05 15:01:13.390,16391,16392,16392,1,1
2021-10-05 15:01:13.434,16391,16392,16392,1,1
2021-10-05 15:01:16.784,16391,16392,16392,1,1
2021-10-05 15:01:18.594,16391,16392,16391,2,-2
2021-10-05 15:01:18.594,16391,16392,16391,1,-1
2021-10-05 15:01:18.690,16390,16392,16390,1,-1
2021-10-05 15:01:18.690,16390,16392,16390,1,-1
2021-10-05 15:01:18.806,16390,16392,16390,1,-1
2021-10-05 15:01:18.806,16390,16392,16389,4,-4
2021-10-05 15:01:18.961,16389,16390,16389,2,-2
2021-10-05 15:01:19.024,16389,16390,16389,2,-2
2021-10-05 15:01:19.024,16389,16390,16389,1,-1
2021-10-05 15:01:19.949,16388,16389,16388,1,-1
2021-10-05 15:01:19.950,16388,16389,16388,2,-2
2021-10-05 15:01:19.950,16388,16389,16388,1,-1
2021-10-05 15:01:19.951,16388,16389,16388,1,-1
2021-10-05 15:01:20.154,16387,16389,16387,2,-2
2021-10-05 15:01:21.013,16386,16387,16386,2,-2
2021-10-05 15:01:21.013,16386,16387,16385,2,-2
2021-10-05 15:01:21.367,16384,16386,16386,1,1
2021-10-05 15:01:21.448,16384,16386,16386,1,1
2021-10-05 15:01:21.629,16384,16386,16386,1,1
2021-10-05 15:01:22.277,16385,16386,16385,1,-1
2021-10-05 15:01:23.416,16385,16386,16385,2,-2
2021-10-05 15:01:24.925,16385,16386,16386,2,2
2021-10-05 15:01:25.083,16385,16386,16385,1,-1
2021-10-05 15:01:25.935,16384,16385,16384,1,-1
2021-10-05 15:01:26.440,16383,16384,16383,1,-1
2021-10-05 15:01:27.267,16382,16383,16382,1,-1
2021-10-05 15:01:28.220,16381,16382,16382,1,1
2021-10-05 15:01:28.428,16381,16383,16383,1,1
2021-10-05 15:01:28.655,16381,16383,16381,5,-5
2021-10-05 15:01:28.901,16380,16382,16382,2,2
2021-10-05 15:01:28.901,16380,16382,16383,3,3
2021-10-05 15:01:29.113,16381,16383,16383,1,1
2021-10-05 15:01:29.129,16381,16383,16381,1,-1
2021-10-05 15:01:29.339,16381,16383,16381,3,-3
2021-10-05 15:01:29.339,16381,16383,16380,2,-2
2021-10-05 15:01:29.571,16380,16383,16380,2,-2
2021-10-05 15:01:30.660,16380,16382,16382,1,1
2021-10-05 15:01:31.801,16380,16382,16382,1,1
2021-10-05 15:01:33.302,16380,16382,16382,2,2
2021-10-05 15:01:33.434,16380,16382,16382,1,1
2021-10-05 15:01:35.445,16382,16383,16382,1,-1
2021-10-05 15:01:36.105,16381,16382,16381,1,-1
2021-10-05 15:01:36.105,16381,16382,16380,2,-2
2021-10-05 15:01:39.237,16380,16382,16380,2,-2
2021-10-05 15:01:39.371,16380,16382,16382,1,1
2021-10-05 15:01:42.103,16380,16381,16380,1,-1
2021-10-05 15:01:42.204,16380,16381,16380,1,-1
2021-10-05 15:01:43.094,16380,16381,16380,1,-1
2021-10-05 15:01:43.740,16380,16381,16380,16,-16
2021-10-05 15:01:43.964,16379,16380,16380,1,1
2021-10-05 15:01:45.006,16379,16380,16379,1,-1
2021-10-05 15:01:45.007,16379,16380,16379,1,-1
2021-10-05 15:01:45.007,16379,16380,16379,3,-3
2021-10-05 15:01:45.007,16379,16380,16379,1,-1
2021-10-05 15:01:45.128,16378,16379,16379,1,1
2021-10-05 15:01:45.155,16378,16379,16378,2,-2
2021-10-05 15:01:45.155,16378,16379,16378,3,-3
2021-10-05 15:01:45.207,16378,16379,16378,1,-1
2021-10-05 15:01:45.292,16378,16379,16377,1,-1
2021-10-05 15:01:45.330,16377,16378,16377,2,-2
2021-10-05 15:01:45.676,16376,16378,16378,1,1
2021-10-05 15:01:46.121,16376,16377,16376,2,-2
2021-10-05 15:01:46.121,16376,16377,16375,3,-3
2021-10-05 15:01:46.465,16375,16376,16375,2,-2
2021-10-05 15:01:46.978,16375,16377,16375,1,-1
2021-10-05 15:01:47.133,16374,16375,16375,1,1
2021-10-05 15:01:47.156,16374,16375,16374,2,-2
2021-10-05 15:01:47.747,16374,16375,16374,1,-1
2021-10-05 15:01:47.747,16374,16375,16374,3,-3
2021-10-05 15:01:48.045,16373,16375,16375,1,1
2021-10-05 15:01:48.434,16374,16375,16375,1,1
2021-10-05 15:01:48.435,16374,16375,16375,2,2
2021-10-05 15:01:49.531,16376,16377,16376,1,1
2021-10-05 15:01:50.094,16375,16377,16377,1,1
2021-10-05 15:01:51.206,16375,16376,16376,2,2
2021-10-05 15:01:52.238,16375,16376,16376,1,1
2021-10-05 15:01:52.238,16375,16376,16377,4,4
2021-10-05 15:01:54.948,16375,16376,16376,1,1
2021-10-05 15:01:55.264,16375,16376,16376,1,1
2021-10-05 15:01:57.836,16375,16376,16375,1,-1
2021-10-05 15:01:58.027,16375,16376,16376,2,2
2021-10-05 15:01:58.027,16375,16376,16377,7,7
2021-10-05 15:01:59.024,16376,16377,16376,1,-1
2021-10-05 15:01:59.374,16376,16377,16377,1,1
2021-10-05 15:01:59.374,16376,16377,16377,4,4
2021-10-05 15:01:59.375,16376,16377,16377,7,7
2021-10-05 15:01:59.718,16377,16378,16377,1,-1
2021-10-05 15:02:00.250,16377,16378,16378,1,1
2021-10-05 15:02:01.323,16378,16379,16379,3,3
2021-10-05 15:02:01.439,16378,16380,16378,1,-1
2021-10-05 15:02:01.439,16378,16380,16378,1,-1
2021-10-05 15:02:01.439,16378,16380,16378,1,-1
2021-10-05 15:02:01.440,16378,16380,16377,1,-1
2021-10-05 15:02:01.440,16378,16380,16377,1,-1
2021-10-05 15:02:02.240,16377,16379,16377,1,-1
2021-10-05 15:02:05.733,16377,16378,16377,1,-1
2021-10-05 15:02:05.840,16376,16377,16377,1,1
2021-10-05 15:02:05.923,16376,16377,16376,2,-2
2021-10-05 15:02:06.316,16375,16377,16375,1,-1
2021-10-05 15:02:06.318,16375,16377,16375,13,-13
2021-10-05 15:02:07.632,16374,16376,16374,3,-3
2021-10-05 15:02:07.689,16374,16375,16374,1,-1
2021-10-05 15:02:07.689,16374,16375,16374,1,-1
2021-10-05 15:02:07.689,16374,16375,16374,1,-1
2021-10-05 15:02:07.690,16374,16375,16373,1,-1
2021-10-05 15:02:07.690,16374,16375,16373,1,-1
2021-10-05 15:02:07.690,16374,16375,16373,1,-1
2021-10-05 15:02:07.690,16374,16375,16373,1,-1
2021-10-05 15:02:07.691,16374,16375,16373,1,-1
2021-10-05 15:02:07.691,16374,16375,16373,1,-1
2021-10-05 15:02:07.691,16374,16375,16373,1,-1
2021-10-05 15:02:07.692,16374,16375,16373,1,-1
2021-10-05 15:02:08.143,16372,16374,16372,1,-1
2021-10-05 15:02:08.184,16372,16374,16372,3,-3
2021-10-05 15:02:08.185,16372,16374,16372,1,-1
2021-10-05 15:02:08.233,16371,16373,16372,1,-1
2021-10-05 15:02:09.569,16371,16372,16371,1,-1
2021-10-05 15:02:09.570,16371,16372,16371,14,-14
2021-10-05 15:02:09.596,16371,16372,16370,2,-2
2021-10-05 15:02:09.596,16371,16372,16370,1,-1
2021-10-05 15:02:09.596,16371,16372,16370,19,-19
2021-10-05 15:02:10.088,16368,16370,16368,1,-1
2021-10-05 15:02:10.673,16368,16369,16368,1,-1
2021-10-05 15:02:10.673,16368,16369,16368,2,-2
2021-10-05 15:02:10.674,16368,16369,16369,1,1
2021-10-05 15:02:10.871,16368,16370,16368,1,-1
2021-10-05 15:02:10.879,16368,16370,16368,1,-1
2021-10-05 15:02:10.879,16368,16370,16367,1,-1
2021-10-05 15:02:10.895,16368,16370,16370,1,1
2021-10-05 15:02:11.054,16368,16370,16368,1,-1
2021-10-05 15:02:11.355,16368,16370,16368,2,-2
2021-10-05 15:02:11.356,16368,16370,16367,1,-1
2021-10-05 15:02:11.655,16368,16370,16370,3,3
2021-10-05 15:02:11.655,16368,16370,16371,2,2
2021-10-05 15:02:11.674,16368,16370,16369,1,-1
2021-10-05 15:02:11.930,16369,16371,16369,1,-1
2021-10-05 15:02:12.140,16369,16371,16368,1,-1
2021-10-05 15:02:12.507,16367,16369,16369,1,1
2021-10-05 15:02:12.683,16367,16370,16367,1,-1
2021-10-05 15:02:12.816,16367,16370,16370,6,6
2021-10-05 15:02:12.896,16367,16370,16367,1,-1
2021-10-05 15:02:13.104,16367,16370,16367,1,-1
2021-10-05 15:02:13.225,16367,16370,16369,1,1
2021-10-05 15:02:13.577,16367,16370,16367,1,-1
2021-10-05 15:02:13.663,16367,16370,16367,1,-1
2021-10-05 15:02:13.665,16367,16370,16367,2,-2
2021-10-05 15:02:13.810,16366,16368,16366,1,-1
2021-10-05 15:02:13.860,16366,16368,16366,1,-1
2021-10-05 15:02:14.026,16366,16368,16366,1,-1
2021-10-05 15:02:14.043,16366,16368,16368,4,4
2021-10-05 15:02:14.192,16366,16368,16366,1,-1
2021-10-05 15:02:14.193,16366,16368,16366,12,-12
2021-10-05 15:02:14.301,16366,16368,16365,2,-2
2021-10-05 15:02:14.907,16365,16366,16365,1,-1
2021-10-05 15:02:14.907,16365,16366,16365,1,-1
2021-10-05 15:02:14.991,16365,16366,16365,3,-3
2021-10-05 15:02:14.991,16365,16366,16365,1,-1
2021-10-05 15:02:15.433,16365,16366,16365,1,-1
2021-10-05 15:02:15.433,16365,16366,16365,1,-1
2021-10-05 15:02:15.595,16365,16366,16365,1,-1
2021-10-05 15:02:15.595,16365,16366,16364,1,-1
2021-10-05 15:02:15.709,16364,16366,16364,5,-5
2021-10-05 15:02:15.709,16364,16366,16363,4,-4
2021-10-05 15:02:15.709,16364,16366,16362,12,-12
2021-10-05 15:02:15.709,16364,16366,16361,12,-12
2021-10-05 15:02:15.709,16364,16366,16360,17,-17
2021-10-05 15:02:15.712,16364,16366,16361,2,2
2021-10-05 15:02:15.712,16364,16366,16360,1,-1
2021-10-05 15:02:15.713,16364,16366,16360,1,-1
2021-10-05 15:02:15.713,16364,16366,16359,2,-2
2021-10-05 15:02:15.714,16364,16366,16358,2,-2
2021-10-05 15:02:15.715,16364,16366,16357,5,-5
2021-10-05 15:02:15.729,16364,16366,16358,1,1
2021-10-05 15:02:15.730,16364,16366,16357,1,-1
2021-10-05 15:02:15.744,16364,16366,16357,1,-1
2021-10-05 15:02:15.772,16364,16366,16356,4,-4
2021-10-05 15:02:15.772,16364,16366,16355,7,-7
2021-10-05 15:02:15.772,16364,16366,16354,2,-2
2021-10-05 15:02:15.773,16364,16366,16354,37,-37
2021-10-05 15:02:15.795,16364,16366,16355,1,1
2021-10-05 15:02:15.823,16355,16357,16357,2,2
2021-10-05 15:02:15.841,16355,16357,16358,2,2
2021-10-05 15:02:15.852,16355,16357,16357,1,1
2021-10-05 15:02:15.871,16355,16357,16359,2,2
2021-10-05 15:02:15.871,16355,16357,16359,1,1
2021-10-05 15:02:15.873,16355,16357,16359,1,1
2021-10-05 15:02:15.901,16355,16357,16358,2,2
2021-10-05 15:02:15.938,16358,16360,16360,1,1
2021-10-05 15:02:15.938,16358,16360,16361,8,8
2021-10-05 15:02:15.939,16358,16360,16361,1,1
2021-10-05 15:02:15.979,16358,16360,16359,1,-1
2021-10-05 15:02:15.992,16358,16360,16360,2,2
2021-10-05 15:02:15.992,16358,16360,16361,5,5
2021-10-05 15:02:15.992,16358,16360,16362,12,12
2021-10-05 15:02:15.993,16358,16360,16362,21,21
2021-10-05 15:02:16.052,16358,16360,16360,1,1
2021-10-05 15:02:16.054,16358,16360,16360,1,1
2021-10-05 15:02:16.056,16358,16360,16360,1,1
2021-10-05 15:02:16.432,16362,16364,16362,3,3
2021-10-05 15:02:17.142,16362,16363,16362,1,-1
2021-10-05 15:02:17.189,16362,16363,16362,1,-1
2021-10-05 15:02:17.189,16362,16363,16362,1,-1
2021-10-05 15:02:17.189,16362,16363,16362,1,-1
2021-10-05 15:02:17.189,16362,16363,16361,1,-1
2021-10-05 15:02:17.189,16362,16363,16361,1,-1
2021-10-05 15:02:17.189,16362,16363,16362,1,1
2021-10-05 15:02:17.190,16362,16363,16361,1,-1
2021-10-05 15:02:17.190,16362,16363,16361,1,-1
2021-10-05 15:02:17.190,16362,16363,16361,1,-1
2021-10-05 15:02:17.191,16362,16363,16361,1,-1
2021-10-05 15:02:17.191,16362,16363,16360,1,-1
2021-10-05 15:02:17.191,16362,16363,16360,1,-1
2021-10-05 15:02:17.191,16362,16363,16361,1,1
2021-10-05 15:02:17.191,16362,16363,16360,1,-1
2021-10-05 15:02:17.194,16362,16363,16361,1,1
2021-10-05 15:02:17.526,16361,16362,16361,1,-1
2021-10-05 15:02:18.216,16361,16363,16363,1,1
2021-10-05 15:02:18.534,16361,16363,16361,2,-2
2021-10-05 15:02:18.538,16361,16363,16363,1,1
2021-10-05 15:02:18.582,16361,16364,16361,1,-1
2021-10-05 15:02:18.712,16363,16365,16363,2,2
2021-10-05 15:02:18.712,16363,16365,16362,1,-1
2021-10-05 15:02:19.272,16363,16365,16363,4,4
2021-10-05 15:02:19.272,16363,16365,16362,4,-4
2021-10-05 15:02:19.565,16363,16365,16363,1,1
2021-10-05 15:02:19.658,16363,16365,16365,1,1
2021-10-05 15:02:19.711,16363,16365,16363,1,-1
2021-10-05 15:02:19.729,16363,16365,16365,1,1
2021-10-05 15:02:20.204,16363,16365,16365,1,1
2021-10-05 15:02:20.922,16363,16365,16363,1,-1
2021-10-05 15:02:20.933,16363,16365,16363,1,-1
2021-10-05 15:02:21.642,16363,16365,16363,1,-1
2021-10-05 15:02:21.643,16363,16365,16363,1,-1
2021-10-05 15:02:21.643,16363,16365,16363,1,-1
2021-10-05 15:02:21.781,16362,16364,16364,2,2
2021-10-05 15:02:21.781,16362,16364,16365,5,5
2021-10-05 15:02:22.685,16364,16366,16366,1,1
2021-10-05 15:02:22.815,16364,16366,16365,1,-1
2021-10-05 15:02:23.555,16364,16366,16365,1,-1
2021-10-05 15:02:26.110,16366,16367,16367,1,1
2021-10-05 15:02:26.857,16367,16368,16367,1,-1
2021-10-05 15:02:27.111,16366,16368,16366,1,-1
2021-10-05 15:02:27.189,16366,16368,16366,1,-1
2021-10-05 15:02:27.189,16366,16368,16366,1,-1
2021-10-05 15:02:27.190,16366,16368,16366,1,-1
2021-10-05 15:02:27.190,16366,16368,16366,2,-2
2021-10-05 15:02:27.562,16365,16367,16365,2,-2
2021-10-05 15:02:27.795,16365,16367,16365,1,-1
2021-10-05 15:02:28.116,16365,16367,16365,2,-2
2021-10-05 15:02:28.117,16365,16367,16365,2,-2
2021-10-05 15:02:28.455,16365,16367,16365,1,-1
2021-10-05 15:02:29.101,16364,16366,16366,1,1
2021-10-05 15:02:29.115,16364,16366,16366,1,1
2021-10-05 15:02:29.218,16364,16366,16366,1,1
2021-10-05 15:02:29.268,16364,16366,16366,1,1
2021-10-05 15:02:29.324,16364,16367,16365,2,-2
2021-10-05 15:02:29.775,16366,16368,16368,2,2
2021-10-05 15:02:29.775,16366,16368,16369,3,3
2021-10-05 15:02:30.412,16368,16370,16369,2,-2
2021-10-05 15:02:30.437,16369,16370,16370,2,2
2021-10-05 15:02:30.440,16369,16370,16369,2,-2
2021-10-05 15:02:30.462,16369,16370,16369,2,-2
2021-10-05 15:02:31.568,16370,16371,16370,1,1
2021-10-05 15:02:31.568,16370,16371,16369,3,-3
2021-10-05 15:02:31.605,16370,16371,16368,1,-1
2021-10-05 15:02:31.766,16368,16371,16370,1,1
2021-10-05 15:02:32.165,16369,16371,16369,2,-2
2021-10-05 15:02:32.417,16369,16371,16371,2,2
2021-10-05 15:02:32.418,16369,16371,16372,4,4
2021-10-05 15:02:32.478,16372,16373,16372,1,-1
2021-10-05 15:02:33.622,16372,16373,16372,1,-1
2021-10-05 15:02:33.622,16372,16373,16372,3,-3
2021-10-05 15:02:34.912,16372,16373,16373,1,1
2021-10-05 15:02:35.356,16373,16374,16374,1,1
2021-10-05 15:02:35.669,16373,16374,16373,1,-1
2021-10-05 15:02:35.751,16373,16374,16373,1,-1
2021-10-05 15:02:36.189,16372,16373,16372,1,-1
2021-10-05 15:02:36.259,16372,16373,16372,1,-1
2021-10-05 15:02:36.281,16372,16373,16370,2,-2
2021-10-05 15:02:36.281,16372,16373,16370,1,-1
2021-10-05 15:02:36.783,16371,16373,16371,1,1
2021-10-05 15:02:36.783,16371,16373,16370,3,-3
2021-10-05 15:02:37.067,16370,16372,16372,6,6
2021-10-05 15:02:37.190,16373,16374,16373,1,1
2021-10-05 15:02:37.190,16373,16374,16372,1,-1
2021-10-05 15:02:37.194,16373,16374,16373,1,1
2021-10-05 15:02:37.312,16371,16373,16373,2,2
2021-10-05 15:02:38.384,16372,16373,16373,3,3
2021-10-05 15:02:38.444,16372,16374,16373,2,-2
2021-10-05 15:02:39.135,16373,16374,16374,1,1
2021-10-05 15:02:39.135,16373,16374,16374,1,1
2021-10-05 15:02:39.163,16373,16374,16375,5,5
2021-10-05 15:02:39.297,16375,16376,16376,3,3
2021-10-05 15:02:39.638,16376,16377,16376,1,-1
2021-10-05 15:02:39.823,16376,16377,16376,1,-1
2021-10-05 15:02:40.060,16376,16377,16376,1,-1
2021-10-05 15:02:40.185,16376,16377,16377,5,5
2021-10-05 15:02:41.037,16378,16379,16378,1,1
2021-10-05 15:02:41.334,16378,16379,16378,1,-1
2021-10-05 15:02:41.638,16378,16379,16378,1,-1
2021-10-05 15:02:41.834,16378,16379,16378,1,-1
2021-10-05 15:02:41.848,16378,16379,16378,1,-1
2021-10-05 15:02:42.521,16378,16379,16379,3,3
2021-10-05 15:02:42.521,16378,16379,16380,1,1
2021-10-05 15:02:43.130,16377,16379,16377,1,-1
2021-10-05 15:02:43.218,16377,16379,16377,1,-1
2021-10-05 15:02:43.251,16377,16379,16377,3,-3
2021-10-05 15:02:44.494,16376,16377,16377,1,1
2021-10-05 15:02:46.055,16376,16377,16377,8,8
2021-10-05 15:02:46.065,16377,16378,16378,2,2
2021-10-05 15:02:46.189,16377,16379,16377,1,-1
2021-10-05 15:02:46.348,16377,16379,16379,1,1
2021-10-05 15:02:46.348,16377,16379,16379,1,1
2021-10-05 15:02:47.107,16379,16380,16379,1,-1
2021-10-05 15:02:47.189,16379,16380,16379,1,-1
2021-10-05 15:02:47.495,16379,16380,16380,8,8
2021-10-05 15:02:48.462,16380,16381,16381,5,5
2021-10-05 15:02:48.540,16380,16381,16382,4,4
2021-10-05 15:02:48.642,16382,16383,16383,1,1
2021-10-05 15:02:48.986,16381,16383,16381,4,-4
2021-10-05 15:02:48.987,16381,16383,16381,1,-1
2021-10-05 15:02:52.412,16381,16383,16384,5,5
2021-10-05 15:02:52.459,16383,16384,16384,1,1
2021-10-05 15:02:52.623,16384,16385,16385,3,3
2021-10-05 15:02:52.853,16383,16385,16383,1,-1
2021-10-05 15:02:53.024,16382,16384,16384,1,1
2021-10-05 15:02:53.176,16382,16384,16382,2,-2
2021-10-05 15:02:53.392,16382,16384,16384,1,1
2021-10-05 15:02:53.445,16382,16384,16384,1,1
2021-10-05 15:02:53.591,16382,16385,16385,1,1
2021-10-05 15:02:55.535,16383,16385,16385,2,2
2021-10-05 15:02:55.708,16383,16386,16386,1,1
2021-10-05 15:02:56.752,16383,16385,16383,1,-1
2021-10-05 15:02:56.752,16383,16385,16382,3,-3
2021-10-05 15:02:56.898,16382,16383,16383,1,1
2021-10-05 15:02:57.706,16382,16383,16383,2,2
2021-10-05 15:02:58.477,16382,16383,16383,1,1
2021-10-05 15:03:00.008,16382,16383,16383,1,1
2021-10-05 15:03:00.009,16382,16383,16383,3,3
2021-10-05 15:03:00.054,16382,16383,16384,1,1
2021-10-05 15:03:00.060,16382,16383,16384,1,1
2021-10-05 15:03:00.108,16382,16384,16384,1,1
2021-10-05 15:03:00.109,16382,16384,16385,1,1
2021-10-05 15:03:00.399,16383,16385,16385,3,3
2021-10-05 15:03:01.805,16382,16384,16384,3,3
2021-10-05 15:03:01.805,16382,16384,16384,7,7
2021-10-05 15:03:01.805,16382,16384,16384,1,1
2021-10-05 15:03:02.121,16384,16385,16385,2,2
2021-10-05 15:03:03.700,16382,16383,16383,1,1
2021-10-05 15:03:04.581,16382,16384,16384,3,3
2021-10-05 15:03:05.429,16382,16384,16384,2,2
2021-10-05 15:03:05.527,16382,16384,16382,1,-1
2021-10-05 15:03:07.478,16382,16383,16383,3,3
2021-10-05 15:03:08.634,16382,16383,16383,1,1
2021-10-05 15:03:08.923,16382,16383,16383,1,1
2021-10-05 15:03:09.098,16383,16384,16384,2,2
2021-10-05 15:03:10.138,16383,16385,16385,2,2
2021-10-05 15:03:10.138,16383,16385,16385,4,4
2021-10-05 15:03:10.570,16385,16386,16386,4,4
2021-10-05 15:03:11.546,16385,16387,16387,1,1
2021-10-05 15:03:11.762,16385,16387,16385,5,-5
2021-10-05 15:03:12.266,16385,16387,16387,1,1
2021-10-05 15:03:13.897,16384,16385,16385,2,2
2021-10-05 15:03:14.322,16384,16386,16384,1,-1
2021-10-05 15:03:15.480,16383,16385,16383,1,-1
2021-10-05 15:03:17.586,16384,16385,16385,4,4
2021-10-05 15:03:17.586,16384,16385,16385,3,3
2021-10-05 15:03:17.653,16384,16385,16386,1,1
2021-10-05 15:03:18.060,16386,16387,16387,1,1
2021-10-05 15:03:18.966,16386,16387,16386,1,-1
2021-10-05 15:03:21.285,16386,16387,16386,2,-2
2021-10-05 15:03:22.584,16384,16386,16386,2,2
2021-10-05 15:03:22.941,16384,16385,16384,1,-1
2021-10-05 15:03:25.088,16383,16385,16385,1,1
2021-10-05 15:03:25.609,16383,16385,16383,1,-1
2021-10-05 15:03:25.609,16383,16385,16383,5,-5
2021-10-05 15:03:25.897,16382,16383,16383,1,1
2021-10-05 15:03:26.668,16383,16384,16383,1,-1
2021-10-05 15:03:28.844,16382,16383,16383,1,1
2021-10-05 15:03:28.845,16382,16383,16383,2,2
2021-10-05 15:03:28.856,16382,16383,16383,1,1
2021-10-05 15:03:29.422,16383,16385,16385,1,1
2021-10-05 15:03:29.423,16383,16385,16385,5,5
2021-10-05 15:03:31.267,16385,16386,16386,1,1
2021-10-05 15:03:31.989,16385,16386,16385,2,-2
2021-10-05 15:03:32.664,16385,16386,16385,2,-2
2021-10-05 15:03:33.561,16385,16386,16386,1,1
2021-10-05 15:03:34.400,16386,16387,16386,3,-3
2021-10-05 15:03:35.057,16386,16387,16386,1,-1
2021-10-05 15:03:39.255,16386,16387,16386,1,-1
2021-10-05 15:03:39.314,16386,16387,16386,1,-1
2021-10-05 15:03:40.295,16386,16387,16386,2,-2
2021-10-05 15:03:41.355,16385,16386,16386,3,3
2021-10-05 15:03:43.108,16386,16387,16386,1,-1
2021-10-05 15:03:43.904,16386,16387,16386,1,-1
2021-10-05 15:03:44.310,16386,16387,16387,5,5
2021-10-05 15:03:46.220,16386,16387,16387,1,1
2021-10-05 15:03:47.837,16387,16388,16387,1,-1
2021-10-05 15:03:50.995,16387,16388,16388,3,3
2021-10-05 15:03:52.010,16387,16388,16387,3,-3
2021-10-05 15:03:52.223,16386,16387,16387,1,1
2021-10-05 15:03:54.995,16386,16387,16387,3,3
2021-10-05 15:03:55.406,16387,16388,16387,1,-1
2021-10-05 15:03:56.356,16386,16387,16387,1,1
2021-10-05 15:03:56.356,16386,16387,16388,5,5
2021-10-05 15:03:56.856,16386,16388,16386,1,-1
2021-10-05 15:03:58.756,16387,16388,16388,6,6
2021-10-05 15:03:58.903,16387,16389,16389,1,1
2021-10-05 15:03:58.904,16387,16389,16389,2,2
2021-10-05 15:03:59.011,16389,16390,16390,12,12
2021-10-05 15:03:59.011,16389,16390,16390,1,1
2021-10-05 15:03:59.011,16389,16390,16390,6,6
2021-10-05 15:03:59.012,16389,16390,16390,1,1
2021-10-05 15:03:59.012,16389,16390,16390,1,1
2021-10-05 15:03:59.012,16389,16390,16390,1,1
2021-10-05 15:03:59.510,16390,16391,16390,1,-1
2021-10-05 15:03:59.538,16390,16391,16390,1,-1
2021-10-05 15:03:59.538,16390,16391,16389,1,-1
2021-10-05 15:04:00.535,16388,16390,16390,1,1
2021-10-05 15:04:00.935,16388,16391,16391,2,2
2021-10-05 15:04:01.102,16388,16391,16388,1,-1
2021-10-05 15:04:02.398,16388,16391,16388,1,-1
2021-10-05 15:04:02.880,16388,16391,16388,1,-1
2021-10-05 15:04:03.505,16389,16391,16391,5,5
2021-10-05 15:04:04.485,16389,16390,16390,1,1
2021-10-05 15:04:04.586,16389,16391,16391,1,1
2021-10-05 15:04:06.026,16388,16391,16391,8,8
2021-10-05 15:04:09.048,16389,16390,16390,1,1
2021-10-05 15:04:09.048,16389,16390,16391,1,1
2021-10-05 15:04:10.898,16389,16391,16391,1,1
2021-10-05 15:04:12.310,16390,16391,16390,1,-1
2021-10-05 15:04:12.310,16390,16391,16390,2,-2
2021-10-05 15:04:12.420,16389,16390,16390,1,1
2021-10-05 15:04:12.621,16389,16391,16391,1,1
2021-10-05 15:04:12.668,16389,16391,16391,3,3
2021-10-05 15:04:17.887,16389,16390,16389,3,-3
2021-10-05 15:04:18.175,16388,16389,16389,1,1
2021-10-05 15:04:19.750,16388,16389,16389,1,1
2021-10-05 15:04:20.153,16388,16389,16389,2,2
2021-10-05 15:04:20.519,16388,16390,16390,1,1
2021-10-05 15:04:20.553,16388,16390,16390,3,3
2021-10-05 15:04:21.127,16389,16391,16391,5,5
2021-10-05 15:04:24.898,16391,16392,16391,1,-1
2021-10-05 15:04:25.323,16390,16392,16392,1,1
2021-10-05 15:04:25.677,16390,16392,16392,1,1
2021-10-05 15:04:30.989,16390,16391,16391,1,1
2021-10-05 15:04:33.251,16390,16391,16390,1,-1
2021-10-05 15:04:34.930,16390,16391,16390,1,-1
2021-10-05 15:04:36.296,16390,16391,16390,1,-1
2021-10-05 15:04:36.907,16390,16391,16390,1,-1
2021-10-05 15:04:39.409,16389,16390,16389,1,-1
2021-10-05 15:04:39.409,16389,16390,16389,1,-1
2021-10-05 15:04:40.500,16388,16389,16389,1,1
2021-10-05 15:04:42.425,16388,16389,16389,1,1
2021-10-05 15:04:42.715,16389,16390,16389,1,-1
2021-10-05 15:04:43.899,16388,16389,16388,2,-2
2021-10-05 15:04:43.923,16388,16389,16389,1,1
2021-10-05 15:04:44.507,16388,16389,16388,1,-1
2021-10-05 15:04:44.507,16388,16389,16388,2,-2
2021-10-05 15:04:44.730,16387,16388,16388,1,1
2021-10-05 15:04:44.976,16387,16388,16388,1,1
2021-10-05 15:04:45.888,16387,16388,16387,1,-1
2021-10-05 15:04:45.888,16387,16388,16387,1,-1
2021-10-05 15:04:46.657,16386,16387,16386,1,-1
2021-10-05 15:04:46.658,16386,16387,16386,1,-1
2021-10-05 15:04:46.658,16386,16387,16386,9,-9
2021-10-05 15:04:46.770,16385,16386,16385,1,-1
2021-10-05 15:04:47.519,16385,16386,16386,1,1
2021-10-05 15:04:48.020,16385,16386,16385,1,-1
2021-10-05 15:04:48.020,16385,16386,16385,2,-2
2021-10-05 15:04:49.498,16384,16385,16385,1,1
2021-10-05 15:04:50.764,16384,16386,16384,1,-1
2021-10-05 15:04:51.082,16384,16386,16384,1,-1
2021-10-05 15:04:51.705,16384,16386,16384,2,-2
2021-10-05 15:04:55.866,16384,16385,16384,1,-1
2021-10-05 15:04:56.797,16384,16385,16385,1,1
2021-10-05 15:04:57.247,16384,16385,16384,1,-1
2021-10-05 15:05:02.355,16383,16384,16383,1,-1
2021-10-05 15:05:02.355,16383,16384,16383,5,-5
2021-10-05 15:05:02.445,16382,16384,16382,1,-1
2021-10-05 15:05:02.660,16382,16383,16383,3,3
2021-10-05 15:05:02.795,16382,16383,16382,2,-2
2021-10-05 15:05:03.047,16382,16383,16382,1,-1
2021-10-05 15:05:03.172,16381,16383,16381,1,-1
2021-10-05 15:05:03.323,16381,16382,16382,2,2
2021-10-05 15:05:03.812,16381,16382,16381,2,-2
2021-10-05 15:05:03.876,16381,16382,16381,2,-2
2021-10-05 15:05:03.876,16381,16382,16380,3,-3
2021-10-05 15:05:04.093,16380,16382,16380,1,-1
2021-10-05 15:05:04.814,16379,16381,16379,2,-2
2021-10-05 15:05:05.013,16379,16381,16379,1,-1
2021-10-05 15:05:06.393,16380,16381,16380,1,1
2021-10-05 15:05:06.892,16380,16381,16381,2,2
2021-10-05 15:05:06.929,16380,16381,16381,1,1
2021-10-05 15:05:08.661,16380,16381,16380,2,-2
2021-10-05 15:05:11.560,16380,16382,16381,1,1
2021-10-05 15:05:12.515,16380,16382,16380,1,-1
2021-10-05 15:05:14.886,16381,16382,16382,1,1
2021-10-05 15:05:14.887,16381,16382,16382,1,1
2021-10-05 15:05:14.892,16381,16382,16381,3,-3
2021-10-05 15:05:15.313,16382,16383,16382,2,2
2021-10-05 15:05:15.378,16382,16383,16383,1,1
2021-10-05 15:05:15.378,16382,16383,16383,1,1
2021-10-05 15:05:21.371,16381,16383,16381,5,-5
2021-10-05 15:05:29.969,16381,16383,16381,1,-1
2021-10-05 15:05:30.905,16382,16383,16382,1,1
2021-10-05 15:05:35.108,16380,16381,16381,2,2
2021-10-05 15:05:36.468,16382,16383,16383,4,4
2021-10-05 15:05:36.468,16382,16383,16383,1,1
2021-10-05 15:05:36.468,16382,16383,16383,1,1
2021-10-05 15:05:42.323,16380,16381,16380,8,-8
2021-10-05 15:05:42.741,16378,16379,16379,1,1
2021-10-05 15:05:44.223,16378,16379,16379,1,1
2021-10-05 15:05:44.409,16378,16379,16378,1,-1
2021-10-05 15:05:44.410,16378,16379,16378,1,-1
2021-10-05 15:05:44.500,16377,16378,16377,1,-1
2021-10-05 15:05:45.880,16377,16379,16377,2,-2
2021-10-05 15:05:57.976,16378,16380,16380,1,1
2021-10-05 15:05:58.057,16378,16380,16380,1,1
2021-10-05 15:05:58.797,16379,16380,16380,1,1
2021-10-05 15:06:00.565,16381,16382,16381,1,1
2021-10-05 15:06:01.568,16381,16382,16381,3,-3
2021-10-05 15:06:01.593,16381,16382,16381,1,-1
2021-10-05 15:06:01.593,16381,16382,16381,1,-1
2021-10-05 15:06:01.618,16381,16382,16381,4,-4
2021-10-05 15:06:01.618,16381,16382,16380,6,-6
2021-10-05 15:06:01.618,16381,16382,16379,3,-3
2021-10-05 15:06:01.643,16381,16382,16380,2,2
2021-10-05 15:06:01.643,16381,16382,16380,1,-1
2021-10-05 15:06:01.643,16381,16382,16379,2,-2
2021-10-05 15:06:01.668,16381,16382,16380,3,3
2021-10-05 15:06:01.696,16379,16382,16379,3,-3
2021-10-05 15:06:01.696,16379,16382,16378,1,-1
2021-10-05 15:06:01.696,16379,16382,16378,1,-1
2021-10-05 15:06:01.719,16379,16382,16378,3,-3
2021-10-05 15:06:01.744,16379,16382,16379,3,3
2021-10-05 15:06:01.744,16379,16382,16379,1,-1
2021-10-05 15:06:01.769,16379,16382,16378,1,-1
2021-10-05 15:06:01.794,16379,16382,16378,1,-1
2021-10-05 15:06:01.794,16379,16382,16378,1,-1
2021-10-05 15:06:01.819,16378,16381,16378,1,-1
2021-10-05 15:06:01.844,16378,16381,16378,1,-1
2021-10-05 15:06:01.844,16378,16381,16378,1,-1
2021-10-05 15:06:03.174,16379,16382,16382,1,1
2021-10-05 15:06:03.279,16381,16383,16383,2,2
2021-10-05 15:06:05.590,16382,16384,16382,1,-1
2021-10-05 15:06:06.433,16383,16384,16383,1,1
2021-10-05 15:06:06.532,16383,16384,16384,1,1
2021-10-05 15:06:06.995,16383,16384,16383,1,-1
2021-10-05 15:06:07.687,16383,16384,16383,1,-1
2021-10-05 15:06:07.687,16383,16384,16382,3,-3
2021-10-05 15:06:07.687,16383,16384,16381,1,-1
2021-10-05 15:06:08.629,16381,16383,16383,1,1
2021-10-05 15:06:10.615,16381,16383,16381,1,-1
2021-10-05 15:06:10.615,16381,16383,16380,1,-1
2021-10-05 15:06:19.697,16381,16383,16383,1,1
2021-10-05 15:06:19.697,16381,16383,16383,6,6
2021-10-05 15:06:19.698,16381,16383,16383,5,5
2021-10-05 15:06:21.363,16383,16384,16384,1,1
2021-10-05 15:06:22.886,16383,16384,16384,1,1
2021-10-05 15:06:23.132,16383,16384,16384,1,1
2021-10-05 15:06:23.478,16383,16384,16384,1,1
2021-10-05 15:06:23.604,16383,16384,16383,2,-2
2021-10-05 15:06:23.986,16383,16384,16384,1,1
2021-10-05 15:06:24.191,16383,16384,16383,1,-1
2021-10-05 15:06:26.933,16382,16383,16383,3,3
2021-10-05 15:06:30.628,16382,16384,16384,1,1
2021-10-05 15:06:31.082,16383,16385,16383,3,-3
2021-10-05 15:06:31.082,16383,16385,16382,2,-2
2021-10-05 15:06:31.396,16382,16385,16384,1,1
2021-10-05 15:06:39.960,16384,16385,16385,2,2
2021-10-05 15:06:40.903,16384,16385,16384,1,-1
2021-10-05 15:06:40.903,16384,16385,16384,2,-2
2021-10-05 15:06:40.903,16384,16385,16384,1,-1
2021-10-05 15:06:41.410,16383,16384,16383,3,-3
2021-10-05 15:06:41.410,16383,16384,16383,1,-1
2021-10-05 15:06:41.720,16381,16383,16383,1,1
2021-10-05 15:06:45.581,16383,16384,16383,1,-1
2021-10-05 15:06:51.196,16381,16383,16382,1,-1
2021-10-05 15:06:52.062,16382,16383,16383,3,3
2021-10-05 15:06:52.062,16382,16383,16383,1,1
2021-10-05 15:06:59.751,16383,16384,16384,1,1
2021-10-05 15:07:02.400,16383,16384,16384,1,1
2021-10-05 15:07:02.688,16384,16385,16385,6,6
2021-10-05 15:07:02.688,16384,16385,16385,1,1
2021-10-05 15:07:02.689,16384,16385,16385,4,4
2021-10-05 15:07:02.689,16384,16385,16385,1,1
2021-10-05 15:07:02.689,16384,16385,16385,1,1
2021-10-05 15:07:02.689,16384,16385,16385,1,1
2021-10-05 15:07:02.689,16384,16385,16385,6,6
2021-10-05 15:07:02.689,16384,16385,16385,7,7
2021-10-05 15:07:02.831,16385,16386,16386,4,4
2021-10-05 15:07:02.981,16385,16387,16387,1,1
2021-10-05 15:07:05.706,16385,16387,16387,5,5
2021-10-05 15:07:06.401,16386,16388,16386,2,-2
2021-10-05 15:07:08.198,16387,16388,16387,1,1
2021-10-05 15:07:08.198,16387,16388,16387,2,-2
2021-10-05 15:07:13.633,16385,16386,16385,1,-1
2021-10-05 15:07:13.633,16385,16386,16385,1,-1
2021-10-05 15:07:14.724,16384,16385,16384,1,-1
2021-10-05 15:07:14.724,16384,16385,16384,1,-1
2021-10-05 15:07:17.387,16383,16384,16384,1,1
2021-10-05 15:07:20.604,16384,16385,16384,1,-1
2021-10-05 15:07:21.954,16383,16385,16385,1,1
2021-10-05 15:07:21.954,16383,16385,16385,1,1
2021-10-05 15:07:22.031,16383,16385,16386,2,2
2021-10-05 15:07:24.415,16386,16387,16387,1,1
2021-10-05 15:07:25.254,16386,16388,16387,1,-1
2021-10-05 15:07:25.694,16386,16387,16386,1,-1
2021-10-05 15:07:27.515,16384,16386,16386,1,1
2021-10-05 15:07:29.533,16384,16385,16385,1,1
2021-10-05 15:07:30.373,16384,16385,16384,2,-2
2021-10-05 15:07:37.314,16383,16384,16383,1,-1
2021-10-05 15:07:37.314,16383,16384,16383,1,-1
2021-10-05 15:07:38.687,16382,16383,16382,1,-1
2021-10-05 15:07:45.751,16382,16384,16384,1,1
2021-10-05 15:07:51.573,16383,16385,16383,1,-1
2021-10-05 15:07:55.937,16383,16384,16383,1,-1
2021-10-05 15:07:58.011,16382,16383,16382,1,-1
2021-10-05 15:08:02.899,16383,16384,16383,1,1
2021-10-05 15:08:05.899,16383,16384,16383,2,-2
2021-10-05 15:08:05.899,16383,16384,16382,3,-3
2021-10-05 15:08:06.515,16382,16383,16383,1,1
2021-10-05 15:08:09.110,16383,16384,16384,1,1
2021-10-05 15:08:09.241,16383,16384,16383,1,-1
2021-10-05 15:08:11.106,16382,16383,16382,5,-5
2021-10-05 15:08:11.303,16381,16382,16381,1,-1
2021-10-05 15:08:11.303,16381,16382,16381,3,-3
2021-10-05 15:08:11.303,16381,16382,16381,1,-1
2021-10-05 15:08:11.303,16381,16382,16381,1,-1
2021-10-05 15:08:11.984,16380,16381,16381,1,1
2021-10-05 15:08:12.419,16380,16381,16381,1,1
2021-10-05 15:08:12.721,16380,16381,16380,5,-5
2021-10-05 15:08:12.785,16380,16381,16379,1,-1
2021-10-05 15:08:14.625,16378,16380,16380,1,1
2021-10-05 15:08:15.728,16378,16379,16379,1,1
2021-10-05 15:08:17.506,16378,16380,16380,1,1
2021-10-05 15:08:28.641,16379,16380,16380,2,2
2021-10-05 15:08:29.229,16379,16380,16380,1,1
2021-10-05 15:08:29.230,16379,16380,16380,2,2
2021-10-05 15:08:29.628,16380,16382,16380,1,-1
2021-10-05 15:08:31.434,16379,16382,16380,1,-1
2021-10-05 15:08:36.196,16380,16381,16380,3,-3
2021-10-05 15:08:37.098,16379,16380,16379,4,-4
2021-10-05 15:08:41.381,16378,16379,16379,3,3
2021-10-05 15:08:44.365,16379,16380,16380,1,1
2021-10-05 15:08:45.809,16380,16381,16381,2,2
2021-10-05 15:08:46.604,16381,16382,16381,1,-1
2021-10-05 15:08:48.109,16381,16382,16381,1,-1
2021-10-05 15:08:54.026,16380,16382,16382,1,1
2021-10-05 15:08:55.374,16380,16382,16380,1,-1
2021-10-05 15:08:56.280,16380,16381,16380,1,-1
2021-10-05 15:08:56.328,16379,16381,16379,14,-14
2021-10-05 15:08:56.329,16379,16381,16379,1,-1
2021-10-05 15:08:58.278,16378,16379,16379,1,1
2021-10-05 15:09:01.819,16378,16379,16378,1,-1
2021-10-05 15:09:01.820,16378,16379,16378,4,-4
2021-10-05 15:09:01.937,16378,16379,16378,1,-1
2021-10-05 15:09:02.983,16377,16379,16377,1,-1
2021-10-05 15:09:07.664,16377,16379,16377,2,-2
2021-10-05 15:09:08.742,16378,16379,16379,3,3
2021-10-05 15:09:14.877,16379,16380,16379,2,-2
2021-10-05 15:09:15.494,16379,16380,16380,1,1
2021-10-05 15:09:22.110,16380,16381,16381,1,1
2021-10-05 15:09:23.392,16380,16381,16381,1,1
2021-10-05 15:09:23.392,16380,16381,16382,1,1
2021-10-05 15:09:23.560,16380,16382,16382,3,3
2021-10-05 15:09:29.130,16381,16382,16382,1,1
2021-10-05 15:09:31.026,16382,16383,16383,2,2
2021-10-05 15:09:31.028,16382,16383,16384,2,2
2021-10-05 15:09:34.740,16383,16384,16383,1,-1
2021-10-05 15:09:35.342,16382,16384,16382,1,-1
2021-10-05 15:09:44.970,16382,16383,16382,1,-1
2021-10-05 15:09:48.968,16382,16383,16383,3,3
2021-10-05 15:09:52.770,16383,16384,16383,1,-1
2021-10-05 15:09:53.740,16383,16384,16384,2,2
2021-10-05 15:09:53.740,16383,16384,16384,2,2
2021-10-05 15:09:57.192,16384,16385,16385,2,2
2021-10-05 15:09:57.757,16384,16385,16384,1,-1
2021-10-05 15:09:58.213,16384,16385,16384,1,-1
2021-10-05 15:10:00.359,16383,16385,16385,1,1
2021-10-05 15:10:00.715,16383,16385,16385,3,3
2021-10-05 15:10:00.715,16383,16385,16386,5,5
2021-10-05 15:10:03.331,16383,16385,16385,2,2
2021-10-05 15:10:03.796,16383,16385,16383,2,-2
2021-10-05 15:10:04.967,16382,16384,16384,1,1
2021-10-05 15:10:05.899,16384,16385,16384,1,-1
2021-10-05 15:10:05.900,16384,16385,16384,1,-1
2021-10-05 15:10:13.575,16382,16384,16384,1,1
2021-10-05 15:10:19.754,16382,16383,16383,1,1
2021-10-05 15:10:25.928,16382,16383,16383,1,1
2021-10-05 15:10:27.265,16382,16383,16382,2,-2
2021-10-05 15:10:38.212,16382,16383,16383,1,1
2021-10-05 15:10:43.016,16383,16384,16383,1,-1
2021-10-05 15:10:43.500,16382,16384,16382,1,-1
2021-10-05 15:10:48.664,16382,16384,16384,1,1
2021-10-05 15:10:53.687,16384,16385,16385,1,1
2021-10-05 15:10:53.843,16384,16385,16384,1,-1
2021-10-05 15:10:53.984,16384,16385,16385,2,2
2021-10-05 15:10:59.535,16385,16386,16385,1,-1
2021-10-05 15:11:05.239,16386,16387,16387,12,12
2021-10-05 15:11:05.240,16386,16387,16388,2,2
2021-10-05 15:11:05.240,16386,16387,16388,10,10
2021-10-05 15:11:05.241,16386,16387,16388,1,1
2021-10-05 15:11:05.362,16388,16389,16389,6,6
2021-10-05 15:11:05.362,16388,16389,16389,1,1
2021-10-05 15:11:05.362,16388,16389,16389,1,1
2021-10-05 15:11:05.621,16389,16390,16389,2,-2
2021-10-05 15:11:06.005,16388,16389,16389,2,2
2021-10-05 15:11:06.290,16389,16390,16390,1,1
2021-10-05 15:11:06.350,16389,16390,16390,1,1
2021-10-05 15:11:07.573,16389,16390,16390,1,1
2021-10-05 15:11:07.680,16389,16390,16389,1,-1
2021-10-05 15:11:07.791,16389,16390,16389,1,-1
2021-10-05 15:11:09.209,16389,16390,16390,4,4
2021-10-05 15:11:11.227,16389,16390,16390,1,1
2021-10-05 15:11:11.264,16389,16390,16390,2,2
2021-10-05 15:11:12.677,16390,16391,16390,1,-1
2021-10-05 15:11:12.822,16390,16391,16391,1,1
2021-10-05 15:11:13.063,16390,16391,16391,1,1
2021-10-05 15:11:13.606,16390,16391,16390,1,-1
2021-10-05 15:11:13.751,16390,16391,16390,1,-1
2021-10-05 15:11:13.947,16390,16391,16391,1,1
2021-10-05 15:11:13.970,16390,16391,16392,1,1
2021-10-05 15:11:14.010,16390,16391,16390,2,-2
2021-10-05 15:11:14.180,16390,16392,16392,1,1
2021-10-05 15:11:14.338,16390,16392,16390,1,-1
2021-10-05 15:11:14.702,16390,16392,16390,1,-1
2021-10-05 15:11:14.738,16390,16392,16391,1,1
2021-10-05 15:11:16.326,16390,16392,16391,1,-1
2021-10-05 15:11:16.490,16391,16392,16392,1,1
2021-10-05 15:11:16.491,16391,16392,16392,1,1
2021-10-05 15:11:16.491,16391,16392,16392,1,1
2021-10-05 15:11:16.491,16391,16392,16392,6,6
2021-10-05 15:11:16.491,16391,16392,16392,1,1
2021-10-05 15:11:16.492,16391,16392,16392,15,15
2021-10-05 15:11:16.494,16391,16392,16393,10,10
2021-10-05 15:11:17.661,16392,16394,16394,1,1
2021-10-05 15:11:19.777,16393,16394,16393,1,-1
2021-10-05 15:11:20.046,16393,16394,16393,1,-1
2021-10-05 15:11:20.046,16393,16394,16393,1,-1
2021-10-05 15:11:20.292,16392,16394,16394,1,1
2021-10-05 15:11:20.761,16393,16394,16394,1,1
2021-10-05 15:11:20.784,16393,16394,16394,1,1
2021-10-05 15:11:21.052,16393,16394,16394,2,2
2021-10-05 15:11:24.312,16393,16394,16394,9,9
2021-10-05 15:11:24.314,16393,16394,16395,4,4
2021-10-05 15:11:24.437,16394,16395,16395,2,2
2021-10-05 15:11:24.452,16394,16395,16395,1,1
2021-10-05 15:11:24.533,16394,16395,16395,3,3
2021-10-05 15:11:24.548,16394,16395,16395,1,1
2021-10-05 15:11:24.549,16394,16395,16395,13,13
2021-10-05 15:11:24.776,16395,16396,16395,1,-1
2021-10-05 15:11:24.789,16395,16396,16396,1,1
2021-10-05 15:11:24.827,16395,16396,16396,10,10
2021-10-05 15:11:24.842,16395,16396,16397,1,1
2021-10-05 15:11:24.923,16395,16396,16397,4,4
2021-10-05 15:11:25.001,16396,16398,16398,1,1
2021-10-05 15:11:25.098,16396,16398,16397,1,-1
2021-10-05 15:11:25.099,16396,16398,16397,1,-1
2021-10-05 15:11:25.253,16396,16398,16398,1,1
2021-10-05 15:11:25.473,16396,16398,16396,3,-3
2021-10-05 15:11:25.503,16396,16398,16396,1,-1
2021-10-05 15:11:25.503,16396,16398,16395,2,-2
2021-10-05 15:11:25.514,16396,16398,16397,1,1
2021-10-05 15:11:25.633,16395,16397,16395,4,-4
2021-10-05 15:11:26.824,16395,16397,16397,1,1
2021-10-05 15:11:27.384,16395,16396,16396,1,1
2021-10-05 15:11:27.395,16395,16396,16397,4,4
2021-10-05 15:11:28.141,16396,16397,16397,1,1
2021-10-05 15:11:28.411,16396,16397,16397,1,1
2021-10-05 15:11:29.334,16396,16397,16396,1,-1
2021-10-05 15:11:29.354,16396,16397,16396,1,-1
2021-10-05 15:11:29.993,16394,16396,16396,2,2
2021-10-05 15:11:30.936,16396,16397,16397,1,1
2021-10-05 15:11:31.437,16396,16397,16397,3,3
2021-10-05 15:11:31.604,16396,16398,16398,1,1
2021-10-05 15:11:31.933,16397,16398,16398,9,9
2021-10-05 15:11:32.038,16398,16399,16398,2,-2
2021-10-05 15:11:32.038,16398,16399,16397,3,-3
2021-10-05 15:11:32.454,16397,16399,16397,1,-1
2021-10-05 15:11:33.575,16397,16399,16399,1,1
2021-10-05 15:11:33.706,16397,16399,16399,1,1
2021-10-05 15:11:35.247,16398,16399,16398,1,-1
2021-10-05 15:11:35.285,16398,16399,16399,3,3
2021-10-05 15:11:35.774,16398,16399,16398,1,-1
2021-10-05 15:11:36.774,16398,16399,16398,1,-1
2021-10-05 15:11:37.519,16398,16399,16399,25,25
2021-10-05 15:11:37.520,16398,16399,16399,1,1
2021-10-05 15:11:37.520,16398,16399,16399,1,1
2021-10-05 15:11:37.520,16398,16399,16399,2,2
2021-10-05 15:11:37.521,16398,16399,16399,1,1
2021-10-05 15:11:37.719,16399,16400,16400,31,31
2021-10-05 15:11:37.720,16399,16400,16401,1,1
2021-10-05 15:11:37.720,16399,16400,16401,1,1
2021-10-05 15:11:37.720,16399,16400,16401,1,1
2021-10-05 15:11:37.720,16399,16400,16401,1,1
2021-10-05 15:11:37.720,16399,16400,16401,3,3
2021-10-05 15:11:38.140,16401,16402,16402,1,1
2021-10-05 15:11:38.243,16401,16402,16402,10,10
2021-10-05 15:11:38.244,16401,16402,16402,4,4
2021-10-05 15:11:38.623,16401,16403,16401,1,-1
2021-10-05 15:11:38.623,16401,16403,16401,1,-1
2021-10-05 15:11:39.183,16400,16401,16401,2,2
2021-10-05 15:11:40.392,16400,16402,16402,1,1
2021-10-05 15:11:42.347,16402,16403,16403,1,1
2021-10-05 15:11:43.316,16402,16403,16403,1,1
2021-10-05 15:11:43.407,16402,16403,16403,1,1
2021-10-05 15:11:43.804,16402,16403,16402,2,-2
2021-10-05 15:11:43.811,16402,16403,16403,1,1
2021-10-05 15:11:44.617,16402,16403,16403,8,8
2021-10-05 15:11:44.960,16402,16403,16402,1,-1
2021-10-05 15:11:45.118,16402,16403,16403,1,1
2021-10-05 15:11:45.372,16402,16404,16402,1,-1
2021-10-05 15:11:45.659,16402,16403,16403,1,1
2021-10-05 15:11:46.722,16402,16404,16402,1,-1
2021-10-05 15:11:48.472,16401,16403,16403,4,4
2021-10-05 15:11:48.725,16401,16403,16403,2,2
2021-10-05 15:11:50.881,16402,16403,16403,4,4
2021-10-05 15:11:51.151,16402,16404,16402,1,-1
2021-10-05 15:11:51.151,16402,16404,16401,1,-1
2021-10-05 15:11:51.256,16401,16403,16403,1,1
2021-10-05 15:11:51.367,16401,16403,16401,3,-3
2021-10-05 15:11:51.711,16403,16404,16404,4,4
2021-10-05 15:11:51.929,16403,16405,16403,1,-1
2021-10-05 15:11:52.090,16403,16405,16403,1,-1
2021-10-05 15:11:53.277,16403,16405,16404,1,1
2021-10-05 15:11:53.364,16403,16405,16403,1,-1
2021-10-05 15:11:53.883,16403,16405,16405,1,1
2021-10-05 15:11:54.350,16403,16405,16403,3,-3
2021-10-05 15:11:54.362,16403,16405,16403,7,-7
2021-10-05 15:11:54.435,16403,16405,16405,1,1
2021-10-05 15:11:54.551,16403,16405,16405,1,1
2021-10-05 15:11:54.805,16403,16405,16403,1,-1
2021-10-05 15:11:54.886,16402,16405,16402,2,-2
2021-10-05 15:11:55.064,16402,16404,16404,1,1
2021-10-05 15:11:55.340,16402,16405,16405,1,1
2021-10-05 15:11:55.544,16402,16404,16404,1,1
2021-10-05 15:11:58.846,16403,16404,16404,2,2
2021-10-05 15:12:00.277,16403,16404,16404,1,1
2021-10-05 15:12:00.282,16403,16404,16404,2,2
2021-10-05 15:12:00.282,16403,16404,16404,1,1
2021-10-05 15:12:00.287,16403,16404,16404,1,1
2021-10-05 15:12:00.316,16403,16405,16405,1,1
2021-10-05 15:12:00.316,16403,16405,16405,1,1
2021-10-05 15:12:00.317,16403,16405,16405,1,1
2021-10-05 15:12:00.317,16403,16405,16405,1,1
2021-10-05 15:12:00.318,16403,16405,16405,1,1
2021-10-05 15:12:00.319,16403,16405,16405,1,1
2021-10-05 15:12:00.444,16404,16405,16404,1,-1
2021-10-05 15:12:00.489,16404,16405,16405,2,2
2021-10-05 15:12:00.542,16404,16405,16405,1,1
2021-10-05 15:12:00.542,16404,16405,16406,1,1
2021-10-05 15:12:00.570,16404,16406,16406,2,2
2021-10-05 15:12:01.029,16404,16405,16404,1,-1
2021-10-05 15:12:01.064,16404,16405,16405,1,1
2021-10-05 15:12:01.064,16404,16405,16405,1,1
2021-10-05 15:12:01.064,16404,16405,16406,1,1
2021-10-05 15:12:01.064,16404,16405,16406,1,1
2021-10-05 15:12:01.065,16404,16405,16406,1,1
2021-10-05 15:12:01.066,16404,16405,16406,1,1
2021-10-05 15:12:02.320,16404,16405,16405,3,3
2021-10-05 15:12:02.486,16404,16407,16407,1,1
2021-10-05 15:12:04.425,16405,16406,16406,1,1
2021-10-05 15:12:06.520,16406,16407,16407,5,5
2021-10-05 15:12:06.738,16406,16407,16407,1,1
2021-10-05 15:12:07.581,16407,16408,16407,1,-1
2021-10-05 15:12:07.642,16407,16408,16408,1,1
2021-10-05 15:12:07.689,16406,16408,16408,1,1
2021-10-05 15:12:07.689,16406,16408,16408,1,1
2021-10-05 15:12:07.689,16406,16408,16408,1,1
2021-10-05 15:12:07.690,16406,16408,16408,1,1
2021-10-05 15:12:07.690,16406,16408,16408,1,1
2021-10-05 15:12:07.690,16406,16408,16408,1,1
2021-10-05 15:12:07.690,16406,16408,16408,1,1
2021-10-05 15:12:07.690,16406,16408,16408,1,1
2021-10-05 15:12:07.691,16406,16408,16408,1,1
2021-10-05 15:12:07.691,16406,16408,16408,1,1
2021-10-05 15:12:07.691,16406,16408,16408,1,1
2021-10-05 15:12:07.691,16406,16408,16408,1,1
2021-10-05 15:12:07.692,16406,16408,16408,1,1
2021-10-05 15:12:07.693,16406,16408,16408,1,1
2021-10-05 15:12:07.694,16406,16408,16409,1,1
2021-10-05 15:12:07.694,16406,16408,16409,1,1
2021-10-05 15:12:08.047,16408,16409,16409,1,1
2021-10-05 15:12:08.167,16408,16410,16408,1,-1
2021-10-05 15:12:08.491,16408,16410,16410,1,1
2021-10-05 15:12:08.543,16408,16410,16410,1,1
2021-10-05 15:12:08.575,16409,16410,16410,1,1
2021-10-05 15:12:08.780,16409,16410,16409,1,-1
2021-10-05 15:12:08.798,16409,16410,16410,1,1
2021-10-05 15:12:09.284,16409,16410,16410,1,1
2021-10-05 15:12:09.629,16409,16410,16410,1,1
2021-10-05 15:12:09.758,16409,16410,16410,2,2
2021-10-05 15:12:09.866,16409,16411,16411,1,1
2021-10-05 15:12:12.410,16409,16410,16409,2,-2
2021-10-05 15:12:12.411,16409,16410,16409,3,-3
2021-10-05 15:12:12.701,16408,16409,16409,1,1
2021-10-05 15:12:12.701,16408,16409,16410,2,2
2021-10-05 15:12:13.303,16409,16410,16410,1,1
2021-10-05 15:12:13.465,16409,16410,16409,1,-1
2021-10-05 15:12:13.465,16409,16410,16409,2,-2
2021-10-05 15:12:13.698,16408,16410,16410,1,1
2021-10-05 15:12:13.765,16408,16410,16410,1,1
2021-10-05 15:12:15.286,16408,16410,16410,2,2
2021-10-05 15:12:15.424,16408,16410,16409,1,-1
2021-10-05 15:12:15.659,16408,16409,16409,1,1
2021-10-05 15:12:15.771,16408,16409,16408,1,-1
2021-10-05 15:12:15.771,16408,16409,16408,1,-1
2021-10-05 15:12:16.531,16407,16409,16407,1,-1
2021-10-05 15:12:17.883,16407,16409,16409,1,1
2021-10-05 15:12:17.939,16408,16409,16409,1,1
2021-10-05 15:12:17.939,16408,16409,16409,1,1
2021-10-05 15:12:17.939,16408,16409,16409,1,1
2021-10-05 15:12:17.940,16408,16409,16410,1,1
2021-10-05 15:12:17.940,16408,16409,16410,1,1
2021-10-05 15:12:17.940,16408,16409,16410,1,1
2021-10-05 15:12:17.940,16408,16409,16410,1,1
2021-10-05 15:12:17.940,16408,16409,16410,1,1
2021-10-05 15:12:17.940,16408,16409,16410,1,1
2021-10-05 15:12:17.941,16408,16409,16411,1,1
2021-10-05 15:12:17.941,16408,16409,16411,1,1
2021-10-05 15:12:17.941,16408,16409,16411,1,1
2021-10-05 15:12:17.942,16408,16409,16411,1,1
2021-10-05 15:12:17.942,16408,16409,16411,1,1
2021-10-05 15:12:17.942,16408,16409,16411,1,1
2021-10-05 15:12:17.943,16408,16409,16412,1,1
2021-10-05 15:12:18.065,16410,16412,16410,1,-1
2021-10-05 15:12:18.710,16409,16412,16412,1,1
2021-10-05 15:12:18.892,16409,16412,16412,1,1
2021-10-05 15:12:19.058,16409,16412,16412,1,1
2021-10-05 15:12:19.270,16410,16412,16412,1,1
2021-10-05 15:12:20.085,16410,16412,16412,1,1
2021-10-05 15:12:20.129,16410,16412,16410,1,-1
2021-10-05 15:12:20.268,16409,16412,16412,1,1
2021-10-05 15:12:20.417,16409,16412,16412,1,1
2021-10-05 15:12:20.568,16410,16412,16412,1,1
2021-10-05 15:12:20.902,16410,16412,16410,1,-1
2021-10-05 15:12:21.332,16409,16411,16411,3,3
2021-10-05 15:12:23.158,16409,16411,16411,1,1
2021-10-05 15:12:23.924,16410,16412,16412,1,1
2021-10-05 15:12:25.069,16411,16412,16411,1,-1
2021-10-05 15:12:25.331,16410,16411,16411,1,1
2021-10-05 15:12:26.517,16410,16411,16411,1,1
2021-10-05 15:12:29.537,16411,16412,16412,2,2
2021-10-05 15:12:29.563,16411,16413,16413,1,1
2021-10-05 15:12:29.563,16411,16413,16413,1,1
2021-10-05 15:12:29.564,16411,16413,16413,1,1
2021-10-05 15:12:29.564,16411,16413,16413,1,1
2021-10-05 15:12:29.564,16411,16413,16414,1,1
2021-10-05 15:12:29.565,16411,16413,16414,1,1
2021-10-05 15:12:29.565,16411,16413,16414,1,1
2021-10-05 15:12:29.565,16411,16413,16414,1,1
2021-10-05 15:12:29.565,16411,16413,16414,1,1
2021-10-05 15:12:29.565,16411,16413,16414,1,1
2021-10-05 15:12:29.649,16411,16413,16412,3,-3
2021-10-05 15:12:29.787,16411,16412,16412,2,2
2021-10-05 15:12:30.630,16411,16412,16412,1,1
2021-10-05 15:12:30.918,16411,16412,16412,1,1
2021-10-05 15:12:30.979,16411,16412,16412,3,3
2021-10-05 15:12:31.253,16411,16412,16412,1,1
2021-10-05 15:12:32.775,16411,16413,16411,1,-1
2021-10-05 15:12:33.040,16411,16413,16411,1,-1
2021-10-05 15:12:33.040,16411,16413,16410,2,-2
2021-10-05 15:12:33.893,16411,16412,16412,2,2
2021-10-05 15:12:34.321,16411,16413,16411,2,-2
2021-10-05 15:12:36.585,16410,16412,16412,1,1
2021-10-05 15:12:39.771,16410,16412,16410,5,-5
2021-10-05 15:12:39.814,16410,16411,16411,1,1
2021-10-05 15:12:39.814,16410,16411,16411,1,1
2021-10-05 15:12:40.754,16411,16412,16412,2,2
2021-10-05 15:12:41.620,16411,16412,16411,1,-1
2021-10-05 15:12:42.907,16410,16412,16412,1,1
2021-10-05 15:12:46.031,16410,16412,16412,2,2
2021-10-05 15:12:49.423,16410,16411,16410,9,-9
2021-10-05 15:12:49.423,16410,16411,16409,2,-2
2021-10-05 15:12:50.153,16409,16410,16410,3,3
2021-10-05 15:12:50.668,16409,16411,16409,7,-7
2021-10-05 15:12:51.181,16408,16410,16410,1,1
2021-10-05 15:12:51.802,16408,16410,16410,1,1
2021-10-05 15:12:51.991,16408,16410,16408,1,-1
2021-10-05 15:12:52.803,16408,16410,16408,1,-1
2021-10-05 15:12:54.717,16408,16410,16408,1,-1
2021-10-05 15:12:58.700,16408,16409,16408,1,-1
2021-10-05 15:12:59.933,16408,16409,16408,4,-4
2021-10-05 15:12:59.933,16408,16409,16407,1,-1
2021-10-05 15:13:00.430,16407,16409,16407,1,-1
2021-10-05 15:13:05.258,16408,16409,16409,1,1
2021-10-05 15:13:07.710,16408,16409,16408,1,-1
2021-10-05 15:13:07.710,16408,16409,16408,1,-1
2021-10-05 15:13:08.644,16407,16408,16408,3,3
2021-10-05 15:13:08.644,16407,16408,16409,2,2
2021-10-05 15:13:12.363,16408,16409,16409,3,3
2021-10-05 15:13:13.220,16408,16409,16409,2,2
2021-10-05 15:13:13.221,16408,16409,16409,3,3
2021-10-05 15:13:13.967,16408,16409,16409,1,1
2021-10-05 15:13:14.208,16408,16409,16408,2,-2
2021-10-05 15:13:16.815,16407,16408,16408,1,1
2021-10-05 15:13:19.331,16407,16408,16408,1,1
2021-10-05 15:13:19.331,16407,16408,16409,4,4
2021-10-05 15:13:23.449,16408,16409,16408,1,-1
2021-10-05 15:13:24.897,16407,16409,16409,1,1
2021-10-05 15:13:27.302,16407,16409,16409,4,4
2021-10-05 15:13:31.807,16407,16409,16407,8,-8
2021-10-05 15:13:33.467,16406,16407,16407,1,1
2021-10-05 15:13:34.271,16406,16407,16408,1,1
2021-10-05 15:13:37.610,16406,16408,16408,1,1
2021-10-05 15:13:41.378,16406,16408,16408,1,1
2021-10-05 15:13:42.191,16406,16408,16408,1,1
2021-10-05 15:13:43.133,16407,16408,16407,1,-1
2021-10-05 15:13:43.609,16406,16408,16408,1,1
2021-10-05 15:13:46.522,16406,16408,16408,5,5
2021-10-05 15:13:55.702,16406,16408,16408,1,1
2021-10-05 15:13:57.407,16406,16408,16406,7,-7
2021-10-05 15:13:57.407,16406,16408,16405,3,-3
2021-10-05 15:14:00.054,16405,16406,16406,2,2
2021-10-05 15:14:01.052,16405,16408,16408,2,2
2021-10-05 15:14:01.712,16407,16408,16408,4,4
2021-10-05 15:14:01.713,16407,16408,16408,3,3
2021-10-05 15:14:02.584,16408,16409,16409,6,6
2021-10-05 15:14:02.585,16408,16409,16410,2,2
2021-10-05 15:14:02.586,16408,16409,16410,3,3
2021-10-05 15:14:02.586,16408,16409,16410,4,4
2021-10-05 15:14:02.586,16408,16409,16410,1,1
2021-10-05 15:14:02.586,16408,16409,16410,6,6
2021-10-05 15:14:02.783,16410,16411,16411,1,1
2021-10-05 15:14:03.127,16410,16412,16410,1,-1
2021-10-05 15:14:05.141,16410,16412,16410,1,-1
2021-10-05 15:14:08.248,16410,16411,16411,1,1
2021-10-05 15:14:09.287,16410,16411,16410,1,-1
2021-10-05 15:14:09.287,16410,16411,16410,1,-1
2021-10-05 15:14:13.745,16408,16409,16408,1,-1
2021-10-05 15:14:13.974,16407,16409,16407,1,-1
2021-10-05 15:14:21.284,16407,16408,16408,1,1
2021-10-05 15:14:21.285,16407,16408,16408,1,1
2021-10-05 15:14:28.561,16408,16409,16409,1,1
2021-10-05 15:14:29.788,16408,16409,16408,2,-2
2021-10-05 15:14:30.075,16408,16409,16409,4,4
2021-10-05 15:14:30.579,16408,16409,16409,1,1
2021-10-05 15:14:32.112,16409,16410,16409,3,-3
2021-10-05 15:14:32.770,16408,16410,16408,2,-2
2021-10-05 15:14:34.951,16409,16410,16409,1,1
2021-10-05 15:14:38.819,16408,16409,16408,1,-1
2021-10-05 15:14:39.853,16407,16408,16408,1,1
2021-10-05 15:14:40.948,16407,16408,16407,1,-1
2021-10-05 15:14:40.948,16407,16408,16407,3,-3
2021-10-05 15:14:40.948,16407,16408,16407,1,-1
2021-10-05 15:14:40.949,16407,16408,16407,6,-6
2021-10-05 15:14:41.040,16407,16408,16406,2,-2
2021-10-05 15:14:41.114,16405,16406,16405,3,-3
2021-10-05 15:14:41.149,16405,16406,16405,1,-1
2021-10-05 15:14:41.365,16403,16405,16403,1,-1
2021-10-05 15:14:41.400,16403,16405,16405,1,1
2021-10-05 15:14:41.466,16403,16405,16403,1,-1
2021-10-05 15:14:43.573,16403,16406,16403,3,-3
2021-10-05 15:14:48.304,16403,16405,16403,1,-1
2021-10-05 15:14:53.937,16403,16404,16404,1,1
2021-10-05 15:14:57.966,16404,16405,16405,1,1
2021-10-05 15:14:58.065,16404,16405,16404,2,-2
2021-10-05 15:15:00.157,16405,16407,16404,1,-1
2021-10-05 15:15:00.408,16404,16406,16407,1,1
2021-10-05 15:15:03.601,16407,16409,16407,1,-1
2021-10-05 15:15:04.128,16407,16409,16409,2,2
2021-10-05 15:15:04.167,16407,16409,16409,1,1
2021-10-05 15:15:05.125,16409,16410,16409,1,-1
2021-10-05 15:15:05.125,16409,16410,16409,1,-1
2021-10-05 15:15:05.325,16408,16409,16408,2,-2
2021-10-05 15:15:07.764,16407,16408,16407,1,-1
2021-10-05 15:15:08.018,16405,16407,16407,1,1
2021-10-05 15:15:08.576,16405,16407,16407,1,1
2021-10-05 15:15:08.703,16405,16407,16407,1,1
2021-10-05 15:15:10.992,16404,16406,16406,1,1
2021-10-05 15:15:13.638,16407,16408,16408,1,1
2021-10-05 15:15:17.586,16407,16409,16407,2,-2
2021-10-05 15:15:18.190,16406,16408,16406,1,-1
2021-10-05 15:15:20.689,16406,16407,16406,1,-1
2021-10-05 15:15:21.726,16406,16407,16407,1,1
2021-10-05 15:15:23.805,16407,16408,16408,1,1
2021-10-05 15:15:23.805,16407,16408,16408,3,3
2021-10-05 15:15:25.170,16408,16409,16409,2,2
2021-10-05 15:15:26.104,16409,16410,16409,1,-1
2021-10-05 15:15:26.711,16408,16410,16410,2,2
2021-10-05 15:15:27.088,16408,16410,16408,1,-1
2021-10-05 15:15:28.366,16408,16410,16408,1,-1
2021-10-05 15:15:30.147,16408,16410,16410,1,1
2021-10-05 15:15:31.223,16409,16410,16409,1,-1
2021-10-05 15:15:33.699,16408,16410,16410,1,1
2021-10-05 15:15:36.401,16410,16411,16410,1,-1
2021-10-05 15:15:36.615,16409,16410,16410,1,1
2021-10-05 15:15:40.512,16409,16410,16410,1,1
2021-10-05 15:15:40.551,16409,16410,16410,1,1
2021-10-05 15:15:40.782,16409,16410,16409,1,-1
2021-10-05 15:15:48.342,16409,16410,16409,1,-1
2021-10-05 15:15:53.073,16409,16410,16409,1,-1
2021-10-05 15:15:55.583,16408,16409,16409,2,2
2021-10-05 15:15:55.600,16408,16409,16409,1,1
2021-10-05 15:15:56.932,16408,16409,16408,2,-2
2021-10-05 15:15:57.674,16407,16408,16407,1,-1
2021-10-05 15:15:58.533,16406,16408,16408,1,1
2021-10-05 15:15:59.659,16406,16407,16407,1,1
2021-10-05 15:16:01.747,16406,16407,16407,1,1
2021-10-05 15:16:04.283,16407,16408,16407,1,-1
2021-10-05 15:16:05.489,16406,16407,16407,1,1
2021-10-05 15:16:08.427,16406,16407,16407,2,2
2021-10-05 15:16:11.356,16408,16409,16409,1,1
2021-10-05 15:16:12.090,16407,16409,16407,3,-3
2021-10-05 15:16:13.014,16408,16410,16408,3,3
2021-10-05 15:16:14.996,16407,16409,16407,1,-1
2021-10-05 15:16:18.341,16407,16409,16407,1,-1
2021-10-05 15:16:18.341,16407,16409,16407,1,-1
2021-10-05 15:16:18.342,16407,16409,16407,1,-1
2021-10-05 15:16:18.342,16407,16409,16407,1,-1
2021-10-05 15:16:23.691,16407,16409,16407,2,-2
2021-10-05 15:16:24.541,16406,16407,16407,2,2
2021-10-05 15:16:27.867,16406,16407,16406,1,-1
2021-10-05 15:16:27.867,16406,16407,16406,1,-1
2021-10-05 15:16:29.803,16405,16406,16405,2,-2
2021-10-05 15:16:30.070,16405,16406,16405,3,-3
2021-10-05 15:16:30.785,16404,16405,16406,1,1
2021-10-05 15:16:31.882,16404,16406,16405,1,-1
2021-10-05 15:16:34.401,16403,16404,16404,1,1
2021-10-05 15:16:34.401,16403,16404,16404,1,1
2021-10-05 15:16:35.599,16404,16405,16404,1,-1
2021-10-05 15:16:37.092,16405,16406,16405,1,1
2021-10-05 15:16:37.092,16405,16406,16404,1,-1
2021-10-05 15:16:38.528,16404,16405,16404,2,-2
2021-10-05 15:16:40.469,16403,16404,16404,1,1
2021-10-05 15:16:40.811,16403,16404,16403,1,-1
2021-10-05 15:16:41.270,16403,16404,16404,2,2
2021-10-05 15:16:41.314,16403,16404,16404,2,2
2021-10-05 15:16:41.314,16403,16404,16405,2,2
2021-10-05 15:16:41.350,16403,16404,16405,4,4
2021-10-05 15:16:46.562,16404,16405,16404,1,-1
2021-10-05 15:16:47.607,16403,16404,16403,2,-2
2021-10-05 15:16:48.879,16403,16404,16403,2,-2
2021-10-05 15:16:49.449,16403,16404,16404,1,1
2021-10-05 15:16:49.449,16403,16404,16404,2,2
2021-10-05 15:16:50.084,16404,16406,16404,1,-1
2021-10-05 15:16:50.330,16404,16405,16405,2,2
2021-10-05 15:16:50.820,16405,16408,16405,1,-1
2021-10-05 15:16:57.977,16404,16406,16404,4,-4
2021-10-05 15:17:00.354,16402,16404,16404,1,1
2021-10-05 15:17:00.453,16404,16406,16404,1,-1
2021-10-05 15:17:02.015,16405,16407,16405,1,1
2021-10-05 15:17:06.183,16403,16405,16405,1,1
2021-10-05 15:17:07.857,16404,16405,16405,2,2
2021-10-05 15:17:07.857,16404,16405,16406,7,7
2021-10-05 15:17:07.857,16404,16405,16407,1,1
2021-10-05 15:17:08.143,16405,16407,16405,5,-5
2021-10-05 15:17:12.830,16404,16405,16405,1,1
2021-10-05 15:17:18.498,16405,16406,16406,1,1
2021-10-05 15:17:18.507,16405,16406,16405,1,-1
2021-10-05 15:17:21.261,16406,16407,16406,1,1
2021-10-05 15:17:26.194,16406,16407,16406,1,-1
2021-10-05 15:17:27.391,16406,16407,16406,3,-3
2021-10-05 15:17:29.043,16406,16407,16407,1,1
2021-10-05 15:17:31.044,16406,16407,16407,1,1
2021-10-05 15:17:31.318,16406,16408,16408,1,1
2021-10-05 15:17:31.318,16406,16408,16408,1,1
2021-10-05 15:17:31.318,16406,16408,16408,1,1
2021-10-05 15:17:31.322,16406,16408,16409,3,3
2021-10-05 15:17:31.345,16406,16408,16410,6,6
2021-10-05 15:17:31.345,16406,16408,16410,1,1
2021-10-05 15:17:31.346,16406,16408,16410,1,1
2021-10-05 15:17:31.843,16409,16411,16409,1,-1
2021-10-05 15:17:34.426,16408,16410,16410,1,1
2021-10-05 15:17:34.781,16409,16411,16409,1,-1
2021-10-05 15:17:35.009,16409,16411,16410,1,1
2021-10-05 15:17:35.684,16408,16410,16408,1,-1
2021-10-05 15:17:49.389,16409,16410,16410,7,7
2021-10-05 15:17:50.130,16410,16411,16411,5,5
2021-10-05 15:17:50.362,16410,16411,16411,1,1
2021-10-05 15:17:51.489,16410,16411,16411,1,1
2021-10-05 15:17:51.515,16410,16411,16411,2,2
2021-10-05 15:17:52.604,16411,16412,16411,1,-1
2021-10-05 15:17:56.072,16411,16412,16412,1,1
2021-10-05 15:17:56.540,16411,16412,16412,1,1
2021-10-05 15:17:57.956,16411,16412,16412,1,1
2021-10-05 15:17:58.512,16411,16412,16412,1,1
2021-10-05 15:18:00.168,16411,16412,16411,1,-1
2021-10-05 15:18:00.247,16411,16412,16411,8,-8
2021-10-05 15:18:00.822,16410,16411,16410,1,-1
2021-10-05 15:18:00.823,16410,16411,16410,20,-20
2021-10-05 15:18:01.234,16409,16410,16409,2,-2
2021-10-05 15:18:01.726,16408,16409,16409,1,1
2021-10-05 15:18:01.799,16408,16409,16409,2,2
2021-10-05 15:18:02.798,16408,16410,16410,2,2
2021-10-05 15:18:03.812,16409,16410,16410,1,1
2021-10-05 15:18:03.812,16409,16410,16411,1,1
2021-10-05 15:18:03.983,16409,16411,16411,1,1
2021-10-05 15:18:12.479,16410,16411,16410,1,-1
2021-10-05 15:18:15.069,16408,16410,16410,5,5
2021-10-05 15:18:15.069,16408,16410,16411,1,1
2021-10-05 15:18:19.363,16409,16411,16411,1,1
2021-10-05 15:18:26.330,16409,16410,16410,2,2
2021-10-05 15:18:33.933,16410,16411,16410,1,-1
2021-10-05 15:18:33.939,16410,16411,16411,1,1
2021-10-05 15:18:33.940,16410,16411,16411,1,1
2021-10-05 15:18:33.941,16410,16411,16411,1,1
2021-10-05 15:18:37.383,16410,16411,16410,1,-1
2021-10-05 15:18:37.383,16410,16411,16410,2,-2
2021-10-05 15:18:37.608,16408,16410,16410,1,1
2021-10-05 15:18:37.631,16408,16410,16408,4,-4
2021-10-05 15:18:40.594,16408,16409,16408,1,-1
2021-10-05 15:18:40.594,16408,16409,16408,1,-1
2021-10-05 15:18:43.824,16407,16408,16408,3,3
2021-10-05 15:18:43.824,16407,16408,16409,2,2
2021-10-05 15:18:45.025,16407,16408,16407,1,-1
2021-10-05 15:18:48.875,16406,16407,16406,16,-16
2021-10-05 15:18:49.006,16405,16406,16405,1,-1
2021-10-05 15:18:49.006,16405,16406,16405,6,-6
2021-10-05 15:18:49.006,16405,16406,16405,1,-1
2021-10-05 15:18:49.007,16405,16406,16405,1,-1
2021-10-05 15:18:49.007,16405,16406,16405,1,-1
2021-10-05 15:18:49.007,16405,16406,16405,6,-6
2021-10-05 15:18:49.007,16405,16406,16405,6,-6
2021-10-05 15:18:49.007,16405,16406,16405,1,-1
2021-10-05 15:18:49.007,16405,16406,16405,1,-1
2021-10-05 15:18:49.007,16405,16406,16405,3,-3
2021-10-05 15:18:49.119,16404,16405,16404,2,-2
2021-10-05 15:18:49.589,16404,16405,16404,1,-1
2021-10-05 15:18:51.342,16403,16404,16404,1,1
2021-10-05 15:18:52.124,16403,16404,16404,1,1
2021-10-05 15:19:04.345,16404,16405,16404,1,-1
2021-10-05 15:19:06.055,16403,16404,16404,1,1
2021-10-05 15:19:06.434,16403,16404,16404,1,1
2021-10-05 15:19:07.200,16403,16405,16403,8,-8
2021-10-05 15:19:07.362,16402,16405,16405,1,1
2021-10-05 15:19:11.626,16403,16404,16403,1,-1
2021-10-05 15:19:12.748,16402,16404,16404,4,4
2021-10-05 15:19:17.602,16403,16405,16403,1,-1
2021-10-05 15:19:19.879,16403,16404,16404,1,1
2021-10-05 15:19:20.069,16403,16404,16404,1,1
2021-10-05 15:19:20.344,16403,16404,16403,2,-2
2021-10-05 15:19:20.344,16403,16404,16403,5,-5
2021-10-05 15:19:21.165,16402,16403,16402,1,-1
2021-10-05 15:19:21.165,16402,16403,16402,6,-6
2021-10-05 15:19:21.166,16402,16403,16402,1,-1
2021-10-05 15:19:21.166,16402,16403,16402,1,-1
2021-10-05 15:19:21.558,16401,16402,16401,1,-1
2021-10-05 15:19:21.650,16401,16402,16401,1,-1
2021-10-05 15:19:25.130,16400,16401,16400,1,-1
2021-10-05 15:19:25.205,16400,16401,16400,1,-1
2021-10-05 15:19:25.217,16400,16401,16400,1,-1
2021-10-05 15:19:25.246,16400,16401,16400,1,-1
2021-10-05 15:19:25.323,16400,16401,16400,2,-2
2021-10-05 15:19:25.780,16400,16401,16400,1,-1
2021-10-05 15:19:25.780,16400,16401,16400,1,-1
2021-10-05 15:19:25.959,16399,16400,16400,1,1
2021-10-05 15:19:26.734,16399,16400,16399,1,-1
2021-10-05 15:19:27.208,16399,16400,16399,2,-2
2021-10-05 15:19:27.208,16399,16400,16398,2,-2
2021-10-05 15:19:27.951,16398,16399,16399,2,2
2021-10-05 15:19:28.348,16398,16399,16398,6,-6
2021-10-05 15:19:28.348,16398,16399,16397,4,-4
2021-10-05 15:19:28.349,16398,16399,16396,1,-1
2021-10-05 15:19:28.374,16398,16399,16397,1,1
2021-10-05 15:19:29.499,16396,16398,16398,1,1
2021-10-05 15:19:29.641,16396,16398,16398,2,2
2021-10-05 15:19:29.642,16396,16398,16398,1,1
2021-10-05 15:19:29.775,16397,16399,16397,1,-1
2021-10-05 15:19:29.836,16397,16399,16397,1,-1
2021-10-05 15:19:30.264,16397,16399,16397,1,-1
2021-10-05 15:19:31.574,16396,16398,16396,1,-1
2021-10-05 15:19:32.367,16396,16398,16396,1,-1
2021-10-05 15:19:32.534,16396,16398,16397,1,1
2021-10-05 15:19:32.534,16396,16398,16396,1,-1
2021-10-05 15:19:32.568,16396,16398,16398,1,1
2021-10-05 15:19:32.703,16396,16398,16396,1,-1
2021-10-05 15:19:34.058,16397,16399,16397,1,1
2021-10-05 15:19:37.299,16396,16398,16398,1,1
2021-10-05 15:19:38.114,16397,16399,16397,1,-1
2021-10-05 15:19:38.767,16398,16399,16398,1,1
2021-10-05 15:19:39.701,16396,16398,16396,1,-1
2021-10-05 15:19:41.952,16396,16397,16396,1,-1
2021-10-05 15:19:43.601,16396,16397,16396,1,-1
2021-10-05 15:19:47.497,16396,16397,16397,1,1
2021-10-05 15:19:47.497,16396,16397,16397,2,2
2021-10-05 15:19:50.261,16396,16397,16397,2,2
2021-10-05 15:19:51.296,16397,16398,16397,1,-1
2021-10-05 15:19:51.466,16397,16398,16397,1,-1
2021-10-05 15:19:52.872,16397,16398,16397,1,-1
2021-10-05 15:19:53.101,16396,16397,16396,1,-1
2021-10-05 15:19:53.404,16396,16397,16396,2,-2
2021-10-05 15:19:54.294,16396,16397,16397,3,3
2021-10-05 15:19:54.908,16396,16397,16396,1,-1
2021-10-05 15:19:56.494,16396,16397,16396,1,-1
2021-10-05 15:19:57.642,16396,16397,16396,1,-1
2021-10-05 15:19:58.324,16396,16397,16396,1,-1
2021-10-05 15:19:58.853,16396,16397,16396,1,-1
2021-10-05 15:19:59.308,16396,16397,16396,1,-1
2021-10-05 15:19:59.764,16395,16396,16396,1,1
2021-10-05 15:20:00.187,16395,16396,16395,13,-13
2021-10-05 15:20:00.303,16395,16396,16394,2,-2
2021-10-05 15:20:00.442,16393,16394,16393,1,-1
2021-10-05 15:20:00.473,16393,16394,16394,1,1
2021-10-05 15:20:00.496,16393,16394,16394,1,1
2021-10-05 15:20:00.652,16393,16394,16394,1,1
2021-10-05 15:20:00.899,16393,16394,16394,1,1
2021-10-05 15:20:00.945,16393,16394,16394,1,1
2021-10-05 15:20:01.272,16393,16395,16394,1,-1
2021-10-05 15:20:02.212,16395,16396,16395,1,1
2021-10-05 15:20:03.835,16394,16396,16394,1,-1
2021-10-05 15:20:05.361,16394,16396,16395,2,2
2021-10-05 15:20:06.236,16394,16396,16396,2,2
2021-10-05 15:20:07.074,16394,16397,16394,1,-1
2021-10-05 15:20:07.412,16394,16397,16394,1,-1
2021-10-05 15:20:10.489,16395,16396,16395,5,5
2021-10-05 15:20:10.680,16394,16396,16396,1,1
2021-10-05 15:20:11.006,16395,16397,16395,1,-1
2021-10-05 15:20:11.111,16395,16397,16397,1,1
2021-10-05 15:20:11.111,16395,16397,16397,1,1
2021-10-05 15:20:11.112,16395,16397,16397,2,2
2021-10-05 15:20:11.253,16396,16398,16398,1,1
2021-10-05 15:20:12.293,16397,16398,16397,1,-1
2021-10-05 15:20:12.337,16397,16398,16398,6,6
2021-10-05 15:20:12.788,16398,16399,16398,1,-1
2021-10-05 15:20:13.337,16398,16399,16399,1,1
2021-10-05 15:20:13.383,16398,16399,16399,1,1
2021-10-05 15:20:14.193,16398,16400,16398,4,-4
2021-10-05 15:20:17.893,16399,16400,16400,1,1
2021-10-05 15:20:17.893,16399,16400,16400,1,1
2021-10-05 15:20:20.344,16399,16400,16400,1,1
2021-10-05 15:20:20.344,16399,16400,16401,2,2
2021-10-05 15:20:20.344,16399,16400,16402,2,2
2021-10-05 15:20:20.738,16400,16402,16401,1,-1
2021-10-05 15:20:21.647,16399,16401,16400,1,-1
2021-10-05 15:20:22.250,16399,16402,16402,1,1
2021-10-05 15:20:22.555,16400,16402,16398,1,-1
2021-10-05 15:20:23.598,16397,16398,16398,1,1
2021-10-05 15:20:25.093,16398,16399,16398,2,-2
2021-10-05 15:20:26.254,16397,16398,16398,1,1
2021-10-05 15:20:41.187,16397,16398,16397,1,-1
2021-10-05 15:20:46.496,16396,16398,16398,6,6
2021-10-05 15:20:46.496,16396,16398,16398,2,2
2021-10-05 15:20:47.714,16398,16400,16400,5,5
2021-10-05 15:20:56.800,16399,16400,16400,1,1
2021-10-05 15:21:04.270,16399,16400,16400,1,1
2021-10-05 15:21:05.448,16400,16402,16400,1,-1
2021-10-05 15:21:08.399,16401,16402,16402,1,1
2021-10-05 15:21:13.068,16401,16402,16402,1,1
2021-10-05 15:21:13.068,16401,16402,16402,1,1
2021-10-05 15:21:13.634,16402,16403,16402,1,-1
2021-10-05 15:21:16.070,16402,16403,16402,1,-1
2021-10-05 15:21:16.395,16401,16403,16401,1,-1
2021-10-05 15:21:19.477,16400,16402,16402,1,1
2021-10-05 15:21:22.059,16400,16402,16402,1,1
2021-10-05 15:21:24.704,16400,16402,16402,1,1
2021-10-05 15:21:32.941,16401,16402,16402,1,1
2021-10-05 15:21:32.941,16401,16402,16402,3,3
2021-10-05 15:21:32.941,16401,16402,16402,1,1
2021-10-05 15:21:34.590,16402,16403,16403,1,1
2021-10-05 15:21:40.123,16401,16403,16403,4,4
2021-10-05 15:21:40.351,16402,16404,16404,1,1
2021-10-05 15:21:58.922,16402,16404,16402,1,-1
2021-10-05 15:22:03.912,16403,16404,16404,3,3
2021-10-05 15:22:04.559,16404,16405,16404,1,-1
2021-10-05 15:22:18.760,16402,16404,16404,2,2
2021-10-05 15:22:27.063,16403,16404,16404,3,3
2021-10-05 15:22:27.346,16404,16405,16404,1,-1
2021-10-05 15:22:32.496,16404,16405,16405,1,1
2021-10-05 15:22:32.496,16404,16405,16405,15,15
2021-10-05 15:22:47.773,16405,16406,16406,1,1
2021-10-05 15:22:50.480,16406,16407,16406,2,-2
2021-10-05 15:22:57.030,16405,16406,16405,4,-4
2021-10-05 15:22:58.317,16404,16405,16404,1,-1
2021-10-05 15:23:04.848,16402,16403,16402,3,-3
2021-10-05 15:23:05.623,16401,16403,16403,6,6
2021-10-05 15:23:16.536,16402,16403,16403,1,1
2021-10-05 15:23:16.536,16402,16403,16403,1,1
2021-10-05 15:23:21.804,16402,16403,16403,1,1
2021-10-05 15:23:21.942,16402,16403,16402,1,-1
2021-10-05 15:23:21.943,16402,16403,16402,1,-1
2021-10-05 15:23:21.943,16402,16403,16402,5,-5
2021-10-05 15:23:35.571,16401,16403,16401,1,-1
2021-10-05 15:23:39.590,16401,16402,16401,1,-1
2021-10-05 15:23:40.365,16401,16402,16401,5,-5
2021-10-05 15:23:43.421,16401,16402,16401,2,-2
2021-10-05 15:23:44.126,16400,16401,16401,3,3
2021-10-05 15:23:47.306,16401,16402,16402,1,1
2021-10-05 15:24:04.322,16401,16402,16401,1,-1
2021-10-05 15:24:04.685,16400,16402,16400,1,-1
2021-10-05 15:24:10.946,16400,16402,16402,1,1
2021-10-05 15:24:19.595,16400,16401,16401,1,1
2021-10-05 15:24:21.317,16400,16402,16400,1,-1
2021-10-05 15:24:25.232,16401,16402,16402,1,1
2021-10-05 15:24:35.998,16402,16403,16402,1,-1
2021-10-05 15:24:36.039,16402,16403,16403,2,2
2021-10-05 15:24:40.693,16403,16404,16404,2,2
2021-10-05 15:24:50.244,16404,16405,16404,1,-1
2021-10-05 15:24:50.815,16402,16403,16402,1,-1
2021-10-05 15:24:57.823,16401,16403,16403,1,1
2021-10-05 15:25:01.503,16401,16402,16402,3,3
2021-10-05 15:25:02.103,16402,16403,16403,1,1
2021-10-05 15:25:15.035,16402,16403,16402,1,-1
2021-10-05 15:25:17.494,16402,16403,16403,2,2
2021-10-05 15:25:19.170,16403,16404,16404,1,1
2021-10-05 15:25:19.170,16403,16404,16404,2,2
2021-10-05 15:25:28.765,16403,16405,16405,1,1
2021-10-05 15:25:33.002,16403,16405,16405,1,1
2021-10-05 15:25:43.443,16402,16403,16402,1,-1
2021-10-05 15:25:47.812,16401,16402,16402,1,1
2021-10-05 15:25:53.815,16401,16402,16401,1,-1
2021-10-05 15:25:53.815,16401,16402,16401,1,-1
2021-10-05 15:25:55.203,16400,16401,16400,6,-6
2021-10-05 15:25:55.762,16399,16400,16400,1,1
2021-10-05 15:25:57.142,16399,16400,16399,1,-1
2021-10-05 15:25:59.562,16398,16399,16398,3,-3
2021-10-05 15:25:59.562,16398,16399,16398,4,-4
2021-10-05 15:26:01.826,16397,16399,16397,2,-2
2021-10-05 15:26:01.987,16397,16399,16397,1,-1
2021-10-05 15:26:08.985,16398,16399,16398,1,1
2021-10-05 15:26:11.327,16396,16399,16396,1,-1
2021-10-05 15:26:13.668,16396,16399,16397,3,3
2021-10-05 15:26:19.103,16396,16397,16396,8,-8
2021-10-05 15:26:22.218,16396,16397,16396,1,-1
2021-10-05 15:26:27.070,16395,16396,16396,1,1
2021-10-05 15:26:27.677,16395,16396,16395,4,-4
2021-10-05 15:26:28.171,16395,16396,16395,1,-1
2021-10-05 15:26:28.191,16394,16395,16394,1,-1
2021-10-05 15:26:28.191,16394,16395,16394,2,-2
2021-10-05 15:26:31.493,16394,16395,16394,1,-1
2021-10-05 15:26:31.497,16394,16395,16394,1,-1
2021-10-05 15:26:31.607,16393,16394,16393,8,-8
2021-10-05 15:26:32.805,16392,16393,16392,3,-3
2021-10-05 15:26:32.938,16392,16393,16392,1,-1
2021-10-05 15:26:34.756,16392,16393,16392,2,-2
2021-10-05 15:26:35.336,16393,16394,16393,1,1
2021-10-05 15:26:38.370,16392,16394,16393,2,-2
2021-10-05 15:26:41.724,16393,16394,16393,1,-1
2021-10-05 15:26:43.687,16392,16393,16393,1,1
2021-10-05 15:26:44.185,16392,16394,16394,3,3
2021-10-05 15:26:46.587,16393,16395,16393,1,-1
2021-10-05 15:26:46.602,16393,16395,16393,2,-2
2021-10-05 15:26:46.603,16393,16395,16393,1,-1
2021-10-05 15:26:50.870,16393,16395,16395,1,1
2021-10-05 15:26:55.477,16393,16395,16393,1,-1
2021-10-05 15:26:56.903,16393,16395,16393,1,-1
2021-10-05 15:26:58.058,16393,16395,16395,1,1
2021-10-05 15:27:01.328,16393,16394,16394,1,1
2021-10-05 15:27:03.482,16395,16396,16395,1,1
2021-10-05 15:27:03.647,16395,16396,16395,1,-1
2021-10-05 15:27:06.503,16393,16395,16395,1,1
2021-10-05 15:27:10.481,16394,16395,16394,1,-1
2021-10-05 15:27:10.481,16394,16395,16394,4,-4
2021-10-05 15:27:14.289,16394,16395,16394,1,-1
2021-10-05 15:27:18.462,16393,16395,16393,10,-10
2021-10-05 15:27:30.494,16392,16393,16392,1,-1
2021-10-05 15:27:31.661,16392,16393,16393,4,4
2021-10-05 15:27:31.661,16392,16393,16393,3,3
2021-10-05 15:27:31.662,16392,16393,16393,2,2
2021-10-05 15:27:31.662,16392,16393,16393,1,1
2021-10-05 15:27:31.662,16392,16393,16393,1,1
2021-10-05 15:27:31.662,16392,16393,16393,9,9
2021-10-05 15:27:34.008,16393,16394,16394,1,1
2021-10-05 15:27:34.037,16393,16394,16393,1,-1
2021-10-05 15:27:40.557,16393,16394,16394,1,1
2021-10-05 15:27:45.143,16393,16394,16394,1,1
2021-10-05 15:27:59.965,16393,16395,16395,1,1
2021-10-05 15:28:00.460,16394,16395,16395,7,7
2021-10-05 15:28:08.957,16395,16396,16396,5,5
2021-10-05 15:28:09.064,16396,16397,16396,1,-1
2021-10-05 15:28:09.065,16396,16397,16396,1,-1
2021-10-05 15:28:09.065,16396,16397,16396,1,-1
2021-10-05 15:28:11.802,16396,16397,16396,2,-2
2021-10-05 15:28:12.748,16396,16397,16396,2,-2
2021-10-05 15:28:20.336,16394,16396,16396,1,1
2021-10-05 15:28:29.903,16395,16396,16395,1,-1
2021-10-05 15:28:43.474,16395,16396,16395,1,-1
2021-10-05 15:28:43.661,16394,16395,16395,1,1
2021-10-05 15:28:46.203,16395,16396,16395,1,-1
2021-10-05 15:28:46.599,16395,16396,16395,1,-1
2021-10-05 15:28:48.903,16395,16396,16395,1,-1
2021-10-05 15:28:48.986,16395,16396,16395,2,-2
2021-10-05 15:28:52.160,16394,16395,16395,1,1
2021-10-05 15:28:53.547,16394,16395,16394,1,-1
2021-10-05 15:28:53.547,16394,16395,16394,5,-5
2021-10-05 15:29:03.026,16393,16394,16394,1,1
2021-10-05 15:29:06.768,16395,16396,16396,1,1
2021-10-05 15:29:06.768,16395,16396,16396,2,2
2021-10-05 15:29:19.585,16395,16396,16396,1,1
2021-10-05 15:29:59.327,16396,16397,16396,3,-3
2021-10-05 15:30:00.079,16395,16396,16395,1,-1
2021-10-05 15:30:00.197,16394,16395,16395,1,1
2021-10-05 15:30:00.205,16394,16395,16395,1,1
2021-10-05 15:30:00.205,16394,16395,16395,1,1
2021-10-05 15:30:01.001,16394,16395,16394,1,-1
2021-10-05 15:30:01.064,16393,16395,16395,1,1
2021-10-05 15:30:01.064,16393,16395,16395,1,1
2021-10-05 15:30:01.065,16393,16395,16395,1,1
2021-10-05 15:30:01.066,16393,16395,16395,1,1
2021-10-05 15:30:01.066,16393,16395,16395,1,1
2021-10-05 15:30:01.419,16393,16394,16393,1,-1
2021-10-05 15:30:01.420,16393,16394,16393,1,-1
2021-10-05 15:30:01.463,16393,16394,16394,1,1
2021-10-05 15:30:01.486,16393,16394,16394,1,1
2021-10-05 15:30:10.908,16395,16397,16396,3,3
2021-10-05 15:30:14.638,16395,16397,16397,2,2
2021-10-05 15:30:14.638,16395,16397,16397,4,4
2021-10-05 15:30:14.640,16395,16397,16398,2,2
2021-10-05 15:30:14.689,16398,16399,16399,1,1
2021-10-05 15:30:14.689,16398,16399,16399,1,1
2021-10-05 15:30:14.690,16398,16399,16400,1,1
2021-10-05 15:30:14.690,16398,16399,16400,1,1
2021-10-05 15:30:14.690,16398,16399,16400,1,1
2021-10-05 15:30:14.691,16398,16399,16400,1,1
2021-10-05 15:30:14.691,16398,16399,16400,1,1
2021-10-05 15:30:15.555,16397,16400,16397,1,-1
2021-10-05 15:30:18.727,16396,16397,16396,2,-2
2021-10-05 15:30:18.727,16396,16397,16396,1,-1
2021-10-05 15:30:19.916,16395,16396,16395,2,-2
2021-10-05 15:30:19.939,16394,16396,16396,1,1
2021-10-05 15:30:19.939,16394,16396,16396,1,1
2021-10-05 15:30:19.939,16394,16396,16396,1,1
2021-10-05 15:30:19.940,16394,16396,16396,1,1
2021-10-05 15:30:22.386,16394,16395,16394,2,-2
2021-10-05 15:30:22.756,16393,16395,16393,1,-1
2021-10-05 15:30:22.756,16393,16395,16393,1,-1
2021-10-05 15:30:22.756,16393,16395,16393,4,-4
2021-10-05 15:30:22.856,16392,16394,16392,6,-6
2021-10-05 15:30:37.461,16393,16394,16393,1,1
2021-10-05 15:30:37.758,16391,16393,16391,1,-1
2021-10-05 15:30:39.772,16391,16393,16391,1,-1
2021-10-05 15:30:39.815,16391,16393,16393,1,1
2021-10-05 15:30:39.815,16391,16393,16393,1,1
2021-10-05 15:30:39.815,16391,16393,16393,1,1
2021-10-05 15:30:40.711,16392,16393,16392,1,-1
2021-10-05 15:30:41.705,16392,16393,16392,3,-3
2021-10-05 15:30:44.112,16391,16392,16391,1,-1
2021-10-05 15:30:44.861,16391,16392,16392,1,1
2021-10-05 15:30:45.559,16391,16392,16391,1,-1
2021-10-05 15:30:45.559,16391,16392,16391,5,-5
2021-10-05 15:30:46.478,16390,16392,16390,2,-2
2021-10-05 15:30:46.586,16390,16392,16390,2,-2
2021-10-05 15:30:48.831,16390,16392,16390,2,-2
2021-10-05 15:30:49.308,16390,16392,16390,1,-1
2021-10-05 15:30:50.187,16390,16392,16390,3,-3
2021-10-05 15:30:50.192,16390,16392,16390,4,-4
2021-10-05 15:30:54.312,16390,16391,16390,3,-3
2021-10-05 15:30:54.396,16390,16391,16389,1,-1
2021-10-05 15:30:54.905,16388,16389,16388,1,-1
2021-10-05 15:30:54.968,16388,16389,16388,1,-1
2021-10-05 15:30:54.968,16388,16389,16387,2,-2
2021-10-05 15:30:55.203,16387,16388,16387,4,-4
2021-10-05 15:30:55.670,16387,16388,16388,1,1
2021-10-05 15:30:57.227,16387,16388,16387,6,-6
2021-10-05 15:30:58.070,16386,16387,16387,1,1
2021-10-05 15:30:58.190,16386,16387,16387,1,1
2021-10-05 15:30:59.857,16386,16387,16386,5,-5
2021-10-05 15:31:00.371,16386,16387,16386,2,-2
2021-10-05 15:31:00.437,16385,16386,16386,1,1
2021-10-05 15:31:01.488,16386,16387,16387,1,1
2021-10-05 15:31:01.489,16386,16387,16386,1,-1
2021-10-05 15:31:01.897,16387,16389,16387,6,6
2021-10-05 15:31:01.897,16387,16389,16386,2,-2
2021-10-05 15:31:03.015,16386,16388,16388,1,1
2021-10-05 15:31:05.202,16386,16387,16387,1,1
2021-10-05 15:31:05.878,16386,16387,16386,2,-2
2021-10-05 15:31:06.738,16385,16386,16385,3,-3
2021-10-05 15:31:06.738,16385,16386,16385,6,-6
2021-10-05 15:31:06.868,16384,16385,16384,1,-1
2021-10-05 15:31:07.018,16384,16385,16384,1,-1
2021-10-05 15:31:08.389,16384,16386,16386,2,2
2021-10-05 15:31:09.294,16386,16387,16387,1,1
2021-10-05 15:31:11.937,16386,16387,16387,2,2
2021-10-05 15:31:13.326,16386,16388,16387,1,-1
2021-10-05 15:31:14.839,16387,16388,16387,1,-1
2021-10-05 15:31:14.839,16387,16388,16386,7,-7
2021-10-05 15:31:15.136,16386,16388,16386,1,-1
2021-10-05 15:31:16.120,16386,16388,16388,1,1
2021-10-05 15:31:16.137,16386,16388,16387,1,-1
2021-10-05 15:31:17.970,16386,16388,16386,1,-1
2021-10-05 15:31:19.876,16386,16388,16386,2,-2
2021-10-05 15:31:22.563,16385,16386,16385,4,-4
2021-10-05 15:31:22.893,16384,16385,16384,1,-1
2021-10-05 15:31:22.893,16384,16385,16384,2,-2
2021-10-05 15:31:22.894,16384,16385,16384,1,-1
2021-10-05 15:31:22.894,16384,16385,16384,1,-1
2021-10-05 15:31:24.422,16382,16384,16383,1,-1
2021-10-05 15:31:26.139,16382,16383,16383,1,1
2021-10-05 15:31:27.111,16383,16384,16383,4,-4
2021-10-05 15:31:27.413,16382,16383,16382,1,-1
2021-10-05 15:31:27.413,16382,16383,16382,2,-2
2021-10-05 15:31:29.033,16381,16383,16381,8,-8
2021-10-05 15:31:29.033,16381,16383,16380,7,-7
2021-10-05 15:31:29.089,16380,16382,16380,3,-3
2021-10-05 15:31:29.100,16380,16382,16382,1,1
2021-10-05 15:31:29.239,16380,16382,16380,1,-1
2021-10-05 15:31:29.319,16380,16382,16382,1,1
2021-10-05 15:31:29.613,16380,16382,16380,2,-2
2021-10-05 15:31:29.726,16380,16382,16382,3,3
2021-10-05 15:31:30.796,16381,16383,16380,1,-1
2021-10-05 15:31:31.569,16380,16382,16380,1,-1
2021-10-05 15:31:31.598,16380,16382,16381,1,1
2021-10-05 15:31:32.068,16380,16382,16380,1,-1
2021-10-05 15:31:33.118,16381,16382,16382,2,2
2021-10-05 15:31:33.179,16381,16382,16382,1,1
2021-10-05 15:31:33.179,16381,16382,16382,7,7
2021-10-05 15:31:35.112,16381,16384,16381,2,-2
2021-10-05 15:31:36.849,16381,16384,16381,2,-2
2021-10-05 15:31:37.226,16381,16383,16381,1,-1
2021-10-05 15:31:38.764,16382,16384,16382,9,9
2021-10-05 15:31:38.764,16382,16384,16381,12,-12
2021-10-05 15:31:38.766,16382,16384,16382,1,1
2021-10-05 15:31:38.767,16382,16384,16382,1,-1
2021-10-05 15:31:40.227,16381,16383,16382,1,-1
2021-10-05 15:31:41.960,16381,16382,16381,1,-1
2021-10-05 15:31:42.752,16380,16381,16380,2,-2
2021-10-05 15:31:42.836,16380,16381,16380,3,-3
2021-10-05 15:31:43.084,16380,16382,16382,1,1
2021-10-05 15:31:43.358,16380,16382,16382,1,1
2021-10-05 15:31:44.431,16381,16382,16382,1,1
2021-10-05 15:31:44.519,16381,16383,16381,4,-4
2021-10-05 15:31:44.773,16381,16383,16383,1,1
2021-10-05 15:31:44.979,16381,16383,16383,1,1
2021-10-05 15:31:45.531,16381,16383,16381,2,-2
2021-10-05 15:31:47.008,16381,16383,16381,1,-1
2021-10-05 15:31:47.186,16380,16383,16380,1,-1
2021-10-05 15:31:48.658,16381,16383,16381,2,2
2021-10-05 15:31:49.428,16380,16383,16383,2,2
2021-10-05 15:31:52.800,16383,16384,16383,2,-2
2021-10-05 15:31:52.801,16383,16384,16384,1,1
2021-10-05 15:31:59.214,16384,16386,16386,1,1
2021-10-05 15:31:59.651,16385,16386,16385,1,-1
2021-10-05 15:32:01.850,16384,16387,16387,1,1
2021-10-05 15:32:14.120,16382,16384,16384,1,1
2021-10-05 15:32:14.242,16383,16385,16383,1,-1
2021-10-05 15:32:18.895,16384,16386,16386,1,1
2021-10-05 15:32:19.665,16386,16387,16386,1,-1
2021-10-05 15:32:19.690,16386,16387,16386,1,-1
2021-10-05 15:32:20.059,16386,16387,16387,6,6
2021-10-05 15:32:20.142,16387,16388,16387,1,-1
2021-10-05 15:32:20.864,16387,16388,16388,3,3
2021-10-05 15:32:24.515,16387,16388,16388,3,3
2021-10-05 15:32:25.384,16388,16389,16389,1,1
2021-10-05 15:32:25.384,16388,16389,16389,3,3
2021-10-05 15:32:25.489,16389,16390,16390,2,2
2021-10-05 15:32:28.280,16389,16391,16390,1,-1
2021-10-05 15:32:29.097,16388,16391,16391,1,1
2021-10-05 15:32:30.630,16389,16390,16390,1,1
2021-10-05 15:32:32.423,16388,16391,16390,1,-1
2021-10-05 15:32:33.433,16387,16390,16390,1,1
2021-10-05 15:32:35.745,16388,16390,16390,2,2
2021-10-05 15:32:37.675,16388,16389,16388,2,-2
2021-10-05 15:32:42.163,16389,16390,16390,3,3
2021-10-05 15:32:45.486,16390,16391,16391,1,1
2021-10-05 15:32:45.486,16390,16391,16392,2,2
2021-10-05 15:32:45.772,16390,16392,16390,1,-1
2021-10-05 15:32:55.658,16389,16390,16389,1,-1
2021-10-05 15:32:57.967,16388,16389,16389,1,1
2021-10-05 15:33:10.326,16389,16390,16390,1,1
2021-10-05 15:33:10.326,16389,16390,16390,4,4
2021-10-05 15:33:12.026,16391,16392,16392,2,2
2021-10-05 15:33:32.968,16392,16394,16394,1,1
2021-10-05 15:33:40.541,16392,16394,16392,1,-1
2021-10-05 15:33:41.699,16391,16393,16393,3,3
2021-10-05 15:33:42.185,16391,16394,16394,1,1
2021-10-05 15:33:47.958,16391,16393,16393,1,1
2021-10-05 15:33:50.756,16393,16394,16393,1,-1
2021-10-05 15:33:51.473,16393,16394,16394,4,4
2021-10-05 15:33:53.867,16393,16395,16393,2,-2
2021-10-05 15:33:54.570,16393,16395,16393,1,-1
2021-10-05 15:33:56.227,16392,16394,16394,3,3
2021-10-05 15:33:58.152,16393,16394,16394,1,1
2021-10-05 15:33:59.035,16393,16394,16394,1,1
2021-10-05 15:33:59.150,16393,16394,16394,1,1
2021-10-05 15:34:01.091,16393,16394,16393,1,-1
2021-10-05 15:34:01.108,16393,16394,16392,1,-1
2021-10-05 15:34:01.108,16393,16394,16392,1,-1
2021-10-05 15:34:02.720,16391,16392,16391,1,-1
2021-10-05 15:34:04.656,16390,16391,16391,1,1
2021-10-05 15:34:10.228,16391,16392,16392,1,1
2021-10-05 15:34:11.216,16391,16393,16391,1,-1
2021-10-05 15:34:36.236,16390,16392,16390,2,-2
2021-10-05 15:34:45.958,16390,16391,16390,2,-2
2021-10-05 15:35:03.263,16388,16390,16388,1,-1
2021-10-05 15:35:03.263,16388,16390,16388,2,-2
2021-10-05 15:35:03.263,16388,16390,16388,1,-1
2021-10-05 15:35:03.264,16388,16390,16388,1,-1
2021-10-05 15:35:03.313,16387,16389,16389,1,1
2021-10-05 15:35:03.578,16387,16389,16387,2,-2
2021-10-05 15:35:04.424,16386,16387,16387,1,1
2021-10-05 15:35:11.304,16387,16390,16388,1,1
2021-10-05 15:35:26.701,16386,16388,16388,1,1
2021-10-05 15:35:28.263,16386,16388,16386,2,-2
2021-10-05 15:35:28.931,16386,16387,16387,3,3
2021-10-05 15:35:31.201,16387,16388,16388,1,1
2021-10-05 15:35:38.621,16388,16389,16389,1,1
2021-10-05 15:35:47.910,16388,16389,16388,1,-1
2021-10-05 15:35:54.571,16386,16387,16386,1,-1
2021-10-05 15:35:54.571,16386,16387,16386,1,-1
2021-10-05 15:35:59.040,16385,16386,16385,4,-4
2021-10-05 15:36:01.031,16384,16385,16384,3,-3
2021-10-05 15:36:01.031,16384,16385,16383,1,-1
2021-10-05 15:36:05.303,16383,16384,16383,4,-4
2021-10-05 15:36:05.387,16382,16383,16382,3,-3
2021-10-05 15:36:05.387,16382,16383,16381,2,-2
2021-10-05 15:36:11.270,16381,16383,16381,1,-1
2021-10-05 15:36:11.420,16381,16383,16382,1,1
2021-10-05 15:36:11.654,16382,16383,16383,7,7
2021-10-05 15:36:14.036,16383,16384,16383,1,-1
2021-10-05 15:36:17.809,16383,16384,16384,1,1
2021-10-05 15:36:19.494,16382,16384,16384,1,1
2021-10-05 15:36:26.626,16384,16385,16385,1,1
2021-10-05 15:36:26.878,16384,16387,16384,1,-1
2021-10-05 15:36:28.533,16384,16386,16384,6,-6
2021-10-05 15:36:28.533,16384,16386,16384,2,-2
2021-10-05 15:36:35.603,16385,16386,16386,1,1
2021-10-05 15:36:37.166,16385,16386,16386,1,1
2021-10-05 15:36:49.194,16385,16386,16385,1,-1
2021-10-05 15:36:54.042,16383,16385,16385,2,2
2021-10-05 15:36:57.370,16383,16384,16383,2,-2
2021-10-05 15:37:04.997,16382,16383,16383,1,1
2021-10-05 15:37:12.116,16384,16385,16384,2,2
2021-10-05 15:37:12.613,16384,16385,16385,1,1
2021-10-05 15:37:43.458,16384,16385,16385,1,1
2021-10-05 15:37:46.835,16384,16386,16386,2,2
2021-10-05 15:37:55.475,16384,16385,16384,1,-1
2021-10-05 15:37:55.475,16384,16385,16384,1,-1
2021-10-05 15:37:57.839,16383,16384,16383,3,-3
2021-10-05 15:38:00.225,16383,16384,16383,2,-2
2021-10-05 15:38:00.226,16383,16384,16383,1,-1
2021-10-05 15:38:02.322,16382,16383,16382,8,-8
2021-10-05 15:38:03.264,16381,16383,16383,1,1
2021-10-05 15:38:04.633,16381,16383,16383,3,3
2021-10-05 15:38:07.896,16383,16385,16383,1,-1
2021-10-05 15:38:17.441,16383,16385,16384,1,1
2021-10-05 15:38:18.073,16383,16385,16383,1,-1
2021-10-05 15:38:18.356,16383,16385,16385,2,2
2021-10-05 15:38:19.633,16384,16386,16386,2,2
2021-10-05 15:38:19.775,16384,16386,16386,3,3
2021-10-05 15:38:21.859,16385,16386,16386,1,1
2021-10-05 15:38:24.167,16386,16387,16386,1,-1
2021-10-05 15:38:26.035,16386,16387,16386,1,-1
2021-10-05 15:38:28.294,16385,16386,16386,1,1
2021-10-05 15:38:34.214,16385,16386,16386,1,1
2021-10-05 15:38:38.777,16386,16387,16386,1,-1
2021-10-05 15:38:42.123,16386,16387,16386,8,-8
2021-10-05 15:38:44.222,16385,16386,16385,3,-3
2021-10-05 15:38:44.896,16384,16385,16384,2,-2
2021-10-05 15:38:45.307,16383,16384,16384,4,4
2021-10-05 15:38:45.710,16383,16384,16383,7,-7
2021-10-05 15:38:47.821,16382,16383,16382,1,-1
2021-10-05 15:38:50.431,16382,16383,16382,1,-1
2021-10-05 15:38:57.711,16382,16383,16382,1,-1
2021-10-05 15:38:57.711,16382,16383,16382,1,-1
2021-10-05 15:39:00.455,16381,16383,16381,1,-1
2021-10-05 15:39:01.164,16381,16383,16381,2,-2
2021-10-05 15:39:02.277,16381,16382,16381,6,-6
2021-10-05 15:39:02.793,16380,16381,16380,1,-1
2021-10-05 15:39:02.993,16380,16381,16380,5,-5
2021-10-05 15:39:05.418,16379,16380,16380,1,1
2021-10-05 15:39:05.771,16379,16381,16380,1,-1
2021-10-05 15:39:15.129,16381,16382,16381,1,1
2021-10-05 15:39:19.753,16381,16382,16381,1,-1
2021-10-05 15:39:20.165,16381,16382,16381,1,-1
2021-10-05 15:39:24.195,16380,16382,16380,1,-1
2021-10-05 15:39:27.181,16380,16382,16381,1,1
2021-10-05 15:39:29.709,16380,16381,16380,4,-4
2021-10-05 15:39:33.789,16379,16380,16380,1,1
2021-10-05 15:39:35.454,16379,16380,16380,5,5
2021-10-05 15:39:37.773,16379,16381,16379,1,-1
2021-10-05 15:39:38.428,16380,16381,16380,1,1
2021-10-05 15:39:40.788,16379,16380,16380,3,3
2021-10-05 15:39:40.788,16379,16380,16380,4,4
2021-10-05 15:39:50.194,16381,16383,16382,1,1
2021-10-05 15:39:51.510,16382,16383,16383,1,1
2021-10-05 15:39:51.510,16382,16383,16383,1,1
2021-10-05 15:39:58.042,16383,16384,16383,1,-1
2021-10-05 15:39:58.096,16383,16384,16383,2,-2
2021-10-05 15:40:02.972,16383,16384,16383,1,-1
2021-10-05 15:40:03.819,16382,16384,16382,2,-2
2021-10-05 15:40:04.048,16381,16383,16381,1,-1
2021-10-05 15:40:10.402,16382,16383,16383,1,1
2021-10-05 15:40:23.939,16383,16384,16383,1,-1
2021-10-05 15:40:25.966,16383,16384,16383,1,-1
2021-10-05 15:40:37.857,16383,16384,16383,2,-2
2021-10-05 15:40:38.702,16383,16384,16383,1,-1
2021-10-05 15:40:46.064,16382,16384,16384,2,2
2021-10-05 15:40:51.820,16383,16385,16385,3,3
2021-10-05 15:40:51.998,16384,16386,16384,1,-1
2021-10-05 15:41:00.191,16384,16385,16385,1,1
2021-10-05 15:41:02.885,16385,16386,16385,1,-1
2021-10-05 15:41:03.359,16384,16385,16384,4,-4
2021-10-05 15:41:03.927,16383,16384,16383,1,-1
2021-10-05 15:41:07.145,16383,16384,16384,1,1
2021-10-05 15:41:12.109,16383,16384,16383,1,-1
2021-10-05 15:41:12.353,16382,16383,16382,2,-2
2021-10-05 15:41:12.354,16382,16383,16382,2,-2
2021-10-05 15:41:19.241,16382,16383,16383,1,1
2021-10-05 15:41:33.152,16382,16384,16384,1,1
2021-10-05 15:41:37.995,16383,16385,16385,1,1
2021-10-05 15:41:42.172,16384,16386,16384,5,-5
2021-10-05 15:41:43.971,16384,16386,16386,4,4
2021-10-05 15:41:43.971,16384,16386,16386,2,2
2021-10-05 15:41:49.692,16384,16385,16384,1,-1
2021-10-05 15:41:59.339,16386,16387,16387,1,1
2021-10-05 15:42:00.071,16386,16387,16387,2,2
2021-10-05 15:42:01.217,16386,16387,16386,1,-1
2021-10-05 15:42:06.279,16386,16388,16387,1,1
2021-10-05 15:42:16.752,16387,16388,16388,5,5
2021-10-05 15:42:19.761,16388,16389,16389,1,1
2021-10-05 15:42:19.761,16388,16389,16389,3,3
2021-10-05 15:42:19.973,16389,16390,16389,1,-1
2021-10-05 15:42:20.666,16389,16390,16390,1,1
2021-10-05 15:42:21.665,16389,16390,16390,3,3
2021-10-05 15:42:22.272,16390,16391,16391,2,2
2021-10-05 15:42:22.909,16390,16392,16390,2,-2
2021-10-05 15:42:24.371,16391,16392,16392,1,1
2021-10-05 15:42:24.714,16391,16392,16391,2,-2
2021-10-05 15:42:32.955,16391,16392,16392,2,2
2021-10-05 15:42:32.982,16391,16392,16392,3,3
2021-10-05 15:42:33.638,16391,16392,16392,4,4
2021-10-05 15:42:33.638,16391,16392,16392,1,1
2021-10-05 15:42:33.854,16391,16392,16392,1,1
2021-10-05 15:42:33.897,16391,16392,16392,1,1
2021-10-05 15:42:34.726,16391,16392,16391,4,-4
2021-10-05 15:42:34.793,16391,16392,16390,4,-4
2021-10-05 15:42:34.793,16391,16392,16390,4,-4
2021-10-05 15:42:36.045,16388,16390,16390,1,1
2021-10-05 15:42:38.724,16388,16390,16390,1,1
2021-10-05 15:42:43.061,16388,16390,16390,1,1
2021-10-05 15:42:43.915,16388,16390,16390,3,3
2021-10-05 15:42:47.231,16388,16390,16390,1,1
2021-10-05 15:42:48.368,16388,16390,16390,1,1
2021-10-05 15:42:48.873,16388,16390,16390,3,3
2021-10-05 15:42:52.775,16388,16390,16390,1,1
2021-10-05 15:42:54.053,16389,16390,16389,1,-1
