2021-09-10 15:00:00.062,17456,17460,17458,76,-76
2021-09-10 15:00:00.064,17458,17460,17460,1,1
2021-09-10 15:00:00.107,17458,17461,17461,1,1
2021-09-10 15:00:00.107,17458,17461,17461,1,1
2021-09-10 15:00:00.233,17460,17462,17462,1,1
2021-09-10 15:00:00.248,17460,17462,17460,1,-1
2021-09-10 15:00:00.249,17460,17462,17462,1,1
2021-09-10 15:00:00.290,17460,17462,17459,1,-1
2021-09-10 15:00:00.290,17460,17462,17458,10,-10
2021-09-10 15:00:00.432,17458,17462,17462,1,1
2021-09-10 15:00:00.453,17458,17462,17462,1,1
2021-09-10 15:00:00.469,17458,17462,17462,2,2
2021-09-10 15:00:00.508,17458,17463,17458,4,-4
2021-09-10 15:00:00.524,17458,17463,17463,1,1
2021-09-10 15:00:00.526,17458,17463,17463,1,1
2021-09-10 15:00:00.529,17458,17463,17463,1,1
2021-09-10 15:00:00.529,17458,17463,17463,1,1
2021-09-10 15:00:00.535,17458,17463,17464,1,1
2021-09-10 15:00:00.545,17458,17463,17465,1,1
2021-09-10 15:00:00.562,17458,17463,17465,1,1
2021-09-10 15:00:00.569,17458,17463,17466,2,2
2021-09-10 15:00:00.571,17458,17463,17467,1,1
2021-09-10 15:00:00.579,17458,17463,17461,1,-1
2021-09-10 15:00:00.609,17461,17463,17464,1,1
2021-09-10 15:00:00.615,17461,17463,17465,1,1
2021-09-10 15:00:00.615,17461,17463,17466,1,1
2021-09-10 15:00:00.615,17461,17463,17467,1,1
2021-09-10 15:00:00.623,17461,17463,17467,1,1
2021-09-10 15:00:00.650,17461,17463,17467,4,4
2021-09-10 15:00:00.657,17461,17463,17467,3,3
2021-09-10 15:00:00.657,17461,17463,17468,5,5
2021-09-10 15:00:00.659,17461,17463,17463,1,1
2021-09-10 15:00:00.703,17461,17463,17468,1,1
2021-09-10 15:00:00.724,17463,17468,17468,1,1
2021-09-10 15:00:00.898,17463,17468,17468,1,1
2021-09-10 15:00:00.908,17463,17468,17463,1,-1
2021-09-10 15:00:00.949,17463,17468,17464,2,2
2021-09-10 15:00:01.040,17464,17466,17466,1,1
2021-09-10 15:00:01.094,17464,17466,17467,1,1
2021-09-10 15:00:01.097,17465,17468,17465,1,-1
2021-09-10 15:00:01.104,17465,17468,17467,1,1
2021-09-10 15:00:01.105,17465,17468,17468,1,1
2021-09-10 15:00:01.197,17465,17468,17465,1,-1
2021-09-10 15:00:01.222,17465,17468,17468,1,1
2021-09-10 15:00:01.222,17465,17468,17465,1,-1
2021-09-10 15:00:01.254,17465,17468,17467,1,1
2021-09-10 15:00:01.430,17464,17468,17468,1,1
2021-09-10 15:00:01.472,17465,17468,17465,1,-1
2021-09-10 15:00:01.498,17465,17468,17467,1,1
2021-09-10 15:00:01.585,17465,17468,17466,1,-1
2021-09-10 15:00:01.591,17465,17468,17461,1,-1
2021-09-10 15:00:01.619,17461,17465,17465,1,1
2021-09-10 15:00:01.709,17461,17465,17464,4,-4
2021-09-10 15:00:01.980,17461,17464,17464,1,1
2021-09-10 15:00:02.090,17461,17464,17465,1,1
2021-09-10 15:00:02.269,17461,17465,17461,1,-1
2021-09-10 15:00:02.328,17461,17465,17462,1,1
2021-09-10 15:00:02.427,17461,17465,17465,1,1
2021-09-10 15:00:02.520,17461,17465,17465,1,1
2021-09-10 15:00:02.847,17463,17465,17463,1,-1
2021-09-10 15:00:02.907,17463,17465,17464,1,1
2021-09-10 15:00:02.972,17462,17464,17462,1,-1
2021-09-10 15:00:03.049,17462,17464,17463,1,1
2021-09-10 15:00:03.466,17461,17463,17463,3,3
2021-09-10 15:00:03.581,17461,17464,17464,1,1
2021-09-10 15:00:03.699,17461,17464,17462,1,-1
2021-09-10 15:00:04.097,17461,17462,17461,2,-2
2021-09-10 15:00:04.097,17461,17462,17462,1,1
2021-09-10 15:00:04.133,17461,17462,17461,1,-1
2021-09-10 15:00:04.218,17461,17462,17463,1,1
2021-09-10 15:00:04.419,17460,17463,17460,1,-1
2021-09-10 15:00:04.607,17460,17463,17460,1,-1
2021-09-10 15:00:04.728,17460,17462,17461,1,1
2021-09-10 15:00:04.904,17460,17464,17464,1,1
2021-09-10 15:00:04.941,17460,17464,17461,1,-1
2021-09-10 15:00:05.028,17460,17462,17462,1,1
2021-09-10 15:00:05.086,17460,17462,17462,4,4
2021-09-10 15:00:05.182,17462,17464,17462,1,-1
2021-09-10 15:00:05.375,17463,17464,17463,1,1
2021-09-10 15:00:05.375,17463,17464,17462,1,-1
2021-09-10 15:00:05.431,17463,17464,17462,1,-1
2021-09-10 15:00:05.540,17462,17464,17464,2,2
2021-09-10 15:00:05.567,17462,17464,17464,1,1
2021-09-10 15:00:05.753,17462,17465,17465,1,1
2021-09-10 15:00:05.766,17462,17465,17462,1,-1
2021-09-10 15:00:05.809,17462,17465,17463,1,1
2021-09-10 15:00:05.809,17462,17465,17462,1,-1
2021-09-10 15:00:06.195,17461,17462,17461,3,-3
2021-09-10 15:00:06.196,17461,17462,17461,1,-1
2021-09-10 15:00:07.310,17461,17462,17461,1,-1
2021-09-10 15:00:07.310,17461,17462,17460,1,-1
2021-09-10 15:00:07.310,17461,17462,17459,2,-2
2021-09-10 15:00:07.310,17461,17462,17458,1,-1
2021-09-10 15:00:07.403,17459,17462,17459,1,1
2021-09-10 15:00:07.403,17459,17462,17458,4,-4
2021-09-10 15:00:07.609,17459,17462,17462,1,1
2021-09-10 15:00:07.795,17459,17462,17459,1,-1
2021-09-10 15:00:08.128,17459,17462,17461,1,1
2021-09-10 15:00:08.300,17460,17461,17461,1,1
2021-09-10 15:00:08.307,17460,17461,17461,3,3
2021-09-10 15:00:09.072,17461,17462,17462,1,1
2021-09-10 15:00:09.259,17461,17462,17462,1,1
2021-09-10 15:00:10.325,17461,17462,17461,1,-1
2021-09-10 15:00:10.638,17461,17462,17462,1,1
2021-09-10 15:00:10.665,17461,17462,17462,1,1
2021-09-10 15:00:10.717,17461,17462,17462,3,3
2021-09-10 15:00:10.890,17461,17464,17464,1,1
2021-09-10 15:00:11.143,17463,17465,17465,6,6
2021-09-10 15:00:11.152,17463,17465,17463,1,-1
2021-09-10 15:00:11.212,17463,17465,17463,1,-1
2021-09-10 15:00:13.156,17462,17463,17462,3,-3
2021-09-10 15:00:14.723,17461,17462,17461,1,-1
2021-09-10 15:00:14.783,17461,17462,17462,1,1
2021-09-10 15:00:14.962,17461,17462,17462,1,1
2021-09-10 15:00:15.080,17461,17462,17461,4,-4
2021-09-10 15:00:15.132,17460,17461,17461,3,3
2021-09-10 15:00:15.960,17461,17462,17462,1,1
2021-09-10 15:00:16.864,17461,17462,17462,1,1
2021-09-10 15:00:17.260,17461,17462,17462,1,1
2021-09-10 15:00:17.260,17461,17462,17462,1,1
2021-09-10 15:00:17.260,17461,17462,17462,1,1
2021-09-10 15:00:17.900,17461,17462,17461,1,-1
2021-09-10 15:00:18.145,17461,17462,17461,1,-1
2021-09-10 15:00:18.148,17461,17462,17461,1,-1
2021-09-10 15:00:18.396,17460,17462,17462,1,1
2021-09-10 15:00:18.630,17461,17462,17461,3,-3
2021-09-10 15:00:18.630,17461,17462,17460,2,-2
2021-09-10 15:00:18.831,17460,17462,17462,1,1
2021-09-10 15:00:19.596,17461,17462,17462,5,5
2021-09-10 15:00:20.729,17461,17462,17461,3,-3
2021-09-10 15:00:20.979,17460,17461,17461,1,1
2021-09-10 15:00:21.630,17460,17461,17461,1,1
2021-09-10 15:00:22.049,17460,17461,17461,1,1
2021-09-10 15:00:22.963,17461,17462,17461,2,-2
2021-09-10 15:00:22.984,17460,17462,17462,1,1
2021-09-10 15:00:23.962,17460,17461,17460,10,-10
2021-09-10 15:00:24.473,17459,17460,17459,7,-7
2021-09-10 15:00:24.834,17458,17460,17458,2,-2
2021-09-10 15:00:24.855,17458,17459,17458,1,-1
2021-09-10 15:00:24.856,17458,17459,17458,1,-1
2021-09-10 15:00:24.925,17458,17459,17459,1,1
2021-09-10 15:00:25.390,17457,17459,17459,1,1
2021-09-10 15:00:25.460,17457,17459,17457,2,-2
2021-09-10 15:00:25.657,17457,17460,17457,3,-3
2021-09-10 15:00:25.661,17457,17460,17457,1,-1
2021-09-10 15:00:25.690,17457,17460,17460,1,1
2021-09-10 15:00:25.970,17457,17459,17457,2,-2
2021-09-10 15:00:26.149,17457,17459,17459,1,1
2021-09-10 15:00:26.149,17457,17459,17460,1,1
2021-09-10 15:00:26.895,17458,17460,17460,3,3
2021-09-10 15:00:26.895,17458,17460,17461,2,2
2021-09-10 15:00:26.984,17458,17461,17461,1,1
2021-09-10 15:00:27.548,17458,17461,17458,5,-5
2021-09-10 15:00:27.722,17457,17459,17459,1,1
2021-09-10 15:00:28.084,17459,17461,17459,2,-2
2021-09-10 15:00:28.852,17458,17459,17458,1,-1
2021-09-10 15:00:29.673,17457,17459,17457,1,-1
2021-09-10 15:00:30.970,17458,17459,17458,2,2
2021-09-10 15:00:31.457,17458,17459,17459,1,1
2021-09-10 15:00:31.457,17458,17459,17460,4,4
2021-09-10 15:00:31.646,17458,17461,17458,2,-2
2021-09-10 15:00:31.736,17458,17461,17458,1,-1
2021-09-10 15:00:32.373,17458,17459,17458,2,-2
2021-09-10 15:00:32.652,17457,17459,17457,1,-1
2021-09-10 15:00:33.328,17457,17459,17459,1,1
2021-09-10 15:00:33.749,17458,17459,17458,1,-1
2021-09-10 15:00:33.749,17458,17459,17457,1,-1
2021-09-10 15:00:33.812,17458,17459,17459,1,1
2021-09-10 15:00:33.893,17457,17459,17457,1,-1
2021-09-10 15:00:34.514,17457,17458,17458,1,1
2021-09-10 15:00:34.761,17458,17459,17458,1,-1
2021-09-10 15:00:34.782,17458,17459,17458,9,-9
2021-09-10 15:00:34.782,17458,17459,17457,5,-5
2021-09-10 15:00:34.977,17456,17457,17457,1,1
2021-09-10 15:00:35.553,17457,17459,17459,1,1
2021-09-10 15:00:36.348,17456,17458,17458,1,1
2021-09-10 15:00:36.758,17457,17459,17459,1,1
2021-09-10 15:00:36.758,17457,17459,17460,4,4
2021-09-10 15:00:37.315,17458,17460,17458,1,-1
2021-09-10 15:00:39.555,17458,17460,17458,3,-3
2021-09-10 15:00:39.555,17458,17460,17457,2,-2
2021-09-10 15:00:41.234,17457,17458,17458,1,1
2021-09-10 15:00:42.302,17457,17458,17457,1,-1
2021-09-10 15:00:42.343,17457,17458,17458,1,1
2021-09-10 15:00:42.817,17457,17458,17458,1,1
2021-09-10 15:00:43.186,17457,17458,17458,1,1
2021-09-10 15:00:43.688,17457,17458,17457,4,-4
2021-09-10 15:00:43.688,17457,17458,17456,1,-1
2021-09-10 15:00:43.996,17456,17458,17458,1,1
2021-09-10 15:00:44.047,17456,17458,17458,2,2
2021-09-10 15:00:44.414,17456,17459,17456,2,-2
2021-09-10 15:00:44.481,17456,17457,17457,1,1
2021-09-10 15:00:46.188,17456,17457,17456,1,-1
2021-09-10 15:00:46.372,17456,17457,17457,1,1
2021-09-10 15:00:46.429,17456,17457,17457,1,1
2021-09-10 15:00:46.490,17457,17458,17457,1,-1
2021-09-10 15:00:47.028,17457,17458,17458,1,1
2021-09-10 15:00:47.028,17457,17458,17460,4,4
2021-09-10 15:00:47.386,17458,17460,17458,1,-1
2021-09-10 15:00:47.402,17458,17460,17458,1,-1
2021-09-10 15:00:47.743,17458,17460,17458,1,-1
2021-09-10 15:00:48.087,17458,17460,17458,1,-1
2021-09-10 15:00:48.732,17458,17459,17459,1,1
2021-09-10 15:00:49.064,17458,17460,17460,2,2
2021-09-10 15:00:49.692,17458,17460,17458,1,-1
2021-09-10 15:00:50.992,17459,17460,17459,1,1
2021-09-10 15:00:51.058,17459,17460,17458,1,-1
2021-09-10 15:00:51.960,17458,17459,17459,5,5
2021-09-10 15:00:53.257,17458,17459,17459,2,2
2021-09-10 15:00:54.306,17458,17459,17459,1,1
2021-09-10 15:00:54.648,17458,17459,17459,1,1
2021-09-10 15:00:55.022,17458,17459,17459,1,1
2021-09-10 15:00:56.093,17459,17460,17459,1,-1
2021-09-10 15:00:56.846,17458,17460,17460,1,1
2021-09-10 15:00:56.922,17459,17460,17460,1,1
2021-09-10 15:00:57.016,17459,17461,17460,1,-1
2021-09-10 15:00:57.136,17459,17461,17461,1,1
2021-09-10 15:00:57.136,17459,17461,17461,1,1
2021-09-10 15:00:58.301,17459,17462,17462,3,3
2021-09-10 15:00:58.301,17459,17462,17463,1,1
2021-09-10 15:00:58.314,17459,17462,17463,1,1
2021-09-10 15:00:58.345,17459,17462,17463,1,1
2021-09-10 15:00:58.714,17461,17463,17461,3,-3
2021-09-10 15:00:58.714,17461,17463,17460,2,-2
2021-09-10 15:00:59.084,17460,17462,17462,1,1
2021-09-10 15:00:59.570,17461,17463,17461,2,-2
2021-09-10 15:00:59.570,17461,17463,17460,3,-3
2021-09-10 15:00:59.920,17460,17462,17460,1,-1
2021-09-10 15:00:59.920,17460,17462,17459,8,-8
2021-09-10 15:01:00.018,17459,17462,17462,3,3
2021-09-10 15:01:00.018,17459,17462,17463,2,2
2021-09-10 15:01:00.025,17459,17462,17463,2,2
2021-09-10 15:01:00.034,17459,17462,17463,1,1
2021-09-10 15:01:00.039,17459,17462,17463,1,1
2021-09-10 15:01:00.045,17459,17462,17463,1,1
2021-09-10 15:01:00.056,17459,17462,17463,1,1
2021-09-10 15:01:00.056,17459,17462,17461,2,-2
2021-09-10 15:01:00.062,17459,17462,17463,2,2
2021-09-10 15:01:00.068,17459,17462,17464,1,1
2021-09-10 15:01:00.074,17459,17462,17462,1,1
2021-09-10 15:01:00.080,17459,17462,17464,1,1
2021-09-10 15:01:00.080,17459,17462,17464,1,1
2021-09-10 15:01:00.084,17459,17462,17464,1,1
2021-09-10 15:01:00.086,17459,17462,17464,2,2
2021-09-10 15:01:00.088,17459,17462,17465,1,1
2021-09-10 15:01:00.111,17462,17464,17464,1,1
2021-09-10 15:01:00.119,17462,17464,17464,2,2
2021-09-10 15:01:00.137,17462,17464,17464,1,1
2021-09-10 15:01:00.142,17462,17464,17464,1,1
2021-09-10 15:01:00.186,17462,17464,17464,1,1
2021-09-10 15:01:00.251,17461,17464,17464,2,2
2021-09-10 15:01:00.449,17462,17464,17464,2,2
2021-09-10 15:01:01.634,17461,17464,17464,1,1
2021-09-10 15:01:01.726,17461,17464,17464,1,1
2021-09-10 15:01:03.681,17462,17463,17463,1,1
2021-09-10 15:01:04.137,17463,17464,17464,2,2
2021-09-10 15:01:04.251,17464,17465,17465,1,1
2021-09-10 15:01:04.346,17464,17465,17466,1,1
2021-09-10 15:01:04.949,17463,17466,17463,1,-1
2021-09-10 15:01:05.321,17463,17466,17466,1,1
2021-09-10 15:01:05.607,17463,17465,17465,1,1
2021-09-10 15:01:05.607,17463,17465,17466,4,4
2021-09-10 15:01:06.154,17464,17466,17464,1,-1
2021-09-10 15:01:06.264,17464,17466,17465,1,1
2021-09-10 15:01:06.713,17465,17467,17465,2,-2
2021-09-10 15:01:07.109,17464,17465,17464,1,-1
2021-09-10 15:01:07.984,17463,17466,17466,1,1
2021-09-10 15:01:08.670,17464,17466,17466,1,1
2021-09-10 15:01:08.980,17464,17466,17464,1,-1
2021-09-10 15:01:09.455,17464,17466,17464,1,-1
2021-09-10 15:01:09.455,17464,17466,17463,4,-4
2021-09-10 15:01:11.916,17463,17466,17466,4,4
2021-09-10 15:01:11.916,17463,17466,17467,1,1
2021-09-10 15:01:12.103,17464,17467,17467,1,1
2021-09-10 15:01:12.129,17464,17467,17467,1,1
2021-09-10 15:01:12.174,17464,17467,17467,1,1
2021-09-10 15:01:13.091,17466,17467,17466,1,-1
2021-09-10 15:01:13.680,17466,17467,17466,4,-4
2021-09-10 15:01:16.473,17464,17465,17465,1,1
2021-09-10 15:01:16.473,17464,17465,17466,4,4
2021-09-10 15:01:17.715,17465,17466,17465,3,-3
2021-09-10 15:01:17.725,17464,17465,17464,1,-1
2021-09-10 15:01:20.356,17464,17465,17465,1,1
2021-09-10 15:01:20.450,17464,17465,17464,2,-2
2021-09-10 15:01:20.684,17464,17465,17464,1,-1
2021-09-10 15:01:20.721,17464,17465,17465,1,1
2021-09-10 15:01:20.840,17463,17465,17463,1,-1
2021-09-10 15:01:20.910,17463,17464,17463,2,-2
2021-09-10 15:01:21.842,17461,17464,17464,2,2
2021-09-10 15:01:22.665,17461,17464,17462,2,-2
2021-09-10 15:01:24.022,17462,17464,17464,1,1
2021-09-10 15:01:24.939,17462,17464,17464,3,3
2021-09-10 15:01:24.939,17462,17464,17465,2,2
2021-09-10 15:01:25.046,17463,17465,17463,1,-1
2021-09-10 15:01:26.851,17463,17465,17463,2,-2
2021-09-10 15:01:28.854,17463,17464,17464,1,1
2021-09-10 15:01:28.975,17463,17465,17463,1,-1
2021-09-10 15:01:29.602,17463,17464,17464,1,1
2021-09-10 15:01:30.269,17463,17465,17465,2,2
2021-09-10 15:01:30.791,17463,17465,17463,1,-1
2021-09-10 15:01:31.032,17463,17465,17465,7,7
2021-09-10 15:01:33.579,17463,17464,17463,1,-1
2021-09-10 15:01:34.731,17463,17464,17463,4,-4
2021-09-10 15:01:35.154,17462,17463,17463,1,1
2021-09-10 15:01:36.964,17462,17463,17463,1,1
2021-09-10 15:01:36.965,17462,17463,17463,4,4
2021-09-10 15:01:38.437,17463,17464,17463,1,-1
2021-09-10 15:01:38.474,17463,17464,17463,1,-1
2021-09-10 15:01:38.474,17463,17464,17463,1,-1
2021-09-10 15:01:40.434,17463,17464,17464,1,1
2021-09-10 15:01:40.434,17463,17464,17464,1,1
2021-09-10 15:01:45.492,17463,17465,17463,1,-1
2021-09-10 15:01:46.700,17464,17465,17464,1,1
2021-09-10 15:01:49.997,17463,17464,17464,1,1
2021-09-10 15:01:49.997,17463,17464,17464,8,8
2021-09-10 15:01:50.100,17464,17465,17464,1,-1
2021-09-10 15:01:52.211,17464,17465,17465,2,2
2021-09-10 15:01:52.438,17464,17466,17466,5,5
2021-09-10 15:01:53.470,17465,17466,17466,7,7
2021-09-10 15:01:54.441,17466,17467,17466,4,-4
2021-09-10 15:01:54.441,17466,17467,17465,1,-1
2021-09-10 15:01:56.765,17465,17467,17467,2,2
2021-09-10 15:01:56.765,17465,17467,17468,3,3
2021-09-10 15:01:58.660,17466,17467,17467,1,1
2021-09-10 15:01:59.753,17467,17468,17468,2,2
2021-09-10 15:02:00.013,17467,17468,17468,1,1
2021-09-10 15:02:00.136,17467,17468,17468,1,1
2021-09-10 15:02:00.196,17467,17468,17468,1,1
2021-09-10 15:02:00.425,17468,17469,17469,11,11
2021-09-10 15:02:00.715,17469,17470,17470,1,1
2021-09-10 15:02:00.715,17469,17470,17470,4,4
2021-09-10 15:02:00.715,17469,17470,17470,1,1
2021-09-10 15:02:00.873,17469,17470,17470,2,2
2021-09-10 15:02:01.268,17469,17470,17470,1,1
2021-09-10 15:02:01.270,17469,17470,17470,16,16
2021-09-10 15:02:01.271,17469,17470,17471,3,3
2021-09-10 15:02:01.376,17471,17472,17472,1,1
2021-09-10 15:02:02.305,17471,17472,17472,1,1
2021-09-10 15:02:02.614,17471,17472,17472,4,4
2021-09-10 15:02:02.614,17471,17472,17473,1,1
2021-09-10 15:02:02.614,17471,17472,17473,3,3
2021-09-10 15:02:02.614,17471,17472,17473,3,3
2021-09-10 15:02:02.818,17472,17473,17472,1,-1
2021-09-10 15:02:03.249,17472,17473,17473,1,1
2021-09-10 15:02:03.569,17472,17474,17474,1,1
2021-09-10 15:02:03.641,17472,17474,17474,2,2
2021-09-10 15:02:03.643,17472,17474,17474,3,3
2021-09-10 15:02:03.643,17472,17474,17475,2,2
2021-09-10 15:02:03.645,17472,17474,17474,3,3
2021-09-10 15:02:03.645,17472,17474,17475,1,1
2021-09-10 15:02:03.850,17473,17475,17473,1,-1
2021-09-10 15:02:03.850,17473,17475,17472,1,-1
2021-09-10 15:02:03.969,17473,17475,17472,2,-2
2021-09-10 15:02:04.039,17472,17474,17473,1,1
2021-09-10 15:02:04.064,17472,17474,17472,1,-1
2021-09-10 15:02:04.262,17473,17474,17474,1,1
2021-09-10 15:02:05.601,17474,17475,17474,1,-1
2021-09-10 15:02:05.863,17474,17475,17474,1,-1
2021-09-10 15:02:05.888,17474,17475,17474,3,-3
2021-09-10 15:02:05.888,17474,17475,17473,2,-2
2021-09-10 15:02:06.688,17473,17475,17473,1,-1
2021-09-10 15:02:09.454,17473,17475,17475,1,1
2021-09-10 15:02:09.881,17473,17474,17473,1,-1
2021-09-10 15:02:10.754,17473,17475,17473,8,-8
2021-09-10 15:02:10.754,17473,17475,17472,3,-3
2021-09-10 15:02:10.754,17473,17475,17471,7,-7
2021-09-10 15:02:10.754,17473,17475,17470,15,-15
2021-09-10 15:02:10.754,17473,17475,17469,7,-7
2021-09-10 15:02:10.756,17473,17475,17469,1,-1
2021-09-10 15:02:10.757,17473,17475,17469,1,-1
2021-09-10 15:02:10.757,17473,17475,17469,1,-1
2021-09-10 15:02:10.776,17473,17475,17469,1,-1
2021-09-10 15:02:10.776,17473,17475,17468,1,-1
2021-09-10 15:02:11.802,17469,17470,17470,5,5
2021-09-10 15:02:11.836,17469,17470,17471,1,1
2021-09-10 15:02:11.851,17469,17471,17469,1,-1
2021-09-10 15:02:11.851,17469,17471,17468,1,-1
2021-09-10 15:02:11.852,17469,17471,17467,1,-1
2021-09-10 15:02:12.726,17469,17470,17470,3,3
2021-09-10 15:02:13.729,17469,17472,17469,1,-1
2021-09-10 15:02:13.730,17469,17472,17469,1,-1
2021-09-10 15:02:20.223,17470,17471,17471,1,1
2021-09-10 15:02:21.789,17470,17471,17471,5,5
2021-09-10 15:02:22.136,17471,17472,17472,1,1
2021-09-10 15:02:22.319,17471,17474,17471,4,-4
2021-09-10 15:02:22.319,17471,17474,17470,3,-3
2021-09-10 15:02:24.126,17472,17473,17473,1,1
2021-09-10 15:02:24.380,17472,17473,17473,3,3
2021-09-10 15:02:24.380,17472,17473,17474,2,2
2021-09-10 15:02:25.273,17473,17474,17474,1,1
2021-09-10 15:02:25.274,17473,17474,17474,5,5
2021-09-10 15:02:25.274,17473,17474,17475,3,3
2021-09-10 15:02:25.437,17473,17475,17473,1,-1
2021-09-10 15:02:25.977,17473,17474,17474,1,1
2021-09-10 15:02:25.977,17473,17474,17475,1,1
2021-09-10 15:02:26.664,17473,17475,17473,1,-1
2021-09-10 15:02:26.957,17473,17474,17473,1,-1
2021-09-10 15:02:28.321,17472,17474,17474,2,2
2021-09-10 15:02:28.966,17472,17474,17474,1,1
2021-09-10 15:02:30.138,17472,17473,17473,1,1
2021-09-10 15:02:31.487,17472,17473,17472,6,-6
2021-09-10 15:02:31.652,17471,17472,17472,2,2
2021-09-10 15:02:32.357,17471,17472,17472,2,2
2021-09-10 15:02:36.309,17471,17472,17471,2,-2
2021-09-10 15:02:36.921,17470,17472,17472,1,1
2021-09-10 15:02:37.222,17470,17471,17471,1,1
2021-09-10 15:02:37.841,17470,17472,17472,1,1
2021-09-10 15:02:38.050,17470,17472,17472,1,1
2021-09-10 15:02:45.174,17472,17473,17472,1,-1
2021-09-10 15:02:46.249,17472,17473,17472,1,-1
2021-09-10 15:02:47.499,17472,17473,17473,1,1
2021-09-10 15:02:48.145,17472,17473,17472,2,-2
2021-09-10 15:02:49.346,17472,17473,17473,1,1
2021-09-10 15:02:49.350,17472,17473,17473,1,1
2021-09-10 15:02:49.350,17472,17473,17473,6,6
2021-09-10 15:02:49.350,17472,17473,17473,1,1
2021-09-10 15:02:49.350,17472,17473,17473,2,2
2021-09-10 15:02:50.432,17473,17474,17473,1,-1
2021-09-10 15:02:50.549,17473,17474,17474,1,1
2021-09-10 15:02:52.127,17473,17474,17474,5,5
2021-09-10 15:02:52.222,17473,17474,17474,5,5
2021-09-10 15:02:53.016,17473,17475,17475,5,5
2021-09-10 15:02:53.905,17474,17475,17475,3,3
2021-09-10 15:02:53.972,17474,17475,17475,3,3
2021-09-10 15:02:54.939,17474,17475,17475,1,1
2021-09-10 15:02:57.941,17474,17475,17474,1,-1
2021-09-10 15:02:59.526,17473,17474,17473,4,-4
2021-09-10 15:03:00.053,17472,17473,17472,1,-1
2021-09-10 15:03:00.093,17472,17473,17472,1,-1
2021-09-10 15:03:00.122,17472,17473,17473,1,1
2021-09-10 15:03:00.447,17472,17473,17473,1,1
2021-09-10 15:03:00.614,17472,17473,17472,1,-1
2021-09-10 15:03:01.297,17471,17473,17471,5,-5
2021-09-10 15:03:01.298,17471,17473,17471,16,-16
2021-09-10 15:03:01.472,17470,17471,17470,8,-8
2021-09-10 15:03:01.473,17470,17471,17470,2,-2
2021-09-10 15:03:01.473,17470,17471,17470,1,-1
2021-09-10 15:03:01.473,17470,17471,17470,2,-2
2021-09-10 15:03:01.473,17470,17471,17470,1,-1
2021-09-10 15:03:01.473,17470,17471,17470,2,-2
2021-09-10 15:03:01.660,17469,17471,17471,1,1
2021-09-10 15:03:04.450,17470,17471,17471,2,2
2021-09-10 15:03:04.820,17470,17471,17470,1,-1
2021-09-10 15:03:05.477,17470,17471,17470,2,-2
2021-09-10 15:03:05.758,17469,17470,17470,4,4
2021-09-10 15:03:05.759,17469,17470,17470,1,1
2021-09-10 15:03:06.508,17470,17471,17470,1,-1
2021-09-10 15:03:07.155,17469,17471,17470,1,-1
2021-09-10 15:03:10.290,17469,17471,17469,6,-6
2021-09-10 15:03:10.458,17468,17470,17468,3,-3
2021-09-10 15:03:10.458,17468,17470,17467,2,-2
2021-09-10 15:03:11.081,17468,17470,17470,1,1
2021-09-10 15:03:11.919,17468,17469,17469,1,1
2021-09-10 15:03:13.790,17468,17470,17468,1,-1
2021-09-10 15:03:14.512,17468,17470,17468,4,-4
2021-09-10 15:03:14.512,17468,17470,17467,1,-1
2021-09-10 15:03:15.083,17467,17470,17467,5,-5
2021-09-10 15:03:16.167,17468,17469,17468,5,5
2021-09-10 15:03:20.468,17467,17468,17468,1,1
2021-09-10 15:03:20.995,17467,17469,17469,1,1
2021-09-10 15:03:21.547,17467,17470,17467,1,-1
2021-09-10 15:03:22.941,17467,17470,17467,2,-2
2021-09-10 15:03:23.736,17467,17470,17470,1,1
2021-09-10 15:03:27.365,17467,17470,17467,1,-1
2021-09-10 15:03:27.948,17467,17469,17469,1,1
2021-09-10 15:03:32.746,17467,17468,17468,1,1
2021-09-10 15:03:39.118,17468,17469,17468,1,-1
2021-09-10 15:03:39.411,17468,17469,17468,1,-1
2021-09-10 15:03:43.496,17467,17468,17468,1,1
2021-09-10 15:03:44.187,17467,17468,17467,1,-1
2021-09-10 15:03:45.048,17467,17468,17467,1,-1
2021-09-10 15:03:45.670,17467,17468,17467,7,-7
2021-09-10 15:03:49.079,17466,17467,17466,1,-1
2021-09-10 15:03:51.634,17466,17467,17466,1,-1
2021-09-10 15:03:52.332,17466,17467,17466,1,-1
2021-09-10 15:03:53.044,17466,17467,17467,1,1
2021-09-10 15:03:57.253,17466,17467,17466,4,-4
2021-09-10 15:03:57.722,17465,17466,17466,3,3
2021-09-10 15:03:59.291,17465,17466,17465,1,-1
2021-09-10 15:03:59.946,17465,17466,17466,1,1
2021-09-10 15:04:00.575,17465,17466,17465,1,-1
2021-09-10 15:04:00.577,17465,17466,17465,1,-1
2021-09-10 15:04:00.577,17465,17466,17465,12,-12
2021-09-10 15:04:00.940,17464,17465,17465,2,2
2021-09-10 15:04:03.161,17464,17465,17465,2,2
2021-09-10 15:04:03.162,17464,17465,17465,3,3
2021-09-10 15:04:05.814,17464,17465,17465,1,1
2021-09-10 15:04:06.177,17464,17465,17464,1,-1
2021-09-10 15:04:06.178,17464,17465,17464,1,-1
2021-09-10 15:04:06.365,17463,17464,17464,1,1
2021-09-10 15:04:06.719,17463,17464,17463,1,-1
2021-09-10 15:04:07.347,17463,17464,17463,1,-1
2021-09-10 15:04:07.698,17463,17464,17463,4,-4
2021-09-10 15:04:07.699,17463,17464,17463,9,-9
2021-09-10 15:04:08.233,17462,17463,17462,6,-6
2021-09-10 15:04:13.147,17461,17462,17461,1,-1
2021-09-10 15:04:13.769,17461,17462,17461,4,-4
2021-09-10 15:04:13.902,17461,17462,17461,1,-1
2021-09-10 15:04:14.406,17461,17462,17461,1,-1
2021-09-10 15:04:15.616,17461,17462,17461,5,-5
2021-09-10 15:04:17.142,17461,17462,17462,1,1
2021-09-10 15:04:17.143,17461,17462,17462,1,1
2021-09-10 15:04:20.109,17462,17464,17462,1,-1
2021-09-10 15:04:24.479,17462,17463,17462,3,-3
2021-09-10 15:04:25.349,17462,17463,17462,1,-1
2021-09-10 15:04:25.982,17462,17463,17462,1,-1
2021-09-10 15:04:32.131,17462,17463,17463,1,1
2021-09-10 15:04:32.542,17462,17463,17462,4,-4
2021-09-10 15:04:32.542,17462,17463,17461,1,-1
2021-09-10 15:04:33.085,17461,17464,17462,1,1
2021-09-10 15:04:33.829,17462,17463,17462,5,-5
2021-09-10 15:04:35.354,17462,17463,17463,1,1
2021-09-10 15:04:35.355,17462,17463,17463,1,1
2021-09-10 15:04:36.535,17463,17464,17464,1,1
2021-09-10 15:04:39.299,17463,17464,17464,2,2
2021-09-10 15:04:39.753,17463,17464,17464,1,1
2021-09-10 15:04:39.921,17463,17465,17463,2,-2
2021-09-10 15:04:45.371,17462,17463,17463,1,1
2021-09-10 15:04:49.012,17462,17464,17462,1,-1
2021-09-10 15:04:51.745,17462,17463,17462,5,-5
2021-09-10 15:04:56.337,17462,17463,17462,1,-1
2021-09-10 15:04:57.189,17462,17463,17462,1,-1
2021-09-10 15:05:00.473,17462,17463,17462,1,-1
2021-09-10 15:05:00.532,17462,17463,17462,12,-12
2021-09-10 15:05:00.539,17462,17463,17461,3,-3
2021-09-10 15:05:00.539,17462,17463,17461,1,-1
2021-09-10 15:05:03.568,17461,17463,17463,1,1
2021-09-10 15:05:05.951,17461,17463,17461,5,-5
2021-09-10 15:05:06.387,17461,17463,17463,1,1
2021-09-10 15:05:07.261,17461,17463,17461,1,-1
2021-09-10 15:05:09.648,17462,17463,17462,1,1
2021-09-10 15:05:12.960,17462,17463,17462,1,-1
2021-09-10 15:05:15.404,17461,17462,17461,8,-8
2021-09-10 15:05:15.610,17460,17462,17462,1,1
2021-09-10 15:05:17.649,17461,17462,17461,1,-1
2021-09-10 15:05:20.382,17461,17462,17462,1,1
2021-09-10 15:05:20.857,17461,17462,17461,5,-5
2021-09-10 15:05:23.660,17461,17462,17462,4,4
2021-09-10 15:05:23.660,17461,17462,17463,1,1
2021-09-10 15:05:26.185,17461,17463,17463,4,4
2021-09-10 15:05:27.489,17462,17463,17463,2,2
2021-09-10 15:05:31.682,17462,17464,17462,1,-1
2021-09-10 15:05:32.013,17462,17464,17464,1,1
2021-09-10 15:05:34.262,17463,17464,17464,11,11
2021-09-10 15:05:34.726,17463,17465,17465,5,5
2021-09-10 15:05:35.440,17464,17465,17464,2,-2
2021-09-10 15:05:35.442,17464,17465,17464,2,-2
2021-09-10 15:05:35.664,17464,17465,17465,1,1
2021-09-10 15:05:35.664,17464,17465,17465,1,1
2021-09-10 15:05:35.664,17464,17465,17465,3,3
2021-09-10 15:05:35.798,17465,17466,17466,2,2
2021-09-10 15:05:35.798,17465,17466,17466,1,1
2021-09-10 15:05:35.839,17465,17466,17467,1,1
2021-09-10 15:05:35.924,17465,17467,17467,1,1
2021-09-10 15:05:36.111,17465,17467,17465,1,-1
2021-09-10 15:05:42.109,17465,17467,17465,3,-3
2021-09-10 15:05:42.278,17465,17467,17467,1,1
2021-09-10 15:05:43.160,17465,17467,17467,5,5
2021-09-10 15:05:45.027,17465,17467,17467,3,3
2021-09-10 15:05:47.807,17465,17467,17467,3,3
2021-09-10 15:05:47.807,17465,17467,17468,2,2
2021-09-10 15:05:50.102,17465,17467,17467,1,1
2021-09-10 15:05:52.491,17465,17467,17467,4,4
2021-09-10 15:05:52.491,17465,17467,17468,1,1
2021-09-10 15:05:52.651,17465,17467,17466,1,-1
2021-09-10 15:05:56.255,17465,17467,17467,2,2
2021-09-10 15:05:57.682,17465,17466,17465,4,-4
2021-09-10 15:05:58.332,17463,17466,17466,1,1
2021-09-10 15:05:58.448,17463,17466,17466,1,1
2021-09-10 15:05:59.898,17464,17467,17467,1,1
2021-09-10 15:06:00.483,17464,17467,17467,5,5
2021-09-10 15:06:02.938,17466,17467,17467,2,2
2021-09-10 15:06:04.713,17467,17468,17468,4,4
2021-09-10 15:06:05.913,17468,17469,17469,1,1
2021-09-10 15:06:05.913,17468,17469,17470,4,4
2021-09-10 15:06:06.026,17469,17470,17470,1,1
2021-09-10 15:06:07.753,17469,17472,17469,1,-1
2021-09-10 15:06:08.192,17469,17472,17469,1,-1
2021-09-10 15:06:09.167,17469,17472,17469,1,-1
2021-09-10 15:06:12.718,17470,17472,17472,1,1
2021-09-10 15:06:15.254,17470,17472,17472,2,2
2021-09-10 15:06:15.533,17470,17472,17472,1,1
2021-09-10 15:06:16.480,17470,17472,17472,1,1
2021-09-10 15:06:18.437,17470,17472,17472,1,1
2021-09-10 15:06:19.843,17470,17472,17470,1,-1
2021-09-10 15:06:20.148,17470,17471,17470,1,-1
2021-09-10 15:06:21.609,17469,17470,17469,1,-1
2021-09-10 15:06:26.384,17468,17470,17470,1,1
2021-09-10 15:06:27.921,17469,17470,17470,1,1
2021-09-10 15:06:27.921,17469,17470,17470,1,1
2021-09-10 15:06:30.818,17470,17471,17470,1,-1
2021-09-10 15:06:34.628,17469,17470,17469,1,-1
2021-09-10 15:06:34.628,17469,17470,17469,1,-1
2021-09-10 15:06:40.152,17468,17470,17470,4,4
2021-09-10 15:06:44.104,17469,17470,17469,1,-1
2021-09-10 15:06:46.199,17467,17469,17469,1,1
2021-09-10 15:06:48.195,17469,17470,17469,3,-3
2021-09-10 15:06:55.693,17467,17469,17467,1,-1
2021-09-10 15:06:55.884,17467,17468,17468,1,1
2021-09-10 15:06:58.013,17467,17468,17467,1,-1
2021-09-10 15:06:58.044,17467,17468,17467,1,-1
2021-09-10 15:07:04.183,17468,17469,17469,1,1
2021-09-10 15:07:04.183,17468,17469,17469,1,1
2021-09-10 15:07:04.183,17468,17469,17469,1,1
2021-09-10 15:07:07.631,17468,17469,17469,1,1
2021-09-10 15:07:08.192,17468,17470,17468,1,-1
2021-09-10 15:07:08.643,17468,17470,17470,1,1
2021-09-10 15:07:14.023,17469,17470,17470,1,1
2021-09-10 15:07:15.090,17469,17470,17470,1,1
2021-09-10 15:07:21.666,17469,17470,17469,1,-1
2021-09-10 15:07:23.573,17468,17469,17468,1,-1
2021-09-10 15:07:25.545,17466,17468,17468,1,1
2021-09-10 15:07:28.020,17466,17468,17466,3,-3
2021-09-10 15:07:28.022,17466,17468,17466,1,-1
2021-09-10 15:07:28.023,17466,17468,17466,1,-1
2021-09-10 15:07:28.023,17466,17468,17466,1,-1
2021-09-10 15:07:28.023,17466,17468,17466,1,-1
2021-09-10 15:07:28.023,17466,17468,17466,1,-1
2021-09-10 15:07:29.057,17465,17466,17466,1,1
2021-09-10 15:07:35.443,17465,17468,17468,4,4
2021-09-10 15:07:36.187,17466,17468,17466,1,-1
2021-09-10 15:07:44.337,17466,17467,17466,1,-1
2021-09-10 15:07:46.723,17465,17467,17466,1,-1
2021-09-10 15:07:47.085,17465,17467,17465,4,-4
2021-09-10 15:07:47.323,17463,17466,17463,1,-1
2021-09-10 15:07:47.820,17464,17466,17466,2,2
2021-09-10 15:07:53.815,17463,17465,17463,1,-1
2021-09-10 15:07:53.816,17463,17465,17463,1,-1
2021-09-10 15:07:55.626,17463,17464,17464,1,1
2021-09-10 15:07:59.327,17462,17464,17462,1,-1
2021-09-10 15:07:59.636,17462,17464,17462,1,-1
2021-09-10 15:07:59.927,17462,17464,17464,2,2
2021-09-10 15:07:59.927,17462,17464,17465,2,2
2021-09-10 15:08:00.021,17463,17465,17465,1,1
2021-09-10 15:08:00.027,17463,17465,17465,1,1
2021-09-10 15:08:00.598,17464,17465,17464,1,-1
2021-09-10 15:08:02.774,17464,17465,17464,1,-1
2021-09-10 15:08:03.857,17464,17466,17465,1,1
2021-09-10 15:08:04.931,17465,17466,17465,1,-1
2021-09-10 15:08:07.875,17465,17466,17465,1,-1
2021-09-10 15:08:14.775,17464,17465,17465,1,1
2021-09-10 15:08:14.776,17464,17465,17465,1,1
2021-09-10 15:08:18.615,17464,17465,17464,1,-1
2021-09-10 15:08:20.414,17463,17465,17463,1,-1
2021-09-10 15:08:30.144,17464,17465,17465,1,1
2021-09-10 15:08:30.144,17464,17465,17465,1,1
2021-09-10 15:08:31.488,17464,17466,17466,1,1
2021-09-10 15:08:39.999,17464,17466,17466,1,1
2021-09-10 15:08:58.506,17463,17466,17463,1,-1
2021-09-10 15:08:59.440,17463,17466,17465,1,1
2021-09-10 15:09:00.023,17464,17466,17466,1,1
2021-09-10 15:09:00.023,17464,17466,17466,1,1
2021-09-10 15:09:10.276,17465,17466,17466,4,4
2021-09-10 15:09:16.573,17467,17468,17467,2,2
2021-09-10 15:09:16.792,17467,17468,17468,1,1
2021-09-10 15:09:19.127,17467,17468,17468,1,1
2021-09-10 15:09:20.870,17467,17469,17469,2,2
2021-09-10 15:09:20.928,17467,17469,17469,1,1
2021-09-10 15:09:21.148,17469,17470,17469,4,-4
2021-09-10 15:09:21.148,17469,17470,17469,1,-1
2021-09-10 15:09:23.590,17469,17470,17469,1,-1
2021-09-10 15:09:23.590,17469,17470,17469,2,-2
2021-09-10 15:09:24.293,17467,17469,17469,1,1
2021-09-10 15:09:24.373,17467,17469,17469,1,1
2021-09-10 15:09:27.477,17466,17467,17466,1,-1
2021-09-10 15:09:28.607,17464,17466,17464,2,-2
2021-09-10 15:09:29.354,17464,17466,17466,1,1
2021-09-10 15:09:30.077,17466,17467,17466,1,-1
2021-09-10 15:09:40.951,17466,17467,17467,1,1
2021-09-10 15:09:44.799,17466,17468,17467,1,-1
2021-09-10 15:09:44.827,17466,17468,17467,1,-1
2021-09-10 15:09:47.281,17467,17468,17468,1,1
2021-09-10 15:09:48.747,17467,17470,17467,1,-1
2021-09-10 15:09:53.668,17466,17467,17466,5,-5
2021-09-10 15:09:59.336,17464,17465,17464,1,-1
2021-09-10 15:10:00.026,17464,17466,17465,1,1
2021-09-10 15:10:02.329,17465,17467,17465,1,-1
2021-09-10 15:10:04.449,17466,17469,17466,4,4
2021-09-10 15:10:04.450,17466,17469,17466,1,-1
2021-09-10 15:10:04.450,17466,17469,17466,2,-2
2021-09-10 15:10:15.167,17465,17466,17465,1,-1
2021-09-10 15:10:15.167,17465,17466,17465,1,-1
2021-09-10 15:10:24.657,17464,17466,17466,1,1
2021-09-10 15:10:28.454,17464,17466,17464,2,-2
2021-09-10 15:10:35.504,17465,17466,17466,1,1
2021-09-10 15:10:35.504,17465,17466,17466,2,2
2021-09-10 15:10:35.505,17465,17466,17466,4,4
2021-09-10 15:10:41.113,17465,17467,17466,1,-1
2021-09-10 15:10:46.982,17465,17467,17465,1,-1
2021-09-10 15:10:56.486,17465,17467,17467,1,1
2021-09-10 15:11:21.671,17465,17467,17467,2,2
2021-09-10 15:11:21.671,17465,17467,17467,1,1
2021-09-10 15:11:25.472,17467,17468,17468,2,2
2021-09-10 15:11:25.710,17467,17469,17469,7,7
2021-09-10 15:11:25.710,17467,17469,17469,6,6
2021-09-10 15:11:25.722,17468,17469,17469,2,2
2021-09-10 15:11:25.800,17468,17469,17468,1,-1
2021-09-10 15:11:25.847,17468,17470,17470,4,4
2021-09-10 15:11:25.973,17469,17470,17470,3,3
2021-09-10 15:11:27.441,17469,17471,17471,4,4
2021-09-10 15:11:27.441,17469,17471,17472,2,2
2021-09-10 15:11:27.683,17470,17472,17472,2,2
2021-09-10 15:11:29.491,17471,17473,17471,1,-1
2021-09-10 15:11:29.515,17471,17473,17473,1,1
2021-09-10 15:11:29.625,17470,17473,17470,1,-1
2021-09-10 15:11:32.190,17472,17473,17472,2,2
2021-09-10 15:11:33.364,17470,17471,17471,1,1
2021-09-10 15:11:35.747,17469,17471,17471,1,1
2021-09-10 15:11:38.325,17469,17471,17471,2,2
2021-09-10 15:11:40.688,17469,17472,17472,1,1
2021-09-10 15:11:42.410,17469,17470,17469,2,-2
2021-09-10 15:11:42.509,17467,17470,17470,1,1
2021-09-10 15:11:59.896,17470,17471,17471,1,1
2021-09-10 15:11:59.917,17470,17471,17472,3,3
2021-09-10 15:12:03.241,17471,17473,17471,1,-1
2021-09-10 15:12:03.242,17471,17473,17471,5,-5
2021-09-10 15:12:03.242,17471,17473,17471,3,-3
2021-09-10 15:12:24.735,17472,17473,17472,2,2
2021-09-10 15:12:27.784,17471,17472,17471,2,-2
2021-09-10 15:12:28.640,17470,17471,17470,5,-5
2021-09-10 15:12:42.990,17471,17472,17472,1,1
2021-09-10 15:12:49.950,17471,17472,17472,1,1
2021-09-10 15:12:50.019,17472,17473,17472,1,-1
2021-09-10 15:12:56.878,17472,17473,17473,1,1
2021-09-10 15:12:56.879,17472,17473,17473,3,3
2021-09-10 15:12:56.879,17472,17473,17473,3,3
2021-09-10 15:12:56.879,17472,17473,17473,1,1
2021-09-10 15:12:56.879,17472,17473,17473,1,1
2021-09-10 15:12:57.107,17473,17474,17474,10,10
2021-09-10 15:12:58.494,17474,17475,17474,1,-1
2021-09-10 15:12:58.967,17474,17475,17475,24,24
2021-09-10 15:12:58.967,17474,17475,17475,1,1
2021-09-10 15:12:58.967,17474,17475,17475,5,5
2021-09-10 15:12:59.114,17475,17476,17476,1,1
2021-09-10 15:12:59.132,17475,17476,17476,1,1
2021-09-10 15:12:59.178,17475,17476,17476,1,1
2021-09-10 15:12:59.502,17475,17476,17476,1,1
2021-09-10 15:13:00.753,17475,17476,17476,1,1
2021-09-10 15:13:00.756,17475,17476,17476,1,1
2021-09-10 15:13:00.766,17475,17476,17476,1,1
2021-09-10 15:13:00.799,17475,17476,17476,1,1
2021-09-10 15:13:00.820,17475,17476,17476,1,1
2021-09-10 15:13:00.825,17475,17476,17476,1,1
2021-09-10 15:13:00.834,17475,17476,17476,1,1
2021-09-10 15:13:01.210,17475,17476,17476,1,1
2021-09-10 15:13:01.210,17475,17476,17477,11,11
2021-09-10 15:13:01.210,17475,17476,17478,8,8
2021-09-10 15:13:01.270,17476,17478,17478,10,10
2021-09-10 15:13:01.383,17477,17478,17477,1,-1
2021-09-10 15:13:01.383,17477,17478,17478,2,2
2021-09-10 15:13:01.616,17477,17478,17478,3,3
2021-09-10 15:13:01.677,17477,17478,17478,2,2
2021-09-10 15:13:01.747,17477,17478,17478,2,2
2021-09-10 15:13:02.527,17477,17478,17478,5,5
2021-09-10 15:13:02.586,17477,17478,17478,1,1
2021-09-10 15:13:02.695,17477,17479,17478,1,-1
2021-09-10 15:13:02.722,17478,17479,17478,1,-1
2021-09-10 15:13:02.864,17478,17479,17479,2,2
2021-09-10 15:13:02.986,17478,17479,17479,3,3
2021-09-10 15:13:03.001,17478,17479,17479,2,2
2021-09-10 15:13:03.007,17478,17479,17479,1,1
2021-09-10 15:13:03.013,17478,17479,17479,4,4
2021-09-10 15:13:03.031,17478,17479,17479,3,3
2021-09-10 15:13:03.031,17478,17479,17480,10,10
2021-09-10 15:13:03.042,17478,17479,17480,5,5
2021-09-10 15:13:03.042,17478,17479,17480,6,6
2021-09-10 15:13:03.044,17478,17479,17480,4,4
2021-09-10 15:13:03.044,17478,17479,17479,1,1
2021-09-10 15:13:03.047,17478,17479,17480,3,3
2021-09-10 15:13:03.049,17478,17479,17480,3,3
2021-09-10 15:13:03.049,17478,17479,17481,3,3
2021-09-10 15:13:03.054,17478,17479,17480,1,1
2021-09-10 15:13:03.069,17478,17479,17481,6,6
2021-09-10 15:13:03.084,17478,17479,17481,6,6
2021-09-10 15:13:03.084,17478,17479,17481,1,1
2021-09-10 15:13:03.085,17478,17479,17481,9,9
2021-09-10 15:13:03.085,17478,17479,17481,10,10
2021-09-10 15:13:03.085,17478,17479,17481,3,3
2021-09-10 15:13:03.085,17478,17479,17481,5,5
2021-09-10 15:13:03.094,17478,17479,17481,1,1
2021-09-10 15:13:03.094,17478,17479,17482,3,3
2021-09-10 15:13:03.114,17481,17482,17482,1,1
2021-09-10 15:13:03.130,17481,17482,17483,1,1
2021-09-10 15:13:03.183,17481,17482,17483,1,1
2021-09-10 15:13:03.212,17481,17482,17483,1,1
2021-09-10 15:13:03.217,17481,17482,17483,6,6
2021-09-10 15:13:03.219,17481,17482,17483,1,1
2021-09-10 15:13:03.222,17481,17482,17483,1,1
2021-09-10 15:13:03.232,17482,17483,17483,12,12
2021-09-10 15:13:03.241,17482,17483,17484,1,1
2021-09-10 15:13:03.316,17482,17483,17483,2,2
2021-09-10 15:13:03.316,17482,17483,17482,5,-5
2021-09-10 15:13:03.316,17482,17483,17481,3,-3
2021-09-10 15:13:03.323,17482,17483,17482,5,5
2021-09-10 15:13:03.354,17481,17483,17483,1,1
2021-09-10 15:13:03.359,17481,17483,17481,2,-2
2021-09-10 15:13:03.359,17481,17483,17480,2,-2
2021-09-10 15:13:03.359,17481,17483,17480,1,-1
2021-09-10 15:13:03.360,17481,17483,17480,1,-1
2021-09-10 15:13:03.366,17481,17483,17479,1,-1
2021-09-10 15:13:03.368,17481,17483,17480,5,5
2021-09-10 15:13:03.382,17481,17483,17480,2,-2
2021-09-10 15:13:03.405,17481,17483,17480,1,-1
2021-09-10 15:13:03.425,17481,17483,17480,1,-1
2021-09-10 15:13:03.432,17481,17483,17480,1,-1
2021-09-10 15:13:03.441,17481,17483,17480,2,-2
2021-09-10 15:13:03.446,17481,17483,17479,1,-1
2021-09-10 15:13:03.450,17481,17483,17480,2,2
2021-09-10 15:13:03.475,17479,17480,17480,1,1
2021-09-10 15:13:03.530,17479,17480,17480,1,1
2021-09-10 15:13:03.530,17479,17480,17480,1,1
2021-09-10 15:13:03.555,17479,17480,17479,1,-1
2021-09-10 15:13:03.572,17479,17480,17480,2,2
2021-09-10 15:13:03.600,17479,17480,17480,1,1
2021-09-10 15:13:03.608,17479,17480,17481,1,1
2021-09-10 15:13:03.615,17479,17480,17480,1,1
2021-09-10 15:13:03.672,17479,17480,17482,1,1
2021-09-10 15:13:03.754,17480,17482,17482,1,1
2021-09-10 15:13:03.773,17480,17482,17482,1,1
2021-09-10 15:13:03.847,17480,17481,17481,1,1
2021-09-10 15:13:03.892,17480,17481,17482,1,1
2021-09-10 15:13:03.971,17480,17481,17482,1,1
2021-09-10 15:13:03.971,17480,17481,17483,3,3
2021-09-10 15:13:04.060,17480,17483,17483,1,1
2021-09-10 15:13:04.207,17482,17483,17483,1,1
2021-09-10 15:13:04.208,17482,17483,17482,1,-1
2021-09-10 15:13:04.210,17482,17483,17482,1,-1
2021-09-10 15:13:04.248,17481,17483,17483,1,1
2021-09-10 15:13:04.551,17481,17483,17483,3,3
2021-09-10 15:13:04.551,17481,17483,17484,11,11
2021-09-10 15:13:04.593,17481,17483,17484,1,1
2021-09-10 15:13:04.693,17482,17484,17482,2,-2
2021-09-10 15:13:04.694,17482,17484,17484,1,1
2021-09-10 15:13:05.305,17482,17484,17484,1,1
2021-09-10 15:13:05.365,17482,17484,17482,1,-1
2021-09-10 15:13:05.374,17482,17484,17483,3,3
2021-09-10 15:13:05.374,17482,17484,17484,1,1
2021-09-10 15:13:05.380,17482,17484,17483,2,-2
2021-09-10 15:13:05.417,17482,17484,17483,1,-1
2021-09-10 15:13:05.661,17482,17483,17482,1,-1
2021-09-10 15:13:05.724,17482,17483,17482,1,-1
2021-09-10 15:13:05.814,17482,17483,17483,1,1
2021-09-10 15:13:05.837,17482,17483,17483,1,1
2021-09-10 15:13:06.044,17482,17483,17482,1,-1
2021-09-10 15:13:06.302,17480,17483,17483,3,3
2021-09-10 15:13:06.923,17481,17483,17483,1,1
2021-09-10 15:13:07.363,17482,17483,17483,1,1
2021-09-10 15:13:07.758,17481,17484,17483,5,-5
2021-09-10 15:13:08.968,17483,17484,17483,1,-1
2021-09-10 15:13:09.010,17483,17484,17483,1,-1
2021-09-10 15:13:09.660,17482,17483,17483,1,1
2021-09-10 15:13:09.851,17482,17484,17483,1,-1
2021-09-10 15:13:10.284,17482,17484,17484,1,1
2021-09-10 15:13:10.967,17482,17484,17484,1,1
2021-09-10 15:13:10.979,17483,17484,17483,1,-1
2021-09-10 15:13:11.668,17482,17483,17483,1,1
2021-09-10 15:13:12.065,17482,17484,17484,5,5
2021-09-10 15:13:12.721,17483,17485,17483,1,-1
2021-09-10 15:13:14.072,17483,17484,17483,2,-2
2021-09-10 15:13:14.073,17483,17484,17483,2,-2
2021-09-10 15:13:14.073,17483,17484,17482,7,-7
2021-09-10 15:13:15.677,17481,17484,17483,3,3
2021-09-10 15:13:15.680,17481,17484,17484,4,4
2021-09-10 15:13:16.087,17481,17484,17483,1,-1
2021-09-10 15:13:16.087,17481,17484,17484,1,1
2021-09-10 15:13:16.774,17481,17484,17481,1,-1
2021-09-10 15:13:16.930,17481,17484,17482,1,1
2021-09-10 15:13:18.195,17482,17483,17483,1,1
2021-09-10 15:13:18.677,17483,17484,17483,2,-2
2021-09-10 15:13:18.677,17483,17484,17482,6,-6
2021-09-10 15:13:19.113,17481,17484,17484,1,1
2021-09-10 15:13:19.282,17483,17484,17484,1,1
2021-09-10 15:13:19.292,17483,17484,17483,1,-1
2021-09-10 15:13:21.151,17483,17484,17484,1,1
2021-09-10 15:13:21.362,17483,17484,17484,2,2
2021-09-10 15:13:21.734,17483,17484,17484,2,2
2021-09-10 15:13:21.818,17483,17484,17484,1,1
2021-09-10 15:13:22.762,17483,17484,17483,2,-2
2021-09-10 15:13:24.571,17482,17483,17483,3,3
2021-09-10 15:13:25.300,17482,17483,17482,2,-2
2021-09-10 15:13:25.662,17482,17483,17483,1,1
2021-09-10 15:13:25.662,17482,17483,17484,1,1
2021-09-10 15:13:26.708,17484,17485,17484,1,-1
2021-09-10 15:13:28.367,17483,17485,17483,3,-3
2021-09-10 15:13:29.633,17482,17483,17483,3,3
2021-09-10 15:13:32.518,17482,17483,17483,1,1
2021-09-10 15:13:33.977,17482,17483,17483,1,1
2021-09-10 15:13:37.820,17482,17483,17483,3,3
2021-09-10 15:13:42.470,17483,17484,17483,1,-1
2021-09-10 15:13:42.473,17483,17484,17484,3,3
2021-09-10 15:13:42.980,17483,17484,17483,1,-1
2021-09-10 15:13:43.731,17483,17484,17484,1,1
2021-09-10 15:13:45.056,17483,17484,17483,1,-1
2021-09-10 15:13:45.531,17483,17484,17483,3,-3
2021-09-10 15:13:45.605,17482,17483,17482,1,-1
2021-09-10 15:13:45.691,17482,17483,17482,1,-1
2021-09-10 15:13:46.098,17482,17483,17483,1,1
2021-09-10 15:13:46.789,17482,17483,17483,1,1
2021-09-10 15:13:46.789,17482,17483,17483,1,1
2021-09-10 15:13:46.789,17482,17483,17483,2,2
2021-09-10 15:13:47.896,17483,17484,17484,2,2
2021-09-10 15:13:49.422,17484,17485,17485,4,4
2021-09-10 15:13:49.616,17484,17485,17484,1,-1
2021-09-10 15:13:49.682,17484,17485,17483,2,-2
2021-09-10 15:13:49.777,17483,17485,17485,1,1
2021-09-10 15:13:51.352,17483,17485,17485,1,1
2021-09-10 15:13:52.165,17483,17485,17483,5,-5
2021-09-10 15:13:52.165,17483,17485,17483,1,-1
2021-09-10 15:13:52.989,17482,17485,17484,2,2
2021-09-10 15:13:52.989,17482,17485,17485,1,1
2021-09-10 15:13:56.289,17483,17484,17484,1,1
2021-09-10 15:13:56.734,17484,17485,17484,1,-1
2021-09-10 15:13:56.734,17484,17485,17483,5,-5
2021-09-10 15:13:57.488,17483,17484,17484,1,1
2021-09-10 15:13:59.189,17484,17485,17485,1,1
2021-09-10 15:14:00.432,17484,17485,17484,1,-1
2021-09-10 15:14:00.594,17484,17485,17484,1,-1
2021-09-10 15:14:00.866,17484,17485,17485,2,2
2021-09-10 15:14:01.297,17484,17485,17484,2,-2
2021-09-10 15:14:01.569,17483,17484,17484,4,4
2021-09-10 15:14:02.465,17483,17484,17484,1,1
2021-09-10 15:14:03.687,17483,17484,17485,1,1
2021-09-10 15:14:04.871,17483,17484,17483,1,-1
2021-09-10 15:14:04.871,17483,17484,17483,1,-1
2021-09-10 15:14:05.827,17483,17484,17483,2,-2
2021-09-10 15:14:07.407,17482,17483,17483,1,1
2021-09-10 15:14:08.749,17482,17483,17483,3,3
2021-09-10 15:14:09.135,17482,17484,17484,4,4
2021-09-10 15:14:09.779,17482,17484,17484,1,1
2021-09-10 15:14:10.165,17482,17484,17482,1,-1
2021-09-10 15:14:10.560,17482,17484,17484,2,2
2021-09-10 15:14:16.080,17483,17484,17484,1,1
2021-09-10 15:14:17.757,17483,17484,17484,1,1
2021-09-10 15:14:20.605,17483,17484,17483,1,-1
2021-09-10 15:14:23.655,17482,17483,17483,3,3
2021-09-10 15:14:26.948,17482,17483,17482,1,-1
2021-09-10 15:14:27.828,17481,17483,17483,1,1
2021-09-10 15:14:28.283,17481,17483,17483,1,1
2021-09-10 15:14:34.346,17481,17482,17482,1,1
2021-09-10 15:14:35.568,17481,17483,17481,15,-15
2021-09-10 15:14:35.568,17481,17483,17480,16,-16
2021-09-10 15:14:35.568,17481,17483,17479,12,-12
2021-09-10 15:14:35.570,17481,17483,17479,1,-1
2021-09-10 15:14:35.570,17481,17483,17479,2,-2
2021-09-10 15:14:35.570,17481,17483,17479,4,-4
2021-09-10 15:14:35.570,17481,17483,17479,1,-1
2021-09-10 15:14:35.570,17481,17483,17479,1,-1
2021-09-10 15:14:35.570,17481,17483,17479,1,-1
2021-09-10 15:14:35.570,17481,17483,17478,1,-1
2021-09-10 15:14:35.571,17481,17483,17479,47,47
2021-09-10 15:14:35.571,17481,17483,17479,1,-1
2021-09-10 15:14:36.549,17478,17479,17478,1,-1
2021-09-10 15:14:36.676,17478,17479,17478,1,-1
2021-09-10 15:14:39.933,17478,17479,17479,1,1
2021-09-10 15:14:40.613,17478,17479,17479,2,2
2021-09-10 15:14:41.354,17478,17479,17479,1,1
2021-09-10 15:14:45.264,17480,17481,17481,1,1
2021-09-10 15:14:45.496,17480,17481,17481,1,1
2021-09-10 15:14:45.919,17480,17482,17481,1,-1
2021-09-10 15:14:47.417,17481,17482,17481,1,-1
2021-09-10 15:14:55.632,17482,17483,17482,1,1
2021-09-10 15:14:56.674,17482,17483,17482,1,-1
2021-09-10 15:14:56.674,17482,17483,17482,1,-1
2021-09-10 15:14:57.614,17481,17483,17481,2,-2
2021-09-10 15:14:57.614,17481,17483,17480,5,-5
2021-09-10 15:14:59.455,17481,17482,17482,1,1
2021-09-10 15:15:02.082,17481,17482,17482,1,1
2021-09-10 15:15:02.449,17481,17482,17482,1,1
2021-09-10 15:15:02.483,17481,17482,17482,1,1
2021-09-10 15:15:02.486,17481,17482,17483,1,1
2021-09-10 15:15:02.637,17482,17483,17482,1,-1
2021-09-10 15:15:02.895,17482,17483,17483,1,1
2021-09-10 15:15:02.901,17482,17483,17482,1,-1
2021-09-10 15:15:02.901,17482,17483,17481,2,-2
2021-09-10 15:15:03.836,17480,17481,17481,1,1
2021-09-10 15:15:03.850,17480,17481,17481,1,1
2021-09-10 15:15:07.495,17480,17481,17481,2,2
2021-09-10 15:15:07.495,17480,17481,17482,1,1
2021-09-10 15:15:10.176,17481,17482,17482,1,1
2021-09-10 15:15:10.224,17481,17483,17483,1,1
2021-09-10 15:15:10.225,17481,17483,17483,1,1
2021-09-10 15:15:10.226,17481,17483,17481,1,-1
2021-09-10 15:15:10.559,17481,17482,17481,1,-1
2021-09-10 15:15:11.370,17481,17482,17482,1,1
2021-09-10 15:15:15.348,17481,17482,17481,1,-1
2021-09-10 15:15:15.400,17481,17482,17481,1,-1
2021-09-10 15:15:15.589,17480,17481,17480,2,-2
2021-09-10 15:15:18.705,17480,17482,17480,4,-4
2021-09-10 15:15:18.705,17480,17482,17479,4,-4
2021-09-10 15:15:21.789,17479,17481,17479,1,-1
2021-09-10 15:15:21.850,17479,17481,17481,1,1
2021-09-10 15:15:24.188,17479,17480,17479,2,-2
2021-09-10 15:15:25.439,17478,17479,17478,1,-1
2021-09-10 15:15:25.440,17478,17479,17478,1,-1
2021-09-10 15:15:25.440,17478,17479,17478,1,-1
2021-09-10 15:15:25.440,17478,17479,17478,3,-3
2021-09-10 15:15:25.440,17478,17479,17478,2,-2
2021-09-10 15:15:26.653,17477,17479,17477,1,-1
2021-09-10 15:15:27.305,17478,17479,17478,2,2
2021-09-10 15:15:27.977,17477,17478,17478,1,1
2021-09-10 15:15:28.481,17477,17478,17477,1,-1
2021-09-10 15:15:30.234,17477,17478,17477,1,-1
2021-09-10 15:15:32.052,17477,17478,17478,1,1
2021-09-10 15:15:33.724,17478,17479,17478,1,-1
2021-09-10 15:15:36.290,17478,17479,17479,1,1
2021-09-10 15:15:36.290,17478,17479,17479,3,3
2021-09-10 15:15:36.290,17478,17479,17479,1,1
2021-09-10 15:15:36.291,17478,17479,17479,1,1
2021-09-10 15:15:43.940,17478,17479,17478,1,-1
2021-09-10 15:15:44.473,17478,17479,17479,1,1
2021-09-10 15:15:45.147,17478,17479,17478,9,-9
2021-09-10 15:15:45.147,17478,17479,17477,13,-13
2021-09-10 15:15:47.626,17476,17477,17476,2,-2
2021-09-10 15:15:48.533,17476,17477,17476,2,-2
2021-09-10 15:15:49.272,17475,17477,17477,1,1
2021-09-10 15:15:52.428,17475,17476,17476,1,1
2021-09-10 15:15:54.740,17475,17476,17476,1,1
2021-09-10 15:15:55.679,17475,17477,17477,1,1
2021-09-10 15:16:05.702,17476,17477,17476,1,-1
2021-09-10 15:16:06.204,17476,17477,17477,1,1
2021-09-10 15:16:06.808,17476,17477,17476,1,-1
2021-09-10 15:16:07.354,17476,17477,17476,1,-1
2021-09-10 15:16:08.302,17476,17477,17477,1,1
2021-09-10 15:16:11.564,17476,17477,17477,1,1
2021-09-10 15:16:11.564,17476,17477,17477,7,7
2021-09-10 15:16:11.565,17476,17477,17477,3,3
2021-09-10 15:16:11.565,17476,17477,17477,1,1
2021-09-10 15:16:11.565,17476,17477,17477,3,3
2021-09-10 15:16:11.565,17476,17477,17477,1,1
2021-09-10 15:16:11.821,17477,17479,17477,2,-2
2021-09-10 15:16:17.824,17477,17479,17477,2,-2
2021-09-10 15:16:18.400,17477,17479,17477,2,-2
2021-09-10 15:16:18.475,17476,17477,17476,1,-1
2021-09-10 15:16:19.320,17476,17477,17476,3,-3
2021-09-10 15:16:19.321,17476,17477,17476,1,-1
2021-09-10 15:16:23.492,17476,17477,17476,1,-1
2021-09-10 15:16:26.015,17476,17477,17477,1,1
2021-09-10 15:16:26.545,17476,17477,17477,1,1
2021-09-10 15:16:26.906,17476,17477,17477,1,1
2021-09-10 15:16:27.458,17476,17477,17476,1,-1
2021-09-10 15:16:27.458,17476,17477,17476,1,-1
2021-09-10 15:16:27.458,17476,17477,17476,1,-1
2021-09-10 15:16:27.474,17475,17477,17475,1,-1
2021-09-10 15:16:27.475,17475,17477,17475,1,-1
2021-09-10 15:16:30.168,17476,17477,17476,1,1
2021-09-10 15:16:30.168,17476,17477,17476,1,-1
2021-09-10 15:16:30.168,17476,17477,17476,1,-1
2021-09-10 15:16:32.339,17475,17476,17475,1,-1
2021-09-10 15:16:32.339,17475,17476,17474,1,-1
2021-09-10 15:16:32.405,17474,17475,17474,1,-1
2021-09-10 15:16:37.735,17475,17477,17477,2,2
2021-09-10 15:16:39.777,17475,17477,17475,2,-2
2021-09-10 15:16:39.850,17475,17477,17475,1,-1
2021-09-10 15:16:41.188,17476,17477,17476,1,1
2021-09-10 15:16:42.231,17476,17477,17476,1,-1
2021-09-10 15:16:57.357,17476,17477,17476,1,-1
2021-09-10 15:16:57.988,17476,17477,17477,1,1
2021-09-10 15:16:59.788,17476,17477,17476,4,-4
2021-09-10 15:17:04.429,17476,17477,17476,1,-1
2021-09-10 15:17:04.724,17476,17477,17476,1,-1
2021-09-10 15:17:05.743,17476,17477,17476,1,-1
2021-09-10 15:17:06.939,17475,17476,17475,1,-1
2021-09-10 15:17:08.055,17474,17476,17475,1,-1
2021-09-10 15:17:09.591,17474,17475,17474,1,-1
2021-09-10 15:17:10.846,17474,17475,17474,6,-6
2021-09-10 15:17:12.139,17473,17474,17473,1,-1
2021-09-10 15:17:13.376,17473,17474,17473,1,-1
2021-09-10 15:17:13.890,17473,17474,17473,1,-1
2021-09-10 15:17:14.219,17473,17474,17473,1,-1
2021-09-10 15:17:17.807,17473,17474,17474,1,1
2021-09-10 15:17:18.604,17473,17474,17473,1,-1
2021-09-10 15:17:18.938,17473,17474,17473,3,-3
2021-09-10 15:17:19.813,17473,17474,17474,1,1
2021-09-10 15:17:20.291,17473,17474,17473,1,-1
2021-09-10 15:17:22.149,17473,17474,17473,1,-1
2021-09-10 15:17:23.100,17473,17474,17473,2,-2
2021-09-10 15:17:23.164,17473,17474,17473,1,-1
2021-09-10 15:17:24.194,17473,17474,17473,2,-2
2021-09-10 15:17:24.194,17473,17474,17472,1,-1
2021-09-10 15:17:24.764,17472,17474,17473,1,1
2021-09-10 15:17:26.724,17473,17474,17473,1,-1
2021-09-10 15:17:28.363,17472,17473,17473,1,1
2021-09-10 15:17:29.808,17472,17473,17473,1,1
2021-09-10 15:17:32.858,17473,17474,17473,1,-1
2021-09-10 15:17:32.911,17473,17474,17473,1,-1
2021-09-10 15:17:33.691,17473,17474,17473,1,-1
2021-09-10 15:17:34.907,17472,17473,17473,1,1
2021-09-10 15:17:35.416,17472,17474,17472,1,-1
2021-09-10 15:17:38.701,17472,17473,17472,6,-6
2021-09-10 15:17:39.836,17472,17473,17472,1,-1
2021-09-10 15:17:41.565,17472,17473,17473,1,1
2021-09-10 15:17:41.915,17472,17474,17472,1,-1
2021-09-10 15:17:42.911,17473,17474,17473,1,1
2021-09-10 15:17:44.656,17472,17473,17473,1,1
2021-09-10 15:17:58.511,17471,17472,17472,1,1
2021-09-10 15:18:03.408,17472,17473,17472,1,-1
2021-09-10 15:18:05.833,17472,17473,17473,4,4
2021-09-10 15:18:05.912,17473,17474,17474,2,2
2021-09-10 15:18:06.397,17473,17474,17474,2,2
2021-09-10 15:18:08.111,17473,17474,17474,1,1
2021-09-10 15:18:08.907,17473,17474,17473,1,-1
2021-09-10 15:18:10.344,17473,17474,17473,1,-1
2021-09-10 15:18:13.411,17473,17474,17473,1,-1
2021-09-10 15:18:14.653,17473,17474,17473,1,-1
2021-09-10 15:18:15.035,17473,17474,17473,1,-1
2021-09-10 15:18:16.771,17473,17474,17473,1,-1
2021-09-10 15:18:20.250,17473,17474,17473,1,-1
2021-09-10 15:18:20.540,17472,17474,17473,1,-1
2021-09-10 15:18:27.107,17472,17473,17473,1,1
2021-09-10 15:18:35.509,17472,17473,17473,1,1
2021-09-10 15:18:36.041,17473,17474,17473,1,-1
2021-09-10 15:18:41.343,17472,17473,17472,1,-1
2021-09-10 15:18:45.187,17472,17473,17472,1,-1
2021-09-10 15:18:48.844,17472,17473,17473,1,1
2021-09-10 15:18:51.243,17472,17473,17472,3,-3
2021-09-10 15:18:51.442,17472,17473,17473,1,1
2021-09-10 15:18:54.012,17472,17473,17473,1,1
2021-09-10 15:18:58.579,17472,17473,17473,1,1
2021-09-10 15:18:59.178,17472,17473,17472,1,-1
2021-09-10 15:18:59.178,17472,17473,17472,2,-2
2021-09-10 15:19:00.174,17471,17472,17472,1,1
2021-09-10 15:19:00.891,17472,17473,17472,1,-1
2021-09-10 15:19:02.923,17472,17473,17472,1,-1
2021-09-10 15:19:04.625,17471,17472,17471,1,-1
2021-09-10 15:19:04.626,17471,17472,17471,1,-1
2021-09-10 15:19:04.626,17471,17472,17471,1,-1
2021-09-10 15:19:04.626,17471,17472,17471,12,-12
2021-09-10 15:19:04.861,17470,17471,17470,2,-2
2021-09-10 15:19:04.869,17470,17471,17470,3,-3
2021-09-10 15:19:04.881,17470,17471,17470,1,-1
2021-09-10 15:19:04.889,17470,17471,17470,1,-1
2021-09-10 15:19:04.901,17470,17471,17470,6,-6
2021-09-10 15:19:04.903,17470,17471,17470,1,-1
2021-09-10 15:19:04.903,17470,17471,17470,10,-10
2021-09-10 15:19:04.916,17470,17471,17469,3,-3
2021-09-10 15:19:04.924,17470,17471,17469,1,-1
2021-09-10 15:19:04.931,17470,17471,17469,1,-1
2021-09-10 15:19:04.956,17470,17471,17469,1,-1
2021-09-10 15:19:04.965,17470,17471,17469,1,-1
2021-09-10 15:19:04.970,17470,17471,17469,1,-1
2021-09-10 15:19:05.008,17469,17470,17469,1,-1
2021-09-10 15:19:05.156,17469,17470,17469,1,-1
2021-09-10 15:19:05.172,17469,17470,17469,2,-2
2021-09-10 15:19:05.173,17469,17470,17469,1,-1
2021-09-10 15:19:05.218,17469,17470,17468,1,-1
2021-09-10 15:19:06.286,17469,17470,17469,1,1
2021-09-10 15:19:06.424,17468,17470,17470,1,1
2021-09-10 15:19:07.355,17468,17470,17469,2,-2
2021-09-10 15:19:07.406,17468,17470,17469,3,-3
2021-09-10 15:19:08.766,17469,17470,17470,1,1
2021-09-10 15:19:08.878,17469,17470,17469,1,-1
2021-09-10 15:19:10.036,17469,17470,17469,3,-3
2021-09-10 15:19:10.106,17468,17469,17468,1,-1
2021-09-10 15:19:10.597,17468,17469,17469,1,1
2021-09-10 15:19:10.597,17468,17469,17469,2,2
2021-09-10 15:19:13.141,17469,17471,17469,2,-2
2021-09-10 15:19:14.273,17468,17470,17470,1,1
2021-09-10 15:19:14.273,17468,17470,17471,1,1
2021-09-10 15:19:14.487,17469,17471,17469,1,-1
2021-09-10 15:19:14.953,17470,17472,17472,1,1
2021-09-10 15:19:21.403,17470,17471,17470,1,-1
2021-09-10 15:19:21.886,17470,17471,17471,1,1
2021-09-10 15:19:22.357,17471,17472,17472,1,1
2021-09-10 15:19:23.084,17471,17472,17472,1,1
2021-09-10 15:19:25.347,17472,17473,17472,1,-1
2021-09-10 15:19:26.233,17472,17473,17473,2,2
2021-09-10 15:19:26.316,17472,17473,17474,1,1
2021-09-10 15:19:26.611,17473,17474,17473,1,-1
2021-09-10 15:19:27.072,17473,17474,17473,1,-1
2021-09-10 15:19:27.140,17473,17474,17474,2,2
2021-09-10 15:19:27.140,17473,17474,17474,1,1
2021-09-10 15:19:30.447,17473,17474,17473,6,-6
2021-09-10 15:19:32.837,17472,17473,17473,1,1
2021-09-10 15:19:33.763,17472,17473,17472,1,-1
2021-09-10 15:19:37.173,17471,17472,17472,1,1
2021-09-10 15:19:37.173,17471,17472,17473,1,1
2021-09-10 15:19:42.028,17471,17472,17471,1,-1
2021-09-10 15:19:43.287,17471,17472,17471,1,-1
2021-09-10 15:19:44.298,17471,17472,17472,1,1
2021-09-10 15:19:44.298,17471,17472,17472,2,2
2021-09-10 15:19:44.996,17472,17473,17472,1,-1
2021-09-10 15:19:54.624,17471,17472,17471,1,-1
2021-09-10 15:19:55.243,17471,17472,17471,2,-2
2021-09-10 15:20:00.961,17470,17472,17471,1,-1
2021-09-10 15:20:02.485,17471,17472,17472,2,2
2021-09-10 15:20:02.836,17471,17472,17471,1,-1
2021-09-10 15:20:02.996,17470,17472,17470,1,-1
2021-09-10 15:20:04.645,17470,17471,17471,1,1
2021-09-10 15:20:05.727,17471,17472,17471,1,-1
2021-09-10 15:20:06.842,17471,17472,17472,2,2
2021-09-10 15:20:14.395,17470,17471,17470,1,-1
2021-09-10 15:20:15.300,17470,17471,17470,6,-6
2021-09-10 15:20:15.598,17469,17470,17469,4,-4
2021-09-10 15:20:15.877,17468,17470,17470,1,1
2021-09-10 15:20:17.207,17469,17470,17470,1,1
2021-09-10 15:20:17.964,17469,17470,17470,1,1
2021-09-10 15:20:21.078,17469,17471,17469,3,-3
2021-09-10 15:20:23.999,17469,17470,17469,1,-1
2021-09-10 15:20:36.568,17469,17470,17470,1,1
2021-09-10 15:20:36.569,17469,17470,17470,2,2
2021-09-10 15:20:37.157,17470,17472,17472,1,1
2021-09-10 15:20:47.972,17470,17471,17471,1,1
2021-09-10 15:20:51.012,17470,17471,17471,1,1
2021-09-10 15:20:52.632,17471,17472,17471,1,-1
2021-09-10 15:20:53.098,17470,17472,17472,1,1
2021-09-10 15:20:53.694,17470,17471,17471,1,1
2021-09-10 15:20:54.891,17471,17472,17471,1,-1
2021-09-10 15:20:58.972,17471,17472,17471,1,-1
2021-09-10 15:21:00.327,17471,17472,17471,1,-1
2021-09-10 15:21:05.012,17470,17471,17471,1,1
2021-09-10 15:21:05.211,17470,17471,17470,1,-1
2021-09-10 15:21:07.187,17470,17471,17470,1,-1
2021-09-10 15:21:07.903,17470,17471,17471,1,1
2021-09-10 15:21:09.464,17471,17472,17471,4,-4
2021-09-10 15:21:09.464,17471,17472,17470,16,-16
2021-09-10 15:21:10.583,17469,17470,17469,1,-1
2021-09-10 15:21:16.744,17469,17470,17470,1,1
2021-09-10 15:21:22.531,17469,17470,17469,1,-1
2021-09-10 15:21:24.249,17469,17470,17470,3,3
2021-09-10 15:21:24.250,17469,17470,17470,7,7
2021-09-10 15:21:24.250,17469,17470,17470,1,1
2021-09-10 15:21:24.250,17469,17470,17470,5,5
2021-09-10 15:21:24.250,17469,17470,17470,12,12
2021-09-10 15:21:24.250,17469,17470,17471,1,1
2021-09-10 15:21:24.480,17471,17472,17471,1,-1
2021-09-10 15:21:24.816,17470,17472,17472,1,1
2021-09-10 15:21:26.037,17471,17472,17471,1,-1
2021-09-10 15:21:27.972,17471,17472,17471,1,-1
2021-09-10 15:21:29.519,17471,17472,17471,1,-1
2021-09-10 15:21:31.146,17471,17472,17471,1,-1
2021-09-10 15:21:31.147,17471,17472,17471,1,-1
2021-09-10 15:21:32.077,17470,17471,17471,1,1
2021-09-10 15:21:34.351,17471,17472,17471,1,-1
2021-09-10 15:21:41.043,17470,17471,17471,1,1
2021-09-10 15:21:42.242,17470,17471,17471,1,1
2021-09-10 15:21:44.167,17470,17471,17471,1,1
2021-09-10 15:21:44.168,17470,17471,17471,1,1
2021-09-10 15:21:49.201,17470,17471,17471,1,1
2021-09-10 15:21:50.320,17470,17471,17471,1,1
2021-09-10 15:21:55.349,17470,17471,17471,1,1
2021-09-10 15:21:58.105,17470,17471,17471,2,2
2021-09-10 15:21:58.603,17471,17472,17471,1,-1
2021-09-10 15:22:03.324,17471,17472,17471,1,-1
2021-09-10 15:22:03.444,17470,17472,17470,1,-1
2021-09-10 15:22:04.136,17470,17471,17471,1,1
2021-09-10 15:22:06.237,17470,17471,17471,1,1
2021-09-10 15:22:09.405,17470,17471,17471,1,1
2021-09-10 15:22:10.944,17471,17472,17471,1,-1
2021-09-10 15:22:13.075,17471,17472,17471,1,-1
2021-09-10 15:22:14.097,17471,17472,17472,3,3
2021-09-10 15:22:14.839,17472,17473,17472,1,-1
2021-09-10 15:22:18.123,17472,17473,17472,1,-1
2021-09-10 15:22:21.547,17471,17472,17472,1,1
2021-09-10 15:22:24.340,17471,17473,17473,10,10
2021-09-10 15:22:25.529,17472,17473,17473,2,2
2021-09-10 15:22:26.190,17472,17474,17472,1,-1
2021-09-10 15:22:26.454,17472,17473,17473,1,1
2021-09-10 15:22:32.723,17473,17474,17473,1,-1
2021-09-10 15:22:34.663,17473,17474,17473,1,-1
2021-09-10 15:22:45.586,17472,17473,17473,1,1
2021-09-10 15:22:45.855,17472,17473,17473,4,4
2021-09-10 15:22:45.856,17472,17473,17473,1,1
2021-09-10 15:22:46.487,17472,17473,17472,1,-1
2021-09-10 15:22:46.487,17472,17473,17472,2,-2
2021-09-10 15:22:48.955,17471,17472,17472,1,1
2021-09-10 15:22:49.687,17472,17473,17472,1,-1
2021-09-10 15:22:54.435,17471,17472,17472,1,1
2021-09-10 15:22:54.993,17471,17472,17472,1,1
2021-09-10 15:22:57.244,17471,17472,17471,1,-1
2021-09-10 15:22:57.347,17471,17472,17471,1,-1
2021-09-10 15:23:01.563,17470,17471,17470,1,-1
2021-09-10 15:23:01.839,17470,17471,17470,1,-1
2021-09-10 15:23:08.618,17470,17471,17470,1,-1
2021-09-10 15:23:08.618,17470,17471,17470,1,-1
2021-09-10 15:23:12.150,17469,17471,17471,2,2
2021-09-10 15:23:23.718,17470,17471,17471,1,1
2021-09-10 15:23:24.725,17470,17472,17470,1,-1
2021-09-10 15:23:28.716,17470,17472,17470,2,-2
2021-09-10 15:23:36.925,17470,17471,17471,1,1
2021-09-10 15:23:41.688,17471,17472,17471,1,-1
2021-09-10 15:23:58.068,17470,17472,17472,1,1
2021-09-10 15:24:02.319,17470,17471,17471,1,1
2021-09-10 15:24:04.762,17470,17471,17471,1,1
2021-09-10 15:24:19.466,17471,17472,17472,1,1
2021-09-10 15:24:20.208,17471,17472,17472,3,3
2021-09-10 15:24:22.198,17472,17473,17472,1,-1
2021-09-10 15:24:28.725,17471,17473,17473,1,1
2021-09-10 15:24:35.631,17472,17473,17473,1,1
2021-09-10 15:24:41.898,17472,17474,17472,2,-2
2021-09-10 15:24:45.921,17472,17473,17473,1,1
2021-09-10 15:24:48.879,17472,17473,17473,1,1
2021-09-10 15:24:52.784,17473,17474,17474,1,1
2021-09-10 15:24:54.619,17473,17474,17473,1,-1
2021-09-10 15:24:54.954,17472,17473,17473,1,1
2021-09-10 15:24:58.451,17472,17473,17473,1,1
2021-09-10 15:24:58.566,17472,17473,17473,1,1
2021-09-10 15:24:58.694,17472,17473,17473,1,1
2021-09-10 15:24:58.754,17472,17473,17472,2,-2
2021-09-10 15:25:00.066,17471,17472,17473,1,1
2021-09-10 15:25:01.711,17471,17473,17473,1,1
2021-09-10 15:25:03.614,17471,17473,17473,1,1
2021-09-10 15:25:06.759,17472,17473,17473,3,3
2021-09-10 15:25:09.562,17473,17474,17474,1,1
2021-09-10 15:25:17.328,17473,17474,17473,2,-2
2021-09-10 15:25:17.883,17472,17473,17473,1,1
2021-09-10 15:25:18.197,17472,17473,17472,2,-2
2021-09-10 15:25:18.197,17472,17473,17471,1,-1
2021-09-10 15:25:19.541,17471,17472,17471,2,-2
2021-09-10 15:25:19.544,17471,17472,17471,1,-1
2021-09-10 15:25:20.458,17470,17471,17471,1,1
2021-09-10 15:25:20.821,17471,17473,17473,1,1
2021-09-10 15:25:35.887,17472,17473,17473,1,1
2021-09-10 15:25:48.117,17472,17473,17472,3,-3
2021-09-10 15:25:50.452,17471,17472,17471,2,-2
2021-09-10 15:25:50.697,17470,17471,17471,2,2
2021-09-10 15:25:57.179,17471,17473,17471,1,-1
2021-09-10 15:25:59.587,17471,17472,17472,2,2
2021-09-10 15:26:03.163,17471,17472,17471,1,-1
2021-09-10 15:26:03.163,17471,17472,17471,1,-1
2021-09-10 15:26:16.035,17471,17472,17471,1,-1
2021-09-10 15:26:34.727,17470,17471,17471,4,4
2021-09-10 15:26:41.702,17471,17472,17471,1,-1
2021-09-10 15:27:01.643,17471,17472,17471,8,-8
2021-09-10 15:27:01.644,17471,17472,17471,1,-1
2021-09-10 15:27:03.309,17470,17471,17471,1,1
2021-09-10 15:27:05.576,17470,17471,17470,6,-6
2021-09-10 15:27:05.583,17470,17471,17470,1,-1
2021-09-10 15:27:08.920,17469,17471,17470,1,-1
2021-09-10 15:27:20.213,17469,17470,17470,1,1
2021-09-10 15:27:23.826,17469,17470,17470,2,2
2021-09-10 15:27:36.749,17469,17470,17470,1,1
2021-09-10 15:27:37.483,17469,17470,17470,1,1
2021-09-10 15:27:37.484,17469,17470,17470,1,1
2021-09-10 15:27:40.972,17470,17471,17471,1,1
2021-09-10 15:27:43.207,17470,17472,17470,1,-1
2021-09-10 15:28:00.980,17471,17472,17471,3,3
2021-09-10 15:28:00.981,17471,17472,17471,3,-3
2021-09-10 15:28:02.967,17471,17472,17471,3,-3
2021-09-10 15:28:23.779,17470,17471,17471,1,1
2021-09-10 15:28:25.764,17470,17471,17470,1,-1
2021-09-10 15:28:27.899,17470,17471,17470,1,-1
2021-09-10 15:28:30.120,17470,17471,17470,1,-1
2021-09-10 15:28:31.051,17470,17471,17470,1,-1
2021-09-10 15:28:33.370,17470,17471,17470,1,-1
2021-09-10 15:28:33.510,17469,17470,17470,1,1
2021-09-10 15:28:39.852,17470,17471,17470,1,-1
2021-09-10 15:28:54.242,17470,17471,17470,1,-1
2021-09-10 15:29:04.468,17469,17471,17471,1,1
2021-09-10 15:29:07.222,17469,17471,17469,10,-10
2021-09-10 15:29:12.218,17468,17470,17470,1,1
2021-09-10 15:29:13.512,17470,17471,17470,1,-1
2021-09-10 15:29:16.712,17470,17471,17470,3,-3
2021-09-10 15:29:22.958,17469,17470,17470,1,1
2021-09-10 15:29:24.393,17470,17471,17470,1,-1
2021-09-10 15:29:24.394,17470,17471,17470,3,-3
2021-09-10 15:29:24.394,17470,17471,17470,1,-1
2021-09-10 15:29:34.128,17469,17471,17471,2,2
2021-09-10 15:29:34.129,17469,17471,17471,2,2
2021-09-10 15:29:34.129,17469,17471,17471,2,2
2021-09-10 15:29:38.806,17470,17472,17470,1,-1
2021-09-10 15:29:55.150,17470,17471,17470,1,-1
2021-09-10 15:29:55.150,17470,17471,17470,1,-1
2021-09-10 15:29:59.489,17469,17470,17469,1,-1
2021-09-10 15:30:01.125,17469,17470,17470,1,1
2021-09-10 15:30:01.134,17469,17470,17470,1,1
2021-09-10 15:30:01.345,17469,17470,17470,1,1
2021-09-10 15:30:01.525,17470,17471,17471,1,1
2021-09-10 15:30:10.045,17470,17471,17471,4,4
2021-09-10 15:30:10.397,17471,17472,17472,1,1
2021-09-10 15:30:13.318,17470,17472,17472,3,3
2021-09-10 15:30:16.052,17471,17473,17472,5,-5
2021-09-10 15:30:23.030,17471,17472,17472,1,1
2021-09-10 15:30:24.472,17472,17473,17473,1,1
2021-09-10 15:30:24.596,17472,17473,17473,1,1
2021-09-10 15:30:27.347,17472,17473,17473,4,4
2021-09-10 15:30:30.566,17473,17474,17473,3,-3
2021-09-10 15:30:40.465,17472,17473,17473,1,1
2021-09-10 15:30:51.344,17472,17473,17472,2,-2
2021-09-10 15:30:51.344,17472,17473,17472,1,-1
2021-09-10 15:30:52.513,17470,17472,17472,2,2
2021-09-10 15:31:01.766,17470,17472,17471,1,-1
2021-09-10 15:31:01.773,17470,17472,17471,1,-1
2021-09-10 15:31:01.917,17470,17471,17470,1,-1
2021-09-10 15:31:01.972,17470,17471,17470,3,-3
2021-09-10 15:31:02.104,17469,17471,17471,1,1
2021-09-10 15:31:02.225,17469,17471,17471,1,1
2021-09-10 15:31:13.806,17469,17470,17469,8,-8
2021-09-10 15:31:20.248,17469,17470,17469,1,-1
2021-09-10 15:31:20.248,17469,17470,17468,11,-11
2021-09-10 15:31:20.349,17468,17469,17469,1,1
2021-09-10 15:31:20.350,17468,17469,17470,1,1
2021-09-10 15:31:21.219,17469,17470,17469,1,-1
2021-09-10 15:31:21.225,17468,17469,17469,1,1
2021-09-10 15:31:26.335,17468,17469,17469,1,1
2021-09-10 15:31:26.336,17468,17469,17469,2,2
2021-09-10 15:31:26.662,17469,17470,17470,1,1
2021-09-10 15:31:37.357,17468,17469,17469,1,1
2021-09-10 15:31:37.359,17468,17469,17469,1,1
2021-09-10 15:31:37.828,17469,17471,17471,1,1
2021-09-10 15:31:47.440,17468,17469,17469,1,1
2021-09-10 15:31:49.766,17468,17469,17468,1,-1
2021-09-10 15:31:49.767,17468,17469,17468,2,-2
2021-09-10 15:31:49.850,17467,17469,17469,1,1
2021-09-10 15:31:50.373,17467,17469,17467,1,-1
2021-09-10 15:31:51.191,17467,17469,17467,1,-1
2021-09-10 15:31:51.925,17467,17468,17467,4,-4
2021-09-10 15:31:55.211,17467,17469,17469,1,1
2021-09-10 15:31:57.961,17467,17468,17467,2,-2
2021-09-10 15:32:00.240,17467,17468,17467,2,-2
2021-09-10 15:32:00.853,17467,17468,17467,3,-3
2021-09-10 15:32:00.854,17467,17468,17467,2,-2
2021-09-10 15:32:07.345,17467,17468,17467,1,-1
2021-09-10 15:32:08.605,17467,17468,17467,1,-1
2021-09-10 15:32:12.159,17467,17468,17467,1,-1
2021-09-10 15:32:12.159,17467,17468,17466,2,-2
2021-09-10 15:32:13.202,17466,17468,17468,1,1
2021-09-10 15:32:16.750,17466,17467,17467,1,1
2021-09-10 15:32:16.750,17466,17467,17467,2,2
2021-09-10 15:32:16.750,17466,17467,17467,1,1
2021-09-10 15:32:35.250,17467,17468,17467,1,-1
2021-09-10 15:32:36.988,17467,17468,17467,1,-1
2021-09-10 15:32:42.230,17466,17467,17466,28,-28
2021-09-10 15:32:42.231,17466,17467,17466,1,-1
2021-09-10 15:32:46.350,17465,17466,17465,2,-2
2021-09-10 15:32:46.501,17465,17466,17465,2,-2
2021-09-10 15:32:46.501,17465,17466,17465,1,-1
2021-09-10 15:32:46.595,17465,17466,17465,2,-2
2021-09-10 15:32:47.837,17465,17466,17465,1,-1
2021-09-10 15:32:48.332,17465,17466,17465,4,-4
2021-09-10 15:32:49.256,17464,17465,17465,1,1
2021-09-10 15:32:50.446,17465,17466,17466,1,1
2021-09-10 15:32:51.740,17465,17466,17465,1,-1
2021-09-10 15:32:52.726,17464,17465,17465,2,2
2021-09-10 15:32:53.139,17464,17465,17464,1,-1
2021-09-10 15:32:53.243,17464,17465,17464,1,-1
2021-09-10 15:32:54.471,17465,17467,17465,1,1
2021-09-10 15:32:54.569,17464,17467,17465,1,-1
2021-09-10 15:32:54.816,17464,17466,17464,13,-13
2021-09-10 15:32:54.816,17464,17466,17463,26,-26
2021-09-10 15:33:01.420,17464,17465,17464,2,2
2021-09-10 15:33:01.953,17463,17464,17463,1,-1
2021-09-10 15:33:02.011,17462,17464,17463,1,-1
2021-09-10 15:33:06.326,17462,17463,17463,1,1
2021-09-10 15:33:07.519,17462,17464,17463,1,-1
2021-09-10 15:33:10.299,17462,17464,17463,1,-1
2021-09-10 15:33:11.149,17463,17464,17463,1,-1
2021-09-10 15:33:20.228,17462,17463,17462,13,-13
2021-09-10 15:33:20.851,17461,17462,17461,20,-20
2021-09-10 15:33:20.851,17461,17462,17460,23,-23
2021-09-10 15:33:20.853,17461,17462,17459,1,-1
2021-09-10 15:33:20.853,17461,17462,17459,1,-1
2021-09-10 15:33:20.854,17461,17462,17459,5,-5
2021-09-10 15:33:20.854,17461,17462,17459,1,-1
2021-09-10 15:33:20.854,17461,17462,17459,3,-3
2021-09-10 15:33:20.992,17458,17459,17458,1,-1
2021-09-10 15:33:21.089,17458,17459,17459,4,4
2021-09-10 15:33:21.090,17458,17459,17459,1,1
2021-09-10 15:33:21.090,17458,17459,17459,1,1
2021-09-10 15:33:21.090,17458,17459,17459,1,1
2021-09-10 15:33:21.090,17458,17459,17459,3,3
2021-09-10 15:33:21.097,17458,17459,17458,5,-5
2021-09-10 15:33:21.111,17458,17459,17458,2,-2
2021-09-10 15:33:21.140,17458,17459,17459,4,4
2021-09-10 15:33:21.140,17458,17459,17459,1,1
2021-09-10 15:33:21.247,17459,17460,17459,3,-3
2021-09-10 15:33:21.872,17458,17460,17458,1,-1
2021-09-10 15:33:21.883,17458,17460,17458,1,-1
2021-09-10 15:33:22.173,17459,17460,17460,1,1
2021-09-10 15:33:22.173,17459,17460,17460,1,1
2021-09-10 15:33:22.173,17459,17460,17460,12,12
2021-09-10 15:33:22.173,17459,17460,17460,1,1
2021-09-10 15:33:22.173,17459,17460,17460,4,4
2021-09-10 15:33:22.173,17459,17460,17460,1,1
2021-09-10 15:33:22.174,17459,17460,17460,5,5
2021-09-10 15:33:22.174,17459,17460,17460,1,1
2021-09-10 15:33:22.174,17459,17460,17460,2,2
2021-09-10 15:33:22.174,17459,17460,17460,10,10
2021-09-10 15:33:22.174,17459,17460,17460,4,4
2021-09-10 15:33:22.174,17459,17460,17460,3,3
2021-09-10 15:33:22.174,17459,17460,17460,3,3
2021-09-10 15:33:22.174,17459,17460,17460,1,1
2021-09-10 15:33:22.174,17459,17460,17460,1,1
2021-09-10 15:33:22.174,17459,17460,17460,5,5
2021-09-10 15:33:22.175,17459,17460,17460,1,1
2021-09-10 15:33:23.612,17459,17460,17460,1,1
2021-09-10 15:33:24.051,17459,17461,17459,2,-2
2021-09-10 15:33:24.053,17459,17461,17460,1,1
2021-09-10 15:33:26.806,17458,17460,17458,3,-3
2021-09-10 15:33:27.197,17458,17460,17460,1,1
2021-09-10 15:33:27.565,17458,17460,17460,1,1
2021-09-10 15:33:30.897,17459,17460,17459,1,-1
2021-09-10 15:33:32.119,17459,17460,17459,2,-2
2021-09-10 15:33:33.951,17459,17460,17459,1,-1
2021-09-10 15:33:35.708,17458,17459,17459,1,1
2021-09-10 15:33:36.892,17458,17459,17459,1,1
2021-09-10 15:33:37.256,17458,17459,17459,1,1
2021-09-10 15:33:37.256,17458,17459,17459,1,1
2021-09-10 15:33:38.693,17458,17459,17458,7,-7
2021-09-10 15:33:44.786,17457,17458,17458,1,1
2021-09-10 15:33:44.982,17457,17458,17457,1,-1
2021-09-10 15:33:46.621,17457,17458,17457,1,-1
2021-09-10 15:33:46.816,17457,17458,17457,1,-1
2021-09-10 15:33:48.057,17457,17458,17457,1,-1
2021-09-10 15:33:48.622,17457,17458,17457,1,-1
2021-09-10 15:33:48.622,17457,17458,17457,2,-2
2021-09-10 15:33:48.623,17457,17458,17457,1,-1
2021-09-10 15:33:48.623,17457,17458,17457,5,-5
2021-09-10 15:33:49.447,17456,17457,17457,1,1
2021-09-10 15:33:50.512,17456,17457,17457,1,1
2021-09-10 15:33:54.538,17457,17458,17457,1,-1
2021-09-10 15:33:55.480,17457,17458,17457,1,-1
2021-09-10 15:33:55.893,17456,17458,17456,1,-1
2021-09-10 15:33:56.007,17456,17458,17456,1,-1
2021-09-10 15:33:56.009,17456,17458,17456,1,-1
2021-09-10 15:33:56.021,17456,17458,17456,2,-2
2021-09-10 15:33:56.067,17456,17458,17456,1,-1
2021-09-10 15:33:56.163,17456,17458,17457,1,1
2021-09-10 15:33:56.227,17456,17458,17458,1,1
2021-09-10 15:33:56.351,17456,17458,17456,1,-1
2021-09-10 15:33:56.404,17456,17458,17456,1,-1
2021-09-10 15:33:56.495,17456,17458,17456,1,-1
2021-09-10 15:33:56.735,17456,17458,17456,5,-5
2021-09-10 15:33:58.687,17456,17457,17457,1,1
2021-09-10 15:33:59.141,17457,17458,17457,1,-1
2021-09-10 15:34:05.358,17457,17458,17457,1,-1
2021-09-10 15:34:05.411,17457,17458,17456,1,-1
2021-09-10 15:34:06.512,17456,17457,17457,1,1
2021-09-10 15:34:06.597,17457,17458,17457,1,-1
2021-09-10 15:34:08.483,17457,17458,17458,1,1
2021-09-10 15:34:09.365,17457,17458,17457,1,-1
2021-09-10 15:34:11.632,17457,17458,17457,4,-4
2021-09-10 15:34:11.632,17457,17458,17456,9,-9
2021-09-10 15:34:15.630,17457,17458,17457,1,1
2021-09-10 15:34:16.012,17457,17458,17457,1,-1
2021-09-10 15:34:18.143,17457,17458,17458,3,3
2021-09-10 15:34:18.616,17457,17458,17458,7,7
2021-09-10 15:34:18.616,17457,17458,17458,1,1
2021-09-10 15:34:18.616,17457,17458,17458,1,1
2021-09-10 15:34:18.616,17457,17458,17458,1,1
2021-09-10 15:34:18.617,17457,17458,17458,4,4
2021-09-10 15:34:20.084,17458,17459,17458,1,-1
2021-09-10 15:34:23.317,17458,17459,17458,1,-1
2021-09-10 15:34:24.306,17458,17459,17458,1,-1
2021-09-10 15:34:24.600,17458,17459,17458,1,-1
2021-09-10 15:34:26.011,17458,17459,17458,1,-1
2021-09-10 15:34:28.910,17458,17459,17459,1,1
2021-09-10 15:34:29.407,17458,17460,17460,1,1
2021-09-10 15:34:30.701,17458,17460,17458,1,-1
2021-09-10 15:34:32.491,17459,17460,17459,1,1
2021-09-10 15:34:32.923,17458,17460,17458,1,-1
2021-09-10 15:34:38.234,17459,17460,17460,1,1
2021-09-10 15:34:39.016,17459,17460,17459,1,-1
2021-09-10 15:34:41.830,17459,17460,17459,1,-1
2021-09-10 15:34:41.925,17459,17460,17459,1,-1
2021-09-10 15:34:42.029,17459,17460,17459,1,-1
2021-09-10 15:34:42.391,17459,17460,17460,1,1
2021-09-10 15:34:43.644,17459,17460,17459,1,-1
2021-09-10 15:34:44.444,17458,17459,17459,1,1
2021-09-10 15:34:45.737,17458,17459,17459,3,3
2021-09-10 15:34:47.629,17459,17460,17460,2,2
2021-09-10 15:34:47.629,17459,17460,17460,1,1
2021-09-10 15:34:48.071,17460,17462,17462,2,2
2021-09-10 15:34:49.006,17460,17462,17462,1,1
2021-09-10 15:34:54.084,17460,17462,17461,1,-1
2021-09-10 15:34:55.702,17460,17462,17462,1,1
2021-09-10 15:35:09.344,17461,17462,17462,3,3
2021-09-10 15:35:09.348,17461,17462,17461,1,-1
2021-09-10 15:35:09.348,17461,17462,17460,1,-1
2021-09-10 15:35:21.589,17461,17462,17461,1,1
2021-09-10 15:35:24.450,17461,17462,17462,1,1
2021-09-10 15:35:30.355,17461,17462,17462,1,1
2021-09-10 15:35:31.448,17461,17462,17461,5,-5
2021-09-10 15:35:33.930,17461,17462,17461,2,-2
2021-09-10 15:35:35.357,17461,17462,17462,1,1
2021-09-10 15:35:38.486,17461,17462,17461,1,-1
2021-09-10 15:35:39.911,17461,17462,17461,1,-1
2021-09-10 15:35:40.791,17460,17461,17461,1,1
2021-09-10 15:35:40.955,17460,17462,17462,1,1
2021-09-10 15:35:45.909,17460,17462,17462,2,2
2021-09-10 15:35:49.189,17461,17462,17461,1,-1
2021-09-10 15:35:51.320,17461,17462,17462,1,1
2021-09-10 15:35:52.560,17461,17462,17461,1,-1
2021-09-10 15:36:00.347,17460,17461,17461,1,1
2021-09-10 15:36:00.800,17460,17462,17462,4,4
2021-09-10 15:36:03.375,17461,17462,17461,1,-1
2021-09-10 15:36:08.756,17460,17461,17461,1,1
2021-09-10 15:36:15.678,17461,17462,17461,1,-1
2021-09-10 15:36:15.678,17461,17462,17460,1,-1
2021-09-10 15:36:15.973,17460,17462,17460,2,-2
2021-09-10 15:36:17.313,17460,17461,17460,1,-1
2021-09-10 15:36:20.316,17460,17462,17460,2,-2
2021-09-10 15:36:32.258,17460,17461,17460,1,-1
2021-09-10 15:36:33.012,17460,17461,17460,1,-1
2021-09-10 15:36:36.362,17460,17461,17460,1,-1
2021-09-10 15:36:40.349,17459,17460,17460,1,1
2021-09-10 15:36:43.040,17459,17460,17459,1,-1
2021-09-10 15:36:49.465,17459,17460,17460,1,1
2021-09-10 15:36:51.976,17459,17460,17459,1,-1
2021-09-10 15:36:52.012,17459,17460,17460,1,1
2021-09-10 15:37:06.258,17459,17460,17460,1,1
2021-09-10 15:37:06.444,17459,17460,17459,1,-1
2021-09-10 15:37:06.565,17459,17460,17459,1,-1
2021-09-10 15:37:06.896,17459,17460,17459,1,-1
2021-09-10 15:37:09.597,17459,17460,17459,1,-1
2021-09-10 15:37:12.418,17459,17460,17460,4,4
2021-09-10 15:37:12.716,17460,17462,17460,2,-2
2021-09-10 15:37:13.628,17460,17462,17460,1,-1
2021-09-10 15:37:17.934,17460,17462,17460,1,-1
2021-09-10 15:37:17.934,17460,17462,17460,1,-1
2021-09-10 15:37:25.560,17459,17461,17460,1,-1
2021-09-10 15:37:26.252,17459,17460,17460,1,1
2021-09-10 15:37:26.353,17459,17460,17460,1,1
2021-09-10 15:37:30.338,17459,17461,17461,1,1
2021-09-10 15:37:30.367,17460,17462,17460,1,-1
2021-09-10 15:37:40.839,17460,17461,17461,1,1
2021-09-10 15:37:41.888,17460,17461,17461,1,1
2021-09-10 15:37:42.836,17460,17462,17462,1,1
2021-09-10 15:37:48.498,17461,17462,17462,2,2
2021-09-10 15:37:49.761,17461,17462,17462,1,1
2021-09-10 15:37:51.627,17461,17462,17461,1,-1
2021-09-10 15:38:00.014,17461,17462,17461,1,-1
2021-09-10 15:38:07.680,17461,17462,17462,1,1
2021-09-10 15:38:08.842,17462,17463,17463,1,1
2021-09-10 15:38:11.440,17462,17463,17463,1,1
2021-09-10 15:38:12.851,17464,17465,17465,1,1
2021-09-10 15:38:18.290,17465,17466,17466,1,1
2021-09-10 15:38:18.787,17465,17466,17466,1,1
2021-09-10 15:38:19.001,17465,17466,17466,1,1
2021-09-10 15:38:20.627,17465,17466,17466,1,1
2021-09-10 15:38:20.637,17465,17466,17465,5,-5
2021-09-10 15:38:21.671,17464,17466,17466,1,1
2021-09-10 15:38:29.074,17464,17466,17466,2,2
2021-09-10 15:38:32.157,17465,17466,17466,2,2
2021-09-10 15:38:34.309,17465,17467,17467,1,1
2021-09-10 15:38:34.950,17465,17466,17465,1,-1
2021-09-10 15:38:34.951,17465,17466,17465,5,-5
2021-09-10 15:38:34.951,17465,17466,17465,5,-5
2021-09-10 15:38:36.381,17463,17465,17465,1,1
2021-09-10 15:38:38.602,17464,17465,17465,1,1
2021-09-10 15:38:52.544,17465,17466,17466,1,1
2021-09-10 15:38:53.045,17465,17466,17466,7,7
2021-09-10 15:39:03.460,17466,17467,17466,1,-1
2021-09-10 15:39:04.208,17466,17467,17466,1,-1
2021-09-10 15:39:07.860,17466,17467,17467,1,1
2021-09-10 15:39:07.860,17466,17467,17467,5,5
2021-09-10 15:39:07.860,17466,17467,17467,1,1
2021-09-10 15:39:07.861,17466,17467,17467,3,3
2021-09-10 15:39:12.594,17467,17468,17467,2,-2
2021-09-10 15:39:12.595,17467,17468,17467,1,-1
2021-09-10 15:39:12.947,17466,17467,17467,1,1
2021-09-10 15:39:30.759,17466,17467,17467,2,2
2021-09-10 15:39:34.616,17466,17468,17466,4,-4
2021-09-10 15:39:37.318,17466,17467,17467,1,1
2021-09-10 15:39:38.682,17466,17468,17468,1,1
2021-09-10 15:39:47.255,17466,17467,17466,1,-1
2021-09-10 15:39:48.145,17466,17467,17466,1,-1
2021-09-10 15:39:49.370,17466,17467,17466,1,-1
2021-09-10 15:39:49.390,17466,17467,17466,1,-1
2021-09-10 15:39:49.503,17465,17466,17466,1,1
2021-09-10 15:39:49.689,17465,17466,17465,1,-1
2021-09-10 15:39:49.689,17465,17466,17465,5,-5
2021-09-10 15:39:49.689,17465,17466,17465,1,-1
2021-09-10 15:40:00.154,17464,17465,17464,1,-1
2021-09-10 15:40:00.991,17462,17464,17462,2,-2
2021-09-10 15:40:05.384,17462,17463,17463,1,1
2021-09-10 15:40:05.387,17462,17463,17463,1,1
2021-09-10 15:40:21.378,17463,17464,17463,1,-1
2021-09-10 15:40:23.148,17462,17463,17463,1,1
2021-09-10 15:40:25.634,17462,17463,17463,1,1
2021-09-10 15:40:26.602,17462,17463,17462,1,-1
2021-09-10 15:40:32.315,17462,17463,17462,1,-1
2021-09-10 15:40:55.854,17461,17462,17462,3,3
2021-09-10 15:40:55.855,17461,17462,17462,1,1
2021-09-10 15:40:55.855,17461,17462,17462,1,1
2021-09-10 15:41:15.804,17462,17463,17462,1,-1
2021-09-10 15:41:16.540,17462,17463,17462,2,-2
2021-09-10 15:41:25.372,17462,17463,17463,1,1
2021-09-10 15:41:25.372,17462,17463,17463,1,1
2021-09-10 15:41:31.318,17462,17464,17462,1,-1
2021-09-10 15:41:31.860,17462,17464,17464,1,1
2021-09-10 15:41:35.528,17462,17463,17462,3,-3
2021-09-10 15:41:38.056,17461,17462,17462,1,1
2021-09-10 15:41:38.263,17461,17462,17462,1,1
2021-09-10 15:41:38.353,17461,17462,17462,1,1
2021-09-10 15:41:38.353,17461,17462,17462,1,1
2021-09-10 15:41:38.353,17461,17462,17462,1,1
2021-09-10 15:41:44.436,17462,17463,17463,2,2
2021-09-10 15:41:52.214,17462,17463,17463,1,1
2021-09-10 15:42:00.010,17463,17464,17463,1,-1
2021-09-10 15:42:00.387,17463,17464,17464,2,2
2021-09-10 15:42:00.387,17463,17464,17465,2,2
2021-09-10 15:42:38.723,17463,17465,17465,1,1
2021-09-10 15:43:09.347,17464,17465,17465,2,2
2021-09-10 15:43:33.682,17465,17466,17466,1,1
2021-09-10 15:43:44.418,17465,17466,17466,2,2
2021-09-10 15:44:02.256,17466,17467,17467,2,2
2021-09-10 15:44:07.879,17466,17467,17467,1,1
2021-09-10 15:44:08.980,17466,17467,17466,2,-2
2021-09-10 15:44:13.169,17466,17467,17466,1,-1
2021-09-10 15:44:13.207,17466,17467,17467,1,1
2021-09-10 15:44:22.254,17466,17468,17466,1,-1
2021-09-10 15:44:37.306,17465,17467,17465,1,-1
2021-09-10 15:44:48.475,17466,17467,17466,1,1
2021-09-10 15:45:03.622,17466,17467,17467,1,1
2021-09-10 15:45:04.666,17467,17468,17467,2,-2
2021-09-10 15:45:13.352,17467,17468,17467,1,-1
2021-09-10 15:45:20.806,17466,17468,17468,1,1
2021-09-10 15:45:31.713,17466,17468,17468,1,1
2021-09-10 15:45:47.147,17467,17468,17467,2,-2
2021-09-10 15:45:50.098,17467,17468,17468,1,1
2021-09-10 15:45:50.099,17467,17468,17468,4,4
2021-09-10 15:46:12.659,17468,17469,17469,1,1
2021-09-10 15:46:12.752,17468,17469,17469,6,6
2021-09-10 15:46:13.180,17468,17469,17469,1,1
2021-09-10 15:46:14.482,17469,17470,17470,1,1
2021-09-10 15:46:16.194,17469,17470,17469,1,-1
2021-09-10 15:46:19.826,17468,17470,17470,1,1
2021-09-10 15:46:30.921,17469,17470,17470,1,1
2021-09-10 15:46:35.116,17469,17470,17469,1,-1
2021-09-10 15:46:35.129,17469,17470,17469,3,-3
2021-09-10 15:46:36.236,17468,17469,17469,1,1
2021-09-10 15:46:46.974,17468,17469,17469,1,1
2021-09-10 15:46:54.548,17468,17469,17468,1,-1
2021-09-10 15:46:55.930,17468,17469,17469,2,2
2021-09-10 15:46:55.931,17468,17469,17469,1,1
2021-09-10 15:47:00.103,17469,17470,17470,1,1
2021-09-10 15:47:25.842,17469,17470,17470,3,3
2021-09-10 15:47:28.767,17469,17470,17470,3,3
2021-09-10 15:47:29.815,17469,17470,17469,2,-2
2021-09-10 15:47:31.181,17469,17470,17469,1,-1
2021-09-10 15:47:31.181,17469,17470,17468,1,-1
2021-09-10 15:47:40.197,17469,17470,17469,1,1
2021-09-10 15:47:40.197,17469,17470,17469,2,-2
2021-09-10 15:47:40.198,17469,17470,17469,1,-1
2021-09-10 15:48:04.298,17469,17470,17469,1,-1
2021-09-10 15:48:04.631,17468,17469,17469,1,1
2021-09-10 15:48:15.318,17468,17469,17469,2,2
2021-09-10 15:48:15.318,17468,17469,17470,1,1
2021-09-10 15:48:20.972,17468,17469,17469,1,1
2021-09-10 15:48:45.678,17469,17470,17469,1,-1
2021-09-10 15:48:55.127,17469,17470,17469,1,-1
2021-09-10 15:48:58.374,17469,17470,17469,1,-1
2021-09-10 15:49:00.644,17469,17470,17470,1,1
2021-09-10 15:49:00.644,17469,17470,17470,1,1
2021-09-10 15:49:00.644,17469,17470,17470,3,3
2021-09-10 15:49:08.206,17470,17471,17471,1,1
2021-09-10 15:49:08.206,17470,17471,17471,1,1
2021-09-10 15:49:08.206,17470,17471,17471,1,1
2021-09-10 15:49:08.207,17470,17471,17471,3,3
2021-09-10 15:49:15.222,17470,17472,17470,1,-1
2021-09-10 15:49:25.393,17471,17472,17472,3,3
2021-09-10 15:49:29.320,17471,17472,17472,1,1
2021-09-10 15:49:29.472,17471,17472,17472,2,2
2021-09-10 15:49:33.550,17472,17473,17472,2,-2
2021-09-10 15:49:36.333,17471,17472,17472,1,1
2021-09-10 15:49:36.408,17471,17472,17471,1,-1
2021-09-10 15:49:36.409,17471,17472,17471,1,-1
2021-09-10 15:49:40.821,17470,17471,17470,1,-1
2021-09-10 15:49:41.023,17470,17471,17471,1,1
2021-09-10 15:49:46.512,17470,17471,17470,5,-5
2021-09-10 15:50:01.146,17470,17471,17470,1,-1
2021-09-10 15:50:10.653,17470,17471,17470,1,-1
2021-09-10 15:50:20.950,17470,17471,17470,1,-1
2021-09-10 15:50:26.406,17469,17470,17470,1,1
2021-09-10 15:50:27.673,17469,17470,17470,1,1
2021-09-10 15:50:29.656,17469,17470,17470,1,1
2021-09-10 15:50:31.917,17469,17470,17470,1,1
2021-09-10 15:50:37.214,17470,17471,17470,1,-1
2021-09-10 15:50:42.445,17470,17471,17470,1,-1
2021-09-10 15:50:47.929,17470,17471,17471,2,2
2021-09-10 15:50:50.807,17470,17471,17470,2,-2
2021-09-10 15:50:51.028,17469,17470,17470,2,2
2021-09-10 15:50:51.028,17469,17470,17471,3,3
2021-09-10 15:51:35.104,17470,17471,17470,2,-2
2021-09-10 15:51:35.104,17470,17471,17469,3,-3
2021-09-10 15:51:56.111,17468,17470,17468,1,-1
2021-09-10 15:52:04.767,17468,17470,17468,1,-1
2021-09-10 15:52:09.021,17468,17470,17470,1,1
2021-09-10 15:52:16.668,17469,17470,17469,1,-1
2021-09-10 15:52:58.325,17468,17469,17468,1,-1
2021-09-10 15:53:10.214,17468,17469,17468,1,-1
2021-09-10 15:53:11.635,17468,17469,17468,1,-1
2021-09-10 15:53:19.728,17468,17469,17469,4,4
2021-09-10 15:53:20.761,17468,17470,17468,1,-1
2021-09-10 15:53:46.122,17469,17470,17469,1,1
2021-09-10 15:53:46.122,17469,17470,17468,1,-1
2021-09-10 15:53:47.684,17468,17470,17469,1,1
2021-09-10 15:53:55.084,17468,17470,17468,1,-1
2021-09-10 15:54:21.418,17468,17469,17468,3,-3
2021-09-10 15:54:21.758,17468,17469,17469,1,1
2021-09-10 15:54:36.557,17468,17469,17468,1,-1
2021-09-10 15:54:36.557,17468,17469,17468,1,-1
2021-09-10 15:54:36.557,17468,17469,17468,2,-2
2021-09-10 15:54:49.663,17467,17468,17468,3,3
2021-09-10 15:54:49.663,17467,17468,17469,2,2
2021-09-10 15:54:52.036,17467,17468,17467,1,-1
2021-09-10 15:55:08.891,17467,17468,17468,1,1
2021-09-10 15:55:08.955,17467,17468,17469,2,2
2021-09-10 15:55:36.865,17468,17469,17468,1,-1
2021-09-10 15:55:42.971,17468,17469,17468,1,-1
2021-09-10 15:55:49.374,17468,17469,17469,1,1
2021-09-10 15:56:34.332,17469,17470,17470,1,1
2021-09-10 15:56:44.690,17469,17470,17469,1,-1
2021-09-10 15:56:51.339,17469,17470,17469,2,-2
2021-09-10 15:57:03.291,17468,17469,17469,1,1
2021-09-10 15:57:04.278,17469,17470,17469,1,-1
2021-09-10 15:57:05.428,17469,17470,17470,2,2
2021-09-10 15:57:05.429,17469,17470,17470,3,3
2021-09-10 15:57:05.429,17469,17470,17470,2,2
2021-09-10 15:57:05.429,17469,17470,17470,2,2
2021-09-10 15:57:05.429,17469,17470,17470,1,1
2021-09-10 15:57:05.472,17469,17470,17470,5,5
2021-09-10 15:57:30.596,17470,17471,17471,1,1
2021-09-10 15:57:33.922,17470,17471,17471,1,1
2021-09-10 15:57:34.317,17470,17471,17470,1,-1
2021-09-10 15:57:37.773,17470,17471,17471,1,1
2021-09-10 15:57:46.359,17470,17471,17471,1,1
2021-09-10 15:57:53.410,17470,17471,17470,10,-10
2021-09-10 15:57:58.261,17470,17471,17470,2,-2
2021-09-10 15:57:58.438,17469,17470,17470,4,4
2021-09-10 15:57:58.840,17469,17470,17469,1,-1
2021-09-10 15:57:58.840,17469,17470,17469,1,-1
2021-09-10 15:57:58.944,17468,17470,17469,1,-1
2021-09-10 15:57:58.944,17468,17470,17470,4,4
2021-09-10 15:58:02.547,17468,17469,17468,1,-1
2021-09-10 15:58:04.776,17468,17469,17469,1,1
2021-09-10 15:58:23.847,17470,17471,17471,3,3
2021-09-10 15:58:23.848,17470,17471,17471,1,1
2021-09-10 15:58:35.912,17470,17472,17472,1,1
2021-09-10 15:58:45.902,17470,17471,17470,1,-1
2021-09-10 15:58:48.925,17470,17471,17470,1,-1
2021-09-10 15:58:53.488,17470,17471,17470,5,-5
2021-09-10 15:58:57.118,17470,17471,17470,1,-1
2021-09-10 15:59:20.332,17470,17471,17470,3,-3
2021-09-10 15:59:20.333,17470,17471,17470,1,-1
2021-09-10 15:59:26.354,17470,17471,17471,1,1
2021-09-10 15:59:30.831,17471,17472,17471,1,-1
2021-09-10 15:59:46.476,17471,17472,17472,1,1
2021-09-10 15:59:51.616,17471,17472,17472,1,1
2021-09-10 15:59:51.729,17472,17473,17472,1,-1
2021-09-10 15:59:56.092,17472,17473,17473,1,1
2021-09-10 15:59:56.171,17472,17473,17473,1,1
2021-09-10 15:59:58.397,17472,17473,17473,2,2
2021-09-10 16:00:00.193,17472,17473,17473,1,1
2021-09-10 16:00:00.235,17472,17473,17473,1,1
2021-09-10 16:00:02.303,17472,17473,17472,1,-1
2021-09-10 16:00:03.589,17472,17473,17473,1,1
2021-09-10 16:00:04.195,17472,17473,17473,1,1
2021-09-10 16:00:04.195,17472,17473,17474,1,1
2021-09-10 16:00:04.583,17472,17474,17474,1,1
2021-09-10 16:00:04.647,17472,17474,17474,1,1
2021-09-10 16:00:04.653,17472,17474,17474,1,1
2021-09-10 16:00:04.654,17472,17474,17474,1,1
2021-09-10 16:00:04.659,17472,17474,17474,1,1
2021-09-10 16:00:04.746,17473,17474,17474,1,1
2021-09-10 16:00:04.931,17473,17474,17474,1,1
2021-09-10 16:00:04.932,17473,17474,17474,1,1
2021-09-10 16:00:04.934,17473,17474,17475,1,1
2021-09-10 16:00:04.936,17473,17474,17475,1,1
2021-09-10 16:00:04.936,17473,17474,17475,1,1
2021-09-10 16:00:05.013,17473,17475,17475,2,2
2021-09-10 16:00:06.310,17473,17475,17475,1,1
2021-09-10 16:00:10.451,17473,17474,17474,1,1
2021-09-10 16:00:16.723,17473,17474,17473,2,-2
2021-09-10 16:00:16.724,17473,17474,17473,1,-1
2021-09-10 16:00:16.725,17473,17474,17473,3,-3
2021-09-10 16:00:21.495,17472,17473,17472,1,-1
2021-09-10 16:00:25.076,17471,17473,17472,2,-2
2021-09-10 16:00:26.257,17471,17472,17472,1,1
2021-09-10 16:00:30.301,17471,17472,17471,4,-4
2021-09-10 16:00:32.911,17470,17472,17471,1,-1
2021-09-10 16:00:32.911,17470,17472,17471,1,-1
2021-09-10 16:00:32.911,17470,17472,17472,3,3
2021-09-10 16:00:43.675,17470,17472,17470,5,-5
2021-09-10 16:00:46.826,17470,17471,17470,1,-1
2021-09-10 16:00:49.702,17470,17471,17470,1,-1
2021-09-10 16:00:51.682,17469,17471,17469,1,-1
2021-09-10 16:01:06.724,17469,17470,17470,1,1
2021-09-10 16:01:06.725,17469,17470,17470,1,1
2021-09-10 16:01:25.150,17470,17471,17471,2,2
2021-09-10 16:01:25.150,17470,17471,17471,1,1
2021-09-10 16:01:42.250,17471,17472,17472,1,1
2021-09-10 16:01:42.250,17471,17472,17472,6,6
2021-09-10 16:01:43.017,17472,17473,17473,2,2
2021-09-10 16:01:43.018,17472,17473,17473,1,1
2021-09-10 16:01:43.018,17472,17473,17473,3,3
2021-09-10 16:01:50.060,17472,17473,17473,1,1
2021-09-10 16:01:52.920,17472,17473,17473,2,2
2021-09-10 16:01:59.118,17473,17474,17473,3,-3
2021-09-10 16:01:59.118,17473,17474,17472,10,-10
2021-09-10 16:01:59.118,17473,17474,17471,7,-7
2021-09-10 16:02:01.393,17471,17473,17473,1,1
2021-09-10 16:02:04.326,17471,17472,17472,1,1
2021-09-10 16:02:16.457,17471,17472,17471,1,-1
2021-09-10 16:02:18.041,17470,17471,17470,5,-5
2021-09-10 16:02:18.986,17469,17470,17469,1,-1
2021-09-10 16:02:28.019,17469,17470,17469,1,-1
2021-09-10 16:02:28.975,17469,17470,17469,1,-1
2021-09-10 16:02:29.691,17469,17470,17469,1,-1
2021-09-10 16:02:36.039,17469,17470,17470,1,1
2021-09-10 16:02:36.078,17469,17470,17470,2,2
2021-09-10 16:02:36.429,17470,17472,17470,1,-1
2021-09-10 16:02:40.540,17469,17470,17469,1,-1
2021-09-10 16:02:43.872,17468,17469,17469,1,1
2021-09-10 16:02:43.973,17468,17470,17470,2,2
2021-09-10 16:02:51.433,17469,17470,17470,1,1
2021-09-10 16:03:26.600,17469,17470,17469,1,-1
2021-09-10 16:03:38.352,17469,17470,17469,1,-1
2021-09-10 16:03:41.741,17468,17469,17468,1,-1
2021-09-10 16:03:53.673,17468,17469,17468,1,-1
2021-09-10 16:04:03.440,17468,17469,17468,1,-1
2021-09-10 16:04:03.441,17468,17469,17468,9,-9
2021-09-10 16:04:03.441,17468,17469,17468,1,-1
2021-09-10 16:04:23.248,17467,17468,17468,1,1
2021-09-10 16:04:26.884,17467,17468,17467,2,-2
2021-09-10 16:04:33.240,17467,17468,17467,1,-1
2021-09-10 16:04:33.914,17467,17468,17467,1,-1
2021-09-10 16:04:34.977,17467,17468,17467,2,-2
2021-09-10 16:04:38.158,17467,17468,17467,1,-1
2021-09-10 16:04:39.178,17467,17468,17467,1,-1
2021-09-10 16:04:44.857,17467,17468,17468,1,1
2021-09-10 16:04:45.691,17467,17468,17468,1,1
2021-09-10 16:04:58.524,17468,17469,17469,2,2
2021-09-10 16:04:58.603,17468,17469,17469,2,2
2021-09-10 16:04:58.643,17468,17469,17470,2,2
2021-09-10 16:05:02.339,17469,17470,17469,1,-1
2021-09-10 16:05:06.447,17469,17470,17469,1,-1
2021-09-10 16:05:11.194,17468,17469,17469,1,1
2021-09-10 16:05:31.210,17469,17470,17469,2,-2
2021-09-10 16:05:41.672,17469,17470,17470,1,1
2021-09-10 16:05:49.805,17470,17471,17471,1,1
2021-09-10 16:05:51.760,17470,17471,17470,1,-1
2021-09-10 16:05:54.808,17470,17471,17470,1,-1
2021-09-10 16:05:58.756,17469,17470,17469,1,-1
2021-09-10 16:06:08.914,17469,17470,17469,1,-1
2021-09-10 16:06:12.509,17469,17470,17470,1,1
2021-09-10 16:06:14.130,17470,17471,17470,1,-1
2021-09-10 16:06:14.130,17470,17471,17469,1,-1
2021-09-10 16:06:25.413,17470,17472,17470,1,1
2021-09-10 16:06:37.476,17469,17471,17469,1,-1
2021-09-10 16:06:50.875,17470,17471,17470,1,1
2021-09-10 16:06:51.570,17470,17471,17471,2,2
2021-09-10 16:06:53.695,17470,17472,17472,1,1
2021-09-10 16:06:57.584,17470,17472,17470,3,-3
2021-09-10 16:06:57.584,17470,17472,17470,1,-1
2021-09-10 16:06:57.584,17470,17472,17470,4,-4
2021-09-10 16:07:00.825,17470,17471,17471,1,1
2021-09-10 16:07:01.256,17470,17471,17471,1,1
2021-09-10 16:07:22.780,17470,17471,17471,1,1
2021-09-10 16:07:36.834,17470,17471,17470,1,-1
2021-09-10 16:07:40.854,17470,17471,17471,1,1
2021-09-10 16:07:40.855,17470,17471,17471,1,1
2021-09-10 16:07:55.445,17471,17472,17472,2,2
2021-09-10 16:07:57.932,17471,17472,17472,1,1
2021-09-10 16:08:02.208,17471,17472,17472,1,1
2021-09-10 16:08:13.109,17471,17472,17472,1,1
2021-09-10 16:08:13.110,17471,17472,17472,8,8
2021-09-10 16:08:20.596,17471,17473,17472,1,-1
2021-09-10 16:08:27.057,17472,17473,17473,1,1
2021-09-10 16:08:31.193,17472,17473,17473,1,1
2021-09-10 16:08:32.612,17472,17473,17473,3,3
2021-09-10 16:08:36.872,17473,17474,17474,1,1
2021-09-10 16:08:37.209,17473,17474,17474,5,5
2021-09-10 16:08:37.209,17473,17474,17474,1,1
2021-09-10 16:08:39.249,17474,17475,17474,1,-1
2021-09-10 16:08:41.714,17474,17475,17475,1,1
2021-09-10 16:08:43.263,17474,17475,17475,1,1
2021-09-10 16:08:43.405,17474,17475,17475,10,10
2021-09-10 16:08:44.140,17474,17476,17476,3,3
2021-09-10 16:08:44.245,17475,17476,17476,1,1
2021-09-10 16:08:44.307,17475,17476,17476,1,1
2021-09-10 16:08:52.200,17473,17475,17475,1,1
2021-09-10 16:08:53.797,17472,17474,17475,2,2
2021-09-10 16:08:56.893,17473,17474,17474,2,2
2021-09-10 16:08:56.893,17473,17474,17475,5,5
2021-09-10 16:08:56.894,17473,17474,17475,3,3
2021-09-10 16:09:01.297,17474,17475,17474,1,-1
2021-09-10 16:09:02.889,17474,17475,17475,2,2
2021-09-10 16:09:03.328,17474,17475,17475,1,1
2021-09-10 16:09:07.504,17474,17475,17475,2,2
2021-09-10 16:09:07.648,17474,17475,17474,1,-1
2021-09-10 16:09:07.648,17474,17475,17474,1,-1
2021-09-10 16:09:07.648,17474,17475,17474,1,-1
2021-09-10 16:09:08.942,17473,17474,17473,1,-1
2021-09-10 16:09:11.161,17473,17474,17473,1,-1
2021-09-10 16:09:27.321,17473,17474,17474,1,1
2021-09-10 16:09:27.321,17473,17474,17474,2,2
2021-09-10 16:09:31.292,17473,17474,17474,1,1
2021-09-10 16:09:32.167,17473,17474,17474,1,1
2021-09-10 16:09:40.487,17473,17475,17475,1,1
2021-09-10 16:09:51.313,17473,17474,17474,1,1
2021-09-10 16:09:51.313,17473,17474,17474,1,1
2021-09-10 16:10:01.994,17474,17475,17475,2,2
2021-09-10 16:10:06.692,17474,17475,17474,1,-1
2021-09-10 16:10:06.692,17474,17475,17474,1,-1
2021-09-10 16:10:14.514,17473,17474,17474,1,1
2021-09-10 16:10:15.746,17473,17475,17475,6,6
2021-09-10 16:10:49.894,17474,17475,17475,1,1
2021-09-10 16:10:54.968,17474,17475,17474,4,-4
2021-09-10 16:11:12.207,17473,17474,17474,1,1
2021-09-10 16:11:12.207,17473,17474,17474,1,1
2021-09-10 16:11:21.284,17473,17474,17474,1,1
2021-09-10 16:11:26.495,17473,17474,17474,1,1
2021-09-10 16:11:37.781,17473,17474,17474,1,1
2021-09-10 16:11:43.784,17474,17475,17474,2,-2
2021-09-10 16:11:54.575,17474,17475,17474,1,-1
2021-09-10 16:12:17.443,17473,17474,17473,1,-1
2021-09-10 16:12:17.700,17473,17474,17474,2,2
2021-09-10 16:12:19.032,17473,17475,17473,1,-1
2021-09-10 16:12:27.636,17473,17474,17473,1,-1
2021-09-10 16:12:32.547,17473,17474,17474,1,1
2021-09-10 16:12:35.460,17473,17474,17473,1,-1
2021-09-10 16:12:42.434,17473,17474,17473,1,-1
2021-09-10 16:12:47.189,17472,17474,17472,1,-1
2021-09-10 16:13:08.156,17473,17474,17473,1,1
2021-09-10 16:13:15.902,17472,17473,17473,1,1
2021-09-10 16:13:28.675,17473,17474,17473,4,-4
2021-09-10 16:13:30.277,17472,17473,17473,1,1
2021-09-10 16:14:01.248,17472,17473,17472,1,-1
2021-09-10 16:14:06.709,17472,17473,17472,1,-1
2021-09-10 16:14:06.709,17472,17473,17472,1,-1
2021-09-10 16:14:06.827,17471,17472,17471,1,-1
2021-09-10 16:14:06.827,17471,17472,17471,2,-2
2021-09-10 16:14:06.827,17471,17472,17471,3,-3
2021-09-10 16:14:14.368,17470,17471,17470,1,-1
2021-09-10 16:14:22.757,17470,17471,17470,1,-1
2021-09-10 16:14:37.140,17470,17471,17471,1,1
2021-09-10 16:14:49.901,17470,17473,17470,1,-1
2021-09-10 16:14:56.015,17470,17472,17472,1,1
2021-09-10 16:15:46.151,17472,17473,17473,1,1
2021-09-10 16:15:46.151,17472,17473,17473,1,1
2021-09-10 16:15:46.151,17472,17473,17473,5,5
2021-09-10 16:15:47.641,17472,17474,17474,1,1
2021-09-10 16:15:52.217,17473,17474,17474,2,2
2021-09-10 16:15:52.218,17473,17474,17474,4,4
2021-09-10 16:15:52.358,17474,17475,17474,1,-1
2021-09-10 16:16:19.373,17473,17474,17473,1,-1
2021-09-10 16:16:19.373,17473,17474,17472,4,-4
2021-09-10 16:16:30.050,17473,17474,17474,1,1
2021-09-10 16:16:30.099,17473,17475,17475,1,1
2021-09-10 16:16:30.099,17473,17475,17475,1,1
2021-09-10 16:16:30.100,17473,17475,17475,1,1
2021-09-10 16:16:30.100,17473,17475,17475,1,1
2021-09-10 16:16:30.100,17473,17475,17475,1,1
2021-09-10 16:16:30.100,17473,17475,17475,1,1
2021-09-10 16:16:30.100,17473,17475,17475,1,1
2021-09-10 16:16:30.101,17473,17475,17475,1,1
2021-09-10 16:16:30.639,17473,17475,17475,1,1
2021-09-10 16:16:36.711,17473,17474,17473,1,-1
2021-09-10 16:16:37.745,17471,17473,17473,1,1
2021-09-10 16:16:52.057,17473,17474,17474,1,1
2021-09-10 16:16:52.375,17473,17474,17474,1,1
2021-09-10 16:16:57.379,17474,17475,17474,1,-1
2021-09-10 16:16:57.379,17474,17475,17473,4,-4
2021-09-10 16:16:57.475,17473,17474,17474,1,1
2021-09-10 16:17:00.421,17472,17474,17474,2,2
2021-09-10 16:17:13.773,17474,17475,17475,1,1
2021-09-10 16:17:13.850,17474,17475,17474,3,-3
2021-09-10 16:17:13.850,17474,17475,17473,2,-2
2021-09-10 16:17:30.733,17474,17475,17474,1,1
2021-09-10 16:17:30.733,17474,17475,17473,4,-4
2021-09-10 16:17:39.396,17474,17475,17474,1,1
2021-09-10 16:17:39.396,17474,17475,17474,1,-1
2021-09-10 16:17:39.396,17474,17475,17474,1,-1
2021-09-10 16:17:48.032,17473,17475,17473,2,-2
2021-09-10 16:17:48.032,17473,17475,17472,3,-3
2021-09-10 16:18:27.684,17472,17473,17472,5,-5
2021-09-10 16:18:47.168,17472,17473,17473,1,1
2021-09-10 16:18:51.257,17472,17474,17472,1,-1
2021-09-10 16:19:43.716,17472,17473,17472,2,-2
2021-09-10 16:19:57.959,17471,17472,17472,1,1
2021-09-10 16:19:59.829,17471,17472,17472,1,1
2021-09-10 16:20:22.784,17472,17473,17472,1,-1
2021-09-10 16:20:51.605,17471,17472,17471,1,-1
2021-09-10 16:20:58.879,17471,17472,17471,1,-1
2021-09-10 16:21:29.400,17471,17472,17472,1,1
2021-09-10 16:21:29.494,17472,17473,17473,1,1
2021-09-10 16:22:11.739,17472,17473,17473,1,1
2021-09-10 16:22:40.476,17472,17473,17473,2,2
2021-09-10 16:22:41.631,17472,17473,17472,1,-1
2021-09-10 16:22:53.517,17472,17473,17473,3,3
2021-09-10 16:22:53.518,17472,17473,17473,1,1
2021-09-10 16:23:03.127,17473,17474,17473,1,-1
2021-09-10 16:23:53.195,17472,17473,17472,1,-1
2021-09-10 16:24:20.596,17472,17473,17473,1,1
2021-09-10 16:24:28.024,17472,17473,17473,1,1
2021-09-10 16:24:28.025,17472,17473,17473,4,4
2021-09-10 16:24:40.746,17473,17474,17473,1,-1
2021-09-10 16:24:41.633,17472,17474,17473,1,-1
2021-09-10 16:24:42.981,17472,17473,17472,2,-2
2021-09-10 16:25:02.207,17471,17472,17472,1,1
2021-09-10 16:25:22.830,17471,17472,17471,1,-1
2021-09-10 16:25:30.577,17471,17472,17471,1,-1
2021-09-10 16:25:35.394,17471,17472,17471,1,-1
2021-09-10 16:25:37.471,17471,17472,17471,1,-1
2021-09-10 16:26:07.372,17470,17471,17470,1,-1
2021-09-10 16:26:09.089,17470,17471,17471,1,1
2021-09-10 16:26:15.023,17470,17471,17470,1,-1
2021-09-10 16:26:24.295,17470,17471,17470,5,-5
2021-09-10 16:27:21.679,17470,17471,17470,2,-2
2021-09-10 16:27:25.289,17470,17471,17470,1,-1
2021-09-10 16:27:43.701,17470,17471,17470,1,-1
2021-09-10 16:27:43.701,17470,17471,17470,6,-6
2021-09-10 16:28:13.475,17469,17470,17470,1,1
2021-09-10 16:28:13.809,17469,17470,17469,1,-1
2021-09-10 16:28:23.684,17469,17470,17469,1,-1
2021-09-10 16:28:27.099,17469,17470,17469,1,-1
2021-09-10 16:28:32.809,17469,17470,17469,1,-1
2021-09-10 16:28:36.585,17469,17470,17469,2,-2
2021-09-10 16:28:39.039,17468,17469,17468,1,-1
2021-09-10 16:28:39.118,17468,17469,17468,6,-6
2021-09-10 16:28:39.126,17468,17469,17468,2,-2
2021-09-10 16:28:46.383,17468,17469,17468,1,-1
2021-09-10 16:28:47.039,17468,17469,17468,3,-3
2021-09-10 16:29:01.078,17467,17468,17467,1,-1
2021-09-10 16:29:02.383,17467,17468,17467,1,-1
2021-09-10 16:29:03.584,17467,17468,17467,1,-1
2021-09-10 16:29:03.777,17467,17468,17467,1,-1
2021-09-10 16:29:03.870,17467,17468,17467,1,-1
2021-09-10 16:29:10.063,17466,17467,17467,1,1
2021-09-10 16:29:12.137,17466,17467,17467,1,1
2021-09-10 16:29:12.622,17467,17468,17467,1,-1
2021-09-10 16:29:12.875,17467,17468,17467,1,-1
2021-09-10 16:29:20.791,17467,17468,17468,1,1
2021-09-10 16:29:20.793,17467,17468,17468,7,7
2021-09-10 16:29:20.793,17467,17468,17468,1,1
2021-09-10 16:29:20.794,17467,17468,17468,4,4
2021-09-10 16:29:21.145,17468,17470,17470,2,2
2021-09-10 16:30:03.527,17470,17471,17470,1,-1
2021-09-10 16:30:03.545,17470,17471,17471,1,1
2021-09-10 16:30:04.171,17469,17471,17471,1,1
2021-09-10 16:30:13.931,17469,17470,17470,1,1
2021-09-10 16:30:22.259,17470,17472,17470,1,-1
2021-09-10 16:30:37.446,17471,17472,17471,2,2
2021-09-10 16:30:41.152,17471,17472,17472,3,3
2021-09-10 16:30:41.152,17471,17472,17472,3,3
2021-09-10 16:30:41.387,17472,17473,17473,1,1
2021-09-10 16:30:43.424,17473,17474,17473,2,-2
2021-09-10 16:30:43.425,17473,17474,17473,1,-1
2021-09-10 16:30:47.299,17471,17473,17473,1,1
2021-09-10 16:30:58.047,17472,17473,17473,1,1
2021-09-10 16:31:16.536,17473,17474,17474,1,1
2021-09-10 16:31:16.871,17473,17474,17473,1,-1
2021-09-10 16:31:17.077,17473,17474,17474,1,1
2021-09-10 16:31:22.183,17473,17474,17474,1,1
2021-09-10 16:31:22.184,17473,17474,17474,1,1
2021-09-10 16:31:22.184,17473,17474,17474,5,5
2021-09-10 16:31:22.184,17473,17474,17474,3,3
2021-09-10 16:31:22.184,17473,17474,17474,1,1
2021-09-10 16:31:22.771,17473,17475,17473,1,-1
