2022-03-23 15:00:00.045,17687,17690,17692,89,89
2022-03-23 15:00:00.047,17692,17693,17693,2,2
2022-03-23 15:00:00.048,17692,17693,17695,1,1
2022-03-23 15:00:00.059,17692,17693,17696,1,1
2022-03-23 15:00:00.142,17692,17696,17692,1,-1
2022-03-23 15:00:00.378,17694,17696,17696,1,1
2022-03-23 15:00:00.378,17694,17696,17697,1,1
2022-03-23 15:00:00.504,17694,17698,17694,1,-1
2022-03-23 15:00:00.504,17694,17698,17693,1,-1
2022-03-23 15:00:00.662,17692,17698,17697,1,1
2022-03-23 15:00:00.763,17693,17698,17697,1,1
2022-03-23 15:00:01.017,17693,17696,17696,1,1
2022-03-23 15:00:01.148,17692,17696,17696,1,1
2022-03-23 15:00:01.148,17692,17696,17697,1,1
2022-03-23 15:00:01.437,17692,17697,17695,3,3
2022-03-23 15:00:01.477,17692,17697,17693,1,-1
2022-03-23 15:00:01.477,17692,17697,17692,1,-1
2022-03-23 15:00:01.577,17692,17696,17693,1,-1
2022-03-23 15:00:01.669,17692,17694,17694,2,2
2022-03-23 15:00:01.724,17692,17694,17696,1,1
2022-03-23 15:00:01.830,17693,17696,17695,1,1
2022-03-23 15:00:01.927,17694,17698,17698,1,1
2022-03-23 15:00:02.228,17695,17698,17696,1,-1
2022-03-23 15:00:02.228,17695,17698,17695,1,-1
2022-03-23 15:00:02.615,17695,17698,17695,2,-2
2022-03-23 15:00:02.615,17695,17698,17695,3,-3
2022-03-23 15:00:02.717,17695,17698,17696,1,-1
2022-03-23 15:00:02.719,17695,17698,17697,1,1
2022-03-23 15:00:02.766,17694,17697,17697,1,1
2022-03-23 15:00:02.975,17694,17697,17697,1,1
2022-03-23 15:00:03.292,17694,17697,17697,1,1
2022-03-23 15:00:03.870,17694,17697,17694,1,-1
2022-03-23 15:00:03.870,17694,17697,17694,1,-1
2022-03-23 15:00:04.097,17692,17695,17694,1,1
2022-03-23 15:00:04.101,17692,17695,17695,1,1
2022-03-23 15:00:04.256,17692,17695,17695,3,3
2022-03-23 15:00:04.257,17692,17695,17695,2,2
2022-03-23 15:00:04.610,17693,17696,17693,1,-1
2022-03-23 15:00:04.806,17692,17695,17692,1,-1
2022-03-23 15:00:05.510,17692,17694,17694,1,1
2022-03-23 15:00:05.945,17692,17695,17695,1,1
2022-03-23 15:00:06.179,17692,17695,17692,1,-1
2022-03-23 15:00:06.312,17692,17694,17694,1,1
2022-03-23 15:00:07.008,17693,17695,17695,1,1
2022-03-23 15:00:07.540,17695,17696,17695,1,-1
2022-03-23 15:00:07.540,17695,17696,17693,2,-2
2022-03-23 15:00:07.641,17692,17695,17695,1,1
2022-03-23 15:00:07.867,17694,17695,17695,1,1
2022-03-23 15:00:07.910,17694,17695,17695,1,1
2022-03-23 15:00:07.910,17694,17695,17694,1,-1
2022-03-23 15:00:08.586,17693,17695,17694,1,1
2022-03-23 15:00:09.219,17692,17694,17694,2,2
2022-03-23 15:00:09.804,17692,17694,17692,2,-2
2022-03-23 15:00:09.811,17692,17694,17694,1,1
2022-03-23 15:00:10.092,17693,17694,17693,2,-2
2022-03-23 15:00:10.092,17693,17694,17693,2,-2
2022-03-23 15:00:10.336,17692,17694,17694,1,1
2022-03-23 15:00:11.712,17692,17694,17692,1,-1
2022-03-23 15:00:12.739,17693,17694,17693,1,-1
2022-03-23 15:00:12.739,17693,17694,17692,2,-2
2022-03-23 15:00:12.739,17693,17694,17692,2,-2
2022-03-23 15:00:13.680,17693,17694,17694,2,2
2022-03-23 15:00:13.716,17693,17694,17694,3,3
2022-03-23 15:00:14.844,17694,17696,17696,3,3
2022-03-23 15:00:14.844,17694,17696,17696,6,6
2022-03-23 15:00:14.845,17694,17696,17697,5,5
2022-03-23 15:00:14.861,17696,17698,17698,1,1
2022-03-23 15:00:15.019,17696,17698,17696,1,-1
2022-03-23 15:00:16.030,17696,17697,17696,1,-1
2022-03-23 15:00:16.085,17696,17697,17695,1,-1
2022-03-23 15:00:16.085,17696,17697,17695,1,-1
2022-03-23 15:00:16.086,17696,17697,17695,1,-1
2022-03-23 15:00:16.208,17694,17696,17696,1,1
2022-03-23 15:00:16.363,17694,17696,17696,2,2
2022-03-23 15:00:20.558,17696,17697,17696,2,-2
2022-03-23 15:00:20.605,17696,17697,17696,2,-2
2022-03-23 15:00:20.605,17696,17697,17695,6,-6
2022-03-23 15:00:20.606,17696,17697,17695,2,-2
2022-03-23 15:00:20.759,17694,17696,17696,1,1
2022-03-23 15:00:20.810,17694,17696,17696,1,1
2022-03-23 15:00:21.357,17694,17697,17696,1,1
2022-03-23 15:00:23.123,17695,17697,17696,1,1
2022-03-23 15:00:23.521,17695,17697,17695,2,-2
2022-03-23 15:00:25.521,17695,17696,17696,1,1
2022-03-23 15:00:26.213,17695,17696,17695,2,-2
2022-03-23 15:00:27.243,17694,17695,17693,1,-1
2022-03-23 15:00:27.243,17694,17695,17693,1,-1
2022-03-23 15:00:27.244,17694,17695,17693,1,-1
2022-03-23 15:00:28.118,17694,17695,17695,4,4
2022-03-23 15:00:28.276,17694,17696,17694,5,-5
2022-03-23 15:00:28.501,17694,17695,17694,1,-1
2022-03-23 15:00:29.730,17693,17695,17693,1,-1
2022-03-23 15:00:29.850,17693,17695,17693,1,-1
2022-03-23 15:00:30.007,17693,17694,17694,2,2
2022-03-23 15:00:30.370,17693,17694,17694,1,1
2022-03-23 15:00:30.577,17693,17694,17694,1,1
2022-03-23 15:00:30.594,17693,17694,17695,1,1
2022-03-23 15:00:30.731,17693,17694,17694,1,1
2022-03-23 15:00:30.731,17693,17694,17695,2,2
2022-03-23 15:00:31.300,17694,17695,17694,2,-2
2022-03-23 15:00:32.476,17693,17694,17694,2,2
2022-03-23 15:00:32.512,17693,17695,17695,1,1
2022-03-23 15:00:32.565,17693,17695,17695,1,1
2022-03-23 15:00:32.935,17693,17695,17693,1,-1
2022-03-23 15:00:32.968,17693,17695,17695,2,2
2022-03-23 15:00:34.094,17693,17694,17694,1,1
2022-03-23 15:00:35.256,17694,17695,17694,1,-1
2022-03-23 15:00:35.712,17694,17695,17694,1,-1
2022-03-23 15:00:36.257,17693,17694,17694,3,3
2022-03-23 15:00:36.319,17693,17694,17694,2,2
2022-03-23 15:00:39.743,17693,17694,17693,3,-3
2022-03-23 15:00:40.183,17693,17694,17694,3,3
2022-03-23 15:00:40.655,17694,17695,17695,3,3
2022-03-23 15:00:40.655,17694,17695,17695,2,2
2022-03-23 15:00:40.656,17694,17695,17695,3,3
2022-03-23 15:00:40.656,17694,17695,17695,1,1
2022-03-23 15:00:41.321,17694,17695,17695,1,1
2022-03-23 15:00:42.540,17694,17695,17695,4,4
2022-03-23 15:00:43.344,17694,17696,17694,1,-1
2022-03-23 15:00:43.675,17695,17696,17696,1,1
2022-03-23 15:00:44.041,17695,17696,17696,1,1
2022-03-23 15:00:45.422,17695,17696,17695,1,-1
2022-03-23 15:00:45.579,17694,17695,17694,1,-1
2022-03-23 15:00:46.028,17694,17695,17695,1,1
2022-03-23 15:00:47.302,17693,17695,17693,3,-3
2022-03-23 15:00:47.363,17693,17694,17694,1,1
2022-03-23 15:00:49.003,17693,17694,17693,2,-2
2022-03-23 15:00:50.326,17693,17694,17693,1,-1
2022-03-23 15:00:50.809,17692,17693,17692,1,-1
2022-03-23 15:00:50.809,17692,17693,17692,4,-4
2022-03-23 15:00:51.490,17691,17693,17693,1,1
2022-03-23 15:00:52.383,17691,17692,17692,1,1
2022-03-23 15:00:52.383,17691,17692,17693,3,3
2022-03-23 15:00:54.184,17691,17692,17692,1,1
2022-03-23 15:00:54.184,17691,17692,17693,2,2
2022-03-23 15:00:55.519,17691,17692,17692,1,1
2022-03-23 15:00:56.024,17692,17693,17693,1,1
2022-03-23 15:00:57.011,17692,17693,17693,2,2
2022-03-23 15:00:57.709,17692,17693,17693,1,1
2022-03-23 15:00:57.823,17692,17693,17692,2,-2
2022-03-23 15:01:00.202,17691,17692,17692,1,1
2022-03-23 15:01:00.278,17691,17692,17692,1,1
2022-03-23 15:01:00.545,17692,17693,17693,2,2
2022-03-23 15:01:00.872,17692,17693,17693,1,1
2022-03-23 15:01:02.265,17692,17693,17693,1,1
2022-03-23 15:01:03.877,17692,17693,17693,1,1
2022-03-23 15:01:03.889,17692,17693,17693,1,1
2022-03-23 15:01:07.889,17692,17693,17693,1,1
2022-03-23 15:01:08.048,17692,17693,17693,1,1
2022-03-23 15:01:08.426,17692,17693,17692,1,-1
2022-03-23 15:01:10.462,17692,17693,17693,3,3
2022-03-23 15:01:12.995,17693,17694,17694,2,2
2022-03-23 15:01:14.637,17693,17694,17694,1,1
2022-03-23 15:01:16.487,17693,17694,17693,1,-1
2022-03-23 15:01:17.274,17693,17694,17694,1,1
2022-03-23 15:01:20.039,17693,17694,17693,1,-1
2022-03-23 15:01:20.186,17693,17694,17694,1,1
2022-03-23 15:01:20.726,17693,17694,17694,1,1
2022-03-23 15:01:21.384,17693,17694,17693,1,-1
2022-03-23 15:01:23.281,17692,17693,17693,1,1
2022-03-23 15:01:24.129,17692,17694,17692,1,-1
2022-03-23 15:01:26.569,17692,17693,17692,5,-5
2022-03-23 15:01:26.572,17692,17693,17691,11,-11
2022-03-23 15:01:26.573,17692,17693,17691,2,-2
2022-03-23 15:01:26.975,17690,17692,17692,1,1
2022-03-23 15:01:27.822,17690,17691,17691,1,1
2022-03-23 15:01:27.956,17690,17691,17690,1,-1
2022-03-23 15:01:28.054,17690,17691,17690,1,-1
2022-03-23 15:01:28.085,17690,17691,17691,1,1
2022-03-23 15:01:29.824,17690,17691,17690,2,-2
2022-03-23 15:01:30.204,17690,17691,17691,1,1
2022-03-23 15:01:31.146,17690,17691,17691,1,1
2022-03-23 15:01:32.335,17690,17692,17690,1,-1
2022-03-23 15:01:33.157,17691,17692,17691,1,-1
2022-03-23 15:01:33.781,17690,17691,17690,2,-2
2022-03-23 15:01:33.907,17690,17691,17691,1,1
2022-03-23 15:01:36.915,17690,17691,17690,1,-1
2022-03-23 15:01:36.962,17690,17691,17691,2,2
2022-03-23 15:01:36.997,17690,17691,17691,1,1
2022-03-23 15:01:37.552,17690,17691,17690,2,-2
2022-03-23 15:01:42.508,17690,17691,17691,1,1
2022-03-23 15:01:43.185,17690,17691,17690,5,-5
2022-03-23 15:01:43.366,17690,17691,17691,2,2
2022-03-23 15:01:45.280,17690,17691,17690,2,-2
2022-03-23 15:01:48.345,17690,17691,17690,1,-1
2022-03-23 15:01:49.280,17690,17691,17690,2,-2
2022-03-23 15:01:49.637,17690,17691,17690,5,-5
2022-03-23 15:01:50.371,17690,17691,17690,10,-10
2022-03-23 15:01:51.240,17690,17691,17690,2,-2
2022-03-23 15:01:51.629,17690,17691,17690,1,-1
2022-03-23 15:01:52.005,17690,17691,17690,1,-1
2022-03-23 15:01:52.219,17690,17691,17690,1,-1
2022-03-23 15:01:52.663,17690,17691,17690,2,-2
2022-03-23 15:01:53.042,17690,17691,17691,1,1
2022-03-23 15:01:54.089,17690,17691,17690,1,-1
2022-03-23 15:01:57.707,17690,17691,17691,1,1
2022-03-23 15:01:57.831,17690,17691,17690,1,-1
2022-03-23 15:01:58.663,17690,17691,17691,1,1
2022-03-23 15:01:58.922,17690,17691,17690,1,-1
2022-03-23 15:01:59.230,17690,17691,17690,1,-1
2022-03-23 15:02:00.015,17690,17691,17690,1,-1
2022-03-23 15:02:00.015,17690,17691,17690,1,-1
2022-03-23 15:02:00.017,17690,17691,17690,1,-1
2022-03-23 15:02:00.249,17690,17691,17690,4,-4
2022-03-23 15:02:00.249,17690,17691,17690,5,-5
2022-03-23 15:02:00.250,17690,17691,17690,5,-5
2022-03-23 15:02:00.250,17690,17691,17690,2,-2
2022-03-23 15:02:00.250,17690,17691,17690,1,-1
2022-03-23 15:02:00.269,17690,17691,17690,1,-1
2022-03-23 15:02:00.431,17689,17690,17689,1,-1
2022-03-23 15:02:00.431,17689,17690,17689,1,-1
2022-03-23 15:02:00.432,17689,17690,17689,1,-1
2022-03-23 15:02:00.432,17689,17690,17689,1,-1
2022-03-23 15:02:01.485,17688,17689,17688,1,-1
2022-03-23 15:02:01.997,17688,17689,17689,1,1
2022-03-23 15:02:02.097,17688,17689,17689,1,1
2022-03-23 15:02:02.097,17688,17689,17688,1,-1
2022-03-23 15:02:03.661,17688,17690,17688,1,-1
2022-03-23 15:02:03.830,17688,17690,17690,1,1
2022-03-23 15:02:04.257,17688,17690,17688,2,-2
2022-03-23 15:02:07.653,17688,17689,17689,1,1
2022-03-23 15:02:07.654,17688,17689,17690,3,3
2022-03-23 15:02:07.655,17688,17689,17690,3,3
2022-03-23 15:02:07.695,17688,17689,17690,1,1
2022-03-23 15:02:07.823,17690,17691,17690,1,-1
2022-03-23 15:02:08.228,17690,17691,17690,1,-1
2022-03-23 15:02:08.478,17690,17691,17691,2,2
2022-03-23 15:02:08.478,17690,17691,17691,2,2
2022-03-23 15:02:08.479,17690,17691,17691,1,1
2022-03-23 15:02:08.479,17690,17691,17691,3,3
2022-03-23 15:02:08.479,17690,17691,17691,1,1
2022-03-23 15:02:08.479,17690,17691,17691,1,1
2022-03-23 15:02:09.823,17691,17692,17691,1,-1
2022-03-23 15:02:09.965,17691,17692,17691,1,-1
2022-03-23 15:02:11.298,17691,17692,17692,1,1
2022-03-23 15:02:12.036,17691,17693,17691,2,-2
2022-03-23 15:02:12.213,17691,17692,17691,1,-1
2022-03-23 15:02:13.524,17691,17692,17692,1,1
2022-03-23 15:02:13.529,17691,17692,17691,3,-3
2022-03-23 15:02:13.676,17691,17693,17692,2,2
2022-03-23 15:02:13.765,17691,17693,17692,1,1
2022-03-23 15:02:14.933,17692,17693,17693,1,1
2022-03-23 15:02:15.112,17692,17694,17694,1,1
2022-03-23 15:02:15.114,17692,17694,17695,5,5
2022-03-23 15:02:16.900,17694,17695,17695,1,1
2022-03-23 15:02:17.376,17694,17695,17695,4,4
2022-03-23 15:02:17.613,17695,17696,17696,1,1
2022-03-23 15:02:20.107,17695,17696,17695,1,-1
2022-03-23 15:02:20.135,17695,17696,17695,1,-1
2022-03-23 15:02:20.135,17695,17696,17695,1,-1
2022-03-23 15:02:20.560,17693,17695,17695,1,1
2022-03-23 15:02:22.303,17693,17695,17695,1,1
2022-03-23 15:02:29.026,17692,17693,17693,1,1
2022-03-23 15:02:38.929,17692,17693,17693,1,1
2022-03-23 15:02:39.405,17692,17693,17693,1,1
2022-03-23 15:02:43.113,17692,17693,17693,1,1
2022-03-23 15:02:43.332,17692,17693,17693,1,1
2022-03-23 15:02:44.496,17692,17693,17692,1,-1
2022-03-23 15:02:45.316,17691,17692,17692,1,1
2022-03-23 15:02:45.474,17691,17692,17692,1,1
2022-03-23 15:02:50.123,17691,17692,17692,1,1
2022-03-23 15:02:53.715,17691,17692,17692,1,1
2022-03-23 15:02:55.736,17691,17692,17691,1,-1
2022-03-23 15:02:58.135,17691,17692,17691,4,-4
2022-03-23 15:02:58.136,17691,17692,17691,3,-3
2022-03-23 15:03:00.052,17690,17691,17691,1,1
2022-03-23 15:03:00.065,17690,17691,17691,3,3
2022-03-23 15:03:00.072,17690,17691,17691,1,1
2022-03-23 15:03:00.081,17690,17691,17691,1,1
2022-03-23 15:03:00.089,17690,17691,17691,1,1
2022-03-23 15:03:00.116,17690,17692,17692,1,1
2022-03-23 15:03:01.517,17691,17692,17692,4,4
2022-03-23 15:03:01.644,17691,17693,17691,2,-2
2022-03-23 15:03:03.907,17691,17693,17691,1,-1
2022-03-23 15:03:03.982,17691,17693,17692,1,1
2022-03-23 15:03:03.982,17691,17693,17693,8,8
2022-03-23 15:03:05.042,17691,17693,17693,1,1
2022-03-23 15:03:05.279,17691,17693,17691,1,-1
2022-03-23 15:03:08.428,17691,17693,17691,2,-2
2022-03-23 15:03:10.068,17691,17693,17691,1,-1
2022-03-23 15:03:12.230,17691,17692,17692,1,1
2022-03-23 15:03:14.244,17691,17692,17691,4,-4
2022-03-23 15:03:14.244,17691,17692,17691,2,-2
2022-03-23 15:03:14.244,17691,17692,17691,6,-6
2022-03-23 15:03:16.048,17690,17691,17691,4,4
2022-03-23 15:03:16.418,17690,17691,17691,1,1
2022-03-23 15:03:22.038,17690,17692,17690,3,-3
2022-03-23 15:03:25.381,17690,17692,17692,4,4
2022-03-23 15:03:32.184,17691,17692,17692,1,1
2022-03-23 15:03:37.481,17691,17692,17692,3,3
2022-03-23 15:03:38.727,17692,17693,17692,1,-1
2022-03-23 15:03:41.028,17692,17693,17693,1,1
2022-03-23 15:03:42.419,17692,17693,17693,5,5
2022-03-23 15:03:42.660,17692,17693,17693,4,4
2022-03-23 15:03:49.504,17693,17694,17693,1,-1
2022-03-23 15:03:50.331,17692,17693,17693,1,1
2022-03-23 15:03:50.918,17692,17694,17694,1,1
2022-03-23 15:03:51.094,17692,17694,17694,1,1
2022-03-23 15:03:52.960,17693,17694,17694,1,1
2022-03-23 15:03:54.616,17693,17694,17693,2,-2
2022-03-23 15:03:54.616,17693,17694,17692,2,-2
2022-03-23 15:03:55.310,17692,17693,17693,1,1
2022-03-23 15:03:56.501,17692,17693,17692,2,-2
2022-03-23 15:03:56.501,17692,17693,17691,2,-2
2022-03-23 15:03:57.220,17692,17693,17693,3,3
2022-03-23 15:04:04.897,17692,17693,17693,4,4
2022-03-23 15:04:05.290,17692,17693,17693,4,4
2022-03-23 15:04:08.071,17692,17693,17692,1,-1
2022-03-23 15:04:11.761,17691,17692,17692,1,1
2022-03-23 15:04:12.037,17691,17692,17691,1,-1
2022-03-23 15:04:12.037,17691,17692,17691,3,-3
2022-03-23 15:04:12.038,17691,17692,17690,3,-3
2022-03-23 15:04:12.038,17691,17692,17690,1,-1
2022-03-23 15:04:12.244,17690,17691,17690,4,-4
2022-03-23 15:04:12.244,17690,17691,17690,1,-1
2022-03-23 15:04:12.245,17690,17691,17690,5,-5
2022-03-23 15:04:12.378,17689,17690,17689,1,-1
2022-03-23 15:04:12.378,17689,17690,17689,7,-7
2022-03-23 15:04:12.378,17689,17690,17689,1,-1
2022-03-23 15:04:15.484,17689,17690,17690,1,1
2022-03-23 15:04:17.033,17690,17691,17691,1,1
2022-03-23 15:04:18.699,17691,17693,17691,3,-3
2022-03-23 15:04:20.014,17692,17693,17692,1,-1
2022-03-23 15:04:21.676,17691,17692,17692,1,1
2022-03-23 15:04:23.562,17691,17693,17691,2,-2
2022-03-23 15:04:24.138,17691,17692,17692,1,1
2022-03-23 15:04:24.138,17691,17692,17693,2,2
2022-03-23 15:04:24.163,17691,17692,17693,1,1
2022-03-23 15:04:24.163,17691,17692,17693,1,1
2022-03-23 15:04:24.188,17691,17692,17693,3,3
2022-03-23 15:04:24.188,17691,17692,17694,1,1
2022-03-23 15:04:24.213,17691,17692,17694,3,3
2022-03-23 15:04:24.238,17692,17694,17694,1,1
2022-03-23 15:04:24.263,17692,17694,17694,3,3
2022-03-23 15:04:24.288,17692,17694,17694,4,4
2022-03-23 15:04:24.288,17692,17694,17694,1,1
2022-03-23 15:04:24.289,17692,17694,17694,1,1
2022-03-23 15:04:24.568,17694,17695,17695,1,1
2022-03-23 15:04:25.967,17694,17696,17696,8,8
2022-03-23 15:04:29.162,17696,17697,17697,1,1
2022-03-23 15:04:29.162,17696,17697,17697,1,1
2022-03-23 15:04:29.162,17696,17697,17697,1,1
2022-03-23 15:04:29.162,17696,17697,17697,5,5
2022-03-23 15:04:31.173,17697,17698,17698,10,10
2022-03-23 15:04:31.173,17697,17698,17698,8,8
2022-03-23 15:04:32.813,17697,17698,17697,1,-1
2022-03-23 15:04:34.488,17696,17697,17696,1,-1
2022-03-23 15:04:34.488,17696,17697,17696,3,-3
2022-03-23 15:04:34.873,17694,17696,17696,1,1
2022-03-23 15:04:36.294,17694,17697,17697,1,1
2022-03-23 15:04:36.426,17694,17697,17694,2,-2
2022-03-23 15:04:38.789,17694,17697,17694,1,-1
2022-03-23 15:04:41.728,17694,17696,17696,1,1
2022-03-23 15:04:44.223,17694,17695,17695,1,1
2022-03-23 15:04:48.556,17695,17697,17695,1,-1
2022-03-23 15:04:50.894,17695,17697,17695,5,-5
2022-03-23 15:04:53.427,17695,17697,17697,1,1
2022-03-23 15:04:55.516,17696,17697,17696,1,-1
2022-03-23 15:04:55.758,17696,17697,17696,1,-1
2022-03-23 15:04:55.759,17696,17697,17695,2,-2
2022-03-23 15:04:55.759,17696,17697,17695,1,-1
2022-03-23 15:04:55.945,17695,17697,17695,1,-1
2022-03-23 15:04:57.194,17695,17696,17696,3,3
2022-03-23 15:04:57.194,17695,17696,17697,1,1
2022-03-23 15:04:58.955,17696,17697,17696,2,-2
2022-03-23 15:05:01.680,17696,17697,17697,2,2
2022-03-23 15:05:02.087,17696,17697,17697,2,2
2022-03-23 15:05:02.192,17697,17698,17698,2,2
2022-03-23 15:05:02.192,17697,17698,17698,1,1
2022-03-23 15:05:02.193,17697,17698,17698,1,1
2022-03-23 15:05:02.767,17698,17699,17699,2,2
2022-03-23 15:05:02.779,17698,17699,17699,1,1
2022-03-23 15:05:03.055,17698,17699,17699,13,13
2022-03-23 15:05:03.056,17698,17699,17699,1,1
2022-03-23 15:05:03.208,17699,17700,17700,2,2
2022-03-23 15:05:03.250,17699,17700,17699,1,-1
2022-03-23 15:05:04.405,17699,17700,17699,1,-1
2022-03-23 15:05:06.456,17699,17700,17700,2,2
2022-03-23 15:05:09.134,17699,17700,17700,3,3
2022-03-23 15:05:10.556,17699,17700,17700,1,1
2022-03-23 15:05:10.750,17699,17700,17700,1,1
2022-03-23 15:05:11.285,17699,17700,17700,1,1
2022-03-23 15:05:11.878,17699,17700,17700,1,1
2022-03-23 15:05:13.052,17699,17700,17700,1,1
2022-03-23 15:05:13.083,17699,17700,17699,1,-1
2022-03-23 15:05:14.456,17699,17700,17700,3,3
2022-03-23 15:05:15.634,17699,17700,17700,1,1
2022-03-23 15:05:16.561,17699,17700,17700,1,1
2022-03-23 15:05:16.863,17699,17700,17699,6,-6
2022-03-23 15:05:16.864,17699,17700,17699,1,-1
2022-03-23 15:05:16.864,17699,17700,17699,1,-1
2022-03-23 15:05:16.864,17699,17700,17699,1,-1
2022-03-23 15:05:16.905,17699,17700,17699,1,-1
2022-03-23 15:05:16.905,17699,17700,17699,1,-1
2022-03-23 15:05:17.877,17698,17699,17699,1,1
2022-03-23 15:05:17.949,17698,17699,17699,1,1
2022-03-23 15:05:18.346,17698,17700,17700,1,1
2022-03-23 15:05:18.812,17698,17699,17699,1,1
2022-03-23 15:05:22.674,17698,17699,17699,3,3
2022-03-23 15:05:23.198,17698,17699,17699,2,2
2022-03-23 15:05:24.124,17698,17699,17698,1,-1
2022-03-23 15:05:24.759,17697,17698,17698,1,1
2022-03-23 15:05:25.244,17697,17698,17697,1,-1
2022-03-23 15:05:25.847,17697,17698,17698,1,1
2022-03-23 15:05:28.670,17697,17698,17697,2,-2
2022-03-23 15:05:28.832,17696,17697,17697,2,2
2022-03-23 15:05:29.049,17696,17698,17698,1,1
2022-03-23 15:05:35.334,17696,17697,17696,1,-1
2022-03-23 15:05:36.044,17694,17696,17696,1,1
2022-03-23 15:05:36.763,17694,17696,17696,1,1
2022-03-23 15:05:37.463,17694,17696,17696,1,1
2022-03-23 15:05:38.115,17696,17697,17696,1,-1
2022-03-23 15:05:38.368,17696,17697,17696,3,-3
2022-03-23 15:05:38.368,17696,17697,17695,1,-1
2022-03-23 15:05:41.503,17695,17696,17695,2,-2
2022-03-23 15:05:41.503,17695,17696,17694,2,-2
2022-03-23 15:05:47.489,17694,17695,17694,1,-1
2022-03-23 15:05:49.119,17694,17695,17695,3,3
2022-03-23 15:05:52.079,17694,17695,17694,6,-6
2022-03-23 15:05:52.180,17693,17694,17693,4,-4
2022-03-23 15:05:52.180,17693,17694,17692,13,-13
2022-03-23 15:05:52.181,17693,17694,17692,4,-4
2022-03-23 15:05:54.445,17691,17693,17691,1,-1
2022-03-23 15:05:56.853,17691,17692,17692,1,1
2022-03-23 15:05:57.934,17691,17693,17692,1,1
2022-03-23 15:05:59.413,17692,17694,17692,1,-1
2022-03-23 15:05:59.413,17692,17694,17692,1,-1
2022-03-23 15:05:59.414,17692,17694,17692,1,-1
2022-03-23 15:05:59.819,17691,17693,17691,2,-2
2022-03-23 15:06:00.259,17691,17693,17691,1,-1
2022-03-23 15:06:01.192,17691,17693,17692,2,2
2022-03-23 15:06:01.193,17691,17693,17691,4,-4
2022-03-23 15:06:02.711,17690,17692,17691,1,1
2022-03-23 15:06:02.711,17690,17692,17690,3,-3
2022-03-23 15:06:02.711,17690,17692,17690,3,-3
2022-03-23 15:06:02.712,17690,17692,17690,6,-6
2022-03-23 15:06:02.779,17689,17691,17689,1,-1
2022-03-23 15:06:04.309,17689,17691,17689,1,-1
2022-03-23 15:06:05.043,17689,17691,17691,1,1
2022-03-23 15:06:05.714,17689,17691,17689,1,-1
2022-03-23 15:06:06.718,17689,17691,17691,1,1
2022-03-23 15:06:11.128,17690,17691,17690,1,-1
2022-03-23 15:06:11.590,17689,17691,17689,1,-1
2022-03-23 15:06:14.652,17689,17690,17689,1,-1
2022-03-23 15:06:14.652,17689,17690,17689,1,-1
2022-03-23 15:06:16.056,17688,17690,17690,1,1
2022-03-23 15:06:16.221,17688,17690,17690,1,1
2022-03-23 15:06:16.255,17689,17690,17689,1,-1
2022-03-23 15:06:17.403,17688,17690,17688,3,-3
2022-03-23 15:06:17.403,17688,17690,17688,1,-1
2022-03-23 15:06:17.403,17688,17690,17688,1,-1
2022-03-23 15:06:17.403,17688,17690,17688,2,-2
2022-03-23 15:06:17.403,17688,17690,17688,3,-3
2022-03-23 15:06:17.403,17688,17690,17688,2,-2
2022-03-23 15:06:17.583,17687,17689,17689,1,1
2022-03-23 15:06:24.458,17688,17689,17688,1,-1
2022-03-23 15:06:27.224,17687,17688,17687,4,-4
2022-03-23 15:06:28.338,17687,17688,17687,1,-1
2022-03-23 15:06:28.693,17687,17688,17687,1,-1
2022-03-23 15:06:29.381,17687,17688,17687,1,-1
2022-03-23 15:06:32.132,17687,17688,17688,1,1
2022-03-23 15:06:35.068,17687,17688,17687,2,-2
2022-03-23 15:06:35.434,17686,17688,17688,2,2
2022-03-23 15:06:35.966,17687,17689,17687,2,-2
2022-03-23 15:06:40.069,17687,17688,17687,1,-1
2022-03-23 15:06:41.039,17687,17688,17688,1,1
2022-03-23 15:06:41.883,17687,17688,17687,1,-1
2022-03-23 15:06:42.700,17687,17688,17687,1,-1
2022-03-23 15:06:43.103,17687,17688,17687,7,-7
2022-03-23 15:06:43.560,17686,17687,17687,1,1
2022-03-23 15:06:43.742,17687,17688,17687,2,-2
2022-03-23 15:06:44.103,17687,17688,17687,1,-1
2022-03-23 15:06:49.023,17687,17688,17687,1,-1
2022-03-23 15:06:50.017,17687,17688,17688,1,1
2022-03-23 15:06:50.776,17687,17688,17687,1,-1
2022-03-23 15:06:52.439,17687,17688,17688,1,1
2022-03-23 15:06:52.576,17687,17688,17688,1,1
2022-03-23 15:06:52.775,17687,17688,17688,1,1
2022-03-23 15:06:53.000,17687,17688,17688,1,1
2022-03-23 15:06:53.172,17687,17688,17688,1,1
2022-03-23 15:06:56.397,17687,17688,17688,1,1
2022-03-23 15:06:57.007,17687,17688,17688,3,3
2022-03-23 15:06:58.193,17687,17688,17688,1,1
2022-03-23 15:07:02.397,17687,17688,17687,2,-2
2022-03-23 15:07:03.519,17687,17688,17687,3,-3
2022-03-23 15:07:03.997,17687,17688,17687,2,-2
2022-03-23 15:07:03.997,17687,17688,17687,2,-2
2022-03-23 15:07:03.997,17687,17688,17687,4,-4
2022-03-23 15:07:05.958,17686,17687,17687,1,1
2022-03-23 15:07:06.271,17686,17688,17688,1,1
2022-03-23 15:07:08.518,17686,17688,17688,10,10
2022-03-23 15:07:08.794,17687,17688,17687,1,-1
2022-03-23 15:07:10.187,17687,17688,17687,2,-2
2022-03-23 15:07:10.609,17687,17688,17687,1,-1
2022-03-23 15:07:10.688,17687,17688,17686,2,-2
2022-03-23 15:07:12.933,17686,17687,17686,7,-7
2022-03-23 15:07:12.934,17686,17687,17686,18,-18
2022-03-23 15:07:14.244,17685,17686,17685,1,-1
2022-03-23 15:07:14.434,17685,17686,17685,4,-4
2022-03-23 15:07:14.435,17685,17686,17685,1,-1
2022-03-23 15:07:14.435,17685,17686,17685,2,-2
2022-03-23 15:07:14.435,17685,17686,17685,10,-10
2022-03-23 15:07:14.589,17684,17686,17686,2,2
2022-03-23 15:07:15.437,17684,17686,17684,2,-2
2022-03-23 15:07:15.536,17684,17686,17684,1,-1
2022-03-23 15:07:15.812,17684,17686,17684,2,-2
2022-03-23 15:07:16.726,17684,17686,17684,1,-1
2022-03-23 15:07:17.075,17684,17686,17686,1,1
2022-03-23 15:07:17.447,17684,17686,17684,3,-3
2022-03-23 15:07:17.935,17684,17686,17686,1,1
2022-03-23 15:07:18.051,17684,17687,17684,1,-1
2022-03-23 15:07:18.478,17684,17687,17684,2,-2
2022-03-23 15:07:18.778,17684,17686,17684,1,-1
2022-03-23 15:07:18.778,17684,17686,17683,1,-1
2022-03-23 15:07:19.156,17684,17686,17684,2,-2
2022-03-23 15:07:19.514,17685,17687,17685,2,-2
2022-03-23 15:07:19.651,17685,17687,17685,1,-1
2022-03-23 15:07:21.026,17685,17687,17685,1,-1
2022-03-23 15:07:22.183,17685,17686,17686,1,1
2022-03-23 15:07:22.412,17686,17687,17686,1,-1
2022-03-23 15:07:22.728,17686,17687,17686,1,-1
2022-03-23 15:07:22.963,17685,17687,17685,2,-2
2022-03-23 15:07:23.415,17685,17687,17685,2,-2
2022-03-23 15:07:26.253,17685,17686,17685,1,-1
2022-03-23 15:07:27.484,17685,17686,17685,1,-1
2022-03-23 15:07:28.172,17685,17686,17685,1,-1
2022-03-23 15:07:29.378,17685,17686,17685,2,-2
2022-03-23 15:07:30.877,17684,17685,17684,1,-1
2022-03-23 15:07:32.250,17684,17685,17685,1,1
2022-03-23 15:07:38.560,17684,17685,17684,2,-2
2022-03-23 15:07:41.066,17684,17685,17684,1,-1
2022-03-23 15:07:41.422,17684,17685,17684,1,-1
2022-03-23 15:07:43.585,17684,17685,17684,1,-1
2022-03-23 15:07:43.779,17684,17685,17684,1,-1
2022-03-23 15:07:44.889,17684,17685,17684,1,-1
2022-03-23 15:07:45.002,17684,17685,17684,1,-1
2022-03-23 15:07:46.702,17684,17685,17684,1,-1
2022-03-23 15:07:50.648,17684,17685,17684,1,-1
2022-03-23 15:07:50.658,17684,17685,17685,17,17
2022-03-23 15:07:50.659,17684,17685,17685,4,4
2022-03-23 15:07:50.711,17684,17685,17686,2,2
2022-03-23 15:07:50.711,17684,17685,17686,1,1
2022-03-23 15:07:50.918,17685,17687,17687,2,2
2022-03-23 15:07:52.916,17685,17687,17685,2,-2
2022-03-23 15:07:53.092,17685,17687,17687,1,1
2022-03-23 15:07:53.689,17685,17687,17687,1,1
2022-03-23 15:07:54.974,17686,17687,17686,3,-3
2022-03-23 15:07:58.053,17686,17687,17687,3,3
2022-03-23 15:08:00.120,17686,17687,17687,1,1
2022-03-23 15:08:00.124,17686,17687,17688,1,1
2022-03-23 15:08:04.162,17687,17688,17687,2,-2
2022-03-23 15:08:07.061,17686,17687,17687,3,3
2022-03-23 15:08:07.062,17686,17687,17687,1,1
2022-03-23 15:08:07.062,17686,17687,17687,1,1
2022-03-23 15:08:12.984,17686,17687,17686,1,-1
2022-03-23 15:08:18.708,17686,17687,17687,5,5
2022-03-23 15:08:18.759,17687,17688,17688,5,5
2022-03-23 15:08:18.948,17687,17688,17687,2,-2
2022-03-23 15:08:22.983,17687,17688,17688,4,4
2022-03-23 15:08:23.541,17688,17689,17688,1,-1
2022-03-23 15:08:23.849,17687,17689,17687,2,-2
2022-03-23 15:08:24.631,17688,17689,17688,1,-1
2022-03-23 15:08:27.588,17688,17689,17688,1,-1
2022-03-23 15:08:27.613,17688,17689,17688,1,-1
2022-03-23 15:08:27.638,17688,17689,17688,1,-1
2022-03-23 15:08:27.663,17688,17689,17687,1,-1
2022-03-23 15:08:28.946,17688,17689,17688,1,-1
2022-03-23 15:08:29.021,17687,17689,17687,1,-1
2022-03-23 15:08:29.046,17687,17689,17687,1,-1
2022-03-23 15:08:29.050,17687,17689,17689,1,1
2022-03-23 15:08:29.071,17687,17689,17687,1,-1
2022-03-23 15:08:30.990,17687,17689,17687,1,-1
2022-03-23 15:08:31.015,17687,17689,17687,1,-1
2022-03-23 15:08:31.065,17687,17689,17687,1,-1
2022-03-23 15:08:31.091,17687,17689,17687,1,-1
2022-03-23 15:08:31.095,17687,17689,17687,1,-1
2022-03-23 15:08:32.323,17687,17688,17687,1,-1
2022-03-23 15:08:32.330,17687,17688,17686,1,-1
2022-03-23 15:08:42.445,17686,17687,17686,3,-3
2022-03-23 15:08:52.121,17686,17687,17686,1,-1
2022-03-23 15:08:57.734,17686,17687,17686,3,-3
2022-03-23 15:08:59.747,17686,17687,17687,1,1
2022-03-23 15:09:00.278,17686,17687,17687,1,1
2022-03-23 15:09:00.364,17686,17687,17686,1,-1
2022-03-23 15:09:00.364,17686,17687,17685,1,-1
2022-03-23 15:09:00.364,17686,17687,17685,1,-1
2022-03-23 15:09:00.364,17686,17687,17685,2,-2
2022-03-23 15:09:00.364,17686,17687,17685,5,-5
2022-03-23 15:09:00.492,17685,17686,17686,1,1
2022-03-23 15:09:02.603,17685,17686,17685,1,-1
2022-03-23 15:09:02.613,17685,17686,17685,1,-1
2022-03-23 15:09:05.060,17685,17686,17686,1,1
2022-03-23 15:09:07.184,17685,17686,17685,1,-1
2022-03-23 15:09:07.810,17685,17686,17686,1,1
2022-03-23 15:09:08.470,17685,17687,17685,1,-1
2022-03-23 15:09:08.487,17685,17687,17685,1,-1
2022-03-23 15:09:10.285,17685,17687,17685,1,-1
2022-03-23 15:09:11.268,17685,17686,17685,2,-2
2022-03-23 15:09:11.669,17685,17686,17686,1,1
2022-03-23 15:09:26.819,17685,17686,17686,2,2
2022-03-23 15:09:33.958,17685,17686,17685,2,-2
2022-03-23 15:09:33.986,17685,17686,17685,1,-1
2022-03-23 15:09:33.987,17685,17686,17685,1,-1
2022-03-23 15:09:34.144,17685,17686,17686,2,2
2022-03-23 15:09:39.639,17685,17686,17685,5,-5
2022-03-23 15:09:41.052,17685,17686,17686,1,1
2022-03-23 15:09:41.112,17685,17686,17685,1,-1
2022-03-23 15:09:41.113,17685,17686,17685,1,-1
2022-03-23 15:09:43.547,17685,17686,17686,4,4
2022-03-23 15:09:43.547,17685,17686,17686,7,7
2022-03-23 15:09:43.548,17685,17686,17686,1,1
2022-03-23 15:09:46.949,17686,17687,17686,1,-1
2022-03-23 15:09:51.221,17686,17687,17687,1,1
2022-03-23 15:09:52.312,17686,17688,17688,1,1
2022-03-23 15:09:54.462,17687,17688,17688,4,4
2022-03-23 15:09:57.299,17687,17689,17687,1,-1
2022-03-23 15:09:58.352,17688,17689,17688,1,-1
2022-03-23 15:10:00.904,17688,17689,17688,1,-1
2022-03-23 15:10:08.187,17687,17688,17688,1,1
2022-03-23 15:10:09.602,17688,17689,17688,4,-4
2022-03-23 15:10:16.071,17688,17689,17688,1,-1
2022-03-23 15:10:16.738,17688,17689,17689,2,2
2022-03-23 15:10:17.062,17688,17689,17689,1,1
2022-03-23 15:10:21.313,17688,17689,17689,1,1
2022-03-23 15:10:21.464,17688,17689,17689,1,1
2022-03-23 15:10:22.641,17688,17690,17689,1,1
2022-03-23 15:10:23.654,17688,17689,17689,1,1
2022-03-23 15:10:23.786,17688,17690,17690,1,1
2022-03-23 15:10:24.740,17688,17689,17688,6,-6
2022-03-23 15:10:25.970,17688,17689,17689,2,2
2022-03-23 15:10:26.433,17688,17689,17688,1,-1
2022-03-23 15:10:26.818,17687,17688,17688,1,1
2022-03-23 15:10:30.606,17687,17688,17687,3,-3
2022-03-23 15:10:35.811,17686,17687,17687,2,2
2022-03-23 15:10:42.513,17686,17687,17686,1,-1
2022-03-23 15:10:42.513,17686,17687,17686,7,-7
2022-03-23 15:10:44.872,17685,17686,17685,1,-1
2022-03-23 15:10:45.151,17685,17686,17685,5,-5
2022-03-23 15:10:47.990,17684,17685,17685,1,1
2022-03-23 15:10:50.491,17684,17685,17684,4,-4
2022-03-23 15:10:50.491,17684,17685,17684,1,-1
2022-03-23 15:10:51.108,17683,17684,17683,3,-3
2022-03-23 15:10:51.500,17683,17684,17683,1,-1
2022-03-23 15:10:53.037,17683,17684,17684,1,1
2022-03-23 15:10:53.037,17683,17684,17683,18,-18
2022-03-23 15:10:53.038,17683,17684,17683,1,-1
2022-03-23 15:10:53.194,17682,17683,17682,1,-1
2022-03-23 15:10:53.256,17682,17683,17682,1,-1
2022-03-23 15:10:54.202,17682,17683,17682,1,-1
2022-03-23 15:10:59.633,17682,17683,17682,1,-1
2022-03-23 15:11:00.588,17682,17683,17682,1,-1
2022-03-23 15:11:00.588,17682,17683,17681,1,-1
2022-03-23 15:11:00.647,17681,17683,17683,2,2
2022-03-23 15:11:03.368,17682,17683,17682,1,-1
2022-03-23 15:11:04.882,17682,17683,17682,3,-3
2022-03-23 15:11:05.538,17681,17683,17681,1,-1
2022-03-23 15:11:06.448,17682,17683,17682,1,-1
2022-03-23 15:11:10.191,17681,17682,17682,1,1
2022-03-23 15:11:12.413,17681,17682,17681,2,-2
2022-03-23 15:11:13.284,17681,17682,17682,3,3
2022-03-23 15:11:15.234,17681,17682,17681,7,-7
2022-03-23 15:11:15.234,17681,17682,17680,16,-16
2022-03-23 15:11:15.427,17680,17682,17680,1,-1
2022-03-23 15:11:15.443,17680,17682,17680,2,-2
2022-03-23 15:11:15.460,17680,17682,17680,4,-4
2022-03-23 15:11:15.468,17680,17682,17680,1,-1
2022-03-23 15:11:18.180,17680,17681,17680,4,-4
2022-03-23 15:11:18.552,17679,17680,17680,1,1
2022-03-23 15:11:18.553,17679,17680,17680,1,1
2022-03-23 15:11:18.692,17680,17681,17680,1,-1
2022-03-23 15:11:21.202,17680,17681,17680,3,-3
2022-03-23 15:11:23.116,17679,17680,17679,2,-2
2022-03-23 15:11:23.278,17679,17680,17679,4,-4
2022-03-23 15:11:23.279,17679,17680,17678,1,-1
2022-03-23 15:11:23.314,17679,17680,17678,2,-2
2022-03-23 15:11:23.363,17678,17679,17678,2,-2
2022-03-23 15:11:23.376,17678,17679,17678,1,-1
2022-03-23 15:11:23.390,17678,17679,17678,6,-6
2022-03-23 15:11:23.436,17678,17679,17678,2,-2
2022-03-23 15:11:23.898,17678,17679,17678,1,-1
2022-03-23 15:11:24.710,17678,17679,17679,1,1
2022-03-23 15:11:25.395,17679,17680,17680,1,1
2022-03-23 15:11:26.545,17679,17680,17679,2,-2
2022-03-23 15:11:26.836,17679,17680,17679,1,-1
2022-03-23 15:11:28.981,17679,17680,17679,1,-1
2022-03-23 15:11:29.086,17679,17680,17680,1,1
2022-03-23 15:11:30.144,17679,17680,17680,4,4
2022-03-23 15:11:30.145,17679,17680,17680,1,1
2022-03-23 15:11:30.145,17679,17680,17680,1,1
2022-03-23 15:11:30.145,17679,17680,17680,1,1
2022-03-23 15:11:31.036,17680,17681,17680,1,-1
2022-03-23 15:11:31.212,17680,17681,17680,1,-1
2022-03-23 15:11:32.325,17680,17681,17681,2,2
2022-03-23 15:11:33.219,17681,17682,17681,1,-1
2022-03-23 15:11:38.207,17681,17682,17681,1,-1
2022-03-23 15:11:39.166,17681,17682,17681,3,-3
2022-03-23 15:11:39.199,17681,17682,17681,2,-2
2022-03-23 15:11:40.660,17681,17682,17681,2,-2
2022-03-23 15:11:41.732,17681,17682,17681,1,-1
2022-03-23 15:11:47.666,17681,17682,17681,4,-4
2022-03-23 15:11:49.002,17681,17682,17681,1,-1
2022-03-23 15:11:52.161,17681,17682,17681,1,-1
2022-03-23 15:11:52.981,17681,17682,17682,1,1
2022-03-23 15:11:55.163,17681,17682,17682,3,3
2022-03-23 15:11:57.381,17681,17682,17682,3,3
2022-03-23 15:11:59.682,17682,17683,17682,1,-1
2022-03-23 15:12:00.104,17682,17683,17682,1,-1
2022-03-23 15:12:00.378,17682,17683,17683,1,1
2022-03-23 15:12:00.530,17682,17683,17683,1,1
2022-03-23 15:12:00.802,17682,17683,17683,1,1
2022-03-23 15:12:04.790,17683,17684,17683,1,-1
2022-03-23 15:12:04.790,17683,17684,17683,1,-1
2022-03-23 15:12:05.055,17682,17683,17683,1,1
2022-03-23 15:12:05.317,17682,17683,17682,1,-1
2022-03-23 15:12:08.168,17682,17683,17683,1,1
2022-03-23 15:12:08.327,17682,17683,17682,1,-1
2022-03-23 15:12:08.878,17682,17683,17682,1,-1
2022-03-23 15:12:09.109,17681,17682,17682,1,1
2022-03-23 15:12:11.076,17681,17683,17682,1,1
2022-03-23 15:12:23.202,17681,17682,17681,3,-3
2022-03-23 15:12:23.377,17680,17681,17681,1,1
2022-03-23 15:12:25.141,17680,17681,17680,1,-1
2022-03-23 15:12:25.482,17680,17681,17680,2,-2
2022-03-23 15:12:26.935,17680,17681,17680,2,-2
2022-03-23 15:12:26.935,17680,17681,17680,4,-4
2022-03-23 15:12:29.801,17679,17680,17679,1,-1
2022-03-23 15:12:30.642,17679,17680,17680,1,1
2022-03-23 15:12:35.525,17679,17680,17680,1,1
2022-03-23 15:12:36.674,17679,17680,17680,4,4
2022-03-23 15:12:38.192,17680,17681,17680,1,-1
2022-03-23 15:12:38.683,17680,17681,17680,1,-1
2022-03-23 15:12:38.732,17680,17681,17680,1,-1
2022-03-23 15:12:41.038,17680,17681,17681,1,1
2022-03-23 15:12:41.497,17680,17681,17680,1,-1
2022-03-23 15:12:48.532,17680,17681,17680,3,-3
2022-03-23 15:12:49.749,17679,17680,17680,1,1
2022-03-23 15:12:51.575,17679,17680,17680,1,1
2022-03-23 15:12:55.933,17679,17680,17680,1,1
2022-03-23 15:12:58.753,17679,17680,17680,3,3
2022-03-23 15:12:58.754,17679,17680,17680,8,8
2022-03-23 15:12:59.039,17680,17681,17680,1,-1
2022-03-23 15:13:01.334,17680,17681,17680,1,-1
2022-03-23 15:13:01.356,17680,17681,17680,1,-1
2022-03-23 15:13:02.384,17680,17681,17680,1,-1
2022-03-23 15:13:03.786,17680,17681,17680,1,-1
2022-03-23 15:13:05.852,17680,17681,17680,3,-3
2022-03-23 15:13:05.853,17680,17681,17680,1,-1
2022-03-23 15:13:05.853,17680,17681,17680,26,-26
2022-03-23 15:13:10.940,17680,17681,17680,2,-2
2022-03-23 15:13:12.183,17680,17681,17680,2,-2
2022-03-23 15:13:14.449,17680,17681,17681,1,1
2022-03-23 15:13:17.056,17680,17681,17681,1,1
2022-03-23 15:13:18.420,17680,17682,17680,9,-9
2022-03-23 15:13:18.421,17680,17682,17680,1,-1
2022-03-23 15:13:21.608,17680,17681,17680,1,-1
2022-03-23 15:13:27.501,17680,17681,17681,3,3
2022-03-23 15:13:28.086,17680,17681,17680,1,-1
2022-03-23 15:13:28.341,17680,17681,17680,2,-2
2022-03-23 15:13:30.307,17680,17681,17680,1,-1
2022-03-23 15:13:30.307,17680,17681,17680,1,-1
2022-03-23 15:13:35.078,17679,17681,17680,1,1
2022-03-23 15:13:40.772,17680,17681,17681,1,1
2022-03-23 15:13:40.772,17680,17681,17681,1,1
2022-03-23 15:13:40.772,17680,17681,17681,1,1
2022-03-23 15:13:41.666,17681,17682,17681,1,-1
2022-03-23 15:13:42.239,17680,17681,17681,1,1
2022-03-23 15:13:42.668,17680,17681,17681,3,3
2022-03-23 15:13:44.188,17681,17682,17682,1,1
2022-03-23 15:13:47.759,17681,17682,17682,1,1
2022-03-23 15:13:47.789,17681,17682,17682,4,4
2022-03-23 15:13:53.048,17682,17683,17683,1,1
2022-03-23 15:13:55.767,17682,17683,17683,1,1
2022-03-23 15:13:57.781,17682,17684,17683,1,1
2022-03-23 15:13:58.699,17682,17684,17684,1,1
2022-03-23 15:14:00.032,17682,17684,17682,1,-1
2022-03-23 15:14:02.552,17682,17684,17684,1,1
2022-03-23 15:14:09.601,17683,17684,17684,1,1
2022-03-23 15:14:10.378,17683,17684,17684,1,1
2022-03-23 15:14:13.389,17683,17684,17684,1,1
2022-03-23 15:14:18.055,17683,17684,17684,2,2
2022-03-23 15:14:18.055,17683,17684,17685,8,8
2022-03-23 15:14:18.912,17683,17684,17684,1,1
2022-03-23 15:14:18.912,17683,17684,17685,1,1
2022-03-23 15:14:22.455,17684,17685,17685,1,1
2022-03-23 15:14:24.351,17683,17685,17685,1,1
2022-03-23 15:14:24.626,17684,17685,17684,1,-1
2022-03-23 15:14:26.421,17683,17685,17685,1,1
2022-03-23 15:14:29.035,17683,17685,17683,1,-1
2022-03-23 15:14:29.041,17683,17685,17685,1,1
2022-03-23 15:14:31.388,17683,17685,17685,1,1
2022-03-23 15:14:32.702,17684,17685,17685,2,2
2022-03-23 15:14:35.768,17684,17685,17685,1,1
2022-03-23 15:14:38.723,17684,17685,17684,1,-1
2022-03-23 15:14:39.558,17683,17684,17683,1,-1
2022-03-23 15:14:39.768,17683,17684,17684,2,2
2022-03-23 15:14:46.008,17683,17684,17684,3,3
2022-03-23 15:15:00.148,17683,17684,17683,1,-1
2022-03-23 15:15:00.149,17683,17684,17683,1,-1
2022-03-23 15:15:00.633,17683,17684,17683,1,-1
2022-03-23 15:15:00.633,17683,17684,17683,1,-1
2022-03-23 15:15:00.633,17683,17684,17683,2,-2
2022-03-23 15:15:00.782,17682,17683,17682,2,-2
2022-03-23 15:15:05.040,17682,17683,17683,1,1
2022-03-23 15:15:23.013,17682,17683,17683,1,1
2022-03-23 15:15:33.325,17683,17684,17683,1,-1
2022-03-23 15:15:33.664,17682,17684,17684,1,1
2022-03-23 15:15:34.979,17682,17684,17682,5,-5
2022-03-23 15:15:41.055,17682,17683,17683,1,1
2022-03-23 15:15:47.557,17683,17684,17683,1,-1
2022-03-23 15:15:48.134,17682,17683,17682,4,-4
2022-03-23 15:15:50.481,17681,17682,17681,7,-7
2022-03-23 15:15:52.334,17680,17681,17681,2,2
2022-03-23 15:15:57.060,17680,17681,17681,1,1
2022-03-23 15:16:00.181,17680,17681,17680,3,-3
2022-03-23 15:16:00.776,17680,17681,17680,1,-1
2022-03-23 15:16:01.239,17680,17681,17681,1,1
2022-03-23 15:16:01.707,17681,17683,17682,1,1
2022-03-23 15:16:05.572,17682,17684,17682,3,-3
2022-03-23 15:16:05.873,17682,17684,17683,1,1
2022-03-23 15:16:12.984,17681,17683,17683,1,1
2022-03-23 15:16:17.063,17681,17683,17683,1,1
2022-03-23 15:16:17.724,17681,17683,17683,1,1
2022-03-23 15:16:19.119,17680,17682,17682,1,1
2022-03-23 15:16:20.096,17680,17682,17682,4,4
2022-03-23 15:16:20.704,17680,17682,17682,1,1
2022-03-23 15:16:25.100,17681,17683,17683,1,1
2022-03-23 15:16:25.326,17681,17683,17683,3,3
2022-03-23 15:16:30.775,17682,17683,17683,2,2
2022-03-23 15:16:40.183,17682,17683,17682,1,-1
2022-03-23 15:16:48.830,17682,17683,17683,1,1
2022-03-23 15:16:53.071,17682,17683,17683,1,1
2022-03-23 15:16:55.067,17682,17683,17683,3,3
2022-03-23 15:16:57.053,17683,17684,17683,1,-1
2022-03-23 15:17:00.279,17683,17684,17684,1,1
2022-03-23 15:17:00.340,17683,17684,17683,1,-1
2022-03-23 15:17:00.341,17683,17684,17684,4,4
2022-03-23 15:17:05.390,17684,17685,17684,1,-1
2022-03-23 15:17:08.546,17683,17684,17684,1,1
2022-03-23 15:17:13.241,17682,17684,17684,1,1
2022-03-23 15:17:26.435,17683,17685,17683,5,-5
2022-03-23 15:17:26.435,17683,17685,17682,11,-11
2022-03-23 15:17:29.058,17682,17684,17684,1,1
2022-03-23 15:17:29.413,17682,17684,17682,2,-2
2022-03-23 15:17:30.828,17682,17684,17684,2,2
2022-03-23 15:17:30.828,17682,17684,17684,1,1
2022-03-23 15:17:31.920,17684,17685,17684,3,-3
2022-03-23 15:17:33.014,17684,17685,17684,1,-1
2022-03-23 15:17:33.053,17684,17685,17684,1,-1
2022-03-23 15:17:33.053,17684,17685,17684,2,-2
2022-03-23 15:17:40.232,17683,17684,17684,1,1
2022-03-23 15:17:44.452,17683,17685,17685,3,3
2022-03-23 15:17:46.085,17683,17685,17685,1,1
2022-03-23 15:17:46.984,17683,17685,17685,1,1
2022-03-23 15:17:48.183,17683,17685,17685,1,1
2022-03-23 15:17:56.472,17683,17685,17685,1,1
2022-03-23 15:18:04.016,17684,17685,17684,1,-1
2022-03-23 15:18:05.037,17683,17685,17685,1,1
2022-03-23 15:18:07.156,17683,17685,17685,1,1
2022-03-23 15:18:11.376,17683,17684,17684,1,1
2022-03-23 15:18:19.834,17683,17684,17684,1,1
2022-03-23 15:18:20.183,17683,17684,17683,1,-1
2022-03-23 15:18:38.243,17683,17684,17683,1,-1
2022-03-23 15:18:38.243,17683,17684,17683,3,-3
2022-03-23 15:18:38.243,17683,17684,17683,1,-1
2022-03-23 15:18:38.243,17683,17684,17683,1,-1
2022-03-23 15:18:41.041,17682,17684,17684,1,1
2022-03-23 15:18:42.715,17682,17684,17684,10,10
2022-03-23 15:18:49.557,17682,17683,17683,5,5
2022-03-23 15:19:05.812,17683,17684,17684,1,1
2022-03-23 15:19:12.828,17684,17685,17684,1,-1
2022-03-23 15:19:14.409,17683,17684,17684,1,1
2022-03-23 15:19:17.051,17684,17685,17685,1,1
2022-03-23 15:19:19.424,17684,17685,17685,4,4
2022-03-23 15:19:24.643,17685,17686,17686,1,1
2022-03-23 15:19:27.811,17685,17686,17685,1,-1
2022-03-23 15:19:28.017,17685,17686,17685,5,-5
2022-03-23 15:19:28.017,17685,17686,17685,2,-2
2022-03-23 15:19:29.649,17684,17686,17686,2,2
2022-03-23 15:19:30.594,17685,17686,17686,2,2
2022-03-23 15:19:30.872,17685,17686,17685,1,-1
2022-03-23 15:19:38.313,17685,17686,17685,1,-1
2022-03-23 15:19:39.349,17685,17686,17685,1,-1
2022-03-23 15:19:40.677,17684,17685,17685,1,1
2022-03-23 15:19:42.863,17684,17685,17685,1,1
2022-03-23 15:19:45.118,17684,17685,17685,1,1
2022-03-23 15:19:53.037,17684,17685,17685,1,1
2022-03-23 15:19:56.227,17684,17685,17685,1,1
2022-03-23 15:19:56.470,17684,17685,17685,1,1
2022-03-23 15:19:57.622,17684,17685,17685,1,1
2022-03-23 15:19:57.876,17685,17686,17685,1,-1
2022-03-23 15:20:04.694,17685,17686,17686,1,1
2022-03-23 15:20:04.963,17685,17686,17686,1,1
2022-03-23 15:20:10.354,17685,17686,17686,1,1
2022-03-23 15:20:18.995,17685,17686,17686,1,1
2022-03-23 15:20:20.192,17685,17686,17685,1,-1
2022-03-23 15:20:24.455,17685,17686,17685,2,-2
2022-03-23 15:20:25.342,17685,17686,17686,1,1
2022-03-23 15:20:29.036,17685,17686,17686,1,1
2022-03-23 15:20:33.255,17685,17686,17686,1,1
2022-03-23 15:20:36.901,17685,17686,17686,1,1
2022-03-23 15:20:41.347,17686,17687,17686,1,-1
2022-03-23 15:20:41.750,17686,17687,17686,1,-1
2022-03-23 15:20:46.697,17686,17687,17686,1,-1
2022-03-23 15:20:48.261,17686,17687,17687,1,1
2022-03-23 15:20:50.292,17686,17687,17687,2,2
2022-03-23 15:20:53.357,17686,17687,17686,1,-1
2022-03-23 15:20:54.611,17685,17687,17687,6,6
2022-03-23 15:20:59.102,17686,17687,17687,1,1
2022-03-23 15:21:00.386,17686,17688,17688,1,1
2022-03-23 15:21:00.838,17686,17688,17688,1,1
2022-03-23 15:21:01.467,17686,17688,17688,1,1
2022-03-23 15:21:04.643,17687,17688,17688,1,1
2022-03-23 15:21:05.038,17687,17688,17688,1,1
2022-03-23 15:21:08.866,17687,17688,17687,1,-1
2022-03-23 15:21:14.072,17687,17688,17688,4,4
2022-03-23 15:21:14.072,17687,17688,17688,3,3
2022-03-23 15:21:14.072,17687,17688,17688,2,2
2022-03-23 15:21:14.072,17687,17688,17688,1,1
2022-03-23 15:21:14.072,17687,17688,17688,1,1
2022-03-23 15:21:15.025,17687,17688,17688,1,1
2022-03-23 15:21:15.714,17687,17688,17688,1,1
2022-03-23 15:21:16.312,17687,17688,17688,1,1
2022-03-23 15:21:16.438,17687,17688,17688,1,1
2022-03-23 15:21:17.798,17687,17688,17688,1,1
2022-03-23 15:21:21.319,17688,17689,17689,1,1
2022-03-23 15:21:22.210,17688,17689,17688,2,-2
2022-03-23 15:21:22.593,17688,17689,17689,1,1
2022-03-23 15:21:24.881,17688,17689,17689,1,1
2022-03-23 15:21:26.769,17688,17689,17689,2,2
2022-03-23 15:21:26.770,17688,17689,17689,1,1
2022-03-23 15:21:29.854,17689,17690,17689,3,-3
2022-03-23 15:21:30.216,17689,17690,17690,2,2
2022-03-23 15:21:31.076,17689,17690,17690,2,2
2022-03-23 15:21:31.629,17689,17690,17690,2,2
2022-03-23 15:21:36.930,17689,17690,17690,1,1
2022-03-23 15:21:36.960,17689,17690,17690,1,1
2022-03-23 15:21:39.957,17689,17690,17689,1,-1
2022-03-23 15:21:41.039,17689,17690,17690,1,1
2022-03-23 15:21:42.603,17689,17690,17689,2,-2
2022-03-23 15:21:42.660,17689,17690,17689,1,-1
2022-03-23 15:21:42.660,17689,17690,17689,2,-2
2022-03-23 15:21:47.641,17688,17689,17689,1,1
2022-03-23 15:21:48.892,17688,17689,17689,2,2
2022-03-23 15:21:53.819,17688,17689,17689,1,1
2022-03-23 15:21:54.064,17688,17690,17689,1,1
2022-03-23 15:21:55.477,17688,17689,17689,1,1
2022-03-23 15:21:58.645,17688,17689,17689,1,1
2022-03-23 15:22:01.273,17688,17689,17689,1,1
2022-03-23 15:22:01.340,17688,17689,17689,1,1
2022-03-23 15:22:02.840,17688,17689,17689,1,1
2022-03-23 15:22:05.405,17688,17689,17689,1,1
2022-03-23 15:22:13.694,17688,17689,17688,1,-1
2022-03-23 15:22:13.694,17688,17689,17688,1,-1
2022-03-23 15:22:13.694,17688,17689,17688,1,-1
2022-03-23 15:22:13.694,17688,17689,17688,5,-5
2022-03-23 15:22:13.695,17688,17689,17688,3,-3
2022-03-23 15:22:14.780,17687,17688,17687,1,-1
2022-03-23 15:22:15.904,17686,17688,17688,1,1
2022-03-23 15:22:17.036,17687,17688,17688,1,1
2022-03-23 15:22:18.649,17687,17688,17687,1,-1
2022-03-23 15:22:24.847,17686,17687,17687,2,2
2022-03-23 15:22:29.548,17687,17689,17687,1,-1
2022-03-23 15:22:47.130,17688,17689,17688,1,-1
2022-03-23 15:22:47.130,17688,17689,17688,2,-2
2022-03-23 15:22:47.130,17688,17689,17688,1,-1
2022-03-23 15:22:53.037,17687,17688,17688,1,1
2022-03-23 15:22:54.037,17687,17688,17688,1,1
2022-03-23 15:23:11.956,17688,17689,17689,1,1
2022-03-23 15:23:11.956,17688,17689,17689,3,3
2022-03-23 15:23:11.956,17688,17689,17689,6,6
2022-03-23 15:23:13.900,17689,17690,17689,1,-1
2022-03-23 15:23:17.633,17689,17690,17689,1,-1
2022-03-23 15:23:17.641,17689,17690,17690,1,1
2022-03-23 15:23:18.999,17689,17690,17689,1,-1
2022-03-23 15:23:29.036,17689,17690,17690,1,1
2022-03-23 15:23:29.763,17689,17690,17690,1,1
2022-03-23 15:23:29.763,17689,17690,17690,1,1
2022-03-23 15:23:29.764,17689,17690,17690,2,2
2022-03-23 15:23:29.764,17689,17690,17690,7,7
2022-03-23 15:23:31.151,17690,17691,17691,1,1
2022-03-23 15:23:31.257,17690,17691,17691,1,1
2022-03-23 15:23:31.706,17690,17691,17691,4,4
2022-03-23 15:23:31.706,17690,17691,17691,1,1
2022-03-23 15:23:31.706,17690,17691,17691,2,2
2022-03-23 15:23:32.930,17690,17692,17692,1,1
2022-03-23 15:23:33.583,17690,17691,17691,1,1
2022-03-23 15:23:33.756,17690,17691,17690,2,-2
2022-03-23 15:23:42.601,17689,17690,17690,1,1
2022-03-23 15:23:45.034,17689,17690,17690,1,1
2022-03-23 15:23:45.248,17690,17691,17691,3,3
2022-03-23 15:23:45.249,17690,17691,17691,1,1
2022-03-23 15:23:45.250,17690,17691,17691,4,4
2022-03-23 15:23:45.959,17690,17691,17691,1,1
2022-03-23 15:23:45.960,17690,17691,17691,2,2
2022-03-23 15:23:46.744,17690,17692,17692,1,1
2022-03-23 15:23:50.431,17691,17692,17691,1,-1
2022-03-23 15:23:52.926,17691,17692,17691,1,-1
2022-03-23 15:24:05.042,17691,17692,17692,1,1
2022-03-23 15:24:06.534,17691,17692,17692,1,1
2022-03-23 15:24:07.969,17691,17692,17692,1,1
2022-03-23 15:24:08.722,17691,17692,17691,2,-2
2022-03-23 15:24:11.105,17691,17692,17691,5,-5
2022-03-23 15:24:11.106,17691,17692,17692,1,1
2022-03-23 15:24:11.723,17691,17692,17691,1,-1
2022-03-23 15:24:12.737,17691,17692,17691,3,-3
2022-03-23 15:24:17.377,17691,17692,17691,3,-3
2022-03-23 15:24:17.658,17690,17691,17691,1,1
2022-03-23 15:24:18.894,17690,17691,17690,2,-2
2022-03-23 15:24:18.894,17690,17691,17690,2,-2
2022-03-23 15:24:19.955,17689,17691,17690,1,1
2022-03-23 15:24:27.882,17689,17690,17690,1,1
2022-03-23 15:24:41.042,17689,17690,17690,1,1
2022-03-23 15:24:46.477,17689,17690,17689,10,-10
2022-03-23 15:24:47.480,17688,17689,17688,2,-2
2022-03-23 15:24:53.720,17687,17688,17687,1,-1
2022-03-23 15:25:00.877,17686,17687,17687,2,2
2022-03-23 15:25:06.060,17687,17688,17687,1,-1
2022-03-23 15:25:15.001,17687,17688,17687,1,-1
2022-03-23 15:25:17.048,17687,17688,17688,1,1
2022-03-23 15:25:24.037,17687,17688,17688,1,1
2022-03-23 15:25:25.485,17687,17688,17688,1,1
2022-03-23 15:25:38.333,17687,17688,17688,1,1
2022-03-23 15:25:42.497,17687,17688,17688,4,4
2022-03-23 15:25:47.140,17687,17688,17688,1,1
2022-03-23 15:25:53.049,17687,17688,17688,1,1
2022-03-23 15:25:54.661,17687,17689,17688,1,1
2022-03-23 15:26:17.278,17688,17689,17689,1,1
2022-03-23 15:26:21.464,17688,17689,17688,1,-1
2022-03-23 15:26:29.043,17688,17689,17689,1,1
2022-03-23 15:26:44.713,17688,17689,17688,3,-3
2022-03-23 15:27:05.033,17688,17689,17689,1,1
2022-03-23 15:27:05.081,17688,17689,17689,1,1
2022-03-23 15:27:05.175,17688,17689,17689,2,2
2022-03-23 15:27:05.175,17688,17689,17689,1,1
2022-03-23 15:27:05.175,17688,17689,17689,2,2
2022-03-23 15:27:05.175,17688,17689,17689,1,1
2022-03-23 15:27:05.176,17688,17689,17689,1,1
2022-03-23 15:27:05.176,17688,17689,17689,1,1
2022-03-23 15:27:05.176,17688,17689,17689,1,1
2022-03-23 15:27:09.168,17689,17690,17690,1,1
2022-03-23 15:27:09.169,17689,17690,17690,1,1
2022-03-23 15:27:10.527,17690,17691,17691,2,2
2022-03-23 15:27:10.614,17690,17691,17690,1,-1
2022-03-23 15:27:11.040,17690,17691,17690,1,-1
2022-03-23 15:27:16.385,17689,17691,17691,1,1
2022-03-23 15:27:19.505,17690,17691,17690,1,-1
2022-03-23 15:27:29.267,17689,17690,17690,1,1
2022-03-23 15:27:34.356,17690,17691,17691,1,1
2022-03-23 15:27:36.456,17690,17691,17691,1,1
2022-03-23 15:27:41.035,17691,17692,17692,1,1
2022-03-23 15:27:42.065,17691,17692,17692,8,8
2022-03-23 15:27:45.722,17691,17692,17692,1,1
2022-03-23 15:27:46.455,17691,17692,17692,1,1
2022-03-23 15:27:51.052,17691,17692,17692,1,1
2022-03-23 15:27:52.075,17691,17692,17692,2,2
2022-03-23 15:27:55.799,17691,17692,17692,1,1
2022-03-23 15:27:57.130,17692,17693,17692,1,-1
2022-03-23 15:28:00.873,17691,17692,17692,4,4
2022-03-23 15:28:05.766,17691,17692,17692,1,1
2022-03-23 15:28:07.564,17691,17692,17692,3,3
2022-03-23 15:28:13.408,17691,17692,17692,1,1
2022-03-23 15:28:17.032,17691,17693,17693,1,1
2022-03-23 15:28:17.283,17691,17693,17693,1,1
2022-03-23 15:28:17.982,17691,17693,17692,1,1
2022-03-23 15:28:22.549,17692,17693,17692,1,-1
2022-03-23 15:28:23.557,17692,17693,17692,1,-1
2022-03-23 15:28:24.902,17692,17693,17692,1,-1
2022-03-23 15:28:34.195,17692,17693,17692,1,-1
2022-03-23 15:28:35.426,17692,17693,17693,2,2
2022-03-23 15:28:36.107,17692,17693,17692,1,-1
2022-03-23 15:28:37.619,17692,17693,17692,1,-1
2022-03-23 15:28:43.732,17691,17692,17692,1,1
2022-03-23 15:28:45.908,17691,17692,17692,1,1
2022-03-23 15:28:47.588,17691,17692,17692,1,1
2022-03-23 15:28:53.030,17692,17693,17692,1,-1
2022-03-23 15:28:53.034,17692,17693,17693,1,1
2022-03-23 15:28:53.227,17692,17693,17692,1,-1
2022-03-23 15:28:53.475,17692,17693,17692,1,-1
2022-03-23 15:28:53.622,17692,17693,17692,1,-1
2022-03-23 15:28:54.809,17691,17692,17692,1,1
2022-03-23 15:28:58.492,17692,17693,17692,1,-1
2022-03-23 15:28:58.644,17692,17693,17692,1,-1
2022-03-23 15:28:58.802,17692,17693,17692,1,-1
2022-03-23 15:28:59.070,17692,17693,17692,1,-1
2022-03-23 15:29:08.646,17691,17692,17692,1,1
2022-03-23 15:29:09.869,17691,17692,17692,1,1
2022-03-23 15:29:15.323,17691,17692,17692,1,1
2022-03-23 15:29:30.062,17692,17693,17693,1,1
2022-03-23 15:29:43.622,17692,17693,17693,1,1
2022-03-23 15:29:43.622,17692,17693,17693,1,1
2022-03-23 15:29:43.622,17692,17693,17693,3,3
2022-03-23 15:29:43.622,17692,17693,17693,1,1
2022-03-23 15:29:43.623,17692,17693,17693,1,1
2022-03-23 15:29:43.663,17692,17693,17693,4,4
2022-03-23 15:29:43.663,17692,17693,17693,2,2
2022-03-23 15:29:43.668,17692,17693,17694,1,1
2022-03-23 15:29:44.765,17693,17694,17694,1,1
2022-03-23 15:29:44.947,17693,17694,17694,1,1
2022-03-23 15:29:45.044,17693,17694,17694,1,1
2022-03-23 15:29:45.180,17693,17694,17694,1,1
2022-03-23 15:29:45.380,17693,17694,17694,2,2
2022-03-23 15:29:47.088,17693,17694,17694,2,2
2022-03-23 15:29:47.567,17693,17695,17693,2,-2
2022-03-23 15:29:48.811,17693,17694,17694,1,1
2022-03-23 15:29:54.183,17693,17694,17694,1,1
2022-03-23 15:29:55.550,17694,17695,17695,1,1
2022-03-23 15:30:01.087,17694,17695,17695,1,1
2022-03-23 15:30:01.416,17694,17695,17695,2,2
2022-03-23 15:30:01.572,17694,17695,17695,2,2
2022-03-23 15:30:01.827,17694,17695,17695,5,5
2022-03-23 15:30:01.827,17694,17695,17695,2,2
2022-03-23 15:30:01.827,17694,17695,17696,3,3
2022-03-23 15:30:02.050,17694,17696,17696,1,1
2022-03-23 15:30:02.331,17694,17696,17696,2,2
2022-03-23 15:30:04.587,17695,17696,17695,3,-3
2022-03-23 15:30:05.441,17695,17696,17696,15,15
2022-03-23 15:30:05.441,17695,17696,17697,5,5
2022-03-23 15:30:05.533,17696,17697,17696,1,-1
2022-03-23 15:30:08.108,17695,17697,17697,1,1
2022-03-23 15:30:08.243,17695,17697,17697,1,1
2022-03-23 15:30:08.254,17695,17697,17697,1,1
2022-03-23 15:30:08.465,17696,17697,17696,1,-1
2022-03-23 15:30:09.865,17695,17696,17696,1,1
2022-03-23 15:30:09.919,17695,17696,17696,1,1
2022-03-23 15:30:12.600,17695,17696,17695,13,-13
2022-03-23 15:30:13.792,17694,17695,17695,1,1
2022-03-23 15:30:14.266,17694,17695,17694,1,-1
2022-03-23 15:30:14.432,17694,17695,17694,1,-1
2022-03-23 15:30:14.734,17694,17695,17694,1,-1
2022-03-23 15:30:14.871,17694,17695,17694,1,-1
2022-03-23 15:30:14.872,17694,17695,17694,3,-3
2022-03-23 15:30:22.121,17693,17694,17694,1,1
2022-03-23 15:30:22.573,17693,17694,17694,1,1
2022-03-23 15:30:22.936,17693,17695,17693,4,-4
2022-03-23 15:30:26.304,17694,17695,17694,1,-1
2022-03-23 15:30:36.267,17694,17695,17694,4,-4
2022-03-23 15:30:37.287,17693,17694,17694,1,1
2022-03-23 15:30:37.563,17693,17694,17694,1,1
2022-03-23 15:30:37.613,17694,17695,17694,1,-1
2022-03-23 15:30:39.580,17693,17694,17694,3,3
2022-03-23 15:30:39.708,17693,17694,17694,1,1
2022-03-23 15:30:40.507,17693,17694,17694,1,1
2022-03-23 15:30:44.968,17693,17694,17693,1,-1
2022-03-23 15:30:50.672,17693,17694,17694,10,10
2022-03-23 15:30:50.672,17693,17694,17694,5,5
2022-03-23 15:30:50.927,17693,17694,17694,3,3
2022-03-23 15:30:50.974,17693,17694,17695,3,3
2022-03-23 15:30:51.014,17694,17695,17694,1,-1
2022-03-23 15:30:53.418,17693,17694,17693,5,-5
2022-03-23 15:30:54.452,17693,17694,17693,5,-5
2022-03-23 15:31:00.302,17693,17694,17693,5,-5
2022-03-23 15:31:04.767,17693,17694,17693,1,-1
2022-03-23 15:31:15.490,17693,17694,17693,1,-1
2022-03-23 15:31:15.891,17693,17694,17693,1,-1
2022-03-23 15:31:20.605,17692,17693,17693,1,1
2022-03-23 15:31:26.061,17692,17693,17692,2,-2
2022-03-23 15:31:26.430,17692,17693,17692,2,-2
2022-03-23 15:31:26.800,17692,17693,17692,2,-2
2022-03-23 15:31:27.188,17692,17693,17692,2,-2
2022-03-23 15:31:27.564,17692,17693,17692,1,-1
2022-03-23 15:31:27.564,17692,17693,17691,1,-1
2022-03-23 15:31:27.778,17691,17693,17691,1,-1
2022-03-23 15:31:28.004,17691,17693,17691,2,-2
2022-03-23 15:31:28.361,17691,17693,17691,2,-2
2022-03-23 15:31:28.722,17691,17693,17691,2,-2
2022-03-23 15:31:31.130,17691,17692,17691,3,-3
2022-03-23 15:31:32.872,17691,17692,17692,1,1
2022-03-23 15:31:34.411,17692,17693,17692,2,-2
2022-03-23 15:31:35.411,17691,17692,17692,1,1
2022-03-23 15:31:35.971,17691,17693,17691,1,-1
2022-03-23 15:31:44.313,17691,17692,17691,2,-2
2022-03-23 15:31:47.690,17691,17692,17691,1,-1
2022-03-23 15:31:56.163,17691,17692,17691,1,-1
2022-03-23 15:31:56.573,17691,17692,17691,1,-1
2022-03-23 15:31:57.103,17691,17692,17691,1,-1
2022-03-23 15:32:03.030,17690,17691,17690,1,-1
2022-03-23 15:32:06.958,17690,17692,17690,1,-1
2022-03-23 15:32:07.585,17690,17691,17691,2,2
2022-03-23 15:32:09.371,17690,17691,17690,5,-5
2022-03-23 15:32:09.592,17690,17691,17690,3,-3
2022-03-23 15:32:09.592,17690,17691,17690,3,-3
2022-03-23 15:32:09.592,17690,17691,17690,1,-1
2022-03-23 15:32:09.592,17690,17691,17690,2,-2
2022-03-23 15:32:10.884,17689,17690,17689,1,-1
2022-03-23 15:32:20.537,17689,17691,17689,1,-1
2022-03-23 15:32:21.872,17689,17691,17689,2,-2
2022-03-23 15:32:22.924,17689,17690,17689,1,-1
2022-03-23 15:32:30.834,17689,17690,17690,3,3
2022-03-23 15:32:31.244,17689,17690,17689,3,-3
2022-03-23 15:32:43.967,17689,17690,17689,1,-1
2022-03-23 15:32:44.341,17689,17690,17689,1,-1
2022-03-23 15:32:46.782,17688,17689,17689,1,1
2022-03-23 15:32:46.908,17688,17689,17688,1,-1
2022-03-23 15:32:47.198,17688,17689,17688,1,-1
2022-03-23 15:32:49.375,17688,17689,17688,2,-2
2022-03-23 15:32:49.805,17688,17689,17688,2,-2
2022-03-23 15:32:50.181,17688,17689,17688,2,-2
2022-03-23 15:32:50.766,17688,17689,17688,2,-2
2022-03-23 15:32:51.239,17688,17689,17688,2,-2
2022-03-23 15:32:51.911,17688,17689,17688,2,-2
2022-03-23 15:32:52.341,17688,17689,17688,2,-2
2022-03-23 15:32:53.648,17688,17689,17688,1,-1
2022-03-23 15:32:54.540,17688,17689,17688,2,-2
2022-03-23 15:32:54.947,17688,17689,17688,2,-2
2022-03-23 15:32:55.935,17687,17689,17687,1,-1
2022-03-23 15:32:58.605,17687,17688,17687,2,-2
2022-03-23 15:32:58.635,17687,17688,17687,4,-4
2022-03-23 15:33:00.969,17686,17687,17686,4,-4
2022-03-23 15:33:03.532,17686,17687,17686,1,-1
2022-03-23 15:33:04.838,17686,17687,17686,1,-1
2022-03-23 15:33:05.340,17686,17687,17686,2,-2
2022-03-23 15:33:06.344,17686,17687,17686,1,-1
2022-03-23 15:33:07.784,17686,17687,17686,2,-2
2022-03-23 15:33:08.780,17686,17687,17686,1,-1
2022-03-23 15:33:08.780,17686,17687,17685,20,-20
2022-03-23 15:33:08.782,17686,17687,17685,4,-4
2022-03-23 15:33:08.873,17684,17685,17684,1,-1
2022-03-23 15:33:08.891,17684,17685,17684,1,-1
2022-03-23 15:33:08.975,17684,17685,17684,1,-1
2022-03-23 15:33:10.759,17684,17685,17684,1,-1
2022-03-23 15:33:11.664,17683,17684,17684,1,1
2022-03-23 15:33:13.548,17684,17685,17685,1,1
2022-03-23 15:33:14.935,17684,17685,17684,1,-1
2022-03-23 15:33:16.502,17684,17685,17684,2,-2
2022-03-23 15:33:17.501,17683,17684,17684,1,1
2022-03-23 15:33:18.921,17684,17685,17684,1,-1
2022-03-23 15:33:20.453,17683,17684,17683,2,-2
2022-03-23 15:33:20.880,17682,17684,17684,3,3
2022-03-23 15:33:21.120,17683,17684,17683,1,-1
2022-03-23 15:33:21.828,17683,17684,17684,1,1
2022-03-23 15:33:23.066,17683,17684,17683,1,-1
2022-03-23 15:33:23.403,17683,17684,17684,1,1
2022-03-23 15:33:23.639,17684,17685,17684,1,-1
2022-03-23 15:33:26.284,17684,17685,17684,1,-1
2022-03-23 15:33:29.373,17683,17685,17683,2,-2
2022-03-23 15:33:29.611,17683,17685,17683,2,-2
2022-03-23 15:33:31.478,17683,17685,17683,1,-1
2022-03-23 15:33:31.846,17683,17685,17683,4,-4
2022-03-23 15:33:33.909,17683,17684,17684,1,1
2022-03-23 15:33:35.459,17684,17685,17684,1,-1
2022-03-23 15:33:42.108,17683,17684,17684,1,1
2022-03-23 15:33:45.054,17683,17684,17683,3,-3
2022-03-23 15:33:47.415,17682,17683,17682,1,-1
2022-03-23 15:33:47.415,17682,17683,17682,4,-4
2022-03-23 15:33:47.415,17682,17683,17682,5,-5
2022-03-23 15:33:51.270,17681,17682,17681,1,-1
2022-03-23 15:33:51.271,17681,17682,17681,1,-1
2022-03-23 15:33:51.271,17681,17682,17681,2,-2
2022-03-23 15:33:51.271,17681,17682,17681,1,-1
2022-03-23 15:33:51.271,17681,17682,17681,3,-3
2022-03-23 15:33:52.189,17680,17682,17680,4,-4
2022-03-23 15:33:53.368,17680,17681,17681,1,1
2022-03-23 15:33:54.236,17681,17682,17681,1,-1
2022-03-23 15:33:58.105,17680,17681,17680,1,-1
2022-03-23 15:33:58.129,17680,17681,17680,1,-1
2022-03-23 15:34:00.395,17680,17681,17680,2,-2
2022-03-23 15:34:00.438,17680,17681,17680,2,-2
2022-03-23 15:34:00.438,17680,17681,17680,10,-10
2022-03-23 15:34:00.439,17680,17681,17679,1,-1
2022-03-23 15:34:00.440,17680,17681,17679,7,-7
2022-03-23 15:34:00.960,17678,17680,17679,1,1
2022-03-23 15:34:01.000,17679,17680,17679,2,-2
2022-03-23 15:34:01.085,17679,17680,17679,2,-2
2022-03-23 15:34:01.085,17679,17680,17678,1,-1
2022-03-23 15:34:01.116,17678,17680,17678,2,-2
2022-03-23 15:34:01.159,17678,17680,17678,2,-2
2022-03-23 15:34:01.163,17678,17680,17680,1,1
2022-03-23 15:34:01.163,17678,17680,17678,2,-2
2022-03-23 15:34:01.187,17678,17680,17678,4,-4
2022-03-23 15:34:01.436,17678,17679,17678,2,-2
2022-03-23 15:34:04.194,17677,17679,17677,1,-1
2022-03-23 15:34:04.268,17677,17679,17678,1,1
2022-03-23 15:34:04.284,17677,17679,17678,2,2
2022-03-23 15:34:04.292,17677,17679,17678,1,1
2022-03-23 15:34:04.988,17679,17680,17679,1,-1
2022-03-23 15:34:05.609,17679,17680,17680,1,1
2022-03-23 15:34:06.116,17680,17681,17681,3,3
2022-03-23 15:34:06.916,17681,17682,17682,2,2
2022-03-23 15:34:11.691,17682,17684,17682,4,-4
2022-03-23 15:34:11.737,17681,17683,17683,1,1
2022-03-23 15:34:11.738,17681,17683,17684,1,1
2022-03-23 15:34:11.773,17681,17683,17682,1,1
2022-03-23 15:34:12.749,17682,17684,17682,1,-1
2022-03-23 15:34:16.796,17683,17684,17683,1,-1
2022-03-23 15:34:16.796,17683,17684,17682,2,-2
2022-03-23 15:34:16.796,17683,17684,17682,1,-1
2022-03-23 15:34:19.926,17682,17683,17682,2,-2
2022-03-23 15:34:19.986,17681,17682,17682,1,1
2022-03-23 15:34:19.987,17681,17682,17682,1,1
2022-03-23 15:34:19.987,17681,17682,17682,1,1
2022-03-23 15:34:24.733,17681,17682,17681,2,-2
2022-03-23 15:34:25.976,17681,17682,17681,2,-2
2022-03-23 15:34:26.205,17680,17682,17680,2,-2
2022-03-23 15:34:28.517,17681,17682,17681,2,-2
2022-03-23 15:34:28.958,17680,17681,17681,1,1
2022-03-23 15:34:29.438,17680,17681,17681,1,1
2022-03-23 15:34:34.356,17680,17681,17681,1,1
2022-03-23 15:34:35.871,17680,17681,17680,1,-1
2022-03-23 15:34:37.543,17680,17681,17680,2,-2
2022-03-23 15:34:37.543,17680,17681,17680,1,-1
2022-03-23 15:34:40.097,17679,17680,17680,1,1
2022-03-23 15:34:45.622,17679,17680,17679,1,-1
2022-03-23 15:34:45.623,17679,17680,17679,4,-4
2022-03-23 15:34:45.623,17679,17680,17679,1,-1
2022-03-23 15:34:45.623,17679,17680,17679,1,-1
2022-03-23 15:34:45.624,17679,17680,17679,1,-1
2022-03-23 15:34:45.624,17679,17680,17679,1,-1
2022-03-23 15:34:45.624,17679,17680,17679,1,-1
2022-03-23 15:34:46.118,17679,17680,17679,1,-1
2022-03-23 15:34:46.325,17679,17680,17679,1,-1
2022-03-23 15:34:46.330,17679,17680,17679,1,-1
2022-03-23 15:34:46.331,17679,17680,17679,2,-2
2022-03-23 15:34:46.332,17679,17680,17679,1,-1
2022-03-23 15:34:46.582,17678,17679,17679,2,2
2022-03-23 15:34:46.582,17678,17679,17680,1,1
2022-03-23 15:34:46.636,17678,17680,17679,1,1
2022-03-23 15:34:47.465,17679,17680,17680,1,1
2022-03-23 15:34:50.549,17679,17680,17680,1,1
2022-03-23 15:34:50.697,17679,17680,17679,1,-1
2022-03-23 15:34:53.070,17679,17680,17680,1,1
2022-03-23 15:34:55.253,17679,17680,17680,1,1
2022-03-23 15:34:55.253,17679,17680,17680,1,1
2022-03-23 15:34:56.464,17680,17681,17680,1,-1
2022-03-23 15:34:57.196,17680,17681,17680,1,-1
2022-03-23 15:34:57.297,17680,17681,17680,2,-2
2022-03-23 15:34:57.564,17680,17681,17680,1,-1
2022-03-23 15:34:59.123,17680,17681,17680,1,-1
2022-03-23 15:35:00.062,17680,17681,17680,1,-1
2022-03-23 15:35:00.807,17680,17681,17680,1,-1
2022-03-23 15:35:03.549,17680,17681,17680,1,-1
2022-03-23 15:35:04.663,17680,17681,17680,1,-1
2022-03-23 15:35:08.216,17680,17681,17680,5,-5
2022-03-23 15:35:08.221,17680,17681,17679,1,-1
2022-03-23 15:35:08.221,17680,17681,17679,1,-1
2022-03-23 15:35:08.224,17680,17681,17679,1,-1
2022-03-23 15:35:10.400,17679,17680,17680,2,2
2022-03-23 15:35:10.756,17679,17680,17679,1,-1
2022-03-23 15:35:10.756,17679,17680,17679,2,-2
2022-03-23 15:35:10.756,17679,17680,17679,2,-2
2022-03-23 15:35:10.756,17679,17680,17679,1,-1
2022-03-23 15:35:10.843,17679,17680,17679,11,-11
2022-03-23 15:35:10.843,17679,17680,17679,2,-2
2022-03-23 15:35:10.843,17679,17680,17679,1,-1
2022-03-23 15:35:10.843,17679,17680,17679,1,-1
2022-03-23 15:35:10.843,17679,17680,17679,36,-36
2022-03-23 15:35:10.844,17679,17680,17678,1,-1
2022-03-23 15:35:10.844,17679,17680,17678,2,-2
2022-03-23 15:35:10.844,17679,17680,17678,95,-95
2022-03-23 15:35:10.845,17679,17680,17677,4,-4
2022-03-23 15:35:10.845,17679,17680,17677,1,-1
2022-03-23 15:35:10.845,17679,17680,17677,2,-2
2022-03-23 15:35:10.846,17679,17680,17677,1,-1
2022-03-23 15:35:10.846,17679,17680,17677,2,-2
2022-03-23 15:35:10.846,17679,17680,17676,1,-1
2022-03-23 15:35:12.253,17677,17678,17677,2,-2
2022-03-23 15:35:12.254,17677,17678,17676,1,-1
2022-03-23 15:35:14.288,17676,17678,17676,1,-1
2022-03-23 15:35:16.136,17676,17678,17676,2,-2
2022-03-23 15:35:16.537,17676,17677,17677,1,1
2022-03-23 15:35:17.424,17676,17677,17676,2,-2
2022-03-23 15:35:18.548,17676,17677,17676,1,-1
2022-03-23 15:35:19.057,17676,17677,17677,2,2
2022-03-23 15:35:19.752,17676,17677,17676,1,-1
2022-03-23 15:35:19.772,17676,17677,17677,1,1
2022-03-23 15:35:19.894,17676,17677,17676,3,-3
2022-03-23 15:35:19.925,17676,17677,17677,1,1
2022-03-23 15:35:20.185,17676,17677,17676,1,-1
2022-03-23 15:35:20.949,17676,17677,17676,1,-1
2022-03-23 15:35:22.510,17676,17677,17676,1,-1
2022-03-23 15:35:23.052,17676,17677,17677,1,1
2022-03-23 15:35:24.143,17676,17677,17676,5,-5
2022-03-23 15:35:24.631,17676,17677,17676,2,-2
2022-03-23 15:35:24.850,17675,17677,17677,1,1
2022-03-23 15:35:26.183,17676,17677,17676,5,-5
2022-03-23 15:35:26.906,17675,17676,17675,2,-2
2022-03-23 15:35:27.014,17675,17676,17675,1,-1
2022-03-23 15:35:27.021,17675,17676,17675,2,-2
2022-03-23 15:35:27.042,17675,17676,17675,1,-1
2022-03-23 15:35:27.155,17675,17676,17675,1,-1
2022-03-23 15:35:27.155,17675,17676,17675,2,-2
2022-03-23 15:35:27.155,17675,17676,17674,10,-10
2022-03-23 15:35:27.156,17675,17676,17676,1,1
2022-03-23 15:35:27.191,17675,17676,17675,1,-1
2022-03-23 15:35:27.662,17674,17675,17674,2,-2
2022-03-23 15:35:27.952,17674,17675,17675,1,1
2022-03-23 15:35:28.588,17674,17675,17674,1,-1
2022-03-23 15:35:28.588,17674,17675,17673,1,-1
2022-03-23 15:35:28.665,17673,17674,17673,1,-1
2022-03-23 15:35:28.688,17673,17674,17673,4,-4
2022-03-23 15:35:28.688,17673,17674,17673,3,-3
2022-03-23 15:35:28.689,17673,17674,17673,1,-1
2022-03-23 15:35:28.761,17672,17674,17672,2,-2
2022-03-23 15:35:29.041,17672,17674,17672,2,-2
2022-03-23 15:35:29.245,17672,17674,17672,1,-1
2022-03-23 15:35:30.183,17673,17674,17673,1,-1
2022-03-23 15:35:30.195,17673,17674,17674,1,1
2022-03-23 15:35:30.284,17673,17675,17675,2,2
2022-03-23 15:35:30.520,17673,17675,17675,2,2
2022-03-23 15:35:31.908,17674,17675,17674,1,-1
2022-03-23 15:35:33.015,17674,17675,17674,1,-1
2022-03-23 15:35:34.652,17674,17675,17674,1,-1
2022-03-23 15:35:37.336,17673,17674,17674,2,2
2022-03-23 15:35:37.336,17673,17674,17674,1,1
2022-03-23 15:35:42.158,17673,17674,17674,2,2
2022-03-23 15:35:43.075,17673,17674,17674,2,2
2022-03-23 15:35:44.018,17673,17674,17674,2,2
2022-03-23 15:35:45.202,17673,17674,17674,1,1
2022-03-23 15:35:45.636,17673,17674,17674,1,1
2022-03-23 15:35:46.366,17673,17674,17673,4,-4
2022-03-23 15:35:46.708,17672,17674,17674,1,1
2022-03-23 15:35:46.726,17672,17674,17673,1,1
2022-03-23 15:35:48.649,17672,17674,17673,2,2
2022-03-23 15:35:50.837,17673,17674,17673,1,-1
2022-03-23 15:35:55.325,17672,17673,17672,1,-1
2022-03-23 15:35:56.922,17672,17673,17673,1,1
2022-03-23 15:35:57.135,17672,17673,17673,1,1
2022-03-23 15:35:58.156,17672,17673,17672,2,-2
2022-03-23 15:35:58.693,17672,17673,17673,1,1
2022-03-23 15:35:58.760,17672,17673,17673,1,1
2022-03-23 15:36:00.186,17672,17673,17672,1,-1
2022-03-23 15:36:01.040,17672,17673,17673,1,1
2022-03-23 15:36:01.691,17672,17673,17672,2,-2
2022-03-23 15:36:03.112,17672,17673,17673,1,1
2022-03-23 15:36:03.503,17672,17673,17673,1,1
2022-03-23 15:36:03.809,17673,17674,17673,1,-1
2022-03-23 15:36:04.451,17673,17674,17673,1,-1
2022-03-23 15:36:04.528,17673,17674,17673,1,-1
2022-03-23 15:36:04.765,17673,17674,17673,1,-1
2022-03-23 15:36:04.765,17673,17674,17672,1,-1
2022-03-23 15:36:07.100,17673,17674,17674,1,1
2022-03-23 15:36:08.143,17674,17675,17674,1,-1
2022-03-23 15:36:09.831,17674,17675,17675,1,1
2022-03-23 15:36:14.667,17674,17675,17675,1,1
2022-03-23 15:36:15.758,17674,17675,17675,1,1
2022-03-23 15:36:15.758,17674,17675,17675,3,3
2022-03-23 15:36:16.441,17674,17676,17675,3,3
2022-03-23 15:36:21.685,17674,17675,17675,1,1
2022-03-23 15:36:21.737,17674,17675,17674,1,-1
2022-03-23 15:36:23.360,17674,17675,17674,1,-1
2022-03-23 15:36:24.669,17674,17675,17675,1,1
2022-03-23 15:36:25.623,17674,17675,17675,1,1
2022-03-23 15:36:26.501,17675,17676,17675,1,-1
2022-03-23 15:36:28.256,17674,17675,17675,2,2
2022-03-23 15:36:28.362,17674,17675,17674,1,-1
2022-03-23 15:36:28.596,17674,17675,17674,3,-3
2022-03-23 15:36:28.603,17674,17675,17675,1,1
2022-03-23 15:36:30.227,17674,17675,17674,2,-2
2022-03-23 15:36:32.605,17674,17675,17674,2,-2
2022-03-23 15:36:39.987,17674,17675,17674,1,-1
2022-03-23 15:36:39.987,17674,17675,17674,1,-1
2022-03-23 15:36:41.824,17673,17674,17674,1,1
2022-03-23 15:36:41.862,17673,17675,17673,1,-1
2022-03-23 15:36:44.620,17673,17674,17674,1,1
2022-03-23 15:36:46.075,17674,17675,17674,1,-1
2022-03-23 15:36:46.099,17674,17675,17673,2,-2
2022-03-23 15:36:46.233,17673,17674,17674,1,1
2022-03-23 15:36:47.159,17673,17674,17673,3,-3
2022-03-23 15:36:47.630,17673,17674,17674,2,2
2022-03-23 15:36:47.630,17673,17674,17675,2,2
2022-03-23 15:36:49.843,17673,17675,17675,1,1
2022-03-23 15:36:52.114,17673,17674,17674,1,1
2022-03-23 15:36:53.523,17673,17675,17674,1,1
2022-03-23 15:36:56.977,17674,17675,17675,3,3
2022-03-23 15:36:58.348,17674,17675,17675,1,1
2022-03-23 15:36:58.348,17674,17675,17675,1,1
2022-03-23 15:36:58.348,17674,17675,17675,2,2
2022-03-23 15:37:01.152,17675,17676,17676,3,3
2022-03-23 15:37:02.766,17675,17677,17675,1,-1
2022-03-23 15:37:04.245,17675,17676,17676,1,1
2022-03-23 15:37:06.550,17675,17676,17675,2,-2
2022-03-23 15:37:06.550,17675,17676,17674,1,-1
2022-03-23 15:37:09.769,17675,17676,17675,1,-1
2022-03-23 15:37:09.886,17675,17676,17675,2,-2
2022-03-23 15:37:09.936,17675,17676,17675,1,-1
2022-03-23 15:37:11.656,17675,17676,17675,1,-1
2022-03-23 15:37:15.405,17674,17675,17675,1,1
2022-03-23 15:37:18.069,17674,17675,17674,1,-1
2022-03-23 15:37:18.070,17674,17675,17674,1,-1
2022-03-23 15:37:18.070,17674,17675,17674,2,-2
2022-03-23 15:37:21.198,17673,17675,17673,1,-1
2022-03-23 15:37:26.654,17673,17675,17673,1,-1
2022-03-23 15:37:36.146,17673,17674,17673,2,-2
2022-03-23 15:37:36.422,17673,17674,17673,4,-4
2022-03-23 15:37:48.561,17673,17674,17674,1,1
2022-03-23 15:37:50.205,17673,17674,17674,3,3
2022-03-23 15:37:53.633,17674,17675,17675,1,1
2022-03-23 15:37:55.260,17674,17675,17674,1,-1
2022-03-23 15:38:03.007,17674,17675,17674,1,-1
2022-03-23 15:38:05.299,17674,17675,17675,1,1
2022-03-23 15:38:09.265,17674,17675,17674,2,-2
2022-03-23 15:38:09.285,17674,17675,17673,3,-3
2022-03-23 15:38:11.500,17673,17675,17674,1,1
2022-03-23 15:38:19.669,17674,17675,17674,1,-1
2022-03-23 15:38:20.117,17674,17675,17675,12,12
2022-03-23 15:38:20.118,17674,17675,17675,1,1
2022-03-23 15:38:20.760,17675,17676,17676,5,5
2022-03-23 15:38:20.761,17675,17676,17676,2,2
2022-03-23 15:38:20.761,17675,17676,17676,1,1
2022-03-23 15:38:22.942,17677,17678,17678,2,2
2022-03-23 15:38:24.935,17677,17678,17677,1,-1
2022-03-23 15:38:29.650,17677,17678,17678,1,1
2022-03-23 15:38:30.093,17677,17678,17677,1,-1
2022-03-23 15:38:32.239,17677,17678,17678,1,1
2022-03-23 15:38:35.577,17677,17678,17678,1,1
2022-03-23 15:38:39.550,17677,17678,17678,1,1
2022-03-23 15:38:39.667,17677,17678,17678,1,1
2022-03-23 15:38:39.885,17678,17679,17678,1,-1
2022-03-23 15:38:43.905,17678,17679,17678,2,-2
2022-03-23 15:38:44.293,17678,17679,17679,1,1
2022-03-23 15:38:45.875,17678,17679,17678,2,-2
2022-03-23 15:38:46.391,17678,17679,17679,1,1
2022-03-23 15:38:48.254,17678,17679,17679,1,1
2022-03-23 15:38:51.380,17678,17679,17679,2,2
2022-03-23 15:38:51.923,17679,17680,17679,1,-1
2022-03-23 15:38:52.999,17678,17680,17680,1,1
2022-03-23 15:38:55.336,17678,17679,17679,2,2
2022-03-23 15:38:59.499,17678,17679,17679,1,1
2022-03-23 15:39:00.624,17678,17679,17679,1,1
2022-03-23 15:39:02.732,17678,17679,17679,1,1
2022-03-23 15:39:03.336,17678,17679,17679,1,1
2022-03-23 15:39:03.791,17678,17679,17679,1,1
2022-03-23 15:39:04.384,17678,17679,17678,1,-1
2022-03-23 15:39:06.228,17678,17680,17680,1,1
2022-03-23 15:39:10.346,17678,17679,17679,1,1
2022-03-23 15:39:18.626,17678,17679,17679,1,1
2022-03-23 15:39:18.626,17678,17679,17679,1,1
2022-03-23 15:39:18.627,17678,17679,17679,1,1
2022-03-23 15:39:18.627,17678,17679,17679,4,4
2022-03-23 15:39:18.627,17678,17679,17679,2,2
2022-03-23 15:39:26.237,17679,17680,17679,1,-1
2022-03-23 15:39:36.315,17679,17680,17680,2,2
2022-03-23 15:39:38.592,17679,17680,17680,1,1
2022-03-23 15:39:42.708,17679,17680,17680,1,1
2022-03-23 15:39:43.551,17679,17680,17679,3,-3
2022-03-23 15:39:45.157,17679,17680,17680,1,1
2022-03-23 15:39:47.951,17679,17680,17680,2,2
2022-03-23 15:39:48.396,17679,17680,17680,1,1
2022-03-23 15:39:59.273,17679,17680,17680,1,1
2022-03-23 15:40:03.653,17679,17680,17680,1,1
2022-03-23 15:40:08.946,17679,17680,17680,1,1
2022-03-23 15:40:10.664,17679,17680,17680,1,1
2022-03-23 15:40:16.979,17680,17681,17680,1,-1
2022-03-23 15:40:19.462,17680,17681,17681,2,2
2022-03-23 15:40:19.696,17680,17681,17681,1,1
2022-03-23 15:40:20.029,17680,17681,17680,3,-3
2022-03-23 15:40:21.853,17680,17681,17680,1,-1
2022-03-23 15:40:22.418,17680,17681,17680,2,-2
2022-03-23 15:40:24.728,17679,17680,17679,2,-2
2022-03-23 15:40:24.728,17679,17680,17679,1,-1
2022-03-23 15:40:24.728,17679,17680,17679,1,-1
2022-03-23 15:40:24.728,17679,17680,17679,1,-1
2022-03-23 15:40:27.060,17679,17680,17679,1,-1
2022-03-23 15:40:27.060,17679,17680,17679,3,-3
2022-03-23 15:40:27.061,17679,17680,17679,7,-7
2022-03-23 15:40:27.061,17679,17680,17679,1,-1
2022-03-23 15:40:27.061,17679,17680,17679,1,-1
2022-03-23 15:40:27.061,17679,17680,17679,1,-1
2022-03-23 15:40:27.061,17679,17680,17679,1,-1
2022-03-23 15:40:27.061,17679,17680,17679,1,-1
2022-03-23 15:40:29.046,17679,17680,17680,2,2
2022-03-23 15:40:34.725,17679,17680,17680,1,1
2022-03-23 15:40:39.637,17679,17680,17679,2,-2
2022-03-23 15:40:41.192,17679,17680,17680,1,1
2022-03-23 15:40:52.820,17679,17680,17680,6,6
2022-03-23 15:40:52.820,17679,17680,17680,9,9
2022-03-23 15:41:00.199,17680,17681,17681,1,1
2022-03-23 15:41:00.200,17680,17681,17681,1,1
2022-03-23 15:41:00.961,17680,17682,17680,2,-2
2022-03-23 15:41:05.074,17680,17681,17680,1,-1
2022-03-23 15:41:13.612,17681,17682,17681,1,-1
2022-03-23 15:41:19.728,17681,17682,17682,1,1
2022-03-23 15:41:19.747,17681,17682,17681,1,-1
2022-03-23 15:41:19.818,17681,17682,17682,1,1
2022-03-23 15:41:19.864,17681,17682,17682,1,1
2022-03-23 15:41:20.123,17681,17682,17681,2,-2
2022-03-23 15:41:22.983,17681,17682,17682,2,2
2022-03-23 15:41:22.984,17681,17682,17682,5,5
2022-03-23 15:41:25.078,17682,17683,17683,1,1
2022-03-23 15:41:25.078,17682,17683,17683,1,1
2022-03-23 15:41:25.078,17682,17683,17683,2,2
2022-03-23 15:41:25.079,17682,17683,17683,4,4
2022-03-23 15:41:25.079,17682,17683,17683,3,3
2022-03-23 15:41:25.079,17682,17683,17683,1,1
2022-03-23 15:41:25.079,17682,17683,17683,1,1
2022-03-23 15:41:25.079,17682,17683,17683,2,2
2022-03-23 15:41:25.139,17682,17684,17684,1,1
2022-03-23 15:41:25.696,17683,17684,17683,1,-1
2022-03-23 15:41:25.696,17683,17684,17682,2,-2
2022-03-23 15:41:26.591,17682,17684,17682,1,-1
2022-03-23 15:41:27.440,17683,17684,17684,2,2
2022-03-23 15:41:29.854,17683,17684,17684,1,1
2022-03-23 15:41:31.936,17683,17684,17683,1,-1
2022-03-23 15:41:33.252,17683,17684,17684,4,4
2022-03-23 15:41:35.296,17684,17685,17685,2,2
2022-03-23 15:41:35.453,17684,17685,17685,1,1
2022-03-23 15:41:35.453,17684,17685,17685,1,1
2022-03-23 15:41:38.512,17684,17685,17685,1,1
2022-03-23 15:41:41.045,17684,17686,17686,1,1
2022-03-23 15:41:47.780,17684,17685,17684,1,-1
2022-03-23 15:41:47.909,17684,17685,17684,1,-1
2022-03-23 15:41:48.055,17684,17685,17684,1,-1
2022-03-23 15:41:48.360,17684,17685,17684,1,-1
2022-03-23 15:41:48.482,17684,17685,17684,1,-1
2022-03-23 15:41:48.607,17684,17685,17685,1,1
2022-03-23 15:41:48.741,17684,17685,17684,1,-1
2022-03-23 15:41:48.901,17684,17685,17684,1,-1
2022-03-23 15:41:54.251,17683,17684,17683,1,-1
2022-03-23 15:41:54.451,17683,17684,17684,3,3
2022-03-23 15:41:59.666,17683,17684,17683,6,-6
2022-03-23 15:42:01.719,17682,17683,17682,2,-2
2022-03-23 15:42:01.814,17681,17682,17681,1,-1
2022-03-23 15:42:04.153,17681,17682,17681,3,-3
2022-03-23 15:42:06.243,17680,17682,17680,1,-1
2022-03-23 15:42:06.455,17680,17682,17680,1,-1
2022-03-23 15:42:06.698,17680,17681,17680,1,-1
2022-03-23 15:42:06.832,17680,17681,17680,1,-1
2022-03-23 15:42:07.094,17680,17681,17680,1,-1
2022-03-23 15:42:07.236,17680,17681,17680,1,-1
2022-03-23 15:42:07.416,17680,17681,17680,2,-2
2022-03-23 15:42:11.469,17679,17680,17679,1,-1
2022-03-23 15:42:13.722,17679,17680,17680,2,2
2022-03-23 15:42:14.964,17680,17682,17680,1,-1
2022-03-23 15:42:25.774,17680,17682,17682,1,1
2022-03-23 15:42:40.365,17680,17681,17680,5,-5
2022-03-23 15:42:45.002,17679,17680,17679,1,-1
2022-03-23 15:42:45.002,17679,17680,17679,2,-2
2022-03-23 15:42:45.002,17679,17680,17679,1,-1
2022-03-23 15:42:45.002,17679,17680,17679,1,-1
2022-03-23 15:42:45.002,17679,17680,17679,2,-2
2022-03-23 15:42:45.002,17679,17680,17679,1,-1
2022-03-23 15:42:45.002,17679,17680,17679,3,-3
2022-03-23 15:42:45.002,17679,17680,17679,1,-1
2022-03-23 15:42:45.002,17679,17680,17679,38,-38
2022-03-23 15:42:45.003,17679,17680,17678,1,-1
2022-03-23 15:42:45.004,17679,17680,17678,1,-1
2022-03-23 15:42:45.004,17679,17680,17678,1,-1
2022-03-23 15:42:45.004,17679,17680,17678,1,-1
2022-03-23 15:42:45.005,17679,17680,17678,1,-1
2022-03-23 15:42:45.946,17677,17678,17678,2,2
2022-03-23 15:42:45.946,17677,17678,17679,1,1
2022-03-23 15:42:51.496,17678,17679,17678,1,-1
2022-03-23 15:42:53.565,17677,17678,17677,1,-1
2022-03-23 15:42:56.968,17677,17678,17677,1,-1
2022-03-23 15:43:01.044,17677,17678,17677,1,-1
2022-03-23 15:43:05.107,17677,17678,17678,1,1
2022-03-23 15:43:18.593,17677,17679,17678,1,1
2022-03-23 15:43:18.593,17677,17679,17678,1,1
2022-03-23 15:43:18.593,17677,17679,17678,1,1
2022-03-23 15:43:18.773,17677,17678,17677,2,-2
2022-03-23 15:43:21.631,17676,17677,17677,2,2
2022-03-23 15:43:33.709,17677,17678,17677,2,-2
2022-03-23 15:43:38.087,17676,17677,17677,4,4
2022-03-23 15:43:38.088,17676,17677,17677,1,1
2022-03-23 15:43:45.357,17676,17677,17676,1,-1
2022-03-23 15:43:50.223,17676,17677,17676,2,-2
2022-03-23 15:43:50.648,17675,17677,17675,1,-1
2022-03-23 15:43:52.485,17675,17677,17675,1,-1
2022-03-23 15:43:52.515,17675,17677,17677,1,1
2022-03-23 15:43:52.769,17676,17677,17676,1,-1
2022-03-23 15:43:55.879,17675,17676,17676,1,1
2022-03-23 15:43:57.393,17676,17677,17676,1,-1
2022-03-23 15:43:57.830,17676,17677,17676,1,-1
2022-03-23 15:44:06.890,17676,17677,17676,2,-2
2022-03-23 15:44:11.658,17676,17677,17676,1,-1
2022-03-23 15:44:12.811,17676,17677,17676,1,-1
2022-03-23 15:44:16.190,17676,17677,17676,1,-1
2022-03-23 15:44:17.848,17676,17677,17677,2,2
2022-03-23 15:44:20.283,17676,17677,17677,2,2
2022-03-23 15:44:20.283,17676,17677,17678,7,7
2022-03-23 15:44:20.283,17676,17677,17679,1,1
2022-03-23 15:44:25.649,17678,17679,17678,1,-1
2022-03-23 15:44:28.013,17677,17679,17677,1,-1
2022-03-23 15:44:36.106,17678,17679,17678,2,-2
2022-03-23 15:44:36.106,17678,17679,17678,1,-1
2022-03-23 15:44:39.431,17677,17678,17678,1,1
2022-03-23 15:44:50.044,17677,17678,17677,1,-1
2022-03-23 15:44:50.045,17677,17678,17677,1,-1
2022-03-23 15:45:05.092,17676,17677,17676,1,-1
2022-03-23 15:45:08.860,17676,17677,17676,1,-1
2022-03-23 15:45:08.860,17676,17677,17676,1,-1
2022-03-23 15:45:22.357,17675,17676,17675,1,-1
2022-03-23 15:45:22.362,17675,17676,17676,1,1
2022-03-23 15:45:26.553,17675,17676,17675,1,-1
2022-03-23 15:45:26.553,17675,17676,17675,1,-1
2022-03-23 15:45:26.554,17675,17676,17675,1,-1
2022-03-23 15:45:26.554,17675,17676,17675,4,-4
2022-03-23 15:45:28.012,17674,17676,17676,1,1
2022-03-23 15:45:28.255,17674,17676,17676,1,1
2022-03-23 15:45:31.222,17674,17676,17675,1,1
2022-03-23 15:45:34.744,17675,17676,17675,1,-1
2022-03-23 15:45:36.838,17674,17676,17676,3,3
2022-03-23 15:45:36.882,17676,17677,17676,4,-4
2022-03-23 15:45:36.958,17676,17677,17677,2,2
2022-03-23 15:45:38.343,17676,17678,17676,1,-1
2022-03-23 15:45:40.827,17677,17678,17677,1,-1
2022-03-23 15:46:02.955,17675,17676,17676,1,1
2022-03-23 15:46:03.199,17675,17677,17675,2,-2
2022-03-23 15:46:11.750,17674,17675,17675,1,1
2022-03-23 15:46:14.168,17675,17676,17676,1,1
2022-03-23 15:46:15.236,17676,17678,17676,1,-1
2022-03-23 15:46:16.013,17677,17678,17678,3,3
2022-03-23 15:46:19.232,17677,17679,17677,1,-1
2022-03-23 15:46:19.340,17677,17679,17677,1,-1
2022-03-23 15:46:36.811,17677,17679,17677,2,-2
2022-03-23 15:46:43.175,17677,17679,17678,2,2
2022-03-23 15:46:49.146,17677,17678,17677,1,-1
2022-03-23 15:46:49.146,17677,17678,17676,5,-5
2022-03-23 15:46:49.146,17677,17678,17675,19,-19
2022-03-23 15:46:51.567,17675,17676,17676,1,1
2022-03-23 15:46:56.844,17674,17675,17675,1,1
2022-03-23 15:46:57.562,17674,17676,17675,2,2
2022-03-23 15:47:03.923,17675,17676,17675,2,-2
2022-03-23 15:47:07.415,17675,17676,17675,3,-3
2022-03-23 15:47:12.275,17675,17676,17676,5,5
2022-03-23 15:47:12.275,17675,17676,17677,5,5
2022-03-23 15:47:18.425,17676,17677,17677,1,1
2022-03-23 15:47:21.864,17675,17677,17675,3,-3
2022-03-23 15:47:29.564,17676,17677,17676,1,-1
2022-03-23 15:47:37.869,17676,17677,17677,1,1
2022-03-23 15:47:38.054,17677,17679,17679,1,1
2022-03-23 15:47:42.162,17677,17678,17678,1,1
2022-03-23 15:47:48.991,17677,17678,17677,1,-1
2022-03-23 15:47:49.210,17676,17677,17677,1,1
2022-03-23 15:47:57.168,17676,17677,17676,1,-1
2022-03-23 15:47:58.998,17676,17677,17676,1,-1
2022-03-23 15:48:05.080,17675,17676,17676,1,1
2022-03-23 15:48:06.242,17675,17676,17676,1,1
2022-03-23 15:48:21.464,17675,17676,17676,1,1
2022-03-23 15:48:30.250,17675,17676,17676,1,1
2022-03-23 15:48:36.205,17675,17676,17675,2,-2
2022-03-23 15:48:50.492,17675,17676,17675,1,-1
2022-03-23 15:48:51.414,17675,17676,17675,2,-2
2022-03-23 15:48:51.414,17675,17676,17675,1,-1
2022-03-23 15:48:51.414,17675,17676,17675,1,-1
2022-03-23 15:48:51.414,17675,17676,17675,3,-3
2022-03-23 15:48:53.658,17675,17676,17676,2,2
2022-03-23 15:49:00.280,17675,17676,17676,4,4
2022-03-23 15:49:00.280,17675,17676,17676,1,1
2022-03-23 15:49:07.518,17675,17676,17676,1,1
2022-03-23 15:49:18.349,17676,17678,17676,1,-1
2022-03-23 15:49:21.805,17676,17678,17678,3,3
2022-03-23 15:49:27.929,17676,17677,17677,1,1
2022-03-23 15:49:47.499,17677,17678,17677,2,-2
2022-03-23 15:49:50.778,17677,17678,17678,1,1
2022-03-23 15:49:56.349,17677,17678,17678,1,1
2022-03-23 15:49:56.350,17677,17678,17678,1,1
2022-03-23 15:49:56.350,17677,17678,17678,1,1
2022-03-23 15:50:03.449,17678,17679,17678,1,-1
2022-03-23 15:50:09.930,17678,17679,17679,2,2
2022-03-23 15:50:12.897,17678,17679,17679,3,3
2022-03-23 15:50:14.255,17679,17680,17680,2,2
2022-03-23 15:50:15.669,17679,17680,17680,4,4
2022-03-23 15:50:16.422,17679,17681,17681,2,2
2022-03-23 15:50:16.595,17680,17681,17681,1,1
2022-03-23 15:50:20.292,17680,17681,17681,1,1
2022-03-23 15:50:23.633,17680,17682,17680,2,-2
2022-03-23 15:50:32.873,17679,17681,17681,4,4
2022-03-23 15:50:38.968,17680,17681,17681,5,5
2022-03-23 15:50:40.525,17680,17682,17682,1,1
2022-03-23 15:50:46.599,17681,17682,17682,2,2
2022-03-23 15:50:47.498,17681,17682,17682,2,2
2022-03-23 15:50:51.804,17681,17682,17682,1,1
2022-03-23 15:51:02.210,17681,17682,17682,3,3
2022-03-23 15:51:04.056,17681,17682,17682,2,2
2022-03-23 15:51:04.091,17681,17682,17681,4,-4
2022-03-23 15:51:09.953,17680,17681,17681,2,2
2022-03-23 15:51:10.203,17680,17681,17681,2,2
2022-03-23 15:51:10.203,17680,17681,17682,1,1
2022-03-23 15:51:10.250,17680,17682,17682,3,3
2022-03-23 15:51:13.082,17681,17682,17681,1,-1
2022-03-23 15:51:16.237,17680,17681,17681,2,2
2022-03-23 15:51:17.267,17680,17681,17681,1,1
2022-03-23 15:51:23.871,17680,17681,17681,1,1
2022-03-23 15:51:42.456,17680,17681,17681,1,1
2022-03-23 15:51:42.758,17680,17681,17681,1,1
2022-03-23 15:51:47.767,17680,17681,17681,3,3
2022-03-23 15:51:48.074,17680,17681,17681,3,3
2022-03-23 15:51:52.440,17681,17682,17681,1,-1
2022-03-23 15:51:55.340,17681,17682,17681,2,-2
2022-03-23 15:51:55.393,17680,17682,17682,1,1
2022-03-23 15:51:56.234,17681,17682,17682,1,1
2022-03-23 15:51:56.247,17681,17682,17681,1,-1
2022-03-23 15:51:56.438,17680,17682,17682,1,1
2022-03-23 15:51:58.860,17681,17682,17681,1,-1
2022-03-23 15:52:02.293,17681,17682,17682,3,3
2022-03-23 15:52:05.164,17681,17682,17681,1,-1
2022-03-23 15:52:07.447,17680,17681,17680,1,-1
2022-03-23 15:52:07.448,17680,17681,17680,1,-1
2022-03-23 15:52:07.448,17680,17681,17680,4,-4
2022-03-23 15:52:07.448,17680,17681,17680,1,-1
2022-03-23 15:52:16.675,17679,17680,17680,1,1
2022-03-23 15:52:18.976,17680,17681,17680,1,-1
2022-03-23 15:52:21.478,17680,17681,17681,1,1
2022-03-23 15:52:21.483,17680,17681,17681,1,1
2022-03-23 15:52:21.532,17680,17682,17682,1,1
2022-03-23 15:52:21.565,17680,17682,17682,1,1
2022-03-23 15:52:22.002,17680,17682,17681,3,3
2022-03-23 15:52:23.302,17680,17682,17680,1,-1
2022-03-23 15:52:36.333,17680,17681,17680,1,-1
2022-03-23 15:52:38.298,17680,17681,17681,1,1
2022-03-23 15:52:42.298,17680,17681,17681,2,2
2022-03-23 15:52:48.567,17680,17681,17681,1,1
2022-03-23 15:52:48.567,17680,17681,17682,9,9
2022-03-23 15:53:03.355,17680,17682,17681,2,2
2022-03-23 15:53:04.319,17680,17682,17680,1,-1
2022-03-23 15:53:25.502,17681,17682,17681,1,-1
2022-03-23 15:53:25.502,17681,17682,17680,2,-2
2022-03-23 15:53:31.036,17681,17682,17682,2,2
2022-03-23 15:53:32.130,17682,17683,17682,1,-1
2022-03-23 15:53:32.229,17682,17683,17682,1,-1
2022-03-23 15:53:40.055,17682,17683,17683,5,5
2022-03-23 15:53:41.493,17683,17684,17683,1,-1
2022-03-23 15:53:48.085,17683,17684,17684,2,2
2022-03-23 15:53:53.356,17683,17684,17684,1,1
2022-03-23 15:53:54.342,17683,17684,17684,3,3
2022-03-23 15:53:58.043,17683,17684,17683,1,-1
2022-03-23 15:54:06.191,17682,17683,17683,1,1
2022-03-23 15:54:06.337,17683,17684,17684,2,2
2022-03-23 15:54:06.458,17683,17684,17684,1,1
2022-03-23 15:54:11.923,17683,17684,17684,2,2
2022-03-23 15:54:23.178,17683,17684,17683,1,-1
2022-03-23 15:54:25.685,17683,17684,17684,1,1
2022-03-23 15:54:26.664,17683,17684,17684,1,1
2022-03-23 15:54:27.709,17683,17684,17684,1,1
2022-03-23 15:54:27.981,17683,17684,17684,2,2
2022-03-23 15:54:32.415,17684,17685,17684,1,-1
2022-03-23 15:54:36.217,17683,17685,17685,1,1
2022-03-23 15:54:45.919,17684,17685,17684,2,-2
2022-03-23 15:54:48.496,17683,17684,17684,1,1
2022-03-23 15:54:49.426,17683,17684,17684,1,1
2022-03-23 15:54:49.926,17683,17684,17683,1,-1
2022-03-23 15:54:57.551,17682,17684,17684,1,1
2022-03-23 15:54:58.563,17682,17684,17684,1,1
2022-03-23 15:55:00.214,17682,17684,17684,1,1
2022-03-23 15:55:03.649,17683,17684,17684,1,1
2022-03-23 15:55:14.097,17683,17684,17684,1,1
2022-03-23 15:55:16.743,17683,17684,17684,1,1
2022-03-23 15:55:17.216,17683,17684,17684,1,1
2022-03-23 15:55:18.138,17683,17684,17683,3,-3
2022-03-23 15:55:32.098,17682,17683,17682,3,-3
2022-03-23 15:55:33.581,17682,17683,17682,1,-1
2022-03-23 15:55:34.050,17682,17683,17682,1,-1
2022-03-23 15:55:34.314,17682,17683,17682,1,-1
2022-03-23 15:55:43.503,17682,17683,17683,2,2
2022-03-23 15:55:43.504,17682,17683,17683,1,1
2022-03-23 15:55:43.504,17682,17683,17683,1,1
2022-03-23 15:55:43.504,17682,17683,17683,7,7
2022-03-23 15:55:46.786,17683,17684,17684,2,2
2022-03-23 15:55:48.324,17684,17685,17684,2,-2
2022-03-23 15:56:04.344,17684,17685,17685,2,2
2022-03-23 15:56:05.307,17684,17685,17685,1,1
2022-03-23 15:56:19.640,17684,17685,17684,1,-1
2022-03-23 15:56:24.280,17684,17685,17685,2,2
2022-03-23 15:56:25.832,17684,17686,17684,1,-1
2022-03-23 15:56:31.485,17684,17685,17684,1,-1
2022-03-23 15:56:31.487,17684,17685,17684,1,-1
2022-03-23 15:56:31.487,17684,17685,17684,1,-1
2022-03-23 15:56:31.487,17684,17685,17684,1,-1
2022-03-23 15:56:45.105,17684,17685,17685,1,1
2022-03-23 15:56:50.539,17684,17685,17685,2,2
2022-03-23 15:57:00.275,17684,17685,17684,1,-1
2022-03-23 15:57:03.970,17684,17685,17684,1,-1
2022-03-23 15:57:10.524,17684,17685,17684,1,-1
2022-03-23 15:57:19.454,17684,17685,17684,2,-2
2022-03-23 15:57:19.917,17684,17685,17684,1,-1
2022-03-23 15:57:36.480,17684,17685,17684,7,-7
2022-03-23 15:57:36.480,17684,17685,17683,3,-3
2022-03-23 15:57:41.671,17684,17685,17684,3,-3
2022-03-23 15:57:41.671,17684,17685,17683,2,-2
2022-03-23 15:57:47.543,17683,17684,17683,1,-1
2022-03-23 15:58:00.959,17681,17682,17681,1,-1
2022-03-23 15:58:26.441,17680,17681,17680,1,-1
2022-03-23 15:58:29.290,17680,17681,17681,1,1
2022-03-23 15:58:29.290,17680,17681,17681,2,2
2022-03-23 15:58:29.291,17680,17681,17681,1,1
2022-03-23 15:58:38.605,17681,17683,17681,2,-2
2022-03-23 15:58:41.331,17681,17682,17681,3,-3
2022-03-23 15:58:50.779,17681,17682,17682,5,5
2022-03-23 15:58:53.114,17681,17682,17681,1,-1
2022-03-23 15:58:56.540,17681,17682,17681,1,-1
2022-03-23 15:58:57.493,17681,17682,17681,2,-2
2022-03-23 15:59:10.968,17681,17682,17681,1,-1
2022-03-23 15:59:14.267,17681,17682,17681,1,-1
2022-03-23 15:59:15.851,17681,17682,17681,1,-1
2022-03-23 15:59:15.852,17681,17682,17681,1,-1
2022-03-23 15:59:21.616,17680,17681,17681,1,1
2022-03-23 15:59:30.884,17680,17681,17680,10,-10
2022-03-23 15:59:31.110,17680,17681,17680,2,-2
2022-03-23 15:59:35.664,17679,17680,17679,2,-2
2022-03-23 15:59:35.728,17679,17680,17679,3,-3
2022-03-23 15:59:35.729,17679,17680,17679,3,-3
2022-03-23 15:59:37.712,17678,17679,17678,1,-1
2022-03-23 15:59:37.946,17678,17679,17679,2,2
2022-03-23 15:59:37.946,17678,17679,17680,1,1
2022-03-23 15:59:37.986,17678,17680,17680,3,3
2022-03-23 15:59:38.618,17678,17680,17678,1,-1
2022-03-23 15:59:39.608,17678,17680,17678,2,-2
2022-03-23 15:59:42.255,17678,17680,17678,1,-1
2022-03-23 15:59:49.307,17678,17679,17678,2,-2
2022-03-23 15:59:49.308,17678,17679,17678,2,-2
2022-03-23 15:59:49.308,17678,17679,17678,1,-1
2022-03-23 15:59:59.460,17678,17679,17678,2,-2
2022-03-23 16:00:04.210,17678,17679,17679,1,1
2022-03-23 16:00:04.210,17678,17679,17679,1,1
2022-03-23 16:00:04.252,17679,17680,17680,1,1
2022-03-23 16:00:04.253,17679,17680,17680,3,3
2022-03-23 16:00:04.253,17679,17680,17680,1,1
2022-03-23 16:00:04.253,17679,17680,17680,1,1
2022-03-23 16:00:04.255,17679,17680,17680,1,1
2022-03-23 16:00:04.256,17679,17680,17680,1,1
2022-03-23 16:00:04.963,17680,17681,17680,3,-3
2022-03-23 16:00:10.244,17679,17680,17680,1,1
2022-03-23 16:00:10.361,17679,17680,17680,1,1
2022-03-23 16:00:10.362,17679,17680,17681,1,1
2022-03-23 16:00:10.362,17679,17680,17681,9,9
2022-03-23 16:00:12.801,17682,17683,17682,3,-3
2022-03-23 16:00:15.551,17681,17682,17682,1,1
2022-03-23 16:00:17.923,17680,17682,17682,5,5
2022-03-23 16:00:18.932,17681,17683,17683,1,1
2022-03-23 16:00:18.987,17681,17683,17683,1,1
2022-03-23 16:00:18.988,17681,17683,17683,1,1
2022-03-23 16:00:30.832,17683,17684,17683,1,-1
2022-03-23 16:00:30.832,17683,17684,17684,1,1
2022-03-23 16:00:30.832,17683,17684,17684,2,2
2022-03-23 16:00:30.832,17683,17684,17684,1,1
2022-03-23 16:00:32.724,17684,17685,17685,1,1
2022-03-23 16:00:32.724,17684,17685,17685,1,1
2022-03-23 16:00:32.724,17684,17685,17685,3,3
2022-03-23 16:00:33.286,17685,17686,17685,1,-1
2022-03-23 16:00:33.607,17683,17685,17685,2,2
2022-03-23 16:00:35.277,17684,17685,17685,1,1
2022-03-23 16:00:35.410,17685,17686,17686,1,1
2022-03-23 16:00:35.545,17685,17686,17686,1,1
2022-03-23 16:00:36.621,17685,17686,17685,1,-1
2022-03-23 16:00:36.621,17685,17686,17685,1,-1
2022-03-23 16:00:38.987,17684,17685,17685,1,1
2022-03-23 16:00:39.112,17684,17685,17685,1,1
2022-03-23 16:00:39.112,17684,17685,17686,1,1
2022-03-23 16:00:40.609,17685,17686,17685,1,-1
2022-03-23 16:00:41.836,17684,17686,17684,1,-1
2022-03-23 16:00:42.101,17684,17686,17686,1,1
2022-03-23 16:00:42.870,17684,17685,17685,1,1
2022-03-23 16:00:43.003,17684,17685,17685,1,1
2022-03-23 16:00:43.306,17684,17686,17686,1,1
2022-03-23 16:00:45.163,17684,17686,17684,1,-1
2022-03-23 16:00:51.417,17684,17685,17685,1,1
2022-03-23 16:00:55.862,17684,17685,17685,1,1
2022-03-23 16:00:55.986,17684,17685,17685,1,1
2022-03-23 16:01:00.272,17684,17685,17685,1,1
2022-03-23 16:01:00.613,17684,17685,17684,5,-5
2022-03-23 16:01:00.613,17684,17685,17684,1,-1
2022-03-23 16:01:09.657,17682,17683,17682,1,-1
2022-03-23 16:01:11.217,17681,17683,17683,2,2
2022-03-23 16:01:23.454,17682,17683,17682,1,-1
2022-03-23 16:01:23.674,17682,17683,17682,1,-1
2022-03-23 16:01:29.005,17681,17682,17682,2,2
2022-03-23 16:01:38.769,17681,17682,17681,1,-1
2022-03-23 16:01:38.769,17681,17682,17681,1,-1
2022-03-23 16:01:39.711,17680,17681,17680,1,-1
2022-03-23 16:01:42.493,17679,17680,17679,1,-1
2022-03-23 16:01:42.909,17679,17680,17679,1,-1
2022-03-23 16:01:43.142,17678,17679,17679,3,3
2022-03-23 16:01:43.163,17678,17679,17679,3,3
2022-03-23 16:01:43.366,17678,17679,17678,1,-1
2022-03-23 16:01:43.655,17678,17679,17678,1,-1
2022-03-23 16:01:44.778,17678,17679,17678,1,-1
2022-03-23 16:01:45.339,17678,17679,17678,1,-1
2022-03-23 16:01:45.926,17677,17678,17677,2,-2
2022-03-23 16:01:47.988,17677,17678,17678,1,1
2022-03-23 16:01:48.201,17677,17678,17677,4,-4
2022-03-23 16:01:48.302,17676,17677,17676,1,-1
2022-03-23 16:01:48.470,17676,17677,17676,3,-3
2022-03-23 16:01:48.470,17676,17677,17675,1,-1
2022-03-23 16:01:48.536,17675,17677,17675,2,-2
2022-03-23 16:01:49.632,17675,17677,17677,2,2
2022-03-23 16:01:53.326,17675,17676,17675,4,-4
2022-03-23 16:01:53.606,17675,17676,17675,10,-10
2022-03-23 16:01:53.845,17674,17676,17674,8,-8
2022-03-23 16:01:53.882,17673,17674,17673,1,-1
2022-03-23 16:01:53.930,17673,17674,17673,6,-6
2022-03-23 16:01:53.948,17673,17674,17673,1,-1
2022-03-23 16:01:55.609,17672,17673,17673,2,2
2022-03-23 16:01:55.745,17672,17673,17673,3,3
2022-03-23 16:01:55.933,17672,17674,17672,1,-1
2022-03-23 16:01:56.068,17672,17674,17672,6,-6
2022-03-23 16:01:56.091,17672,17674,17672,2,-2
2022-03-23 16:01:56.125,17672,17673,17672,1,-1
2022-03-23 16:01:56.167,17672,17673,17672,1,-1
2022-03-23 16:01:56.249,17672,17673,17673,1,1
2022-03-23 16:01:56.305,17672,17673,17672,2,-2
2022-03-23 16:01:56.578,17672,17673,17672,2,-2
2022-03-23 16:01:57.809,17671,17673,17671,1,-1
2022-03-23 16:01:59.174,17671,17672,17671,5,-5
2022-03-23 16:01:59.368,17671,17672,17671,1,-1
2022-03-23 16:01:59.749,17671,17672,17671,1,-1
2022-03-23 16:01:59.801,17671,17672,17671,1,-1
2022-03-23 16:02:00.094,17671,17672,17671,1,-1
2022-03-23 16:02:00.296,17671,17672,17671,1,-1
2022-03-23 16:02:00.687,17671,17672,17671,1,-1
2022-03-23 16:02:01.132,17671,17672,17671,1,-1
2022-03-23 16:02:01.506,17671,17672,17671,1,-1
2022-03-23 16:02:01.868,17671,17672,17672,2,2
2022-03-23 16:02:01.868,17671,17672,17673,2,2
2022-03-23 16:02:01.885,17671,17672,17672,1,1
2022-03-23 16:02:01.955,17671,17672,17672,1,1
2022-03-23 16:02:02.350,17672,17673,17672,1,-1
2022-03-23 16:02:02.596,17672,17673,17673,4,4
2022-03-23 16:02:02.596,17672,17673,17673,1,1
2022-03-23 16:02:02.679,17673,17675,17673,1,-1
2022-03-23 16:02:03.157,17673,17674,17674,1,1
2022-03-23 16:02:03.270,17673,17674,17673,1,-1
2022-03-23 16:02:03.414,17672,17674,17673,1,1
2022-03-23 16:02:04.580,17672,17674,17671,1,-1
2022-03-23 16:02:05.548,17671,17672,17671,6,-6
2022-03-23 16:02:07.726,17670,17671,17670,2,-2
2022-03-23 16:02:07.785,17670,17671,17670,1,-1
2022-03-23 16:02:07.799,17670,17671,17670,1,-1
2022-03-23 16:02:07.806,17670,17671,17670,1,-1
2022-03-23 16:02:07.843,17670,17671,17670,5,-5
2022-03-23 16:02:07.843,17670,17671,17670,31,-31
2022-03-23 16:02:07.844,17670,17671,17669,3,-3
2022-03-23 16:02:07.845,17670,17671,17669,1,-1
2022-03-23 16:02:07.898,17669,17670,17669,1,-1
2022-03-23 16:02:07.899,17669,17670,17669,3,-3
2022-03-23 16:02:07.964,17669,17670,17669,1,-1
2022-03-23 16:02:07.965,17669,17670,17669,2,-2
2022-03-23 16:02:08.019,17668,17670,17668,1,-1
2022-03-23 16:02:08.051,17668,17670,17668,2,-2
2022-03-23 16:02:08.103,17668,17670,17668,1,-1
2022-03-23 16:02:08.139,17668,17670,17668,28,-28
2022-03-23 16:02:08.140,17668,17670,17668,2,-2
2022-03-23 16:02:08.141,17668,17670,17667,1,-1
2022-03-23 16:02:08.141,17668,17670,17667,2,-2
2022-03-23 16:02:08.141,17668,17670,17668,3,-3
2022-03-23 16:02:08.142,17668,17670,17667,1,-1
2022-03-23 16:02:08.142,17668,17670,17667,7,-7
2022-03-23 16:02:08.189,17668,17670,17666,4,-4
2022-03-23 16:02:08.190,17668,17670,17666,1,-1
2022-03-23 16:02:08.190,17668,17670,17666,1,-1
2022-03-23 16:02:08.200,17668,17670,17666,9,-9
2022-03-23 16:02:08.200,17668,17670,17666,1,-1
2022-03-23 16:02:08.200,17668,17670,17666,1,-1
2022-03-23 16:02:08.201,17668,17670,17666,1,-1
2022-03-23 16:02:08.202,17668,17670,17666,1,-1
2022-03-23 16:02:08.222,17668,17670,17666,1,-1
2022-03-23 16:02:08.295,17666,17667,17668,3,3
2022-03-23 16:02:08.319,17666,17667,17667,1,1
2022-03-23 16:02:08.638,17668,17670,17668,1,-1
2022-03-23 16:02:08.665,17668,17670,17668,1,-1
2022-03-23 16:02:08.787,17667,17669,17667,6,-6
2022-03-23 16:02:08.869,17667,17669,17667,1,-1
2022-03-23 16:02:09.099,17667,17669,17667,1,-1
2022-03-23 16:02:09.230,17667,17669,17667,2,-2
2022-03-23 16:02:09.824,17667,17668,17668,1,1
2022-03-23 16:02:10.680,17668,17670,17668,13,-13
2022-03-23 16:02:10.680,17668,17670,17667,2,-2
2022-03-23 16:02:13.305,17667,17669,17667,1,-1
2022-03-23 16:02:13.909,17667,17669,17667,1,-1
2022-03-23 16:02:14.607,17667,17668,17668,1,1
2022-03-23 16:02:15.752,17667,17668,17667,2,-2
2022-03-23 16:02:15.867,17667,17668,17667,1,-1
2022-03-23 16:02:16.030,17667,17668,17667,2,-2
2022-03-23 16:02:16.207,17667,17668,17667,1,-1
2022-03-23 16:02:20.010,17666,17667,17666,2,-2
2022-03-23 16:02:20.156,17666,17667,17667,1,1
2022-03-23 16:02:20.737,17667,17668,17667,1,-1
2022-03-23 16:02:20.782,17667,17668,17667,1,-1
2022-03-23 16:02:20.978,17667,17668,17668,1,1
2022-03-23 16:02:21.204,17668,17669,17669,1,1
2022-03-23 16:02:22.002,17668,17670,17670,2,2
2022-03-23 16:02:22.495,17669,17671,17671,4,4
2022-03-23 16:02:24.357,17670,17672,17670,1,-1
2022-03-23 16:02:25.344,17670,17671,17671,1,1
2022-03-23 16:02:26.713,17671,17673,17671,2,-2
2022-03-23 16:02:30.920,17671,17672,17671,4,-4
2022-03-23 16:02:31.193,17670,17671,17670,1,-1
2022-03-23 16:02:31.323,17668,17670,17670,1,1
2022-03-23 16:02:33.212,17668,17669,17668,1,-1
2022-03-23 16:02:33.212,17668,17669,17668,1,-1
2022-03-23 16:02:33.212,17668,17669,17668,1,-1
2022-03-23 16:02:33.212,17668,17669,17668,1,-1
2022-03-23 16:02:33.213,17668,17669,17668,1,-1
2022-03-23 16:02:33.213,17668,17669,17668,1,-1
2022-03-23 16:02:33.252,17667,17668,17668,1,1
2022-03-23 16:02:33.670,17668,17669,17668,1,-1
2022-03-23 16:02:33.794,17667,17669,17669,1,1
2022-03-23 16:02:33.794,17667,17669,17670,1,1
2022-03-23 16:02:33.891,17668,17669,17668,2,-2
2022-03-23 16:02:35.079,17667,17669,17667,6,-6
2022-03-23 16:02:37.809,17667,17668,17668,1,1
2022-03-23 16:02:40.602,17668,17670,17668,1,-1
2022-03-23 16:02:45.363,17668,17669,17669,1,1
2022-03-23 16:02:45.364,17668,17669,17669,1,1
2022-03-23 16:02:45.492,17669,17671,17669,1,-1
2022-03-23 16:02:45.534,17669,17671,17669,2,-2
2022-03-23 16:02:45.965,17670,17671,17670,1,-1
2022-03-23 16:02:46.851,17669,17670,17670,1,1
2022-03-23 16:02:48.109,17670,17671,17670,1,-1
2022-03-23 16:02:48.109,17670,17671,17669,2,-2
2022-03-23 16:02:52.053,17669,17670,17670,1,1
2022-03-23 16:02:57.088,17669,17670,17669,3,-3
2022-03-23 16:02:59.393,17668,17669,17669,2,2
2022-03-23 16:03:02.318,17668,17669,17669,1,1
2022-03-23 16:03:02.988,17668,17669,17668,1,-1
2022-03-23 16:03:03.551,17668,17669,17668,1,-1
2022-03-23 16:03:03.551,17668,17669,17668,3,-3
2022-03-23 16:03:03.551,17668,17669,17668,1,-1
2022-03-23 16:03:03.655,17667,17668,17667,2,-2
2022-03-23 16:03:04.808,17667,17668,17668,1,1
2022-03-23 16:03:10.970,17667,17668,17667,1,-1
2022-03-23 16:03:12.430,17667,17668,17668,1,1
2022-03-23 16:03:14.345,17667,17668,17668,1,1
2022-03-23 16:03:15.197,17667,17668,17668,1,1
2022-03-23 16:03:15.400,17668,17669,17668,1,-1
2022-03-23 16:03:15.756,17668,17669,17669,2,2
2022-03-23 16:03:15.922,17668,17669,17668,1,-1
2022-03-23 16:03:17.574,17667,17669,17669,1,1
2022-03-23 16:03:19.059,17668,17669,17668,1,-1
2022-03-23 16:03:22.248,17668,17669,17668,1,-1
2022-03-23 16:03:22.435,17667,17669,17669,1,1
2022-03-23 16:03:24.829,17668,17669,17668,4,-4
2022-03-23 16:03:25.626,17667,17669,17667,10,-10
2022-03-23 16:03:26.225,17667,17668,17667,1,-1
2022-03-23 16:03:30.856,17667,17668,17667,1,-1
2022-03-23 16:03:33.805,17667,17668,17667,5,-5
2022-03-23 16:03:33.805,17667,17668,17666,2,-2
2022-03-23 16:03:36.062,17666,17667,17667,1,1
2022-03-23 16:03:36.559,17667,17668,17668,3,3
2022-03-23 16:03:36.880,17668,17669,17669,1,1
2022-03-23 16:03:37.098,17668,17669,17669,1,1
2022-03-23 16:03:37.143,17668,17669,17669,1,1
2022-03-23 16:03:37.146,17668,17669,17669,6,6
2022-03-23 16:03:38.142,17668,17670,17668,1,-1
2022-03-23 16:03:38.402,17669,17670,17669,1,-1
2022-03-23 16:03:39.264,17669,17670,17669,1,-1
2022-03-23 16:03:41.805,17669,17670,17669,1,-1
2022-03-23 16:03:42.984,17669,17670,17669,1,-1
2022-03-23 16:03:44.679,17668,17669,17669,2,2
2022-03-23 16:03:46.412,17668,17669,17668,1,-1
2022-03-23 16:03:49.293,17667,17669,17668,1,1
2022-03-23 16:03:50.407,17667,17668,17667,1,-1
2022-03-23 16:03:51.763,17667,17668,17667,1,-1
2022-03-23 16:03:52.696,17667,17668,17667,1,-1
2022-03-23 16:03:55.270,17667,17668,17667,1,-1
2022-03-23 16:03:55.866,17666,17667,17667,1,1
2022-03-23 16:03:56.310,17666,17667,17667,2,2
2022-03-23 16:03:57.464,17667,17668,17668,1,1
