2020-02-04 15:00:00,11541,11541,11541,134,134
2020-02-04 15:00:00,11542,11542,11542,2,2
2020-02-04 15:00:00,11542,11542,11542,2,2
2020-02-04 15:00:00,11542,11542,11542,2,2
2020-02-04 15:00:00,11542,11542,11542,2,2
2020-02-04 15:00:00,11542,11542,11542,2,2
2020-02-04 15:00:00,11542,11542,11542,6,6
2020-02-04 15:00:00,11542,11542,11542,2,2
2020-02-04 15:00:00,11542,11542,11542,2,2
2020-02-04 15:00:00,11542,11542,11542,4,4
2020-02-04 15:00:00,11542,11542,11542,4,4
2020-02-04 15:00:00,11542,11542,11542,4,4
2020-02-04 15:00:00,11543,11543,11543,2,2
2020-02-04 15:00:00,11541,11541,11541,6,-6
2020-02-04 15:00:00,11543,11543,11543,2,2
2020-02-04 15:00:01,11541,11541,11541,2,-2
2020-02-04 15:00:01,11543,11543,11543,4,4
2020-02-04 15:00:01,11543,11543,11543,4,4
2020-02-04 15:00:01,11542,11542,11542,4,-4
2020-02-04 15:00:01,11542,11542,11542,2,2
2020-02-04 15:00:01,11543,11543,11543,6,6
2020-02-04 15:00:01,11543,11543,11543,6,6
2020-02-04 15:00:01,11543,11543,11543,2,2
2020-02-04 15:00:01,11543,11543,11543,2,2
2020-02-04 15:00:01,11544,11544,11544,4,4
2020-02-04 15:00:01,11544,11544,11544,2,2
2020-02-04 15:00:01,11544,11544,11544,10,10
2020-02-04 15:00:01,11544,11544,11544,14,14
2020-02-04 15:00:01,11544,11544,11544,2,2
2020-02-04 15:00:01,11543,11543,11543,2,-2
2020-02-04 15:00:02,11544,11544,11544,2,2
2020-02-04 15:00:02,11544,11544,11544,2,2
2020-02-04 15:00:03,11544,11544,11544,8,8
2020-02-04 15:00:03,11543,11543,11543,2,-2
2020-02-04 15:00:03,11543,11543,11543,2,2
2020-02-04 15:00:03,11542,11542,11542,2,-2
2020-02-04 15:00:03,11542,11542,11542,4,4
2020-02-04 15:00:03,11543,11543,11543,2,2
2020-02-04 15:00:04,11543,11543,11543,2,2
2020-02-04 15:00:04,11544,11544,11544,2,2
2020-02-04 15:00:04,11542,11542,11542,2,-2
2020-02-04 15:00:04,11542,11542,11542,2,2
2020-02-04 15:00:04,11542,11542,11542,2,2
2020-02-04 15:00:04,11542,11542,11542,6,6
2020-02-04 15:00:04,11542,11542,11542,4,4
2020-02-04 15:00:04,11542,11542,11542,2,2
2020-02-04 15:00:05,11542,11542,11542,2,2
2020-02-04 15:00:05,11543,11543,11543,6,6
2020-02-04 15:00:05,11542,11542,11542,2,-2
2020-02-04 15:00:05,11542,11542,11542,2,2
2020-02-04 15:00:06,11542,11542,11542,2,2
2020-02-04 15:00:06,11543,11543,11543,2,2
2020-02-04 15:00:06,11543,11543,11543,2,2
2020-02-04 15:00:06,11543,11543,11543,4,4
2020-02-04 15:00:06,11543,11543,11543,2,2
2020-02-04 15:00:07,11544,11544,11544,2,2
2020-02-04 15:00:07,11543,11543,11543,2,-2
2020-02-04 15:00:07,11544,11544,11544,2,2
2020-02-04 15:00:07,11544,11544,11544,12,12
2020-02-04 15:00:07,11543,11543,11543,2,-2
2020-02-04 15:00:07,11543,11543,11543,2,2
2020-02-04 15:00:08,11544,11544,11544,2,2
2020-02-04 15:00:10,11544,11544,11544,2,2
2020-02-04 15:00:10,11544,11544,11544,2,2
2020-02-04 15:00:10,11544,11544,11544,2,2
2020-02-04 15:00:10,11545,11545,11545,6,6
2020-02-04 15:00:11,11544,11544,11544,2,-2
2020-02-04 15:00:11,11544,11544,11544,2,2
2020-02-04 15:00:11,11544,11544,11544,2,2
2020-02-04 15:00:11,11544,11544,11544,4,4
2020-02-04 15:00:12,11544,11544,11544,2,2
2020-02-04 15:00:12,11545,11545,11545,2,2
2020-02-04 15:00:12,11544,11544,11544,2,-2
2020-02-04 15:00:12,11545,11545,11545,2,2
2020-02-04 15:00:12,11545,11545,11545,8,8
2020-02-04 15:00:13,11546,11546,11546,4,4
2020-02-04 15:00:13,11547,11547,11547,2,2
2020-02-04 15:00:13,11545,11545,11545,2,-2
2020-02-04 15:00:14,11546,11546,11546,2,2
2020-02-04 15:00:14,11546,11546,11546,2,2
2020-02-04 15:00:15,11546,11546,11546,2,2
2020-02-04 15:00:15,11546,11546,11546,2,2
2020-02-04 15:00:17,11546,11546,11546,2,2
2020-02-04 15:00:17,11546,11546,11546,2,2
2020-02-04 15:00:17,11546,11546,11546,2,2
2020-02-04 15:00:17,11546,11546,11546,2,2
2020-02-04 15:00:17,11546,11546,11546,4,4
2020-02-04 15:00:17,11546,11546,11546,2,2
2020-02-04 15:00:17,11546,11546,11546,2,2
2020-02-04 15:00:17,11546,11546,11546,2,2
2020-02-04 15:00:17,11545,11545,11545,2,-2
2020-02-04 15:00:17,11545,11545,11545,2,2
2020-02-04 15:00:17,11545,11545,11545,6,6
2020-02-04 15:00:17,11544,11544,11544,2,-2
2020-02-04 15:00:17,11544,11544,11544,2,2
2020-02-04 15:00:17,11544,11544,11544,2,2
2020-02-04 15:00:17,11545,11545,11545,2,2
2020-02-04 15:00:18,11544,11544,11544,2,-2
2020-02-04 15:00:18,11545,11545,11545,2,2
2020-02-04 15:00:18,11545,11545,11545,4,4
2020-02-04 15:00:19,11545,11545,11545,4,4
2020-02-04 15:00:20,11544,11544,11544,2,-2
2020-02-04 15:00:20,11544,11544,11544,2,2
2020-02-04 15:00:20,11546,11546,11546,10,10
2020-02-04 15:00:20,11545,11545,11545,8,-8
2020-02-04 15:00:21,11545,11545,11545,2,2
2020-02-04 15:00:21,11546,11546,11546,2,2
2020-02-04 15:00:22,11545,11545,11545,10,-10
2020-02-04 15:00:22,11545,11545,11545,2,2
2020-02-04 15:00:22,11546,11546,11546,12,12
2020-02-04 15:00:23,11546,11546,11546,2,2
2020-02-04 15:00:23,11545,11545,11545,2,-2
2020-02-04 15:00:23,11545,11545,11545,2,2
2020-02-04 15:00:24,11545,11545,11545,2,2
2020-02-04 15:00:25,11546,11546,11546,6,6
2020-02-04 15:00:25,11545,11545,11545,2,-2
2020-02-04 15:00:25,11546,11546,11546,4,4
2020-02-04 15:00:26,11547,11547,11547,4,4
2020-02-04 15:00:27,11547,11547,11547,12,12
2020-02-04 15:00:28,11546,11546,11546,2,-2
2020-02-04 15:00:28,11547,11547,11547,2,2
2020-02-04 15:00:29,11546,11546,11546,2,-2
2020-02-04 15:00:29,11547,11547,11547,2,2
2020-02-04 15:00:29,11548,11548,11548,4,4
2020-02-04 15:00:30,11546,11546,11546,2,-2
2020-02-04 15:00:30,11547,11547,11547,8,8
2020-02-04 15:00:30,11547,11547,11547,2,2
2020-02-04 15:00:31,11547,11547,11547,2,2
2020-02-04 15:00:31,11547,11547,11547,2,2
2020-02-04 15:00:31,11547,11547,11547,2,2
2020-02-04 15:00:31,11547,11547,11547,4,4
2020-02-04 15:00:33,11546,11546,11546,2,-2
2020-02-04 15:00:34,11547,11547,11547,2,2
2020-02-04 15:00:35,11546,11546,11546,2,-2
2020-02-04 15:00:35,11546,11546,11546,2,2
2020-02-04 15:00:36,11546,11546,11546,2,2
2020-02-04 15:00:36,11546,11546,11546,12,12
2020-02-04 15:00:36,11547,11547,11547,10,10
2020-02-04 15:00:36,11546,11546,11546,2,-2
2020-02-04 15:00:38,11546,11546,11546,2,2
2020-02-04 15:00:38,11546,11546,11546,4,4
2020-02-04 15:00:38,11546,11546,11546,2,2
2020-02-04 15:00:39,11546,11546,11546,10,10
2020-02-04 15:00:39,11546,11546,11546,2,2
2020-02-04 15:00:39,11546,11546,11546,2,2
2020-02-04 15:00:40,11546,11546,11546,2,2
2020-02-04 15:00:40,11545,11545,11545,2,-2
2020-02-04 15:00:41,11546,11546,11546,2,2
2020-02-04 15:00:42,11546,11546,11546,2,2
2020-02-04 15:00:45,11546,11546,11546,2,2
2020-02-04 15:00:45,11546,11546,11546,2,2
2020-02-04 15:00:46,11547,11547,11547,2,2
2020-02-04 15:00:46,11547,11547,11547,2,2
2020-02-04 15:00:46,11546,11546,11546,2,-2
2020-02-04 15:00:46,11547,11547,11547,2,2
2020-02-04 15:00:47,11547,11547,11547,2,2
2020-02-04 15:00:47,11547,11547,11547,2,2
2020-02-04 15:00:48,11546,11546,11546,8,-8
2020-02-04 15:00:48,11546,11546,11546,2,2
2020-02-04 15:00:48,11547,11547,11547,2,2
2020-02-04 15:00:49,11547,11547,11547,4,4
2020-02-04 15:00:49,11546,11546,11546,2,-2
2020-02-04 15:00:49,11546,11546,11546,2,2
2020-02-04 15:00:50,11547,11547,11547,2,2
2020-02-04 15:00:50,11545,11545,11545,8,-8
2020-02-04 15:00:51,11545,11545,11545,2,2
2020-02-04 15:00:52,11546,11546,11546,2,2
2020-02-04 15:00:52,11546,11546,11546,2,2
2020-02-04 15:00:53,11546,11546,11546,2,2
2020-02-04 15:00:55,11546,11546,11546,2,2
2020-02-04 15:00:55,11546,11546,11546,2,2
2020-02-04 15:00:56,11546,11546,11546,2,2
2020-02-04 15:00:56,11546,11546,11546,2,2
2020-02-04 15:00:59,11545,11545,11545,2,-2
2020-02-04 15:01:00,11545,11545,11545,2,2
2020-02-04 15:01:00,11546,11546,11546,10,10
2020-02-04 15:01:00,11546,11546,11546,10,10
2020-02-04 15:01:00,11545,11545,11545,2,-2
2020-02-04 15:01:00,11545,11545,11545,2,2
2020-02-04 15:01:00,11545,11545,11545,2,2
2020-02-04 15:01:01,11546,11546,11546,2,2
2020-02-04 15:01:02,11546,11546,11546,2,2
2020-02-04 15:01:02,11546,11546,11546,16,16
2020-02-04 15:01:02,11546,11546,11546,4,4
2020-02-04 15:01:02,11546,11546,11546,6,6
2020-02-04 15:01:02,11546,11546,11546,2,2
2020-02-04 15:01:04,11547,11547,11547,2,2
2020-02-04 15:01:06,11546,11546,11546,2,-2
2020-02-04 15:01:09,11547,11547,11547,2,2
2020-02-04 15:01:10,11547,11547,11547,2,2
2020-02-04 15:01:10,11547,11547,11547,2,2
2020-02-04 15:01:11,11546,11546,11546,4,-4
2020-02-04 15:01:11,11547,11547,11547,2,2
2020-02-04 15:01:12,11546,11546,11546,2,-2
2020-02-04 15:01:12,11546,11546,11546,6,6
2020-02-04 15:01:13,11546,11546,11546,2,2
2020-02-04 15:01:13,11546,11546,11546,2,2
2020-02-04 15:01:17,11546,11546,11546,2,2
2020-02-04 15:01:17,11547,11547,11547,2,2
2020-02-04 15:01:17,11546,11546,11546,2,-2
2020-02-04 15:01:17,11547,11547,11547,2,2
2020-02-04 15:01:19,11546,11546,11546,2,-2
2020-02-04 15:01:19,11546,11546,11546,2,2
2020-02-04 15:01:19,11546,11546,11546,2,2
2020-02-04 15:01:23,11545,11545,11545,2,-2
2020-02-04 15:01:23,11545,11545,11545,2,2
2020-02-04 15:01:23,11545,11545,11545,2,2
2020-02-04 15:01:23,11545,11545,11545,2,2
2020-02-04 15:01:23,11545,11545,11545,2,2
2020-02-04 15:01:23,11545,11545,11545,2,2
2020-02-04 15:01:23,11545,11545,11545,8,8
2020-02-04 15:01:23,11545,11545,11545,2,2
2020-02-04 15:01:23,11545,11545,11545,2,2
2020-02-04 15:01:23,11545,11545,11545,2,2
2020-02-04 15:01:23,11545,11545,11545,2,2
2020-02-04 15:01:23,11545,11545,11545,2,2
2020-02-04 15:01:23,11545,11545,11545,2,2
2020-02-04 15:01:23,11545,11545,11545,4,4
2020-02-04 15:01:24,11545,11545,11545,2,2
2020-02-04 15:01:31,11545,11545,11545,12,12
2020-02-04 15:01:34,11544,11544,11544,2,-2
2020-02-04 15:01:36,11544,11544,11544,2,2
2020-02-04 15:01:36,11544,11544,11544,2,2
2020-02-04 15:01:40,11546,11546,11546,2,2
2020-02-04 15:01:42,11545,11545,11545,4,-4
2020-02-04 15:01:49,11545,11545,11545,2,2
2020-02-04 15:01:49,11545,11545,11545,2,2
2020-02-04 15:01:52,11546,11546,11546,2,2
2020-02-04 15:01:52,11545,11545,11545,8,-8
2020-02-04 15:01:53,11546,11546,11546,10,10
2020-02-04 15:01:59,11546,11546,11546,2,2
2020-02-04 15:01:59,11546,11546,11546,6,6
2020-02-04 15:02:02,11546,11546,11546,2,2
2020-02-04 15:02:02,11546,11546,11546,20,20
2020-02-04 15:02:02,11546,11546,11546,32,32
2020-02-04 15:02:02,11546,11546,11546,2,2
2020-02-04 15:02:02,11546,11546,11546,2,2
2020-02-04 15:02:02,11546,11546,11546,18,18
2020-02-04 15:02:02,11547,11547,11547,2,2
2020-02-04 15:02:02,11547,11547,11547,4,4
2020-02-04 15:02:02,11547,11547,11547,8,8
2020-02-04 15:02:02,11546,11546,11546,2,-2
2020-02-04 15:02:04,11547,11547,11547,2,2
2020-02-04 15:02:07,11547,11547,11547,4,4
2020-02-04 15:02:09,11547,11547,11547,4,4
2020-02-04 15:02:09,11547,11547,11547,28,28
2020-02-04 15:02:09,11547,11547,11547,6,6
2020-02-04 15:02:09,11547,11547,11547,22,22
2020-02-04 15:02:10,11548,11548,11548,4,4
2020-02-04 15:02:13,11547,11547,11547,2,-2
2020-02-04 15:02:14,11547,11547,11547,2,2
2020-02-04 15:02:15,11548,11548,11548,2,2
2020-02-04 15:02:18,11548,11548,11548,2,2
2020-02-04 15:02:20,11547,11547,11547,2,-2
2020-02-04 15:02:21,11548,11548,11548,2,2
2020-02-04 15:02:23,11548,11548,11548,2,2
2020-02-04 15:02:28,11547,11547,11547,2,-2
2020-02-04 15:02:29,11547,11547,11547,2,2
2020-02-04 15:02:29,11548,11548,11548,2,2
2020-02-04 15:02:32,11548,11548,11548,2,2
2020-02-04 15:02:32,11548,11548,11548,40,40
2020-02-04 15:02:32,11547,11547,11547,2,-2
2020-02-04 15:02:39,11547,11547,11547,8,8
2020-02-04 15:02:39,11547,11547,11547,2,2
2020-02-04 15:02:39,11547,11547,11547,4,4
2020-02-04 15:02:44,11547,11547,11547,2,2
2020-02-04 15:02:44,11547,11547,11547,4,4
2020-02-04 15:02:45,11547,11547,11547,2,2
2020-02-04 15:02:46,11547,11547,11547,4,4
2020-02-04 15:02:46,11547,11547,11547,2,2
2020-02-04 15:02:46,11547,11547,11547,2,2
2020-02-04 15:02:46,11547,11547,11547,4,4
2020-02-04 15:02:46,11547,11547,11547,2,2
2020-02-04 15:02:46,11547,11547,11547,2,2
2020-02-04 15:02:46,11547,11547,11547,2,2
2020-02-04 15:02:46,11547,11547,11547,2,2
2020-02-04 15:02:46,11547,11547,11547,2,2
2020-02-04 15:02:48,11547,11547,11547,2,2
2020-02-04 15:02:55,11547,11547,11547,14,14
2020-02-04 15:02:56,11547,11547,11547,2,2
2020-02-04 15:02:59,11546,11546,11546,2,-2
2020-02-04 15:02:59,11546,11546,11546,2,2
2020-02-04 15:02:59,11546,11546,11546,2,2
2020-02-04 15:02:59,11546,11546,11546,2,2
2020-02-04 15:02:59,11546,11546,11546,2,2
2020-02-04 15:03:00,11546,11546,11546,2,2
2020-02-04 15:03:04,11546,11546,11546,2,2
2020-02-04 15:03:04,11546,11546,11546,2,2
2020-02-04 15:03:04,11546,11546,11546,2,2
2020-02-04 15:03:14,11546,11546,11546,2,2
2020-02-04 15:03:14,11546,11546,11546,6,6
2020-02-04 15:03:14,11546,11546,11546,2,2
2020-02-04 15:03:17,11547,11547,11547,4,4
2020-02-04 15:03:18,11546,11546,11546,4,-4
2020-02-04 15:03:18,11547,11547,11547,4,4
2020-02-04 15:03:22,11546,11546,11546,4,-4
2020-02-04 15:03:28,11546,11546,11546,2,2
2020-02-04 15:03:28,11546,11546,11546,4,4
2020-02-04 15:03:28,11546,11546,11546,2,2
2020-02-04 15:03:29,11546,11546,11546,10,10
2020-02-04 15:03:29,11546,11546,11546,4,4
2020-02-04 15:03:30,11546,11546,11546,2,2
2020-02-04 15:03:32,11546,11546,11546,2,2
2020-02-04 15:03:40,11545,11545,11545,4,-4
2020-02-04 15:03:46,11545,11545,11545,4,4
2020-02-04 15:03:47,11545,11545,11545,2,2
2020-02-04 15:03:48,11545,11545,11545,2,2
2020-02-04 15:03:48,11545,11545,11545,2,2
2020-02-04 15:03:48,11545,11545,11545,2,2
2020-02-04 15:03:50,11545,11545,11545,2,2
2020-02-04 15:03:50,11545,11545,11545,2,2
2020-02-04 15:03:50,11545,11545,11545,2,2
2020-02-04 15:03:50,11545,11545,11545,2,2
2020-02-04 15:03:50,11545,11545,11545,2,2
2020-02-04 15:03:50,11545,11545,11545,2,2
2020-02-04 15:03:50,11545,11545,11545,2,2
2020-02-04 15:03:52,11544,11544,11544,4,-4
2020-02-04 15:03:52,11544,11544,11544,4,4
2020-02-04 15:03:52,11544,11544,11544,2,2
2020-02-04 15:03:52,11544,11544,11544,6,6
2020-02-04 15:03:55,11543,11543,11543,2,-2
2020-02-04 15:03:56,11544,11544,11544,2,2
2020-02-04 15:03:57,11544,11544,11544,10,10
2020-02-04 15:03:57,11543,11543,11543,2,-2
2020-02-04 15:03:59,11544,11544,11544,2,2
2020-02-04 15:04:10,11544,11544,11544,2,2
2020-02-04 15:04:11,11544,11544,11544,2,2
2020-02-04 15:04:13,11543,11543,11543,2,-2
2020-02-04 15:04:13,11543,11543,11543,2,2
2020-02-04 15:04:13,11543,11543,11543,2,2
2020-02-04 15:04:14,11543,11543,11543,2,2
2020-02-04 15:04:15,11542,11542,11542,2,-2
2020-02-04 15:04:15,11542,11542,11542,2,2
2020-02-04 15:04:15,11542,11542,11542,8,8
2020-02-04 15:04:15,11542,11542,11542,6,6
2020-02-04 15:04:15,11542,11542,11542,4,4
2020-02-04 15:04:15,11542,11542,11542,2,2
2020-02-04 15:04:15,11542,11542,11542,2,2
2020-02-04 15:04:15,11542,11542,11542,2,2
2020-02-04 15:04:15,11542,11542,11542,2,2
2020-02-04 15:04:15,11542,11542,11542,2,2
2020-02-04 15:04:15,11542,11542,11542,8,8
2020-02-04 15:04:15,11542,11542,11542,6,6
2020-02-04 15:04:15,11542,11542,11542,10,10
2020-02-04 15:04:15,11542,11542,11542,8,8
2020-02-04 15:04:15,11542,11542,11542,10,10
2020-02-04 15:04:15,11542,11542,11542,6,6
2020-02-04 15:04:15,11542,11542,11542,2,2
2020-02-04 15:04:18,11541,11541,11541,2,-2
2020-02-04 15:04:18,11541,11541,11541,2,2
2020-02-04 15:04:18,11541,11541,11541,2,2
2020-02-04 15:04:18,11541,11541,11541,2,2
2020-02-04 15:04:18,11541,11541,11541,4,4
2020-02-04 15:04:19,11541,11541,11541,2,2
2020-02-04 15:04:19,11541,11541,11541,2,2
2020-02-04 15:04:20,11541,11541,11541,2,2
2020-02-04 15:04:20,11541,11541,11541,2,2
2020-02-04 15:04:21,11542,11542,11542,2,2
2020-02-04 15:04:22,11541,11541,11541,8,-8
2020-02-04 15:04:23,11540,11540,11540,2,-2
2020-02-04 15:04:23,11540,11540,11540,2,2
2020-02-04 15:04:23,11540,11540,11540,2,2
2020-02-04 15:04:24,11540,11540,11540,2,2
2020-02-04 15:04:24,11540,11540,11540,2,2
2020-02-04 15:04:24,11540,11540,11540,2,2
2020-02-04 15:04:24,11540,11540,11540,2,2
2020-02-04 15:04:24,11540,11540,11540,2,2
2020-02-04 15:04:24,11540,11540,11540,2,2
2020-02-04 15:04:25,11540,11540,11540,2,2
2020-02-04 15:04:25,11540,11540,11540,2,2
2020-02-04 15:04:26,11540,11540,11540,2,2
2020-02-04 15:04:28,11539,11539,11539,2,-2
2020-02-04 15:04:28,11540,11540,11540,2,2
2020-02-04 15:04:30,11541,11541,11541,2,2
2020-02-04 15:04:30,11540,11540,11540,2,-2
2020-02-04 15:04:31,11540,11540,11540,2,2
2020-02-04 15:04:34,11541,11541,11541,2,2
2020-02-04 15:04:35,11541,11541,11541,2,2
2020-02-04 15:04:36,11541,11541,11541,2,2
2020-02-04 15:04:37,11540,11540,11540,2,-2
2020-02-04 15:04:38,11541,11541,11541,2,2
2020-02-04 15:04:41,11541,11541,11541,2,2
2020-02-04 15:04:43,11540,11540,11540,2,-2
2020-02-04 15:04:44,11541,11541,11541,4,4
2020-02-04 15:04:44,11541,11541,11541,12,12
2020-02-04 15:04:44,11541,11541,11541,8,8
2020-02-04 15:04:44,11541,11541,11541,2,2
2020-02-04 15:04:45,11541,11541,11541,6,6
2020-02-04 15:04:45,11540,11540,11540,4,-4
2020-02-04 15:04:45,11540,11540,11540,2,2
2020-02-04 15:04:45,11540,11540,11540,6,6
2020-02-04 15:04:45,11540,11540,11540,2,2
2020-02-04 15:04:45,11540,11540,11540,2,2
2020-02-04 15:04:45,11540,11540,11540,4,4
2020-02-04 15:04:45,11540,11540,11540,6,6
2020-02-04 15:04:45,11540,11540,11540,2,2
2020-02-04 15:04:45,11540,11540,11540,2,2
2020-02-04 15:04:45,11540,11540,11540,4,4
2020-02-04 15:04:45,11540,11540,11540,10,10
2020-02-04 15:04:45,11540,11540,11540,4,4
2020-02-04 15:04:45,11540,11540,11540,2,2
2020-02-04 15:04:55,11541,11541,11541,2,2
2020-02-04 15:05:01,11540,11540,11540,2,-2
2020-02-04 15:05:01,11540,11540,11540,2,2
2020-02-04 15:05:01,11540,11540,11540,2,2
2020-02-04 15:05:01,11540,11540,11540,2,2
2020-02-04 15:05:01,11540,11540,11540,2,2
2020-02-04 15:05:01,11540,11540,11540,2,2
2020-02-04 15:05:01,11540,11540,11540,2,2
2020-02-04 15:05:01,11540,11540,11540,6,6
2020-02-04 15:05:01,11540,11540,11540,4,4
2020-02-04 15:05:01,11540,11540,11540,2,2
2020-02-04 15:05:01,11540,11540,11540,2,2
2020-02-04 15:05:01,11540,11540,11540,2,2
2020-02-04 15:05:02,11539,11539,11539,2,-2
2020-02-04 15:05:02,11541,11541,11541,2,2
2020-02-04 15:05:02,11541,11541,11541,4,4
2020-02-04 15:05:02,11539,11539,11539,2,-2
2020-02-04 15:05:02,11539,11539,11539,2,2
2020-02-04 15:05:03,11539,11539,11539,2,2
2020-02-04 15:05:03,11539,11539,11539,2,2
2020-02-04 15:05:04,11540,11540,11540,2,2
2020-02-04 15:05:08,11540,11540,11540,2,2
2020-02-04 15:05:09,11541,11541,11541,2,2
2020-02-04 15:05:09,11540,11540,11540,2,-2
2020-02-04 15:05:11,11540,11540,11540,2,2
2020-02-04 15:05:14,11541,11541,11541,2,2
2020-02-04 15:05:14,11541,11541,11541,6,6
2020-02-04 15:05:14,11541,11541,11541,6,6
2020-02-04 15:05:14,11541,11541,11541,2,2
2020-02-04 15:05:19,11541,11541,11541,2,2
2020-02-04 15:05:28,11541,11541,11541,2,2
2020-02-04 15:05:32,11541,11541,11541,2,2
2020-02-04 15:05:32,11541,11541,11541,2,2
2020-02-04 15:05:32,11541,11541,11541,2,2
2020-02-04 15:05:35,11541,11541,11541,6,6
2020-02-04 15:05:36,11540,11540,11540,2,-2
2020-02-04 15:05:38,11540,11540,11540,2,2
2020-02-04 15:05:43,11540,11540,11540,2,2
2020-02-04 15:05:53,11540,11540,11540,2,2
2020-02-04 15:05:53,11540,11540,11540,2,2
2020-02-04 15:05:53,11540,11540,11540,2,2
2020-02-04 15:05:53,11541,11541,11541,2,2
2020-02-04 15:05:54,11541,11541,11541,6,6
2020-02-04 15:05:57,11542,11542,11542,2,2
2020-02-04 15:06:06,11541,11541,11541,2,-2
2020-02-04 15:06:06,11541,11541,11541,2,2
2020-02-04 15:06:06,11541,11541,11541,2,2
2020-02-04 15:06:07,11540,11540,11540,4,-4
2020-02-04 15:06:07,11540,11540,11540,2,2
2020-02-04 15:06:07,11540,11540,11540,2,2
2020-02-04 15:06:07,11540,11540,11540,2,2
2020-02-04 15:06:10,11541,11541,11541,2,2
2020-02-04 15:06:17,11539,11539,11539,2,-2
2020-02-04 15:06:21,11539,11539,11539,4,4
2020-02-04 15:06:21,11539,11539,11539,2,2
2020-02-04 15:06:22,11539,11539,11539,2,2
2020-02-04 15:06:22,11539,11539,11539,4,4
2020-02-04 15:06:22,11539,11539,11539,12,12
2020-02-04 15:06:22,11539,11539,11539,2,2
2020-02-04 15:06:22,11539,11539,11539,2,2
2020-02-04 15:06:22,11539,11539,11539,2,2
2020-02-04 15:06:22,11539,11539,11539,2,2
2020-02-04 15:06:22,11539,11539,11539,2,2
2020-02-04 15:06:25,11539,11539,11539,2,2
2020-02-04 15:06:26,11538,11538,11538,2,-2
2020-02-04 15:06:26,11538,11538,11538,2,2
2020-02-04 15:06:26,11538,11538,11538,4,4
2020-02-04 15:06:26,11538,11538,11538,2,2
2020-02-04 15:06:30,11538,11538,11538,2,2
2020-02-04 15:06:31,11538,11538,11538,2,2
2020-02-04 15:06:32,11539,11539,11539,2,2
2020-02-04 15:06:34,11538,11538,11538,2,-2
2020-02-04 15:06:35,11538,11538,11538,2,2
2020-02-04 15:06:35,11539,11539,11539,2,2
2020-02-04 15:06:41,11539,11539,11539,2,2
2020-02-04 15:06:44,11539,11539,11539,2,2
2020-02-04 15:06:48,11538,11538,11538,2,-2
2020-02-04 15:06:56,11538,11538,11538,2,2
2020-02-04 15:06:56,11539,11539,11539,4,4
2020-02-04 15:06:58,11538,11538,11538,2,-2
2020-02-04 15:06:58,11539,11539,11539,16,16
2020-02-04 15:06:59,11539,11539,11539,2,2
2020-02-04 15:06:59,11539,11539,11539,2,2
2020-02-04 15:06:59,11539,11539,11539,2,2
2020-02-04 15:07:01,11539,11539,11539,2,2
2020-02-04 15:07:03,11539,11539,11539,2,2
2020-02-04 15:07:03,11539,11539,11539,2,2
2020-02-04 15:07:05,11539,11539,11539,2,2
2020-02-04 15:07:07,11539,11539,11539,2,2
2020-02-04 15:07:07,11539,11539,11539,2,2
2020-02-04 15:07:07,11539,11539,11539,2,2
2020-02-04 15:07:07,11539,11539,11539,2,2
2020-02-04 15:07:07,11539,11539,11539,2,2
2020-02-04 15:07:07,11539,11539,11539,2,2
2020-02-04 15:07:07,11539,11539,11539,2,2
2020-02-04 15:07:07,11539,11539,11539,2,2
2020-02-04 15:07:07,11539,11539,11539,2,2
2020-02-04 15:07:07,11539,11539,11539,2,2
2020-02-04 15:07:07,11539,11539,11539,2,2
2020-02-04 15:07:10,11539,11539,11539,2,2
2020-02-04 15:07:13,11539,11539,11539,2,2
2020-02-04 15:07:13,11539,11539,11539,2,2
2020-02-04 15:07:13,11539,11539,11539,2,2
2020-02-04 15:07:13,11539,11539,11539,2,2
2020-02-04 15:07:14,11539,11539,11539,2,2
2020-02-04 15:07:17,11539,11539,11539,2,2
2020-02-04 15:07:18,11539,11539,11539,2,2
2020-02-04 15:07:25,11539,11539,11539,6,6
2020-02-04 15:07:25,11539,11539,11539,4,4
2020-02-04 15:07:36,11539,11539,11539,2,2
2020-02-04 15:07:36,11539,11539,11539,2,2
2020-02-04 15:07:36,11539,11539,11539,6,6
2020-02-04 15:07:49,11539,11539,11539,2,2
2020-02-04 15:07:49,11539,11539,11539,10,10
2020-02-04 15:07:49,11539,11539,11539,2,2
2020-02-04 15:07:49,11539,11539,11539,2,2
2020-02-04 15:07:49,11539,11539,11539,2,2
2020-02-04 15:07:49,11539,11539,11539,2,2
2020-02-04 15:07:51,11538,11538,11538,2,-2
2020-02-04 15:07:59,11538,11538,11538,4,4
2020-02-04 15:08:01,11538,11538,11538,8,8
2020-02-04 15:08:01,11538,11538,11538,8,8
2020-02-04 15:08:01,11538,11538,11538,2,2
2020-02-04 15:08:01,11538,11538,11538,6,6
2020-02-04 15:08:01,11538,11538,11538,2,2
2020-02-04 15:08:01,11538,11538,11538,4,4
2020-02-04 15:08:01,11538,11538,11538,18,18
2020-02-04 15:08:01,11538,11538,11538,2,2
2020-02-04 15:08:01,11538,11538,11538,4,4
2020-02-04 15:08:01,11538,11538,11538,12,12
2020-02-04 15:08:01,11538,11538,11538,4,4
2020-02-04 15:08:01,11538,11538,11538,2,2
2020-02-04 15:08:01,11538,11538,11538,4,4
2020-02-04 15:08:01,11538,11538,11538,10,10
2020-02-04 15:08:01,11538,11538,11538,2,2
2020-02-04 15:08:01,11538,11538,11538,12,12
2020-02-04 15:08:01,11538,11538,11538,4,4
2020-02-04 15:08:01,11538,11538,11538,4,4
2020-02-04 15:08:01,11538,11538,11538,2,2
2020-02-04 15:08:01,11538,11538,11538,2,2
2020-02-04 15:08:01,11538,11538,11538,2,2
2020-02-04 15:08:01,11538,11538,11538,6,6
2020-02-04 15:08:01,11538,11538,11538,2,2
2020-02-04 15:08:01,11538,11538,11538,2,2
2020-02-04 15:08:01,11538,11538,11538,4,4
2020-02-04 15:08:01,11538,11538,11538,2,2
2020-02-04 15:08:01,11538,11538,11538,2,2
2020-02-04 15:08:01,11538,11538,11538,2,2
2020-02-04 15:08:01,11538,11538,11538,10,10
2020-02-04 15:08:02,11537,11537,11537,2,-2
2020-02-04 15:08:02,11537,11537,11537,2,2
2020-02-04 15:08:04,11537,11537,11537,2,2
2020-02-04 15:08:04,11537,11537,11537,2,2
2020-02-04 15:08:04,11537,11537,11537,2,2
2020-02-04 15:08:04,11537,11537,11537,2,2
2020-02-04 15:08:04,11537,11537,11537,2,2
2020-02-04 15:08:04,11537,11537,11537,2,2
2020-02-04 15:08:04,11537,11537,11537,4,4
2020-02-04 15:08:04,11537,11537,11537,6,6
2020-02-04 15:08:04,11537,11537,11537,2,2
2020-02-04 15:08:04,11537,11537,11537,4,4
2020-02-04 15:08:04,11537,11537,11537,8,8
2020-02-04 15:08:04,11537,11537,11537,6,6
2020-02-04 15:08:04,11537,11537,11537,6,6
2020-02-04 15:08:04,11537,11537,11537,2,2
2020-02-04 15:08:05,11537,11537,11537,2,2
2020-02-04 15:08:06,11537,11537,11537,2,2
2020-02-04 15:08:06,11536,11536,11536,2,-2
2020-02-04 15:08:10,11536,11536,11536,2,2
2020-02-04 15:08:12,11537,11537,11537,2,2
2020-02-04 15:08:14,11536,11536,11536,2,-2
2020-02-04 15:08:17,11536,11536,11536,2,2
2020-02-04 15:08:18,11536,11536,11536,2,2
2020-02-04 15:08:18,11536,11536,11536,2,2
2020-02-04 15:08:18,11536,11536,11536,2,2
2020-02-04 15:08:18,11536,11536,11536,2,2
2020-02-04 15:08:22,11536,11536,11536,2,2
2020-02-04 15:08:22,11536,11536,11536,2,2
2020-02-04 15:08:22,11536,11536,11536,2,2
2020-02-04 15:08:22,11536,11536,11536,2,2
2020-02-04 15:08:22,11536,11536,11536,2,2
2020-02-04 15:08:22,11536,11536,11536,2,2
2020-02-04 15:08:22,11536,11536,11536,4,4
2020-02-04 15:08:22,11536,11536,11536,2,2
2020-02-04 15:08:22,11536,11536,11536,2,2
2020-02-04 15:08:28,11535,11535,11535,2,-2
2020-02-04 15:08:28,11535,11535,11535,6,6
2020-02-04 15:08:28,11535,11535,11535,2,2
2020-02-04 15:08:28,11535,11535,11535,2,2
2020-02-04 15:08:28,11535,11535,11535,2,2
2020-02-04 15:08:28,11535,11535,11535,2,2
2020-02-04 15:08:28,11535,11535,11535,2,2
2020-02-04 15:08:28,11535,11535,11535,6,6
2020-02-04 15:08:28,11535,11535,11535,4,4
2020-02-04 15:08:28,11535,11535,11535,4,4
2020-02-04 15:08:28,11535,11535,11535,2,2
2020-02-04 15:08:28,11535,11535,11535,2,2
2020-02-04 15:08:28,11535,11535,11535,2,2
2020-02-04 15:08:28,11535,11535,11535,2,2
2020-02-04 15:08:29,11535,11535,11535,2,2
2020-02-04 15:08:29,11536,11536,11536,2,2
2020-02-04 15:08:32,11536,11536,11536,20,20
2020-02-04 15:08:38,11535,11535,11535,2,-2
2020-02-04 15:08:41,11535,11535,11535,2,2
2020-02-04 15:08:43,11535,11535,11535,2,2
2020-02-04 15:08:47,11535,11535,11535,2,2
2020-02-04 15:08:47,11535,11535,11535,2,2
2020-02-04 15:08:47,11535,11535,11535,2,2
2020-02-04 15:08:47,11535,11535,11535,2,2
2020-02-04 15:08:47,11535,11535,11535,2,2
2020-02-04 15:08:47,11535,11535,11535,2,2
2020-02-04 15:08:49,11536,11536,11536,6,6
2020-02-04 15:09:03,11535,11535,11535,2,-2
2020-02-04 15:09:04,11535,11535,11535,4,4
2020-02-04 15:09:05,11535,11535,11535,2,2
2020-02-04 15:09:08,11535,11535,11535,4,4
2020-02-04 15:09:08,11536,11536,11536,2,2
2020-02-04 15:09:08,11535,11535,11535,2,-2
2020-02-04 15:09:10,11536,11536,11536,2,2
2020-02-04 15:09:17,11535,11535,11535,2,-2
2020-02-04 15:09:17,11535,11535,11535,2,2
2020-02-04 15:09:23,11535,11535,11535,2,2
2020-02-04 15:09:31,11534,11534,11534,2,-2
2020-02-04 15:09:34,11534,11534,11534,2,2
2020-02-04 15:09:34,11534,11534,11534,2,2
2020-02-04 15:09:34,11534,11534,11534,2,2
2020-02-04 15:09:34,11534,11534,11534,2,2
2020-02-04 15:09:34,11534,11534,11534,4,4
2020-02-04 15:09:34,11534,11534,11534,4,4
2020-02-04 15:09:34,11534,11534,11534,4,4
2020-02-04 15:09:34,11534,11534,11534,2,2
2020-02-04 15:09:34,11534,11534,11534,2,2
2020-02-04 15:09:34,11534,11534,11534,2,2
2020-02-04 15:09:34,11534,11534,11534,2,2
2020-02-04 15:09:34,11534,11534,11534,4,4
2020-02-04 15:09:34,11534,11534,11534,2,2
2020-02-04 15:09:34,11534,11534,11534,2,2
2020-02-04 15:09:34,11534,11534,11534,2,2
2020-02-04 15:09:34,11533,11533,11533,2,-2
2020-02-04 15:09:34,11533,11533,11533,2,2
2020-02-04 15:09:34,11533,11533,11533,2,2
2020-02-04 15:09:34,11533,11533,11533,2,2
2020-02-04 15:09:34,11533,11533,11533,4,4
2020-02-04 15:09:34,11533,11533,11533,2,2
2020-02-04 15:09:34,11533,11533,11533,10,10
2020-02-04 15:09:35,11533,11533,11533,2,2
2020-02-04 15:09:35,11532,11532,11532,2,-2
2020-02-04 15:09:39,11532,11532,11532,4,4
2020-02-04 15:09:39,11532,11532,11532,6,6
2020-02-04 15:09:41,11533,11533,11533,8,8
2020-02-04 15:09:41,11532,11532,11532,2,-2
2020-02-04 15:09:41,11532,11532,11532,6,6
2020-02-04 15:09:41,11532,11532,11532,2,2
2020-02-04 15:09:41,11532,11532,11532,2,2
2020-02-04 15:09:42,11532,11532,11532,2,2
2020-02-04 15:09:43,11532,11532,11532,6,6
2020-02-04 15:09:43,11532,11532,11532,2,2
2020-02-04 15:09:43,11532,11532,11532,2,2
2020-02-04 15:09:44,11533,11533,11533,2,2
2020-02-04 15:09:51,11533,11533,11533,2,2
2020-02-04 15:09:53,11533,11533,11533,18,18
2020-02-04 15:09:53,11533,11533,11533,2,2
2020-02-04 15:09:58,11533,11533,11533,4,4
2020-02-04 15:09:58,11534,11534,11534,20,20
2020-02-04 15:10:01,11534,11534,11534,2,2
2020-02-04 15:10:04,11534,11534,11534,2,2
2020-02-04 15:10:08,11535,11535,11535,10,10
2020-02-04 15:10:08,11535,11535,11535,2,2
2020-02-04 15:10:08,11535,11535,11535,6,6
2020-02-04 15:10:08,11535,11535,11535,2,2
2020-02-04 15:10:09,11535,11535,11535,2,2
2020-02-04 15:10:09,11535,11535,11535,2,2
2020-02-04 15:10:09,11536,11536,11536,2,2
2020-02-04 15:10:11,11535,11535,11535,2,-2
2020-02-04 15:10:11,11535,11535,11535,2,2
2020-02-04 15:10:11,11534,11534,11534,2,-2
2020-02-04 15:10:11,11534,11534,11534,2,2
2020-02-04 15:10:11,11534,11534,11534,2,2
2020-02-04 15:10:11,11534,11534,11534,2,2
2020-02-04 15:10:12,11535,11535,11535,6,6
2020-02-04 15:10:13,11536,11536,11536,2,2
2020-02-04 15:10:14,11536,11536,11536,18,18
2020-02-04 15:10:14,11536,11536,11536,2,2
2020-02-04 15:10:15,11535,11535,11535,10,-10
2020-02-04 15:10:22,11537,11537,11537,2,2
2020-02-04 15:10:24,11536,11536,11536,2,-2
2020-02-04 15:10:38,11537,11537,11537,2,2
2020-02-04 15:10:44,11537,11537,11537,2,2
2020-02-04 15:10:44,11537,11537,11537,4,4
2020-02-04 15:10:46,11537,11537,11537,2,2
2020-02-04 15:10:53,11537,11537,11537,2,2
2020-02-04 15:11:01,11537,11537,11537,2,2
2020-02-04 15:11:03,11537,11537,11537,8,8
2020-02-04 15:11:03,11537,11537,11537,2,2
2020-02-04 15:11:05,11537,11537,11537,4,4
2020-02-04 15:11:12,11538,11538,11538,6,6
2020-02-04 15:11:12,11537,11537,11537,4,-4
2020-02-04 15:11:14,11538,11538,11538,2,2
2020-02-04 15:11:26,11537,11537,11537,2,-2
2020-02-04 15:11:26,11537,11537,11537,2,2
2020-02-04 15:11:26,11538,11538,11538,2,2
2020-02-04 15:11:27,11538,11538,11538,2,2
2020-02-04 15:11:34,11538,11538,11538,2,2
2020-02-04 15:11:36,11538,11538,11538,6,6
2020-02-04 15:11:46,11538,11538,11538,2,2
2020-02-04 15:11:54,11538,11538,11538,2,2
2020-02-04 15:11:57,11537,11537,11537,2,-2
2020-02-04 15:11:57,11537,11537,11537,6,6
2020-02-04 15:11:57,11537,11537,11537,2,2
2020-02-04 15:11:57,11537,11537,11537,2,2
2020-02-04 15:11:57,11538,11538,11538,6,6
2020-02-04 15:11:57,11538,11538,11538,2,2
2020-02-04 15:11:59,11538,11538,11538,4,4
2020-02-04 15:12:04,11538,11538,11538,2,2
2020-02-04 15:12:09,11538,11538,11538,26,26
2020-02-04 15:12:10,11539,11539,11539,2,2
2020-02-04 15:12:26,11540,11540,11540,2,2
2020-02-04 15:12:26,11540,11540,11540,2,2
2020-02-04 15:12:26,11540,11540,11540,2,2
2020-02-04 15:12:33,11539,11539,11539,2,-2
2020-02-04 15:12:40,11539,11539,11539,4,4
2020-02-04 15:12:40,11540,11540,11540,2,2
2020-02-04 15:12:41,11539,11539,11539,4,-4
2020-02-04 15:12:41,11540,11540,11540,2,2
2020-02-04 15:12:42,11539,11539,11539,2,-2
2020-02-04 15:12:43,11539,11539,11539,2,2
2020-02-04 15:12:46,11540,11540,11540,2,2
2020-02-04 15:12:47,11539,11539,11539,2,-2
2020-02-04 15:12:47,11539,11539,11539,8,8
2020-02-04 15:12:47,11539,11539,11539,2,2
2020-02-04 15:12:51,11540,11540,11540,2,2
2020-02-04 15:12:53,11539,11539,11539,2,-2
2020-02-04 15:12:59,11540,11540,11540,2,2
2020-02-04 15:13:00,11540,11540,11540,2,2
2020-02-04 15:13:01,11539,11539,11539,2,-2
2020-02-04 15:13:02,11539,11539,11539,2,2
2020-02-04 15:13:04,11539,11539,11539,2,2
2020-02-04 15:13:04,11539,11539,11539,2,2
2020-02-04 15:13:08,11539,11539,11539,2,2
2020-02-04 15:13:17,11538,11538,11538,4,-4
2020-02-04 15:13:18,11539,11539,11539,2,2
2020-02-04 15:13:18,11538,11538,11538,2,-2
2020-02-04 15:13:18,11538,11538,11538,2,2
2020-02-04 15:13:20,11538,11538,11538,2,2
2020-02-04 15:13:20,11538,11538,11538,2,2
2020-02-04 15:13:23,11538,11538,11538,2,2
2020-02-04 15:13:34,11537,11537,11537,2,-2
2020-02-04 15:13:34,11537,11537,11537,2,2
2020-02-04 15:13:39,11538,11538,11538,2,2
2020-02-04 15:13:39,11537,11537,11537,2,-2
2020-02-04 15:13:39,11537,11537,11537,2,2
2020-02-04 15:13:49,11536,11536,11536,2,-2
2020-02-04 15:13:49,11536,11536,11536,2,2
2020-02-04 15:13:49,11536,11536,11536,2,2
2020-02-04 15:13:49,11536,11536,11536,2,2
2020-02-04 15:13:49,11536,11536,11536,2,2
2020-02-04 15:13:49,11537,11537,11537,4,4
2020-02-04 15:13:50,11537,11537,11537,2,2
2020-02-04 15:13:50,11537,11537,11537,2,2
2020-02-04 15:13:59,11537,11537,11537,2,2
2020-02-04 15:14:00,11537,11537,11537,2,2
2020-02-04 15:14:02,11537,11537,11537,2,2
2020-02-04 15:14:04,11537,11537,11537,4,4
2020-02-04 15:14:05,11537,11537,11537,2,2
2020-02-04 15:14:07,11537,11537,11537,2,2
2020-02-04 15:14:14,11537,11537,11537,2,2
2020-02-04 15:14:16,11536,11536,11536,2,-2
2020-02-04 15:14:16,11536,11536,11536,2,2
2020-02-04 15:14:16,11536,11536,11536,6,6
2020-02-04 15:14:25,11536,11536,11536,2,2
2020-02-04 15:14:29,11536,11536,11536,2,2
2020-02-04 15:14:35,11537,11537,11537,6,6
2020-02-04 15:14:37,11537,11537,11537,2,2
2020-02-04 15:14:37,11536,11536,11536,2,-2
2020-02-04 15:14:47,11537,11537,11537,2,2
2020-02-04 15:14:47,11537,11537,11537,4,4
2020-02-04 15:14:48,11537,11537,11537,2,2
2020-02-04 15:14:50,11537,11537,11537,2,2
2020-02-04 15:14:50,11537,11537,11537,2,2
2020-02-04 15:14:50,11537,11537,11537,2,2
2020-02-04 15:14:50,11537,11537,11537,2,2
2020-02-04 15:14:50,11537,11537,11537,2,2
2020-02-04 15:14:52,11537,11537,11537,2,2
2020-02-04 15:14:55,11537,11537,11537,4,4
2020-02-04 15:14:55,11537,11537,11537,4,4
2020-02-04 15:14:55,11537,11537,11537,2,2
2020-02-04 15:14:55,11537,11537,11537,2,2
2020-02-04 15:14:55,11537,11537,11537,8,8
2020-02-04 15:15:04,11537,11537,11537,2,2
2020-02-04 15:15:05,11537,11537,11537,4,4
2020-02-04 15:15:05,11537,11537,11537,4,4
2020-02-04 15:15:05,11537,11537,11537,4,4
2020-02-04 15:15:09,11536,11536,11536,2,-2
2020-02-04 15:15:09,11536,11536,11536,2,2
2020-02-04 15:15:09,11536,11536,11536,2,2
2020-02-04 15:15:09,11536,11536,11536,2,2
2020-02-04 15:15:09,11536,11536,11536,2,2
2020-02-04 15:15:15,11536,11536,11536,2,2
2020-02-04 15:15:18,11537,11537,11537,12,12
2020-02-04 15:15:19,11537,11537,11537,2,2
2020-02-04 15:15:21,11537,11537,11537,2,2
2020-02-04 15:15:29,11538,11538,11538,10,10
2020-02-04 15:15:37,11537,11537,11537,2,-2
2020-02-04 15:15:37,11537,11537,11537,2,2
2020-02-04 15:15:40,11536,11536,11536,2,-2
2020-02-04 15:15:40,11536,11536,11536,2,2
2020-02-04 15:15:40,11536,11536,11536,2,2
2020-02-04 15:15:48,11536,11536,11536,2,2
2020-02-04 15:15:53,11536,11536,11536,2,2
2020-02-04 15:15:58,11536,11536,11536,6,6
2020-02-04 15:15:58,11536,11536,11536,2,2
2020-02-04 15:16:03,11536,11536,11536,2,2
2020-02-04 15:16:11,11535,11535,11535,2,-2
2020-02-04 15:16:11,11535,11535,11535,2,2
2020-02-04 15:16:11,11535,11535,11535,2,2
2020-02-04 15:16:11,11535,11535,11535,2,2
2020-02-04 15:16:11,11535,11535,11535,2,2
2020-02-04 15:16:11,11535,11535,11535,2,2
2020-02-04 15:16:11,11535,11535,11535,2,2
2020-02-04 15:16:11,11535,11535,11535,2,2
2020-02-04 15:16:12,11534,11534,11534,2,-2
2020-02-04 15:16:14,11535,11535,11535,2,2
2020-02-04 15:16:15,11534,11534,11534,2,-2
2020-02-04 15:16:15,11534,11534,11534,2,2
2020-02-04 15:16:24,11534,11534,11534,2,2
2020-02-04 15:16:24,11534,11534,11534,2,2
2020-02-04 15:16:26,11534,11534,11534,2,2
2020-02-04 15:16:26,11534,11534,11534,2,2
2020-02-04 15:16:27,11534,11534,11534,2,2
2020-02-04 15:16:27,11535,11535,11535,10,10
2020-02-04 15:16:27,11534,11534,11534,2,-2
2020-02-04 15:16:28,11534,11534,11534,2,2
2020-02-04 15:16:28,11534,11534,11534,4,4
2020-02-04 15:16:29,11534,11534,11534,2,2
2020-02-04 15:16:32,11533,11533,11533,2,-2
2020-02-04 15:16:33,11534,11534,11534,2,2
2020-02-04 15:16:33,11534,11534,11534,2,2
2020-02-04 15:16:33,11534,11534,11534,2,2
2020-02-04 15:16:35,11534,11534,11534,2,2
2020-02-04 15:16:37,11534,11534,11534,2,2
2020-02-04 15:16:40,11534,11534,11534,4,4
2020-02-04 15:16:40,11533,11533,11533,2,-2
2020-02-04 15:16:48,11533,11533,11533,2,2
2020-02-04 15:16:49,11533,11533,11533,2,2
2020-02-04 15:16:53,11533,11533,11533,2,2
2020-02-04 15:16:56,11533,11533,11533,2,2
2020-02-04 15:16:56,11533,11533,11533,2,2
2020-02-04 15:16:56,11533,11533,11533,6,6
2020-02-04 15:16:56,11533,11533,11533,2,2
2020-02-04 15:16:56,11533,11533,11533,2,2
2020-02-04 15:16:56,11533,11533,11533,2,2
2020-02-04 15:16:56,11533,11533,11533,2,2
2020-02-04 15:16:56,11533,11533,11533,4,4
2020-02-04 15:16:56,11533,11533,11533,2,2
2020-02-04 15:16:56,11533,11533,11533,2,2
2020-02-04 15:16:56,11533,11533,11533,2,2
2020-02-04 15:16:56,11533,11533,11533,2,2
2020-02-04 15:17:02,11533,11533,11533,2,2
2020-02-04 15:17:02,11533,11533,11533,2,2
2020-02-04 15:17:02,11533,11533,11533,28,28
2020-02-04 15:17:02,11534,11534,11534,64,64
2020-02-04 15:17:02,11535,11535,11535,2,2
2020-02-04 15:17:02,11533,11533,11533,2,-2
2020-02-04 15:17:03,11534,11534,11534,6,6
2020-02-04 15:17:03,11533,11533,11533,2,-2
2020-02-04 15:17:03,11533,11533,11533,2,2
2020-02-04 15:17:03,11534,11534,11534,16,16
2020-02-04 15:17:03,11535,11535,11535,50,50
2020-02-04 15:17:03,11536,11536,11536,28,28
2020-02-04 15:17:03,11534,11534,11534,2,-2
2020-02-04 15:17:05,11534,11534,11534,2,2
2020-02-04 15:17:05,11534,11534,11534,4,4
2020-02-04 15:17:05,11534,11534,11534,2,2
2020-02-04 15:17:06,11534,11534,11534,2,2
2020-02-04 15:17:06,11534,11534,11534,2,2
2020-02-04 15:17:07,11534,11534,11534,2,2
2020-02-04 15:17:10,11534,11534,11534,2,2
2020-02-04 15:17:10,11534,11534,11534,2,2
2020-02-04 15:17:12,11535,11535,11535,6,6
2020-02-04 15:17:17,11536,11536,11536,10,10
2020-02-04 15:17:20,11536,11536,11536,2,2
2020-02-04 15:17:23,11536,11536,11536,4,4
2020-02-04 15:17:32,11536,11536,11536,8,8
2020-02-04 15:17:44,11536,11536,11536,2,2
2020-02-04 15:17:44,11536,11536,11536,2,2
2020-02-04 15:17:44,11536,11536,11536,2,2
2020-02-04 15:17:44,11536,11536,11536,2,2
2020-02-04 15:17:44,11536,11536,11536,2,2
2020-02-04 15:17:45,11536,11536,11536,4,4
2020-02-04 15:17:47,11536,11536,11536,2,2
2020-02-04 15:17:49,11536,11536,11536,4,4
2020-02-04 15:17:52,11536,11536,11536,2,2
2020-02-04 15:17:58,11536,11536,11536,2,2
2020-02-04 15:17:59,11536,11536,11536,2,2
2020-02-04 15:18:03,11535,11535,11535,2,-2
2020-02-04 15:18:06,11536,11536,11536,2,2
2020-02-04 15:18:06,11536,11536,11536,2,2
2020-02-04 15:18:24,11535,11535,11535,6,-6
2020-02-04 15:18:24,11535,11535,11535,2,2
2020-02-04 15:18:24,11535,11535,11535,2,2
2020-02-04 15:18:24,11537,11537,11537,2,2
2020-02-04 15:18:34,11536,11536,11536,2,-2
2020-02-04 15:18:37,11535,11535,11535,2,-2
2020-02-04 15:18:37,11535,11535,11535,2,2
2020-02-04 15:18:37,11535,11535,11535,2,2
2020-02-04 15:18:37,11535,11535,11535,2,2
2020-02-04 15:18:45,11535,11535,11535,2,2
2020-02-04 15:18:45,11535,11535,11535,2,2
2020-02-04 15:18:49,11535,11535,11535,2,2
2020-02-04 15:18:53,11535,11535,11535,2,2
2020-02-04 15:19:04,11535,11535,11535,2,2
2020-02-04 15:19:04,11535,11535,11535,2,2
2020-02-04 15:19:08,11534,11534,11534,4,-4
2020-02-04 15:19:08,11534,11534,11534,2,2
2020-02-04 15:19:08,11534,11534,11534,4,4
2020-02-04 15:19:12,11535,11535,11535,2,2
2020-02-04 15:19:12,11535,11535,11535,2,2
2020-02-04 15:19:15,11535,11535,11535,4,4
2020-02-04 15:19:15,11534,11534,11534,2,-2
2020-02-04 15:19:15,11534,11534,11534,4,4
2020-02-04 15:19:21,11535,11535,11535,8,8
2020-02-04 15:19:21,11535,11535,11535,2,2
2020-02-04 15:19:33,11535,11535,11535,2,2
2020-02-04 15:19:33,11535,11535,11535,2,2
2020-02-04 15:19:35,11535,11535,11535,2,2
2020-02-04 15:19:45,11535,11535,11535,2,2
2020-02-04 15:19:45,11535,11535,11535,2,2
2020-02-04 15:19:45,11535,11535,11535,2,2
2020-02-04 15:19:45,11535,11535,11535,4,4
2020-02-04 15:20:03,11535,11535,11535,4,4
2020-02-04 15:20:11,11535,11535,11535,2,2
2020-02-04 15:20:11,11535,11535,11535,2,2
2020-02-04 15:20:11,11535,11535,11535,2,2
2020-02-04 15:20:11,11535,11535,11535,2,2
2020-02-04 15:20:12,11536,11536,11536,2,2
2020-02-04 15:20:12,11536,11536,11536,4,4
2020-02-04 15:20:13,11536,11536,11536,2,2
2020-02-04 15:20:23,11536,11536,11536,2,2
2020-02-04 15:20:23,11536,11536,11536,2,2
2020-02-04 15:21:10,11536,11536,11536,2,2
2020-02-04 15:21:10,11536,11536,11536,2,2
2020-02-04 15:21:10,11536,11536,11536,2,2
2020-02-04 15:21:10,11536,11536,11536,2,2
2020-02-04 15:21:10,11536,11536,11536,2,2
2020-02-04 15:21:10,11536,11536,11536,2,2
2020-02-04 15:21:10,11536,11536,11536,2,2
2020-02-04 15:21:10,11535,11535,11535,2,-2
2020-02-04 15:21:11,11535,11535,11535,2,2
2020-02-04 15:21:11,11535,11535,11535,2,2
2020-02-04 15:21:13,11535,11535,11535,2,2
2020-02-04 15:21:15,11536,11536,11536,2,2
2020-02-04 15:21:17,11535,11535,11535,2,-2
2020-02-04 15:21:23,11535,11535,11535,2,2
2020-02-04 15:21:23,11535,11535,11535,2,2
2020-02-04 15:21:24,11535,11535,11535,2,2
2020-02-04 15:21:24,11535,11535,11535,2,2
2020-02-04 15:21:28,11535,11535,11535,2,2
2020-02-04 15:21:30,11536,11536,11536,2,2
2020-02-04 15:21:31,11534,11534,11534,2,-2
2020-02-04 15:21:31,11534,11534,11534,4,4
2020-02-04 15:21:32,11536,11536,11536,2,2
2020-02-04 15:21:50,11535,11535,11535,8,-8
2020-02-04 15:22:56,11535,11535,11535,2,2
2020-02-04 15:22:56,11535,11535,11535,2,2
2020-02-04 15:23:17,11535,11535,11535,2,2
2020-02-04 15:23:17,11535,11535,11535,4,4
2020-02-04 15:23:17,11535,11535,11535,2,2
2020-02-04 15:23:17,11535,11535,11535,2,2
2020-02-04 15:23:17,11535,11535,11535,2,2
2020-02-04 15:23:17,11535,11535,11535,2,2
2020-02-04 15:23:17,11535,11535,11535,2,2
2020-02-04 15:23:30,11535,11535,11535,2,2
2020-02-04 15:23:30,11535,11535,11535,2,2
2020-02-04 15:23:54,11535,11535,11535,2,2
2020-02-04 15:23:55,11535,11535,11535,2,2
2020-02-04 15:24:08,11535,11535,11535,2,2
2020-02-04 15:24:08,11535,11535,11535,2,2
2020-02-04 15:24:09,11535,11535,11535,4,4
2020-02-04 15:24:15,11535,11535,11535,2,2
2020-02-04 15:24:15,11535,11535,11535,4,4
2020-02-04 15:24:15,11535,11535,11535,2,2
2020-02-04 15:24:15,11535,11535,11535,2,2
2020-02-04 15:24:18,11535,11535,11535,2,2
2020-02-04 15:24:18,11535,11535,11535,2,2
2020-02-04 15:24:30,11535,11535,11535,2,2
2020-02-04 15:24:30,11535,11535,11535,2,2
2020-02-04 15:24:33,11535,11535,11535,6,6
2020-02-04 15:24:33,11535,11535,11535,2,2
2020-02-04 15:24:35,11536,11536,11536,2,2
2020-02-04 15:24:43,11535,11535,11535,4,-4
2020-02-04 15:24:43,11535,11535,11535,6,6
2020-02-04 15:24:43,11536,11536,11536,6,6
2020-02-04 15:24:43,11536,11536,11536,2,2
2020-02-04 15:24:47,11535,11535,11535,2,-2
2020-02-04 15:24:47,11534,11534,11534,2,-2
2020-02-04 15:24:47,11534,11534,11534,2,2
2020-02-04 15:24:47,11534,11534,11534,2,2
2020-02-04 15:24:47,11534,11534,11534,2,2
2020-02-04 15:24:49,11535,11535,11535,4,4
2020-02-04 15:24:50,11534,11534,11534,2,-2
2020-02-04 15:24:50,11534,11534,11534,2,2
2020-02-04 15:24:50,11534,11534,11534,2,2
2020-02-04 15:24:50,11534,11534,11534,4,4
2020-02-04 15:24:52,11534,11534,11534,2,2
2020-02-04 15:24:52,11534,11534,11534,8,8
2020-02-04 15:24:55,11534,11534,11534,8,8
2020-02-04 15:24:55,11534,11534,11534,2,2
2020-02-04 15:24:57,11534,11534,11534,8,8
2020-02-04 15:24:57,11534,11534,11534,2,2
2020-02-04 15:24:57,11534,11534,11534,2,2
2020-02-04 15:24:58,11533,11533,11533,2,-2
2020-02-04 15:24:58,11533,11533,11533,4,4
2020-02-04 15:24:58,11533,11533,11533,2,2
2020-02-04 15:24:58,11533,11533,11533,2,2
2020-02-04 15:24:58,11533,11533,11533,2,2
2020-02-04 15:24:58,11533,11533,11533,2,2
2020-02-04 15:24:58,11533,11533,11533,10,10
2020-02-04 15:24:58,11533,11533,11533,2,2
2020-02-04 15:24:58,11533,11533,11533,4,4
2020-02-04 15:24:58,11533,11533,11533,6,6
2020-02-04 15:24:58,11533,11533,11533,2,2
2020-02-04 15:24:59,11532,11532,11532,4,-4
2020-02-04 15:24:59,11532,11532,11532,2,2
2020-02-04 15:24:59,11532,11532,11532,2,2
2020-02-04 15:24:59,11532,11532,11532,4,4
2020-02-04 15:24:59,11532,11532,11532,2,2
2020-02-04 15:25:00,11532,11532,11532,2,2
2020-02-04 15:25:00,11532,11532,11532,2,2
2020-02-04 15:25:01,11532,11532,11532,2,2
2020-02-04 15:25:01,11532,11532,11532,2,2
2020-02-04 15:25:05,11532,11532,11532,2,2
2020-02-04 15:25:06,11532,11532,11532,2,2
2020-02-04 15:25:06,11532,11532,11532,4,4
2020-02-04 15:25:06,11532,11532,11532,2,2
2020-02-04 15:25:06,11532,11532,11532,2,2
2020-02-04 15:25:10,11532,11532,11532,2,2
2020-02-04 15:25:12,11532,11532,11532,2,2
2020-02-04 15:25:12,11533,11533,11533,2,2
2020-02-04 15:25:14,11532,11532,11532,2,-2
2020-02-04 15:25:15,11533,11533,11533,2,2
2020-02-04 15:25:19,11532,11532,11532,4,-4
2020-02-04 15:25:19,11532,11532,11532,2,2
2020-02-04 15:25:19,11532,11532,11532,2,2
2020-02-04 15:25:19,11532,11532,11532,2,2
2020-02-04 15:25:21,11532,11532,11532,2,2
2020-02-04 15:25:24,11532,11532,11532,2,2
2020-02-04 15:25:28,11533,11533,11533,44,44
2020-02-04 15:25:28,11533,11533,11533,2,2
2020-02-04 15:25:35,11534,11534,11534,2,2
2020-02-04 15:25:47,11534,11534,11534,2,2
2020-02-04 15:25:57,11534,11534,11534,18,18
2020-02-04 15:25:57,11534,11534,11534,2,2
2020-02-04 15:25:57,11534,11534,11534,2,2
2020-02-04 15:25:57,11534,11534,11534,2,2
2020-02-04 15:25:57,11534,11534,11534,2,2
2020-02-04 15:25:57,11534,11534,11534,2,2
2020-02-04 15:25:57,11534,11534,11534,2,2
2020-02-04 15:25:57,11534,11534,11534,2,2
2020-02-04 15:25:57,11533,11533,11533,4,-4
2020-02-04 15:25:57,11533,11533,11533,4,4
2020-02-04 15:25:57,11533,11533,11533,2,2
2020-02-04 15:25:57,11533,11533,11533,2,2
2020-02-04 15:25:57,11533,11533,11533,4,4
2020-02-04 15:25:57,11533,11533,11533,2,2
2020-02-04 15:25:57,11533,11533,11533,2,2
2020-02-04 15:25:57,11533,11533,11533,4,4
2020-02-04 15:25:57,11533,11533,11533,2,2
2020-02-04 15:25:57,11533,11533,11533,4,4
2020-02-04 15:25:57,11533,11533,11533,2,2
2020-02-04 15:25:57,11533,11533,11533,10,10
2020-02-04 15:25:57,11533,11533,11533,2,2
2020-02-04 15:25:57,11533,11533,11533,10,10
2020-02-04 15:25:57,11533,11533,11533,6,6
2020-02-04 15:25:57,11533,11533,11533,2,2
2020-02-04 15:25:57,11533,11533,11533,10,10
2020-02-04 15:25:57,11533,11533,11533,10,10
2020-02-04 15:25:57,11534,11534,11534,2,2
2020-02-04 15:25:57,11533,11533,11533,2,-2
2020-02-04 15:25:57,11533,11533,11533,2,2
2020-02-04 15:25:57,11533,11533,11533,2,2
2020-02-04 15:25:57,11533,11533,11533,2,2
2020-02-04 15:25:57,11533,11533,11533,2,2
2020-02-04 15:26:00,11532,11532,11532,2,-2
2020-02-04 15:26:00,11532,11532,11532,2,2
2020-02-04 15:26:00,11532,11532,11532,2,2
2020-02-04 15:26:08,11533,11533,11533,2,2
2020-02-04 15:26:19,11532,11532,11532,2,-2
2020-02-04 15:26:22,11532,11532,11532,2,2
2020-02-04 15:26:22,11532,11532,11532,2,2
2020-02-04 15:26:22,11532,11532,11532,2,2
2020-02-04 15:26:26,11533,11533,11533,2,2
2020-02-04 15:26:28,11532,11532,11532,2,-2
2020-02-04 15:26:28,11532,11532,11532,2,2
2020-02-04 15:26:30,11532,11532,11532,2,2
2020-02-04 15:26:31,11533,11533,11533,2,2
2020-02-04 15:26:35,11532,11532,11532,2,-2
2020-02-04 15:26:45,11532,11532,11532,2,2
2020-02-04 15:26:50,11533,11533,11533,10,10
2020-02-04 15:26:55,11533,11533,11533,2,2
2020-02-04 15:26:55,11533,11533,11533,2,2
2020-02-04 15:26:56,11533,11533,11533,16,16
2020-02-04 15:27:02,11533,11533,11533,2,2
2020-02-04 15:27:09,11533,11533,11533,2,2
2020-02-04 15:27:12,11533,11533,11533,2,2
2020-02-04 15:27:17,11533,11533,11533,2,2
2020-02-04 15:27:17,11533,11533,11533,2,2
2020-02-04 15:27:17,11533,11533,11533,2,2
2020-02-04 15:27:17,11533,11533,11533,2,2
2020-02-04 15:27:17,11533,11533,11533,2,2
2020-02-04 15:27:17,11533,11533,11533,2,2
2020-02-04 15:27:17,11533,11533,11533,2,2
2020-02-04 15:27:17,11533,11533,11533,4,4
2020-02-04 15:27:22,11534,11534,11534,10,10
2020-02-04 15:27:30,11533,11533,11533,2,-2
2020-02-04 15:27:33,11533,11533,11533,2,2
2020-02-04 15:27:33,11533,11533,11533,2,2
2020-02-04 15:27:33,11533,11533,11533,2,2
2020-02-04 15:27:35,11534,11534,11534,2,2
2020-02-04 15:28:00,11534,11534,11534,2,2
2020-02-04 15:28:06,11533,11533,11533,2,-2
2020-02-04 15:28:06,11533,11533,11533,2,2
2020-02-04 15:28:31,11533,11533,11533,2,2
2020-02-04 15:28:32,11533,11533,11533,2,2
2020-02-04 15:28:32,11533,11533,11533,2,2
2020-02-04 15:28:34,11533,11533,11533,2,2
2020-02-04 15:28:48,11533,11533,11533,2,2
2020-02-04 15:28:58,11533,11533,11533,2,2
2020-02-04 15:29:06,11533,11533,11533,2,2
2020-02-04 15:29:06,11533,11533,11533,4,4
2020-02-04 15:29:15,11534,11534,11534,20,20
2020-02-04 15:29:21,11533,11533,11533,2,-2
2020-02-04 15:29:42,11534,11534,11534,2,2
2020-02-04 15:30:00,11534,11534,11534,16,16
2020-02-04 15:30:00,11535,11535,11535,2,2
2020-02-04 15:30:00,11535,11535,11535,2,2
2020-02-04 15:30:01,11534,11534,11534,2,-2
2020-02-04 15:30:01,11535,11535,11535,4,4
2020-02-04 15:30:31,11534,11534,11534,2,-2
2020-02-04 15:30:38,11534,11534,11534,2,2
2020-02-04 15:30:48,11534,11534,11534,6,6
2020-02-04 15:30:52,11533,11533,11533,4,-4
2020-02-04 15:31:03,11533,11533,11533,2,2
2020-02-04 15:31:06,11534,11534,11534,6,6
2020-02-04 15:31:06,11535,11535,11535,2,2
2020-02-04 15:31:20,11534,11534,11534,2,-2
2020-02-04 15:31:22,11534,11534,11534,2,2
2020-02-04 15:31:37,11534,11534,11534,2,2
2020-02-04 15:31:41,11534,11534,11534,8,8
2020-02-04 15:31:51,11534,11534,11534,2,2
2020-02-04 15:31:51,11534,11534,11534,2,2
2020-02-04 15:31:54,11534,11534,11534,2,2
2020-02-04 15:31:55,11534,11534,11534,2,2
2020-02-04 15:32:39,11533,11533,11533,4,-4
2020-02-04 15:32:39,11533,11533,11533,2,2
2020-02-04 15:32:39,11533,11533,11533,2,2
2020-02-04 15:32:39,11533,11533,11533,2,2
2020-02-04 15:32:39,11533,11533,11533,2,2
2020-02-04 15:32:39,11533,11533,11533,2,2
2020-02-04 15:32:40,11533,11533,11533,2,2
2020-02-04 15:33:04,11533,11533,11533,2,2
2020-02-04 15:33:11,11533,11533,11533,2,2
2020-02-04 15:33:15,11533,11533,11533,2,2
2020-02-04 15:33:16,11534,11534,11534,2,2
2020-02-04 15:33:16,11534,11534,11534,12,12
2020-02-04 15:33:16,11534,11534,11534,2,2
2020-02-04 15:33:16,11534,11534,11534,4,4
2020-02-04 15:33:16,11534,11534,11534,2,2
2020-02-04 15:33:16,11534,11534,11534,2,2
2020-02-04 15:33:16,11534,11534,11534,2,2
2020-02-04 15:33:22,11534,11534,11534,2,2
2020-02-04 15:33:31,11534,11534,11534,2,2
2020-02-04 15:33:35,11534,11534,11534,2,2
2020-02-04 15:33:41,11533,11533,11533,2,-2
2020-02-04 15:33:41,11533,11533,11533,20,20
2020-02-04 15:33:41,11533,11533,11533,4,4
2020-02-04 15:33:41,11533,11533,11533,2,2
2020-02-04 15:33:41,11533,11533,11533,4,4
2020-02-04 15:33:41,11532,11532,11532,2,-2
2020-02-04 15:33:41,11532,11532,11532,2,2
2020-02-04 15:33:41,11532,11532,11532,2,2
2020-02-04 15:33:41,11532,11532,11532,2,2
2020-02-04 15:33:41,11532,11532,11532,4,4
2020-02-04 15:33:41,11532,11532,11532,2,2
2020-02-04 15:33:41,11532,11532,11532,2,2
2020-02-04 15:33:41,11532,11532,11532,2,2
2020-02-04 15:33:41,11532,11532,11532,2,2
2020-02-04 15:33:41,11532,11532,11532,2,2
2020-02-04 15:33:41,11532,11532,11532,4,4
2020-02-04 15:33:41,11532,11532,11532,2,2
2020-02-04 15:33:41,11532,11532,11532,4,4
2020-02-04 15:33:41,11532,11532,11532,2,2
2020-02-04 15:33:41,11532,11532,11532,4,4
2020-02-04 15:33:41,11532,11532,11532,2,2
2020-02-04 15:33:41,11532,11532,11532,2,2
2020-02-04 15:33:47,11532,11532,11532,2,2
2020-02-04 15:33:59,11532,11532,11532,2,2
2020-02-04 15:33:59,11532,11532,11532,2,2
2020-02-04 15:34:02,11531,11531,11531,2,-2
2020-02-04 15:34:02,11531,11531,11531,2,2
2020-02-04 15:34:02,11531,11531,11531,2,2
2020-02-04 15:34:02,11531,11531,11531,2,2
2020-02-04 15:34:05,11531,11531,11531,2,2
2020-02-04 15:34:05,11531,11531,11531,2,2
2020-02-04 15:34:05,11531,11531,11531,2,2
2020-02-04 15:34:05,11531,11531,11531,2,2
2020-02-04 15:34:05,11531,11531,11531,2,2
2020-02-04 15:34:05,11531,11531,11531,2,2
2020-02-04 15:34:05,11531,11531,11531,2,2
2020-02-04 15:34:05,11531,11531,11531,2,2
2020-02-04 15:34:05,11531,11531,11531,2,2
2020-02-04 15:34:06,11531,11531,11531,2,2
2020-02-04 15:34:06,11531,11531,11531,2,2
2020-02-04 15:34:06,11531,11531,11531,2,2
2020-02-04 15:34:06,11531,11531,11531,2,2
2020-02-04 15:34:06,11530,11530,11530,4,-4
2020-02-04 15:34:06,11530,11530,11530,2,2
2020-02-04 15:34:06,11530,11530,11530,2,2
2020-02-04 15:34:06,11530,11530,11530,2,2
2020-02-04 15:34:06,11530,11530,11530,2,2
2020-02-04 15:34:06,11530,11530,11530,2,2
2020-02-04 15:34:06,11530,11530,11530,2,2
2020-02-04 15:34:06,11530,11530,11530,2,2
2020-02-04 15:34:07,11530,11530,11530,2,2
2020-02-04 15:34:07,11530,11530,11530,2,2
2020-02-04 15:34:07,11530,11530,11530,6,6
2020-02-04 15:34:07,11530,11530,11530,2,2
2020-02-04 15:34:07,11530,11530,11530,2,2
2020-02-04 15:34:07,11530,11530,11530,2,2
2020-02-04 15:34:07,11530,11530,11530,2,2
2020-02-04 15:34:07,11530,11530,11530,2,2
2020-02-04 15:34:07,11530,11530,11530,2,2
2020-02-04 15:34:07,11530,11530,11530,4,4
2020-02-04 15:34:07,11530,11530,11530,2,2
2020-02-04 15:34:07,11530,11530,11530,2,2
2020-02-04 15:34:07,11530,11530,11530,2,2
2020-02-04 15:34:07,11530,11530,11530,2,2
2020-02-04 15:34:07,11530,11530,11530,2,2
2020-02-04 15:34:07,11530,11530,11530,2,2
2020-02-04 15:34:07,11530,11530,11530,2,2
2020-02-04 15:34:07,11530,11530,11530,2,2
2020-02-04 15:34:07,11530,11530,11530,2,2
2020-02-04 15:34:07,11530,11530,11530,2,2
2020-02-04 15:34:07,11530,11530,11530,2,2
2020-02-04 15:34:07,11530,11530,11530,2,2
2020-02-04 15:34:07,11530,11530,11530,2,2
2020-02-04 15:34:07,11530,11530,11530,2,2
2020-02-04 15:34:07,11530,11530,11530,2,2
2020-02-04 15:34:12,11529,11529,11529,2,-2
2020-02-04 15:34:12,11529,11529,11529,2,2
2020-02-04 15:34:12,11529,11529,11529,2,2
2020-02-04 15:34:12,11529,11529,11529,2,2
2020-02-04 15:34:12,11529,11529,11529,2,2
2020-02-04 15:34:12,11529,11529,11529,2,2
2020-02-04 15:34:13,11529,11529,11529,2,2
2020-02-04 15:34:13,11529,11529,11529,2,2
2020-02-04 15:34:13,11529,11529,11529,2,2
2020-02-04 15:34:13,11529,11529,11529,2,2
2020-02-04 15:34:13,11529,11529,11529,2,2
2020-02-04 15:34:13,11529,11529,11529,8,8
2020-02-04 15:34:13,11529,11529,11529,4,4
2020-02-04 15:34:13,11529,11529,11529,2,2
2020-02-04 15:34:13,11528,11528,11528,2,-2
2020-02-04 15:34:13,11528,11528,11528,2,2
2020-02-04 15:34:13,11528,11528,11528,2,2
2020-02-04 15:34:13,11528,11528,11528,2,2
2020-02-04 15:34:13,11528,11528,11528,2,2
2020-02-04 15:34:14,11528,11528,11528,2,2
2020-02-04 15:34:15,11529,11529,11529,2,2
2020-02-04 15:34:15,11529,11529,11529,6,6
2020-02-04 15:34:15,11529,11529,11529,8,8
2020-02-04 15:34:15,11529,11529,11529,36,36
2020-02-04 15:34:15,11529,11529,11529,8,8
2020-02-04 15:34:15,11529,11529,11529,2,2
2020-02-04 15:34:15,11529,11529,11529,8,8
2020-02-04 15:34:15,11529,11529,11529,10,10
2020-02-04 15:34:18,11529,11529,11529,2,2
2020-02-04 15:34:18,11529,11529,11529,2,2
2020-02-04 15:34:18,11529,11529,11529,4,4
2020-02-04 15:34:19,11529,11529,11529,2,2
2020-02-04 15:34:20,11529,11529,11529,4,4
2020-02-04 15:34:21,11529,11529,11529,2,2
2020-02-04 15:34:25,11529,11529,11529,2,2
2020-02-04 15:34:25,11529,11529,11529,4,4
2020-02-04 15:34:28,11529,11529,11529,2,2
2020-02-04 15:34:29,11529,11529,11529,2,2
2020-02-04 15:34:29,11529,11529,11529,4,4
2020-02-04 15:34:29,11529,11529,11529,2,2
2020-02-04 15:34:32,11529,11529,11529,2,2
2020-02-04 15:34:34,11528,11528,11528,4,-4
2020-02-04 15:34:37,11529,11529,11529,2,2
2020-02-04 15:34:37,11528,11528,11528,2,-2
2020-02-04 15:34:38,11528,11528,11528,2,2
2020-02-04 15:34:40,11529,11529,11529,2,2
2020-02-04 15:34:45,11529,11529,11529,2,2
2020-02-04 15:34:46,11528,11528,11528,6,-6
2020-02-04 15:34:50,11529,11529,11529,2,2
2020-02-04 15:34:52,11529,11529,11529,2,2
2020-02-04 15:34:55,11528,11528,11528,2,-2
2020-02-04 15:34:59,11528,11528,11528,2,2
2020-02-04 15:35:00,11528,11528,11528,2,2
2020-02-04 15:35:01,11528,11528,11528,2,2
2020-02-04 15:35:02,11528,11528,11528,2,2
2020-02-04 15:35:02,11528,11528,11528,2,2
2020-02-04 15:35:03,11528,11528,11528,2,2
2020-02-04 15:35:03,11528,11528,11528,2,2
2020-02-04 15:35:03,11528,11528,11528,2,2
2020-02-04 15:35:04,11528,11528,11528,2,2
2020-02-04 15:35:04,11528,11528,11528,2,2
2020-02-04 15:35:06,11529,11529,11529,2,2
2020-02-04 15:35:15,11529,11529,11529,2,2
2020-02-04 15:35:16,11529,11529,11529,2,2
2020-02-04 15:35:20,11529,11529,11529,2,2
2020-02-04 15:35:21,11528,11528,11528,2,-2
2020-02-04 15:35:21,11528,11528,11528,2,2
2020-02-04 15:35:21,11528,11528,11528,6,6
2020-02-04 15:35:21,11528,11528,11528,2,2
2020-02-04 15:35:21,11528,11528,11528,2,2
2020-02-04 15:35:21,11528,11528,11528,2,2
2020-02-04 15:35:22,11527,11527,11527,2,-2
2020-02-04 15:35:22,11527,11527,11527,2,2
2020-02-04 15:35:22,11527,11527,11527,2,2
2020-02-04 15:35:22,11527,11527,11527,2,2
2020-02-04 15:35:22,11527,11527,11527,12,12
2020-02-04 15:35:22,11527,11527,11527,4,4
2020-02-04 15:35:22,11527,11527,11527,2,2
2020-02-04 15:35:22,11527,11527,11527,2,2
2020-02-04 15:35:22,11527,11527,11527,2,2
2020-02-04 15:35:22,11527,11527,11527,2,2
2020-02-04 15:35:22,11526,11526,11526,2,-2
2020-02-04 15:35:22,11526,11526,11526,4,4
2020-02-04 15:35:22,11526,11526,11526,2,2
2020-02-04 15:35:22,11526,11526,11526,2,2
2020-02-04 15:35:22,11526,11526,11526,2,2
2020-02-04 15:35:22,11526,11526,11526,2,2
2020-02-04 15:35:22,11527,11527,11527,2,2
2020-02-04 15:35:23,11527,11527,11527,6,6
2020-02-04 15:35:23,11527,11527,11527,2,2
2020-02-04 15:35:23,11527,11527,11527,6,6
2020-02-04 15:35:23,11527,11527,11527,6,6
2020-02-04 15:35:23,11527,11527,11527,2,2
2020-02-04 15:35:27,11526,11526,11526,2,-2
2020-02-04 15:35:32,11526,11526,11526,2,2
2020-02-04 15:35:32,11526,11526,11526,2,2
2020-02-04 15:35:32,11526,11526,11526,2,2
2020-02-04 15:35:33,11526,11526,11526,2,2
2020-02-04 15:35:35,11526,11526,11526,2,2
2020-02-04 15:35:36,11526,11526,11526,2,2
2020-02-04 15:35:38,11526,11526,11526,2,2
2020-02-04 15:35:38,11526,11526,11526,2,2
2020-02-04 15:35:40,11526,11526,11526,2,2
2020-02-04 15:35:40,11527,11527,11527,2,2
2020-02-04 15:35:41,11527,11527,11527,2,2
2020-02-04 15:35:44,11527,11527,11527,10,10
2020-02-04 15:35:46,11527,11527,11527,2,2
2020-02-04 15:35:46,11527,11527,11527,4,4
2020-02-04 15:35:46,11527,11527,11527,2,2
2020-02-04 15:35:46,11527,11527,11527,2,2
2020-02-04 15:35:46,11527,11527,11527,2,2
2020-02-04 15:35:48,11527,11527,11527,2,2
2020-02-04 15:35:48,11527,11527,11527,2,2
2020-02-04 15:35:48,11527,11527,11527,2,2
2020-02-04 15:35:48,11527,11527,11527,6,6
2020-02-04 15:35:48,11527,11527,11527,2,2
2020-02-04 15:35:48,11527,11527,11527,4,4
2020-02-04 15:35:48,11527,11527,11527,2,2
2020-02-04 15:35:48,11527,11527,11527,4,4
2020-02-04 15:35:48,11527,11527,11527,6,6
2020-02-04 15:35:48,11527,11527,11527,2,2
2020-02-04 15:35:51,11527,11527,11527,2,2
2020-02-04 15:35:51,11526,11526,11526,2,-2
2020-02-04 15:35:54,11527,11527,11527,2,2
2020-02-04 15:35:54,11527,11527,11527,2,2
2020-02-04 15:35:54,11527,11527,11527,2,2
2020-02-04 15:35:54,11527,11527,11527,2,2
2020-02-04 15:35:59,11526,11526,11526,2,-2
2020-02-04 15:36:01,11527,11527,11527,2,2
2020-02-04 15:36:05,11527,11527,11527,2,2
2020-02-04 15:36:06,11527,11527,11527,2,2
2020-02-04 15:36:10,11527,11527,11527,8,8
2020-02-04 15:36:10,11527,11527,11527,2,2
2020-02-04 15:36:11,11527,11527,11527,2,2
2020-02-04 15:36:11,11527,11527,11527,4,4
2020-02-04 15:36:11,11527,11527,11527,2,2
2020-02-04 15:36:11,11527,11527,11527,2,2
2020-02-04 15:36:14,11527,11527,11527,2,2
2020-02-04 15:36:15,11527,11527,11527,2,2
2020-02-04 15:36:18,11527,11527,11527,2,2
2020-02-04 15:36:24,11527,11527,11527,10,10
2020-02-04 15:36:30,11527,11527,11527,4,4
2020-02-04 15:36:30,11527,11527,11527,2,2
2020-02-04 15:36:30,11527,11527,11527,2,2
2020-02-04 15:36:30,11527,11527,11527,2,2
2020-02-04 15:36:31,11527,11527,11527,2,2
2020-02-04 15:36:33,11527,11527,11527,2,2
2020-02-04 15:36:35,11527,11527,11527,2,2
2020-02-04 15:36:35,11527,11527,11527,2,2
2020-02-04 15:36:35,11527,11527,11527,2,2
2020-02-04 15:36:35,11527,11527,11527,2,2
2020-02-04 15:36:35,11527,11527,11527,2,2
2020-02-04 15:36:35,11527,11527,11527,2,2
2020-02-04 15:36:35,11527,11527,11527,2,2
2020-02-04 15:36:40,11527,11527,11527,2,2
2020-02-04 15:36:41,11526,11526,11526,2,-2
2020-02-04 15:36:42,11527,11527,11527,2,2
2020-02-04 15:36:46,11527,11527,11527,4,4
2020-02-04 15:36:49,11527,11527,11527,2,2
2020-02-04 15:36:51,11528,11528,11528,2,2
2020-02-04 15:36:51,11528,11528,11528,2,2
2020-02-04 15:36:51,11528,11528,11528,2,2
2020-02-04 15:36:54,11527,11527,11527,2,-2
2020-02-04 15:36:54,11527,11527,11527,2,2
2020-02-04 15:36:54,11529,11529,11529,2,2
2020-02-04 15:36:56,11527,11527,11527,2,-2
2020-02-04 15:36:56,11527,11527,11527,2,2
2020-02-04 15:36:56,11527,11527,11527,2,2
2020-02-04 15:36:56,11527,11527,11527,4,4
2020-02-04 15:36:57,11527,11527,11527,2,2
2020-02-04 15:36:57,11527,11527,11527,8,8
2020-02-04 15:36:58,11527,11527,11527,8,8
2020-02-04 15:36:58,11527,11527,11527,2,2
2020-02-04 15:36:59,11527,11527,11527,2,2
2020-02-04 15:36:59,11527,11527,11527,2,2
2020-02-04 15:36:59,11527,11527,11527,6,6
2020-02-04 15:36:59,11528,11528,11528,6,6
2020-02-04 15:37:00,11528,11528,11528,2,2
2020-02-04 15:37:03,11528,11528,11528,2,2
2020-02-04 15:37:03,11528,11528,11528,2,2
2020-02-04 15:37:05,11528,11528,11528,2,2
2020-02-04 15:37:06,11527,11527,11527,2,-2
2020-02-04 15:37:06,11527,11527,11527,2,2
2020-02-04 15:37:06,11527,11527,11527,2,2
2020-02-04 15:37:06,11527,11527,11527,2,2
2020-02-04 15:37:06,11527,11527,11527,2,2
2020-02-04 15:37:07,11528,11528,11528,2,2
2020-02-04 15:37:08,11527,11527,11527,2,-2
2020-02-04 15:37:13,11527,11527,11527,2,2
2020-02-04 15:37:14,11527,11527,11527,2,2
2020-02-04 15:37:15,11527,11527,11527,2,2
2020-02-04 15:37:17,11527,11527,11527,2,2
2020-02-04 15:37:18,11527,11527,11527,2,2
2020-02-04 15:37:20,11526,11526,11526,2,-2
2020-02-04 15:37:23,11526,11526,11526,2,2
2020-02-04 15:37:23,11526,11526,11526,2,2
2020-02-04 15:37:23,11526,11526,11526,4,4
2020-02-04 15:37:23,11526,11526,11526,6,6
2020-02-04 15:37:23,11526,11526,11526,2,2
2020-02-04 15:37:23,11526,11526,11526,2,2
2020-02-04 15:37:23,11526,11526,11526,2,2
2020-02-04 15:37:23,11526,11526,11526,4,4
2020-02-04 15:37:23,11526,11526,11526,4,4
2020-02-04 15:37:23,11526,11526,11526,2,2
2020-02-04 15:37:23,11526,11526,11526,2,2
2020-02-04 15:37:23,11526,11526,11526,2,2
2020-02-04 15:37:23,11526,11526,11526,4,4
2020-02-04 15:37:25,11525,11525,11525,2,-2
2020-02-04 15:37:25,11525,11525,11525,4,4
2020-02-04 15:37:25,11525,11525,11525,2,2
2020-02-04 15:37:25,11525,11525,11525,2,2
2020-02-04 15:37:25,11525,11525,11525,4,4
2020-02-04 15:37:25,11525,11525,11525,2,2
2020-02-04 15:37:25,11525,11525,11525,2,2
2020-02-04 15:37:25,11525,11525,11525,2,2
2020-02-04 15:37:25,11525,11525,11525,2,2
2020-02-04 15:37:25,11525,11525,11525,2,2
2020-02-04 15:37:25,11525,11525,11525,2,2
2020-02-04 15:37:25,11525,11525,11525,2,2
2020-02-04 15:37:25,11525,11525,11525,2,2
2020-02-04 15:37:25,11525,11525,11525,4,4
2020-02-04 15:37:25,11525,11525,11525,4,4
2020-02-04 15:37:25,11525,11525,11525,2,2
2020-02-04 15:37:25,11525,11525,11525,8,8
2020-02-04 15:37:25,11525,11525,11525,2,2
2020-02-04 15:37:25,11525,11525,11525,2,2
2020-02-04 15:37:25,11525,11525,11525,4,4
2020-02-04 15:37:25,11525,11525,11525,2,2
2020-02-04 15:37:25,11525,11525,11525,2,2
2020-02-04 15:37:25,11525,11525,11525,2,2
2020-02-04 15:37:25,11525,11525,11525,2,2
2020-02-04 15:37:25,11524,11524,11524,2,-2
2020-02-04 15:37:25,11524,11524,11524,2,2
2020-02-04 15:37:25,11524,11524,11524,2,2
2020-02-04 15:37:25,11524,11524,11524,2,2
2020-02-04 15:37:25,11524,11524,11524,2,2
2020-02-04 15:37:25,11524,11524,11524,2,2
2020-02-04 15:37:25,11524,11524,11524,2,2
2020-02-04 15:37:25,11524,11524,11524,2,2
2020-02-04 15:37:25,11524,11524,11524,4,4
2020-02-04 15:37:25,11524,11524,11524,2,2
2020-02-04 15:37:25,11524,11524,11524,2,2
2020-02-04 15:37:25,11524,11524,11524,2,2
2020-02-04 15:37:28,11525,11525,11525,4,4
2020-02-04 15:37:30,11524,11524,11524,2,-2
2020-02-04 15:37:34,11524,11524,11524,2,2
2020-02-04 15:37:34,11524,11524,11524,2,2
2020-02-04 15:37:34,11524,11524,11524,2,2
2020-02-04 15:37:35,11524,11524,11524,4,4
2020-02-04 15:37:35,11524,11524,11524,2,2
2020-02-04 15:37:35,11524,11524,11524,2,2
2020-02-04 15:37:35,11524,11524,11524,2,2
2020-02-04 15:37:35,11524,11524,11524,2,2
2020-02-04 15:37:35,11524,11524,11524,2,2
2020-02-04 15:37:37,11523,11523,11523,2,-2
2020-02-04 15:37:37,11523,11523,11523,2,2
2020-02-04 15:37:37,11523,11523,11523,2,2
2020-02-04 15:37:37,11523,11523,11523,2,2
2020-02-04 15:37:37,11523,11523,11523,2,2
2020-02-04 15:37:37,11523,11523,11523,6,6
2020-02-04 15:37:37,11524,11524,11524,2,2
2020-02-04 15:37:37,11523,11523,11523,2,-2
2020-02-04 15:37:39,11523,11523,11523,2,2
2020-02-04 15:37:41,11524,11524,11524,2,2
2020-02-04 15:37:42,11523,11523,11523,2,-2
2020-02-04 15:37:43,11523,11523,11523,2,2
2020-02-04 15:37:50,11524,11524,11524,2,2
2020-02-04 15:37:51,11523,11523,11523,2,-2
2020-02-04 15:37:55,11523,11523,11523,2,2
2020-02-04 15:37:57,11523,11523,11523,2,2
2020-02-04 15:37:58,11523,11523,11523,2,2
2020-02-04 15:37:59,11524,11524,11524,2,2
2020-02-04 15:38:00,11523,11523,11523,2,-2
2020-02-04 15:38:01,11524,11524,11524,6,6
2020-02-04 15:38:01,11524,11524,11524,8,8
2020-02-04 15:38:01,11524,11524,11524,2,2
2020-02-04 15:38:01,11524,11524,11524,8,8
2020-02-04 15:38:01,11524,11524,11524,2,2
2020-02-04 15:38:01,11524,11524,11524,8,8
2020-02-04 15:38:01,11524,11524,11524,14,14
2020-02-04 15:38:02,11524,11524,11524,2,2
2020-02-04 15:38:02,11524,11524,11524,4,4
2020-02-04 15:38:02,11524,11524,11524,2,2
2020-02-04 15:38:06,11525,11525,11525,2,2
2020-02-04 15:38:06,11523,11523,11523,2,-2
2020-02-04 15:38:07,11524,11524,11524,2,2
2020-02-04 15:38:08,11523,11523,11523,2,-2
2020-02-04 15:38:09,11524,11524,11524,2,2
2020-02-04 15:38:09,11524,11524,11524,2,2
2020-02-04 15:38:10,11523,11523,11523,2,-2
2020-02-04 15:38:15,11524,11524,11524,2,2
2020-02-04 15:38:15,11523,11523,11523,4,-4
2020-02-04 15:38:15,11523,11523,11523,2,2
2020-02-04 15:38:15,11523,11523,11523,2,2
2020-02-04 15:38:15,11523,11523,11523,2,2
2020-02-04 15:38:17,11523,11523,11523,2,2
2020-02-04 15:38:17,11523,11523,11523,8,8
2020-02-04 15:38:17,11523,11523,11523,6,6
2020-02-04 15:38:17,11523,11523,11523,2,2
2020-02-04 15:38:17,11523,11523,11523,2,2
2020-02-04 15:38:17,11523,11523,11523,2,2
2020-02-04 15:38:17,11523,11523,11523,2,2
2020-02-04 15:38:17,11523,11523,11523,2,2
2020-02-04 15:38:17,11523,11523,11523,2,2
2020-02-04 15:38:17,11523,11523,11523,2,2
2020-02-04 15:38:18,11524,11524,11524,2,2
2020-02-04 15:38:18,11523,11523,11523,2,-2
2020-02-04 15:38:18,11523,11523,11523,2,2
2020-02-04 15:38:18,11523,11523,11523,2,2
2020-02-04 15:38:25,11523,11523,11523,2,2
2020-02-04 15:38:31,11522,11522,11522,2,-2
2020-02-04 15:38:31,11522,11522,11522,8,8
2020-02-04 15:38:31,11522,11522,11522,2,2
2020-02-04 15:38:31,11522,11522,11522,2,2
2020-02-04 15:38:31,11522,11522,11522,2,2
2020-02-04 15:38:31,11522,11522,11522,2,2
2020-02-04 15:38:31,11522,11522,11522,2,2
2020-02-04 15:38:31,11522,11522,11522,4,4
2020-02-04 15:38:31,11522,11522,11522,2,2
2020-02-04 15:38:31,11522,11522,11522,2,2
2020-02-04 15:38:31,11522,11522,11522,2,2
2020-02-04 15:38:31,11522,11522,11522,4,4
2020-02-04 15:38:33,11523,11523,11523,4,4
2020-02-04 15:38:36,11522,11522,11522,6,-6
2020-02-04 15:38:38,11522,11522,11522,2,2
2020-02-04 15:38:41,11522,11522,11522,2,2
2020-02-04 15:38:41,11523,11523,11523,8,8
2020-02-04 15:38:42,11522,11522,11522,2,-2
2020-02-04 15:38:53,11522,11522,11522,2,2
2020-02-04 15:38:57,11522,11522,11522,2,2
2020-02-04 15:38:58,11523,11523,11523,4,4
2020-02-04 15:39:00,11523,11523,11523,2,2
2020-02-04 15:39:00,11523,11523,11523,2,2
2020-02-04 15:39:02,11522,11522,11522,2,-2
2020-02-04 15:39:02,11522,11522,11522,2,2
2020-02-04 15:39:02,11522,11522,11522,2,2
2020-02-04 15:39:03,11523,11523,11523,2,2
2020-02-04 15:39:06,11523,11523,11523,2,2
2020-02-04 15:39:08,11523,11523,11523,2,2
2020-02-04 15:39:11,11522,11522,11522,2,-2
2020-02-04 15:39:12,11522,11522,11522,2,2
2020-02-04 15:39:12,11522,11522,11522,2,2
2020-02-04 15:39:13,11522,11522,11522,2,2
2020-02-04 15:39:16,11522,11522,11522,2,2
2020-02-04 15:39:16,11522,11522,11522,2,2
2020-02-04 15:39:16,11522,11522,11522,4,4
2020-02-04 15:39:16,11522,11522,11522,2,2
2020-02-04 15:39:16,11522,11522,11522,2,2
2020-02-04 15:39:17,11522,11522,11522,2,2
2020-02-04 15:39:19,11522,11522,11522,2,2
2020-02-04 15:39:19,11521,11521,11521,4,-4
2020-02-04 15:39:19,11522,11522,11522,4,4
2020-02-04 15:39:20,11521,11521,11521,4,-4
2020-02-04 15:39:23,11522,11522,11522,2,2
2020-02-04 15:39:24,11521,11521,11521,2,-2
2020-02-04 15:39:24,11521,11521,11521,2,2
2020-02-04 15:39:24,11521,11521,11521,2,2
2020-02-04 15:39:24,11521,11521,11521,2,2
2020-02-04 15:39:24,11521,11521,11521,2,2
2020-02-04 15:39:24,11521,11521,11521,2,2
2020-02-04 15:39:24,11521,11521,11521,2,2
2020-02-04 15:39:24,11521,11521,11521,10,10
2020-02-04 15:39:24,11521,11521,11521,2,2
2020-02-04 15:39:24,11521,11521,11521,2,2
2020-02-04 15:39:24,11521,11521,11521,2,2
2020-02-04 15:39:24,11521,11521,11521,4,4
2020-02-04 15:39:24,11521,11521,11521,2,2
2020-02-04 15:39:24,11521,11521,11521,2,2
2020-02-04 15:39:24,11521,11521,11521,2,2
2020-02-04 15:39:24,11521,11521,11521,2,2
2020-02-04 15:39:24,11521,11521,11521,2,2
2020-02-04 15:39:24,11521,11521,11521,2,2
2020-02-04 15:39:24,11521,11521,11521,2,2
2020-02-04 15:39:24,11521,11521,11521,2,2
2020-02-04 15:39:26,11521,11521,11521,2,2
2020-02-04 15:39:27,11521,11521,11521,2,2
2020-02-04 15:39:28,11520,11520,11520,2,-2
2020-02-04 15:39:28,11520,11520,11520,6,6
2020-02-04 15:39:28,11520,11520,11520,2,2
2020-02-04 15:39:28,11520,11520,11520,2,2
2020-02-04 15:39:28,11520,11520,11520,4,4
2020-02-04 15:39:28,11520,11520,11520,2,2
2020-02-04 15:39:28,11520,11520,11520,2,2
2020-02-04 15:39:28,11520,11520,11520,2,2
2020-02-04 15:39:28,11520,11520,11520,2,2
2020-02-04 15:39:28,11520,11520,11520,2,2
2020-02-04 15:39:28,11520,11520,11520,2,2
2020-02-04 15:39:28,11520,11520,11520,2,2
2020-02-04 15:39:28,11520,11520,11520,2,2
2020-02-04 15:39:28,11520,11520,11520,2,2
2020-02-04 15:39:28,11520,11520,11520,2,2
2020-02-04 15:39:28,11520,11520,11520,14,14
2020-02-04 15:39:28,11520,11520,11520,16,16
2020-02-04 15:39:28,11520,11520,11520,4,4
2020-02-04 15:39:28,11520,11520,11520,2,2
2020-02-04 15:39:28,11520,11520,11520,2,2
2020-02-04 15:39:28,11520,11520,11520,2,2
2020-02-04 15:39:28,11520,11520,11520,2,2
2020-02-04 15:39:28,11520,11520,11520,8,8
2020-02-04 15:39:30,11520,11520,11520,4,4
2020-02-04 15:39:30,11520,11520,11520,14,14
2020-02-04 15:39:30,11520,11520,11520,2,2
2020-02-04 15:39:30,11520,11520,11520,2,2
2020-02-04 15:39:30,11521,11521,11521,2,2
2020-02-04 15:39:31,11520,11520,11520,2,-2
2020-02-04 15:39:31,11520,11520,11520,2,2
2020-02-04 15:39:33,11520,11520,11520,2,2
2020-02-04 15:39:34,11520,11520,11520,2,2
2020-02-04 15:39:35,11521,11521,11521,2,2
2020-02-04 15:39:36,11520,11520,11520,2,-2
2020-02-04 15:39:36,11520,11520,11520,2,2
2020-02-04 15:39:36,11520,11520,11520,2,2
2020-02-04 15:39:37,11520,11520,11520,2,2
2020-02-04 15:39:39,11520,11520,11520,2,2
2020-02-04 15:39:39,11520,11520,11520,4,4
2020-02-04 15:39:40,11520,11520,11520,2,2
2020-02-04 15:39:41,11520,11520,11520,2,2
2020-02-04 15:39:44,11519,11519,11519,2,-2
2020-02-04 15:39:47,11519,11519,11519,2,2
2020-02-04 15:39:48,11519,11519,11519,2,2
2020-02-04 15:39:48,11519,11519,11519,2,2
2020-02-04 15:39:49,11519,11519,11519,2,2
2020-02-04 15:39:51,11519,11519,11519,2,2
2020-02-04 15:39:54,11519,11519,11519,2,2
2020-02-04 15:39:54,11520,11520,11520,2,2
2020-02-04 15:39:54,11519,11519,11519,2,-2
2020-02-04 15:39:55,11520,11520,11520,2,2
2020-02-04 15:39:56,11520,11520,11520,4,4
2020-02-04 15:39:56,11520,11520,11520,2,2
2020-02-04 15:39:56,11520,11520,11520,16,16
2020-02-04 15:40:01,11520,11520,11520,2,2
2020-02-04 15:40:05,11521,11521,11521,4,4
2020-02-04 15:40:06,11521,11521,11521,2,2
2020-02-04 15:40:08,11521,11521,11521,2,2
2020-02-04 15:40:08,11521,11521,11521,2,2
2020-02-04 15:40:09,11521,11521,11521,24,24
2020-02-04 15:40:12,11522,11522,11522,2,2
2020-02-04 15:40:14,11521,11521,11521,10,-10
2020-02-04 15:40:19,11522,11522,11522,2,2
2020-02-04 15:40:22,11522,11522,11522,8,8
2020-02-04 15:40:23,11522,11522,11522,2,2
2020-02-04 15:40:25,11521,11521,11521,4,-4
2020-02-04 15:40:25,11521,11521,11521,6,6
2020-02-04 15:40:25,11521,11521,11521,2,2
2020-02-04 15:40:27,11521,11521,11521,2,2
2020-02-04 15:40:36,11521,11521,11521,2,2
2020-02-04 15:40:37,11521,11521,11521,2,2
2020-02-04 15:40:37,11521,11521,11521,2,2
2020-02-04 15:40:39,11521,11521,11521,4,4
2020-02-04 15:40:48,11521,11521,11521,2,2
2020-02-04 15:40:56,11520,11520,11520,2,-2
2020-02-04 15:40:56,11520,11520,11520,2,2
2020-02-04 15:40:56,11520,11520,11520,2,2
2020-02-04 15:40:59,11520,11520,11520,2,2
2020-02-04 15:41:01,11521,11521,11521,2,2
2020-02-04 15:41:02,11521,11521,11521,2,2
2020-02-04 15:41:02,11520,11520,11520,2,-2
2020-02-04 15:41:02,11520,11520,11520,2,2
2020-02-04 15:41:02,11520,11520,11520,2,2
2020-02-04 15:41:04,11520,11520,11520,2,2
2020-02-04 15:41:05,11520,11520,11520,4,4
2020-02-04 15:41:14,11521,11521,11521,4,4
2020-02-04 15:41:14,11521,11521,11521,6,6
2020-02-04 15:41:14,11521,11521,11521,4,4
2020-02-04 15:41:14,11521,11521,11521,14,14
2020-02-04 15:41:16,11522,11522,11522,16,16
2020-02-04 15:41:16,11522,11522,11522,4,4
2020-02-04 15:41:16,11522,11522,11522,2,2
2020-02-04 15:41:16,11522,11522,11522,2,2
2020-02-04 15:41:25,11521,11521,11521,2,-2
2020-02-04 15:41:26,11522,11522,11522,2,2
2020-02-04 15:41:27,11522,11522,11522,2,2
2020-02-04 15:41:27,11521,11521,11521,2,-2
2020-02-04 15:41:27,11521,11521,11521,2,2
2020-02-04 15:41:27,11521,11521,11521,2,2
2020-02-04 15:41:29,11522,11522,11522,2,2
2020-02-04 15:41:35,11523,11523,11523,2,2
2020-02-04 15:41:41,11523,11523,11523,2,2
2020-02-04 15:41:46,11522,11522,11522,2,-2
2020-02-04 15:41:46,11522,11522,11522,2,2
2020-02-04 15:41:46,11522,11522,11522,2,2
2020-02-04 15:41:46,11522,11522,11522,2,2
2020-02-04 15:41:46,11522,11522,11522,2,2
2020-02-04 15:41:46,11522,11522,11522,4,4
2020-02-04 15:41:46,11522,11522,11522,6,6
2020-02-04 15:41:51,11522,11522,11522,4,4
2020-02-04 15:42:01,11522,11522,11522,2,2
2020-02-04 15:42:02,11522,11522,11522,2,2
2020-02-04 15:42:08,11522,11522,11522,2,2
2020-02-04 15:42:08,11522,11522,11522,2,2
2020-02-04 15:42:08,11522,11522,11522,2,2
2020-02-04 15:42:08,11522,11522,11522,2,2
2020-02-04 15:42:08,11522,11522,11522,2,2
2020-02-04 15:42:09,11522,11522,11522,2,2
2020-02-04 15:42:09,11522,11522,11522,2,2
2020-02-04 15:42:09,11522,11522,11522,2,2
2020-02-04 15:42:09,11522,11522,11522,4,4
2020-02-04 15:42:09,11522,11522,11522,2,2
2020-02-04 15:42:09,11522,11522,11522,2,2
2020-02-04 15:42:09,11522,11522,11522,4,4
2020-02-04 15:42:09,11522,11522,11522,2,2
2020-02-04 15:42:16,11522,11522,11522,2,2
2020-02-04 15:42:16,11522,11522,11522,2,2
2020-02-04 15:42:18,11522,11522,11522,2,2
2020-02-04 15:42:18,11522,11522,11522,2,2
2020-02-04 15:42:18,11522,11522,11522,2,2
2020-02-04 15:42:18,11522,11522,11522,2,2
2020-02-04 15:42:19,11522,11522,11522,2,2
2020-02-04 15:42:19,11522,11522,11522,2,2
2020-02-04 15:42:19,11522,11522,11522,2,2
2020-02-04 15:42:19,11522,11522,11522,2,2
2020-02-04 15:42:20,11522,11522,11522,2,2
2020-02-04 15:42:24,11522,11522,11522,2,2
2020-02-04 15:42:24,11522,11522,11522,8,8
2020-02-04 15:42:24,11522,11522,11522,2,2
2020-02-04 15:42:24,11522,11522,11522,2,2
2020-02-04 15:42:24,11522,11522,11522,2,2
2020-02-04 15:42:24,11522,11522,11522,4,4
2020-02-04 15:42:26,11522,11522,11522,2,2
2020-02-04 15:42:34,11522,11522,11522,2,2
2020-02-04 15:42:34,11522,11522,11522,2,2
2020-02-04 15:42:34,11522,11522,11522,2,2
2020-02-04 15:42:34,11522,11522,11522,2,2
2020-02-04 15:42:34,11522,11522,11522,2,2
2020-02-04 15:42:34,11522,11522,11522,2,2
2020-02-04 15:42:35,11522,11522,11522,8,8
2020-02-04 15:42:36,11523,11523,11523,2,2
2020-02-04 15:42:37,11523,11523,11523,18,18
2020-02-04 15:42:41,11524,11524,11524,2,2
2020-02-04 15:42:41,11524,11524,11524,2,2
2020-02-04 15:42:43,11524,11524,11524,2,2
2020-02-04 15:42:43,11525,11525,11525,2,2
2020-02-04 15:42:43,11525,11525,11525,2,2
2020-02-04 15:42:43,11525,11525,11525,8,8
2020-02-04 15:42:43,11525,11525,11525,2,2
2020-02-04 15:42:43,11525,11525,11525,2,2
2020-02-04 15:42:43,11525,11525,11525,2,2
2020-02-04 15:42:44,11524,11524,11524,2,-2
2020-02-04 15:42:44,11526,11526,11526,10,10
2020-02-04 15:42:44,11525,11525,11525,6,-6
2020-02-04 15:42:44,11525,11525,11525,2,2
2020-02-04 15:42:44,11525,11525,11525,2,2
2020-02-04 15:42:44,11525,11525,11525,2,2
2020-02-04 15:42:44,11525,11525,11525,4,4
2020-02-04 15:42:44,11525,11525,11525,2,2
2020-02-04 15:42:44,11525,11525,11525,2,2
2020-02-04 15:42:44,11525,11525,11525,2,2
2020-02-04 15:42:44,11524,11524,11524,6,-6
2020-02-04 15:42:44,11524,11524,11524,2,2
2020-02-04 15:42:44,11524,11524,11524,2,2
2020-02-04 15:42:44,11524,11524,11524,2,2
2020-02-04 15:42:44,11524,11524,11524,8,8
2020-02-04 15:42:44,11524,11524,11524,2,2
2020-02-04 15:42:44,11524,11524,11524,2,2
2020-02-04 15:42:44,11524,11524,11524,6,6
2020-02-04 15:42:44,11524,11524,11524,4,4
2020-02-04 15:42:44,11524,11524,11524,2,2
2020-02-04 15:42:44,11523,11523,11523,2,-2
2020-02-04 15:42:44,11523,11523,11523,4,4
2020-02-04 15:42:44,11523,11523,11523,2,2
2020-02-04 15:42:44,11523,11523,11523,2,2
2020-02-04 15:42:44,11523,11523,11523,2,2
2020-02-04 15:42:44,11523,11523,11523,2,2
2020-02-04 15:42:44,11523,11523,11523,2,2
2020-02-04 15:42:44,11523,11523,11523,2,2
2020-02-04 15:42:45,11524,11524,11524,18,18
2020-02-04 15:42:48,11525,11525,11525,2,2
2020-02-04 15:42:54,11525,11525,11525,2,2
2020-02-04 15:43:00,11524,11524,11524,2,-2
2020-02-04 15:43:00,11524,11524,11524,2,2
2020-02-04 15:43:00,11524,11524,11524,2,2
2020-02-04 15:43:04,11525,11525,11525,2,2
2020-02-04 15:43:07,11525,11525,11525,2,2
2020-02-04 15:43:09,11524,11524,11524,2,-2
2020-02-04 15:43:10,11525,11525,11525,2,2
2020-02-04 15:43:10,11525,11525,11525,6,6
2020-02-04 15:43:13,11525,11525,11525,6,6
2020-02-04 15:43:16,11525,11525,11525,2,2
2020-02-04 15:43:17,11526,11526,11526,2,2
2020-02-04 15:43:18,11525,11525,11525,2,-2
2020-02-04 15:43:19,11526,11526,11526,4,4
2020-02-04 15:43:20,11526,11526,11526,2,2
2020-02-04 15:43:26,11525,11525,11525,8,-8
2020-02-04 15:43:26,11525,11525,11525,2,2
2020-02-04 15:43:26,11526,11526,11526,2,2
2020-02-04 15:43:27,11526,11526,11526,2,2
2020-02-04 15:43:36,11526,11526,11526,2,2
2020-02-04 15:43:38,11526,11526,11526,4,4
2020-02-04 15:43:46,11526,11526,11526,2,2
2020-02-04 15:43:53,11525,11525,11525,2,-2
2020-02-04 15:43:53,11525,11525,11525,4,4
2020-02-04 15:43:53,11525,11525,11525,2,2
2020-02-04 15:43:53,11525,11525,11525,2,2
2020-02-04 15:43:53,11525,11525,11525,2,2
2020-02-04 15:43:57,11525,11525,11525,4,4
2020-02-04 15:43:58,11525,11525,11525,2,2
2020-02-04 15:44:08,11525,11525,11525,2,2
2020-02-04 15:44:11,11525,11525,11525,2,2
2020-02-04 15:44:15,11526,11526,11526,2,2
2020-02-04 15:44:17,11525,11525,11525,2,-2
2020-02-04 15:44:18,11526,11526,11526,4,4
2020-02-04 15:44:21,11525,11525,11525,2,-2
2020-02-04 15:44:26,11525,11525,11525,2,2
2020-02-04 15:44:41,11525,11525,11525,2,2
2020-02-04 15:44:42,11524,11524,11524,2,-2
2020-02-04 15:44:53,11525,11525,11525,6,6
2020-02-04 15:44:55,11526,11526,11526,2,2
2020-02-04 15:44:57,11525,11525,11525,2,-2
2020-02-04 15:44:57,11525,11525,11525,4,4
2020-02-04 15:44:58,11525,11525,11525,2,2
2020-02-04 15:44:59,11525,11525,11525,2,2
2020-02-04 15:45:08,11525,11525,11525,2,2
2020-02-04 15:45:11,11525,11525,11525,2,2
2020-02-04 15:45:12,11525,11525,11525,10,10
2020-02-04 15:45:12,11525,11525,11525,2,2
2020-02-04 15:45:12,11525,11525,11525,2,2
2020-02-04 15:45:12,11525,11525,11525,2,2
2020-02-04 15:45:12,11525,11525,11525,2,2
2020-02-04 15:45:13,11525,11525,11525,2,2
2020-02-04 15:45:20,11525,11525,11525,4,4
2020-02-04 15:45:21,11525,11525,11525,2,2
2020-02-04 15:45:27,11526,11526,11526,28,28
2020-02-04 15:45:36,11527,11527,11527,2,2
2020-02-04 15:45:36,11527,11527,11527,2,2
2020-02-04 15:45:36,11527,11527,11527,2,2
2020-02-04 15:45:37,11527,11527,11527,2,2
2020-02-04 15:45:38,11527,11527,11527,2,2
2020-02-04 15:45:40,11527,11527,11527,2,2
2020-02-04 15:45:56,11527,11527,11527,2,2
2020-02-04 15:45:56,11527,11527,11527,2,2
2020-02-04 15:45:56,11527,11527,11527,2,2
2020-02-04 15:45:59,11526,11526,11526,2,-2
2020-02-04 15:45:59,11526,11526,11526,2,2
2020-02-04 15:46:02,11527,11527,11527,2,2
2020-02-04 15:46:02,11528,11528,11528,2,2
2020-02-04 15:46:07,11527,11527,11527,2,-2
2020-02-04 15:46:08,11528,11528,11528,2,2
2020-02-04 15:46:12,11528,11528,11528,2,2
2020-02-04 15:46:15,11528,11528,11528,2,2
2020-02-04 15:46:18,11528,11528,11528,8,8
2020-02-04 15:46:18,11528,11528,11528,8,8
2020-02-04 15:46:18,11528,11528,11528,2,2
2020-02-04 15:46:18,11528,11528,11528,2,2
2020-02-04 15:46:18,11528,11528,11528,2,2
2020-02-04 15:46:23,11528,11528,11528,2,2
2020-02-04 15:46:36,11528,11528,11528,2,2
2020-02-04 15:46:38,11528,11528,11528,2,2
2020-02-04 15:46:42,11528,11528,11528,2,2
2020-02-04 15:46:42,11528,11528,11528,2,2
2020-02-04 15:46:52,11528,11528,11528,8,8
2020-02-04 15:47:00,11529,11529,11529,10,10
2020-02-04 15:47:00,11529,11529,11529,2,2
2020-02-04 15:47:02,11529,11529,11529,2,2
2020-02-04 15:47:03,11529,11529,11529,2,2
2020-02-04 15:47:06,11529,11529,11529,6,6
2020-02-04 15:47:08,11530,11530,11530,20,20
2020-02-04 15:47:08,11530,11530,11530,2,2
2020-02-04 15:47:08,11530,11530,11530,2,2
2020-02-04 15:47:09,11530,11530,11530,12,12
2020-02-04 15:47:09,11530,11530,11530,2,2
2020-02-04 15:47:13,11531,11531,11531,2,2
2020-02-04 15:47:14,11531,11531,11531,4,4
2020-02-04 15:47:15,11531,11531,11531,2,2
2020-02-04 15:47:15,11532,11532,11532,6,6
2020-02-04 15:47:16,11531,11531,11531,2,-2
2020-02-04 15:47:16,11530,11530,11530,8,-8
2020-02-04 15:47:16,11530,11530,11530,10,10
2020-02-04 15:47:17,11531,11531,11531,2,2
2020-02-04 15:47:18,11530,11530,11530,2,-2
2020-02-04 15:47:18,11532,11532,11532,2,2
2020-02-04 15:47:20,11532,11532,11532,2,2
2020-02-04 15:47:22,11532,11532,11532,20,20
2020-02-04 15:47:23,11532,11532,11532,20,20
2020-02-04 15:47:26,11531,11531,11531,2,-2
2020-02-04 15:47:26,11531,11531,11531,2,2
2020-02-04 15:47:26,11531,11531,11531,2,2
2020-02-04 15:47:26,11531,11531,11531,2,2
2020-02-04 15:47:26,11531,11531,11531,4,4
2020-02-04 15:47:26,11531,11531,11531,2,2
2020-02-04 15:47:26,11531,11531,11531,2,2
2020-02-04 15:47:27,11531,11531,11531,8,8
2020-02-04 15:47:29,11531,11531,11531,2,2
2020-02-04 15:47:31,11531,11531,11531,2,2
2020-02-04 15:47:33,11531,11531,11531,2,2
2020-02-04 15:47:45,11531,11531,11531,2,2
2020-02-04 15:47:49,11531,11531,11531,12,12
2020-02-04 15:47:50,11531,11531,11531,10,10
2020-02-04 15:47:53,11531,11531,11531,2,2
2020-02-04 15:47:55,11531,11531,11531,2,2
2020-02-04 15:47:57,11530,11530,11530,6,-6
2020-02-04 15:47:57,11530,11530,11530,10,10
2020-02-04 15:47:57,11530,11530,11530,2,2
2020-02-04 15:47:57,11530,11530,11530,2,2
2020-02-04 15:47:57,11530,11530,11530,16,16
2020-02-04 15:47:57,11530,11530,11530,2,2
2020-02-04 15:47:57,11530,11530,11530,2,2
2020-02-04 15:47:57,11530,11530,11530,2,2
2020-02-04 15:47:57,11530,11530,11530,2,2
2020-02-04 15:48:03,11529,11529,11529,2,-2
2020-02-04 15:48:04,11529,11529,11529,12,12
2020-02-04 15:48:04,11529,11529,11529,2,2
2020-02-04 15:48:04,11529,11529,11529,4,4
2020-02-04 15:48:04,11528,11528,11528,2,-2
2020-02-04 15:48:04,11528,11528,11528,4,4
2020-02-04 15:48:04,11528,11528,11528,4,4
2020-02-04 15:48:04,11528,11528,11528,6,6
2020-02-04 15:48:04,11528,11528,11528,2,2
2020-02-04 15:48:04,11528,11528,11528,2,2
2020-02-04 15:48:04,11528,11528,11528,2,2
2020-02-04 15:48:04,11528,11528,11528,8,8
2020-02-04 15:48:04,11528,11528,11528,2,2
2020-02-04 15:48:04,11528,11528,11528,4,4
2020-02-04 15:48:04,11528,11528,11528,2,2
2020-02-04 15:48:04,11528,11528,11528,2,2
2020-02-04 15:48:04,11528,11528,11528,2,2
2020-02-04 15:48:04,11528,11528,11528,10,10
2020-02-04 15:48:04,11528,11528,11528,2,2
2020-02-04 15:48:04,11528,11528,11528,2,2
2020-02-04 15:48:04,11528,11528,11528,10,10
2020-02-04 15:48:04,11528,11528,11528,10,10
2020-02-04 15:48:08,11528,11528,11528,38,38
2020-02-04 15:48:09,11528,11528,11528,2,2
2020-02-04 15:48:15,11528,11528,11528,2,2
2020-02-04 15:48:18,11529,11529,11529,2,2
2020-02-04 15:48:18,11529,11529,11529,26,26
2020-02-04 15:48:18,11530,11530,11530,2,2
2020-02-04 15:48:18,11530,11530,11530,2,2
2020-02-04 15:48:18,11530,11530,11530,4,4
2020-02-04 15:48:18,11530,11530,11530,2,2
2020-02-04 15:48:18,11530,11530,11530,2,2
2020-02-04 15:48:20,11529,11529,11529,2,-2
2020-02-04 15:48:20,11529,11529,11529,2,2
2020-02-04 15:48:24,11530,11530,11530,2,2
2020-02-04 15:48:26,11530,11530,11530,2,2
2020-02-04 15:48:27,11530,11530,11530,2,2
2020-02-04 15:48:28,11530,11530,11530,2,2
2020-02-04 15:48:29,11531,11531,11531,2,2
2020-02-04 15:48:36,11531,11531,11531,4,4
2020-02-04 15:48:39,11531,11531,11531,2,2
2020-02-04 15:48:40,11530,11530,11530,2,-2
2020-02-04 15:48:49,11530,11530,11530,2,2
2020-02-04 15:48:52,11530,11530,11530,2,2
2020-02-04 15:49:22,11530,11530,11530,2,2
2020-02-04 15:49:23,11530,11530,11530,2,2
2020-02-04 15:49:42,11530,11530,11530,4,4
2020-02-04 15:50:09,11530,11530,11530,2,2
2020-02-04 15:50:12,11531,11531,11531,4,4
2020-02-04 15:50:14,11531,11531,11531,2,2
2020-02-04 15:50:14,11531,11531,11531,2,2
2020-02-04 15:50:30,11531,11531,11531,2,2
2020-02-04 15:50:45,11531,11531,11531,4,4
2020-02-04 15:50:53,11531,11531,11531,10,10
2020-02-04 15:50:55,11531,11531,11531,2,2
2020-02-04 15:50:56,11531,11531,11531,6,6
2020-02-04 15:50:57,11530,11530,11530,4,-4
2020-02-04 15:50:57,11530,11530,11530,4,4
2020-02-04 15:50:57,11530,11530,11530,2,2
2020-02-04 15:50:57,11530,11530,11530,4,4
2020-02-04 15:51:01,11531,11531,11531,2,2
2020-02-04 15:51:07,11531,11531,11531,2,2
2020-02-04 15:51:11,11530,11530,11530,2,-2
2020-02-04 15:51:11,11530,11530,11530,2,2
2020-02-04 15:51:16,11530,11530,11530,2,2
2020-02-04 15:51:16,11530,11530,11530,2,2
2020-02-04 15:51:16,11530,11530,11530,6,6
2020-02-04 15:51:16,11530,11530,11530,2,2
2020-02-04 15:51:28,11529,11529,11529,2,-2
2020-02-04 15:51:28,11529,11529,11529,2,2
2020-02-04 15:51:28,11529,11529,11529,8,8
2020-02-04 15:51:28,11529,11529,11529,2,2
2020-02-04 15:51:34,11530,11530,11530,2,2
2020-02-04 15:51:40,11529,11529,11529,2,-2
2020-02-04 15:51:43,11529,11529,11529,2,2
2020-02-04 15:51:50,11529,11529,11529,2,2
2020-02-04 15:51:52,11529,11529,11529,2,2
2020-02-04 15:51:52,11529,11529,11529,4,4
2020-02-04 15:51:53,11529,11529,11529,2,2
2020-02-04 15:52:13,11530,11530,11530,2,2
2020-02-04 15:52:41,11529,11529,11529,2,-2
2020-02-04 15:52:41,11529,11529,11529,2,2
2020-02-04 15:52:41,11529,11529,11529,2,2
2020-02-04 15:52:41,11529,11529,11529,2,2
2020-02-04 15:52:41,11529,11529,11529,2,2
2020-02-04 15:52:41,11529,11529,11529,2,2
2020-02-04 15:52:41,11529,11529,11529,2,2
2020-02-04 15:52:41,11529,11529,11529,2,2
2020-02-04 15:52:41,11529,11529,11529,2,2
2020-02-04 15:52:42,11529,11529,11529,2,2
2020-02-04 15:52:58,11529,11529,11529,4,4
2020-02-04 15:53:10,11529,11529,11529,2,2
2020-02-04 15:53:14,11529,11529,11529,2,2
2020-02-04 15:53:14,11529,11529,11529,2,2
2020-02-04 15:53:20,11528,11528,11528,2,-2
2020-02-04 15:53:21,11529,11529,11529,4,4
2020-02-04 15:53:26,11528,11528,11528,6,-6
2020-02-04 15:53:26,11529,11529,11529,2,2
2020-02-04 15:53:32,11529,11529,11529,2,2
2020-02-04 15:54:22,11530,11530,11530,18,18
2020-02-04 15:54:22,11530,11530,11530,6,6
2020-02-04 15:54:22,11530,11530,11530,12,12
2020-02-04 15:54:38,11530,11530,11530,4,4
2020-02-04 15:54:38,11530,11530,11530,8,8
2020-02-04 15:54:38,11530,11530,11530,4,4
2020-02-04 15:54:38,11530,11530,11530,2,2
2020-02-04 15:54:39,11530,11530,11530,2,2
2020-02-04 15:54:39,11530,11530,11530,2,2
2020-02-04 15:54:39,11530,11530,11530,2,2
2020-02-04 15:54:39,11530,11530,11530,2,2
2020-02-04 15:54:44,11531,11531,11531,2,2
2020-02-04 15:54:46,11531,11531,11531,6,6
2020-02-04 15:54:52,11531,11531,11531,2,2
2020-02-04 15:54:54,11532,11532,11532,4,4
2020-02-04 15:54:54,11532,11532,11532,4,4
2020-02-04 15:54:54,11532,11532,11532,2,2
2020-02-04 15:54:54,11532,11532,11532,22,22
2020-02-04 15:54:59,11533,11533,11533,2,2
2020-02-04 15:55:01,11533,11533,11533,2,2
2020-02-04 15:55:04,11532,11532,11532,2,-2
2020-02-04 15:55:05,11533,11533,11533,2,2
2020-02-04 15:55:09,11533,11533,11533,2,2
2020-02-04 15:55:10,11533,11533,11533,2,2
2020-02-04 15:55:16,11533,11533,11533,2,2
2020-02-04 15:55:21,11533,11533,11533,2,2
2020-02-04 15:55:24,11533,11533,11533,4,4
2020-02-04 15:55:25,11533,11533,11533,2,2
2020-02-04 15:55:34,11533,11533,11533,2,2
2020-02-04 15:55:35,11533,11533,11533,2,2
2020-02-04 15:55:36,11533,11533,11533,2,2
2020-02-04 15:55:42,11533,11533,11533,8,8
2020-02-04 15:55:43,11532,11532,11532,2,-2
2020-02-04 15:55:43,11532,11532,11532,8,8
2020-02-04 15:55:43,11532,11532,11532,2,2
2020-02-04 15:55:43,11532,11532,11532,4,4
2020-02-04 15:55:44,11532,11532,11532,2,2
2020-02-04 15:55:49,11532,11532,11532,2,2
2020-02-04 15:55:54,11532,11532,11532,2,2
2020-02-04 15:56:02,11532,11532,11532,4,4
2020-02-04 15:56:06,11531,11531,11531,2,-2
2020-02-04 15:56:10,11531,11531,11531,2,2
2020-02-04 15:56:20,11531,11531,11531,2,2
2020-02-04 15:56:20,11531,11531,11531,6,6
2020-02-04 15:56:47,11531,11531,11531,4,4
2020-02-04 15:56:48,11531,11531,11531,2,2
2020-02-04 15:56:48,11532,11532,11532,2,2
2020-02-04 15:56:54,11531,11531,11531,2,-2
2020-02-04 15:56:54,11531,11531,11531,2,2
2020-02-04 15:56:56,11530,11530,11530,2,-2
2020-02-04 15:56:56,11530,11530,11530,2,2
2020-02-04 15:57:05,11531,11531,11531,2,2
2020-02-04 15:57:12,11531,11531,11531,2,2
2020-02-04 15:57:30,11531,11531,11531,2,2
2020-02-04 15:57:30,11531,11531,11531,2,2
2020-02-04 15:57:54,11531,11531,11531,2,2
2020-02-04 15:58:07,11531,11531,11531,2,2
2020-02-04 15:58:08,11531,11531,11531,2,2
2020-02-04 15:58:12,11532,11532,11532,10,10
2020-02-04 15:58:16,11531,11531,11531,2,-2
2020-02-04 15:58:26,11532,11532,11532,2,2
2020-02-04 15:58:33,11532,11532,11532,2,2
2020-02-04 15:58:33,11532,11532,11532,4,4
2020-02-04 15:58:33,11532,11532,11532,2,2
2020-02-04 15:58:33,11532,11532,11532,2,2
2020-02-04 15:58:33,11532,11532,11532,2,2
2020-02-04 15:58:33,11532,11532,11532,2,2
2020-02-04 15:58:33,11532,11532,11532,2,2
2020-02-04 15:58:33,11532,11532,11532,2,2
2020-02-04 15:58:33,11532,11532,11532,2,2
2020-02-04 15:58:38,11532,11532,11532,2,2
2020-02-04 15:58:38,11533,11533,11533,2,2
2020-02-04 15:58:50,11533,11533,11533,4,4
2020-02-04 15:58:51,11533,11533,11533,2,2
2020-02-04 15:58:51,11533,11533,11533,2,2
2020-02-04 15:58:51,11533,11533,11533,6,6
2020-02-04 15:58:51,11533,11533,11533,10,10
2020-02-04 15:59:04,11534,11534,11534,56,56
2020-02-04 15:59:04,11535,11535,11535,94,94
2020-02-04 15:59:04,11535,11535,11535,2,2
2020-02-04 15:59:04,11536,11536,11536,2,2
2020-02-04 15:59:04,11536,11536,11536,2,2
2020-02-04 15:59:08,11536,11536,11536,2,2
2020-02-04 15:59:09,11536,11536,11536,2,2
2020-02-04 15:59:09,11535,11535,11535,2,-2
2020-02-04 15:59:09,11535,11535,11535,2,2
2020-02-04 15:59:19,11535,11535,11535,2,2
2020-02-04 15:59:19,11535,11535,11535,2,2
2020-02-04 15:59:19,11536,11536,11536,2,2
2020-02-04 15:59:19,11536,11536,11536,8,8
2020-02-04 15:59:19,11535,11535,11535,2,-2
2020-02-04 15:59:20,11536,11536,11536,6,6
2020-02-04 15:59:20,11535,11535,11535,2,-2
2020-02-04 15:59:21,11536,11536,11536,2,2
2020-02-04 15:59:22,11536,11536,11536,50,50
2020-02-04 15:59:22,11536,11536,11536,6,6
2020-02-04 15:59:22,11536,11536,11536,16,16
2020-02-04 15:59:22,11536,11536,11536,2,2
2020-02-04 15:59:24,11536,11536,11536,2,2
2020-02-04 15:59:26,11536,11536,11536,2,2
2020-02-04 15:59:26,11537,11537,11537,4,4
2020-02-04 15:59:26,11537,11537,11537,2,2
2020-02-04 15:59:26,11537,11537,11537,4,4
2020-02-04 15:59:27,11536,11536,11536,2,-2
2020-02-04 15:59:27,11537,11537,11537,2,2
2020-02-04 15:59:28,11537,11537,11537,8,8
2020-02-04 15:59:28,11537,11537,11537,2,2
2020-02-04 15:59:28,11537,11537,11537,6,6
2020-02-04 15:59:28,11537,11537,11537,2,2
2020-02-04 15:59:29,11537,11537,11537,2,2
2020-02-04 15:59:30,11537,11537,11537,2,2
2020-02-04 15:59:32,11537,11537,11537,2,2
2020-02-04 15:59:34,11538,11538,11538,2,2
2020-02-04 15:59:35,11538,11538,11538,2,2
2020-02-04 15:59:36,11538,11538,11538,2,2
2020-02-04 15:59:37,11538,11538,11538,2,2
2020-02-04 15:59:40,11538,11538,11538,32,32
2020-02-04 15:59:40,11538,11538,11538,6,6
2020-02-04 15:59:40,11538,11538,11538,6,6
2020-02-04 15:59:40,11538,11538,11538,6,6
2020-02-04 15:59:40,11538,11538,11538,2,2
2020-02-04 15:59:41,11537,11537,11537,2,-2
2020-02-04 15:59:46,11539,11539,11539,2,2
2020-02-04 15:59:47,11539,11539,11539,2,2
2020-02-04 15:59:50,11538,11538,11538,2,-2
2020-02-04 15:59:50,11538,11538,11538,2,2
2020-02-04 15:59:55,11538,11538,11538,4,4
2020-02-04 15:59:55,11538,11538,11538,2,2
2020-02-04 15:59:55,11538,11538,11538,2,2
2020-02-04 15:59:55,11538,11538,11538,2,2
2020-02-04 15:59:55,11537,11537,11537,4,-4
2020-02-04 15:59:58,11538,11538,11538,2,2
2020-02-04 15:59:59,11538,11538,11538,2,2
2020-02-04 15:59:59,11539,11539,11539,20,20
2020-02-04 15:59:59,11539,11539,11539,26,26
2020-02-04 15:59:59,11539,11539,11539,2,2
2020-02-04 15:59:59,11539,11539,11539,6,6
2020-02-04 16:00:01,11539,11539,11539,20,20
2020-02-04 16:00:01,11538,11538,11538,2,-2
2020-02-04 16:00:01,11538,11538,11538,2,2
2020-02-04 16:00:02,11539,11539,11539,2,2
2020-02-04 16:00:02,11539,11539,11539,2,2
2020-02-04 16:00:04,11539,11539,11539,2,2
2020-02-04 16:00:06,11538,11538,11538,2,-2
2020-02-04 16:00:06,11538,11538,11538,2,2
2020-02-04 16:00:07,11539,11539,11539,2,2
2020-02-04 16:00:10,11539,11539,11539,2,2
2020-02-04 16:00:13,11538,11538,11538,2,-2
2020-02-04 16:00:19,11539,11539,11539,2,2
2020-02-04 16:00:21,11539,11539,11539,2,2
2020-02-04 16:00:21,11538,11538,11538,2,-2
2020-02-04 16:00:21,11538,11538,11538,2,2
2020-02-04 16:00:22,11539,11539,11539,2,2
2020-02-04 16:00:22,11539,11539,11539,2,2
2020-02-04 16:00:26,11539,11539,11539,2,2
2020-02-04 16:00:27,11538,11538,11538,2,-2
2020-02-04 16:00:31,11538,11538,11538,2,2
2020-02-04 16:00:33,11538,11538,11538,2,2
2020-02-04 16:00:34,11538,11538,11538,2,2
2020-02-04 16:00:36,11537,11537,11537,4,-4
2020-02-04 16:00:36,11537,11537,11537,2,2
2020-02-04 16:00:36,11537,11537,11537,2,2
2020-02-04 16:00:36,11537,11537,11537,2,2
2020-02-04 16:00:36,11537,11537,11537,2,2
2020-02-04 16:00:36,11537,11537,11537,8,8
2020-02-04 16:00:37,11538,11538,11538,2,2
2020-02-04 16:00:37,11538,11538,11538,2,2
2020-02-04 16:00:40,11538,11538,11538,4,4
2020-02-04 16:00:40,11538,11538,11538,2,2
2020-02-04 16:00:40,11539,11539,11539,20,20
2020-02-04 16:00:43,11538,11538,11538,2,-2
2020-02-04 16:00:43,11538,11538,11538,2,2
2020-02-04 16:00:43,11538,11538,11538,2,2
2020-02-04 16:00:44,11539,11539,11539,8,8
2020-02-04 16:00:44,11539,11539,11539,6,6
2020-02-04 16:00:45,11538,11538,11538,2,-2
2020-02-04 16:00:51,11538,11538,11538,2,2
2020-02-04 16:00:51,11538,11538,11538,20,20
2020-02-04 16:00:51,11538,11538,11538,2,2
2020-02-04 16:00:51,11538,11538,11538,2,2
2020-02-04 16:00:51,11537,11537,11537,2,-2
2020-02-04 16:00:52,11537,11537,11537,4,4
2020-02-04 16:00:53,11537,11537,11537,2,2
2020-02-04 16:00:53,11537,11537,11537,2,2
2020-02-04 16:00:53,11537,11537,11537,6,6
2020-02-04 16:00:53,11537,11537,11537,2,2
2020-02-04 16:00:53,11537,11537,11537,2,2
2020-02-04 16:00:53,11537,11537,11537,2,2
2020-02-04 16:00:54,11538,11538,11538,22,22
2020-02-04 16:01:00,11538,11538,11538,2,2
2020-02-04 16:01:03,11538,11538,11538,2,2
2020-02-04 16:01:09,11538,11538,11538,2,2
2020-02-04 16:01:30,11538,11538,11538,2,2
2020-02-04 16:01:31,11538,11538,11538,6,6
2020-02-04 16:01:36,11538,11538,11538,6,6
2020-02-04 16:01:53,11539,11539,11539,4,4
2020-02-04 16:01:53,11539,11539,11539,10,10
2020-02-04 16:01:53,11539,11539,11539,6,6
2020-02-04 16:01:55,11539,11539,11539,2,2
2020-02-04 16:01:57,11539,11539,11539,4,4
2020-02-04 16:02:05,11539,11539,11539,2,2
2020-02-04 16:02:14,11540,11540,11540,20,20
2020-02-04 16:02:14,11540,11540,11540,16,16
2020-02-04 16:02:14,11540,11540,11540,4,4
2020-02-04 16:02:14,11540,11540,11540,10,10
2020-02-04 16:02:14,11540,11540,11540,2,2
2020-02-04 16:02:14,11540,11540,11540,6,6
2020-02-04 16:02:14,11540,11540,11540,2,2
2020-02-04 16:02:14,11540,11540,11540,14,14
2020-02-04 16:02:14,11540,11540,11540,4,4
2020-02-04 16:02:14,11541,11541,11541,2,2
2020-02-04 16:02:14,11540,11540,11540,2,-2
2020-02-04 16:02:14,11540,11540,11540,2,2
2020-02-04 16:02:14,11541,11541,11541,2,2
2020-02-04 16:02:14,11541,11541,11541,14,14
2020-02-04 16:02:14,11541,11541,11541,6,6
2020-02-04 16:02:14,11542,11542,11542,2,2
2020-02-04 16:02:14,11542,11542,11542,2,2
2020-02-04 16:02:14,11542,11542,11542,2,2
2020-02-04 16:02:14,11542,11542,11542,2,2
2020-02-04 16:02:14,11542,11542,11542,26,26
2020-02-04 16:02:14,11541,11541,11541,2,-2
2020-02-04 16:02:14,11542,11542,11542,4,4
2020-02-04 16:02:16,11543,11543,11543,20,20
2020-02-04 16:02:16,11542,11542,11542,4,-4
2020-02-04 16:02:16,11542,11542,11542,2,2
2020-02-04 16:02:16,11542,11542,11542,20,20
2020-02-04 16:02:16,11542,11542,11542,2,2
2020-02-04 16:02:16,11542,11542,11542,4,4
2020-02-04 16:02:16,11542,11542,11542,2,2
2020-02-04 16:02:16,11542,11542,11542,2,2
2020-02-04 16:02:16,11542,11542,11542,2,2
2020-02-04 16:02:16,11542,11542,11542,2,2
2020-02-04 16:02:17,11542,11542,11542,4,4
2020-02-04 16:02:17,11542,11542,11542,6,6
2020-02-04 16:02:17,11543,11543,11543,2,2
2020-02-04 16:02:18,11543,11543,11543,2,2
2020-02-04 16:02:21,11542,11542,11542,2,-2
2020-02-04 16:02:22,11542,11542,11542,2,2
2020-02-04 16:02:22,11542,11542,11542,2,2
2020-02-04 16:02:23,11542,11542,11542,2,2
2020-02-04 16:02:23,11542,11542,11542,6,6
2020-02-04 16:02:24,11542,11542,11542,2,2
2020-02-04 16:02:25,11542,11542,11542,2,2
2020-02-04 16:02:28,11542,11542,11542,2,2
2020-02-04 16:02:30,11541,11541,11541,2,-2
2020-02-04 16:02:32,11542,11542,11542,18,18
2020-02-04 16:02:32,11542,11542,11542,2,2
2020-02-04 16:02:32,11542,11542,11542,2,2
2020-02-04 16:02:32,11542,11542,11542,6,6
2020-02-04 16:02:35,11542,11542,11542,18,18
2020-02-04 16:02:35,11542,11542,11542,2,2
2020-02-04 16:02:39,11542,11542,11542,2,2
2020-02-04 16:02:40,11543,11543,11543,20,20
2020-02-04 16:02:41,11542,11542,11542,2,-2
2020-02-04 16:02:43,11543,11543,11543,6,6
2020-02-04 16:02:44,11543,11543,11543,4,4
2020-02-04 16:02:44,11543,11543,11543,4,4
2020-02-04 16:02:44,11543,11543,11543,4,4
2020-02-04 16:02:44,11543,11543,11543,32,32
2020-02-04 16:02:47,11542,11542,11542,20,-20
2020-02-04 16:02:48,11542,11542,11542,2,2
2020-02-04 16:02:48,11542,11542,11542,4,4
2020-02-04 16:02:51,11542,11542,11542,4,4
2020-02-04 16:02:51,11542,11542,11542,2,2
2020-02-04 16:02:52,11542,11542,11542,2,2
2020-02-04 16:02:54,11542,11542,11542,4,4
2020-02-04 16:02:56,11542,11542,11542,2,2
2020-02-04 16:03:01,11541,11541,11541,10,-10
2020-02-04 16:03:01,11541,11541,11541,8,8
2020-02-04 16:03:01,11541,11541,11541,6,6
2020-02-04 16:03:01,11541,11541,11541,2,2
2020-02-04 16:03:02,11541,11541,11541,2,2
2020-02-04 16:03:03,11541,11541,11541,2,2
2020-02-04 16:03:11,11541,11541,11541,2,2
2020-02-04 16:03:17,11541,11541,11541,4,4
2020-02-04 16:03:18,11541,11541,11541,2,2
2020-02-04 16:03:18,11541,11541,11541,2,2
2020-02-04 16:03:18,11541,11541,11541,2,2
2020-02-04 16:03:26,11541,11541,11541,2,2
2020-02-04 16:03:26,11541,11541,11541,2,2
2020-02-04 16:03:26,11541,11541,11541,4,4
2020-02-04 16:03:26,11541,11541,11541,4,4
2020-02-04 16:03:26,11541,11541,11541,2,2
2020-02-04 16:03:30,11541,11541,11541,2,2
2020-02-04 16:03:30,11541,11541,11541,2,2
2020-02-04 16:03:35,11541,11541,11541,2,2
2020-02-04 16:03:37,11541,11541,11541,2,2
2020-02-04 16:03:37,11541,11541,11541,2,2
2020-02-04 16:03:37,11541,11541,11541,2,2
2020-02-04 16:03:39,11541,11541,11541,4,4
2020-02-04 16:03:39,11541,11541,11541,2,2
2020-02-04 16:03:43,11541,11541,11541,32,32
2020-02-04 16:03:43,11542,11542,11542,20,20
2020-02-04 16:03:45,11542,11542,11542,2,2
2020-02-04 16:03:48,11541,11541,11541,2,-2
2020-02-04 16:03:48,11541,11541,11541,2,2
2020-02-04 16:03:48,11541,11541,11541,4,4
2020-02-04 16:03:56,11541,11541,11541,4,4
2020-02-04 16:03:57,11541,11541,11541,2,2
2020-02-04 16:03:58,11541,11541,11541,2,2
2020-02-04 16:04:07,11541,11541,11541,6,6
2020-02-04 16:04:08,11541,11541,11541,2,2
2020-02-04 16:04:11,11541,11541,11541,2,2
2020-02-04 16:04:15,11540,11540,11540,2,-2
2020-02-04 16:04:15,11540,11540,11540,2,2
2020-02-04 16:04:15,11540,11540,11540,4,4
2020-02-04 16:04:15,11540,11540,11540,2,2
2020-02-04 16:04:15,11540,11540,11540,2,2
2020-02-04 16:04:15,11540,11540,11540,2,2
2020-02-04 16:04:15,11540,11540,11540,10,10
2020-02-04 16:04:15,11540,11540,11540,2,2
2020-02-04 16:04:15,11540,11540,11540,2,2
2020-02-04 16:04:15,11540,11540,11540,2,2
2020-02-04 16:04:15,11540,11540,11540,2,2
2020-02-04 16:04:15,11539,11539,11539,2,-2
2020-02-04 16:04:22,11539,11539,11539,2,2
2020-02-04 16:04:25,11539,11539,11539,2,2
2020-02-04 16:04:28,11540,11540,11540,20,20
2020-02-04 16:04:28,11540,11540,11540,12,12
2020-02-04 16:04:30,11540,11540,11540,2,2
2020-02-04 16:04:35,11540,11540,11540,2,2
