2022-01-04 15:00:00.009,18516,18517,18516,91,-91
2022-01-04 15:00:00.011,18515,18517,18515,3,-3
2022-01-04 15:00:00.087,18514,18517,18517,1,1
2022-01-04 15:00:00.129,18514,18517,18517,1,1
2022-01-04 15:00:00.153,18514,18517,18517,1,1
2022-01-04 15:00:00.299,18514,18518,18517,3,3
2022-01-04 15:00:00.342,18514,18517,18517,2,2
2022-01-04 15:00:00.629,18514,18515,18515,1,1
2022-01-04 15:00:00.683,18514,18518,18518,1,1
2022-01-04 15:00:00.684,18514,18518,18519,1,1
2022-01-04 15:00:00.701,18514,18518,18519,1,1
2022-01-04 15:00:00.706,18514,18518,18514,7,-7
2022-01-04 15:00:00.761,18514,18518,18514,1,-1
2022-01-04 15:00:00.799,18514,18518,18513,1,-1
2022-01-04 15:00:00.882,18513,18515,18513,1,-1
2022-01-04 15:00:00.891,18513,18515,18514,1,1
2022-01-04 15:00:01.032,18511,18514,18511,1,-1
2022-01-04 15:00:01.044,18511,18514,18514,1,1
2022-01-04 15:00:01.049,18511,18514,18511,2,-2
2022-01-04 15:00:01.049,18511,18514,18510,8,-8
2022-01-04 15:00:01.195,18509,18511,18511,1,1
2022-01-04 15:00:01.276,18509,18511,18509,3,-3
2022-01-04 15:00:01.409,18509,18511,18510,2,2
2022-01-04 15:00:01.541,18509,18512,18511,5,5
2022-01-04 15:00:01.544,18509,18512,18511,3,3
2022-01-04 15:00:01.551,18509,18512,18510,1,-1
2022-01-04 15:00:01.703,18510,18511,18511,1,1
2022-01-04 15:00:01.703,18510,18511,18510,2,-2
2022-01-04 15:00:01.704,18510,18511,18511,2,2
2022-01-04 15:00:01.734,18510,18511,18511,1,1
2022-01-04 15:00:01.734,18510,18511,18512,3,3
2022-01-04 15:00:01.734,18510,18511,18513,2,2
2022-01-04 15:00:01.811,18511,18513,18511,1,-1
2022-01-04 15:00:01.877,18511,18513,18510,3,-3
2022-01-04 15:00:02.057,18509,18512,18512,1,1
2022-01-04 15:00:02.197,18509,18512,18512,1,1
2022-01-04 15:00:02.224,18509,18512,18513,1,1
2022-01-04 15:00:02.686,18511,18512,18511,2,-2
2022-01-04 15:00:02.687,18511,18512,18510,1,-1
2022-01-04 15:00:03.268,18509,18512,18512,1,1
2022-01-04 15:00:03.495,18509,18512,18512,1,1
2022-01-04 15:00:03.495,18509,18512,18513,1,1
2022-01-04 15:00:03.869,18509,18513,18509,1,-1
2022-01-04 15:00:05.473,18508,18510,18510,1,1
2022-01-04 15:00:06.173,18508,18510,18510,1,1
2022-01-04 15:00:06.790,18508,18510,18508,1,-1
2022-01-04 15:00:06.791,18508,18510,18508,4,-4
2022-01-04 15:00:06.882,18507,18510,18510,2,2
2022-01-04 15:00:07.301,18507,18509,18509,1,1
2022-01-04 15:00:07.745,18507,18509,18509,1,1
2022-01-04 15:00:08.929,18507,18509,18507,3,-3
2022-01-04 15:00:08.929,18507,18509,18506,11,-11
2022-01-04 15:00:09.013,18505,18508,18505,1,-1
2022-01-04 15:00:09.151,18505,18508,18505,1,-1
2022-01-04 15:00:09.274,18505,18508,18508,2,2
2022-01-04 15:00:09.277,18505,18508,18505,1,-1
2022-01-04 15:00:09.479,18505,18508,18508,1,1
2022-01-04 15:00:09.662,18505,18508,18507,1,1
2022-01-04 15:00:09.708,18505,18507,18507,4,4
2022-01-04 15:00:09.708,18505,18507,18508,1,1
2022-01-04 15:00:10.429,18505,18508,18507,1,1
2022-01-04 15:00:10.805,18506,18508,18508,1,1
2022-01-04 15:00:10.805,18506,18508,18508,2,2
2022-01-04 15:00:10.923,18506,18509,18506,4,-4
2022-01-04 15:00:10.924,18506,18509,18508,2,2
2022-01-04 15:00:11.684,18505,18509,18509,1,1
2022-01-04 15:00:11.917,18506,18509,18506,1,-1
2022-01-04 15:00:11.917,18506,18509,18505,3,-3
2022-01-04 15:00:12.104,18505,18509,18509,3,3
2022-01-04 15:00:12.868,18506,18509,18509,1,1
2022-01-04 15:00:12.868,18506,18509,18509,7,7
2022-01-04 15:00:13.344,18509,18510,18510,1,1
2022-01-04 15:00:13.903,18509,18510,18510,5,5
2022-01-04 15:00:13.903,18509,18510,18510,8,8
2022-01-04 15:00:13.904,18509,18510,18511,4,4
2022-01-04 15:00:14.608,18510,18512,18512,1,1
2022-01-04 15:00:15.999,18511,18512,18511,1,-1
2022-01-04 15:00:16.000,18511,18512,18511,1,-1
2022-01-04 15:00:17.933,18511,18512,18511,1,-1
2022-01-04 15:00:18.071,18510,18511,18510,1,-1
2022-01-04 15:00:18.617,18510,18511,18511,1,1
2022-01-04 15:00:20.280,18510,18512,18510,1,-1
2022-01-04 15:00:21.870,18510,18511,18510,3,-3
2022-01-04 15:00:22.330,18509,18510,18510,5,5
2022-01-04 15:00:24.330,18509,18510,18510,1,1
2022-01-04 15:00:24.554,18509,18510,18509,1,-1
2022-01-04 15:00:24.710,18509,18510,18510,1,1
2022-01-04 15:00:24.710,18509,18510,18511,1,1
2022-01-04 15:00:25.325,18510,18511,18510,1,-1
2022-01-04 15:00:25.325,18510,18511,18509,17,-17
2022-01-04 15:00:25.326,18510,18511,18509,2,-2
2022-01-04 15:00:26.279,18509,18510,18509,1,-1
2022-01-04 15:00:26.291,18509,18510,18509,1,-1
2022-01-04 15:00:26.545,18509,18510,18509,1,-1
2022-01-04 15:00:26.732,18508,18510,18509,1,1
2022-01-04 15:00:26.916,18508,18509,18509,1,1
2022-01-04 15:00:27.071,18509,18510,18510,1,1
2022-01-04 15:00:27.416,18509,18510,18510,3,3
2022-01-04 15:00:27.420,18509,18510,18510,1,1
2022-01-04 15:00:27.421,18509,18510,18509,2,-2
2022-01-04 15:00:27.421,18509,18510,18508,1,-1
2022-01-04 15:00:27.722,18508,18510,18510,1,1
2022-01-04 15:00:28.653,18509,18510,18509,2,-2
2022-01-04 15:00:29.649,18509,18510,18510,1,1
2022-01-04 15:00:30.156,18509,18510,18509,7,-7
2022-01-04 15:00:30.157,18509,18510,18510,1,1
2022-01-04 15:00:30.784,18509,18510,18510,2,2
2022-01-04 15:00:31.155,18510,18511,18510,1,-1
2022-01-04 15:00:31.613,18510,18511,18510,1,-1
2022-01-04 15:00:31.994,18510,18511,18511,4,4
2022-01-04 15:00:32.267,18510,18511,18511,1,1
2022-01-04 15:00:32.464,18510,18511,18511,1,1
2022-01-04 15:00:32.639,18510,18511,18511,1,1
2022-01-04 15:00:33.651,18510,18511,18511,1,1
2022-01-04 15:00:35.020,18510,18511,18511,2,2
2022-01-04 15:00:36.530,18511,18512,18512,1,1
2022-01-04 15:00:36.530,18511,18512,18512,1,1
2022-01-04 15:00:36.530,18511,18512,18512,1,1
2022-01-04 15:00:36.530,18511,18512,18512,3,3
2022-01-04 15:00:36.644,18512,18513,18512,1,-1
2022-01-04 15:00:37.832,18512,18513,18513,3,3
2022-01-04 15:00:37.833,18512,18513,18513,1,1
2022-01-04 15:00:37.833,18512,18513,18514,1,1
2022-01-04 15:00:37.834,18512,18513,18513,1,1
2022-01-04 15:00:37.855,18512,18513,18514,1,1
2022-01-04 15:00:37.855,18512,18513,18514,1,1
2022-01-04 15:00:37.855,18512,18513,18514,1,1
2022-01-04 15:00:37.856,18512,18513,18514,1,1
2022-01-04 15:00:37.953,18513,18514,18514,2,2
2022-01-04 15:00:39.808,18513,18515,18513,6,-6
2022-01-04 15:00:39.826,18513,18515,18512,2,-2
2022-01-04 15:00:44.376,18512,18513,18513,2,2
2022-01-04 15:00:44.475,18512,18513,18513,1,1
2022-01-04 15:00:44.995,18512,18513,18513,1,1
2022-01-04 15:00:46.052,18512,18513,18513,1,1
2022-01-04 15:00:46.249,18512,18513,18513,1,1
2022-01-04 15:00:46.250,18512,18513,18513,1,1
2022-01-04 15:00:46.638,18513,18514,18514,1,1
2022-01-04 15:00:47.116,18513,18514,18514,3,3
2022-01-04 15:00:47.855,18514,18515,18514,1,-1
2022-01-04 15:00:47.855,18514,18515,18514,1,-1
2022-01-04 15:00:50.212,18514,18515,18514,2,-2
2022-01-04 15:00:51.328,18513,18514,18514,1,1
2022-01-04 15:00:53.257,18513,18514,18514,1,1
2022-01-04 15:00:54.842,18513,18515,18513,2,-2
2022-01-04 15:00:56.544,18513,18514,18514,1,1
2022-01-04 15:00:57.334,18513,18515,18513,2,-2
2022-01-04 15:00:57.374,18513,18515,18513,2,-2
2022-01-04 15:00:57.486,18513,18515,18513,2,-2
2022-01-04 15:01:00.289,18514,18515,18515,3,3
2022-01-04 15:01:00.404,18514,18515,18514,1,-1
2022-01-04 15:01:00.418,18514,18515,18515,1,1
2022-01-04 15:01:00.537,18514,18515,18514,3,-3
2022-01-04 15:01:00.888,18513,18515,18515,2,2
2022-01-04 15:01:00.888,18513,18515,18516,3,3
2022-01-04 15:01:00.963,18513,18516,18516,5,5
2022-01-04 15:01:01.481,18514,18515,18515,1,1
2022-01-04 15:01:01.518,18514,18515,18516,1,1
2022-01-04 15:01:01.519,18514,18515,18517,1,1
2022-01-04 15:01:01.520,18514,18515,18517,1,1
2022-01-04 15:01:01.520,18514,18515,18517,2,2
2022-01-04 15:01:01.520,18514,18515,18517,1,1
2022-01-04 15:01:01.520,18514,18515,18517,1,1
2022-01-04 15:01:01.533,18514,18515,18515,1,1
2022-01-04 15:01:01.560,18515,18517,18514,1,-1
2022-01-04 15:01:02.201,18514,18517,18514,2,-2
2022-01-04 15:01:02.720,18514,18516,18514,1,-1
2022-01-04 15:01:04.540,18514,18516,18516,1,1
2022-01-04 15:01:09.649,18515,18516,18516,1,1
2022-01-04 15:01:11.246,18514,18516,18516,1,1
2022-01-04 15:01:11.246,18514,18516,18516,4,4
2022-01-04 15:01:11.309,18514,18516,18514,1,-1
2022-01-04 15:01:12.263,18514,18516,18516,1,1
2022-01-04 15:01:13.888,18515,18516,18515,2,-2
2022-01-04 15:01:15.537,18514,18516,18516,1,1
2022-01-04 15:01:18.295,18514,18516,18515,2,2
2022-01-04 15:01:18.418,18514,18515,18515,1,1
2022-01-04 15:01:21.425,18514,18515,18514,6,-6
2022-01-04 15:01:21.425,18514,18515,18514,6,-6
2022-01-04 15:01:21.433,18513,18514,18513,1,-1
2022-01-04 15:01:21.434,18513,18514,18513,1,-1
2022-01-04 15:01:28.760,18513,18514,18513,2,-2
2022-01-04 15:01:28.761,18513,18514,18513,1,-1
2022-01-04 15:01:29.334,18512,18513,18512,2,-2
2022-01-04 15:01:29.433,18512,18513,18512,1,-1
2022-01-04 15:01:29.433,18512,18513,18512,1,-1
2022-01-04 15:01:29.433,18512,18513,18512,1,-1
2022-01-04 15:01:29.434,18512,18513,18512,1,-1
2022-01-04 15:01:30.296,18511,18512,18512,1,1
2022-01-04 15:01:30.296,18511,18512,18511,6,-6
2022-01-04 15:01:34.153,18510,18511,18510,42,-42
2022-01-04 15:01:34.153,18510,18511,18509,1,-1
2022-01-04 15:01:34.154,18510,18511,18509,1,-1
2022-01-04 15:01:34.154,18510,18511,18509,1,-1
2022-01-04 15:01:34.223,18508,18509,18509,1,1
2022-01-04 15:01:34.443,18508,18510,18510,1,1
2022-01-04 15:01:34.498,18508,18510,18510,1,1
2022-01-04 15:01:38.396,18508,18509,18508,5,-5
2022-01-04 15:01:38.457,18508,18509,18509,1,1
2022-01-04 15:01:39.042,18508,18509,18509,2,2
2022-01-04 15:01:39.462,18508,18509,18509,3,3
2022-01-04 15:01:39.552,18508,18509,18510,1,1
2022-01-04 15:01:39.961,18509,18510,18510,1,1
2022-01-04 15:01:40.398,18509,18510,18509,2,-2
2022-01-04 15:01:43.397,18509,18510,18510,2,2
2022-01-04 15:01:44.098,18510,18511,18511,4,4
2022-01-04 15:01:46.226,18510,18511,18511,1,1
2022-01-04 15:01:46.226,18510,18511,18511,1,1
2022-01-04 15:01:46.226,18510,18511,18511,1,1
2022-01-04 15:01:46.441,18511,18512,18512,1,1
2022-01-04 15:01:46.496,18511,18512,18511,1,-1
2022-01-04 15:01:46.558,18511,18512,18512,1,1
2022-01-04 15:01:46.558,18511,18512,18512,2,2
2022-01-04 15:01:46.558,18511,18512,18512,2,2
2022-01-04 15:01:46.559,18511,18512,18512,1,1
2022-01-04 15:01:46.559,18511,18512,18512,4,4
2022-01-04 15:01:46.847,18512,18513,18512,1,-1
2022-01-04 15:01:47.953,18512,18513,18513,1,1
2022-01-04 15:01:50.193,18512,18513,18513,1,1
2022-01-04 15:01:53.595,18512,18513,18513,1,1
2022-01-04 15:01:53.651,18512,18513,18513,1,1
2022-01-04 15:01:53.705,18512,18513,18513,1,1
2022-01-04 15:01:54.302,18512,18513,18513,1,1
2022-01-04 15:01:54.835,18512,18513,18513,1,1
2022-01-04 15:01:55.648,18512,18514,18512,1,-1
2022-01-04 15:01:57.217,18512,18513,18512,1,-1
2022-01-04 15:01:57.218,18512,18513,18512,1,-1
2022-01-04 15:01:57.218,18512,18513,18512,1,-1
2022-01-04 15:01:57.218,18512,18513,18512,4,-4
2022-01-04 15:02:00.083,18511,18512,18511,3,-3
2022-01-04 15:02:07.534,18511,18512,18511,2,-2
2022-01-04 15:02:10.213,18510,18511,18511,1,1
2022-01-04 15:02:10.241,18510,18511,18510,4,-4
2022-01-04 15:02:16.370,18510,18511,18511,3,3
2022-01-04 15:02:16.484,18511,18512,18511,2,-2
2022-01-04 15:02:18.335,18511,18512,18512,1,1
2022-01-04 15:02:18.411,18511,18512,18512,1,1
2022-01-04 15:02:18.582,18511,18512,18511,1,-1
2022-01-04 15:02:32.616,18511,18512,18512,1,1
2022-01-04 15:02:33.201,18511,18512,18512,1,1
2022-01-04 15:02:34.700,18511,18512,18512,1,1
2022-01-04 15:02:36.050,18511,18512,18512,1,1
2022-01-04 15:02:36.595,18511,18512,18512,3,3
2022-01-04 15:02:37.117,18512,18513,18512,1,-1
2022-01-04 15:02:47.480,18511,18512,18511,2,-2
2022-01-04 15:02:47.480,18511,18512,18511,1,-1
2022-01-04 15:02:47.480,18511,18512,18511,2,-2
2022-01-04 15:02:47.480,18511,18512,18511,12,-12
2022-01-04 15:02:47.810,18510,18511,18511,6,6
2022-01-04 15:02:48.131,18510,18511,18511,1,1
2022-01-04 15:02:49.680,18510,18511,18511,1,1
2022-01-04 15:02:50.141,18510,18511,18511,1,1
2022-01-04 15:02:52.292,18510,18511,18511,1,1
2022-01-04 15:02:54.846,18510,18511,18511,1,1
2022-01-04 15:02:59.095,18510,18511,18510,1,-1
2022-01-04 15:03:00.059,18510,18511,18511,2,2
2022-01-04 15:03:00.068,18510,18511,18511,1,1
2022-01-04 15:03:00.075,18510,18511,18511,1,1
2022-01-04 15:03:00.100,18510,18511,18511,2,2
2022-01-04 15:03:00.100,18510,18511,18512,1,1
2022-01-04 15:03:00.105,18510,18511,18512,2,2
2022-01-04 15:03:00.120,18510,18511,18512,1,1
2022-01-04 15:03:00.156,18510,18511,18512,2,2
2022-01-04 15:03:00.239,18510,18511,18511,1,1
2022-01-04 15:03:00.239,18510,18511,18512,2,2
2022-01-04 15:03:00.376,18511,18512,18511,2,-2
2022-01-04 15:03:00.376,18511,18512,18510,3,-3
2022-01-04 15:03:00.404,18511,18512,18510,1,-1
2022-01-04 15:03:00.974,18510,18512,18510,1,-1
2022-01-04 15:03:01.062,18510,18512,18510,4,-4
2022-01-04 15:03:01.132,18510,18512,18510,8,-8
2022-01-04 15:03:06.320,18510,18511,18510,8,-8
2022-01-04 15:03:07.470,18509,18510,18509,3,-3
2022-01-04 15:03:07.684,18508,18509,18508,2,-2
2022-01-04 15:03:09.007,18508,18509,18509,1,1
2022-01-04 15:03:09.992,18508,18509,18508,5,-5
2022-01-04 15:03:13.611,18507,18508,18507,2,-2
2022-01-04 15:03:15.322,18507,18508,18507,1,-1
2022-01-04 15:03:16.655,18507,18508,18508,2,2
2022-01-04 15:03:17.639,18508,18509,18508,1,-1
2022-01-04 15:03:18.249,18507,18509,18507,2,-2
2022-01-04 15:03:19.054,18508,18509,18509,1,1
2022-01-04 15:03:19.074,18508,18509,18508,3,-3
2022-01-04 15:03:20.131,18508,18509,18508,1,-1
2022-01-04 15:03:21.077,18508,18509,18509,1,1
2022-01-04 15:03:26.090,18509,18510,18510,1,1
2022-01-04 15:03:31.117,18509,18510,18509,1,-1
2022-01-04 15:03:37.515,18509,18510,18509,4,-4
2022-01-04 15:03:39.497,18509,18510,18509,1,-1
2022-01-04 15:03:40.400,18509,18510,18509,1,-1
2022-01-04 15:03:46.554,18509,18510,18510,1,1
2022-01-04 15:03:46.647,18509,18510,18509,2,-2
2022-01-04 15:03:50.066,18509,18510,18510,1,1
2022-01-04 15:03:51.002,18509,18510,18510,2,2
2022-01-04 15:03:52.854,18509,18510,18510,1,1
2022-01-04 15:03:56.773,18509,18510,18510,1,1
2022-01-04 15:03:58.734,18509,18510,18510,2,2
2022-01-04 15:03:58.735,18509,18510,18510,6,6
2022-01-04 15:03:58.735,18509,18510,18510,1,1
2022-01-04 15:03:58.831,18510,18511,18510,3,-3
2022-01-04 15:04:02.421,18510,18511,18510,1,-1
2022-01-04 15:04:02.757,18509,18510,18510,1,1
2022-01-04 15:04:02.757,18509,18510,18510,1,1
2022-01-04 15:04:10.855,18510,18511,18510,2,-2
2022-01-04 15:04:15.100,18510,18511,18511,1,1
2022-01-04 15:04:17.928,18510,18511,18511,1,1
2022-01-04 15:04:20.402,18510,18511,18510,2,-2
2022-01-04 15:04:21.221,18510,18511,18511,1,1
2022-01-04 15:04:21.310,18511,18512,18511,3,-3
2022-01-04 15:04:21.926,18510,18512,18510,1,-1
2022-01-04 15:04:23.942,18510,18512,18510,5,-5
2022-01-04 15:04:24.139,18510,18511,18511,1,1
2022-01-04 15:04:24.266,18511,18512,18511,2,-2
2022-01-04 15:04:39.891,18511,18512,18511,2,-2
2022-01-04 15:04:41.594,18510,18511,18511,2,2
2022-01-04 15:04:46.607,18511,18512,18512,1,1
2022-01-04 15:04:49.057,18511,18512,18512,1,1
2022-01-04 15:04:49.057,18511,18512,18512,1,1
2022-01-04 15:04:49.057,18511,18512,18512,1,1
2022-01-04 15:04:49.057,18511,18512,18512,7,7
2022-01-04 15:04:49.057,18511,18512,18512,1,1
2022-01-04 15:04:49.057,18511,18512,18512,1,1
2022-01-04 15:04:49.170,18511,18512,18512,1,1
2022-01-04 15:04:58.937,18512,18513,18513,1,1
2022-01-04 15:05:01.629,18512,18513,18512,1,-1
2022-01-04 15:05:02.013,18512,18513,18513,1,1
2022-01-04 15:05:03.715,18512,18513,18513,1,1
2022-01-04 15:05:04.455,18512,18513,18513,3,3
2022-01-04 15:05:10.043,18512,18514,18514,1,1
2022-01-04 15:05:17.376,18513,18514,18514,2,2
2022-01-04 15:05:18.877,18513,18514,18514,1,1
2022-01-04 15:05:18.877,18513,18514,18514,3,3
2022-01-04 15:05:19.091,18514,18515,18514,2,-2
2022-01-04 15:05:27.493,18514,18515,18515,1,1
2022-01-04 15:05:27.654,18514,18515,18515,4,4
2022-01-04 15:05:27.655,18514,18515,18516,1,1
2022-01-04 15:05:27.761,18515,18516,18515,1,-1
2022-01-04 15:05:29.585,18515,18516,18516,6,6
2022-01-04 15:05:29.628,18515,18516,18516,1,1
2022-01-04 15:05:40.484,18516,18517,18516,5,-5
2022-01-04 15:05:40.496,18516,18517,18515,1,-1
2022-01-04 15:05:40.728,18515,18516,18515,2,-2
2022-01-04 15:05:40.838,18515,18516,18516,2,2
2022-01-04 15:05:41.471,18515,18517,18516,1,1
2022-01-04 15:05:42.115,18515,18516,18516,1,1
2022-01-04 15:05:42.115,18515,18516,18517,1,1
2022-01-04 15:05:47.630,18516,18517,18517,1,1
2022-01-04 15:05:48.757,18516,18517,18517,1,1
2022-01-04 15:05:48.998,18516,18517,18517,2,2
2022-01-04 15:05:49.420,18516,18517,18517,1,1
2022-01-04 15:05:49.420,18516,18517,18517,1,1
2022-01-04 15:05:49.421,18516,18517,18517,1,1
2022-01-04 15:05:50.088,18517,18518,18517,1,-1
2022-01-04 15:05:54.139,18517,18518,18518,2,2
2022-01-04 15:05:54.994,18517,18518,18518,8,8
2022-01-04 15:05:54.994,18517,18518,18519,12,12
2022-01-04 15:05:55.358,18517,18518,18518,1,1
2022-01-04 15:05:57.126,18517,18519,18517,1,-1
2022-01-04 15:06:01.072,18518,18519,18518,3,-3
2022-01-04 15:06:01.082,18518,18519,18518,3,-3
2022-01-04 15:06:01.082,18518,18519,18518,6,-6
2022-01-04 15:06:02.145,18517,18518,18518,1,1
2022-01-04 15:06:04.448,18517,18518,18518,1,1
2022-01-04 15:06:05.188,18517,18518,18517,1,-1
2022-01-04 15:06:07.667,18517,18518,18518,3,3
2022-01-04 15:06:10.260,18517,18518,18518,8,8
2022-01-04 15:06:10.261,18517,18518,18519,2,2
2022-01-04 15:06:15.316,18517,18518,18517,1,-1
2022-01-04 15:06:16.486,18517,18518,18517,1,-1
2022-01-04 15:06:16.486,18517,18518,18517,2,-2
2022-01-04 15:06:16.543,18517,18518,18517,1,-1
2022-01-04 15:06:16.543,18517,18518,18517,1,-1
2022-01-04 15:06:21.036,18517,18518,18518,3,3
2022-01-04 15:06:26.501,18517,18518,18517,1,-1
2022-01-04 15:06:32.751,18517,18518,18517,4,-4
2022-01-04 15:06:35.447,18516,18517,18517,1,1
2022-01-04 15:06:43.245,18516,18517,18517,1,1
2022-01-04 15:06:51.550,18516,18517,18516,1,-1
2022-01-04 15:06:55.441,18516,18517,18517,1,1
2022-01-04 15:07:00.011,18516,18517,18517,1,1
2022-01-04 15:07:01.954,18516,18517,18516,1,-1
2022-01-04 15:07:01.954,18516,18517,18516,4,-4
2022-01-04 15:07:01.956,18516,18517,18516,1,-1
2022-01-04 15:07:10.080,18515,18516,18515,9,-9
2022-01-04 15:07:10.834,18514,18515,18514,2,-2
2022-01-04 15:07:13.046,18513,18514,18513,1,-1
2022-01-04 15:07:16.935,18513,18514,18513,1,-1
2022-01-04 15:07:17.739,18512,18513,18512,1,-1
2022-01-04 15:07:18.569,18511,18512,18511,1,-1
2022-01-04 15:07:24.932,18510,18512,18510,5,-5
2022-01-04 15:07:24.932,18510,18512,18511,2,2
2022-01-04 15:07:24.933,18510,18512,18510,1,-1
2022-01-04 15:07:26.959,18510,18511,18510,2,-2
2022-01-04 15:07:32.546,18511,18512,18512,2,2
2022-01-04 15:07:33.776,18511,18512,18511,1,-1
2022-01-04 15:07:36.105,18511,18512,18511,2,-2
2022-01-04 15:07:38.106,18511,18512,18512,1,1
2022-01-04 15:07:42.129,18511,18512,18512,1,1
2022-01-04 15:07:44.035,18511,18513,18513,1,1
2022-01-04 15:07:45.543,18511,18513,18512,1,1
2022-01-04 15:07:48.457,18511,18512,18511,2,-2
2022-01-04 15:07:51.629,18510,18511,18511,1,1
2022-01-04 15:07:51.745,18510,18511,18510,6,-6
2022-01-04 15:07:52.055,18510,18511,18510,3,-3
2022-01-04 15:07:55.142,18509,18510,18510,1,1
2022-01-04 15:07:58.089,18509,18510,18509,1,-1
2022-01-04 15:07:59.015,18508,18510,18510,2,2
2022-01-04 15:08:00.047,18509,18510,18510,1,1
2022-01-04 15:08:00.053,18509,18510,18510,1,1
2022-01-04 15:08:00.408,18509,18510,18509,1,-1
2022-01-04 15:08:04.298,18509,18510,18509,1,-1
2022-01-04 15:08:04.393,18509,18510,18509,1,-1
2022-01-04 15:08:05.531,18509,18510,18509,1,-1
2022-01-04 15:08:07.611,18508,18509,18508,1,-1
2022-01-04 15:08:09.692,18508,18509,18509,1,1
2022-01-04 15:08:10.217,18508,18509,18509,1,1
2022-01-04 15:08:10.450,18508,18509,18508,9,-9
2022-01-04 15:08:10.452,18508,18509,18508,1,-1
2022-01-04 15:08:12.886,18508,18509,18509,1,1
2022-01-04 15:08:14.373,18508,18510,18508,1,-1
2022-01-04 15:08:20.395,18508,18509,18508,2,-2
2022-01-04 15:08:24.268,18508,18509,18509,1,1
2022-01-04 15:08:25.452,18509,18510,18509,1,-1
2022-01-04 15:08:25.453,18509,18510,18509,1,-1
2022-01-04 15:08:29.597,18508,18509,18509,1,1
2022-01-04 15:08:32.141,18508,18510,18509,1,1
2022-01-04 15:08:39.408,18508,18509,18508,1,-1
2022-01-04 15:08:41.834,18508,18509,18508,2,-2
2022-01-04 15:08:44.831,18508,18509,18509,1,1
2022-01-04 15:08:45.125,18508,18509,18508,2,-2
2022-01-04 15:08:47.652,18508,18509,18509,1,1
2022-01-04 15:08:51.064,18508,18509,18508,5,-5
2022-01-04 15:08:57.002,18508,18509,18509,1,1
2022-01-04 15:08:57.003,18508,18509,18509,1,1
2022-01-04 15:09:00.061,18509,18510,18510,1,1
2022-01-04 15:09:04.294,18509,18510,18510,1,1
2022-01-04 15:09:07.366,18510,18511,18510,2,-2
2022-01-04 15:09:15.621,18510,18511,18510,1,-1
2022-01-04 15:09:19.634,18510,18511,18511,1,1
2022-01-04 15:09:20.814,18510,18511,18510,1,-1
2022-01-04 15:09:21.064,18510,18511,18511,1,1
2022-01-04 15:09:22.051,18510,18511,18511,1,1
2022-01-04 15:09:22.051,18510,18511,18512,3,3
2022-01-04 15:09:22.237,18510,18512,18510,3,-3
2022-01-04 15:09:22.487,18509,18510,18510,1,1
2022-01-04 15:09:23.284,18509,18510,18510,1,1
2022-01-04 15:09:26.977,18509,18511,18511,2,2
2022-01-04 15:09:26.977,18509,18511,18512,2,2
2022-01-04 15:09:32.506,18510,18512,18512,1,1
2022-01-04 15:09:42.941,18510,18512,18511,1,1
2022-01-04 15:09:47.045,18510,18511,18511,1,1
2022-01-04 15:09:47.045,18510,18511,18512,1,1
2022-01-04 15:09:50.493,18510,18512,18512,1,1
2022-01-04 15:09:58.373,18510,18511,18511,1,1
2022-01-04 15:10:00.053,18510,18511,18511,1,1
2022-01-04 15:10:00.074,18510,18512,18512,1,1
2022-01-04 15:10:00.297,18510,18512,18512,1,1
2022-01-04 15:10:00.305,18510,18512,18512,1,1
2022-01-04 15:10:00.311,18510,18512,18512,1,1
2022-01-04 15:10:00.325,18510,18512,18512,1,1
2022-01-04 15:10:00.331,18510,18512,18512,1,1
2022-01-04 15:10:00.343,18510,18512,18512,1,1
2022-01-04 15:10:00.365,18510,18512,18512,1,1
2022-01-04 15:10:00.367,18510,18512,18512,1,1
2022-01-04 15:10:00.380,18510,18512,18512,1,1
2022-01-04 15:10:00.403,18510,18512,18511,1,1
2022-01-04 15:10:01.063,18511,18512,18512,1,1
2022-01-04 15:10:01.184,18511,18513,18513,2,2
2022-01-04 15:10:03.129,18511,18513,18513,3,3
2022-01-04 15:10:04.497,18511,18512,18512,2,2
2022-01-04 15:10:05.419,18511,18513,18511,3,-3
2022-01-04 15:10:05.578,18510,18512,18512,1,1
2022-01-04 15:10:14.483,18511,18512,18512,1,1
2022-01-04 15:10:18.051,18511,18513,18513,1,1
2022-01-04 15:10:22.412,18512,18513,18512,1,-1
2022-01-04 15:10:22.721,18512,18513,18512,1,-1
2022-01-04 15:10:32.527,18512,18513,18512,3,-3
2022-01-04 15:10:34.033,18511,18512,18512,2,2
2022-01-04 15:10:37.508,18511,18512,18512,1,1
2022-01-04 15:10:42.049,18511,18512,18511,10,-10
2022-01-04 15:11:00.032,18511,18512,18512,1,1
2022-01-04 15:11:00.046,18511,18512,18512,1,1
2022-01-04 15:11:01.666,18511,18512,18511,1,-1
2022-01-04 15:11:02.965,18511,18512,18512,1,1
2022-01-04 15:11:08.970,18512,18513,18513,1,1
2022-01-04 15:11:10.659,18512,18513,18512,2,-2
2022-01-04 15:11:17.036,18511,18512,18512,3,3
2022-01-04 15:11:21.780,18511,18512,18511,1,-1
2022-01-04 15:11:21.808,18511,18512,18512,3,3
2022-01-04 15:11:23.685,18511,18512,18511,2,-2
2022-01-04 15:11:24.884,18511,18512,18511,1,-1
2022-01-04 15:11:25.082,18511,18512,18512,1,1
2022-01-04 15:11:30.779,18512,18513,18512,1,-1
2022-01-04 15:11:49.980,18511,18512,18512,1,1
2022-01-04 15:11:50.059,18511,18512,18512,1,1
2022-01-04 15:11:50.059,18511,18512,18513,2,2
2022-01-04 15:11:50.184,18511,18513,18513,3,3
2022-01-04 15:11:59.727,18512,18513,18513,1,1
2022-01-04 15:12:11.722,18512,18513,18513,1,1
2022-01-04 15:12:12.284,18512,18513,18513,1,1
2022-01-04 15:12:12.308,18512,18513,18513,1,1
2022-01-04 15:12:12.447,18512,18513,18513,1,1
2022-01-04 15:12:12.738,18512,18513,18513,2,2
2022-01-04 15:12:12.774,18512,18513,18514,1,1
2022-01-04 15:12:20.510,18512,18514,18514,1,1
2022-01-04 15:12:44.186,18513,18514,18514,1,1
2022-01-04 15:12:47.864,18513,18514,18514,2,2
2022-01-04 15:12:48.916,18513,18514,18514,3,3
2022-01-04 15:12:49.550,18513,18514,18514,1,1
2022-01-04 15:12:49.768,18514,18515,18515,1,1
2022-01-04 15:12:52.037,18514,18515,18515,1,1
2022-01-04 15:12:53.725,18514,18515,18515,1,1
2022-01-04 15:12:53.880,18514,18515,18515,1,1
2022-01-04 15:12:55.948,18514,18515,18515,1,1
2022-01-04 15:12:58.546,18514,18515,18514,1,-1
2022-01-04 15:12:58.609,18514,18515,18515,4,4
2022-01-04 15:13:01.926,18515,18516,18516,10,10
2022-01-04 15:13:06.003,18515,18517,18516,1,1
2022-01-04 15:13:06.592,18515,18517,18517,5,5
2022-01-04 15:13:08.276,18515,18516,18516,1,1
2022-01-04 15:13:08.277,18515,18516,18516,1,1
2022-01-04 15:13:19.367,18516,18517,18517,3,3
2022-01-04 15:13:22.999,18516,18517,18517,1,1
2022-01-04 15:13:23.859,18516,18517,18517,1,1
2022-01-04 15:13:24.015,18516,18517,18517,1,1
2022-01-04 15:13:26.747,18516,18517,18517,1,1
2022-01-04 15:13:28.001,18516,18517,18517,1,1
2022-01-04 15:13:29.704,18516,18517,18517,2,2
2022-01-04 15:13:35.154,18516,18517,18517,1,1
2022-01-04 15:13:39.821,18516,18517,18516,2,-2
2022-01-04 15:13:39.821,18516,18517,18516,8,-8
2022-01-04 15:13:39.823,18516,18517,18516,2,-2
2022-01-04 15:13:39.844,18516,18517,18515,3,-3
2022-01-04 15:13:40.253,18515,18516,18515,1,-1
2022-01-04 15:13:40.977,18515,18516,18516,4,4
2022-01-04 15:13:46.951,18515,18516,18515,1,-1
2022-01-04 15:13:53.021,18515,18516,18516,1,1
2022-01-04 15:13:59.979,18515,18517,18517,2,2
2022-01-04 15:14:02.978,18516,18517,18517,3,3
2022-01-04 15:14:02.978,18516,18517,18517,5,5
2022-01-04 15:14:10.274,18516,18517,18517,1,1
2022-01-04 15:14:25.856,18516,18517,18517,1,1
2022-01-04 15:14:28.692,18517,18518,18517,1,-1
2022-01-04 15:14:38.701,18516,18517,18517,2,2
2022-01-04 15:14:44.931,18516,18517,18517,1,1
2022-01-04 15:14:48.135,18516,18517,18517,1,1
2022-01-04 15:14:52.872,18516,18517,18517,7,7
2022-01-04 15:15:01.813,18516,18517,18517,4,4
2022-01-04 15:15:02.098,18516,18517,18517,1,1
2022-01-04 15:15:03.779,18516,18517,18517,1,1
2022-01-04 15:15:08.572,18516,18517,18516,1,-1
2022-01-04 15:15:10.098,18516,18517,18516,1,-1
2022-01-04 15:15:15.873,18516,18517,18517,4,4
2022-01-04 15:15:15.873,18516,18517,18518,3,3
2022-01-04 15:15:15.891,18516,18517,18518,7,7
2022-01-04 15:15:27.031,18516,18517,18517,1,1
2022-01-04 15:15:28.422,18516,18517,18517,2,2
2022-01-04 15:15:30.002,18516,18517,18517,1,1
2022-01-04 15:15:32.228,18516,18517,18516,5,-5
2022-01-04 15:15:35.639,18515,18516,18515,1,-1
2022-01-04 15:15:37.425,18514,18516,18516,2,2
2022-01-04 15:15:49.114,18515,18516,18515,1,-1
2022-01-04 15:15:51.201,18514,18515,18515,1,1
2022-01-04 15:15:52.576,18514,18515,18515,3,3
2022-01-04 15:15:52.576,18514,18515,18516,1,1
2022-01-04 15:15:55.314,18514,18515,18515,1,1
2022-01-04 15:16:00.871,18514,18515,18514,4,-4
2022-01-04 15:16:03.377,18513,18515,18513,2,-2
2022-01-04 15:16:03.433,18513,18515,18515,1,1
2022-01-04 15:16:03.434,18513,18515,18515,1,1
2022-01-04 15:16:03.434,18513,18515,18515,1,1
2022-01-04 15:16:17.654,18514,18515,18514,1,-1
2022-01-04 15:16:18.789,18514,18515,18514,1,-1
2022-01-04 15:16:18.808,18514,18515,18515,1,1
2022-01-04 15:16:18.808,18514,18515,18515,1,1
2022-01-04 15:16:18.809,18514,18515,18515,1,1
2022-01-04 15:16:18.809,18514,18515,18516,1,1
2022-01-04 15:16:18.810,18514,18515,18516,1,1
2022-01-04 15:16:20.420,18514,18515,18514,1,-1
2022-01-04 15:16:23.425,18514,18515,18514,1,-1
2022-01-04 15:16:25.788,18514,18515,18514,1,-1
2022-01-04 15:16:28.504,18513,18515,18513,4,-4
2022-01-04 15:16:30.912,18513,18515,18513,2,-2
2022-01-04 15:16:30.933,18513,18515,18515,1,1
2022-01-04 15:16:30.933,18513,18515,18515,1,1
2022-01-04 15:16:30.933,18513,18515,18515,1,1
2022-01-04 15:16:30.934,18513,18515,18515,1,1
2022-01-04 15:16:30.934,18513,18515,18515,1,1
2022-01-04 15:16:30.934,18513,18515,18515,1,1
2022-01-04 15:16:30.934,18513,18515,18515,1,1
2022-01-04 15:16:30.934,18513,18515,18515,1,1
2022-01-04 15:16:30.934,18513,18515,18515,1,1
2022-01-04 15:16:30.936,18513,18515,18516,1,1
2022-01-04 15:16:35.418,18514,18515,18514,1,-1
2022-01-04 15:16:36.858,18514,18515,18514,1,-1
2022-01-04 15:16:41.463,18513,18514,18514,1,1
2022-01-04 15:16:41.558,18513,18514,18514,1,1
2022-01-04 15:16:41.559,18513,18514,18514,1,1
2022-01-04 15:16:48.222,18513,18514,18514,2,2
2022-01-04 15:16:54.566,18513,18514,18514,1,1
2022-01-04 15:16:59.872,18513,18514,18513,2,-2
2022-01-04 15:17:00.398,18513,18514,18514,1,1
2022-01-04 15:17:01.947,18513,18514,18513,2,-2
2022-01-04 15:17:04.313,18513,18514,18513,1,-1
2022-01-04 15:17:05.790,18513,18514,18513,1,-1
2022-01-04 15:17:09.720,18513,18514,18514,2,2
2022-01-04 15:17:14.331,18513,18514,18514,1,1
2022-01-04 15:17:25.092,18513,18514,18513,1,-1
2022-01-04 15:17:25.535,18513,18514,18513,1,-1
2022-01-04 15:17:27.372,18513,18514,18513,1,-1
2022-01-04 15:17:29.988,18513,18514,18514,1,1
2022-01-04 15:17:40.061,18513,18514,18513,1,-1
2022-01-04 15:17:40.395,18513,18514,18513,1,-1
2022-01-04 15:17:42.281,18513,18514,18513,1,-1
2022-01-04 15:17:44.292,18513,18514,18513,1,-1
2022-01-04 15:17:50.530,18512,18513,18513,2,2
2022-01-04 15:17:50.530,18512,18513,18514,6,6
2022-01-04 15:18:00.075,18513,18514,18513,1,-1
2022-01-04 15:18:00.101,18513,18514,18512,2,-2
2022-01-04 15:18:01.030,18512,18513,18513,1,1
2022-01-04 15:18:04.128,18512,18513,18513,1,1
2022-01-04 15:18:04.923,18512,18513,18513,3,3
2022-01-04 15:18:04.923,18512,18513,18514,3,3
2022-01-04 15:18:06.208,18512,18514,18512,2,-2
2022-01-04 15:18:11.499,18512,18513,18512,1,-1
2022-01-04 15:18:11.529,18512,18513,18512,5,-5
2022-01-04 15:18:11.530,18512,18513,18512,3,-3
2022-01-04 15:18:11.685,18511,18513,18512,1,1
2022-01-04 15:18:13.115,18511,18512,18512,1,1
2022-01-04 15:18:18.920,18511,18512,18511,2,-2
2022-01-04 15:18:19.523,18511,18512,18511,1,-1
2022-01-04 15:18:19.835,18511,18512,18511,1,-1
2022-01-04 15:18:20.694,18511,18512,18511,1,-1
2022-01-04 15:18:21.175,18511,18512,18511,1,-1
2022-01-04 15:18:22.513,18511,18512,18511,1,-1
2022-01-04 15:18:22.725,18511,18512,18511,1,-1
2022-01-04 15:18:26.236,18511,18512,18512,4,4
2022-01-04 15:18:26.236,18511,18512,18513,2,2
2022-01-04 15:18:34.291,18511,18512,18512,1,1
2022-01-04 15:18:39.788,18511,18512,18512,1,1
2022-01-04 15:18:43.924,18511,18512,18512,2,2
2022-01-04 15:18:50.049,18511,18512,18512,2,2
2022-01-04 15:19:00.408,18511,18512,18512,2,2
2022-01-04 15:19:01.260,18511,18512,18512,1,1
2022-01-04 15:19:03.290,18511,18512,18512,1,1
2022-01-04 15:19:07.500,18511,18512,18511,1,-1
2022-01-04 15:19:07.506,18511,18512,18511,4,-4
2022-01-04 15:19:10.568,18511,18512,18512,2,2
2022-01-04 15:19:19.732,18511,18512,18511,1,-1
2022-01-04 15:19:20.418,18511,18512,18512,1,1
2022-01-04 15:19:32.101,18511,18512,18512,3,3
2022-01-04 15:19:33.206,18512,18513,18512,1,-1
2022-01-04 15:19:33.623,18512,18513,18512,1,-1
2022-01-04 15:19:35.893,18512,18513,18512,1,-1
2022-01-04 15:19:36.253,18512,18513,18512,1,-1
2022-01-04 15:19:38.808,18512,18513,18512,1,-1
2022-01-04 15:19:39.218,18511,18512,18512,1,1
2022-01-04 15:19:48.845,18511,18512,18512,2,2
2022-01-04 15:20:04.568,18512,18513,18512,1,-1
2022-01-04 15:20:04.927,18511,18513,18513,1,1
2022-01-04 15:20:08.722,18512,18513,18512,1,-1
2022-01-04 15:20:19.803,18512,18513,18512,1,-1
2022-01-04 15:20:20.402,18512,18513,18513,1,1
2022-01-04 15:20:24.135,18512,18513,18512,1,-1
2022-01-04 15:20:25.987,18512,18513,18512,1,-1
2022-01-04 15:20:26.108,18512,18513,18513,7,7
2022-01-04 15:20:32.831,18512,18513,18512,1,-1
2022-01-04 15:20:35.040,18511,18512,18512,1,1
2022-01-04 15:20:38.435,18511,18512,18512,1,1
2022-01-04 15:20:38.598,18511,18512,18511,1,-1
2022-01-04 15:20:44.572,18511,18512,18512,2,2
2022-01-04 15:20:50.527,18511,18512,18512,1,1
2022-01-04 15:20:53.153,18511,18512,18512,2,2
2022-01-04 15:20:54.321,18511,18512,18511,1,-1
2022-01-04 15:20:55.353,18511,18512,18511,1,-1
2022-01-04 15:20:56.487,18511,18512,18511,1,-1
2022-01-04 15:20:58.126,18511,18512,18511,1,-1
2022-01-04 15:20:59.995,18511,18512,18511,1,-1
2022-01-04 15:21:07.968,18511,18512,18512,2,2
2022-01-04 15:21:11.336,18512,18513,18512,1,-1
2022-01-04 15:21:12.859,18512,18513,18512,1,-1
2022-01-04 15:21:14.855,18512,18513,18512,1,-1
2022-01-04 15:21:16.295,18512,18513,18512,1,-1
2022-01-04 15:21:17.060,18512,18513,18512,1,-1
2022-01-04 15:21:18.796,18512,18513,18512,1,-1
2022-01-04 15:21:19.413,18512,18513,18512,1,-1
2022-01-04 15:21:20.615,18512,18513,18512,1,-1
2022-01-04 15:21:36.713,18511,18512,18511,1,-1
2022-01-04 15:21:37.638,18511,18512,18511,1,-1
2022-01-04 15:21:39.213,18511,18512,18511,1,-1
2022-01-04 15:21:39.555,18511,18512,18511,1,-1
2022-01-04 15:21:43.928,18511,18512,18511,1,-1
2022-01-04 15:21:44.157,18511,18512,18511,1,-1
2022-01-04 15:21:44.917,18511,18512,18511,1,-1
2022-01-04 15:21:58.712,18511,18512,18512,1,1
2022-01-04 15:21:58.712,18511,18512,18511,1,-1
2022-01-04 15:21:58.713,18511,18512,18512,1,1
2022-01-04 15:21:58.713,18511,18512,18512,1,1
2022-01-04 15:22:02.697,18512,18513,18513,9,9
2022-01-04 15:22:04.553,18513,18514,18513,4,-4
2022-01-04 15:22:07.751,18512,18513,18512,1,-1
2022-01-04 15:22:08.452,18512,18513,18512,1,-1
2022-01-04 15:22:09.285,18512,18513,18512,1,-1
2022-01-04 15:22:10.594,18512,18513,18512,1,-1
2022-01-04 15:22:11.086,18512,18513,18512,1,-1
2022-01-04 15:22:13.775,18512,18513,18513,2,2
2022-01-04 15:22:14.560,18512,18513,18512,1,-1
2022-01-04 15:22:15.740,18512,18513,18512,1,-1
2022-01-04 15:22:22.532,18512,18513,18513,4,4
2022-01-04 15:22:23.576,18513,18514,18513,1,-1
2022-01-04 15:22:24.026,18513,18514,18513,1,-1
2022-01-04 15:22:25.971,18513,18514,18513,1,-1
2022-01-04 15:22:26.333,18513,18514,18513,1,-1
2022-01-04 15:22:27.721,18513,18514,18513,1,-1
2022-01-04 15:22:28.166,18513,18514,18513,1,-1
2022-01-04 15:22:28.557,18513,18514,18513,1,-1
2022-01-04 15:22:29.045,18513,18514,18513,1,-1
2022-01-04 15:22:32.975,18513,18514,18513,1,-1
2022-01-04 15:22:33.991,18513,18514,18513,1,-1
2022-01-04 15:22:40.398,18513,18514,18514,1,1
2022-01-04 15:22:44.737,18513,18514,18513,1,-1
2022-01-04 15:22:45.608,18512,18514,18513,1,1
2022-01-04 15:22:53.299,18512,18513,18512,1,-1
2022-01-04 15:22:54.894,18512,18513,18512,1,-1
2022-01-04 15:22:55.344,18512,18513,18512,1,-1
2022-01-04 15:22:57.332,18512,18513,18512,1,-1
2022-01-04 15:22:57.740,18512,18513,18512,1,-1
2022-01-04 15:22:58.339,18512,18513,18512,1,-1
2022-01-04 15:22:58.856,18512,18513,18512,3,-3
2022-01-04 15:23:01.601,18511,18512,18512,1,1
2022-01-04 15:23:01.601,18511,18512,18513,1,1
2022-01-04 15:23:09.030,18511,18513,18513,1,1
2022-01-04 15:23:14.264,18512,18513,18513,2,2
2022-01-04 15:23:19.121,18512,18513,18512,1,-1
2022-01-04 15:23:25.625,18511,18512,18512,2,2
2022-01-04 15:23:29.355,18512,18513,18512,1,-1
2022-01-04 15:23:33.320,18511,18512,18511,1,-1
2022-01-04 15:23:33.767,18511,18512,18511,1,-1
2022-01-04 15:23:37.107,18511,18512,18511,4,-4
2022-01-04 15:23:38.014,18511,18512,18512,2,2
2022-01-04 15:23:44.983,18511,18512,18512,1,1
2022-01-04 15:23:44.983,18511,18512,18512,1,1
2022-01-04 15:23:48.480,18512,18513,18512,1,-1
2022-01-04 15:23:49.537,18512,18513,18512,1,-1
2022-01-04 15:23:50.665,18512,18513,18513,5,5
2022-01-04 15:23:50.669,18512,18513,18513,5,5
2022-01-04 15:23:50.715,18513,18514,18513,1,-1
2022-01-04 15:23:51.616,18512,18514,18513,1,1
2022-01-04 15:23:56.096,18512,18513,18513,1,1
2022-01-04 15:23:56.096,18512,18513,18513,1,1
2022-01-04 15:24:00.393,18512,18513,18513,1,1
2022-01-04 15:24:04.169,18512,18513,18513,1,1
2022-01-04 15:24:08.076,18513,18514,18513,1,-1
2022-01-04 15:24:14.803,18512,18513,18512,1,-1
2022-01-04 15:24:15.212,18512,18513,18512,1,-1
2022-01-04 15:24:15.344,18512,18513,18513,1,1
2022-01-04 15:24:16.516,18512,18513,18512,1,-1
2022-01-04 15:24:20.059,18512,18513,18512,1,-1
2022-01-04 15:24:20.600,18512,18513,18512,1,-1
2022-01-04 15:24:21.119,18512,18513,18512,1,-1
2022-01-04 15:24:24.158,18512,18513,18512,1,-1
2022-01-04 15:24:24.933,18512,18513,18512,1,-1
2022-01-04 15:24:25.467,18512,18513,18512,1,-1
2022-01-04 15:24:31.100,18512,18513,18512,1,-1
2022-01-04 15:24:31.463,18512,18513,18512,1,-1
2022-01-04 15:24:32.116,18512,18513,18512,1,-1
2022-01-04 15:24:33.256,18512,18513,18512,1,-1
2022-01-04 15:24:34.845,18512,18513,18512,1,-1
2022-01-04 15:24:35.874,18512,18513,18512,1,-1
2022-01-04 15:24:36.552,18512,18513,18512,1,-1
2022-01-04 15:24:36.717,18512,18513,18512,1,-1
2022-01-04 15:24:37.818,18512,18513,18512,1,-1
2022-01-04 15:24:38.196,18512,18513,18512,1,-1
2022-01-04 15:24:39.001,18511,18512,18512,1,1
2022-01-04 15:24:57.374,18511,18512,18512,1,1
2022-01-04 15:25:03.932,18511,18512,18512,1,1
2022-01-04 15:25:04.665,18511,18512,18511,1,-1
2022-01-04 15:25:18.329,18511,18512,18511,32,-32
2022-01-04 15:25:18.329,18511,18512,18510,15,-15
2022-01-04 15:25:18.362,18511,18512,18511,2,-2
2022-01-04 15:25:25.093,18511,18512,18512,2,2
2022-01-04 15:25:25.143,18511,18512,18513,4,4
2022-01-04 15:25:29.001,18512,18513,18513,1,1
2022-01-04 15:25:37.227,18512,18513,18512,1,-1
2022-01-04 15:25:41.307,18512,18513,18513,2,2
2022-01-04 15:25:43.032,18513,18514,18514,1,1
2022-01-04 15:25:43.286,18513,18514,18513,1,-1
2022-01-04 15:25:46.496,18513,18514,18514,3,3
2022-01-04 15:25:46.690,18514,18515,18514,1,-1
2022-01-04 15:25:48.799,18514,18515,18514,1,-1
2022-01-04 15:25:49.477,18514,18515,18514,1,-1
2022-01-04 15:25:50.359,18514,18515,18514,1,-1
2022-01-04 15:25:50.626,18513,18515,18513,1,-1
2022-01-04 15:25:50.809,18513,18515,18514,1,1
2022-01-04 15:25:51.843,18513,18514,18513,1,-1
2022-01-04 15:25:51.843,18513,18514,18514,2,2
2022-01-04 15:25:55.619,18513,18514,18514,1,1
2022-01-04 15:25:55.620,18513,18514,18514,1,1
2022-01-04 15:25:55.620,18513,18514,18515,6,6
2022-01-04 15:25:55.624,18513,18514,18515,2,2
2022-01-04 15:25:57.629,18514,18516,18514,1,-1
2022-01-04 15:25:57.915,18514,18516,18516,1,1
2022-01-04 15:26:03.939,18514,18516,18516,5,5
2022-01-04 15:26:05.058,18514,18516,18514,1,-1
2022-01-04 15:26:11.874,18514,18516,18514,1,-1
2022-01-04 15:26:20.303,18513,18514,18513,2,-2
2022-01-04 15:26:25.070,18513,18514,18514,1,1
2022-01-04 15:26:30.745,18513,18514,18513,2,-2
2022-01-04 15:26:38.676,18513,18514,18513,1,-1
2022-01-04 15:26:48.548,18513,18514,18514,2,2
2022-01-04 15:26:48.558,18514,18515,18515,1,1
2022-01-04 15:27:07.910,18514,18515,18515,3,3
2022-01-04 15:27:30.625,18514,18516,18516,1,1
2022-01-04 15:27:33.961,18514,18515,18515,1,1
2022-01-04 15:27:54.157,18514,18515,18514,2,-2
2022-01-04 15:28:17.030,18513,18515,18515,1,1
2022-01-04 15:28:36.549,18513,18514,18514,1,1
2022-01-04 15:28:41.224,18512,18514,18514,1,1
2022-01-04 15:28:46.306,18513,18514,18514,1,1
2022-01-04 15:29:13.973,18513,18514,18513,1,-1
2022-01-04 15:30:07.055,18513,18514,18513,1,-1
2022-01-04 15:30:14.559,18513,18514,18513,2,-2
2022-01-04 15:30:25.172,18513,18514,18514,2,2
2022-01-04 15:30:27.017,18513,18514,18514,2,2
2022-01-04 15:30:27.018,18513,18514,18514,8,8
2022-01-04 15:30:46.618,18513,18514,18514,2,2
2022-01-04 15:30:48.408,18513,18514,18514,2,2
2022-01-04 15:30:51.336,18513,18514,18514,1,1
2022-01-04 15:30:52.030,18513,18515,18515,1,1
2022-01-04 15:31:08.777,18514,18515,18514,2,-2
2022-01-04 15:31:26.088,18514,18515,18514,2,-2
2022-01-04 15:31:41.103,18514,18515,18515,1,1
2022-01-04 15:31:41.103,18514,18515,18515,5,5
2022-01-04 15:31:41.104,18514,18515,18515,2,2
2022-01-04 15:31:41.104,18514,18515,18515,1,1
2022-01-04 15:31:41.104,18514,18515,18515,1,1
2022-01-04 15:31:41.104,18514,18515,18515,3,3
2022-01-04 15:31:41.104,18514,18515,18515,3,3
2022-01-04 15:31:44.208,18515,18516,18515,1,-1
2022-01-04 15:31:44.273,18515,18516,18515,1,-1
2022-01-04 15:31:55.939,18514,18515,18515,3,3
2022-01-04 15:32:07.196,18515,18516,18515,1,-1
2022-01-04 15:32:07.308,18515,18516,18515,1,-1
2022-01-04 15:32:07.330,18515,18516,18515,1,-1
2022-01-04 15:32:08.276,18515,18516,18515,1,-1
2022-01-04 15:32:09.522,18515,18516,18515,1,-1
2022-01-04 15:32:23.271,18515,18516,18515,1,-1
2022-01-04 15:32:29.001,18514,18515,18515,1,1
2022-01-04 15:32:29.737,18514,18515,18515,1,1
2022-01-04 15:33:00.792,18514,18515,18515,1,1
2022-01-04 15:33:10.095,18514,18515,18514,1,-1
2022-01-04 15:33:26.028,18514,18515,18515,1,1
2022-01-04 15:33:42.634,18514,18515,18515,1,1
2022-01-04 15:33:54.337,18514,18515,18515,1,1
2022-01-04 15:33:54.337,18514,18515,18515,1,1
2022-01-04 15:34:01.471,18515,18516,18516,1,1
2022-01-04 15:34:02.578,18515,18516,18515,3,-3
2022-01-04 15:34:10.767,18515,18516,18516,2,2
2022-01-04 15:34:10.767,18515,18516,18516,4,4
2022-01-04 15:34:10.768,18515,18516,18516,1,1
2022-01-04 15:34:10.768,18515,18516,18516,22,22
2022-01-04 15:34:10.773,18515,18516,18517,3,3
2022-01-04 15:34:10.773,18515,18516,18517,6,6
2022-01-04 15:34:10.773,18515,18516,18517,1,1
2022-01-04 15:34:10.774,18515,18516,18517,1,1
2022-01-04 15:34:10.774,18515,18516,18517,3,3
2022-01-04 15:34:10.776,18515,18516,18517,3,3
2022-01-04 15:34:10.781,18515,18516,18517,2,2
2022-01-04 15:34:10.819,18516,18517,18517,11,11
2022-01-04 15:34:10.819,18516,18517,18517,3,3
2022-01-04 15:34:11.815,18517,18518,18518,2,2
2022-01-04 15:34:15.707,18517,18518,18518,1,1
2022-01-04 15:34:19.484,18517,18518,18517,3,-3
2022-01-04 15:34:23.925,18517,18518,18518,1,1
2022-01-04 15:34:43.028,18517,18518,18517,1,-1
2022-01-04 15:34:44.388,18517,18518,18517,1,-1
2022-01-04 15:34:46.903,18517,18518,18518,1,1
2022-01-04 15:34:56.901,18517,18518,18518,1,1
2022-01-04 15:34:57.080,18517,18518,18518,1,1
2022-01-04 15:34:57.281,18517,18518,18517,1,-1
2022-01-04 15:35:04.268,18517,18518,18517,1,-1
2022-01-04 15:35:04.268,18517,18518,18517,1,-1
2022-01-04 15:35:04.269,18517,18518,18517,2,-2
2022-01-04 15:35:04.269,18517,18518,18517,2,-2
2022-01-04 15:35:04.586,18517,18518,18517,1,-1
2022-01-04 15:35:04.586,18517,18518,18517,1,-1
2022-01-04 15:35:05.201,18517,18518,18518,1,1
2022-01-04 15:35:10.159,18517,18518,18518,2,2
2022-01-04 15:35:18.054,18517,18518,18518,1,1
2022-01-04 15:35:22.242,18517,18518,18518,1,1
2022-01-04 15:35:27.418,18517,18518,18518,1,1
2022-01-04 15:35:28.687,18517,18518,18517,5,-5
2022-01-04 15:35:31.524,18516,18518,18517,1,1
2022-01-04 15:35:41.746,18516,18517,18517,1,1
2022-01-04 15:35:59.853,18516,18517,18517,1,1
2022-01-04 15:36:00.029,18516,18517,18517,1,1
2022-01-04 15:36:02.840,18516,18517,18517,1,1
2022-01-04 15:36:02.840,18516,18517,18517,1,1
2022-01-04 15:36:02.842,18516,18517,18517,1,1
2022-01-04 15:36:02.842,18516,18517,18517,1,1
2022-01-04 15:36:02.846,18516,18517,18517,1,1
2022-01-04 15:36:13.020,18516,18517,18517,3,3
2022-01-04 15:36:20.757,18516,18517,18517,1,1
2022-01-04 15:36:20.757,18516,18517,18517,2,2
2022-01-04 15:36:20.757,18516,18517,18517,1,1
2022-01-04 15:36:20.757,18516,18517,18517,6,6
2022-01-04 15:36:20.757,18516,18517,18517,1,1
2022-01-04 15:36:25.057,18517,18518,18518,2,2
2022-01-04 15:36:29.406,18517,18518,18518,1,1
2022-01-04 15:36:39.822,18517,18518,18518,1,1
2022-01-04 15:36:40.401,18517,18518,18518,2,2
2022-01-04 15:36:40.815,18517,18518,18518,1,1
2022-01-04 15:36:49.271,18517,18518,18518,1,1
2022-01-04 15:36:57.350,18517,18518,18518,1,1
2022-01-04 15:37:04.602,18517,18518,18518,1,1
2022-01-04 15:37:05.213,18517,18518,18518,6,6
2022-01-04 15:37:09.094,18517,18518,18518,2,2
2022-01-04 15:37:11.129,18517,18518,18518,2,2
2022-01-04 15:37:15.434,18517,18518,18518,1,1
2022-01-04 15:37:15.564,18517,18518,18518,1,1
2022-01-04 15:37:15.615,18517,18518,18519,10,10
2022-01-04 15:37:15.714,18517,18519,18519,2,2
2022-01-04 15:37:15.719,18517,18519,18519,1,1
2022-01-04 15:37:15.756,18517,18519,18519,1,1
2022-01-04 15:37:15.764,18517,18519,18519,1,1
2022-01-04 15:37:15.782,18517,18519,18519,1,1
2022-01-04 15:37:18.085,18518,18519,18519,2,2
2022-01-04 15:37:18.086,18518,18519,18519,4,4
2022-01-04 15:37:19.975,18519,18520,18520,3,3
2022-01-04 15:37:20.080,18519,18520,18520,1,1
2022-01-04 15:37:20.096,18519,18520,18520,4,4
2022-01-04 15:37:20.292,18519,18520,18519,1,-1
2022-01-04 15:37:21.289,18519,18520,18520,1,1
2022-01-04 15:37:28.470,18519,18520,18519,2,-2
2022-01-04 15:37:30.087,18519,18520,18519,1,-1
2022-01-04 15:37:33.225,18519,18520,18520,1,1
2022-01-04 15:37:33.569,18519,18520,18519,2,-2
2022-01-04 15:37:37.187,18518,18519,18519,1,1
2022-01-04 15:37:37.273,18518,18519,18519,4,4
2022-01-04 15:37:37.341,18519,18520,18520,13,13
2022-01-04 15:37:38.591,18520,18521,18521,12,12
2022-01-04 15:37:39.906,18520,18521,18521,1,1
2022-01-04 15:37:40.434,18520,18521,18521,1,1
2022-01-04 15:37:40.434,18520,18521,18521,1,1
2022-01-04 15:37:40.501,18520,18521,18522,1,1
2022-01-04 15:37:40.618,18521,18522,18522,2,2
2022-01-04 15:37:40.685,18521,18522,18522,1,1
2022-01-04 15:37:40.735,18521,18522,18522,1,1
2022-01-04 15:37:40.760,18521,18522,18522,1,1
2022-01-04 15:37:40.762,18521,18522,18522,1,1
2022-01-04 15:37:40.819,18521,18522,18522,1,1
2022-01-04 15:37:40.826,18521,18522,18522,1,1
2022-01-04 15:37:40.900,18521,18522,18522,1,1
2022-01-04 15:37:40.902,18521,18522,18522,4,4
2022-01-04 15:37:40.935,18521,18523,18523,1,1
2022-01-04 15:37:41.042,18521,18523,18523,1,1
2022-01-04 15:37:41.049,18521,18523,18523,1,1
2022-01-04 15:37:41.053,18521,18523,18523,2,2
2022-01-04 15:37:41.067,18522,18523,18523,1,1
2022-01-04 15:37:41.113,18522,18523,18523,1,1
2022-01-04 15:37:41.113,18522,18523,18523,1,1
2022-01-04 15:37:41.128,18522,18523,18523,1,1
2022-01-04 15:37:41.156,18522,18523,18523,1,1
2022-01-04 15:37:41.167,18522,18523,18523,1,1
2022-01-04 15:37:41.183,18522,18523,18523,1,1
2022-01-04 15:37:41.187,18522,18523,18523,1,1
2022-01-04 15:37:41.190,18522,18523,18523,1,1
2022-01-04 15:37:41.211,18522,18523,18523,1,1
2022-01-04 15:37:41.215,18522,18523,18523,1,1
2022-01-04 15:37:41.236,18522,18523,18523,1,1
2022-01-04 15:37:41.237,18522,18523,18523,1,1
2022-01-04 15:37:41.237,18522,18523,18523,1,1
2022-01-04 15:37:41.239,18522,18523,18523,1,1
2022-01-04 15:37:41.257,18522,18523,18523,1,1
2022-01-04 15:37:41.284,18522,18523,18523,4,4
2022-01-04 15:37:41.284,18522,18523,18523,3,3
2022-01-04 15:37:41.296,18522,18523,18523,1,1
2022-01-04 15:37:41.311,18522,18523,18523,1,1
2022-01-04 15:37:41.339,18522,18523,18523,2,2
2022-01-04 15:37:41.397,18522,18523,18523,1,1
2022-01-04 15:37:41.398,18522,18523,18523,1,1
2022-01-04 15:37:41.437,18522,18523,18523,1,1
2022-01-04 15:37:41.437,18522,18523,18523,1,1
2022-01-04 15:37:41.438,18522,18523,18523,1,1
2022-01-04 15:37:41.440,18522,18523,18524,1,1
2022-01-04 15:37:41.441,18522,18523,18524,1,1
2022-01-04 15:37:41.480,18522,18523,18524,1,1
2022-01-04 15:37:41.503,18522,18523,18524,1,1
2022-01-04 15:37:41.602,18522,18524,18524,1,1
2022-01-04 15:37:41.620,18522,18524,18524,1,1
2022-01-04 15:37:41.681,18522,18524,18524,1,1
2022-01-04 15:37:41.708,18522,18524,18524,2,2
2022-01-04 15:37:41.746,18522,18524,18523,1,1
2022-01-04 15:37:41.752,18522,18524,18523,2,2
2022-01-04 15:37:42.103,18522,18523,18523,1,1
2022-01-04 15:37:42.151,18522,18523,18522,1,-1
2022-01-04 15:37:42.153,18522,18523,18522,5,-5
2022-01-04 15:37:42.154,18522,18523,18522,1,-1
2022-01-04 15:37:42.203,18521,18522,18522,4,4
2022-01-04 15:37:42.223,18521,18522,18521,2,-2
2022-01-04 15:37:42.225,18521,18522,18521,1,-1
2022-01-04 15:37:42.409,18521,18522,18522,1,1
2022-01-04 15:37:42.453,18521,18523,18523,1,1
2022-01-04 15:37:42.503,18521,18523,18523,1,1
2022-01-04 15:37:42.670,18521,18523,18521,1,-1
2022-01-04 15:37:42.835,18521,18522,18521,1,-1
2022-01-04 15:37:42.889,18521,18522,18520,1,-1
2022-01-04 15:37:43.435,18520,18522,18520,1,-1
2022-01-04 15:37:43.878,18520,18522,18522,1,1
2022-01-04 15:37:47.094,18520,18521,18520,1,-1
2022-01-04 15:37:47.997,18520,18521,18520,1,-1
2022-01-04 15:37:49.931,18520,18521,18521,1,1
2022-01-04 15:37:51.097,18520,18522,18522,1,1
2022-01-04 15:37:51.900,18520,18521,18521,1,1
2022-01-04 15:37:56.941,18521,18522,18521,1,-1
2022-01-04 15:37:57.119,18521,18522,18521,1,-1
2022-01-04 15:38:01.374,18521,18522,18522,1,1
2022-01-04 15:38:01.944,18521,18522,18521,1,-1
2022-01-04 15:38:03.035,18521,18522,18521,1,-1
2022-01-04 15:38:05.386,18521,18522,18522,1,1
2022-01-04 15:38:11.633,18521,18522,18522,1,1
2022-01-04 15:38:17.623,18521,18522,18522,1,1
2022-01-04 15:38:19.802,18521,18522,18521,1,-1
2022-01-04 15:38:23.493,18521,18522,18522,1,1
2022-01-04 15:38:34.032,18521,18522,18522,1,1
2022-01-04 15:38:37.932,18521,18522,18521,3,-3
2022-01-04 15:38:38.533,18521,18522,18521,2,-2
2022-01-04 15:38:40.755,18521,18522,18521,2,-2
2022-01-04 15:38:40.849,18521,18522,18521,5,-5
2022-01-04 15:38:42.816,18520,18521,18521,1,1
2022-01-04 15:38:43.256,18520,18521,18521,3,3
2022-01-04 15:38:49.497,18521,18522,18521,2,-2
2022-01-04 15:38:50.102,18521,18522,18521,1,-1
2022-01-04 15:38:54.455,18521,18522,18521,2,-2
2022-01-04 15:38:54.455,18521,18522,18521,1,-1
2022-01-04 15:38:56.001,18520,18522,18521,1,1
2022-01-04 15:38:57.699,18520,18522,18520,1,-1
2022-01-04 15:38:58.877,18520,18522,18520,1,-1
2022-01-04 15:39:02.269,18520,18522,18520,1,-1
2022-01-04 15:39:10.327,18520,18521,18520,1,-1
2022-01-04 15:39:11.597,18520,18521,18521,1,1
2022-01-04 15:39:11.824,18520,18521,18521,1,1
2022-01-04 15:39:11.824,18520,18521,18522,5,5
2022-01-04 15:39:16.200,18521,18522,18522,1,1
2022-01-04 15:39:20.691,18521,18522,18521,2,-2
2022-01-04 15:39:21.842,18521,18522,18521,2,-2
2022-01-04 15:39:27.098,18521,18522,18522,1,1
2022-01-04 15:39:27.098,18521,18522,18522,3,3
2022-01-04 15:39:27.098,18521,18522,18522,1,1
2022-01-04 15:39:27.099,18521,18522,18522,6,6
2022-01-04 15:39:27.099,18521,18522,18522,3,3
2022-01-04 15:39:28.235,18521,18523,18521,1,-1
2022-01-04 15:39:28.463,18521,18523,18522,1,1
2022-01-04 15:39:32.885,18521,18523,18523,1,1
2022-01-04 15:39:35.871,18521,18523,18523,1,1
2022-01-04 15:39:48.029,18522,18523,18522,1,-1
2022-01-04 15:39:48.029,18522,18523,18522,1,-1
2022-01-04 15:39:48.036,18522,18523,18521,1,-1
2022-01-04 15:39:48.037,18522,18523,18521,1,-1
2022-01-04 15:39:48.312,18521,18522,18521,2,-2
2022-01-04 15:39:48.605,18520,18522,18520,1,-1
2022-01-04 15:39:49.291,18520,18522,18522,1,1
2022-01-04 15:39:50.379,18520,18522,18520,1,-1
2022-01-04 15:39:52.001,18520,18521,18521,1,1
2022-01-04 15:40:00.748,18520,18521,18521,1,1
2022-01-04 15:40:00.748,18520,18521,18522,1,1
2022-01-04 15:40:09.931,18520,18522,18520,1,-1
2022-01-04 15:40:18.653,18521,18522,18522,5,5
2022-01-04 15:40:20.262,18521,18522,18521,1,-1
2022-01-04 15:40:21.161,18521,18522,18522,1,1
2022-01-04 15:40:23.601,18521,18523,18521,1,-1
2022-01-04 15:40:25.647,18521,18523,18521,2,-2
2022-01-04 15:40:47.399,18521,18522,18522,2,2
2022-01-04 15:40:47.399,18521,18522,18522,1,1
2022-01-04 15:40:52.679,18521,18522,18522,1,1
2022-01-04 15:40:52.679,18521,18522,18523,1,1
2022-01-04 15:40:54.159,18521,18523,18522,1,1
2022-01-04 15:40:56.218,18522,18523,18523,1,1
2022-01-04 15:41:00.751,18522,18523,18523,1,1
2022-01-04 15:41:00.753,18522,18523,18523,1,1
2022-01-04 15:41:00.786,18522,18523,18523,1,1
2022-01-04 15:41:00.792,18522,18523,18523,1,1
2022-01-04 15:41:00.817,18522,18523,18523,1,1
2022-01-04 15:41:00.845,18522,18523,18523,1,1
2022-01-04 15:41:03.344,18522,18523,18523,1,1
2022-01-04 15:41:03.344,18522,18523,18523,1,1
2022-01-04 15:41:03.344,18522,18523,18523,1,1
2022-01-04 15:41:06.290,18522,18523,18523,1,1
2022-01-04 15:41:06.290,18522,18523,18523,1,1
2022-01-04 15:41:06.290,18522,18523,18523,1,1
2022-01-04 15:41:08.029,18522,18524,18524,1,1
2022-01-04 15:41:08.339,18522,18524,18524,1,1
2022-01-04 15:41:08.377,18522,18524,18524,1,1
2022-01-04 15:41:08.484,18522,18524,18524,1,1
2022-01-04 15:41:08.521,18522,18524,18524,1,1
2022-01-04 15:41:08.546,18522,18524,18524,1,1
2022-01-04 15:41:13.440,18523,18524,18523,2,-2
2022-01-04 15:41:23.237,18523,18524,18523,1,-1
2022-01-04 15:41:24.019,18523,18524,18523,1,-1
2022-01-04 15:41:28.325,18523,18524,18523,2,-2
2022-01-04 15:41:43.164,18523,18524,18523,1,-1
2022-01-04 15:41:45.486,18523,18524,18523,2,-2
2022-01-04 15:41:49.916,18522,18524,18522,1,-1
2022-01-04 15:41:50.616,18523,18524,18523,1,-1
2022-01-04 15:41:55.942,18522,18523,18523,1,1
2022-01-04 15:41:56.351,18522,18523,18522,2,-2
2022-01-04 15:41:58.380,18522,18523,18523,1,1
2022-01-04 15:42:01.079,18523,18524,18523,1,-1
2022-01-04 15:42:01.079,18523,18524,18522,1,-1
2022-01-04 15:42:01.422,18522,18524,18524,1,1
2022-01-04 15:42:01.544,18522,18524,18524,4,4
2022-01-04 15:42:04.575,18522,18523,18523,1,1
2022-01-04 15:42:09.838,18522,18524,18522,2,-2
2022-01-04 15:42:13.575,18522,18523,18523,1,1
2022-01-04 15:42:18.848,18523,18524,18523,1,-1
2022-01-04 15:42:18.848,18523,18524,18522,1,-1
2022-01-04 15:42:22.177,18523,18524,18523,1,-1
2022-01-04 15:42:22.177,18523,18524,18522,1,-1
2022-01-04 15:42:24.764,18522,18523,18523,1,1
2022-01-04 15:42:30.177,18522,18523,18522,2,-2
2022-01-04 15:42:30.781,18522,18523,18522,2,-2
2022-01-04 15:42:30.884,18522,18523,18523,3,3
2022-01-04 15:42:31.185,18523,18524,18523,2,-2
2022-01-04 15:42:38.672,18522,18524,18522,1,-1
2022-01-04 15:42:42.737,18522,18524,18524,2,2
2022-01-04 15:42:46.347,18523,18524,18523,1,-1
2022-01-04 15:42:47.024,18522,18524,18524,1,1
2022-01-04 15:42:47.058,18523,18524,18524,12,12
2022-01-04 15:42:50.914,18523,18524,18523,1,-1
2022-01-04 15:43:08.010,18523,18524,18523,2,-2
2022-01-04 15:43:17.220,18523,18524,18524,1,1
2022-01-04 15:43:20.100,18523,18524,18524,1,1
2022-01-04 15:43:28.023,18523,18524,18524,1,1
2022-01-04 15:43:28.023,18523,18524,18524,15,15
2022-01-04 15:43:28.024,18523,18524,18524,1,1
2022-01-04 15:43:28.024,18523,18524,18524,2,2
2022-01-04 15:43:28.024,18523,18524,18524,1,1
2022-01-04 15:43:28.024,18523,18524,18524,3,3
2022-01-04 15:43:28.024,18523,18524,18524,1,1
2022-01-04 15:43:33.371,18524,18525,18525,2,2
2022-01-04 15:43:33.371,18524,18525,18525,1,1
2022-01-04 15:43:33.371,18524,18525,18525,1,1
2022-01-04 15:43:33.519,18524,18525,18525,1,1
2022-01-04 15:43:33.520,18524,18525,18525,7,7
2022-01-04 15:43:33.520,18524,18525,18525,6,6
2022-01-04 15:43:33.520,18524,18525,18525,11,11
2022-01-04 15:43:33.521,18524,18525,18525,3,3
2022-01-04 15:43:33.521,18524,18525,18525,1,1
2022-01-04 15:43:33.521,18524,18525,18525,1,1
2022-01-04 15:43:33.563,18524,18525,18525,3,3
2022-01-04 15:43:33.576,18524,18525,18526,1,1
2022-01-04 15:43:33.595,18524,18525,18526,1,1
2022-01-04 15:43:33.723,18524,18526,18526,1,1
2022-01-04 15:43:33.834,18524,18526,18524,1,-1
2022-01-04 15:43:33.910,18524,18526,18526,3,3
2022-01-04 15:43:34.269,18524,18526,18524,1,-1
2022-01-04 15:43:34.436,18524,18526,18524,1,-1
2022-01-04 15:43:42.034,18524,18525,18525,1,1
2022-01-04 15:43:48.248,18524,18525,18525,1,1
2022-01-04 15:43:48.312,18524,18525,18525,1,1
2022-01-04 15:43:51.544,18524,18525,18525,1,1
2022-01-04 15:43:52.963,18524,18525,18525,1,1
2022-01-04 15:43:54.428,18524,18525,18525,1,1
2022-01-04 15:43:54.935,18524,18525,18525,1,1
2022-01-04 15:44:00.284,18524,18525,18525,1,1
2022-01-04 15:44:00.309,18524,18525,18525,1,1
2022-01-04 15:44:00.309,18524,18525,18525,1,1
2022-01-04 15:44:00.327,18524,18525,18525,1,1
2022-01-04 15:44:00.329,18524,18525,18525,1,1
2022-01-04 15:44:00.370,18524,18525,18525,1,1
2022-01-04 15:44:00.399,18524,18525,18525,1,1
2022-01-04 15:44:00.805,18524,18525,18524,1,-1
2022-01-04 15:44:02.761,18524,18525,18525,1,1
2022-01-04 15:44:34.786,18525,18526,18525,1,-1
2022-01-04 15:44:40.400,18525,18526,18526,1,1
2022-01-04 15:44:40.433,18525,18526,18526,1,1
2022-01-04 15:44:40.434,18525,18526,18526,1,1
2022-01-04 15:44:40.434,18525,18526,18526,1,1
2022-01-04 15:44:40.434,18525,18526,18526,1,1
2022-01-04 15:44:40.899,18525,18526,18526,1,1
2022-01-04 15:44:43.556,18525,18526,18525,1,-1
2022-01-04 15:44:43.683,18525,18526,18526,1,1
2022-01-04 15:44:43.684,18525,18526,18526,1,1
2022-01-04 15:44:43.684,18525,18526,18526,1,1
2022-01-04 15:44:43.684,18525,18526,18526,1,1
2022-01-04 15:44:46.166,18525,18526,18526,4,4
2022-01-04 15:44:48.796,18525,18526,18526,3,3
2022-01-04 15:44:48.796,18525,18526,18527,5,5
2022-01-04 15:44:48.807,18525,18527,18525,3,-3
2022-01-04 15:44:48.809,18525,18527,18527,1,1
2022-01-04 15:44:48.809,18525,18527,18527,1,1
2022-01-04 15:44:48.945,18525,18527,18525,1,-1
2022-01-04 15:44:49.336,18525,18527,18525,1,-1
2022-01-04 15:44:49.566,18525,18527,18527,1,1
2022-01-04 15:44:49.714,18525,18527,18527,1,1
2022-01-04 15:44:51.155,18525,18527,18525,2,-2
2022-01-04 15:44:55.088,18525,18526,18525,1,-1
2022-01-04 15:45:00.693,18525,18526,18526,5,5
2022-01-04 15:45:00.862,18525,18527,18525,1,-1
2022-01-04 15:45:10.068,18525,18526,18525,23,-23
2022-01-04 15:45:10.068,18525,18526,18524,7,-7
2022-01-04 15:45:10.129,18525,18526,18524,7,-7
2022-01-04 15:45:10.146,18525,18526,18524,4,-4
2022-01-04 15:45:10.146,18525,18526,18523,2,-2
2022-01-04 15:45:10.168,18525,18526,18523,11,-11
2022-01-04 15:45:10.443,18523,18525,18523,1,-1
2022-01-04 15:45:13.584,18523,18525,18525,3,3
2022-01-04 15:45:13.586,18523,18525,18525,1,1
2022-01-04 15:45:13.607,18523,18525,18526,2,2
2022-01-04 15:45:14.210,18525,18526,18526,1,1
2022-01-04 15:45:14.211,18525,18526,18527,2,2
2022-01-04 15:45:18.984,18526,18527,18526,1,-1
2022-01-04 15:45:18.984,18526,18527,18526,1,-1
2022-01-04 15:45:25.050,18525,18526,18525,3,-3
2022-01-04 15:45:25.058,18524,18526,18526,1,1
2022-01-04 15:45:25.260,18524,18526,18526,1,1
2022-01-04 15:45:30.721,18524,18526,18526,1,1
2022-01-04 15:45:41.259,18525,18526,18525,1,-1
2022-01-04 15:45:52.776,18524,18525,18525,3,3
2022-01-04 15:45:52.777,18524,18525,18525,17,17
2022-01-04 15:45:52.778,18524,18525,18525,1,1
2022-01-04 15:45:56.997,18524,18525,18525,1,1
2022-01-04 15:46:00.938,18524,18525,18525,1,1
2022-01-04 15:46:14.711,18524,18525,18524,2,-2
2022-01-04 15:46:15.294,18524,18525,18525,1,1
2022-01-04 15:46:16.264,18524,18525,18524,1,-1
2022-01-04 15:46:17.038,18524,18525,18525,1,1
2022-01-04 15:46:34.387,18524,18525,18525,2,2
2022-01-04 15:46:38.777,18524,18525,18525,1,1
2022-01-04 15:46:42.512,18524,18525,18525,1,1
2022-01-04 15:47:03.984,18524,18525,18524,1,-1
2022-01-04 15:47:03.984,18524,18525,18524,1,-1
2022-01-04 15:47:03.984,18524,18525,18524,1,-1
2022-01-04 15:47:03.984,18524,18525,18524,1,-1
2022-01-04 15:47:03.985,18524,18525,18524,2,-2
2022-01-04 15:47:03.985,18524,18525,18524,1,-1
2022-01-04 15:47:03.985,18524,18525,18524,1,-1
2022-01-04 15:47:19.373,18523,18524,18523,1,-1
2022-01-04 15:47:22.266,18523,18524,18524,1,1
2022-01-04 15:47:29.535,18523,18524,18523,1,-1
2022-01-04 15:47:38.343,18523,18524,18523,1,-1
2022-01-04 15:47:40.394,18523,18524,18524,1,1
2022-01-04 15:47:40.459,18523,18524,18523,1,-1
2022-01-04 15:47:42.598,18523,18524,18523,1,-1
2022-01-04 15:47:44.233,18523,18524,18523,1,-1
2022-01-04 15:47:48.296,18522,18523,18523,1,1
2022-01-04 15:47:48.683,18522,18523,18523,1,1
2022-01-04 15:47:49.205,18523,18524,18523,1,-1
2022-01-04 15:48:03.703,18523,18524,18523,1,-1
2022-01-04 15:48:04.024,18523,18524,18524,1,1
2022-01-04 15:48:04.103,18523,18524,18524,4,4
2022-01-04 15:48:06.611,18523,18524,18523,2,-2
2022-01-04 15:48:13.387,18523,18524,18523,1,-1
2022-01-04 15:48:20.420,18523,18524,18524,1,1
2022-01-04 15:48:22.371,18523,18524,18524,1,1
2022-01-04 15:48:29.577,18523,18524,18524,1,1
2022-01-04 15:48:44.227,18523,18524,18524,1,1
2022-01-04 15:48:44.234,18523,18524,18524,1,1
2022-01-04 15:48:47.662,18524,18525,18524,1,-1
2022-01-04 15:48:49.413,18524,18525,18524,1,-1
2022-01-04 15:48:51.072,18523,18525,18525,1,1
2022-01-04 15:49:00.399,18524,18525,18525,1,1
2022-01-04 15:49:04.276,18524,18525,18525,1,1
2022-01-04 15:49:17.559,18524,18525,18525,3,3
2022-01-04 15:49:27.115,18524,18525,18525,1,1
2022-01-04 15:49:39.228,18524,18525,18524,2,-2
2022-01-04 15:49:39.903,18524,18525,18524,2,-2
2022-01-04 15:49:40.355,18524,18525,18524,2,-2
2022-01-04 15:49:42.020,18524,18525,18525,1,1
2022-01-04 15:49:44.649,18524,18525,18525,1,1
2022-01-04 15:49:44.649,18524,18525,18526,1,1
2022-01-04 15:49:47.293,18524,18526,18524,1,-1
2022-01-04 15:50:02.364,18524,18526,18524,1,-1
2022-01-04 15:50:22.214,18524,18526,18524,2,-2
2022-01-04 15:50:23.090,18524,18526,18524,2,-2
2022-01-04 15:50:27.318,18524,18526,18524,2,-2
2022-01-04 15:50:28.043,18524,18526,18524,2,-2
2022-01-04 15:50:37.682,18524,18526,18524,5,-5
2022-01-04 15:50:43.349,18524,18525,18524,2,-2
2022-01-04 15:50:47.205,18524,18525,18524,2,-2
2022-01-04 15:50:50.906,18524,18525,18524,2,-2
2022-01-04 15:50:55.592,18524,18525,18524,2,-2
2022-01-04 15:50:59.636,18524,18525,18524,1,-1
2022-01-04 15:51:06.718,18524,18525,18525,2,2
2022-01-04 15:51:07.779,18524,18526,18524,1,-1
2022-01-04 15:51:20.398,18525,18526,18526,1,1
2022-01-04 15:51:20.649,18525,18526,18526,1,1
2022-01-04 15:51:25.025,18525,18526,18526,1,1
2022-01-04 15:51:25.084,18525,18526,18525,1,-1
2022-01-04 15:51:25.644,18525,18526,18525,1,-1
2022-01-04 15:51:32.616,18525,18526,18526,1,1
2022-01-04 15:51:38.842,18525,18526,18525,1,-1
2022-01-04 15:51:45.803,18525,18526,18526,1,1
2022-01-04 15:52:01.273,18525,18526,18526,1,1
2022-01-04 15:52:11.645,18525,18526,18525,2,-2
2022-01-04 15:52:12.623,18525,18526,18526,1,1
2022-01-04 15:52:21.836,18525,18526,18526,1,1
2022-01-04 15:52:21.836,18525,18526,18526,2,2
2022-01-04 15:52:21.837,18525,18526,18526,1,1
2022-01-04 15:52:27.961,18525,18526,18526,1,1
2022-01-04 15:52:27.961,18525,18526,18526,1,1
2022-01-04 15:52:29.501,18525,18527,18526,1,1
2022-01-04 15:52:41.357,18526,18527,18526,3,-3
2022-01-04 15:52:41.379,18526,18527,18526,1,-1
2022-01-04 15:52:53.252,18526,18527,18526,1,-1
2022-01-04 15:53:05.397,18526,18527,18526,1,-1
2022-01-04 15:53:15.009,18526,18527,18526,1,-1
2022-01-04 15:53:17.475,18526,18527,18526,1,-1
2022-01-04 15:53:19.013,18526,18527,18526,1,-1
2022-01-04 15:53:23.246,18526,18527,18526,3,-3
2022-01-04 15:53:23.247,18526,18527,18526,1,-1
2022-01-04 15:53:23.264,18526,18527,18526,1,-1
2022-01-04 15:53:26.440,18525,18526,18526,1,1
2022-01-04 15:53:26.440,18525,18526,18526,1,1
2022-01-04 15:53:30.726,18525,18527,18526,1,1
2022-01-04 15:53:40.974,18525,18527,18525,2,-2
2022-01-04 15:53:41.754,18525,18527,18525,2,-2
2022-01-04 15:53:59.065,18526,18527,18527,1,1
2022-01-04 15:54:00.415,18526,18527,18527,2,2
2022-01-04 15:54:18.669,18526,18527,18527,1,1
2022-01-04 15:54:19.262,18526,18527,18527,1,1
2022-01-04 15:54:19.267,18526,18527,18527,1,1
2022-01-04 15:54:19.618,18526,18527,18526,1,-1
2022-01-04 15:54:28.932,18526,18527,18527,1,1
2022-01-04 15:54:29.424,18526,18527,18526,1,-1
2022-01-04 15:54:32.015,18525,18527,18525,1,-1
2022-01-04 15:54:38.188,18525,18526,18525,9,-9
2022-01-04 15:54:54.798,18524,18525,18525,5,5
2022-01-04 15:54:59.381,18524,18526,18525,1,1
2022-01-04 15:54:59.396,18524,18526,18526,4,4
2022-01-04 15:55:06.098,18525,18526,18525,1,-1
2022-01-04 15:55:07.573,18524,18526,18524,1,-1
2022-01-04 15:55:08.060,18524,18526,18524,1,-1
2022-01-04 15:55:15.086,18524,18526,18525,1,1
2022-01-04 15:55:51.825,18524,18525,18524,1,-1
2022-01-04 15:56:04.872,18524,18525,18524,11,-11
2022-01-04 15:56:06.695,18523,18524,18523,1,-1
2022-01-04 15:56:13.719,18523,18524,18523,2,-2
2022-01-04 15:56:13.719,18523,18524,18523,2,-2
2022-01-04 15:56:14.392,18522,18523,18523,2,2
2022-01-04 15:56:19.758,18522,18523,18523,2,2
2022-01-04 15:56:26.023,18522,18524,18522,3,-3
2022-01-04 15:56:28.610,18523,18524,18523,1,-1
2022-01-04 15:56:30.037,18523,18524,18524,8,8
2022-01-04 15:56:30.037,18523,18524,18525,2,2
2022-01-04 15:56:33.030,18523,18525,18525,1,1
2022-01-04 15:56:40.400,18523,18524,18524,2,2
2022-01-04 15:56:50.692,18523,18524,18523,2,-2
2022-01-04 15:56:51.951,18523,18524,18523,1,-1
2022-01-04 15:56:56.044,18523,18524,18523,2,-2
2022-01-04 15:56:56.046,18523,18524,18523,1,-1
2022-01-04 15:57:06.445,18522,18523,18523,1,1
2022-01-04 15:57:17.315,18522,18524,18522,3,-3
2022-01-04 15:57:19.233,18522,18524,18522,1,-1
2022-01-04 15:57:40.914,18523,18524,18523,1,-1
2022-01-04 15:57:54.226,18523,18524,18524,1,1
2022-01-04 15:57:54.227,18523,18524,18524,1,1
2022-01-04 15:57:54.227,18523,18524,18524,2,2
2022-01-04 15:58:02.444,18523,18525,18524,1,1
2022-01-04 15:59:07.040,18524,18525,18525,1,1
2022-01-04 15:59:18.143,18524,18526,18525,2,2
2022-01-04 15:59:59.124,18525,18526,18526,2,2
2022-01-04 16:00:00.899,18525,18526,18526,1,1
2022-01-04 16:00:01.103,18525,18526,18526,1,1
2022-01-04 16:00:01.145,18525,18526,18526,1,1
2022-01-04 16:00:02.177,18526,18527,18526,1,-1
2022-01-04 16:00:02.177,18526,18527,18526,1,-1
2022-01-04 16:00:06.510,18526,18527,18526,1,-1
2022-01-04 16:00:10.022,18526,18527,18526,1,-1
2022-01-04 16:00:13.906,18526,18527,18526,1,-1
2022-01-04 16:00:15.711,18526,18527,18526,1,-1
2022-01-04 16:00:19.173,18525,18526,18526,1,1
2022-01-04 16:00:20.132,18525,18527,18527,9,9
2022-01-04 16:00:20.420,18526,18528,18528,1,1
2022-01-04 16:00:20.632,18526,18528,18528,1,1
2022-01-04 16:00:20.675,18526,18528,18528,2,2
2022-01-04 16:00:20.868,18526,18528,18528,2,2
2022-01-04 16:00:21.592,18526,18528,18527,1,1
2022-01-04 16:00:21.592,18526,18528,18528,7,7
2022-01-04 16:00:22.329,18527,18528,18527,1,-1
2022-01-04 16:00:22.413,18527,18528,18528,1,1
2022-01-04 16:00:22.437,18527,18528,18528,1,1
2022-01-04 16:00:22.454,18527,18528,18528,1,1
2022-01-04 16:00:22.456,18527,18528,18528,1,1
2022-01-04 16:00:22.464,18527,18528,18528,1,1
2022-01-04 16:00:24.623,18527,18528,18528,6,6
2022-01-04 16:00:24.624,18527,18528,18529,5,5
2022-01-04 16:00:25.049,18528,18529,18528,1,-1
2022-01-04 16:00:25.077,18527,18529,18527,1,-1
2022-01-04 16:00:33.497,18527,18528,18527,1,-1
2022-01-04 16:00:38.937,18527,18528,18528,1,1
2022-01-04 16:00:47.310,18527,18528,18528,1,1
2022-01-04 16:00:47.310,18527,18528,18528,1,1
2022-01-04 16:00:47.546,18527,18529,18528,1,1
2022-01-04 16:00:48.999,18527,18528,18528,1,1
2022-01-04 16:00:53.154,18527,18528,18528,1,1
2022-01-04 16:00:55.821,18527,18528,18528,1,1
2022-01-04 16:00:57.677,18527,18528,18528,1,1
2022-01-04 16:00:57.752,18527,18529,18528,1,1
2022-01-04 16:01:01.353,18527,18528,18527,2,-2
2022-01-04 16:01:01.462,18526,18527,18526,1,-1
2022-01-04 16:01:01.928,18525,18526,18525,1,-1
2022-01-04 16:01:06.703,18525,18526,18525,6,-6
2022-01-04 16:01:15.148,18525,18526,18525,1,-1
2022-01-04 16:01:16.649,18524,18526,18526,12,12
2022-01-04 16:01:29.866,18525,18526,18526,2,2
2022-01-04 16:01:40.457,18525,18526,18526,1,1
2022-01-04 16:01:42.041,18525,18526,18526,1,1
2022-01-04 16:01:43.371,18525,18526,18526,1,1
2022-01-04 16:01:51.456,18526,18527,18526,2,-2
2022-01-04 16:01:52.165,18525,18526,18525,9,-9
2022-01-04 16:01:53.184,18524,18525,18525,1,1
2022-01-04 16:02:00.698,18524,18525,18525,1,1
2022-01-04 16:02:00.780,18524,18525,18525,1,1
2022-01-04 16:02:02.334,18524,18525,18524,5,-5
2022-01-04 16:02:03.081,18523,18524,18524,1,1
2022-01-04 16:02:08.728,18523,18524,18524,1,1
2022-01-04 16:02:12.852,18523,18524,18523,1,-1
2022-01-04 16:02:23.081,18522,18523,18522,1,-1
2022-01-04 16:02:28.252,18522,18523,18522,1,-1
2022-01-04 16:02:31.216,18522,18523,18522,1,-1
2022-01-04 16:02:33.937,18522,18523,18522,2,-2
2022-01-04 16:02:37.044,18522,18523,18523,1,1
2022-01-04 16:02:40.292,18522,18523,18523,1,1
2022-01-04 16:02:41.560,18522,18524,18523,1,1
2022-01-04 16:03:01.012,18522,18523,18523,1,1
2022-01-04 16:03:01.578,18522,18523,18522,1,-1
2022-01-04 16:03:01.939,18522,18523,18522,5,-5
2022-01-04 16:03:01.940,18522,18523,18522,9,-9
2022-01-04 16:03:05.960,18521,18523,18522,1,1
2022-01-04 16:03:32.643,18522,18523,18522,2,-2
2022-01-04 16:03:36.116,18521,18522,18522,1,1
2022-01-04 16:03:50.904,18521,18522,18521,1,-1
2022-01-04 16:03:55.232,18521,18522,18522,1,1
2022-01-04 16:03:55.233,18521,18522,18522,1,1
2022-01-04 16:03:55.233,18521,18522,18522,1,1
2022-01-04 16:03:55.233,18521,18522,18522,1,1
2022-01-04 16:04:00.218,18521,18522,18522,1,1
2022-01-04 16:04:01.328,18522,18523,18523,2,2
2022-01-04 16:04:04.796,18522,18523,18522,2,-2
2022-01-04 16:04:05.547,18522,18523,18522,2,-2
2022-01-04 16:04:07.317,18522,18523,18522,1,-1
2022-01-04 16:04:12.461,18521,18523,18521,2,-2
2022-01-04 16:04:13.212,18521,18523,18521,2,-2
2022-01-04 16:04:16.033,18521,18523,18523,1,1
2022-01-04 16:04:18.663,18521,18523,18522,1,1
2022-01-04 16:04:19.660,18521,18523,18522,2,2
2022-01-04 16:04:28.120,18522,18523,18523,1,1
2022-01-04 16:04:28.120,18522,18523,18523,1,1
2022-01-04 16:04:28.129,18522,18523,18524,1,1
2022-01-04 16:04:46.565,18522,18523,18523,2,2
2022-01-04 16:04:49.870,18522,18523,18523,2,2
2022-01-04 16:04:56.033,18522,18523,18523,2,2
2022-01-04 16:05:01.098,18522,18523,18523,4,4
2022-01-04 16:05:04.488,18522,18523,18523,1,1
2022-01-04 16:05:12.678,18522,18523,18523,2,2
2022-01-04 16:05:20.498,18523,18524,18524,1,1
2022-01-04 16:05:30.306,18524,18525,18524,1,-1
2022-01-04 16:06:07.906,18524,18525,18525,1,1
2022-01-04 16:06:15.754,18524,18525,18525,4,4
2022-01-04 16:06:27.298,18525,18526,18525,1,-1
2022-01-04 16:06:42.889,18525,18526,18525,1,-1
2022-01-04 16:06:42.889,18525,18526,18525,1,-1
2022-01-04 16:06:50.041,18524,18526,18526,1,1
2022-01-04 16:06:57.708,18525,18526,18526,1,1
2022-01-04 16:06:58.219,18525,18526,18526,5,5
2022-01-04 16:07:04.331,18525,18526,18526,1,1
2022-01-04 16:07:04.331,18525,18526,18527,5,5
2022-01-04 16:07:12.497,18525,18527,18525,7,-7
2022-01-04 16:07:12.497,18525,18527,18524,12,-12
2022-01-04 16:07:12.497,18525,18527,18523,6,-6
2022-01-04 16:07:12.542,18525,18527,18524,1,-1
2022-01-04 16:07:14.696,18523,18525,18525,1,1
2022-01-04 16:07:23.030,18523,18525,18523,1,-1
2022-01-04 16:07:29.117,18524,18525,18525,1,1
2022-01-04 16:07:33.628,18523,18525,18523,1,-1
2022-01-04 16:07:43.928,18524,18525,18524,1,-1
2022-01-04 16:07:45.296,18524,18525,18524,1,-1
2022-01-04 16:08:05.881,18523,18524,18523,1,-1
2022-01-04 16:08:07.250,18523,18524,18524,1,1
2022-01-04 16:08:13.024,18524,18525,18524,1,-1
2022-01-04 16:08:19.331,18524,18525,18525,1,1
2022-01-04 16:08:19.332,18524,18525,18525,5,5
2022-01-04 16:08:24.969,18524,18525,18524,1,-1
2022-01-04 16:08:55.111,18524,18525,18525,5,5
2022-01-04 16:08:56.306,18524,18525,18525,5,5
2022-01-04 16:09:01.516,18525,18526,18525,1,-1
2022-01-04 16:09:14.453,18524,18525,18524,2,-2
2022-01-04 16:09:14.453,18524,18525,18524,1,-1
2022-01-04 16:09:14.453,18524,18525,18524,1,-1
2022-01-04 16:09:18.693,18524,18525,18524,1,-1
2022-01-04 16:09:19.515,18524,18525,18525,5,5
2022-01-04 16:09:24.033,18525,18526,18526,1,1
2022-01-04 16:09:37.158,18525,18526,18525,1,-1
2022-01-04 16:10:26.708,18525,18526,18525,1,-1
2022-01-04 16:10:34.388,18525,18526,18525,1,-1
2022-01-04 16:11:02.458,18525,18526,18525,1,-1
2022-01-04 16:11:02.705,18525,18526,18525,4,-4
2022-01-04 16:11:06.975,18525,18526,18525,2,-2
2022-01-04 16:11:11.621,18525,18526,18526,4,4
2022-01-04 16:11:13.351,18526,18527,18526,1,-1
2022-01-04 16:11:23.298,18526,18527,18526,1,-1
2022-01-04 16:11:28.702,18526,18527,18527,1,1
2022-01-04 16:11:31.487,18526,18527,18526,1,-1
2022-01-04 16:11:33.100,18525,18527,18527,1,1
2022-01-04 16:11:43.243,18526,18527,18526,3,-3
2022-01-04 16:11:58.034,18525,18526,18526,1,1
2022-01-04 16:12:00.403,18525,18526,18525,1,-1
2022-01-04 16:12:02.550,18525,18526,18525,8,-8
2022-01-04 16:12:05.295,18524,18525,18525,1,1
2022-01-04 16:12:05.536,18524,18525,18525,1,1
2022-01-04 16:12:05.786,18524,18525,18525,1,1
2022-01-04 16:12:05.787,18524,18525,18525,1,1
2022-01-04 16:12:40.402,18524,18525,18524,1,-1
2022-01-04 16:12:42.442,18524,18525,18525,1,1
2022-01-04 16:12:46.437,18524,18526,18525,1,1
2022-01-04 16:12:57.435,18525,18526,18525,2,-2
2022-01-04 16:13:00.401,18524,18525,18524,1,-1
2022-01-04 16:13:15.501,18524,18526,18524,1,-1
2022-01-04 16:13:35.038,18524,18525,18524,1,-1
2022-01-04 16:13:35.264,18524,18525,18524,5,-5
2022-01-04 16:13:36.309,18524,18525,18524,1,-1
2022-01-04 16:13:36.309,18524,18525,18524,1,-1
2022-01-04 16:13:36.309,18524,18525,18524,1,-1
2022-01-04 16:13:36.309,18524,18525,18524,1,-1
2022-01-04 16:13:36.309,18524,18525,18524,11,-11
2022-01-04 16:13:40.402,18523,18524,18523,1,-1
2022-01-04 16:13:45.972,18523,18524,18524,1,1
2022-01-04 16:13:46.162,18523,18524,18524,1,1
2022-01-04 16:13:53.902,18523,18524,18524,1,1
2022-01-04 16:13:59.798,18524,18525,18524,1,-1
2022-01-04 16:14:27.527,18523,18524,18524,1,1
2022-01-04 16:14:28.325,18523,18524,18524,1,1
2022-01-04 16:14:28.325,18523,18524,18524,1,1
2022-01-04 16:14:28.642,18523,18525,18523,1,-1
2022-01-04 16:14:32.029,18523,18525,18525,1,1
2022-01-04 16:14:37.022,18523,18525,18525,1,1
2022-01-04 16:15:04.508,18523,18524,18524,1,1
2022-01-04 16:15:04.509,18523,18524,18524,1,1
2022-01-04 16:15:05.163,18523,18525,18525,1,1
2022-01-04 16:15:05.726,18523,18525,18525,2,2
2022-01-04 16:15:09.157,18524,18525,18524,2,-2
2022-01-04 16:15:09.825,18524,18525,18525,5,5
2022-01-04 16:15:29.357,18524,18525,18524,2,-2
2022-01-04 16:15:37.157,18524,18525,18525,1,1
2022-01-04 16:16:05.738,18524,18525,18524,3,-3
2022-01-04 16:16:05.809,18523,18525,18525,1,1
2022-01-04 16:16:38.027,18523,18524,18523,1,-1
2022-01-04 16:16:52.026,18524,18525,18524,1,-1
2022-01-04 16:16:52.058,18523,18524,18524,1,1
2022-01-04 16:16:52.059,18523,18524,18524,1,1
2022-01-04 16:16:55.377,18523,18524,18523,1,-1
2022-01-04 16:17:07.023,18523,18524,18524,1,1
2022-01-04 16:17:08.668,18523,18524,18524,1,1
2022-01-04 16:17:08.668,18523,18524,18524,2,2
2022-01-04 16:17:27.041,18524,18525,18525,2,2
2022-01-04 16:17:32.576,18524,18525,18525,1,1
2022-01-04 16:17:41.475,18524,18525,18524,2,-2
2022-01-04 16:17:45.824,18524,18525,18524,1,-1
2022-01-04 16:17:45.824,18524,18525,18524,1,-1
2022-01-04 16:17:45.824,18524,18525,18524,3,-3
2022-01-04 16:17:48.718,18523,18525,18524,1,1
2022-01-04 16:18:40.623,18524,18525,18525,3,3
2022-01-04 16:18:53.266,18525,18526,18525,1,-1
2022-01-04 16:18:56.931,18525,18526,18526,5,5
2022-01-04 16:19:17.985,18526,18527,18527,16,16
2022-01-04 16:19:18.139,18527,18528,18527,1,-1
2022-01-04 16:19:18.551,18527,18528,18527,1,-1
2022-01-04 16:19:23.113,18527,18528,18527,1,-1
2022-01-04 16:19:23.812,18527,18528,18527,1,-1
2022-01-04 16:19:33.137,18527,18528,18528,10,10
2022-01-04 16:19:33.137,18527,18528,18528,2,2
2022-01-04 16:19:33.137,18527,18528,18528,6,6
2022-01-04 16:19:33.138,18527,18528,18529,6,6
2022-01-04 16:19:33.154,18527,18528,18529,1,1
2022-01-04 16:19:33.299,18528,18529,18529,3,3
2022-01-04 16:19:33.300,18528,18529,18529,1,1
2022-01-04 16:19:33.431,18529,18530,18530,4,4
2022-01-04 16:19:33.571,18529,18530,18529,1,-1
2022-01-04 16:19:33.579,18529,18530,18530,1,1
2022-01-04 16:19:33.582,18529,18530,18530,4,4
2022-01-04 16:19:33.603,18529,18530,18530,1,1
2022-01-04 16:19:33.612,18529,18530,18530,3,3
2022-01-04 16:19:33.680,18529,18530,18530,1,1
2022-01-04 16:19:33.787,18529,18530,18530,1,1
2022-01-04 16:19:33.791,18529,18530,18530,1,1
2022-01-04 16:19:34.107,18529,18530,18530,1,1
2022-01-04 16:19:34.824,18529,18530,18530,1,1
2022-01-04 16:19:34.887,18529,18530,18530,1,1
2022-01-04 16:19:36.981,18529,18530,18530,2,2
2022-01-04 16:19:37.080,18529,18530,18530,25,25
2022-01-04 16:19:37.080,18529,18530,18530,3,3
2022-01-04 16:19:40.550,18530,18531,18531,11,11
2022-01-04 16:19:40.551,18530,18531,18532,10,10
2022-01-04 16:19:40.615,18531,18532,18532,1,1
2022-01-04 16:19:41.028,18531,18532,18532,1,1
2022-01-04 16:19:41.111,18531,18532,18532,1,1
2022-01-04 16:19:41.372,18531,18532,18531,1,-1
2022-01-04 16:19:41.722,18531,18532,18532,2,2
2022-01-04 16:19:44.352,18531,18532,18532,2,2
2022-01-04 16:19:47.227,18531,18532,18532,1,1
2022-01-04 16:19:49.096,18531,18532,18531,1,-1
2022-01-04 16:19:49.475,18531,18532,18531,1,-1
2022-01-04 16:19:50.193,18531,18532,18532,4,4
2022-01-04 16:19:50.743,18531,18532,18531,1,-1
2022-01-04 16:19:51.903,18531,18532,18532,1,1
2022-01-04 16:19:54.583,18531,18532,18531,1,-1
2022-01-04 16:19:54.583,18531,18532,18530,1,-1
2022-01-04 16:19:55.651,18531,18532,18532,1,1
2022-01-04 16:20:00.833,18531,18532,18532,3,3
2022-01-04 16:20:00.861,18531,18532,18532,3,3
2022-01-04 16:20:00.880,18531,18532,18532,1,1
2022-01-04 16:20:00.882,18531,18532,18532,1,1
2022-01-04 16:20:00.882,18531,18532,18532,1,1
2022-01-04 16:20:00.882,18531,18532,18533,1,1
2022-01-04 16:20:00.929,18531,18532,18533,1,1
2022-01-04 16:20:00.968,18531,18533,18533,1,1
2022-01-04 16:20:00.977,18531,18533,18533,1,1
2022-01-04 16:20:01.009,18531,18533,18533,1,1
2022-01-04 16:20:01.032,18531,18533,18533,1,1
2022-01-04 16:20:01.033,18531,18533,18533,3,3
2022-01-04 16:20:01.033,18531,18533,18533,7,7
2022-01-04 16:20:01.033,18531,18533,18533,3,3
2022-01-04 16:20:01.033,18531,18533,18533,3,3
2022-01-04 16:20:01.034,18531,18533,18533,2,2
2022-01-04 16:20:01.320,18533,18534,18534,1,1
2022-01-04 16:20:01.404,18533,18534,18534,2,2
2022-01-04 16:20:01.462,18533,18534,18534,3,3
2022-01-04 16:20:01.919,18533,18534,18534,1,1
2022-01-04 16:20:01.927,18533,18534,18534,1,1
2022-01-04 16:20:01.972,18533,18534,18534,1,1
2022-01-04 16:20:01.972,18533,18534,18534,4,4
2022-01-04 16:20:01.981,18533,18534,18535,1,1
2022-01-04 16:20:02.025,18533,18534,18535,1,1
2022-01-04 16:20:02.065,18533,18535,18533,3,-3
2022-01-04 16:20:02.185,18534,18535,18535,1,1
2022-01-04 16:20:02.233,18534,18535,18535,1,1
2022-01-04 16:20:02.239,18534,18535,18535,1,1
2022-01-04 16:20:02.389,18534,18535,18534,1,-1
2022-01-04 16:20:02.653,18534,18535,18534,1,-1
2022-01-04 16:20:03.033,18534,18535,18534,1,-1
2022-01-04 16:20:03.049,18534,18535,18534,1,-1
2022-01-04 16:20:03.067,18534,18535,18534,1,-1
2022-01-04 16:20:03.553,18534,18535,18534,1,-1
2022-01-04 16:20:04.514,18533,18534,18533,1,-1
2022-01-04 16:20:04.529,18533,18534,18534,1,1
2022-01-04 16:20:05.123,18533,18534,18534,2,2
2022-01-04 16:20:09.211,18533,18534,18534,1,1
2022-01-04 16:20:09.212,18533,18534,18534,2,2
2022-01-04 16:20:10.466,18534,18535,18535,1,1
2022-01-04 16:20:11.658,18534,18535,18534,1,-1
2022-01-04 16:20:11.749,18534,18535,18534,1,-1
2022-01-04 16:20:11.749,18534,18535,18534,1,-1
2022-01-04 16:20:11.750,18534,18535,18534,2,-2
2022-01-04 16:20:13.785,18533,18534,18534,11,11
2022-01-04 16:20:13.785,18533,18534,18535,4,4
2022-01-04 16:20:13.786,18533,18534,18535,7,7
2022-01-04 16:20:14.141,18534,18535,18534,1,-1
2022-01-04 16:20:14.737,18534,18535,18535,1,1
2022-01-04 16:20:15.761,18534,18535,18535,1,1
2022-01-04 16:20:15.761,18534,18535,18535,4,4
2022-01-04 16:20:23.416,18534,18535,18535,5,5
2022-01-04 16:20:24.605,18535,18536,18535,2,-2
2022-01-04 16:20:25.393,18535,18536,18536,3,3
2022-01-04 16:20:25.533,18535,18536,18536,8,8
2022-01-04 16:20:25.545,18535,18536,18535,1,-1
2022-01-04 16:20:26.103,18535,18537,18535,1,-1
2022-01-04 16:20:27.189,18536,18537,18537,2,2
2022-01-04 16:20:27.984,18536,18537,18536,1,-1
2022-01-04 16:20:27.992,18536,18537,18535,1,-1
2022-01-04 16:20:29.421,18536,18537,18536,1,-1
2022-01-04 16:20:29.867,18536,18537,18537,1,1
2022-01-04 16:20:29.875,18536,18537,18536,2,-2
2022-01-04 16:20:33.236,18536,18537,18536,1,-1
2022-01-04 16:20:38.144,18536,18537,18537,1,1
2022-01-04 16:20:45.371,18536,18537,18537,1,1
2022-01-04 16:20:47.972,18536,18537,18537,1,1
2022-01-04 16:20:48.756,18536,18537,18537,4,4
2022-01-04 16:20:50.244,18537,18538,18537,11,-11
2022-01-04 16:20:52.746,18536,18537,18537,1,1
2022-01-04 16:20:53.590,18536,18537,18537,1,1
2022-01-04 16:20:53.621,18536,18537,18537,2,2
2022-01-04 16:20:54.983,18536,18537,18537,1,1
2022-01-04 16:20:55.043,18536,18537,18537,1,1
2022-01-04 16:20:56.662,18536,18537,18537,2,2
2022-01-04 16:20:57.019,18536,18537,18537,1,1
2022-01-04 16:20:57.373,18536,18537,18537,1,1
2022-01-04 16:20:57.769,18536,18538,18537,1,1
2022-01-04 16:20:59.327,18537,18538,18537,2,-2
2022-01-04 16:20:59.950,18537,18538,18537,1,-1
2022-01-04 16:21:00.608,18537,18538,18538,4,4
2022-01-04 16:21:00.612,18537,18538,18538,2,2
2022-01-04 16:21:00.612,18537,18538,18538,2,2
2022-01-04 16:21:00.615,18537,18538,18538,2,2
2022-01-04 16:21:00.618,18537,18538,18538,2,2
2022-01-04 16:21:00.639,18537,18538,18538,4,4
2022-01-04 16:21:00.683,18537,18538,18538,2,2
2022-01-04 16:21:00.730,18537,18538,18538,2,2
2022-01-04 16:21:00.745,18537,18538,18538,1,1
2022-01-04 16:21:00.745,18537,18538,18539,1,1
2022-01-04 16:21:00.767,18537,18538,18537,2,-2
2022-01-04 16:21:00.778,18537,18538,18538,1,1
2022-01-04 16:21:00.778,18537,18538,18539,1,1
2022-01-04 16:21:00.787,18537,18538,18537,2,-2
2022-01-04 16:21:00.808,18537,18539,18537,1,-1
2022-01-04 16:21:00.830,18537,18539,18537,1,-1
2022-01-04 16:21:01.402,18537,18539,18539,2,2
2022-01-04 16:21:04.316,18537,18539,18537,2,-2
2022-01-04 16:21:05.168,18538,18539,18538,1,-1
2022-01-04 16:21:05.216,18537,18539,18539,1,1
2022-01-04 16:21:05.620,18538,18539,18538,1,-1
2022-01-04 16:21:08.530,18538,18539,18538,1,-1
2022-01-04 16:21:08.651,18538,18539,18539,1,1
2022-01-04 16:21:09.323,18538,18539,18538,1,-1
2022-01-04 16:21:09.572,18538,18539,18539,1,1
2022-01-04 16:21:10.379,18538,18539,18538,1,-1
2022-01-04 16:21:11.648,18538,18539,18538,1,-1
2022-01-04 16:21:17.060,18538,18539,18538,1,-1
2022-01-04 16:21:17.690,18538,18539,18539,5,5
2022-01-04 16:21:19.130,18538,18539,18538,2,-2
2022-01-04 16:21:19.786,18538,18539,18538,1,-1
2022-01-04 16:21:20.361,18538,18539,18538,1,-1
2022-01-04 16:21:23.253,18538,18539,18539,1,1
2022-01-04 16:21:23.551,18538,18539,18539,10,10
2022-01-04 16:21:25.733,18538,18539,18539,1,1
2022-01-04 16:21:28.056,18538,18539,18539,3,3
2022-01-04 16:21:28.056,18538,18539,18540,2,2
2022-01-04 16:21:28.117,18538,18539,18540,1,1
2022-01-04 16:21:28.211,18538,18540,18540,1,1
2022-01-04 16:21:28.217,18538,18540,18540,1,1
2022-01-04 16:21:28.286,18538,18540,18540,5,5
2022-01-04 16:21:28.425,18538,18540,18540,1,1
2022-01-04 16:21:28.598,18538,18540,18540,2,2
2022-01-04 16:21:28.864,18538,18540,18540,1,1
2022-01-04 16:21:33.842,18539,18540,18539,1,-1
2022-01-04 16:21:34.177,18538,18540,18538,2,-2
2022-01-04 16:21:35.276,18538,18539,18539,1,1
2022-01-04 16:21:35.343,18538,18539,18539,1,1
2022-01-04 16:21:37.746,18538,18539,18539,1,1
2022-01-04 16:21:39.735,18538,18540,18540,1,1
2022-01-04 16:21:41.540,18538,18539,18539,1,1
2022-01-04 16:21:42.536,18539,18540,18539,1,-1
2022-01-04 16:21:42.728,18539,18540,18539,1,-1
2022-01-04 16:21:42.927,18538,18539,18538,2,-2
2022-01-04 16:21:50.410,18538,18539,18539,1,1
2022-01-04 16:21:52.067,18538,18539,18538,1,-1
2022-01-04 16:21:52.351,18538,18539,18539,1,1
2022-01-04 16:21:52.938,18538,18539,18539,1,1
2022-01-04 16:21:56.509,18538,18539,18539,1,1
2022-01-04 16:21:58.530,18538,18539,18538,16,-16
2022-01-04 16:21:58.579,18537,18538,18537,2,-2
2022-01-04 16:21:58.580,18537,18538,18537,2,-2
2022-01-04 16:21:58.673,18537,18538,18537,1,-1
2022-01-04 16:21:58.674,18537,18538,18537,1,-1
2022-01-04 16:21:58.674,18537,18538,18537,1,-1
2022-01-04 16:21:58.785,18537,18538,18538,1,1
2022-01-04 16:21:58.968,18537,18538,18537,1,-1
2022-01-04 16:22:00.884,18537,18538,18537,1,-1
2022-01-04 16:22:12.081,18537,18538,18537,5,-5
2022-01-04 16:22:15.032,18537,18538,18538,1,1
2022-01-04 16:22:19.820,18537,18538,18538,2,2
2022-01-04 16:22:30.346,18537,18538,18538,1,1
2022-01-04 16:22:30.544,18537,18538,18537,1,-1
2022-01-04 16:22:33.859,18537,18538,18538,1,1
2022-01-04 16:22:35.338,18537,18538,18538,2,2
2022-01-04 16:22:35.338,18537,18538,18538,3,3
2022-01-04 16:22:43.180,18537,18538,18538,1,1
2022-01-04 16:22:53.269,18538,18539,18538,2,-2
2022-01-04 16:22:53.270,18538,18539,18539,6,6
2022-01-04 16:22:53.271,18538,18539,18539,3,3
2022-01-04 16:22:53.271,18538,18539,18539,1,1
2022-01-04 16:22:53.271,18538,18539,18539,1,1
2022-01-04 16:22:53.271,18538,18539,18539,1,1
2022-01-04 16:22:53.271,18538,18539,18539,1,1
2022-01-04 16:22:53.271,18538,18539,18539,3,3
2022-01-04 16:22:53.271,18538,18539,18539,3,3
2022-01-04 16:22:53.537,18538,18540,18540,1,1
2022-01-04 16:23:00.897,18538,18539,18539,1,1
2022-01-04 16:23:00.897,18538,18539,18540,1,1
2022-01-04 16:23:00.902,18538,18539,18540,1,1
2022-01-04 16:23:00.907,18538,18539,18540,1,1
2022-01-04 16:23:00.923,18538,18539,18540,2,2
2022-01-04 16:23:00.945,18538,18540,18540,1,1
2022-01-04 16:23:00.955,18538,18540,18540,1,1
2022-01-04 16:23:00.995,18538,18540,18540,1,1
2022-01-04 16:23:01.024,18538,18540,18540,1,1
2022-01-04 16:23:01.386,18538,18540,18540,1,1
2022-01-04 16:23:01.484,18538,18540,18540,1,1
2022-01-04 16:23:01.509,18538,18540,18538,1,-1
2022-01-04 16:23:01.538,18538,18540,18538,1,-1
2022-01-04 16:23:12.275,18539,18540,18539,1,-1
2022-01-04 16:23:15.034,18539,18540,18539,2,-2
2022-01-04 16:23:23.038,18538,18539,18538,1,-1
2022-01-04 16:23:25.105,18538,18539,18539,1,1
2022-01-04 16:23:28.208,18538,18539,18539,5,5
2022-01-04 16:23:29.260,18538,18539,18539,1,1
2022-01-04 16:23:29.324,18538,18539,18539,3,3
2022-01-04 16:23:42.270,18539,18540,18540,1,1
2022-01-04 16:23:45.071,18539,18540,18540,4,4
2022-01-04 16:23:45.435,18539,18540,18540,2,2
2022-01-04 16:23:45.839,18539,18540,18540,2,2
2022-01-04 16:23:45.840,18539,18540,18540,1,1
2022-01-04 16:23:47.282,18539,18540,18540,1,1
2022-01-04 16:23:52.226,18539,18540,18540,1,1
2022-01-04 16:23:52.804,18539,18540,18540,2,2
2022-01-04 16:23:59.870,18539,18540,18540,1,1
2022-01-04 16:24:05.998,18539,18540,18540,1,1
2022-01-04 16:24:06.338,18539,18541,18541,3,3
2022-01-04 16:24:06.725,18539,18541,18541,3,3
2022-01-04 16:24:06.736,18539,18541,18540,1,1
2022-01-04 16:24:06.736,18539,18541,18539,2,-2
2022-01-04 16:24:07.015,18539,18541,18541,1,1
2022-01-04 16:24:11.828,18540,18541,18541,2,2
2022-01-04 16:24:14.018,18540,18541,18541,1,1
2022-01-04 16:24:17.977,18540,18541,18540,3,-3
2022-01-04 16:24:19.609,18540,18541,18541,3,3
2022-01-04 16:24:19.655,18540,18541,18541,1,1
2022-01-04 16:24:21.191,18540,18541,18540,1,-1
2022-01-04 16:24:33.551,18540,18541,18541,2,2
2022-01-04 16:24:33.551,18540,18541,18542,2,2
2022-01-04 16:24:33.865,18540,18542,18540,1,-1
2022-01-04 16:24:33.865,18540,18542,18540,1,-1
2022-01-04 16:24:35.090,18541,18542,18541,1,-1
2022-01-04 16:24:35.425,18541,18542,18541,10,-10
2022-01-04 16:24:35.918,18540,18542,18540,7,-7
2022-01-04 16:24:37.208,18541,18542,18541,2,-2
2022-01-04 16:24:44.181,18541,18542,18542,1,1
2022-01-04 16:24:46.058,18541,18542,18542,2,2
2022-01-04 16:24:47.160,18541,18542,18542,2,2
2022-01-04 16:24:47.792,18541,18542,18542,5,5
2022-01-04 16:24:49.022,18541,18542,18542,1,1
2022-01-04 16:24:49.802,18541,18543,18541,1,-1
2022-01-04 16:24:50.055,18541,18543,18541,1,-1
2022-01-04 16:24:50.637,18541,18543,18541,1,-1
2022-01-04 16:24:58.642,18542,18543,18543,1,1
2022-01-04 16:24:58.642,18542,18543,18543,1,1
2022-01-04 16:25:00.808,18542,18543,18543,2,2
2022-01-04 16:25:00.840,18542,18543,18543,2,2
2022-01-04 16:25:00.854,18542,18543,18543,1,1
2022-01-04 16:25:00.856,18542,18543,18543,1,1
2022-01-04 16:25:00.858,18542,18543,18543,1,1
2022-01-04 16:25:00.897,18542,18543,18543,1,1
2022-01-04 16:25:00.926,18542,18543,18543,1,1
2022-01-04 16:25:00.957,18542,18543,18543,1,1
2022-01-04 16:25:01.294,18542,18543,18542,6,-6
2022-01-04 16:25:01.378,18542,18543,18543,1,1
2022-01-04 16:25:01.407,18542,18543,18543,1,1
2022-01-04 16:25:01.429,18542,18543,18542,1,-1
2022-01-04 16:25:01.452,18542,18543,18542,1,-1
2022-01-04 16:25:04.273,18542,18543,18543,1,1
2022-01-04 16:25:04.481,18542,18543,18543,1,1
2022-01-04 16:25:05.522,18542,18543,18543,1,1
2022-01-04 16:25:05.686,18542,18543,18543,1,1
2022-01-04 16:25:05.816,18542,18543,18543,1,1
2022-01-04 16:25:05.882,18542,18543,18543,1,1
2022-01-04 16:25:05.963,18542,18543,18543,1,1
2022-01-04 16:25:06.757,18542,18543,18542,3,-3
2022-01-04 16:25:12.034,18542,18543,18542,1,-1
2022-01-04 16:25:14.749,18542,18543,18542,1,-1
2022-01-04 16:25:15.710,18542,18543,18543,1,1
2022-01-04 16:25:16.224,18542,18543,18542,3,-3
2022-01-04 16:25:16.584,18541,18542,18541,1,-1
2022-01-04 16:25:16.585,18541,18542,18541,3,-3
2022-01-04 16:25:16.716,18541,18542,18542,2,2
2022-01-04 16:25:16.878,18541,18542,18541,1,-1
2022-01-04 16:25:17.094,18541,18542,18542,1,1
2022-01-04 16:25:18.954,18541,18542,18541,2,-2
2022-01-04 16:25:18.955,18541,18542,18541,13,-13
2022-01-04 16:25:19.816,18540,18541,18541,1,1
2022-01-04 16:25:22.527,18540,18541,18541,7,7
2022-01-04 16:25:22.528,18540,18541,18541,1,1
2022-01-04 16:25:23.829,18541,18542,18541,1,-1
2022-01-04 16:25:24.079,18540,18541,18541,1,1
2022-01-04 16:25:24.740,18540,18541,18541,1,1
2022-01-04 16:25:24.740,18540,18541,18542,2,2
2022-01-04 16:25:27.930,18540,18541,18541,1,1
2022-01-04 16:25:27.930,18540,18541,18542,9,9
2022-01-04 16:25:29.691,18540,18541,18541,1,1
2022-01-04 16:25:32.208,18541,18542,18542,2,2
2022-01-04 16:25:34.344,18541,18542,18541,8,-8
2022-01-04 16:25:35.480,18540,18541,18540,3,-3
2022-01-04 16:25:37.471,18540,18541,18541,1,1
2022-01-04 16:25:38.092,18540,18541,18541,1,1
2022-01-04 16:25:40.710,18540,18541,18541,1,1
2022-01-04 16:25:43.509,18540,18541,18541,4,4
2022-01-04 16:25:46.061,18541,18542,18541,1,-1
2022-01-04 16:25:53.828,18541,18542,18541,5,-5
2022-01-04 16:25:56.794,18540,18541,18540,11,-11
2022-01-04 16:25:57.547,18539,18540,18540,1,1
2022-01-04 16:26:05.805,18540,18541,18540,1,-1
2022-01-04 16:26:07.539,18540,18541,18540,1,-1
2022-01-04 16:26:12.142,18540,18541,18541,11,11
2022-01-04 16:26:15.989,18541,18542,18541,1,-1
2022-01-04 16:26:16.314,18541,18542,18541,1,-1
2022-01-04 16:26:30.823,18540,18541,18540,1,-1
2022-01-04 16:26:34.814,18540,18541,18541,2,2
2022-01-04 16:26:40.642,18540,18541,18541,1,1
2022-01-04 16:26:46.310,18540,18541,18540,2,-2
2022-01-04 16:26:46.311,18540,18541,18540,4,-4
2022-01-04 16:26:46.311,18540,18541,18540,1,-1
2022-01-04 16:26:46.311,18540,18541,18540,8,-8
2022-01-04 16:26:46.311,18540,18541,18540,3,-3
2022-01-04 16:26:50.034,18539,18540,18539,1,-1
2022-01-04 16:26:50.238,18539,18540,18539,5,-5
2022-01-04 16:26:50.238,18539,18540,18539,3,-3
2022-01-04 16:26:50.238,18539,18540,18539,1,-1
2022-01-04 16:26:50.959,18538,18539,18539,2,2
2022-01-04 16:26:56.416,18539,18540,18539,1,-1
2022-01-04 16:26:59.234,18539,18540,18539,1,-1
2022-01-04 16:27:01.806,18539,18540,18539,2,-2
2022-01-04 16:27:03.951,18539,18540,18539,1,-1
2022-01-04 16:27:04.682,18539,18540,18539,1,-1
2022-01-04 16:27:05.318,18539,18540,18539,1,-1
2022-01-04 16:27:13.503,18539,18540,18539,1,-1
2022-01-04 16:27:14.467,18539,18540,18539,1,-1
2022-01-04 16:27:15.176,18539,18540,18539,2,-2
2022-01-04 16:27:15.415,18539,18540,18539,1,-1
2022-01-04 16:27:21.330,18539,18540,18539,1,-1
2022-01-04 16:27:22.022,18539,18540,18539,1,-1
2022-01-04 16:27:23.037,18539,18540,18540,1,1
2022-01-04 16:27:24.175,18539,18540,18539,3,-3
2022-01-04 16:27:25.718,18539,18540,18539,1,-1
2022-01-04 16:27:30.720,18539,18540,18540,1,1
2022-01-04 16:27:31.135,18539,18540,18539,1,-1
2022-01-04 16:27:32.464,18539,18540,18540,1,1
2022-01-04 16:27:32.464,18539,18540,18540,1,1
2022-01-04 16:27:32.464,18539,18540,18540,1,1
2022-01-04 16:27:32.464,18539,18540,18540,1,1
2022-01-04 16:27:32.464,18539,18540,18540,1,1
2022-01-04 16:27:32.464,18539,18540,18540,2,2
2022-01-04 16:27:32.464,18539,18540,18540,2,2
2022-01-04 16:27:32.464,18539,18540,18540,2,2
2022-01-04 16:27:32.465,18539,18540,18540,1,1
2022-01-04 16:27:33.037,18540,18541,18540,1,-1
2022-01-04 16:27:34.720,18540,18541,18541,2,2
2022-01-04 16:27:38.821,18540,18541,18541,1,1
2022-01-04 16:27:42.772,18540,18541,18540,1,-1
2022-01-04 16:27:43.850,18540,18541,18540,1,-1
2022-01-04 16:27:44.588,18540,18541,18540,1,-1
2022-01-04 16:27:44.588,18540,18541,18540,1,-1
2022-01-04 16:27:45.217,18539,18540,18540,1,1
2022-01-04 16:27:46.508,18540,18541,18541,1,1
2022-01-04 16:27:59.469,18540,18541,18541,7,7
2022-01-04 16:27:59.469,18540,18541,18542,12,12
2022-01-04 16:27:59.963,18541,18542,18542,1,1
2022-01-04 16:28:02.678,18541,18542,18542,1,1
2022-01-04 16:28:02.679,18541,18542,18542,1,1
2022-01-04 16:28:08.525,18542,18543,18543,5,5
2022-01-04 16:28:08.993,18542,18543,18543,1,1
2022-01-04 16:28:09.082,18542,18543,18543,1,1
2022-01-04 16:28:23.023,18542,18543,18542,10,-10
2022-01-04 16:28:23.045,18542,18543,18541,1,-1
2022-01-04 16:28:27.293,18541,18542,18541,1,-1
2022-01-04 16:28:28.890,18541,18542,18541,3,-3
2022-01-04 16:28:29.180,18541,18542,18541,6,-6
2022-01-04 16:28:29.343,18540,18541,18540,1,-1
2022-01-04 16:28:30.058,18540,18541,18540,4,-4
2022-01-04 16:28:30.059,18540,18541,18540,1,-1
2022-01-04 16:28:37.495,18539,18540,18539,1,-1
2022-01-04 16:28:40.059,18539,18540,18540,1,1
2022-01-04 16:28:40.059,18539,18540,18541,11,11
2022-01-04 16:28:41.616,18539,18540,18539,1,-1
2022-01-04 16:28:42.489,18539,18540,18539,3,-3
2022-01-04 16:28:50.660,18539,18540,18539,1,-1
2022-01-04 16:28:51.174,18539,18540,18540,1,1
2022-01-04 16:28:55.782,18539,18541,18541,1,1
2022-01-04 16:29:04.203,18540,18541,18540,3,-3
2022-01-04 16:29:04.264,18540,18541,18541,5,5
2022-01-04 16:29:07.178,18540,18541,18541,2,2
2022-01-04 16:29:10.661,18540,18541,18541,4,4
2022-01-04 16:29:10.661,18540,18541,18542,1,1
2022-01-04 16:29:30.823,18540,18541,18540,2,-2
2022-01-04 16:29:40.737,18540,18541,18541,1,1
2022-01-04 16:29:42.395,18540,18541,18540,4,-4
2022-01-04 16:29:45.073,18540,18541,18540,1,-1
2022-01-04 16:29:47.856,18540,18541,18541,1,1
2022-01-04 16:29:48.566,18541,18542,18541,1,-1
2022-01-04 16:29:49.566,18541,18542,18541,1,-1
2022-01-04 16:29:55.791,18541,18542,18541,1,-1
2022-01-04 16:29:58.030,18541,18542,18542,1,1
2022-01-04 16:30:03.333,18541,18542,18542,2,2
2022-01-04 16:30:04.522,18541,18542,18542,1,1
2022-01-04 16:30:04.948,18541,18542,18542,2,2
2022-01-04 16:30:04.948,18541,18542,18542,2,2
2022-01-04 16:30:17.023,18542,18543,18542,1,-1
2022-01-04 16:30:17.361,18541,18542,18542,2,2
2022-01-04 16:30:18.098,18541,18542,18542,1,1
2022-01-04 16:30:24.937,18541,18542,18541,3,-3
2022-01-04 16:30:26.262,18540,18541,18541,1,1
2022-01-04 16:30:26.429,18540,18541,18541,1,1
2022-01-04 16:30:29.165,18540,18541,18540,1,-1
2022-01-04 16:30:30.749,18540,18541,18540,1,-1
2022-01-04 16:30:32.835,18540,18541,18540,1,-1
2022-01-04 16:30:33.102,18539,18540,18540,1,1
2022-01-04 16:30:40.411,18539,18540,18539,1,-1
2022-01-04 16:30:42.150,18539,18540,18539,2,-2
2022-01-04 16:30:42.534,18539,18540,18539,2,-2
2022-01-04 16:30:42.534,18539,18540,18539,3,-3
2022-01-04 16:30:42.755,18538,18539,18539,1,1
2022-01-04 16:30:47.178,18538,18539,18539,4,4
2022-01-04 16:30:52.025,18539,18540,18539,5,-5
2022-01-04 16:30:54.080,18538,18539,18539,4,4
2022-01-04 16:31:03.780,18539,18541,18541,2,2
2022-01-04 16:31:18.916,18539,18540,18540,2,2
2022-01-04 16:31:18.916,18539,18540,18541,3,3
2022-01-04 16:31:18.935,18540,18541,18541,1,1
2022-01-04 16:31:19.991,18539,18541,18541,5,5
2022-01-04 16:31:20.058,18540,18542,18542,1,1
2022-01-04 16:31:20.059,18540,18542,18542,1,1
2022-01-04 16:31:20.059,18540,18542,18542,1,1
2022-01-04 16:31:20.060,18540,18542,18542,1,1
2022-01-04 16:31:20.156,18540,18542,18542,2,2
2022-01-04 16:31:20.156,18540,18542,18543,3,3
2022-01-04 16:31:20.313,18541,18542,18542,1,1
2022-01-04 16:31:20.385,18541,18542,18542,1,1
2022-01-04 16:31:20.385,18541,18542,18543,1,1
2022-01-04 16:31:20.388,18541,18542,18543,1,1
2022-01-04 16:31:20.390,18541,18542,18543,1,1
2022-01-04 16:31:20.417,18541,18542,18543,1,1
2022-01-04 16:31:20.426,18541,18542,18543,1,1
2022-01-04 16:31:20.426,18541,18542,18543,1,1
2022-01-04 16:31:20.432,18541,18543,18543,1,1
2022-01-04 16:31:20.472,18541,18543,18543,1,1
2022-01-04 16:31:20.513,18541,18543,18543,5,5
2022-01-04 16:31:20.576,18542,18543,18543,1,1
2022-01-04 16:31:20.644,18542,18543,18543,2,2
2022-01-04 16:31:20.683,18541,18543,18543,1,1
2022-01-04 16:31:20.683,18541,18543,18544,1,1
2022-01-04 16:31:20.760,18541,18543,18543,1,1
2022-01-04 16:31:21.087,18541,18543,18543,1,1
2022-01-04 16:31:21.093,18541,18543,18543,1,1
2022-01-04 16:31:21.093,18541,18543,18544,4,4
2022-01-04 16:31:21.787,18541,18543,18543,2,2
2022-01-04 16:31:21.787,18541,18543,18544,10,10
2022-01-04 16:31:22.626,18542,18543,18542,1,-1
2022-01-04 16:31:29.158,18542,18543,18542,1,-1
2022-01-04 16:31:40.397,18542,18543,18542,1,-1
2022-01-04 16:31:40.433,18542,18543,18543,1,1
2022-01-04 16:31:40.434,18542,18543,18543,1,1
2022-01-04 16:31:43.074,18542,18544,18544,1,1
2022-01-04 16:31:43.184,18542,18544,18544,1,1
2022-01-04 16:31:43.185,18542,18544,18544,1,1
2022-01-04 16:31:43.185,18542,18544,18544,1,1
2022-01-04 16:31:52.655,18542,18543,18543,1,1
2022-01-04 16:31:57.931,18543,18544,18543,1,-1
2022-01-04 16:32:01.050,18543,18544,18544,1,1
2022-01-04 16:32:01.144,18543,18544,18543,2,-2
2022-01-04 16:32:01.212,18543,18544,18543,2,-2
2022-01-04 16:32:02.977,18543,18544,18544,1,1
2022-01-04 16:32:03.643,18543,18544,18544,1,1
2022-01-04 16:32:03.671,18543,18544,18544,2,2
2022-01-04 16:32:05.894,18543,18544,18543,1,-1
2022-01-04 16:32:06.200,18543,18544,18544,1,1
2022-01-04 16:32:16.182,18543,18544,18543,1,-1
2022-01-04 16:32:22.326,18543,18544,18543,1,-1
2022-01-04 16:32:24.535,18543,18544,18544,24,24
2022-01-04 16:32:24.535,18543,18544,18544,1,1
2022-01-04 16:32:24.536,18543,18544,18544,1,1
2022-01-04 16:32:24.536,18543,18544,18544,1,1
2022-01-04 16:32:24.546,18543,18544,18545,3,3
2022-01-04 16:32:24.590,18544,18545,18545,1,1
2022-01-04 16:32:24.599,18544,18545,18545,2,2
2022-01-04 16:32:24.876,18544,18545,18544,1,-1
2022-01-04 16:32:32.028,18543,18544,18544,1,1
2022-01-04 16:32:32.755,18543,18544,18543,1,-1
2022-01-04 16:32:34.212,18543,18544,18544,1,1
2022-01-04 16:32:36.133,18543,18545,18543,2,-2
2022-01-04 16:32:49.687,18543,18544,18544,1,1
2022-01-04 16:32:50.747,18543,18545,18545,1,1
2022-01-04 16:32:52.133,18543,18545,18543,1,-1
2022-01-04 16:32:52.651,18543,18545,18543,1,-1
2022-01-04 16:33:08.645,18543,18544,18544,1,1
2022-01-04 16:33:09.067,18543,18545,18543,1,-1
2022-01-04 16:33:18.660,18543,18544,18543,1,-1
2022-01-04 16:33:19.290,18543,18544,18543,1,-1
2022-01-04 16:33:26.356,18543,18544,18544,2,2
2022-01-04 16:33:32.294,18544,18545,18544,1,-1
2022-01-04 16:33:35.969,18544,18545,18544,1,-1
2022-01-04 16:33:36.733,18544,18545,18544,1,-1
2022-01-04 16:33:45.887,18543,18544,18544,2,2
2022-01-04 16:33:55.220,18544,18545,18544,1,-1
2022-01-04 16:34:04.353,18544,18545,18544,1,-1
2022-01-04 16:34:04.354,18544,18545,18544,1,-1
2022-01-04 16:34:10.401,18543,18544,18544,1,1
2022-01-04 16:34:14.268,18543,18544,18544,1,1
2022-01-04 16:34:24.667,18543,18544,18544,1,1
2022-01-04 16:34:30.282,18543,18544,18543,4,-4
2022-01-04 16:34:30.408,18543,18544,18543,1,-1
2022-01-04 16:34:30.408,18543,18544,18543,1,-1
2022-01-04 16:34:30.408,18543,18544,18543,1,-1
2022-01-04 16:34:30.543,18543,18544,18543,1,-1
2022-01-04 16:34:30.543,18543,18544,18543,2,-2
2022-01-04 16:34:30.543,18543,18544,18543,2,-2
2022-01-04 16:34:30.543,18543,18544,18543,7,-7
2022-01-04 16:34:30.781,18542,18543,18542,1,-1
2022-01-04 16:34:45.435,18542,18543,18542,1,-1
2022-01-04 16:34:48.630,18542,18543,18543,1,1
2022-01-04 16:34:52.415,18542,18543,18543,1,1
2022-01-04 16:34:52.426,18542,18543,18544,1,1
2022-01-04 16:35:04.469,18542,18544,18543,1,1
2022-01-04 16:35:06.020,18543,18544,18544,1,1
2022-01-04 16:35:09.246,18543,18544,18543,1,-1
2022-01-04 16:35:17.898,18543,18544,18543,1,-1
2022-01-04 16:36:02.800,18543,18544,18543,1,-1
2022-01-04 16:36:08.851,18543,18544,18544,1,1
2022-01-04 16:36:09.104,18543,18544,18543,4,-4
2022-01-04 16:36:15.657,18543,18544,18543,1,-1
2022-01-04 16:36:18.467,18543,18544,18544,7,7
2022-01-04 16:36:24.948,18544,18545,18544,1,-1
2022-01-04 16:36:26.802,18543,18544,18544,1,1
2022-01-04 16:36:34.458,18544,18545,18544,1,-1
2022-01-04 16:36:48.088,18543,18544,18544,1,1
2022-01-04 16:36:49.525,18543,18544,18543,1,-1
2022-01-04 16:37:20.408,18543,18544,18543,1,-1
2022-01-04 16:37:29.133,18543,18544,18544,3,3
2022-01-04 16:37:35.176,18543,18544,18544,1,1
2022-01-04 16:37:35.176,18543,18544,18545,1,1
2022-01-04 16:37:35.406,18543,18545,18545,2,2
2022-01-04 16:37:35.427,18543,18545,18545,2,2
2022-01-04 16:37:35.552,18543,18545,18545,2,2
2022-01-04 16:37:35.801,18543,18545,18545,1,1
2022-01-04 16:37:35.841,18544,18545,18545,1,1
2022-01-04 16:37:38.788,18544,18545,18544,1,-1
2022-01-04 16:37:40.024,18544,18545,18545,1,1
2022-01-04 16:37:41.702,18544,18545,18544,2,-2
2022-01-04 16:37:53.698,18544,18545,18544,1,-1
2022-01-04 16:37:56.579,18544,18545,18544,1,-1
2022-01-04 16:37:57.944,18544,18545,18545,5,5
2022-01-04 16:37:58.086,18544,18546,18546,1,1
2022-01-04 16:37:58.243,18544,18546,18544,1,-1
2022-01-04 16:37:58.317,18544,18546,18546,1,1
2022-01-04 16:37:58.552,18544,18546,18544,1,-1
2022-01-04 16:37:58.814,18544,18546,18544,1,-1
2022-01-04 16:38:03.342,18544,18546,18546,2,2
2022-01-04 16:38:10.254,18545,18546,18546,5,5
2022-01-04 16:38:18.553,18545,18546,18545,1,-1
2022-01-04 16:38:20.215,18545,18546,18545,2,-2
2022-01-04 16:38:25.470,18545,18546,18545,2,-2
2022-01-04 16:38:27.891,18545,18546,18546,2,2
2022-01-04 16:38:27.891,18545,18546,18546,3,3
2022-01-04 16:38:27.891,18545,18546,18546,1,1
2022-01-04 16:38:27.891,18545,18546,18546,5,5
2022-01-04 16:38:28.584,18546,18547,18546,1,-1
2022-01-04 16:38:30.200,18546,18547,18547,1,1
2022-01-04 16:38:30.286,18546,18547,18547,2,2
2022-01-04 16:38:30.286,18546,18547,18547,1,1
2022-01-04 16:38:30.330,18546,18547,18547,1,1
2022-01-04 16:38:30.336,18546,18547,18547,2,2
2022-01-04 16:38:30.336,18546,18547,18547,12,12
2022-01-04 16:38:30.372,18546,18547,18548,1,1
2022-01-04 16:38:31.719,18547,18548,18547,2,-2
2022-01-04 16:38:34.814,18547,18548,18547,1,-1
2022-01-04 16:38:36.948,18547,18548,18547,2,-2
