2020-05-05 15:00:00.091,10733,10734,10732,41,-41
2020-05-05 15:00:00.093,10732,10733,10733,5,5
2020-05-05 15:00:00.093,10732,10733,10733,1,1
2020-05-05 15:00:00.262,10732,10734,10734,3,3
2020-05-05 15:00:01.189,10732,10734,10732,1,-1
2020-05-05 15:00:01.879,10733,10734,10733,1,1
2020-05-05 15:00:02.037,10732,10733,10732,1,-1
2020-05-05 15:00:02.207,10732,10733,10733,4,4
2020-05-05 15:00:02.207,10732,10733,10733,1,1
2020-05-05 15:00:02.637,10732,10734,10734,1,1
2020-05-05 15:00:03.185,10732,10734,10733,1,-1
2020-05-05 15:00:03.437,10732,10733,10732,5,-5
2020-05-05 15:00:03.860,10731,10733,10731,2,-2
2020-05-05 15:00:03.904,10731,10733,10733,1,1
2020-05-05 15:00:05.162,10731,10732,10731,1,-1
2020-05-05 15:00:06.204,10730,10732,10730,1,-1
2020-05-05 15:00:06.392,10730,10732,10730,1,-1
2020-05-05 15:00:07.338,10729,10732,10729,5,-5
2020-05-05 15:00:08.215,10729,10731,10731,1,1
2020-05-05 15:00:08.237,10729,10731,10729,1,-1
2020-05-05 15:00:08.273,10729,10731,10729,1,-1
2020-05-05 15:00:09.759,10729,10730,10730,1,1
2020-05-05 15:00:10.105,10730,10731,10730,3,-3
2020-05-05 15:00:11.298,10730,10731,10730,1,-1
2020-05-05 15:00:11.871,10730,10731,10730,2,-2
2020-05-05 15:00:11.871,10730,10731,10730,2,-2
2020-05-05 15:00:11.872,10730,10731,10730,1,-1
2020-05-05 15:00:12.245,10729,10731,10729,1,-1
2020-05-05 15:00:12.680,10729,10730,10730,2,2
2020-05-05 15:00:13.149,10729,10730,10729,2,-2
2020-05-05 15:00:13.149,10729,10730,10729,7,-7
2020-05-05 15:00:13.150,10729,10730,10729,1,-1
2020-05-05 15:00:13.150,10729,10730,10729,2,-2
2020-05-05 15:00:13.150,10729,10730,10729,1,-1
2020-05-05 15:00:13.419,10728,10729,10728,2,-2
2020-05-05 15:00:13.420,10728,10729,10728,2,-2
2020-05-05 15:00:13.750,10728,10729,10728,1,-1
2020-05-05 15:00:13.752,10728,10729,10728,1,-1
2020-05-05 15:00:13.753,10728,10729,10728,1,-1
2020-05-05 15:00:14.032,10727,10728,10727,12,-12
2020-05-05 15:00:14.174,10726,10727,10726,4,-4
2020-05-05 15:00:14.174,10726,10727,10726,2,-2
2020-05-05 15:00:14.298,10725,10726,10725,3,-3
2020-05-05 15:00:14.349,10725,10726,10725,1,-1
2020-05-05 15:00:15.670,10725,10726,10725,1,-1
2020-05-05 15:00:15.687,10725,10726,10726,1,1
2020-05-05 15:00:15.755,10725,10727,10726,1,-1
2020-05-05 15:00:16.600,10725,10726,10725,1,-1
2020-05-05 15:00:17.401,10725,10726,10725,9,-9
2020-05-05 15:00:18.614,10724,10725,10724,3,-3
2020-05-05 15:00:18.755,10723,10724,10723,1,-1
2020-05-05 15:00:18.760,10723,10724,10723,3,-3
2020-05-05 15:00:18.760,10723,10724,10723,1,-1
2020-05-05 15:00:19.067,10722,10724,10722,1,-1
2020-05-05 15:00:19.443,10723,10724,10723,1,1
2020-05-05 15:00:21.062,10723,10724,10723,1,-1
2020-05-05 15:00:21.232,10723,10724,10723,1,-1
2020-05-05 15:00:21.964,10724,10725,10724,1,1
2020-05-05 15:00:22.316,10724,10725,10725,2,2
2020-05-05 15:00:22.355,10724,10726,10725,1,-1
2020-05-05 15:00:22.358,10724,10726,10725,1,-1
2020-05-05 15:00:22.563,10724,10726,10725,1,-1
2020-05-05 15:00:22.624,10724,10726,10725,1,-1
2020-05-05 15:00:22.888,10725,10726,10726,3,3
2020-05-05 15:00:22.927,10725,10726,10726,1,1
2020-05-05 15:00:22.954,10726,10727,10727,1,1
2020-05-05 15:00:23.258,10726,10727,10726,1,-1
2020-05-05 15:00:24.260,10725,10727,10725,4,-4
2020-05-05 15:00:24.458,10725,10727,10727,4,4
2020-05-05 15:00:24.817,10725,10727,10725,1,-1
2020-05-05 15:00:26.465,10726,10728,10726,1,1
2020-05-05 15:00:26.773,10726,10728,10728,5,5
2020-05-05 15:00:27.188,10726,10728,10726,1,-1
2020-05-05 15:00:27.426,10726,10728,10726,1,-1
2020-05-05 15:00:28.205,10726,10728,10727,1,1
2020-05-05 15:00:28.331,10726,10728,10726,4,-4
2020-05-05 15:00:29.309,10726,10727,10726,3,-3
2020-05-05 15:00:29.321,10726,10727,10725,1,-1
2020-05-05 15:00:31.820,10726,10727,10727,1,1
2020-05-05 15:00:32.448,10727,10728,10727,1,-1
2020-05-05 15:00:33.379,10726,10727,10726,10,-10
2020-05-05 15:00:36.357,10725,10727,10727,1,1
2020-05-05 15:00:36.788,10725,10726,10725,1,-1
2020-05-05 15:00:36.876,10725,10726,10726,1,1
2020-05-05 15:00:38.277,10725,10727,10725,1,-1
2020-05-05 15:00:39.195,10726,10727,10726,2,2
2020-05-05 15:00:39.756,10725,10726,10725,1,-1
2020-05-05 15:00:40.061,10725,10726,10725,1,-1
2020-05-05 15:00:40.959,10725,10726,10725,1,-1
2020-05-05 15:00:41.727,10725,10726,10725,1,-1
2020-05-05 15:00:41.961,10725,10726,10726,1,1
2020-05-05 15:00:43.162,10726,10727,10726,1,-1
2020-05-05 15:00:44.698,10725,10726,10726,2,2
2020-05-05 15:00:44.963,10725,10726,10726,2,2
2020-05-05 15:00:44.964,10725,10726,10726,1,1
2020-05-05 15:00:45.251,10726,10727,10726,1,-1
2020-05-05 15:00:45.251,10726,10727,10726,1,-1
2020-05-05 15:00:47.330,10726,10727,10726,1,-1
2020-05-05 15:00:49.315,10725,10726,10725,2,-2
2020-05-05 15:00:49.316,10725,10726,10725,3,-3
2020-05-05 15:00:49.316,10725,10726,10725,6,-6
2020-05-05 15:00:49.511,10724,10725,10725,1,1
2020-05-05 15:00:50.006,10724,10725,10724,1,-1
2020-05-05 15:00:50.433,10724,10725,10725,1,1
2020-05-05 15:00:53.863,10724,10725,10724,1,-1
2020-05-05 15:00:54.895,10724,10725,10724,3,-3
2020-05-05 15:00:54.895,10724,10725,10723,7,-7
2020-05-05 15:00:55.774,10723,10724,10724,1,1
2020-05-05 15:00:55.774,10723,10724,10725,4,4
2020-05-05 15:00:56.671,10723,10724,10723,1,-1
2020-05-05 15:00:57.019,10723,10724,10724,1,1
2020-05-05 15:00:57.839,10723,10724,10723,2,-2
2020-05-05 15:00:58.788,10723,10724,10723,1,-1
2020-05-05 15:00:59.056,10723,10724,10724,4,4
2020-05-05 15:00:59.180,10723,10725,10723,1,-1
2020-05-05 15:01:00.062,10723,10724,10724,1,1
2020-05-05 15:01:02.133,10723,10724,10724,1,1
2020-05-05 15:01:02.623,10723,10724,10723,1,-1
2020-05-05 15:01:03.940,10723,10724,10724,1,1
2020-05-05 15:01:04.081,10723,10724,10723,5,-5
2020-05-05 15:01:04.081,10723,10724,10723,1,-1
2020-05-05 15:01:04.081,10723,10724,10723,2,-2
2020-05-05 15:01:04.081,10723,10724,10723,7,-7
2020-05-05 15:01:04.081,10723,10724,10723,4,-4
2020-05-05 15:01:04.123,10723,10724,10722,2,-2
2020-05-05 15:01:04.202,10722,10723,10722,9,-9
2020-05-05 15:01:04.519,10721,10723,10721,3,-3
2020-05-05 15:01:04.528,10721,10723,10721,1,-1
2020-05-05 15:01:05.561,10721,10722,10721,4,-4
2020-05-05 15:01:05.689,10720,10722,10720,1,-1
2020-05-05 15:01:07.726,10720,10721,10720,1,-1
2020-05-05 15:01:08.137,10720,10721,10721,2,2
2020-05-05 15:01:10.770,10720,10722,10722,1,1
2020-05-05 15:01:11.131,10721,10722,10721,1,-1
2020-05-05 15:01:11.160,10721,10722,10720,16,-16
2020-05-05 15:01:11.161,10721,10722,10720,2,-2
2020-05-05 15:01:12.716,10719,10720,10720,1,1
2020-05-05 15:01:13.602,10719,10720,10719,2,-2
2020-05-05 15:01:14.533,10719,10720,10719,3,-3
2020-05-05 15:01:14.620,10719,10720,10719,1,-1
2020-05-05 15:01:14.830,10719,10720,10720,2,2
2020-05-05 15:01:16.020,10720,10721,10720,2,-2
2020-05-05 15:01:16.606,10720,10721,10721,2,2
2020-05-05 15:01:16.841,10721,10722,10721,1,-1
2020-05-05 15:01:17.810,10721,10722,10722,2,2
2020-05-05 15:01:17.815,10721,10722,10721,2,-2
2020-05-05 15:01:18.285,10722,10724,10722,4,4
2020-05-05 15:01:19.149,10721,10723,10721,1,-1
2020-05-05 15:01:19.882,10721,10723,10721,1,-1
2020-05-05 15:01:24.113,10721,10722,10722,1,1
2020-05-05 15:01:24.716,10721,10722,10721,1,-1
2020-05-05 15:01:25.189,10721,10722,10721,1,-1
2020-05-05 15:01:29.436,10722,10723,10722,1,1
2020-05-05 15:01:31.891,10722,10723,10722,2,-2
2020-05-05 15:01:31.891,10722,10723,10722,1,-1
2020-05-05 15:01:34.063,10721,10722,10722,1,1
2020-05-05 15:01:36.484,10721,10722,10722,1,1
2020-05-05 15:01:36.858,10721,10723,10723,1,1
2020-05-05 15:01:37.702,10722,10723,10722,1,-1
2020-05-05 15:01:38.065,10721,10723,10722,3,-3
2020-05-05 15:01:38.065,10721,10723,10721,2,-2
2020-05-05 15:01:38.314,10721,10723,10721,1,-1
2020-05-05 15:01:38.642,10721,10723,10721,1,-1
2020-05-05 15:01:41.084,10721,10722,10722,1,1
2020-05-05 15:01:41.710,10721,10722,10722,3,3
2020-05-05 15:01:41.894,10722,10723,10722,5,-5
2020-05-05 15:01:41.895,10722,10723,10722,9,-9
2020-05-05 15:01:45.959,10722,10724,10722,2,-2
2020-05-05 15:01:46.836,10722,10723,10722,3,-3
2020-05-05 15:01:46.934,10722,10723,10722,2,-2
2020-05-05 15:01:46.934,10722,10723,10722,4,-4
2020-05-05 15:01:46.934,10722,10723,10722,5,-5
2020-05-05 15:01:47.800,10722,10723,10723,2,2
2020-05-05 15:01:48.298,10722,10724,10722,1,-1
2020-05-05 15:01:56.429,10723,10724,10723,2,2
2020-05-05 15:01:57.360,10723,10724,10724,13,13
2020-05-05 15:01:57.500,10724,10725,10725,2,2
2020-05-05 15:01:57.513,10724,10725,10725,1,1
2020-05-05 15:01:58.995,10724,10726,10724,1,-1
2020-05-05 15:01:59.931,10724,10725,10725,2,2
2020-05-05 15:02:00.359,10724,10726,10726,2,2
2020-05-05 15:02:00.599,10724,10726,10726,1,1
2020-05-05 15:02:01.895,10724,10725,10725,1,1
2020-05-05 15:02:02.082,10724,10725,10724,2,-2
2020-05-05 15:02:02.281,10723,10725,10725,2,2
2020-05-05 15:02:02.313,10723,10725,10725,2,2
2020-05-05 15:02:03.596,10725,10726,10726,1,1
2020-05-05 15:02:04.469,10724,10726,10724,1,-1
2020-05-05 15:02:06.009,10725,10726,10726,3,3
2020-05-05 15:02:06.521,10725,10726,10726,1,1
2020-05-05 15:02:06.522,10725,10726,10726,1,1
2020-05-05 15:02:07.274,10726,10727,10727,1,1
2020-05-05 15:02:08.487,10726,10727,10727,1,1
2020-05-05 15:02:08.520,10726,10727,10727,1,1
2020-05-05 15:02:08.541,10726,10727,10727,1,1
2020-05-05 15:02:09.392,10727,10728,10728,5,5
2020-05-05 15:02:09.392,10727,10728,10728,1,1
2020-05-05 15:02:09.392,10727,10728,10728,1,1
2020-05-05 15:02:10.593,10727,10729,10729,3,3
2020-05-05 15:02:10.728,10727,10729,10729,2,2
2020-05-05 15:02:11.044,10728,10729,10729,1,1
2020-05-05 15:02:11.372,10728,10730,10730,1,1
2020-05-05 15:02:11.512,10728,10730,10730,1,1
2020-05-05 15:02:12.780,10728,10730,10730,2,2
2020-05-05 15:02:13.385,10728,10730,10730,1,1
2020-05-05 15:02:13.463,10728,10730,10730,1,1
2020-05-05 15:02:14.169,10729,10730,10729,1,-1
2020-05-05 15:02:14.355,10729,10730,10730,1,1
2020-05-05 15:02:14.361,10729,10730,10730,1,1
2020-05-05 15:02:14.361,10729,10730,10730,1,1
2020-05-05 15:02:14.362,10729,10730,10730,1,1
2020-05-05 15:02:14.362,10729,10730,10730,1,1
2020-05-05 15:02:14.362,10729,10730,10730,1,1
2020-05-05 15:02:14.488,10730,10731,10731,2,2
2020-05-05 15:02:15.211,10730,10731,10731,2,2
2020-05-05 15:02:15.333,10731,10732,10732,2,2
2020-05-05 15:02:16.330,10731,10733,10731,1,-1
2020-05-05 15:02:16.365,10731,10733,10731,2,-2
2020-05-05 15:02:16.493,10730,10732,10732,1,1
2020-05-05 15:02:17.833,10731,10732,10732,1,1
2020-05-05 15:02:18.562,10732,10733,10732,3,-3
2020-05-05 15:02:18.621,10731,10733,10733,1,1
2020-05-05 15:02:18.726,10732,10733,10733,1,1
2020-05-05 15:02:20.800,10731,10733,10733,4,4
2020-05-05 15:02:20.988,10731,10733,10733,1,1
2020-05-05 15:02:21.440,10731,10732,10732,2,2
2020-05-05 15:02:21.440,10731,10732,10733,2,2
2020-05-05 15:02:21.657,10731,10733,10733,1,1
2020-05-05 15:02:25.143,10731,10732,10732,1,1
2020-05-05 15:02:25.237,10731,10732,10732,2,2
2020-05-05 15:02:25.381,10731,10732,10732,10,10
2020-05-05 15:02:26.640,10732,10733,10732,1,-1
2020-05-05 15:02:28.334,10732,10733,10733,5,5
2020-05-05 15:02:28.895,10732,10733,10732,1,-1
2020-05-05 15:02:29.696,10732,10733,10732,1,-1
2020-05-05 15:02:30.870,10732,10733,10732,1,-1
2020-05-05 15:02:30.870,10732,10733,10732,1,-1
2020-05-05 15:02:32.208,10731,10732,10731,5,-5
2020-05-05 15:02:34.055,10731,10732,10732,1,1
2020-05-05 15:02:34.354,10731,10732,10731,2,-2
2020-05-05 15:02:34.652,10731,10732,10732,1,1
2020-05-05 15:02:35.590,10732,10733,10733,13,13
2020-05-05 15:02:36.151,10733,10734,10734,14,14
2020-05-05 15:02:36.388,10734,10735,10735,3,3
2020-05-05 15:02:36.389,10734,10735,10735,5,5
2020-05-05 15:02:36.409,10734,10735,10735,5,5
2020-05-05 15:02:36.431,10734,10735,10735,1,1
2020-05-05 15:02:36.650,10735,10736,10736,1,1
2020-05-05 15:02:36.702,10735,10736,10736,9,9
2020-05-05 15:02:37.185,10735,10736,10736,1,1
2020-05-05 15:02:38.213,10735,10736,10735,2,-2
2020-05-05 15:02:38.709,10733,10735,10735,2,2
2020-05-05 15:02:41.461,10734,10735,10734,1,-1
2020-05-05 15:02:41.667,10733,10734,10734,1,1
2020-05-05 15:02:43.222,10733,10734,10734,1,1
2020-05-05 15:02:44.106,10733,10734,10733,2,-2
2020-05-05 15:02:44.413,10732,10734,10734,3,3
2020-05-05 15:02:45.830,10732,10733,10732,1,-1
2020-05-05 15:02:48.290,10732,10733,10733,1,1
2020-05-05 15:02:49.500,10732,10733,10733,1,1
2020-05-05 15:02:49.514,10732,10733,10733,1,1
2020-05-05 15:02:51.055,10732,10733,10732,1,-1
2020-05-05 15:02:53.708,10732,10733,10732,2,-2
2020-05-05 15:02:54.690,10731,10732,10732,1,1
2020-05-05 15:02:54.806,10731,10732,10731,1,-1
2020-05-05 15:02:57.653,10731,10732,10731,3,-3
2020-05-05 15:03:00.640,10730,10731,10731,1,1
2020-05-05 15:03:01.959,10730,10731,10731,1,1
2020-05-05 15:03:02.180,10730,10731,10730,2,-2
2020-05-05 15:03:02.715,10730,10731,10730,1,-1
2020-05-05 15:03:04.430,10729,10730,10730,1,1
2020-05-05 15:03:05.372,10729,10730,10729,6,-6
2020-05-05 15:03:05.781,10728,10729,10729,1,1
2020-05-05 15:03:09.492,10730,10731,10730,1,1
2020-05-05 15:03:11.380,10730,10731,10731,1,1
2020-05-05 15:03:13.856,10730,10731,10730,1,-1
2020-05-05 15:03:18.480,10730,10731,10731,4,4
2020-05-05 15:03:18.481,10730,10731,10731,1,1
2020-05-05 15:03:18.481,10730,10731,10731,1,1
2020-05-05 15:03:18.481,10730,10731,10731,2,2
2020-05-05 15:03:18.481,10730,10731,10731,3,3
2020-05-05 15:03:18.481,10730,10731,10731,7,7
2020-05-05 15:03:18.481,10730,10731,10731,1,1
2020-05-05 15:03:20.038,10731,10732,10731,1,-1
2020-05-05 15:03:21.662,10731,10732,10731,2,-2
2020-05-05 15:03:23.456,10731,10732,10731,1,-1
2020-05-05 15:03:29.034,10730,10731,10730,5,-5
2020-05-05 15:03:29.034,10730,10731,10730,4,-4
2020-05-05 15:03:29.757,10729,10730,10729,3,-3
2020-05-05 15:03:31.906,10728,10730,10728,1,-1
2020-05-05 15:03:34.401,10728,10729,10728,1,-1
2020-05-05 15:03:37.063,10728,10729,10728,6,-6
2020-05-05 15:03:37.608,10727,10728,10728,1,1
2020-05-05 15:03:40.326,10727,10728,10727,2,-2
2020-05-05 15:03:42.249,10726,10727,10726,9,-9
2020-05-05 15:03:45.302,10725,10726,10726,1,1
2020-05-05 15:03:48.453,10725,10726,10725,1,-1
2020-05-05 15:03:48.453,10725,10726,10725,2,-2
2020-05-05 15:03:48.454,10725,10726,10725,1,-1
2020-05-05 15:03:48.620,10725,10726,10725,2,-2
2020-05-05 15:03:48.881,10725,10726,10725,2,-2
2020-05-05 15:03:48.882,10725,10726,10725,1,-1
2020-05-05 15:03:48.882,10725,10726,10725,2,-2
2020-05-05 15:03:49.858,10724,10725,10725,1,1
2020-05-05 15:03:50.425,10724,10725,10725,1,1
2020-05-05 15:03:51.267,10724,10726,10725,1,-1
2020-05-05 15:03:52.786,10724,10725,10724,1,-1
2020-05-05 15:03:56.586,10724,10725,10724,1,-1
2020-05-05 15:03:57.384,10724,10725,10724,1,-1
2020-05-05 15:03:57.898,10724,10725,10724,1,-1
2020-05-05 15:04:00.789,10724,10725,10724,4,-4
2020-05-05 15:04:01.742,10723,10724,10723,1,-1
2020-05-05 15:04:01.793,10723,10724,10724,4,4
2020-05-05 15:04:01.866,10723,10725,10723,1,-1
2020-05-05 15:04:03.336,10722,10724,10722,2,-2
2020-05-05 15:04:03.490,10722,10723,10722,1,-1
2020-05-05 15:04:05.902,10722,10723,10722,1,-1
2020-05-05 15:04:05.988,10722,10723,10723,1,1
2020-05-05 15:04:06.765,10723,10724,10723,1,-1
2020-05-05 15:04:07.306,10723,10724,10724,5,5
2020-05-05 15:04:07.798,10724,10725,10724,1,-1
2020-05-05 15:04:08.395,10723,10725,10723,1,-1
2020-05-05 15:04:08.904,10723,10724,10724,1,1
2020-05-05 15:04:09.194,10724,10725,10724,1,-1
2020-05-05 15:04:09.739,10724,10725,10724,1,-1
2020-05-05 15:04:11.380,10724,10725,10724,1,-1
2020-05-05 15:04:11.617,10724,10725,10724,1,-1
2020-05-05 15:04:12.632,10724,10725,10724,1,-1
2020-05-05 15:04:16.696,10724,10725,10724,1,-1
2020-05-05 15:04:18.225,10724,10725,10725,2,2
2020-05-05 15:04:19.103,10725,10726,10726,2,2
2020-05-05 15:04:19.113,10725,10726,10726,2,2
2020-05-05 15:04:19.113,10725,10726,10726,3,3
2020-05-05 15:04:19.113,10725,10726,10726,1,1
2020-05-05 15:04:19.114,10725,10726,10726,1,1
2020-05-05 15:04:19.114,10725,10726,10726,3,3
2020-05-05 15:04:19.114,10725,10726,10726,1,1
2020-05-05 15:04:21.802,10726,10727,10726,4,-4
2020-05-05 15:04:22.555,10725,10726,10725,2,-2
2020-05-05 15:04:23.771,10725,10726,10726,5,5
2020-05-05 15:04:26.671,10725,10726,10725,1,-1
2020-05-05 15:04:29.086,10725,10726,10726,1,1
2020-05-05 15:04:30.571,10725,10726,10726,1,1
2020-05-05 15:04:33.899,10725,10727,10725,1,-1
2020-05-05 15:04:36.585,10726,10727,10726,6,6
2020-05-05 15:04:36.585,10726,10727,10725,9,-9
2020-05-05 15:04:36.901,10725,10726,10725,1,-1
2020-05-05 15:04:39.055,10724,10725,10724,4,-4
2020-05-05 15:04:39.820,10724,10725,10725,2,2
2020-05-05 15:04:40.146,10724,10726,10724,1,-1
2020-05-05 15:04:50.344,10725,10726,10725,5,5
2020-05-05 15:04:53.568,10725,10726,10725,3,-3
2020-05-05 15:04:54.803,10724,10725,10724,7,-7
2020-05-05 15:04:54.803,10724,10725,10724,2,-2
2020-05-05 15:04:54.803,10724,10725,10724,5,-5
2020-05-05 15:04:55.020,10723,10724,10724,1,1
2020-05-05 15:04:55.913,10723,10724,10724,1,1
2020-05-05 15:04:56.477,10723,10724,10724,1,1
2020-05-05 15:05:01.665,10723,10724,10723,19,-19
2020-05-05 15:05:02.079,10722,10723,10722,2,-2
2020-05-05 15:05:02.347,10721,10723,10723,1,1
2020-05-05 15:05:02.477,10721,10723,10723,1,1
2020-05-05 15:05:02.828,10721,10723,10721,2,-2
2020-05-05 15:05:03.626,10721,10722,10721,1,-1
2020-05-05 15:05:03.793,10721,10723,10721,3,-3
2020-05-05 15:05:07.615,10722,10723,10722,6,6
2020-05-05 15:05:07.615,10722,10723,10721,4,-4
2020-05-05 15:05:08.965,10722,10723,10722,2,2
2020-05-05 15:05:12.508,10722,10723,10722,2,-2
2020-05-05 15:05:13.765,10722,10723,10723,1,1
2020-05-05 15:05:14.614,10723,10724,10723,1,-1
2020-05-05 15:05:15.676,10723,10724,10723,1,-1
2020-05-05 15:05:19.608,10722,10724,10724,1,1
2020-05-05 15:05:26.267,10723,10724,10724,1,1
2020-05-05 15:05:26.631,10723,10724,10724,1,1
2020-05-05 15:05:28.166,10723,10724,10724,1,1
2020-05-05 15:05:32.655,10724,10725,10724,1,-1
2020-05-05 15:05:37.760,10723,10724,10723,4,-4
2020-05-05 15:05:41.568,10722,10724,10722,3,-3
2020-05-05 15:05:45.397,10722,10723,10723,2,2
2020-05-05 15:05:48.688,10723,10724,10723,2,-2
2020-05-05 15:05:50.668,10723,10724,10724,1,1
2020-05-05 15:05:50.795,10723,10725,10724,6,-6
2020-05-05 15:05:50.796,10723,10725,10724,6,-6
2020-05-05 15:05:56.048,10724,10725,10725,4,4
2020-05-05 15:06:00.068,10724,10725,10724,1,-1
2020-05-05 15:06:00.073,10724,10725,10724,1,-1
2020-05-05 15:06:00.077,10724,10725,10724,1,-1
2020-05-05 15:06:00.082,10724,10725,10723,1,-1
2020-05-05 15:06:01.831,10724,10725,10724,1,1
2020-05-05 15:06:03.966,10724,10725,10724,2,-2
2020-05-05 15:06:04.462,10722,10724,10724,8,8
2020-05-05 15:06:04.462,10722,10724,10725,7,7
2020-05-05 15:06:06.103,10723,10724,10723,2,-2
2020-05-05 15:06:07.002,10722,10723,10722,1,-1
2020-05-05 15:06:08.686,10722,10723,10722,1,-1
2020-05-05 15:06:15.540,10723,10724,10724,1,1
2020-05-05 15:06:17.176,10723,10725,10723,1,-1
2020-05-05 15:06:20.304,10724,10725,10725,3,3
2020-05-05 15:06:38.084,10724,10725,10724,1,-1
2020-05-05 15:06:38.340,10724,10725,10724,1,-1
2020-05-05 15:06:38.341,10724,10725,10724,1,-1
2020-05-05 15:06:47.254,10724,10725,10725,3,3
2020-05-05 15:06:48.307,10725,10726,10725,2,-2
2020-05-05 15:06:49.814,10725,10726,10726,5,5
2020-05-05 15:06:51.754,10726,10727,10727,4,4
2020-05-05 15:06:51.837,10727,10728,10727,1,-1
2020-05-05 15:06:51.837,10727,10728,10727,1,-1
2020-05-05 15:06:52.147,10725,10727,10726,1,-1
2020-05-05 15:07:02.285,10726,10727,10726,1,-1
2020-05-05 15:07:02.286,10726,10727,10726,1,-1
2020-05-05 15:07:02.696,10726,10727,10726,1,-1
2020-05-05 15:07:12.298,10725,10726,10726,4,4
2020-05-05 15:07:12.641,10726,10727,10726,1,-1
2020-05-05 15:07:12.676,10726,10727,10726,2,-2
2020-05-05 15:07:13.852,10726,10727,10726,3,-3
2020-05-05 15:07:20.739,10725,10726,10726,1,1
2020-05-05 15:07:21.854,10726,10727,10726,1,-1
2020-05-05 15:07:21.854,10726,10727,10726,4,-4
2020-05-05 15:07:22.087,10725,10726,10726,4,4
2020-05-05 15:07:23.131,10726,10727,10726,1,-1
2020-05-05 15:07:24.694,10725,10726,10725,3,-3
2020-05-05 15:07:24.694,10725,10726,10725,2,-2
2020-05-05 15:07:28.688,10724,10725,10725,1,1
2020-05-05 15:07:28.983,10724,10725,10724,3,-3
2020-05-05 15:07:35.904,10722,10723,10722,1,-1
2020-05-05 15:07:42.621,10722,10723,10722,1,-1
2020-05-05 15:07:42.717,10722,10723,10722,7,-7
2020-05-05 15:07:45.877,10721,10723,10723,5,5
2020-05-05 15:07:46.843,10722,10723,10722,3,-3
2020-05-05 15:07:46.990,10721,10722,10721,5,-5
2020-05-05 15:07:47.734,10720,10721,10721,1,1
2020-05-05 15:07:48.316,10720,10721,10720,1,-1
2020-05-05 15:07:48.441,10720,10721,10721,1,1
2020-05-05 15:07:49.142,10720,10721,10720,1,-1
2020-05-05 15:07:49.664,10720,10721,10720,21,-21
2020-05-05 15:07:50.269,10719,10720,10720,7,7
2020-05-05 15:07:50.269,10719,10720,10721,6,6
2020-05-05 15:07:50.284,10719,10720,10720,1,1
2020-05-05 15:07:50.890,10719,10720,10719,1,-1
2020-05-05 15:07:51.038,10719,10720,10719,1,-1
2020-05-05 15:07:51.043,10719,10720,10719,2,-2
2020-05-05 15:07:51.916,10719,10720,10719,1,-1
2020-05-05 15:07:51.952,10719,10720,10719,4,-4
2020-05-05 15:07:53.045,10718,10720,10720,1,1
2020-05-05 15:07:54.368,10719,10720,10720,1,1
2020-05-05 15:07:54.994,10719,10720,10719,1,-1
2020-05-05 15:07:55.787,10719,10720,10719,2,-2
2020-05-05 15:07:56.030,10718,10719,10718,1,-1
2020-05-05 15:07:56.077,10718,10719,10718,3,-3
2020-05-05 15:07:56.111,10718,10719,10717,1,-1
2020-05-05 15:07:56.152,10718,10719,10717,1,-1
2020-05-05 15:07:57.534,10717,10719,10719,1,1
2020-05-05 15:07:58.929,10717,10719,10718,1,-1
2020-05-05 15:07:58.929,10717,10719,10717,2,-2
2020-05-05 15:07:59.456,10717,10719,10717,1,-1
2020-05-05 15:08:00.327,10717,10718,10717,1,-1
2020-05-05 15:08:00.881,10717,10718,10717,2,-2
2020-05-05 15:08:02.488,10716,10717,10717,4,4
2020-05-05 15:08:02.565,10716,10717,10719,1,1
2020-05-05 15:08:04.671,10717,10718,10717,1,-1
2020-05-05 15:08:04.762,10717,10718,10718,1,1
2020-05-05 15:08:04.932,10718,10719,10719,2,2
2020-05-05 15:08:06.598,10718,10719,10718,2,-2
2020-05-05 15:08:06.917,10718,10719,10718,1,-1
2020-05-05 15:08:07.236,10718,10719,10719,4,4
2020-05-05 15:08:07.817,10719,10721,10719,1,-1
2020-05-05 15:08:12.907,10719,10720,10719,1,-1
2020-05-05 15:08:13.077,10719,10720,10719,1,-1
2020-05-05 15:08:15.774,10718,10720,10718,3,-3
2020-05-05 15:08:20.077,10718,10719,10718,5,-5
2020-05-05 15:08:20.605,10717,10718,10718,2,2
2020-05-05 15:08:22.202,10717,10718,10717,6,-6
2020-05-05 15:08:22.866,10716,10718,10718,1,1
2020-05-05 15:08:23.077,10717,10718,10717,1,-1
2020-05-05 15:08:23.537,10716,10717,10717,2,2
2020-05-05 15:08:23.537,10716,10717,10718,1,1
2020-05-05 15:08:25.481,10716,10718,10716,1,-1
2020-05-05 15:08:25.577,10716,10717,10716,5,-5
2020-05-05 15:08:25.952,10716,10717,10716,1,-1
2020-05-05 15:08:25.987,10716,10717,10715,3,-3
2020-05-05 15:08:25.989,10716,10717,10715,1,-1
2020-05-05 15:08:26.017,10716,10717,10715,1,-1
2020-05-05 15:08:26.046,10716,10717,10715,1,-1
2020-05-05 15:08:26.071,10716,10717,10715,1,-1
2020-05-05 15:08:26.216,10715,10716,10715,1,-1
2020-05-05 15:08:26.247,10715,10716,10715,1,-1
2020-05-05 15:08:26.268,10715,10716,10715,1,-1
2020-05-05 15:08:26.312,10715,10716,10715,3,-3
2020-05-05 15:08:26.390,10714,10716,10714,1,-1
2020-05-05 15:08:26.419,10714,10716,10714,1,-1
2020-05-05 15:08:26.449,10714,10716,10714,2,-2
2020-05-05 15:08:26.476,10714,10715,10714,1,-1
2020-05-05 15:08:26.587,10713,10715,10713,1,-1
2020-05-05 15:08:27.230,10713,10715,10715,1,1
2020-05-05 15:08:27.821,10713,10715,10713,1,-1
2020-05-05 15:08:28.265,10713,10714,10714,1,1
2020-05-05 15:08:28.871,10713,10714,10714,1,1
2020-05-05 15:08:29.434,10713,10715,10713,4,-4
2020-05-05 15:08:31.012,10712,10714,10712,1,-1
2020-05-05 15:08:31.137,10712,10714,10712,1,-1
2020-05-05 15:08:31.898,10712,10713,10712,2,-2
2020-05-05 15:08:31.956,10712,10713,10712,1,-1
2020-05-05 15:08:32.302,10712,10713,10712,2,-2
2020-05-05 15:08:32.342,10712,10713,10713,1,1
2020-05-05 15:08:32.960,10712,10714,10714,1,1
2020-05-05 15:08:33.630,10714,10715,10714,1,-1
2020-05-05 15:08:34.226,10713,10715,10715,1,1
2020-05-05 15:08:34.599,10713,10715,10715,2,2
2020-05-05 15:08:36.661,10713,10715,10715,1,1
2020-05-05 15:08:42.200,10715,10716,10715,3,-3
2020-05-05 15:08:42.200,10715,10716,10715,1,-1
2020-05-05 15:08:42.200,10715,10716,10715,1,-1
2020-05-05 15:08:42.403,10714,10715,10715,1,1
2020-05-05 15:08:42.833,10715,10717,10715,1,-1
2020-05-05 15:08:43.909,10715,10716,10716,1,1
2020-05-05 15:08:43.951,10715,10716,10715,1,-1
2020-05-05 15:08:44.437,10715,10717,10715,1,-1
2020-05-05 15:08:45.015,10715,10717,10715,1,-1
2020-05-05 15:08:46.083,10715,10716,10715,1,-1
2020-05-05 15:08:46.417,10715,10717,10715,1,-1
2020-05-05 15:08:47.163,10715,10716,10716,1,1
2020-05-05 15:08:49.785,10715,10716,10716,1,1
2020-05-05 15:08:50.766,10715,10717,10715,1,-1
2020-05-05 15:08:53.307,10715,10716,10715,1,-1
2020-05-05 15:08:53.307,10715,10716,10715,1,-1
2020-05-05 15:08:59.096,10715,10716,10715,1,-1
2020-05-05 15:08:59.509,10715,10716,10716,1,1
2020-05-05 15:09:00.914,10715,10716,10716,1,1
2020-05-05 15:09:02.342,10715,10716,10715,1,-1
2020-05-05 15:09:02.709,10715,10716,10716,1,1
2020-05-05 15:09:03.544,10716,10717,10716,1,-1
2020-05-05 15:09:05.147,10716,10717,10716,1,-1
2020-05-05 15:09:05.480,10716,10717,10717,1,1
2020-05-05 15:09:06.097,10716,10717,10717,5,5
2020-05-05 15:09:07.271,10717,10718,10718,2,2
2020-05-05 15:09:08.557,10718,10719,10719,1,1
2020-05-05 15:09:08.602,10718,10719,10719,3,3
2020-05-05 15:09:09.805,10718,10720,10720,1,1
2020-05-05 15:09:10.122,10718,10720,10720,1,1
2020-05-05 15:09:11.892,10718,10720,10720,1,1
2020-05-05 15:09:11.921,10718,10720,10720,9,9
2020-05-05 15:09:12.107,10720,10721,10721,1,1
2020-05-05 15:09:12.726,10720,10722,10722,2,2
2020-05-05 15:09:12.928,10721,10723,10723,3,3
2020-05-05 15:09:13.007,10722,10723,10723,2,2
2020-05-05 15:09:15.152,10722,10723,10723,1,1
2020-05-05 15:09:19.175,10721,10722,10722,1,1
2020-05-05 15:09:19.255,10722,10723,10722,1,-1
2020-05-05 15:09:21.571,10722,10723,10722,4,-4
2020-05-05 15:09:21.571,10722,10723,10721,15,-15
2020-05-05 15:09:21.573,10722,10723,10721,6,-6
2020-05-05 15:09:21.573,10722,10723,10721,1,-1
2020-05-05 15:09:21.834,10721,10722,10721,2,-2
2020-05-05 15:09:22.926,10721,10722,10721,1,-1
2020-05-05 15:09:28.663,10721,10722,10722,1,1
2020-05-05 15:09:31.842,10722,10723,10722,2,-2
2020-05-05 15:09:32.175,10722,10723,10722,2,-2
2020-05-05 15:09:32.644,10722,10723,10723,5,5
2020-05-05 15:09:33.968,10723,10724,10724,1,1
2020-05-05 15:09:34.104,10724,10725,10725,1,1
2020-05-05 15:09:39.826,10724,10725,10725,9,9
2020-05-05 15:09:39.827,10724,10725,10725,6,6
2020-05-05 15:09:40.575,10725,10726,10725,1,-1
2020-05-05 15:09:41.843,10725,10726,10725,1,-1
2020-05-05 15:09:41.845,10725,10726,10725,1,-1
2020-05-05 15:09:43.563,10725,10726,10726,2,2
2020-05-05 15:09:43.601,10725,10726,10726,2,2
2020-05-05 15:09:43.875,10726,10727,10727,1,1
2020-05-05 15:09:43.895,10726,10727,10727,1,1
2020-05-05 15:09:43.985,10726,10727,10726,1,-1
2020-05-05 15:09:44.411,10726,10727,10726,1,-1
2020-05-05 15:09:44.467,10725,10726,10726,1,1
2020-05-05 15:09:45.165,10726,10727,10726,1,-1
2020-05-05 15:09:45.409,10725,10726,10726,2,2
2020-05-05 15:09:47.272,10726,10727,10726,1,-1
2020-05-05 15:09:50.426,10725,10726,10725,1,-1
2020-05-05 15:09:52.220,10725,10726,10725,1,-1
2020-05-05 15:09:52.222,10725,10726,10725,1,-1
2020-05-05 15:09:52.865,10724,10726,10726,1,1
2020-05-05 15:09:53.840,10725,10726,10725,1,-1
2020-05-05 15:09:58.860,10724,10726,10726,4,4
2020-05-05 15:09:58.862,10724,10726,10726,6,6
2020-05-05 15:09:58.862,10724,10726,10726,1,1
2020-05-05 15:09:58.862,10724,10726,10726,2,2
2020-05-05 15:09:58.862,10724,10726,10726,1,1
2020-05-05 15:09:58.862,10724,10726,10726,2,2
2020-05-05 15:09:58.862,10724,10726,10726,2,2
2020-05-05 15:10:01.782,10726,10728,10728,1,1
2020-05-05 15:10:03.476,10727,10728,10728,4,4
2020-05-05 15:10:05.302,10727,10728,10728,2,2
2020-05-05 15:10:06.656,10728,10729,10728,3,-3
2020-05-05 15:10:08.011,10728,10729,10729,1,1
2020-05-05 15:10:08.011,10728,10729,10729,1,1
2020-05-05 15:10:08.011,10728,10729,10729,2,2
2020-05-05 15:10:08.011,10728,10729,10729,3,3
2020-05-05 15:10:08.012,10728,10729,10729,1,1
2020-05-05 15:10:08.012,10728,10729,10729,2,2
2020-05-05 15:10:08.013,10728,10729,10729,16,16
2020-05-05 15:10:10.334,10729,10730,10729,2,-2
2020-05-05 15:10:11.000,10729,10730,10730,2,2
2020-05-05 15:10:11.001,10729,10730,10730,1,1
2020-05-05 15:10:11.001,10729,10730,10730,2,2
2020-05-05 15:10:11.001,10729,10730,10730,22,22
2020-05-05 15:10:11.198,10730,10731,10731,6,6
2020-05-05 15:10:11.275,10731,10732,10732,1,1
2020-05-05 15:10:11.446,10731,10732,10732,2,2
2020-05-05 15:10:11.837,10731,10732,10731,1,-1
2020-05-05 15:10:12.364,10731,10732,10731,2,-2
2020-05-05 15:10:12.757,10730,10731,10731,1,1
2020-05-05 15:10:13.488,10729,10731,10731,1,1
2020-05-05 15:10:13.785,10729,10731,10731,8,8
2020-05-05 15:10:13.948,10730,10732,10730,1,-1
2020-05-05 15:10:14.008,10729,10731,10729,1,-1
2020-05-05 15:10:14.677,10730,10731,10730,1,1
2020-05-05 15:10:15.064,10730,10731,10731,1,1
2020-05-05 15:10:17.211,10730,10731,10731,2,2
2020-05-05 15:10:18.125,10730,10731,10730,1,-1
2020-05-05 15:10:18.806,10730,10731,10730,2,-2
2020-05-05 15:10:18.808,10730,10731,10730,1,-1
2020-05-05 15:10:19.050,10729,10730,10730,2,2
2020-05-05 15:10:19.642,10729,10730,10729,2,-2
2020-05-05 15:10:19.643,10729,10730,10729,1,-1
2020-05-05 15:10:19.859,10728,10729,10728,1,-1
2020-05-05 15:10:20.013,10727,10729,10729,1,1
2020-05-05 15:10:21.869,10728,10729,10729,1,1
2020-05-05 15:10:22.886,10729,10730,10730,1,1
2020-05-05 15:10:24.007,10729,10730,10730,1,1
2020-05-05 15:10:28.782,10729,10730,10730,1,1
2020-05-05 15:10:28.838,10729,10730,10729,2,-2
2020-05-05 15:10:28.967,10727,10729,10727,1,-1
2020-05-05 15:10:29.329,10727,10729,10729,1,1
2020-05-05 15:10:29.627,10727,10729,10729,1,1
2020-05-05 15:10:30.118,10727,10729,10729,1,1
2020-05-05 15:10:32.688,10728,10729,10728,1,-1
2020-05-05 15:10:32.803,10727,10728,10727,3,-3
2020-05-05 15:10:32.866,10726,10728,10728,1,1
2020-05-05 15:10:34.376,10726,10727,10727,2,2
2020-05-05 15:10:34.825,10726,10728,10728,5,5
2020-05-05 15:10:35.795,10726,10728,10728,1,1
2020-05-05 15:10:38.912,10726,10727,10727,5,5
2020-05-05 15:10:45.443,10726,10728,10726,6,-6
2020-05-05 15:10:47.604,10725,10727,10727,1,1
2020-05-05 15:10:49.476,10725,10726,10725,2,-2
2020-05-05 15:10:50.892,10725,10726,10725,5,-5
2020-05-05 15:10:50.893,10725,10726,10724,2,-2
2020-05-05 15:10:50.996,10723,10725,10723,1,-1
2020-05-05 15:10:51.173,10723,10724,10723,7,-7
2020-05-05 15:10:51.173,10723,10724,10723,1,-1
2020-05-05 15:10:51.747,10722,10724,10724,1,1
2020-05-05 15:10:51.946,10722,10724,10722,1,-1
2020-05-05 15:10:55.420,10722,10723,10722,1,-1
2020-05-05 15:10:57.648,10721,10722,10722,1,1
2020-05-05 15:10:58.219,10722,10723,10722,1,-1
2020-05-05 15:11:00.151,10721,10723,10721,1,-1
2020-05-05 15:11:00.940,10722,10723,10722,1,1
2020-05-05 15:11:02.676,10723,10725,10723,1,1
2020-05-05 15:11:04.743,10723,10724,10724,1,1
2020-05-05 15:11:10.968,10722,10723,10722,1,-1
2020-05-05 15:11:10.969,10722,10723,10722,1,-1
2020-05-05 15:11:10.969,10722,10723,10722,2,-2
2020-05-05 15:11:10.969,10722,10723,10722,6,-6
2020-05-05 15:11:10.969,10722,10723,10722,4,-4
2020-05-05 15:11:16.822,10722,10724,10722,2,-2
2020-05-05 15:11:17.649,10722,10724,10722,1,-1
2020-05-05 15:11:23.929,10723,10724,10723,1,1
2020-05-05 15:11:24.180,10722,10723,10723,1,1
2020-05-05 15:11:25.169,10722,10723,10723,1,1
2020-05-05 15:11:25.808,10722,10723,10722,2,-2
2020-05-05 15:11:25.808,10722,10723,10722,2,-2
2020-05-05 15:11:25.809,10722,10723,10722,3,-3
2020-05-05 15:11:29.483,10721,10722,10721,1,-1
2020-05-05 15:11:42.411,10722,10723,10723,1,1
2020-05-05 15:11:42.796,10722,10723,10722,1,-1
2020-05-05 15:11:46.041,10722,10723,10723,2,2
2020-05-05 15:11:48.750,10723,10724,10724,7,7
2020-05-05 15:11:49.663,10724,10725,10725,1,1
2020-05-05 15:11:51.033,10723,10725,10725,2,2
2020-05-05 15:11:53.060,10723,10725,10723,2,-2
2020-05-05 15:11:59.904,10724,10725,10725,3,3
2020-05-05 15:12:00.797,10725,10726,10726,1,1
2020-05-05 15:12:00.983,10724,10726,10726,15,15
2020-05-05 15:12:00.989,10724,10726,10726,1,1
2020-05-05 15:12:01.000,10724,10726,10726,7,7
2020-05-05 15:12:01.013,10724,10726,10726,1,1
2020-05-05 15:12:01.128,10725,10726,10727,2,2
2020-05-05 15:12:05.628,10725,10726,10726,6,6
2020-05-05 15:12:05.628,10725,10726,10726,4,4
2020-05-05 15:12:05.628,10725,10726,10726,1,1
2020-05-05 15:12:06.650,10725,10726,10725,1,-1
2020-05-05 15:12:08.323,10725,10726,10726,1,1
2020-05-05 15:12:08.323,10725,10726,10726,1,1
2020-05-05 15:12:11.355,10725,10726,10726,2,2
2020-05-05 15:12:11.919,10726,10727,10727,2,2
2020-05-05 15:12:15.255,10727,10728,10727,3,-3
2020-05-05 15:12:15.358,10727,10728,10727,1,-1
2020-05-05 15:12:16.020,10727,10728,10727,1,-1
2020-05-05 15:12:17.983,10726,10727,10727,1,1
2020-05-05 15:12:20.398,10726,10727,10727,4,4
2020-05-05 15:12:21.373,10727,10728,10727,1,-1
2020-05-05 15:12:21.644,10726,10727,10726,4,-4
2020-05-05 15:12:25.353,10725,10726,10725,2,-2
2020-05-05 15:12:28.193,10725,10726,10725,4,-4
2020-05-05 15:12:28.193,10725,10726,10725,1,-1
2020-05-05 15:12:30.242,10724,10725,10724,2,-2
2020-05-05 15:12:30.242,10724,10725,10724,1,-1
2020-05-05 15:12:31.667,10723,10725,10725,1,1
2020-05-05 15:12:38.630,10724,10725,10724,1,-1
2020-05-05 15:12:43.132,10725,10726,10725,1,1
2020-05-05 15:12:51.405,10725,10726,10725,1,-1
2020-05-05 15:12:51.405,10725,10726,10725,1,-1
2020-05-05 15:12:56.478,10724,10726,10724,1,-1
2020-05-05 15:12:57.522,10724,10726,10725,1,1
2020-05-05 15:12:59.214,10724,10726,10724,2,-2
2020-05-05 15:13:02.648,10723,10725,10725,1,1
2020-05-05 15:13:02.771,10723,10725,10723,1,-1
2020-05-05 15:13:07.379,10723,10724,10723,1,-1
2020-05-05 15:13:08.722,10723,10724,10723,1,-1
2020-05-05 15:13:08.723,10723,10724,10723,2,-2
2020-05-05 15:13:08.723,10723,10724,10723,1,-1
2020-05-05 15:13:08.723,10723,10724,10723,1,-1
2020-05-05 15:13:08.723,10723,10724,10723,2,-2
2020-05-05 15:13:16.758,10722,10723,10723,1,1
2020-05-05 15:13:18.297,10722,10723,10722,1,-1
2020-05-05 15:13:18.535,10722,10723,10722,1,-1
2020-05-05 15:13:20.160,10722,10723,10723,9,9
2020-05-05 15:13:20.689,10723,10724,10724,5,5
2020-05-05 15:13:21.489,10724,10725,10724,1,-1
2020-05-05 15:13:23.213,10724,10725,10724,1,-1
2020-05-05 15:13:25.320,10724,10725,10725,3,3
2020-05-05 15:13:25.423,10725,10726,10725,2,-2
2020-05-05 15:13:27.384,10725,10726,10725,1,-1
2020-05-05 15:13:31.551,10725,10726,10726,2,2
2020-05-05 15:13:31.611,10725,10726,10726,1,1
2020-05-05 15:13:32.410,10725,10726,10726,1,1
2020-05-05 15:13:33.696,10725,10726,10726,1,1
2020-05-05 15:13:33.708,10725,10727,10727,2,2
2020-05-05 15:13:33.723,10725,10727,10727,1,1
2020-05-05 15:13:33.744,10725,10727,10727,1,1
2020-05-05 15:13:33.769,10725,10727,10727,1,1
2020-05-05 15:13:48.819,10726,10727,10727,4,4
2020-05-05 15:13:48.819,10726,10727,10728,1,1
2020-05-05 15:13:53.960,10726,10727,10726,4,-4
2020-05-05 15:14:01.984,10726,10727,10727,1,1
2020-05-05 15:14:02.592,10726,10727,10726,1,-1
2020-05-05 15:14:03.945,10725,10726,10726,4,4
2020-05-05 15:14:05.930,10726,10727,10727,2,2
2020-05-05 15:14:08.744,10726,10727,10726,1,-1
2020-05-05 15:14:08.909,10725,10726,10726,1,1
2020-05-05 15:14:18.587,10726,10727,10726,1,-1
2020-05-05 15:14:19.430,10726,10727,10727,1,1
2020-05-05 15:14:25.009,10726,10727,10727,5,5
2020-05-05 15:14:25.551,10726,10728,10727,3,-3
2020-05-05 15:14:29.024,10726,10727,10727,2,2
2020-05-05 15:14:29.821,10726,10727,10727,2,2
2020-05-05 15:14:34.543,10726,10728,10728,2,2
2020-05-05 15:14:44.492,10727,10728,10727,1,-1
2020-05-05 15:14:45.718,10727,10728,10728,1,1
2020-05-05 15:14:45.718,10727,10728,10728,4,4
2020-05-05 15:14:45.718,10727,10728,10728,3,3
2020-05-05 15:14:46.037,10728,10729,10729,3,3
2020-05-05 15:14:47.098,10728,10729,10729,1,1
2020-05-05 15:14:47.103,10728,10729,10729,1,1
2020-05-05 15:14:47.542,10729,10730,10730,1,1
2020-05-05 15:14:47.558,10729,10730,10730,2,2
2020-05-05 15:14:47.576,10729,10730,10730,1,1
2020-05-05 15:14:47.585,10729,10730,10730,2,2
2020-05-05 15:14:47.627,10729,10730,10730,1,1
2020-05-05 15:14:53.546,10729,10730,10730,1,1
2020-05-05 15:14:53.900,10729,10730,10730,3,3
2020-05-05 15:14:55.551,10729,10730,10729,7,-7
2020-05-05 15:14:56.498,10728,10729,10729,1,1
2020-05-05 15:14:56.900,10728,10729,10729,1,1
2020-05-05 15:15:02.134,10728,10729,10728,1,-1
2020-05-05 15:15:02.204,10728,10729,10728,1,-1
2020-05-05 15:15:05.274,10728,10729,10729,1,1
2020-05-05 15:15:05.343,10728,10729,10729,5,5
2020-05-05 15:15:05.343,10728,10729,10729,5,5
2020-05-05 15:15:06.109,10728,10730,10728,5,-5
2020-05-05 15:15:06.709,10728,10729,10729,1,1
2020-05-05 15:15:09.120,10728,10729,10729,4,4
2020-05-05 15:15:09.761,10729,10730,10730,1,1
2020-05-05 15:15:10.187,10729,10730,10730,1,1
2020-05-05 15:15:10.194,10729,10730,10730,1,1
2020-05-05 15:15:10.202,10729,10730,10730,1,1
2020-05-05 15:15:12.778,10729,10730,10729,4,-4
2020-05-05 15:15:12.886,10729,10730,10730,1,1
2020-05-05 15:15:14.339,10729,10730,10730,4,4
2020-05-05 15:15:14.339,10729,10730,10730,8,8
2020-05-05 15:15:14.371,10729,10730,10731,1,1
2020-05-05 15:15:14.405,10729,10730,10730,1,1
2020-05-05 15:15:15.709,10729,10731,10729,1,-1
2020-05-05 15:15:15.756,10729,10731,10729,1,-1
2020-05-05 15:15:16.953,10730,10731,10731,3,3
2020-05-05 15:15:18.938,10730,10731,10731,2,2
2020-05-05 15:15:19.796,10730,10731,10731,1,1
2020-05-05 15:15:20.501,10730,10731,10730,5,-5
2020-05-05 15:15:21.722,10730,10731,10730,1,-1
2020-05-05 15:15:21.723,10730,10731,10730,2,-2
2020-05-05 15:15:22.488,10728,10729,10729,1,1
2020-05-05 15:15:22.574,10728,10729,10730,1,1
2020-05-05 15:15:22.806,10728,10730,10728,1,-1
2020-05-05 15:15:24.855,10727,10729,10729,1,1
2020-05-05 15:15:24.966,10727,10729,10729,1,1
2020-05-05 15:15:27.444,10728,10729,10728,3,-3
2020-05-05 15:15:32.107,10727,10728,10727,3,-3
2020-05-05 15:15:34.041,10726,10728,10728,1,1
2020-05-05 15:15:37.162,10726,10727,10727,2,2
2020-05-05 15:15:40.160,10727,10728,10728,1,1
2020-05-05 15:15:40.973,10727,10728,10727,5,-5
2020-05-05 15:15:41.595,10727,10728,10727,1,-1
2020-05-05 15:15:42.063,10727,10728,10727,1,-1
2020-05-05 15:15:46.132,10727,10728,10728,4,4
2020-05-05 15:15:50.192,10727,10729,10729,1,1
2020-05-05 15:15:54.312,10727,10728,10727,2,-2
2020-05-05 15:15:54.356,10726,10727,10726,4,-4
2020-05-05 15:16:00.451,10726,10727,10726,4,-4
2020-05-05 15:16:03.303,10725,10726,10726,1,1
2020-05-05 15:16:03.448,10725,10726,10726,2,2
2020-05-05 15:16:04.068,10726,10727,10727,4,4
2020-05-05 15:16:09.190,10727,10728,10728,2,2
2020-05-05 15:16:12.642,10728,10729,10728,1,-1
2020-05-05 15:16:14.707,10728,10729,10728,5,-5
2020-05-05 15:16:15.042,10728,10729,10729,2,2
2020-05-05 15:16:15.178,10728,10730,10730,1,1
2020-05-05 15:16:18.376,10728,10730,10730,3,3
2020-05-05 15:16:18.672,10728,10730,10728,1,-1
2020-05-05 15:16:19.430,10728,10730,10728,1,-1
2020-05-05 15:16:20.156,10728,10729,10729,1,1
2020-05-05 15:16:25.070,10728,10729,10728,1,-1
2020-05-05 15:16:27.536,10728,10729,10728,1,-1
2020-05-05 15:16:32.825,10728,10729,10728,3,-3
2020-05-05 15:16:33.539,10727,10728,10728,2,2
2020-05-05 15:16:50.246,10728,10729,10729,1,1
2020-05-05 15:16:50.247,10728,10729,10729,8,8
2020-05-05 15:16:50.861,10728,10730,10728,1,-1
2020-05-05 15:16:58.205,10728,10729,10728,6,-6
2020-05-05 15:16:58.205,10728,10729,10728,1,-1
2020-05-05 15:16:58.205,10728,10729,10728,1,-1
2020-05-05 15:17:03.437,10728,10729,10728,1,-1
2020-05-05 15:17:12.424,10727,10728,10727,2,-2
2020-05-05 15:17:12.930,10726,10728,10728,5,5
2020-05-05 15:17:13.855,10727,10728,10728,1,1
2020-05-05 15:17:17.293,10727,10728,10727,1,-1
2020-05-05 15:17:24.722,10727,10728,10727,1,-1
2020-05-05 15:17:26.271,10726,10727,10727,1,1
2020-05-05 15:17:26.566,10727,10728,10728,1,1
2020-05-05 15:17:37.027,10727,10728,10728,1,1
2020-05-05 15:17:42.835,10727,10728,10728,1,1
2020-05-05 15:17:48.885,10728,10729,10728,5,-5
2020-05-05 15:18:05.441,10727,10728,10728,1,1
2020-05-05 15:18:15.420,10727,10728,10728,2,2
2020-05-05 15:18:15.736,10727,10728,10728,1,1
2020-05-05 15:18:18.940,10727,10728,10727,1,-1
2020-05-05 15:18:20.275,10727,10728,10728,4,4
2020-05-05 15:18:21.834,10727,10728,10728,1,1
2020-05-05 15:18:28.057,10727,10728,10728,1,1
2020-05-05 15:18:43.646,10727,10728,10728,2,2
2020-05-05 15:18:48.198,10727,10728,10728,1,1
2020-05-05 15:18:52.917,10727,10728,10727,3,-3
2020-05-05 15:18:52.917,10727,10728,10727,6,-6
2020-05-05 15:18:57.795,10726,10727,10726,1,-1
2020-05-05 15:18:57.796,10726,10727,10726,5,-5
2020-05-05 15:18:57.796,10726,10727,10726,1,-1
2020-05-05 15:18:58.063,10725,10726,10726,1,1
2020-05-05 15:19:02.362,10725,10726,10725,10,-10
2020-05-05 15:19:03.405,10725,10726,10726,1,1
2020-05-05 15:19:09.924,10725,10726,10726,1,1
2020-05-05 15:19:10.488,10725,10726,10725,2,-2
2020-05-05 15:19:10.489,10725,10726,10725,1,-1
2020-05-05 15:19:10.489,10725,10726,10725,5,-5
2020-05-05 15:19:10.489,10725,10726,10725,4,-4
2020-05-05 15:19:10.489,10725,10726,10725,1,-1
2020-05-05 15:19:10.489,10725,10726,10725,5,-5
2020-05-05 15:19:11.143,10724,10725,10725,1,1
2020-05-05 15:19:11.857,10724,10725,10724,1,-1
2020-05-05 15:19:12.032,10724,10725,10724,2,-2
2020-05-05 15:19:12.741,10724,10725,10724,1,-1
2020-05-05 15:19:13.244,10724,10725,10724,1,-1
2020-05-05 15:19:16.487,10724,10725,10724,1,-1
2020-05-05 15:19:18.054,10723,10724,10724,1,1
2020-05-05 15:19:19.702,10723,10724,10724,1,1
2020-05-05 15:19:25.510,10724,10725,10724,1,-1
2020-05-05 15:19:26.590,10724,10725,10725,2,2
2020-05-05 15:19:27.007,10724,10725,10725,1,1
2020-05-05 15:19:27.039,10724,10725,10725,1,1
2020-05-05 15:19:27.111,10725,10726,10726,1,1
2020-05-05 15:19:41.443,10724,10725,10725,1,1
2020-05-05 15:19:44.052,10725,10726,10726,3,3
2020-05-05 15:19:45.683,10726,10727,10727,5,5
2020-05-05 15:19:46.987,10727,10728,10728,2,2
2020-05-05 15:19:47.952,10727,10728,10728,1,1
2020-05-05 15:19:47.965,10727,10728,10728,1,1
2020-05-05 15:19:50.934,10728,10729,10728,2,-2
2020-05-05 15:19:52.306,10728,10729,10728,5,-5
2020-05-05 15:19:56.796,10728,10729,10729,6,6
2020-05-05 15:19:57.662,10729,10730,10729,5,-5
2020-05-05 15:19:59.827,10729,10730,10729,1,-1
2020-05-05 15:20:00.962,10729,10730,10730,1,1
2020-05-05 15:20:02.510,10729,10730,10729,1,-1
2020-05-05 15:20:02.744,10729,10730,10730,1,1
2020-05-05 15:20:02.785,10729,10730,10730,5,5
2020-05-05 15:20:02.827,10729,10730,10730,1,1
2020-05-05 15:20:02.881,10729,10730,10729,1,-1
2020-05-05 15:20:03.189,10729,10731,10729,1,-1
2020-05-05 15:20:05.242,10729,10730,10730,1,1
2020-05-05 15:20:06.088,10729,10731,10729,1,-1
2020-05-05 15:20:08.179,10730,10731,10730,1,1
2020-05-05 15:20:08.347,10730,10731,10730,2,-2
2020-05-05 15:20:10.156,10730,10731,10730,1,-1
2020-05-05 15:20:10.409,10729,10731,10729,1,-1
2020-05-05 15:20:14.185,10729,10730,10730,4,4
2020-05-05 15:20:14.186,10729,10730,10730,3,3
2020-05-05 15:20:14.186,10729,10730,10730,2,2
2020-05-05 15:20:24.278,10729,10730,10729,1,-1
2020-05-05 15:20:33.562,10728,10729,10729,1,1
2020-05-05 15:20:50.556,10728,10729,10728,1,-1
2020-05-05 15:20:50.689,10728,10729,10728,1,-1
2020-05-05 15:20:53.804,10727,10728,10727,1,-1
2020-05-05 15:20:53.891,10726,10728,10726,2,-2
2020-05-05 15:21:05.111,10727,10728,10728,1,1
2020-05-05 15:21:05.197,10727,10728,10729,3,3
2020-05-05 15:21:05.676,10728,10730,10730,5,5
2020-05-05 15:21:18.980,10729,10730,10729,1,-1
2020-05-05 15:21:21.385,10729,10730,10729,1,-1
2020-05-05 15:21:21.804,10729,10730,10729,6,-6
2020-05-05 15:21:29.036,10728,10729,10729,2,2
2020-05-05 15:21:39.375,10729,10730,10730,1,1
2020-05-05 15:21:39.376,10729,10730,10730,7,7
2020-05-05 15:21:39.376,10729,10730,10730,2,2
2020-05-05 15:21:40.461,10730,10731,10730,1,-1
2020-05-05 15:21:41.535,10730,10731,10730,1,-1
2020-05-05 15:21:41.614,10730,10731,10731,9,9
2020-05-05 15:21:41.615,10730,10731,10731,1,1
2020-05-05 15:21:41.615,10730,10731,10731,1,1
2020-05-05 15:21:41.615,10730,10731,10731,1,1
2020-05-05 15:21:41.615,10730,10731,10731,3,3
2020-05-05 15:21:41.615,10730,10731,10731,1,1
2020-05-05 15:21:41.615,10730,10731,10731,7,7
2020-05-05 15:21:41.615,10730,10731,10731,6,6
2020-05-05 15:21:41.919,10731,10732,10732,6,6
2020-05-05 15:21:41.920,10731,10732,10732,5,5
2020-05-05 15:21:43.379,10732,10733,10732,1,-1
2020-05-05 15:21:44.474,10731,10733,10731,1,-1
2020-05-05 15:21:48.237,10732,10733,10732,1,1
2020-05-05 15:21:53.728,10732,10733,10733,2,2
2020-05-05 15:21:53.734,10732,10733,10733,2,2
2020-05-05 15:21:55.179,10732,10733,10732,1,-1
2020-05-05 15:21:55.224,10731,10732,10732,1,1
2020-05-05 15:21:58.281,10731,10732,10732,1,1
2020-05-05 15:21:58.450,10731,10732,10731,2,-2
2020-05-05 15:22:00.629,10730,10731,10730,6,-6
2020-05-05 15:22:00.791,10729,10730,10730,1,1
2020-05-05 15:22:01.316,10728,10730,10730,1,1
2020-05-05 15:22:02.419,10728,10729,10729,6,6
2020-05-05 15:22:06.111,10729,10730,10730,2,2
2020-05-05 15:22:15.922,10729,10730,10730,7,7
2020-05-05 15:22:16.093,10730,10731,10731,2,2
2020-05-05 15:22:16.100,10730,10731,10731,1,1
2020-05-05 15:22:17.237,10731,10732,10731,6,-6
2020-05-05 15:22:26.848,10729,10730,10730,1,1
2020-05-05 15:22:27.457,10730,10731,10731,2,2
2020-05-05 15:22:27.610,10730,10731,10731,1,1
2020-05-05 15:22:30.502,10730,10731,10730,1,-1
2020-05-05 15:22:36.648,10730,10731,10730,1,-1
2020-05-05 15:22:37.293,10730,10731,10730,1,-1
2020-05-05 15:22:37.467,10730,10731,10730,9,-9
2020-05-05 15:22:38.705,10729,10730,10730,1,1
2020-05-05 15:22:43.421,10729,10731,10731,1,1
2020-05-05 15:22:50.548,10729,10731,10729,12,-12
2020-05-05 15:22:54.890,10728,10729,10729,5,5
2020-05-05 15:22:57.094,10728,10729,10728,3,-3
2020-05-05 15:22:57.095,10728,10729,10728,5,-5
2020-05-05 15:23:02.206,10727,10728,10728,5,5
2020-05-05 15:23:04.085,10727,10728,10728,1,1
2020-05-05 15:23:04.085,10727,10728,10729,2,2
2020-05-05 15:23:07.034,10728,10729,10728,1,-1
2020-05-05 15:23:10.012,10727,10728,10727,3,-3
2020-05-05 15:23:10.012,10727,10728,10727,1,-1
2020-05-05 15:23:12.753,10726,10727,10727,1,1
2020-05-05 15:23:15.210,10726,10728,10726,1,-1
2020-05-05 15:23:20.601,10726,10727,10726,12,-12
2020-05-05 15:23:21.112,10725,10726,10726,1,1
2020-05-05 15:23:21.991,10725,10726,10726,1,1
2020-05-05 15:23:25.198,10725,10726,10725,14,-14
2020-05-05 15:23:28.594,10724,10726,10725,1,-1
2020-05-05 15:23:29.454,10724,10725,10725,1,1
2020-05-05 15:23:30.176,10724,10725,10725,2,2
2020-05-05 15:23:30.500,10725,10726,10725,1,-1
2020-05-05 15:23:36.514,10725,10726,10726,1,1
2020-05-05 15:23:52.487,10727,10728,10728,2,2
2020-05-05 15:24:02.428,10727,10728,10728,1,1
2020-05-05 15:24:02.535,10727,10728,10727,1,-1
2020-05-05 15:24:16.670,10727,10728,10728,3,3
2020-05-05 15:24:24.510,10727,10728,10727,1,-1
2020-05-05 15:24:28.338,10727,10728,10727,1,-1
2020-05-05 15:24:31.983,10726,10728,10726,1,-1
2020-05-05 15:24:55.770,10727,10728,10728,2,2
2020-05-05 15:25:08.631,10727,10728,10728,4,4
2020-05-05 15:25:09.625,10728,10729,10730,5,5
2020-05-05 15:25:09.731,10728,10730,10730,5,5
2020-05-05 15:25:19.771,10729,10730,10729,2,-2
2020-05-05 15:25:20.520,10727,10729,10727,2,-2
2020-05-05 15:25:23.022,10728,10729,10729,1,1
2020-05-05 15:25:24.920,10728,10729,10728,1,-1
2020-05-05 15:25:28.993,10726,10728,10728,1,1
2020-05-05 15:25:32.647,10727,10728,10727,1,-1
2020-05-05 15:25:33.189,10727,10728,10728,1,1
2020-05-05 15:25:33.196,10727,10728,10728,1,1
2020-05-05 15:25:33.323,10728,10729,10729,1,1
2020-05-05 15:25:51.560,10726,10727,10726,6,-6
2020-05-05 15:25:51.561,10726,10727,10726,5,-5
2020-05-05 15:25:52.250,10725,10726,10726,1,1
2020-05-05 15:25:59.731,10726,10728,10726,1,-1
2020-05-05 15:26:05.493,10726,10727,10726,5,-5
2020-05-05 15:26:05.959,10726,10727,10726,1,-1
2020-05-05 15:26:07.075,10726,10727,10726,1,-1
2020-05-05 15:26:07.119,10726,10727,10727,1,1
2020-05-05 15:26:31.982,10726,10727,10726,1,-1
2020-05-05 15:26:32.274,10726,10727,10727,6,6
2020-05-05 15:26:42.464,10727,10728,10727,1,-1
2020-05-05 15:26:54.947,10726,10727,10727,2,2
2020-05-05 15:26:54.947,10726,10727,10727,2,2
2020-05-05 15:27:02.435,10727,10728,10728,3,3
2020-05-05 15:27:05.291,10728,10729,10728,1,-1
2020-05-05 15:27:11.079,10727,10728,10728,1,1
2020-05-05 15:27:11.606,10728,10729,10728,1,-1
2020-05-05 15:27:18.927,10728,10729,10728,1,-1
2020-05-05 15:27:19.981,10728,10729,10728,2,-2
2020-05-05 15:27:37.076,10728,10729,10729,3,3
2020-05-05 15:27:41.000,10729,10730,10729,1,-1
2020-05-05 15:27:51.352,10729,10730,10730,2,2
2020-05-05 15:27:51.473,10729,10730,10730,2,2
2020-05-05 15:27:53.107,10729,10730,10730,3,3
2020-05-05 15:27:55.220,10730,10731,10730,8,-8
2020-05-05 15:27:58.245,10729,10730,10730,1,1
2020-05-05 15:27:59.187,10729,10730,10729,1,-1
2020-05-05 15:27:59.216,10729,10730,10729,1,-1
2020-05-05 15:27:59.217,10729,10730,10729,3,-3
2020-05-05 15:28:00.931,10728,10729,10728,1,-1
2020-05-05 15:28:01.404,10728,10729,10728,1,-1
2020-05-05 15:28:01.419,10728,10729,10728,1,-1
2020-05-05 15:28:01.419,10728,10729,10728,1,-1
2020-05-05 15:28:01.419,10728,10729,10728,2,-2
2020-05-05 15:28:01.744,10726,10728,10728,2,2
2020-05-05 15:28:16.747,10727,10728,10728,4,4
2020-05-05 15:28:16.747,10727,10728,10728,1,1
2020-05-05 15:28:25.666,10728,10729,10729,1,1
2020-05-05 15:28:29.825,10729,10730,10729,1,-1
2020-05-05 15:28:31.015,10729,10730,10730,2,2
2020-05-05 15:28:31.016,10729,10730,10730,3,3
2020-05-05 15:28:36.900,10730,10731,10731,2,2
2020-05-05 15:28:36.995,10730,10731,10731,1,1
2020-05-05 15:28:37.105,10730,10731,10731,1,1
2020-05-05 15:28:40.937,10730,10731,10731,1,1
2020-05-05 15:28:41.664,10730,10731,10731,2,2
2020-05-05 15:28:46.543,10730,10731,10730,2,-2
2020-05-05 15:29:02.207,10730,10731,10730,4,-4
2020-05-05 15:29:05.825,10730,10731,10730,2,-2
2020-05-05 15:29:18.884,10729,10730,10730,1,1
2020-05-05 15:29:29.898,10729,10730,10730,1,1
2020-05-05 15:29:33.026,10729,10730,10730,1,1
2020-05-05 15:29:33.026,10729,10730,10730,3,3
2020-05-05 15:29:33.026,10729,10730,10730,1,1
2020-05-05 15:29:33.439,10730,10731,10730,1,-1
2020-05-05 15:29:36.869,10730,10731,10730,2,-2
2020-05-05 15:29:39.631,10730,10731,10730,1,-1
2020-05-05 15:29:43.821,10730,10731,10731,2,2
2020-05-05 15:29:45.208,10730,10731,10730,1,-1
2020-05-05 15:29:52.074,10730,10731,10731,5,5
2020-05-05 15:29:52.077,10730,10731,10731,5,5
2020-05-05 15:29:53.780,10730,10732,10730,1,-1
2020-05-05 15:29:59.233,10730,10731,10731,2,2
2020-05-05 15:29:59.865,10731,10732,10732,10,10
2020-05-05 15:29:59.865,10731,10732,10732,5,5
2020-05-05 15:29:59.865,10731,10732,10732,1,1
2020-05-05 15:30:01.040,10732,10733,10732,1,-1
2020-05-05 15:30:01.077,10732,10733,10732,2,-2
2020-05-05 15:30:01.771,10732,10733,10733,1,1
2020-05-05 15:30:01.829,10732,10733,10733,4,4
2020-05-05 15:30:05.123,10732,10733,10732,3,-3
2020-05-05 15:30:05.123,10732,10733,10732,1,-1
2020-05-05 15:30:06.356,10732,10733,10732,1,-1
2020-05-05 15:30:12.100,10732,10733,10732,3,-3
2020-05-05 15:30:12.347,10732,10733,10732,1,-1
2020-05-05 15:30:13.560,10731,10732,10732,1,1
2020-05-05 15:30:14.733,10732,10733,10732,2,-2
2020-05-05 15:30:15.371,10732,10733,10733,1,1
2020-05-05 15:30:15.371,10732,10733,10733,1,1
2020-05-05 15:30:15.372,10732,10733,10733,4,4
2020-05-05 15:30:15.372,10732,10733,10733,5,5
2020-05-05 15:30:15.372,10732,10733,10733,5,5
2020-05-05 15:30:15.372,10732,10733,10733,2,2
2020-05-05 15:30:15.372,10732,10733,10733,4,4
2020-05-05 15:30:15.772,10733,10734,10734,6,6
2020-05-05 15:30:15.972,10734,10735,10735,1,1
2020-05-05 15:30:16.003,10734,10735,10735,2,2
2020-05-05 15:30:16.013,10734,10735,10735,1,1
2020-05-05 15:30:16.018,10734,10735,10735,1,1
2020-05-05 15:30:16.023,10734,10735,10735,1,1
2020-05-05 15:30:16.025,10734,10735,10735,9,9
2020-05-05 15:30:16.025,10734,10735,10735,3,3
2020-05-05 15:30:16.025,10734,10735,10735,1,1
2020-05-05 15:30:16.025,10734,10735,10735,2,2
2020-05-05 15:30:16.025,10734,10735,10735,12,12
2020-05-05 15:30:16.175,10735,10736,10736,1,1
2020-05-05 15:30:16.199,10735,10736,10736,1,1
2020-05-05 15:30:16.206,10735,10736,10736,12,12
2020-05-05 15:30:16.206,10735,10736,10737,3,3
2020-05-05 15:30:16.206,10735,10736,10737,21,21
2020-05-05 15:30:16.209,10735,10736,10738,3,3
2020-05-05 15:30:16.209,10735,10736,10738,6,6
2020-05-05 15:30:16.209,10735,10736,10738,4,4
2020-05-05 15:30:16.211,10735,10736,10738,1,1
2020-05-05 15:30:16.212,10735,10736,10738,8,8
2020-05-05 15:30:16.222,10735,10736,10738,5,5
2020-05-05 15:30:16.250,10735,10736,10739,3,3
2020-05-05 15:30:16.250,10735,10736,10739,3,3
2020-05-05 15:30:16.250,10735,10736,10739,1,1
2020-05-05 15:30:16.264,10735,10736,10739,2,2
2020-05-05 15:30:16.356,10738,10739,10739,11,11
2020-05-05 15:30:16.356,10738,10739,10740,4,4
2020-05-05 15:30:16.413,10738,10739,10740,2,2
2020-05-05 15:30:16.413,10738,10739,10740,4,4
2020-05-05 15:30:16.413,10738,10739,10740,2,2
2020-05-05 15:30:16.413,10738,10739,10740,2,2
2020-05-05 15:30:16.414,10738,10739,10740,1,1
2020-05-05 15:30:16.414,10738,10739,10740,5,5
2020-05-05 15:30:16.414,10738,10739,10740,4,4
2020-05-05 15:30:16.414,10738,10739,10740,2,2
2020-05-05 15:30:16.429,10738,10739,10740,1,1
2020-05-05 15:30:16.452,10739,10740,10740,1,1
2020-05-05 15:30:16.619,10739,10741,10741,1,1
2020-05-05 15:30:16.684,10739,10741,10741,1,1
2020-05-05 15:30:16.745,10739,10741,10741,1,1
2020-05-05 15:30:16.745,10739,10741,10741,1,1
2020-05-05 15:30:16.888,10740,10742,10742,1,1
2020-05-05 15:30:16.894,10740,10742,10742,1,1
2020-05-05 15:30:17.004,10740,10742,10742,3,3
2020-05-05 15:30:17.030,10740,10742,10741,1,-1
2020-05-05 15:30:17.032,10740,10742,10742,2,2
2020-05-05 15:30:17.035,10740,10742,10741,1,-1
2020-05-05 15:30:17.035,10740,10742,10741,1,-1
2020-05-05 15:30:17.035,10740,10742,10741,1,-1
2020-05-05 15:30:17.038,10740,10742,10742,1,1
2020-05-05 15:30:17.039,10740,10742,10742,1,1
2020-05-05 15:30:17.041,10740,10742,10742,3,3
2020-05-05 15:30:17.041,10740,10742,10742,2,2
2020-05-05 15:30:17.043,10740,10742,10742,3,3
2020-05-05 15:30:17.045,10740,10742,10742,1,1
2020-05-05 15:30:17.080,10741,10742,10742,3,3
2020-05-05 15:30:17.085,10741,10742,10742,1,1
2020-05-05 15:30:17.106,10741,10742,10742,2,2
2020-05-05 15:30:17.186,10741,10742,10742,2,2
2020-05-05 15:30:17.274,10741,10742,10741,1,-1
2020-05-05 15:30:17.430,10740,10742,10740,9,-9
2020-05-05 15:30:17.458,10739,10740,10740,1,1
2020-05-05 15:30:17.587,10739,10740,10740,2,2
2020-05-05 15:30:17.618,10739,10740,10739,2,-2
2020-05-05 15:30:17.671,10739,10740,10740,6,6
2020-05-05 15:30:17.860,10739,10740,10739,3,-3
2020-05-05 15:30:17.860,10739,10740,10739,1,-1
2020-05-05 15:30:17.860,10739,10740,10739,1,-1
2020-05-05 15:30:17.861,10739,10740,10739,8,-8
2020-05-05 15:30:18.069,10738,10739,10738,2,-2
2020-05-05 15:30:18.069,10738,10739,10738,1,-1
2020-05-05 15:30:18.070,10738,10739,10738,1,-1
2020-05-05 15:30:18.282,10737,10739,10739,2,2
2020-05-05 15:30:18.585,10737,10739,10739,1,1
2020-05-05 15:30:19.558,10737,10738,10737,1,-1
2020-05-05 15:30:20.988,10737,10738,10738,6,6
2020-05-05 15:30:23.368,10738,10739,10738,1,-1
2020-05-05 15:30:23.574,10738,10739,10739,1,1
2020-05-05 15:30:24.327,10738,10739,10739,1,1
2020-05-05 15:30:24.328,10738,10739,10739,2,2
2020-05-05 15:30:24.370,10738,10739,10738,1,-1
2020-05-05 15:30:24.706,10738,10739,10738,1,-1
2020-05-05 15:30:25.074,10738,10739,10739,2,2
2020-05-05 15:30:25.164,10738,10739,10739,1,1
2020-05-05 15:30:25.358,10739,10740,10739,1,-1
2020-05-05 15:30:25.372,10739,10740,10740,1,1
2020-05-05 15:30:25.853,10738,10739,10739,1,1
2020-05-05 15:30:26.216,10738,10739,10739,1,1
2020-05-05 15:30:26.406,10738,10739,10739,3,3
2020-05-05 15:30:28.161,10738,10739,10739,1,1
2020-05-05 15:30:28.440,10738,10739,10739,5,5
2020-05-05 15:30:28.440,10738,10739,10740,17,17
2020-05-05 15:30:29.430,10739,10740,10739,1,-1
2020-05-05 15:30:29.523,10739,10740,10739,1,-1
2020-05-05 15:30:29.652,10739,10740,10740,1,1
2020-05-05 15:30:29.868,10739,10740,10740,1,1
2020-05-05 15:30:30.260,10739,10740,10740,2,2
2020-05-05 15:30:31.213,10739,10740,10740,1,1
2020-05-05 15:30:31.213,10739,10740,10740,1,1
2020-05-05 15:30:31.213,10739,10740,10740,1,1
2020-05-05 15:30:32.802,10739,10741,10741,21,21
2020-05-05 15:30:32.802,10739,10741,10742,4,4
2020-05-05 15:30:33.077,10740,10741,10740,1,-1
2020-05-05 15:30:34.019,10740,10741,10740,1,-1
2020-05-05 15:30:34.038,10740,10741,10740,2,-2
2020-05-05 15:30:34.205,10739,10740,10740,1,1
2020-05-05 15:30:34.222,10739,10740,10740,3,3
2020-05-05 15:30:34.517,10740,10741,10741,10,10
2020-05-05 15:30:34.746,10740,10741,10741,1,1
2020-05-05 15:30:34.991,10740,10741,10740,1,-1
2020-05-05 15:30:35.224,10740,10741,10741,1,1
2020-05-05 15:30:35.658,10740,10741,10741,4,4
2020-05-05 15:30:36.670,10740,10741,10740,1,-1
2020-05-05 15:30:36.947,10740,10741,10741,2,2
2020-05-05 15:30:37.110,10740,10741,10740,3,-3
2020-05-05 15:30:38.452,10740,10741,10741,2,2
2020-05-05 15:30:39.077,10740,10741,10741,2,2
2020-05-05 15:30:40.136,10740,10742,10742,5,5
2020-05-05 15:30:41.090,10740,10742,10742,1,1
2020-05-05 15:30:41.377,10740,10742,10742,1,1
2020-05-05 15:30:44.189,10740,10741,10741,1,1
2020-05-05 15:30:46.587,10740,10741,10741,2,2
2020-05-05 15:30:46.867,10740,10741,10740,6,-6
2020-05-05 15:30:46.867,10740,10741,10740,3,-3
2020-05-05 15:30:46.867,10740,10741,10740,1,-1
2020-05-05 15:30:46.867,10740,10741,10740,5,-5
2020-05-05 15:30:46.867,10740,10741,10740,2,-2
2020-05-05 15:30:46.867,10740,10741,10740,1,-1
2020-05-05 15:30:46.867,10740,10741,10740,9,-9
2020-05-05 15:30:46.869,10740,10741,10739,1,-1
2020-05-05 15:30:47.811,10739,10740,10740,1,1
2020-05-05 15:30:48.089,10739,10740,10740,1,1
2020-05-05 15:30:49.846,10739,10740,10740,1,1
2020-05-05 15:30:49.846,10739,10740,10741,1,1
2020-05-05 15:30:51.462,10739,10741,10739,4,-4
2020-05-05 15:30:53.259,10740,10741,10741,2,2
2020-05-05 15:30:53.503,10740,10741,10740,1,-1
2020-05-05 15:30:54.222,10740,10741,10740,1,-1
2020-05-05 15:30:54.249,10740,10741,10740,1,-1
2020-05-05 15:30:54.438,10739,10740,10740,2,2
2020-05-05 15:30:55.307,10739,10740,10740,1,1
2020-05-05 15:30:57.506,10739,10740,10739,1,-1
2020-05-05 15:30:57.656,10739,10740,10739,2,-2
2020-05-05 15:30:57.739,10739,10740,10739,1,-1
2020-05-05 15:30:57.739,10739,10740,10738,2,-2
2020-05-05 15:30:57.894,10738,10739,10738,1,-1
2020-05-05 15:30:58.246,10738,10739,10739,1,1
2020-05-05 15:30:58.685,10738,10739,10739,2,2
2020-05-05 15:30:59.063,10738,10739,10739,1,1
2020-05-05 15:31:00.321,10738,10739,10739,2,2
2020-05-05 15:31:00.825,10738,10739,10739,1,1
2020-05-05 15:31:03.273,10738,10739,10738,9,-9
2020-05-05 15:31:04.251,10737,10738,10738,2,2
2020-05-05 15:31:04.337,10737,10738,10738,2,2
2020-05-05 15:31:04.338,10737,10738,10738,2,2
2020-05-05 15:31:04.338,10737,10738,10739,2,2
2020-05-05 15:31:04.339,10737,10738,10739,1,1
2020-05-05 15:31:04.342,10737,10738,10739,1,1
2020-05-05 15:31:04.344,10737,10738,10739,4,4
2020-05-05 15:31:04.348,10737,10738,10739,2,2
2020-05-05 15:31:04.350,10737,10738,10739,1,1
2020-05-05 15:31:04.350,10737,10738,10740,1,1
2020-05-05 15:31:04.352,10737,10738,10740,1,1
2020-05-05 15:31:04.353,10737,10738,10740,1,1
2020-05-05 15:31:04.354,10737,10738,10740,12,12
2020-05-05 15:31:04.355,10737,10738,10740,1,1
2020-05-05 15:31:04.360,10737,10738,10740,3,3
2020-05-05 15:31:04.363,10737,10738,10740,1,1
2020-05-05 15:31:04.363,10737,10738,10740,18,18
2020-05-05 15:31:04.364,10737,10738,10740,2,2
2020-05-05 15:31:04.364,10737,10738,10740,10,10
2020-05-05 15:31:04.364,10737,10738,10740,2,2
2020-05-05 15:31:04.364,10737,10738,10740,5,5
2020-05-05 15:31:04.364,10737,10738,10740,1,1
2020-05-05 15:31:04.364,10737,10738,10740,1,1
2020-05-05 15:31:04.364,10737,10738,10740,1,1
2020-05-05 15:31:04.371,10737,10738,10740,1,1
2020-05-05 15:31:04.379,10737,10738,10740,4,4
2020-05-05 15:31:04.381,10737,10738,10740,1,1
2020-05-05 15:31:04.387,10737,10738,10740,3,3
2020-05-05 15:31:04.387,10737,10738,10740,1,1
2020-05-05 15:31:04.388,10737,10738,10740,2,2
2020-05-05 15:31:04.388,10737,10738,10740,10,10
2020-05-05 15:31:04.389,10737,10738,10740,1,1
2020-05-05 15:31:05.880,10739,10740,10740,1,1
2020-05-05 15:31:06.912,10738,10740,10740,3,3
2020-05-05 15:31:08.356,10739,10740,10740,1,1
2020-05-05 15:31:08.636,10739,10741,10741,1,1
2020-05-05 15:31:08.981,10740,10741,10740,1,-1
2020-05-05 15:31:10.281,10739,10740,10740,1,1
2020-05-05 15:31:10.281,10739,10740,10740,1,1
2020-05-05 15:31:11.075,10740,10741,10741,1,1
2020-05-05 15:31:11.839,10739,10740,10740,1,1
2020-05-05 15:31:12.084,10739,10740,10740,1,1
2020-05-05 15:31:12.241,10739,10741,10741,1,1
2020-05-05 15:31:12.451,10739,10741,10739,2,-2
2020-05-05 15:31:14.139,10739,10740,10740,1,1
2020-05-05 15:31:15.164,10739,10740,10740,1,1
2020-05-05 15:31:15.557,10739,10740,10740,1,1
2020-05-05 15:31:18.343,10739,10740,10740,1,1
2020-05-05 15:31:18.862,10739,10740,10739,2,-2
2020-05-05 15:31:19.567,10739,10740,10740,3,3
2020-05-05 15:31:20.235,10740,10741,10740,1,-1
2020-05-05 15:31:22.426,10740,10741,10741,3,3
2020-05-05 15:31:23.453,10740,10741,10740,1,-1
2020-05-05 15:31:24.795,10740,10741,10741,3,3
2020-05-05 15:31:24.805,10740,10741,10741,4,4
2020-05-05 15:31:24.805,10740,10741,10742,3,3
2020-05-05 15:31:25.330,10741,10742,10742,1,1
2020-05-05 15:31:25.452,10741,10742,10742,3,3
2020-05-05 15:31:28.443,10741,10742,10741,1,-1
2020-05-05 15:31:28.773,10740,10742,10740,1,-1
2020-05-05 15:31:30.260,10740,10741,10740,1,-1
2020-05-05 15:31:34.556,10740,10741,10741,3,3
2020-05-05 15:31:35.418,10741,10742,10741,5,-5
2020-05-05 15:31:36.823,10740,10742,10742,1,1
2020-05-05 15:31:37.644,10740,10742,10742,1,1
2020-05-05 15:31:42.958,10741,10742,10741,2,-2
2020-05-05 15:31:43.700,10740,10741,10741,1,1
2020-05-05 15:31:45.713,10740,10742,10742,1,1
2020-05-05 15:31:48.976,10741,10742,10742,1,1
2020-05-05 15:31:49.003,10741,10742,10741,1,-1
2020-05-05 15:31:50.739,10740,10742,10740,1,-1
2020-05-05 15:31:54.936,10740,10742,10740,1,-1
2020-05-05 15:31:57.950,10740,10741,10740,1,-1
2020-05-05 15:31:58.779,10740,10741,10741,1,1
2020-05-05 15:32:00.452,10740,10741,10741,1,1
2020-05-05 15:32:01.077,10740,10741,10741,1,1
2020-05-05 15:32:01.712,10741,10742,10741,1,-1
2020-05-05 15:32:02.080,10740,10741,10741,1,1
2020-05-05 15:32:03.239,10741,10742,10741,2,-2
2020-05-05 15:32:04.540,10741,10742,10742,1,1
2020-05-05 15:32:04.717,10741,10742,10741,1,-1
2020-05-05 15:32:05.040,10741,10742,10741,1,-1
2020-05-05 15:32:06.235,10741,10742,10741,1,-1
2020-05-05 15:32:17.822,10740,10741,10741,1,1
2020-05-05 15:32:20.584,10740,10741,10741,1,1
2020-05-05 15:32:20.986,10740,10742,10740,1,-1
2020-05-05 15:32:28.178,10741,10742,10741,2,2
2020-05-05 15:32:28.715,10740,10742,10741,1,-1
2020-05-05 15:32:29.231,10740,10742,10740,1,-1
2020-05-05 15:32:33.873,10740,10742,10741,1,1
2020-05-05 15:32:34.357,10741,10742,10741,1,-1
2020-05-05 15:32:35.498,10741,10742,10742,14,14
2020-05-05 15:32:35.498,10741,10742,10742,10,10
2020-05-05 15:32:35.577,10742,10743,10743,13,13
2020-05-05 15:32:35.577,10742,10743,10743,2,2
2020-05-05 15:32:35.577,10742,10743,10743,2,2
2020-05-05 15:32:35.666,10742,10743,10743,1,1
2020-05-05 15:32:36.047,10743,10744,10744,1,1
2020-05-05 15:32:36.077,10743,10744,10744,1,1
2020-05-05 15:32:36.198,10743,10744,10744,2,2
2020-05-05 15:32:36.358,10743,10744,10744,1,1
2020-05-05 15:32:36.363,10743,10744,10744,1,1
2020-05-05 15:32:37.119,10742,10744,10744,1,1
2020-05-05 15:32:38.196,10743,10744,10743,1,-1
2020-05-05 15:32:39.431,10743,10744,10743,1,-1
2020-05-05 15:32:41.304,10743,10744,10744,2,2
2020-05-05 15:32:44.570,10743,10744,10744,2,2
2020-05-05 15:32:44.954,10743,10744,10744,1,1
2020-05-05 15:32:45.275,10743,10744,10744,1,1
2020-05-05 15:32:47.101,10743,10744,10744,2,2
2020-05-05 15:32:47.379,10743,10744,10743,2,-2
2020-05-05 15:32:47.379,10743,10744,10743,1,-1
2020-05-05 15:32:47.473,10742,10743,10742,2,-2
2020-05-05 15:32:47.604,10741,10742,10742,1,1
2020-05-05 15:32:48.018,10741,10743,10743,3,3
2020-05-05 15:32:48.498,10742,10743,10743,1,1
2020-05-05 15:32:49.013,10742,10743,10743,1,1
2020-05-05 15:32:49.376,10742,10743,10743,1,1
2020-05-05 15:32:52.289,10741,10743,10741,1,-1
2020-05-05 15:32:52.953,10741,10743,10743,1,1
2020-05-05 15:32:53.173,10741,10743,10743,5,5
2020-05-05 15:32:53.857,10742,10743,10743,1,1
2020-05-05 15:32:57.196,10742,10743,10743,1,1
2020-05-05 15:32:58.100,10742,10743,10743,3,3
2020-05-05 15:32:58.433,10742,10743,10742,2,-2
2020-05-05 15:32:59.243,10742,10743,10743,5,5
2020-05-05 15:32:59.243,10742,10743,10744,6,6
2020-05-05 15:32:59.736,10742,10744,10743,1,-1
2020-05-05 15:33:00.001,10742,10743,10743,1,1
2020-05-05 15:33:00.135,10742,10744,10744,10,10
2020-05-05 15:33:00.292,10742,10744,10744,2,2
2020-05-05 15:33:00.784,10742,10744,10742,1,-1
2020-05-05 15:33:01.539,10742,10744,10744,1,1
2020-05-05 15:33:02.638,10743,10744,10744,1,1
2020-05-05 15:33:02.775,10743,10744,10743,1,-1
2020-05-05 15:33:02.859,10742,10743,10743,2,2
2020-05-05 15:33:05.228,10743,10744,10744,1,1
2020-05-05 15:33:05.240,10743,10744,10744,1,1
2020-05-05 15:33:07.419,10743,10744,10744,1,1
2020-05-05 15:33:08.243,10743,10744,10744,1,1
2020-05-05 15:33:12.946,10744,10745,10744,3,-3
2020-05-05 15:33:14.758,10743,10744,10744,1,1
2020-05-05 15:33:16.269,10743,10744,10744,1,1
2020-05-05 15:33:16.702,10743,10744,10744,1,1
2020-05-05 15:33:16.891,10743,10744,10744,1,1
2020-05-05 15:33:17.242,10744,10745,10744,1,-1
2020-05-05 15:33:18.497,10744,10745,10745,1,1
2020-05-05 15:33:18.849,10744,10745,10745,1,1
2020-05-05 15:33:21.126,10744,10745,10745,1,1
2020-05-05 15:33:21.450,10744,10745,10745,1,1
2020-05-05 15:33:22.336,10744,10745,10745,1,1
2020-05-05 15:33:22.336,10744,10745,10745,1,1
2020-05-05 15:33:22.336,10744,10745,10745,1,1
2020-05-05 15:33:22.336,10744,10745,10745,1,1
2020-05-05 15:33:22.336,10744,10745,10745,10,10
2020-05-05 15:33:22.336,10744,10745,10745,1,1
2020-05-05 15:33:22.336,10744,10745,10745,2,2
2020-05-05 15:33:23.054,10745,10746,10745,1,-1
2020-05-05 15:33:24.256,10745,10746,10745,2,-2
2020-05-05 15:33:25.333,10744,10745,10745,1,1
2020-05-05 15:33:25.546,10744,10745,10745,1,1
2020-05-05 15:33:25.649,10745,10746,10745,1,-1
2020-05-05 15:33:25.809,10744,10746,10745,1,-1
2020-05-05 15:33:27.098,10744,10745,10744,1,-1
2020-05-05 15:33:28.307,10744,10745,10745,1,1
2020-05-05 15:33:29.200,10744,10746,10746,2,2
2020-05-05 15:33:29.491,10744,10746,10746,3,3
2020-05-05 15:33:30.215,10745,10746,10746,1,1
2020-05-05 15:33:30.454,10745,10746,10746,1,1
2020-05-05 15:33:31.102,10745,10746,10745,2,-2
2020-05-05 15:33:31.137,10745,10746,10745,1,-1
2020-05-05 15:33:32.280,10745,10746,10745,1,-1
2020-05-05 15:33:40.159,10745,10746,10745,1,-1
2020-05-05 15:33:40.317,10745,10746,10745,5,-5
2020-05-05 15:33:40.577,10745,10746,10745,1,-1
2020-05-05 15:33:43.600,10745,10746,10745,1,-1
2020-05-05 15:33:43.850,10745,10746,10745,1,-1
2020-05-05 15:33:45.343,10745,10746,10745,1,-1
2020-05-05 15:33:47.380,10745,10746,10745,3,-3
2020-05-05 15:33:47.381,10745,10746,10745,4,-4
2020-05-05 15:33:47.381,10745,10746,10745,2,-2
2020-05-05 15:33:47.421,10745,10746,10744,1,-1
2020-05-05 15:33:47.724,10744,10745,10745,1,1
2020-05-05 15:33:50.893,10744,10745,10745,4,4
2020-05-05 15:33:57.340,10745,10746,10745,1,-1
2020-05-05 15:33:58.375,10745,10746,10746,5,5
2020-05-05 15:33:58.409,10745,10746,10746,7,7
2020-05-05 15:33:58.409,10745,10746,10746,1,1
2020-05-05 15:33:58.409,10745,10746,10746,6,6
2020-05-05 15:33:58.409,10745,10746,10746,1,1
2020-05-05 15:33:58.410,10745,10746,10747,15,15
2020-05-05 15:33:58.410,10745,10746,10747,1,1
2020-05-05 15:33:58.410,10745,10746,10747,8,8
2020-05-05 15:33:58.410,10745,10746,10748,5,5
2020-05-05 15:33:58.412,10745,10746,10748,2,2
2020-05-05 15:33:58.412,10745,10746,10748,1,1
2020-05-05 15:33:58.412,10745,10746,10748,3,3
2020-05-05 15:33:58.413,10745,10746,10748,4,4
2020-05-05 15:33:58.413,10745,10746,10748,4,4
2020-05-05 15:33:58.413,10745,10746,10748,4,4
2020-05-05 15:33:58.413,10745,10746,10748,5,5
2020-05-05 15:33:58.424,10745,10746,10749,3,3
2020-05-05 15:33:58.424,10745,10746,10749,2,2
2020-05-05 15:33:58.424,10745,10746,10749,2,2
2020-05-05 15:33:58.424,10745,10746,10749,1,1
2020-05-05 15:33:58.484,10748,10749,10749,15,15
2020-05-05 15:33:58.509,10748,10749,10750,8,8
2020-05-05 15:33:58.540,10748,10749,10750,2,2
2020-05-05 15:33:58.585,10749,10750,10750,2,2
2020-05-05 15:33:58.618,10749,10750,10749,1,-1
2020-05-05 15:33:58.623,10749,10750,10750,2,2
2020-05-05 15:33:58.737,10749,10750,10750,1,1
2020-05-05 15:33:58.811,10749,10750,10750,2,2
2020-05-05 15:33:58.861,10749,10750,10750,1,1
2020-05-05 15:33:58.965,10749,10750,10750,1,1
2020-05-05 15:33:59.592,10749,10750,10750,3,3
2020-05-05 15:34:00.147,10749,10750,10750,2,2
2020-05-05 15:34:00.473,10749,10750,10750,10,10
2020-05-05 15:34:00.779,10749,10750,10749,2,-2
2020-05-05 15:34:00.779,10749,10750,10749,2,-2
2020-05-05 15:34:00.958,10748,10749,10749,1,1
2020-05-05 15:34:02.082,10748,10749,10749,1,1
2020-05-05 15:34:02.219,10748,10749,10749,4,4
2020-05-05 15:34:02.220,10748,10749,10749,1,1
2020-05-05 15:34:02.299,10748,10749,10750,1,1
2020-05-05 15:34:02.473,10748,10750,10749,10,-10
2020-05-05 15:34:02.952,10748,10749,10748,1,-1
2020-05-05 15:34:02.952,10748,10749,10748,6,-6
2020-05-05 15:34:02.952,10748,10749,10748,5,-5
2020-05-05 15:34:03.120,10747,10748,10748,1,1
2020-05-05 15:34:03.145,10747,10748,10748,1,1
2020-05-05 15:34:03.878,10747,10748,10747,2,-2
2020-05-05 15:34:06.843,10746,10747,10747,2,2
2020-05-05 15:34:07.053,10746,10748,10748,2,2
2020-05-05 15:34:07.474,10746,10748,10748,3,3
2020-05-05 15:34:09.795,10747,10748,10748,1,1
2020-05-05 15:34:11.488,10747,10748,10748,2,2
2020-05-05 15:34:14.493,10748,10749,10749,1,1
2020-05-05 15:34:14.683,10749,10750,10750,3,3
2020-05-05 15:34:15.924,10748,10749,10749,1,1
2020-05-05 15:34:16.273,10748,10749,10748,1,-1
2020-05-05 15:34:16.309,10748,10749,10748,1,-1
2020-05-05 15:34:16.944,10747,10749,10749,1,1
2020-05-05 15:34:17.115,10747,10748,10748,1,1
2020-05-05 15:34:17.203,10747,10749,10749,1,1
2020-05-05 15:34:17.582,10747,10749,10749,1,1
2020-05-05 15:34:18.941,10747,10748,10748,1,1
2020-05-05 15:34:21.095,10747,10748,10748,1,1
2020-05-05 15:34:22.562,10747,10748,10748,1,1
2020-05-05 15:34:23.837,10747,10748,10748,1,1
2020-05-05 15:34:26.022,10747,10748,10748,1,1
2020-05-05 15:34:26.167,10748,10749,10748,1,-1
2020-05-05 15:34:26.755,10748,10749,10748,1,-1
2020-05-05 15:34:26.837,10748,10749,10749,1,1
2020-05-05 15:34:27.130,10748,10749,10749,3,3
2020-05-05 15:34:27.963,10748,10749,10748,1,-1
2020-05-05 15:34:28.031,10748,10749,10749,1,1
2020-05-05 15:34:28.905,10748,10749,10748,2,-2
2020-05-05 15:34:28.905,10748,10749,10748,1,-1
2020-05-05 15:34:30.873,10747,10748,10748,3,3
2020-05-05 15:34:31.185,10747,10748,10748,2,2
2020-05-05 15:34:31.368,10747,10748,10748,1,1
2020-05-05 15:34:31.636,10747,10748,10748,6,6
2020-05-05 15:34:31.636,10747,10748,10748,2,2
2020-05-05 15:34:32.931,10747,10748,10748,2,2
2020-05-05 15:34:33.530,10747,10748,10748,1,1
2020-05-05 15:34:33.592,10747,10748,10748,1,1
2020-05-05 15:34:33.892,10748,10749,10748,2,-2
2020-05-05 15:34:35.903,10748,10749,10748,1,-1
2020-05-05 15:34:36.803,10748,10749,10749,1,1
2020-05-05 15:34:37.126,10748,10749,10749,1,1
2020-05-05 15:34:37.985,10748,10749,10749,1,1
2020-05-05 15:34:39.211,10748,10749,10748,1,-1
2020-05-05 15:34:39.325,10748,10749,10749,1,1
2020-05-05 15:34:40.555,10748,10749,10748,1,-1
2020-05-05 15:34:41.351,10748,10749,10749,1,1
2020-05-05 15:34:42.945,10748,10749,10749,1,1
2020-05-05 15:34:44.960,10748,10749,10749,1,1
2020-05-05 15:34:45.015,10748,10749,10749,1,1
2020-05-05 15:34:45.714,10749,10750,10749,2,-2
2020-05-05 15:34:45.714,10749,10750,10749,1,-1
2020-05-05 15:34:47.236,10748,10749,10749,1,1
2020-05-05 15:34:47.803,10748,10749,10749,2,2
2020-05-05 15:34:50.361,10748,10749,10748,16,-16
2020-05-05 15:34:51.710,10747,10748,10748,3,3
2020-05-05 15:34:52.021,10747,10748,10748,6,6
2020-05-05 15:34:53.297,10747,10748,10748,4,4
2020-05-05 15:34:53.298,10747,10748,10748,1,1
2020-05-05 15:34:53.654,10747,10748,10748,1,1
2020-05-05 15:34:56.758,10747,10748,10748,1,1
2020-05-05 15:34:58.213,10747,10748,10748,5,5
2020-05-05 15:34:58.858,10747,10748,10748,1,1
2020-05-05 15:34:59.050,10747,10748,10747,1,-1
2020-05-05 15:34:59.633,10747,10748,10748,5,5
2020-05-05 15:35:00.328,10747,10748,10748,3,3
2020-05-05 15:35:00.329,10747,10748,10748,2,2
2020-05-05 15:35:01.168,10747,10748,10748,3,3
2020-05-05 15:35:01.671,10748,10749,10749,1,1
2020-05-05 15:35:02.339,10748,10749,10748,2,-2
2020-05-05 15:35:02.340,10748,10749,10749,1,1
2020-05-05 15:35:02.340,10748,10749,10748,4,-4
2020-05-05 15:35:02.350,10748,10749,10749,5,5
2020-05-05 15:35:03.767,10747,10748,10748,3,3
2020-05-05 15:35:04.276,10748,10749,10748,1,-1
2020-05-05 15:35:04.277,10748,10749,10748,1,-1
2020-05-05 15:35:06.794,10747,10748,10748,1,1
2020-05-05 15:35:07.008,10747,10748,10748,1,1
2020-05-05 15:35:08.005,10747,10748,10747,6,-6
2020-05-05 15:35:08.005,10747,10748,10747,20,-20
2020-05-05 15:35:08.838,10746,10747,10747,1,1
2020-05-05 15:35:09.341,10746,10747,10747,2,2
2020-05-05 15:35:10.112,10746,10747,10746,1,-1
2020-05-05 15:35:10.274,10746,10747,10746,1,-1
2020-05-05 15:35:10.447,10746,10747,10746,4,-4
2020-05-05 15:35:10.914,10745,10746,10746,1,1
2020-05-05 15:35:12.192,10745,10746,10746,1,1
2020-05-05 15:35:13.020,10745,10747,10745,1,-1
2020-05-05 15:35:13.529,10745,10746,10745,1,-1
2020-05-05 15:35:13.567,10745,10746,10745,3,-3
2020-05-05 15:35:14.573,10745,10746,10745,1,-1
2020-05-05 15:35:20.934,10745,10747,10747,1,1
2020-05-05 15:35:24.507,10746,10747,10746,1,-1
2020-05-05 15:35:25.545,10745,10746,10745,1,-1
2020-05-05 15:35:26.018,10745,10746,10745,2,-2
2020-05-05 15:35:26.019,10745,10746,10745,5,-5
2020-05-05 15:35:28.987,10744,10745,10744,1,-1
2020-05-05 15:35:30.066,10744,10745,10745,1,1
2020-05-05 15:35:31.008,10744,10745,10745,1,1
2020-05-05 15:35:35.506,10744,10745,10745,1,1
2020-05-05 15:35:36.746,10744,10745,10745,1,1
2020-05-05 15:35:37.587,10744,10745,10745,5,5
2020-05-05 15:35:38.474,10744,10745,10744,1,-1
2020-05-05 15:35:38.885,10744,10745,10745,1,1
2020-05-05 15:35:39.285,10744,10745,10744,1,-1
2020-05-05 15:35:42.863,10744,10745,10744,2,-2
2020-05-05 15:35:44.779,10744,10745,10744,2,-2
2020-05-05 15:35:46.020,10744,10745,10745,9,9
2020-05-05 15:35:46.252,10745,10746,10746,2,2
2020-05-05 15:35:48.038,10745,10746,10746,1,1
2020-05-05 15:35:52.740,10746,10747,10747,1,1
2020-05-05 15:35:53.340,10746,10747,10746,1,-1
2020-05-05 15:35:55.569,10746,10747,10747,1,1
2020-05-05 15:36:01.101,10746,10747,10746,1,-1
2020-05-05 15:36:01.121,10746,10747,10746,2,-2
2020-05-05 15:36:01.121,10746,10747,10746,1,-1
2020-05-05 15:36:01.989,10745,10746,10746,1,1
2020-05-05 15:36:05.893,10746,10747,10746,1,-1
2020-05-05 15:36:10.436,10746,10747,10747,3,3
2020-05-05 15:36:10.436,10746,10747,10748,2,2
2020-05-05 15:36:15.679,10746,10747,10747,1,1
2020-05-05 15:36:19.502,10746,10747,10747,1,1
2020-05-05 15:36:23.181,10747,10748,10747,1,-1
2020-05-05 15:36:23.181,10747,10748,10747,3,-3
2020-05-05 15:36:23.181,10747,10748,10747,2,-2
2020-05-05 15:36:23.182,10747,10748,10747,3,-3
2020-05-05 15:36:23.182,10747,10748,10747,31,-31
2020-05-05 15:36:23.182,10747,10748,10747,6,-6
2020-05-05 15:36:23.182,10747,10748,10747,1,-1
2020-05-05 15:36:23.182,10747,10748,10747,12,-12
2020-05-05 15:36:23.184,10747,10748,10746,1,-1
2020-05-05 15:36:23.429,10746,10747,10746,1,-1
2020-05-05 15:36:24.947,10746,10747,10747,1,1
2020-05-05 15:36:27.224,10746,10747,10746,2,-2
2020-05-05 15:36:29.495,10746,10747,10747,1,1
2020-05-05 15:36:29.560,10746,10747,10747,1,1
2020-05-05 15:36:30.868,10746,10747,10747,1,1
2020-05-05 15:36:31.306,10747,10748,10747,1,-1
2020-05-05 15:36:32.510,10747,10748,10748,6,6
2020-05-05 15:36:32.510,10747,10748,10748,4,4
2020-05-05 15:36:32.885,10748,10749,10748,1,-1
2020-05-05 15:36:35.931,10748,10749,10748,1,-1
2020-05-05 15:36:36.614,10747,10749,10749,1,1
2020-05-05 15:36:37.783,10748,10749,10748,1,-1
2020-05-05 15:36:39.029,10748,10749,10748,2,-2
2020-05-05 15:36:45.473,10747,10748,10748,1,1
2020-05-05 15:36:49.348,10747,10748,10747,3,-3
2020-05-05 15:36:50.384,10747,10748,10748,1,1
2020-05-05 15:36:55.049,10747,10748,10747,2,-2
2020-05-05 15:36:55.325,10746,10747,10747,1,1
2020-05-05 15:36:55.688,10746,10747,10747,3,3
2020-05-05 15:36:55.958,10746,10747,10746,1,-1
2020-05-05 15:36:56.230,10746,10747,10747,1,1
2020-05-05 15:36:56.367,10746,10747,10747,1,1
2020-05-05 15:36:57.556,10746,10747,10747,1,1
2020-05-05 15:37:04.899,10746,10747,10746,1,-1
2020-05-05 15:37:05.424,10746,10747,10747,1,1
2020-05-05 15:37:11.428,10746,10747,10747,1,1
2020-05-05 15:37:11.693,10746,10747,10747,4,4
2020-05-05 15:37:15.960,10746,10747,10747,5,5
2020-05-05 15:37:17.347,10747,10748,10747,1,-1
2020-05-05 15:37:17.347,10747,10748,10747,1,-1
2020-05-05 15:37:17.564,10746,10747,10746,15,-15
2020-05-05 15:37:17.565,10746,10747,10746,2,-2
2020-05-05 15:37:17.565,10746,10747,10746,1,-1
2020-05-05 15:37:17.565,10746,10747,10746,1,-1
2020-05-05 15:37:17.565,10746,10747,10746,1,-1
2020-05-05 15:37:18.093,10745,10746,10746,2,2
2020-05-05 15:37:18.093,10745,10746,10747,4,4
2020-05-05 15:37:26.469,10745,10746,10746,1,1
2020-05-05 15:37:26.469,10745,10746,10747,4,4
2020-05-05 15:37:26.701,10745,10747,10747,1,1
2020-05-05 15:37:31.033,10746,10747,10746,1,-1
2020-05-05 15:37:32.640,10746,10747,10746,1,-1
2020-05-05 15:37:36.828,10745,10746,10745,1,-1
2020-05-05 15:37:39.216,10745,10746,10745,1,-1
2020-05-05 15:37:47.509,10745,10746,10745,4,-4
2020-05-05 15:37:47.509,10745,10746,10745,4,-4
2020-05-05 15:37:47.509,10745,10746,10745,3,-3
2020-05-05 15:37:50.944,10744,10745,10744,6,-6
2020-05-05 15:37:50.945,10744,10745,10744,2,-2
2020-05-05 15:37:51.005,10743,10744,10743,1,-1
2020-05-05 15:37:51.037,10743,10744,10743,1,-1
2020-05-05 15:37:51.206,10743,10744,10744,1,1
2020-05-05 15:37:52.484,10743,10744,10744,1,1
2020-05-05 15:37:55.966,10743,10744,10744,1,1
2020-05-05 15:37:55.985,10743,10744,10744,1,1
2020-05-05 15:37:55.985,10743,10744,10744,1,1
2020-05-05 15:37:55.985,10743,10744,10744,1,1
2020-05-05 15:37:57.916,10744,10745,10744,1,-1
2020-05-05 15:38:00.398,10743,10744,10743,2,-2
2020-05-05 15:38:03.572,10743,10744,10743,1,-1
2020-05-05 15:38:04.870,10743,10744,10743,1,-1
2020-05-05 15:38:09.971,10743,10744,10743,1,-1
2020-05-05 15:38:10.190,10743,10744,10743,1,-1
2020-05-05 15:38:12.410,10743,10744,10743,1,-1
2020-05-05 15:38:14.913,10743,10744,10743,1,-1
2020-05-05 15:38:14.992,10743,10744,10744,1,1
2020-05-05 15:38:14.992,10743,10744,10744,2,2
2020-05-05 15:38:14.992,10743,10744,10743,1,-1
2020-05-05 15:38:15.081,10744,10745,10744,1,1
2020-05-05 15:38:15.922,10744,10745,10744,1,-1
2020-05-05 15:38:17.592,10744,10745,10744,1,-1
2020-05-05 15:38:19.789,10744,10745,10745,4,4
2020-05-05 15:38:21.571,10745,10746,10746,4,4
2020-05-05 15:38:21.695,10746,10747,10746,1,-1
2020-05-05 15:38:26.970,10744,10745,10745,1,1
2020-05-05 15:38:29.956,10745,10746,10746,1,1
2020-05-05 15:38:43.670,10745,10746,10746,2,2
2020-05-05 15:38:44.012,10745,10746,10746,1,1
2020-05-05 15:38:48.598,10745,10746,10746,4,4
2020-05-05 15:38:51.512,10746,10747,10747,10,10
2020-05-05 15:38:52.412,10747,10748,10748,2,2
2020-05-05 15:38:52.412,10747,10748,10748,2,2
2020-05-05 15:38:57.300,10748,10749,10749,1,1
2020-05-05 15:38:57.300,10748,10749,10749,2,2
2020-05-05 15:38:57.301,10748,10749,10749,3,3
2020-05-05 15:38:57.301,10748,10749,10749,3,3
2020-05-05 15:38:57.712,10749,10750,10749,1,-1
2020-05-05 15:39:01.145,10746,10747,10747,3,3
2020-05-05 15:39:01.346,10746,10747,10747,1,1
2020-05-05 15:39:01.432,10746,10747,10748,1,1
2020-05-05 15:39:01.872,10746,10748,10746,1,-1
2020-05-05 15:39:02.232,10746,10747,10747,2,2
2020-05-05 15:39:04.158,10747,10748,10748,1,1
2020-05-05 15:39:09.006,10747,10748,10747,2,-2
2020-05-05 15:39:13.170,10746,10747,10747,1,1
2020-05-05 15:39:13.500,10747,10748,10747,1,-1
2020-05-05 15:39:14.626,10746,10748,10746,2,-2
2020-05-05 15:39:16.380,10747,10748,10747,1,1
2020-05-05 15:39:16.727,10747,10748,10748,5,5
2020-05-05 15:39:18.680,10748,10749,10748,1,-1
2020-05-05 15:39:19.764,10748,10749,10749,2,2
2020-05-05 15:39:19.764,10748,10749,10750,8,8
2020-05-05 15:39:23.753,10749,10750,10749,2,-2
2020-05-05 15:39:25.164,10749,10750,10750,1,1
2020-05-05 15:39:28.859,10749,10750,10750,2,2
2020-05-05 15:39:29.575,10749,10750,10750,1,1
2020-05-05 15:39:31.068,10749,10750,10750,1,1
2020-05-05 15:39:33.262,10749,10750,10750,1,1
2020-05-05 15:39:33.452,10749,10750,10750,1,1
2020-05-05 15:39:33.761,10749,10750,10749,1,-1
2020-05-05 15:39:33.846,10749,10750,10749,5,-5
2020-05-05 15:39:33.847,10749,10750,10749,10,-10
2020-05-05 15:39:33.847,10749,10750,10749,2,-2
2020-05-05 15:39:33.847,10749,10750,10749,1,-1
2020-05-05 15:39:33.847,10749,10750,10749,1,-1
2020-05-05 15:39:33.847,10749,10750,10749,4,-4
2020-05-05 15:39:33.890,10749,10750,10749,1,-1
2020-05-05 15:39:34.009,10748,10749,10749,1,1
2020-05-05 15:39:37.788,10748,10749,10749,1,1
2020-05-05 15:39:37.857,10748,10749,10749,1,1
2020-05-05 15:39:39.406,10748,10749,10749,1,1
2020-05-05 15:39:43.933,10748,10749,10749,2,2
2020-05-05 15:39:46.787,10748,10749,10749,1,1
2020-05-05 15:39:47.255,10748,10749,10749,1,1
2020-05-05 15:39:52.358,10748,10749,10749,1,1
2020-05-05 15:39:53.656,10748,10749,10749,1,1
2020-05-05 15:39:55.293,10748,10749,10749,2,2
2020-05-05 15:39:58.646,10748,10749,10749,1,1
2020-05-05 15:40:00.053,10748,10749,10748,3,-3
2020-05-05 15:40:00.053,10748,10749,10748,3,-3
2020-05-05 15:40:00.053,10748,10749,10748,3,-3
2020-05-05 15:40:00.700,10747,10748,10748,1,1
2020-05-05 15:40:00.899,10748,10749,10748,1,-1
2020-05-05 15:40:01.622,10748,10749,10748,1,-1
2020-05-05 15:40:03.216,10748,10749,10749,2,2
2020-05-05 15:40:05.402,10748,10749,10749,1,1
2020-05-05 15:40:21.073,10748,10749,10749,7,7
2020-05-05 15:40:21.697,10748,10749,10748,1,-1
2020-05-05 15:40:33.804,10748,10749,10748,1,-1
2020-05-05 15:40:36.567,10748,10749,10748,1,-1
2020-05-05 15:40:42.172,10748,10749,10748,2,-2
2020-05-05 15:40:44.108,10748,10749,10749,1,1
2020-05-05 15:40:44.241,10748,10749,10748,2,-2
2020-05-05 15:40:47.723,10748,10749,10748,1,-1
2020-05-05 15:40:50.647,10748,10749,10749,2,2
2020-05-05 15:40:50.647,10748,10749,10749,6,6
2020-05-05 15:40:50.918,10749,10750,10750,10,10
2020-05-05 15:40:50.918,10749,10750,10750,2,2
2020-05-05 15:40:55.206,10749,10750,10749,1,-1
2020-05-05 15:40:55.843,10749,10750,10750,1,1
2020-05-05 15:40:56.705,10750,10751,10751,1,1
2020-05-05 15:40:56.846,10750,10751,10751,1,1
2020-05-05 15:40:56.892,10750,10751,10751,2,2
2020-05-05 15:40:57.591,10750,10751,10751,1,1
2020-05-05 15:40:57.591,10750,10751,10751,7,7
2020-05-05 15:40:57.591,10750,10751,10751,2,2
2020-05-05 15:40:57.836,10751,10752,10751,1,-1
2020-05-05 15:40:58.659,10751,10752,10752,1,1
2020-05-05 15:40:58.727,10751,10752,10752,1,1
2020-05-05 15:40:58.855,10751,10752,10751,9,-9
2020-05-05 15:40:58.855,10751,10752,10750,6,-6
2020-05-05 15:40:58.861,10751,10752,10750,1,-1
2020-05-05 15:40:58.868,10751,10752,10750,5,-5
2020-05-05 15:40:58.868,10751,10752,10749,2,-2
2020-05-05 15:40:58.870,10751,10752,10750,1,1
2020-05-05 15:40:58.870,10751,10752,10750,1,-1
2020-05-05 15:40:59.019,10750,10751,10750,1,-1
2020-05-05 15:40:59.132,10750,10751,10750,2,-2
2020-05-05 15:40:59.133,10750,10751,10750,1,-1
2020-05-05 15:40:59.645,10750,10751,10751,1,1
2020-05-05 15:41:00.290,10750,10751,10751,1,1
2020-05-05 15:41:00.290,10750,10751,10752,1,1
2020-05-05 15:41:04.390,10751,10752,10751,1,-1
2020-05-05 15:41:04.464,10750,10751,10751,1,1
2020-05-05 15:41:04.661,10750,10751,10751,3,3
2020-05-05 15:41:05.817,10751,10752,10752,1,1
2020-05-05 15:41:06.669,10751,10752,10752,1,1
2020-05-05 15:41:09.354,10751,10752,10752,4,4
2020-05-05 15:41:11.415,10751,10752,10752,1,1
2020-05-05 15:41:11.910,10751,10752,10752,1,1
2020-05-05 15:41:11.931,10751,10752,10752,1,1
2020-05-05 15:41:13.991,10751,10752,10752,2,2
2020-05-05 15:41:14.637,10751,10752,10752,3,3
2020-05-05 15:41:14.638,10751,10752,10753,1,1
2020-05-05 15:41:14.645,10751,10752,10753,4,4
2020-05-05 15:41:14.646,10751,10752,10753,4,4
2020-05-05 15:41:14.646,10751,10752,10753,3,3
2020-05-05 15:41:14.817,10752,10754,10754,1,1
2020-05-05 15:41:15.012,10752,10754,10752,1,-1
2020-05-05 15:41:15.067,10752,10754,10752,1,-1
2020-05-05 15:41:15.407,10752,10754,10754,10,10
2020-05-05 15:41:15.453,10753,10754,10754,1,1
2020-05-05 15:41:15.977,10752,10754,10754,1,1
2020-05-05 15:41:17.836,10751,10752,10752,1,1
2020-05-05 15:41:18.881,10751,10753,10753,3,3
2020-05-05 15:41:20.407,10751,10753,10753,10,10
2020-05-05 15:41:21.496,10752,10753,10752,1,-1
2020-05-05 15:41:25.764,10752,10753,10752,4,-4
2020-05-05 15:41:26.865,10751,10752,10751,9,-9
2020-05-05 15:41:27.148,10750,10751,10750,2,-2
2020-05-05 15:41:27.841,10750,10751,10751,1,1
2020-05-05 15:41:28.534,10750,10751,10751,1,1
2020-05-05 15:41:28.572,10750,10751,10752,1,1
2020-05-05 15:41:29.901,10750,10752,10752,1,1
2020-05-05 15:41:32.957,10750,10751,10751,3,3
2020-05-05 15:41:34.148,10750,10751,10751,3,3
2020-05-05 15:41:35.159,10750,10752,10752,1,1
2020-05-05 15:41:40.491,10750,10752,10752,1,1
2020-05-05 15:41:43.066,10750,10751,10751,2,2
2020-05-05 15:41:47.902,10751,10752,10752,10,10
2020-05-05 15:41:47.902,10751,10752,10753,15,15
2020-05-05 15:41:48.077,10752,10753,10752,2,-2
2020-05-05 15:41:51.375,10751,10752,10751,1,-1
2020-05-05 15:41:51.375,10751,10752,10751,4,-4
2020-05-05 15:41:51.375,10751,10752,10751,5,-5
2020-05-05 15:41:51.375,10751,10752,10751,2,-2
2020-05-05 15:41:52.916,10750,10751,10751,2,2
2020-05-05 15:41:54.392,10750,10751,10751,1,1
2020-05-05 15:41:55.691,10751,10752,10751,2,-2
2020-05-05 15:41:55.815,10750,10752,10750,4,-4
2020-05-05 15:41:56.128,10750,10751,10750,2,-2
2020-05-05 15:41:56.128,10750,10751,10750,2,-2
2020-05-05 15:41:56.128,10750,10751,10750,2,-2
2020-05-05 15:41:56.128,10750,10751,10750,3,-3
2020-05-05 15:41:56.128,10750,10751,10750,1,-1
2020-05-05 15:41:56.128,10750,10751,10750,5,-5
2020-05-05 15:41:56.128,10750,10751,10750,1,-1
2020-05-05 15:41:56.128,10750,10751,10750,1,-1
2020-05-05 15:41:56.128,10750,10751,10750,4,-4
2020-05-05 15:41:56.129,10750,10751,10750,3,-3
2020-05-05 15:41:56.618,10749,10750,10750,2,2
2020-05-05 15:41:56.914,10749,10750,10750,1,1
2020-05-05 15:42:00.091,10750,10751,10750,1,-1
2020-05-05 15:42:03.225,10749,10750,10750,2,2
2020-05-05 15:42:03.225,10749,10750,10751,3,3
2020-05-05 15:42:03.998,10749,10750,10749,2,-2
2020-05-05 15:42:06.254,10749,10750,10749,1,-1
2020-05-05 15:42:07.410,10749,10750,10750,1,1
2020-05-05 15:42:08.150,10749,10750,10749,3,-3
2020-05-05 15:42:14.811,10748,10749,10749,1,1
2020-05-05 15:42:19.684,10749,10750,10749,1,-1
2020-05-05 15:42:20.700,10749,10750,10750,7,7
2020-05-05 15:42:21.036,10750,10751,10751,2,2
2020-05-05 15:42:22.527,10749,10751,10751,3,3
2020-05-05 15:42:26.080,10749,10750,10750,2,2
2020-05-05 15:42:28.554,10749,10751,10749,1,-1
2020-05-05 15:42:30.763,10750,10751,10750,1,1
2020-05-05 15:42:32.588,10749,10750,10749,1,-1
2020-05-05 15:42:38.872,10749,10750,10750,1,1
2020-05-05 15:42:39.620,10750,10751,10750,1,-1
2020-05-05 15:42:42.225,10749,10751,10751,10,10
2020-05-05 15:42:49.638,10750,10751,10750,10,-10
2020-05-05 15:42:52.302,10750,10751,10750,1,-1
2020-05-05 15:42:55.447,10750,10751,10750,1,-1
2020-05-05 15:42:56.970,10750,10751,10750,10,-10
2020-05-05 15:43:01.306,10750,10751,10750,1,-1
2020-05-05 15:43:09.842,10749,10750,10749,1,-1
2020-05-05 15:43:12.489,10749,10750,10749,1,-1
2020-05-05 15:43:20.531,10749,10750,10749,4,-4
2020-05-05 15:43:22.740,10748,10749,10749,1,1
2020-05-05 15:43:33.040,10748,10749,10749,1,1
2020-05-05 15:43:34.442,10749,10750,10749,1,-1
2020-05-05 15:43:39.520,10749,10750,10749,1,-1
2020-05-05 15:43:47.510,10748,10749,10749,1,1
2020-05-05 15:43:56.200,10748,10749,10748,5,-5
2020-05-05 15:43:56.200,10748,10749,10748,11,-11
2020-05-05 15:43:56.200,10748,10749,10748,1,-1
2020-05-05 15:43:58.968,10747,10748,10747,2,-2
2020-05-05 15:43:59.262,10747,10748,10747,1,-1
2020-05-05 15:44:00.400,10747,10748,10747,1,-1
2020-05-05 15:44:00.614,10747,10748,10748,1,1
2020-05-05 15:44:12.898,10747,10748,10748,1,1
2020-05-05 15:44:20.373,10747,10748,10748,1,1
2020-05-05 15:44:20.578,10747,10748,10748,1,1
2020-05-05 15:44:20.664,10747,10748,10747,4,-4
2020-05-05 15:44:20.941,10746,10748,10748,1,1
2020-05-05 15:44:25.951,10746,10747,10747,1,1
2020-05-05 15:44:28.499,10747,10748,10747,1,-1
2020-05-05 15:44:28.679,10747,10748,10747,1,-1
2020-05-05 15:44:29.979,10747,10748,10747,2,-2
2020-05-05 15:44:32.734,10747,10748,10747,1,-1
2020-05-05 15:44:33.953,10747,10748,10748,1,1
2020-05-05 15:44:42.161,10747,10748,10747,2,-2
2020-05-05 15:44:42.236,10747,10748,10748,3,3
2020-05-05 15:44:42.416,10748,10749,10749,3,3
2020-05-05 15:44:42.620,10748,10749,10749,1,1
2020-05-05 15:45:04.645,10748,10749,10749,3,3
2020-05-05 15:45:05.342,10749,10750,10750,1,1
2020-05-05 15:45:06.397,10749,10750,10749,1,-1
2020-05-05 15:45:06.467,10749,10750,10750,2,2
2020-05-05 15:45:12.148,10748,10749,10750,1,1
2020-05-05 15:45:21.108,10749,10750,10750,1,1
2020-05-05 15:45:22.484,10749,10750,10750,13,13
2020-05-05 15:45:22.485,10749,10750,10750,2,2
2020-05-05 15:45:22.485,10749,10750,10750,4,4
2020-05-05 15:45:24.352,10749,10750,10750,1,1
2020-05-05 15:45:27.439,10749,10750,10750,3,3
2020-05-05 15:45:33.548,10749,10750,10750,1,1
2020-05-05 15:45:33.693,10750,10751,10751,1,1
2020-05-05 15:45:34.165,10750,10751,10751,1,1
2020-05-05 15:45:34.906,10750,10751,10751,1,1
2020-05-05 15:45:35.243,10750,10751,10751,1,1
2020-05-05 15:45:43.324,10750,10751,10751,1,1
2020-05-05 15:45:45.444,10750,10751,10751,1,1
2020-05-05 15:45:45.779,10750,10751,10751,4,4
2020-05-05 15:45:48.599,10750,10751,10750,1,-1
2020-05-05 15:45:48.817,10749,10750,10750,1,1
2020-05-05 15:46:01.419,10749,10750,10749,1,-1
2020-05-05 15:46:08.038,10748,10749,10748,4,-4
2020-05-05 15:46:15.253,10747,10748,10748,1,1
2020-05-05 15:46:15.253,10747,10748,10748,2,2
2020-05-05 15:46:18.082,10747,10748,10747,5,-5
2020-05-05 15:46:19.524,10747,10748,10747,1,-1
2020-05-05 15:46:23.128,10746,10748,10746,1,-1
2020-05-05 15:46:23.674,10747,10748,10747,1,1
2020-05-05 15:46:23.754,10746,10748,10746,1,-1
2020-05-05 15:46:23.804,10746,10748,10746,1,-1
2020-05-05 15:46:25.174,10747,10748,10747,1,1
2020-05-05 15:46:26.701,10747,10748,10748,1,1
2020-05-05 15:46:26.798,10747,10748,10749,1,1
2020-05-05 15:46:29.348,10747,10748,10747,1,-1
2020-05-05 15:46:29.628,10746,10748,10746,1,-1
2020-05-05 15:46:36.037,10746,10747,10747,2,2
2020-05-05 15:46:36.717,10746,10747,10746,1,-1
2020-05-05 15:46:39.320,10746,10748,10746,2,-2
2020-05-05 15:46:42.918,10746,10747,10746,2,-2
2020-05-05 15:46:45.222,10746,10747,10747,1,1
2020-05-05 15:46:49.611,10747,10748,10747,1,-1
2020-05-05 15:47:02.192,10746,10747,10746,6,-6
2020-05-05 15:47:04.570,10746,10747,10746,15,-15
2020-05-05 15:47:05.026,10745,10746,10746,9,9
2020-05-05 15:47:05.027,10745,10746,10746,1,1
2020-05-05 15:47:10.334,10745,10746,10746,1,1
2020-05-05 15:47:10.353,10745,10746,10745,22,-22
2020-05-05 15:47:10.481,10744,10745,10744,1,-1
2020-05-05 15:47:13.493,10744,10745,10744,2,-2
2020-05-05 15:47:14.497,10744,10745,10744,5,-5
2020-05-05 15:47:16.081,10743,10744,10744,1,1
2020-05-05 15:47:16.955,10743,10744,10743,3,-3
2020-05-05 15:47:17.084,10743,10744,10743,1,-1
2020-05-05 15:47:20.602,10743,10744,10744,1,1
2020-05-05 15:47:25.472,10743,10744,10743,1,-1
2020-05-05 15:47:25.883,10743,10744,10744,1,1
2020-05-05 15:47:30.334,10743,10744,10743,1,-1
2020-05-05 15:47:31.453,10743,10744,10743,1,-1
2020-05-05 15:47:31.596,10743,10744,10744,1,1
2020-05-05 15:47:31.596,10743,10744,10744,5,5
2020-05-05 15:47:31.596,10743,10744,10744,1,1
2020-05-05 15:47:33.302,10744,10745,10744,4,-4
2020-05-05 15:47:35.265,10744,10745,10745,1,1
2020-05-05 15:47:36.140,10745,10746,10745,1,-1
2020-05-05 15:47:36.376,10744,10746,10746,1,1
2020-05-05 15:47:36.582,10744,10746,10744,1,-1
2020-05-05 15:47:41.937,10744,10745,10744,3,-3
2020-05-05 15:47:46.342,10743,10744,10743,1,-1
2020-05-05 15:47:48.373,10743,10744,10743,1,-1
2020-05-05 15:47:52.123,10743,10744,10744,1,1
2020-05-05 15:47:52.497,10743,10744,10743,2,-2
2020-05-05 15:47:53.086,10743,10744,10743,2,-2
2020-05-05 15:47:53.495,10743,10744,10743,1,-1
2020-05-05 15:47:53.819,10743,10744,10743,1,-1
2020-05-05 15:47:57.189,10743,10744,10743,1,-1
2020-05-05 15:47:58.770,10743,10744,10743,3,-3
2020-05-05 15:48:02.096,10743,10744,10743,2,-2
2020-05-05 15:48:02.775,10742,10743,10743,1,1
2020-05-05 15:48:03.322,10742,10743,10742,1,-1
2020-05-05 15:48:03.359,10742,10743,10742,1,-1
2020-05-05 15:48:03.451,10742,10743,10742,1,-1
2020-05-05 15:48:03.541,10742,10743,10742,1,-1
2020-05-05 15:48:03.586,10742,10743,10742,1,-1
2020-05-05 15:48:04.032,10742,10743,10743,10,10
2020-05-05 15:48:04.924,10742,10743,10743,3,3
2020-05-05 15:48:06.251,10743,10744,10743,1,-1
2020-05-05 15:48:07.187,10743,10744,10743,4,-4
2020-05-05 15:48:07.189,10743,10744,10743,2,-2
2020-05-05 15:48:07.189,10743,10744,10743,1,-1
2020-05-05 15:48:08.428,10743,10744,10744,4,4
2020-05-05 15:48:08.998,10744,10745,10745,1,1
2020-05-05 15:48:10.542,10745,10746,10745,1,-1
2020-05-05 15:48:10.622,10745,10746,10746,1,1
2020-05-05 15:48:16.460,10746,10747,10746,1,-1
2020-05-05 15:48:22.974,10745,10746,10745,2,-2
2020-05-05 15:48:23.365,10743,10745,10745,1,1
2020-05-05 15:48:28.130,10744,10745,10745,1,1
2020-05-05 15:48:35.619,10744,10745,10745,1,1
2020-05-05 15:48:36.083,10745,10746,10745,1,-1
2020-05-05 15:48:37.982,10745,10746,10745,1,-1
2020-05-05 15:48:43.103,10745,10746,10745,1,-1
2020-05-05 15:48:47.800,10744,10745,10745,1,1
2020-05-05 15:49:00.685,10745,10746,10746,1,1
2020-05-05 15:49:04.137,10745,10746,10746,1,1
2020-05-05 15:49:08.832,10745,10746,10746,1,1
2020-05-05 15:49:08.834,10745,10746,10746,2,2
2020-05-05 15:49:09.683,10745,10747,10745,13,-13
2020-05-05 15:49:09.685,10745,10747,10745,1,-1
2020-05-05 15:49:09.685,10745,10747,10744,2,-2
2020-05-05 15:49:09.686,10745,10747,10745,2,2
2020-05-05 15:49:09.881,10744,10745,10745,1,1
2020-05-05 15:49:19.493,10744,10745,10744,5,-5
2020-05-05 15:49:19.494,10744,10745,10744,3,-3
2020-05-05 15:49:19.494,10744,10745,10744,4,-4
2020-05-05 15:49:19.494,10744,10745,10744,1,-1
2020-05-05 15:49:19.494,10744,10745,10744,1,-1
2020-05-05 15:49:28.134,10743,10744,10743,1,-1
2020-05-05 15:49:29.617,10743,10744,10744,3,3
2020-05-05 15:49:35.544,10743,10744,10743,2,-2
2020-05-05 15:49:35.561,10743,10744,10742,1,-1
2020-05-05 15:49:37.905,10742,10743,10743,1,1
2020-05-05 15:49:38.070,10742,10743,10743,1,1
2020-05-05 15:49:49.909,10742,10743,10743,6,6
2020-05-05 15:49:50.854,10743,10744,10743,1,-1
2020-05-05 15:49:56.747,10743,10744,10744,2,2
2020-05-05 15:49:58.328,10743,10744,10744,2,2
2020-05-05 15:50:11.304,10743,10744,10743,1,-1
2020-05-05 15:50:16.891,10743,10744,10744,2,2
2020-05-05 15:50:18.692,10743,10744,10744,4,4
2020-05-05 15:50:19.837,10744,10745,10744,1,-1
2020-05-05 15:50:29.433,10744,10745,10744,1,-1
2020-05-05 15:50:31.353,10744,10745,10744,3,-3
2020-05-05 15:50:37.257,10743,10745,10744,1,-1
2020-05-05 15:50:40.262,10744,10745,10745,12,12
2020-05-05 15:50:48.095,10744,10745,10745,1,1
2020-05-05 15:50:54.325,10744,10745,10744,2,-2
2020-05-05 15:51:02.406,10744,10745,10745,1,1
2020-05-05 15:51:02.711,10744,10745,10745,2,2
2020-05-05 15:51:05.871,10744,10745,10744,2,-2
2020-05-05 15:51:08.947,10743,10744,10744,1,1
2020-05-05 15:51:24.489,10743,10745,10743,2,-2
2020-05-05 15:51:24.591,10743,10745,10743,2,-2
2020-05-05 15:51:28.687,10743,10744,10743,1,-1
2020-05-05 15:51:48.862,10743,10744,10743,1,-1
2020-05-05 15:51:49.356,10743,10744,10744,1,1
2020-05-05 15:51:51.338,10743,10744,10743,1,-1
2020-05-05 15:51:52.411,10743,10744,10744,1,1
2020-05-05 15:52:03.310,10743,10744,10744,1,1
2020-05-05 15:52:13.239,10743,10744,10744,2,2
2020-05-05 15:52:13.239,10743,10744,10744,1,1
2020-05-05 15:52:13.350,10744,10745,10744,1,-1
2020-05-05 15:52:16.236,10744,10745,10744,1,-1
2020-05-05 15:52:26.539,10744,10745,10744,3,-3
2020-05-05 15:52:31.090,10744,10745,10744,1,-1
2020-05-05 15:52:44.905,10744,10745,10745,1,1
2020-05-05 15:52:44.953,10744,10745,10744,2,-2
2020-05-05 15:52:48.449,10744,10745,10744,1,-1
2020-05-05 15:52:59.412,10744,10745,10745,1,1
2020-05-05 15:53:00.978,10744,10745,10744,1,-1
2020-05-05 15:53:02.277,10744,10745,10744,1,-1
2020-05-05 15:53:03.076,10743,10744,10744,1,1
2020-05-05 15:53:04.568,10743,10744,10744,3,3
2020-05-05 15:53:06.069,10744,10745,10745,7,7
2020-05-05 15:53:07.369,10745,10746,10746,8,8
2020-05-05 15:53:08.407,10746,10747,10745,2,-2
2020-05-05 15:53:17.944,10746,10747,10746,1,1
2020-05-05 15:53:21.168,10746,10747,10747,4,4
2020-05-05 15:53:21.173,10746,10747,10747,1,1
2020-05-05 15:53:27.436,10746,10748,10746,1,-1
2020-05-05 15:53:35.150,10746,10748,10748,1,1
2020-05-05 15:53:37.676,10746,10747,10746,1,-1
2020-05-05 15:53:42.373,10746,10747,10746,2,-2
2020-05-05 15:53:42.577,10745,10746,10746,1,1
2020-05-05 15:53:44.334,10745,10746,10745,8,-8
2020-05-05 15:53:44.334,10745,10746,10745,4,-4
2020-05-05 15:53:44.334,10745,10746,10745,1,-1
2020-05-05 15:53:45.067,10744,10745,10745,1,1
2020-05-05 15:53:46.277,10744,10745,10744,2,-2
2020-05-05 15:53:50.589,10744,10745,10745,1,1
2020-05-05 15:53:51.364,10744,10745,10744,3,-3
2020-05-05 15:53:52.051,10743,10744,10744,2,2
2020-05-05 15:53:52.483,10744,10745,10745,1,1
2020-05-05 15:54:01.505,10744,10745,10745,1,1
2020-05-05 15:54:01.505,10744,10745,10746,1,1
2020-05-05 15:54:06.963,10745,10746,10746,2,2
2020-05-05 15:54:28.413,10745,10746,10745,1,-1
2020-05-05 15:54:33.253,10745,10746,10745,1,-1
2020-05-05 15:54:36.961,10745,10746,10745,1,-1
2020-05-05 15:54:42.447,10745,10746,10745,1,-1
2020-05-05 15:54:45.370,10744,10746,10744,1,-1
2020-05-05 15:54:47.372,10745,10746,10745,1,1
2020-05-05 15:54:53.334,10745,10746,10745,1,-1
2020-05-05 15:54:54.087,10745,10746,10745,1,-1
2020-05-05 15:55:03.745,10745,10746,10746,5,5
2020-05-05 15:55:04.288,10746,10747,10747,4,4
2020-05-05 15:55:10.123,10747,10748,10747,1,-1
2020-05-05 15:55:19.904,10747,10748,10748,1,1
2020-05-05 15:55:36.743,10747,10748,10748,1,1
2020-05-05 15:55:43.934,10747,10748,10747,1,-1
2020-05-05 15:55:54.119,10747,10748,10748,4,4
2020-05-05 15:55:54.119,10747,10748,10748,5,5
2020-05-05 15:55:54.857,10748,10749,10748,2,-2
2020-05-05 15:55:57.648,10748,10749,10749,6,6
2020-05-05 15:55:57.648,10748,10749,10749,2,2
2020-05-05 15:55:58.102,10749,10750,10750,1,1
2020-05-05 15:56:01.339,10747,10749,10749,1,1
2020-05-05 15:56:01.435,10747,10749,10749,1,1
2020-05-05 15:56:02.144,10748,10749,10749,2,2
2020-05-05 15:56:02.144,10748,10749,10750,2,2
2020-05-05 15:56:02.438,10748,10750,10750,2,2
2020-05-05 15:56:02.463,10748,10750,10748,1,-1
2020-05-05 15:56:02.463,10748,10750,10748,2,-2
2020-05-05 15:56:02.465,10748,10750,10748,1,-1
2020-05-05 15:56:02.467,10748,10750,10747,1,-1
2020-05-05 15:56:02.467,10748,10750,10747,6,-6
2020-05-05 15:56:02.469,10748,10750,10746,2,-2
2020-05-05 15:56:02.481,10748,10750,10747,1,1
2020-05-05 15:56:02.483,10748,10750,10746,2,-2
2020-05-05 15:56:02.484,10748,10750,10746,1,-1
2020-05-05 15:56:02.485,10748,10750,10746,1,-1
2020-05-05 15:56:02.498,10748,10750,10746,1,-1
2020-05-05 15:56:02.501,10748,10750,10746,2,-2
2020-05-05 15:56:02.501,10748,10750,10746,4,-4
2020-05-05 15:56:02.502,10748,10750,10746,1,-1
2020-05-05 15:56:02.502,10748,10750,10746,1,-1
2020-05-05 15:56:02.580,10745,10747,10745,1,-1
2020-05-05 15:56:03.197,10745,10746,10746,1,1
2020-05-05 15:56:09.061,10746,10747,10747,2,2
2020-05-05 15:56:09.061,10746,10747,10747,1,1
2020-05-05 15:56:10.718,10747,10748,10747,1,-1
2020-05-05 15:56:12.506,10747,10749,10747,4,-4
2020-05-05 15:56:12.506,10747,10749,10747,1,-1
2020-05-05 15:56:15.648,10747,10749,10747,3,-3
2020-05-05 15:56:17.332,10747,10748,10747,1,-1
2020-05-05 15:56:17.406,10747,10748,10748,5,5
2020-05-05 15:56:18.337,10747,10748,10748,1,1
2020-05-05 15:56:21.669,10747,10748,10748,1,1
2020-05-05 15:56:34.365,10747,10748,10748,2,2
2020-05-05 15:56:35.537,10748,10749,10748,2,-2
2020-05-05 15:56:36.990,10748,10749,10748,1,-1
2020-05-05 15:56:43.444,10748,10749,10748,1,-1
2020-05-05 15:56:50.894,10748,10749,10748,1,-1
2020-05-05 15:56:51.034,10748,10749,10749,1,1
2020-05-05 15:57:01.104,10749,10750,10749,1,-1
2020-05-05 15:57:12.000,10749,10750,10749,1,-1
2020-05-05 15:57:13.475,10748,10749,10749,1,1
2020-05-05 15:57:17.586,10748,10749,10749,1,1
2020-05-05 15:57:25.956,10748,10749,10749,1,1
2020-05-05 15:57:34.158,10748,10749,10748,5,-5
2020-05-05 15:57:34.158,10748,10749,10748,1,-1
2020-05-05 15:57:39.107,10747,10748,10748,5,5
2020-05-05 15:57:39.857,10748,10749,10748,1,-1
2020-05-05 15:57:44.813,10747,10748,10748,1,1
2020-05-05 15:57:54.033,10747,10748,10748,1,1
2020-05-05 15:57:56.356,10748,10749,10749,1,1
