2021-10-07 15:00:00.057,16709,16710,16713,91,91
2021-10-07 15:00:00.059,16712,16713,16713,15,15
2021-10-07 15:00:00.170,16712,16714,16714,1,1
2021-10-07 15:00:00.170,16712,16714,16715,2,2
2021-10-07 15:00:00.251,16713,16715,16715,3,3
2021-10-07 15:00:00.272,16713,16715,16715,1,1
2021-10-07 15:00:00.272,16713,16715,16716,1,1
2021-10-07 15:00:00.272,16713,16715,16717,1,1
2021-10-07 15:00:00.272,16713,16715,16718,2,2
2021-10-07 15:00:00.410,16714,16719,16715,1,-1
2021-10-07 15:00:00.753,16715,16718,16717,3,3
2021-10-07 15:00:00.753,16715,16718,16717,2,-2
2021-10-07 15:00:00.758,16715,16718,16718,1,1
2021-10-07 15:00:00.758,16715,16718,16719,2,2
2021-10-07 15:00:00.788,16715,16718,16718,1,1
2021-10-07 15:00:00.788,16715,16718,16719,4,4
2021-10-07 15:00:00.789,16715,16718,16720,14,14
2021-10-07 15:00:00.789,16715,16718,16721,1,1
2021-10-07 15:00:00.810,16715,16718,16720,1,1
2021-10-07 15:00:00.983,16720,16721,16720,1,-1
2021-10-07 15:00:00.984,16720,16721,16720,4,-4
2021-10-07 15:00:00.984,16720,16721,16719,1,-1
2021-10-07 15:00:01.052,16720,16721,16721,1,1
2021-10-07 15:00:01.165,16719,16721,16719,1,-1
2021-10-07 15:00:01.195,16718,16721,16721,3,3
2021-10-07 15:00:01.195,16718,16721,16722,6,6
2021-10-07 15:00:01.195,16718,16721,16723,1,1
2021-10-07 15:00:01.226,16718,16721,16723,3,3
2021-10-07 15:00:01.299,16718,16721,16720,2,-2
2021-10-07 15:00:01.325,16719,16720,16719,1,-1
2021-10-07 15:00:01.344,16719,16720,16720,3,3
2021-10-07 15:00:01.379,16719,16720,16723,1,1
2021-10-07 15:00:01.456,16721,16723,16723,1,1
2021-10-07 15:00:01.656,16719,16722,16722,1,1
2021-10-07 15:00:01.656,16719,16722,16722,2,2
2021-10-07 15:00:01.656,16719,16722,16723,1,1
2021-10-07 15:00:01.667,16719,16722,16720,1,-1
2021-10-07 15:00:01.826,16721,16722,16721,1,1
2021-10-07 15:00:01.886,16721,16722,16722,1,1
2021-10-07 15:00:02.164,16721,16723,16721,1,-1
2021-10-07 15:00:02.165,16721,16723,16721,1,-1
2021-10-07 15:00:02.295,16719,16722,16722,1,1
2021-10-07 15:00:02.295,16719,16722,16723,1,1
2021-10-07 15:00:02.410,16719,16723,16719,5,-5
2021-10-07 15:00:02.410,16719,16723,16718,2,-2
2021-10-07 15:00:02.410,16719,16723,16717,3,-3
2021-10-07 15:00:02.410,16719,16723,16716,2,-2
2021-10-07 15:00:02.410,16719,16723,16715,1,-1
2021-10-07 15:00:02.410,16719,16723,16714,15,-15
2021-10-07 15:00:02.410,16719,16723,16712,2,-2
2021-10-07 15:00:02.411,16719,16723,16717,1,1
2021-10-07 15:00:02.412,16719,16723,16717,1,-1
2021-10-07 15:00:02.943,16717,16719,16717,2,-2
2021-10-07 15:00:02.943,16717,16719,16716,1,-1
2021-10-07 15:00:03.154,16716,16718,16716,1,-1
2021-10-07 15:00:03.155,16716,16718,16716,1,-1
2021-10-07 15:00:03.218,16714,16717,16717,1,1
2021-10-07 15:00:03.218,16714,16717,16718,2,2
2021-10-07 15:00:03.218,16714,16717,16719,1,1
2021-10-07 15:00:03.429,16717,16720,16717,1,-1
2021-10-07 15:00:03.473,16717,16720,16717,1,-1
2021-10-07 15:00:03.503,16717,16720,16718,2,2
2021-10-07 15:00:03.730,16716,16718,16716,1,-1
2021-10-07 15:00:03.734,16716,16718,16718,1,1
2021-10-07 15:00:03.976,16717,16718,16718,1,1
2021-10-07 15:00:03.987,16717,16718,16718,2,2
2021-10-07 15:00:03.987,16717,16718,16719,1,1
2021-10-07 15:00:04.011,16717,16718,16719,2,2
2021-10-07 15:00:04.011,16717,16718,16720,1,1
2021-10-07 15:00:04.181,16717,16720,16717,1,-1
2021-10-07 15:00:04.398,16717,16720,16717,2,-2
2021-10-07 15:00:04.398,16717,16720,16716,2,-2
2021-10-07 15:00:04.398,16717,16720,16715,2,-2
2021-10-07 15:00:04.587,16716,16719,16716,1,1
2021-10-07 15:00:04.597,16716,16719,16719,1,1
2021-10-07 15:00:04.667,16716,16719,16719,1,1
2021-10-07 15:00:04.667,16716,16719,16720,2,2
2021-10-07 15:00:04.685,16716,16719,16720,1,1
2021-10-07 15:00:04.704,16717,16721,16721,2,2
2021-10-07 15:00:04.779,16717,16721,16721,1,1
2021-10-07 15:00:04.901,16719,16722,16722,1,1
2021-10-07 15:00:04.957,16719,16722,16722,1,1
2021-10-07 15:00:05.012,16719,16722,16722,3,3
2021-10-07 15:00:05.012,16719,16722,16723,2,2
2021-10-07 15:00:05.037,16719,16722,16723,2,2
2021-10-07 15:00:05.037,16719,16722,16724,1,1
2021-10-07 15:00:05.131,16719,16724,16722,2,-2
2021-10-07 15:00:05.359,16720,16722,16720,1,-1
2021-10-07 15:00:05.573,16719,16720,16719,1,-1
2021-10-07 15:00:05.667,16719,16720,16720,1,1
2021-10-07 15:00:05.683,16719,16720,16720,2,2
2021-10-07 15:00:05.919,16721,16724,16721,2,2
2021-10-07 15:00:05.963,16720,16723,16720,1,-1
2021-10-07 15:00:06.152,16719,16722,16722,1,1
2021-10-07 15:00:06.156,16719,16722,16722,1,1
2021-10-07 15:00:06.156,16719,16722,16723,1,1
2021-10-07 15:00:06.178,16719,16722,16723,2,2
2021-10-07 15:00:06.406,16720,16722,16720,1,-1
2021-10-07 15:00:06.431,16720,16722,16719,1,-1
2021-10-07 15:00:06.831,16719,16720,16720,2,2
2021-10-07 15:00:06.931,16719,16720,16722,1,1
2021-10-07 15:00:06.950,16720,16723,16722,1,-1
2021-10-07 15:00:07.138,16721,16723,16719,1,-1
2021-10-07 15:00:07.153,16721,16723,16719,2,-2
2021-10-07 15:00:07.153,16721,16723,16718,4,-4
2021-10-07 15:00:07.153,16721,16723,16717,2,-2
2021-10-07 15:00:07.153,16721,16723,16716,3,-3
2021-10-07 15:00:07.153,16721,16723,16715,3,-3
2021-10-07 15:00:07.153,16721,16723,16714,8,-8
2021-10-07 15:00:07.153,16721,16723,16713,2,-2
2021-10-07 15:00:07.153,16721,16723,16712,6,-6
2021-10-07 15:00:07.155,16721,16723,16716,1,1
2021-10-07 15:00:07.155,16721,16723,16716,1,-1
2021-10-07 15:00:07.155,16721,16723,16716,1,-1
2021-10-07 15:00:07.185,16721,16723,16718,1,1
2021-10-07 15:00:07.185,16721,16723,16719,1,1
2021-10-07 15:00:07.185,16721,16723,16719,1,-1
2021-10-07 15:00:07.210,16719,16720,16719,1,-1
2021-10-07 15:00:07.285,16719,16720,16719,1,-1
2021-10-07 15:00:07.286,16719,16720,16719,4,-4
2021-10-07 15:00:07.286,16719,16720,16719,1,-1
2021-10-07 15:00:07.333,16716,16719,16717,1,-1
2021-10-07 15:00:07.475,16718,16721,16721,1,1
2021-10-07 15:00:07.483,16718,16721,16720,1,-1
2021-10-07 15:00:08.255,16721,16722,16722,2,2
2021-10-07 15:00:08.416,16721,16722,16722,1,1
2021-10-07 15:00:08.645,16721,16722,16721,1,-1
2021-10-07 15:00:08.645,16721,16722,16720,2,-2
2021-10-07 15:00:08.645,16721,16722,16719,2,-2
2021-10-07 15:00:08.747,16719,16721,16721,1,1
2021-10-07 15:00:09.140,16719,16721,16719,1,-1
2021-10-07 15:00:09.225,16718,16720,16720,1,1
2021-10-07 15:00:09.327,16719,16721,16719,1,-1
2021-10-07 15:00:09.420,16719,16721,16720,1,1
2021-10-07 15:00:09.654,16718,16721,16721,3,3
2021-10-07 15:00:10.167,16720,16721,16720,1,-1
2021-10-07 15:00:10.169,16720,16721,16720,2,-2
2021-10-07 15:00:10.269,16719,16721,16721,3,3
2021-10-07 15:00:10.319,16721,16722,16722,2,2
2021-10-07 15:00:10.784,16721,16723,16720,1,-1
2021-10-07 15:00:10.784,16721,16723,16719,1,-1
2021-10-07 15:00:11.242,16721,16722,16721,1,1
2021-10-07 15:00:11.451,16721,16722,16721,1,-1
2021-10-07 15:00:11.451,16721,16722,16721,1,-1
2021-10-07 15:00:11.451,16721,16722,16721,1,-1
2021-10-07 15:00:11.701,16721,16722,16721,1,-1
2021-10-07 15:00:11.796,16721,16722,16722,1,1
2021-10-07 15:00:12.294,16721,16722,16721,1,-1
2021-10-07 15:00:12.461,16721,16722,16721,1,-1
2021-10-07 15:00:12.474,16721,16722,16722,2,2
2021-10-07 15:00:13.967,16720,16721,16721,1,1
2021-10-07 15:00:14.008,16720,16721,16720,1,-1
2021-10-07 15:00:14.773,16720,16721,16721,1,1
2021-10-07 15:00:15.811,16720,16721,16720,1,-1
2021-10-07 15:00:15.920,16718,16720,16719,1,-1
2021-10-07 15:00:16.170,16719,16721,16719,2,-2
2021-10-07 15:00:16.170,16719,16721,16718,2,-2
2021-10-07 15:00:16.620,16718,16720,16720,2,2
2021-10-07 15:00:16.903,16718,16720,16719,1,-1
2021-10-07 15:00:16.903,16718,16720,16720,2,2
2021-10-07 15:00:17.244,16719,16720,16720,3,3
2021-10-07 15:00:17.282,16719,16720,16720,1,1
2021-10-07 15:00:17.318,16720,16721,16721,1,1
2021-10-07 15:00:17.360,16720,16721,16719,1,-1
2021-10-07 15:00:17.520,16719,16720,16720,1,1
2021-10-07 15:00:17.825,16719,16720,16719,2,-2
2021-10-07 15:00:18.464,16719,16720,16720,1,1
2021-10-07 15:00:18.695,16719,16720,16720,1,1
2021-10-07 15:00:18.737,16719,16720,16720,6,6
2021-10-07 15:00:18.764,16719,16720,16720,1,1
2021-10-07 15:00:19.484,16719,16721,16721,3,3
2021-10-07 15:00:19.743,16719,16721,16719,1,-1
2021-10-07 15:00:20.042,16718,16721,16721,1,1
2021-10-07 15:00:21.665,16718,16719,16718,1,-1
2021-10-07 15:00:21.665,16718,16719,16717,3,-3
2021-10-07 15:00:21.668,16718,16719,16717,1,-1
2021-10-07 15:00:22.065,16716,16719,16716,1,-1
2021-10-07 15:00:22.217,16716,16719,16719,1,1
2021-10-07 15:00:22.315,16716,16719,16719,2,2
2021-10-07 15:00:22.422,16716,16719,16716,2,-2
2021-10-07 15:00:22.422,16716,16719,16715,6,-6
2021-10-07 15:00:22.422,16716,16719,16714,2,-2
2021-10-07 15:00:22.865,16716,16717,16716,1,1
2021-10-07 15:00:22.865,16716,16717,16715,1,-1
2021-10-07 15:00:22.865,16716,16717,16714,3,-3
2021-10-07 15:00:22.865,16716,16717,16713,4,-4
2021-10-07 15:00:22.865,16716,16717,16712,1,-1
2021-10-07 15:00:23.720,16714,16716,16714,1,1
2021-10-07 15:00:24.616,16714,16716,16714,1,-1
2021-10-07 15:00:25.140,16714,16716,16716,3,3
2021-10-07 15:00:25.141,16714,16716,16716,3,3
2021-10-07 15:00:25.428,16716,16717,16717,1,1
2021-10-07 15:00:25.716,16715,16718,16718,1,1
2021-10-07 15:00:25.958,16716,16717,16716,1,-1
2021-10-07 15:00:25.958,16716,16717,16715,1,-1
2021-10-07 15:00:27.899,16714,16716,16716,2,2
2021-10-07 15:00:28.469,16715,16717,16717,1,1
2021-10-07 15:00:28.948,16715,16717,16717,9,9
2021-10-07 15:00:29.531,16716,16718,16718,1,1
2021-10-07 15:00:29.683,16716,16719,16717,5,-5
2021-10-07 15:00:29.826,16718,16719,16719,2,2
2021-10-07 15:00:30.144,16718,16719,16718,1,-1
2021-10-07 15:00:30.144,16718,16719,16717,1,-1
2021-10-07 15:00:30.144,16718,16719,16716,1,-1
2021-10-07 15:00:30.304,16716,16718,16718,1,1
2021-10-07 15:00:30.700,16717,16719,16719,1,1
2021-10-07 15:00:31.292,16718,16719,16718,1,-1
2021-10-07 15:00:31.292,16718,16719,16717,1,-1
2021-10-07 15:00:31.476,16717,16719,16717,1,-1
2021-10-07 15:00:31.815,16719,16720,16720,4,4
2021-10-07 15:00:32.298,16719,16720,16719,1,-1
2021-10-07 15:00:33.016,16718,16720,16720,1,1
2021-10-07 15:00:34.156,16718,16720,16719,1,-1
2021-10-07 15:00:35.285,16719,16720,16720,7,7
2021-10-07 15:00:35.286,16719,16720,16720,1,1
2021-10-07 15:00:35.287,16719,16720,16720,1,1
2021-10-07 15:00:35.366,16719,16721,16719,1,-1
2021-10-07 15:00:35.484,16719,16721,16721,1,1
2021-10-07 15:00:35.881,16719,16720,16719,1,-1
2021-10-07 15:00:36.200,16719,16720,16719,1,-1
2021-10-07 15:00:36.321,16719,16720,16720,1,1
2021-10-07 15:00:37.621,16719,16720,16719,1,-1
2021-10-07 15:00:38.345,16718,16719,16718,1,-1
2021-10-07 15:00:38.345,16718,16719,16717,2,-2
2021-10-07 15:00:38.932,16718,16719,16719,12,12
2021-10-07 15:00:38.933,16718,16719,16720,2,2
2021-10-07 15:00:39.379,16719,16720,16718,4,-4
2021-10-07 15:00:41.916,16717,16718,16717,5,-5
2021-10-07 15:00:42.919,16716,16718,16716,2,-2
2021-10-07 15:00:44.384,16716,16717,16716,1,-1
2021-10-07 15:00:44.385,16716,16717,16716,1,-1
2021-10-07 15:00:44.399,16716,16717,16716,1,-1
2021-10-07 15:00:45.024,16715,16716,16715,7,-7
2021-10-07 15:00:45.024,16715,16716,16714,3,-3
2021-10-07 15:00:46.758,16715,16716,16715,1,1
2021-10-07 15:00:47.460,16714,16715,16714,1,-1
2021-10-07 15:00:47.460,16714,16715,16714,2,-2
2021-10-07 15:00:47.460,16714,16715,16714,2,-2
2021-10-07 15:00:47.535,16714,16715,16714,1,-1
2021-10-07 15:00:47.568,16713,16715,16715,1,1
2021-10-07 15:00:47.568,16713,16715,16714,1,-1
2021-10-07 15:00:47.570,16713,16715,16714,1,-1
2021-10-07 15:00:47.891,16713,16715,16713,1,-1
2021-10-07 15:00:48.896,16713,16715,16713,3,-3
2021-10-07 15:00:48.897,16713,16715,16713,11,-11
2021-10-07 15:00:48.902,16713,16715,16713,1,-1
2021-10-07 15:00:48.902,16713,16715,16714,1,1
2021-10-07 15:00:49.221,16712,16714,16712,3,-3
2021-10-07 15:00:49.250,16712,16714,16712,1,-1
2021-10-07 15:00:50.162,16712,16713,16713,1,1
2021-10-07 15:00:50.502,16712,16714,16712,2,-2
2021-10-07 15:00:50.502,16712,16714,16711,1,-1
2021-10-07 15:00:51.609,16711,16713,16713,1,1
2021-10-07 15:00:52.778,16712,16713,16713,1,1
2021-10-07 15:00:55.016,16712,16714,16712,1,-1
2021-10-07 15:00:56.758,16713,16714,16713,3,3
2021-10-07 15:00:56.857,16713,16714,16713,1,-1
2021-10-07 15:00:57.250,16713,16714,16714,2,2
2021-10-07 15:00:57.805,16712,16713,16712,1,-1
2021-10-07 15:00:59.373,16711,16713,16711,5,-5
2021-10-07 15:00:59.443,16711,16713,16711,3,-3
2021-10-07 15:00:59.445,16711,16713,16711,3,-3
2021-10-07 15:01:00.096,16712,16713,16712,1,1
2021-10-07 15:01:00.118,16712,16713,16713,1,1
2021-10-07 15:01:00.146,16712,16713,16713,2,2
2021-10-07 15:01:00.179,16712,16713,16714,1,1
2021-10-07 15:01:00.203,16713,16714,16714,1,1
2021-10-07 15:01:00.259,16713,16714,16715,2,2
2021-10-07 15:01:00.479,16714,16715,16713,1,-1
2021-10-07 15:01:00.908,16713,16715,16714,1,1
2021-10-07 15:01:00.908,16713,16715,16713,2,-2
2021-10-07 15:01:01.537,16714,16715,16715,1,1
2021-10-07 15:01:01.537,16714,16715,16715,3,3
2021-10-07 15:01:01.568,16714,16716,16714,1,-1
2021-10-07 15:01:01.751,16714,16716,16714,1,-1
2021-10-07 15:01:02.303,16715,16716,16715,1,1
2021-10-07 15:01:02.362,16714,16716,16715,1,-1
2021-10-07 15:01:02.362,16714,16716,16715,1,-1
2021-10-07 15:01:03.662,16714,16715,16715,3,3
2021-10-07 15:01:04.459,16715,16716,16716,1,1
2021-10-07 15:01:04.459,16715,16716,16716,1,1
2021-10-07 15:01:04.459,16715,16716,16716,2,2
2021-10-07 15:01:04.523,16715,16716,16715,2,-2
2021-10-07 15:01:05.733,16714,16716,16715,1,-1
2021-10-07 15:01:05.733,16714,16716,16716,6,6
2021-10-07 15:01:05.733,16714,16716,16716,2,2
2021-10-07 15:01:05.733,16714,16716,16716,2,2
2021-10-07 15:01:05.734,16714,16716,16716,1,1
2021-10-07 15:01:05.734,16714,16716,16716,1,1
2021-10-07 15:01:05.734,16714,16716,16716,1,1
2021-10-07 15:01:05.734,16714,16716,16716,1,1
2021-10-07 15:01:05.735,16714,16716,16716,1,1
2021-10-07 15:01:06.679,16716,16717,16716,1,-1
2021-10-07 15:01:06.776,16716,16717,16717,2,2
2021-10-07 15:01:06.932,16716,16717,16717,1,1
2021-10-07 15:01:07.391,16717,16718,16718,1,1
2021-10-07 15:01:07.416,16717,16718,16717,1,-1
2021-10-07 15:01:07.443,16716,16718,16716,1,-1
2021-10-07 15:01:08.424,16717,16718,16718,1,1
2021-10-07 15:01:08.534,16717,16718,16718,4,4
2021-10-07 15:01:08.534,16717,16718,16719,1,1
2021-10-07 15:01:08.843,16717,16719,16718,1,-1
2021-10-07 15:01:09.074,16717,16719,16718,1,-1
2021-10-07 15:01:09.397,16717,16718,16717,1,-1
2021-10-07 15:01:09.656,16716,16718,16718,2,2
2021-10-07 15:01:09.749,16716,16719,16719,2,2
2021-10-07 15:01:09.800,16716,16719,16719,1,1
2021-10-07 15:01:11.624,16718,16719,16719,1,1
2021-10-07 15:01:11.968,16718,16719,16719,1,1
2021-10-07 15:01:14.277,16718,16719,16718,2,-2
2021-10-07 15:01:15.051,16717,16718,16718,1,1
2021-10-07 15:01:16.377,16717,16718,16718,1,1
2021-10-07 15:01:17.058,16717,16718,16717,1,-1
2021-10-07 15:01:18.173,16716,16718,16716,1,-1
2021-10-07 15:01:18.173,16716,16718,16716,1,-1
2021-10-07 15:01:18.840,16715,16716,16716,1,1
2021-10-07 15:01:19.035,16715,16716,16715,3,-3
2021-10-07 15:01:19.750,16714,16716,16714,1,-1
2021-10-07 15:01:19.794,16714,16716,16716,1,1
2021-10-07 15:01:19.971,16714,16716,16715,2,-2
2021-10-07 15:01:20.701,16714,16715,16714,1,-1
2021-10-07 15:01:20.701,16714,16715,16714,1,-1
2021-10-07 15:01:20.702,16714,16715,16714,1,-1
2021-10-07 15:01:21.066,16712,16714,16714,1,1
2021-10-07 15:01:21.435,16712,16714,16714,2,2
2021-10-07 15:01:21.655,16713,16715,16715,2,2
2021-10-07 15:01:21.842,16713,16716,16715,1,-1
2021-10-07 15:01:21.901,16713,16716,16715,1,-1
2021-10-07 15:01:21.901,16713,16716,16716,2,2
2021-10-07 15:01:22.451,16714,16716,16714,1,-1
2021-10-07 15:01:23.693,16713,16715,16713,2,-2
2021-10-07 15:01:23.980,16713,16714,16713,1,-1
2021-10-07 15:01:24.298,16713,16714,16713,1,-1
2021-10-07 15:01:24.298,16713,16714,16712,4,-4
2021-10-07 15:01:24.299,16713,16714,16712,3,-3
2021-10-07 15:01:24.583,16712,16713,16712,1,-1
2021-10-07 15:01:26.279,16711,16713,16713,1,1
2021-10-07 15:01:27.664,16713,16715,16715,3,3
2021-10-07 15:01:27.721,16713,16715,16715,3,3
2021-10-07 15:01:27.778,16713,16715,16715,1,1
2021-10-07 15:01:27.778,16713,16715,16715,2,2
2021-10-07 15:01:28.021,16713,16716,16713,1,-1
2021-10-07 15:01:28.164,16713,16716,16715,1,1
2021-10-07 15:01:28.265,16715,16716,16716,1,1
2021-10-07 15:01:28.827,16715,16716,16716,2,2
2021-10-07 15:01:29.089,16715,16717,16717,5,5
2021-10-07 15:01:29.089,16715,16717,16717,1,1
2021-10-07 15:01:29.109,16715,16717,16717,2,2
2021-10-07 15:01:29.110,16715,16717,16717,3,3
2021-10-07 15:01:29.111,16715,16717,16718,3,3
2021-10-07 15:01:29.176,16715,16717,16717,1,1
2021-10-07 15:01:29.176,16715,16717,16717,2,2
2021-10-07 15:01:29.732,16716,16717,16717,2,2
2021-10-07 15:01:29.732,16716,16717,16718,1,1
2021-10-07 15:01:31.707,16716,16718,16718,4,4
2021-10-07 15:01:31.707,16716,16718,16718,2,2
2021-10-07 15:01:32.171,16717,16718,16718,1,1
2021-10-07 15:01:32.978,16717,16718,16717,1,-1
2021-10-07 15:01:34.160,16716,16717,16716,3,-3
2021-10-07 15:01:35.195,16714,16715,16715,1,1
2021-10-07 15:01:36.169,16713,16715,16715,2,2
2021-10-07 15:01:39.329,16714,16716,16714,1,-1
2021-10-07 15:01:39.331,16714,16716,16714,1,-1
2021-10-07 15:01:39.442,16713,16715,16713,1,-1
2021-10-07 15:01:39.444,16713,16715,16713,1,-1
2021-10-07 15:01:41.128,16713,16715,16713,2,-2
2021-10-07 15:01:42.129,16713,16714,16714,2,2
2021-10-07 15:01:42.220,16714,16715,16714,1,-1
2021-10-07 15:01:46.671,16714,16715,16714,1,-1
2021-10-07 15:01:51.877,16713,16715,16713,3,-3
2021-10-07 15:01:53.095,16712,16713,16713,1,1
2021-10-07 15:01:57.468,16712,16713,16713,2,2
2021-10-07 15:01:57.690,16713,16714,16713,1,-1
2021-10-07 15:02:00.453,16712,16713,16713,1,1
2021-10-07 15:02:01.253,16712,16713,16712,1,-1
2021-10-07 15:02:01.253,16712,16713,16712,6,-6
2021-10-07 15:02:04.475,16711,16712,16712,2,2
2021-10-07 15:02:05.307,16712,16713,16712,1,-1
2021-10-07 15:02:05.613,16712,16713,16712,2,-2
2021-10-07 15:02:05.613,16712,16713,16711,5,-5
2021-10-07 15:02:05.670,16712,16713,16711,1,-1
2021-10-07 15:02:05.972,16710,16713,16710,2,-2
2021-10-07 15:02:06.432,16710,16712,16712,1,1
2021-10-07 15:02:08.404,16711,16713,16712,1,-1
2021-10-07 15:02:11.371,16711,16713,16711,1,-1
2021-10-07 15:02:11.642,16711,16713,16712,2,2
2021-10-07 15:02:12.395,16711,16713,16712,1,-1
2021-10-07 15:02:14.060,16712,16713,16713,7,7
2021-10-07 15:02:14.290,16713,16714,16714,1,1
2021-10-07 15:02:14.290,16713,16714,16714,5,5
2021-10-07 15:02:18.924,16713,16714,16714,1,1
2021-10-07 15:02:20.162,16712,16714,16714,1,1
2021-10-07 15:02:22.570,16712,16715,16713,1,-1
2021-10-07 15:02:24.465,16713,16715,16713,1,-1
2021-10-07 15:02:26.161,16714,16715,16715,1,1
2021-10-07 15:02:26.162,16714,16715,16715,1,1
2021-10-07 15:02:26.162,16714,16715,16715,2,2
2021-10-07 15:02:31.571,16713,16715,16713,2,-2
2021-10-07 15:02:31.571,16713,16715,16713,1,-1
2021-10-07 15:02:32.055,16712,16713,16712,1,-1
2021-10-07 15:02:32.056,16712,16713,16712,1,-1
2021-10-07 15:02:32.056,16712,16713,16712,2,-2
2021-10-07 15:02:32.130,16711,16713,16713,1,1
2021-10-07 15:02:32.440,16711,16712,16711,4,-4
2021-10-07 15:02:32.441,16711,16712,16711,3,-3
2021-10-07 15:02:36.126,16710,16711,16711,1,1
2021-10-07 15:02:39.935,16711,16712,16712,1,1
2021-10-07 15:02:41.950,16712,16713,16712,1,-1
2021-10-07 15:02:42.161,16711,16713,16711,4,-4
2021-10-07 15:02:43.827,16710,16711,16710,3,-3
2021-10-07 15:02:43.827,16710,16711,16710,1,-1
2021-10-07 15:02:43.828,16710,16711,16710,1,-1
2021-10-07 15:02:43.828,16710,16711,16710,1,-1
2021-10-07 15:02:43.828,16710,16711,16710,4,-4
2021-10-07 15:02:44.925,16709,16710,16709,1,-1
2021-10-07 15:02:45.617,16709,16710,16710,1,1
2021-10-07 15:02:46.559,16709,16710,16709,1,-1
2021-10-07 15:02:47.202,16709,16710,16709,1,-1
2021-10-07 15:02:47.819,16709,16710,16709,3,-3
2021-10-07 15:02:48.178,16709,16710,16709,4,-4
2021-10-07 15:02:48.544,16707,16709,16708,1,-1
2021-10-07 15:02:48.544,16707,16709,16707,2,-2
2021-10-07 15:02:48.659,16707,16709,16707,1,-1
2021-10-07 15:02:48.718,16707,16709,16709,1,1
2021-10-07 15:02:49.257,16707,16710,16709,1,-1
2021-10-07 15:02:50.312,16707,16708,16707,5,-5
2021-10-07 15:02:54.325,16707,16708,16708,1,1
2021-10-07 15:02:54.970,16708,16709,16708,1,-1
2021-10-07 15:02:54.970,16708,16709,16707,5,-5
2021-10-07 15:02:54.971,16708,16709,16707,7,-7
2021-10-07 15:02:55.955,16707,16709,16707,4,-4
2021-10-07 15:02:55.957,16707,16709,16707,1,-1
2021-10-07 15:02:56.439,16706,16709,16706,1,-1
2021-10-07 15:02:57.101,16706,16708,16707,1,1
2021-10-07 15:02:58.271,16707,16709,16709,5,5
2021-10-07 15:02:58.271,16707,16709,16710,9,9
2021-10-07 15:02:58.271,16707,16709,16711,17,17
2021-10-07 15:02:58.271,16707,16709,16712,6,6
2021-10-07 15:02:58.271,16707,16709,16713,13,13
2021-10-07 15:02:58.315,16707,16709,16712,1,1
2021-10-07 15:02:58.809,16711,16713,16711,1,-1
2021-10-07 15:02:58.904,16711,16713,16711,1,-1
2021-10-07 15:03:00.077,16710,16713,16713,2,2
2021-10-07 15:03:00.081,16710,16713,16713,1,1
2021-10-07 15:03:00.090,16710,16713,16713,1,1
2021-10-07 15:03:00.101,16710,16713,16713,1,1
2021-10-07 15:03:00.147,16710,16713,16713,1,1
2021-10-07 15:03:00.158,16710,16713,16713,1,1
2021-10-07 15:03:00.462,16711,16713,16711,2,-2
2021-10-07 15:03:03.633,16709,16711,16709,1,-1
2021-10-07 15:03:05.187,16709,16710,16710,1,1
2021-10-07 15:03:08.449,16710,16712,16710,1,-1
2021-10-07 15:03:09.120,16711,16712,16712,3,3
2021-10-07 15:03:10.982,16710,16713,16710,1,-1
2021-10-07 15:03:12.080,16711,16713,16712,1,1
2021-10-07 15:03:13.527,16711,16712,16712,4,4
2021-10-07 15:03:13.787,16712,16713,16712,1,-1
2021-10-07 15:03:17.473,16710,16711,16710,3,-3
2021-10-07 15:03:20.719,16709,16710,16710,1,1
2021-10-07 15:03:23.528,16710,16711,16711,2,2
2021-10-07 15:03:24.019,16710,16712,16710,1,-1
2021-10-07 15:03:24.894,16710,16712,16711,1,1
2021-10-07 15:03:25.107,16711,16712,16711,1,-1
2021-10-07 15:03:25.145,16711,16712,16712,6,6
2021-10-07 15:03:25.191,16712,16713,16713,1,1
2021-10-07 15:03:27.094,16712,16714,16712,1,-1
2021-10-07 15:03:27.636,16713,16714,16714,1,1
2021-10-07 15:03:27.653,16713,16714,16714,1,1
2021-10-07 15:03:29.487,16713,16715,16715,1,1
2021-10-07 15:03:30.809,16713,16715,16713,3,-3
2021-10-07 15:03:32.531,16713,16714,16714,1,1
2021-10-07 15:03:35.104,16713,16714,16713,1,-1
2021-10-07 15:03:39.096,16713,16714,16714,1,1
2021-10-07 15:03:39.096,16713,16714,16714,2,2
2021-10-07 15:03:40.947,16713,16714,16714,1,1
2021-10-07 15:03:44.505,16714,16715,16715,5,5
2021-10-07 15:03:44.794,16715,16716,16716,9,9
2021-10-07 15:03:44.794,16715,16716,16716,2,2
2021-10-07 15:03:45.951,16716,16717,16717,1,1
2021-10-07 15:03:45.951,16716,16717,16717,1,1
2021-10-07 15:03:45.951,16716,16717,16717,1,1
2021-10-07 15:03:45.951,16716,16717,16717,4,4
2021-10-07 15:03:45.951,16716,16717,16717,1,1
2021-10-07 15:03:45.951,16716,16717,16717,1,1
2021-10-07 15:03:46.176,16717,16718,16717,1,-1
2021-10-07 15:03:46.738,16716,16718,16716,1,-1
2021-10-07 15:03:50.673,16717,16718,16717,1,1
2021-10-07 15:03:53.470,16717,16718,16717,1,-1
2021-10-07 15:03:55.885,16717,16718,16717,1,-1
2021-10-07 15:03:56.793,16717,16718,16718,1,1
2021-10-07 15:03:56.955,16717,16718,16718,4,4
2021-10-07 15:03:57.934,16717,16718,16718,1,1
2021-10-07 15:03:59.398,16717,16718,16718,2,2
2021-10-07 15:03:59.399,16717,16718,16718,3,3
2021-10-07 15:03:59.621,16718,16719,16718,1,-1
2021-10-07 15:04:00.516,16718,16719,16719,2,2
2021-10-07 15:04:01.021,16718,16719,16718,1,-1
2021-10-07 15:04:01.403,16717,16719,16717,1,-1
2021-10-07 15:04:02.287,16718,16719,16718,1,1
2021-10-07 15:04:02.876,16717,16718,16718,3,3
2021-10-07 15:04:03.070,16717,16718,16718,2,2
2021-10-07 15:04:03.532,16717,16718,16718,1,1
2021-10-07 15:04:03.878,16717,16718,16718,2,2
2021-10-07 15:04:04.423,16717,16718,16717,1,-1
2021-10-07 15:04:05.410,16716,16717,16717,2,2
2021-10-07 15:04:05.626,16716,16718,16717,1,-1
2021-10-07 15:04:06.023,16716,16717,16717,2,2
2021-10-07 15:04:06.023,16716,16717,16718,1,1
2021-10-07 15:04:06.252,16716,16718,16716,1,-1
2021-10-07 15:04:06.451,16716,16717,16717,1,1
2021-10-07 15:04:09.015,16717,16718,16717,1,-1
2021-10-07 15:04:09.857,16717,16718,16717,1,-1
2021-10-07 15:04:10.424,16716,16718,16718,2,2
2021-10-07 15:04:10.663,16716,16718,16717,1,-1
2021-10-07 15:04:10.885,16717,16718,16717,1,-1
2021-10-07 15:04:14.680,16716,16717,16717,1,1
2021-10-07 15:04:15.473,16716,16718,16716,1,-1
2021-10-07 15:04:17.277,16717,16718,16718,1,1
2021-10-07 15:04:17.562,16717,16718,16718,1,1
2021-10-07 15:04:17.562,16717,16718,16718,1,1
2021-10-07 15:04:17.562,16717,16718,16718,2,2
2021-10-07 15:04:17.562,16717,16718,16718,4,4
2021-10-07 15:04:17.562,16717,16718,16718,1,1
2021-10-07 15:04:17.562,16717,16718,16718,8,8
2021-10-07 15:04:17.562,16717,16718,16718,1,1
2021-10-07 15:04:17.785,16718,16719,16719,2,2
2021-10-07 15:04:17.786,16718,16719,16719,4,4
2021-10-07 15:04:17.786,16718,16719,16719,1,1
2021-10-07 15:04:17.787,16718,16719,16719,2,2
2021-10-07 15:04:17.787,16718,16719,16719,4,4
2021-10-07 15:04:17.787,16718,16719,16719,1,1
2021-10-07 15:04:17.787,16718,16719,16719,1,1
2021-10-07 15:04:17.967,16719,16720,16720,1,1
2021-10-07 15:04:17.968,16719,16720,16720,1,1
2021-10-07 15:04:17.968,16719,16720,16720,3,3
2021-10-07 15:04:17.968,16719,16720,16720,1,1
2021-10-07 15:04:17.968,16719,16720,16720,1,1
2021-10-07 15:04:17.968,16719,16720,16720,1,1
2021-10-07 15:04:17.969,16719,16720,16720,2,2
2021-10-07 15:04:17.969,16719,16720,16720,3,3
2021-10-07 15:04:17.969,16719,16720,16720,3,3
2021-10-07 15:04:17.969,16719,16720,16720,2,2
2021-10-07 15:04:17.969,16719,16720,16720,3,3
2021-10-07 15:04:18.282,16720,16721,16720,1,-1
2021-10-07 15:04:18.318,16720,16721,16720,1,-1
2021-10-07 15:04:18.750,16720,16721,16721,20,20
2021-10-07 15:04:18.816,16720,16722,16722,3,3
2021-10-07 15:04:19.155,16720,16722,16720,6,-6
2021-10-07 15:04:19.155,16720,16722,16719,3,-3
2021-10-07 15:04:19.155,16720,16722,16718,1,-1
2021-10-07 15:04:19.158,16720,16722,16720,1,1
2021-10-07 15:04:19.186,16720,16722,16721,2,2
2021-10-07 15:04:19.365,16720,16721,16721,1,1
2021-10-07 15:04:19.365,16720,16721,16722,1,1
2021-10-07 15:04:19.595,16720,16722,16720,1,-1
2021-10-07 15:04:20.099,16720,16722,16722,1,1
2021-10-07 15:04:20.122,16720,16722,16722,3,3
2021-10-07 15:04:20.318,16720,16722,16720,1,-1
2021-10-07 15:04:20.747,16720,16722,16722,3,3
2021-10-07 15:04:21.035,16720,16721,16721,1,1
2021-10-07 15:04:21.438,16720,16722,16722,1,1
2021-10-07 15:04:22.051,16721,16722,16721,1,-1
2021-10-07 15:04:22.052,16721,16722,16721,2,-2
2021-10-07 15:04:22.059,16721,16722,16721,1,-1
2021-10-07 15:04:23.228,16720,16721,16721,2,2
2021-10-07 15:04:23.228,16720,16721,16722,1,1
2021-10-07 15:04:23.256,16720,16721,16722,10,10
2021-10-07 15:04:25.189,16720,16722,16720,1,-1
2021-10-07 15:04:29.918,16720,16721,16720,1,-1
2021-10-07 15:04:30.212,16719,16721,16721,1,1
2021-10-07 15:04:31.349,16720,16721,16721,1,1
2021-10-07 15:04:31.352,16720,16721,16721,2,2
2021-10-07 15:04:32.631,16720,16722,16720,1,-1
2021-10-07 15:04:35.426,16719,16720,16720,1,1
2021-10-07 15:04:35.671,16720,16721,16720,1,-1
2021-10-07 15:04:38.554,16719,16721,16719,3,-3
2021-10-07 15:04:39.775,16718,16720,16720,6,6
2021-10-07 15:04:42.788,16720,16721,16720,2,-2
2021-10-07 15:04:44.184,16720,16721,16721,1,1
2021-10-07 15:04:45.020,16720,16721,16720,13,-13
2021-10-07 15:04:45.504,16718,16719,16719,1,1
2021-10-07 15:04:46.223,16718,16719,16718,1,-1
2021-10-07 15:04:46.224,16718,16719,16718,2,-2
2021-10-07 15:04:46.224,16718,16719,16718,1,-1
2021-10-07 15:04:47.539,16717,16719,16719,2,2
2021-10-07 15:04:50.145,16717,16719,16717,2,-2
2021-10-07 15:04:54.549,16717,16718,16717,3,-3
2021-10-07 15:04:54.549,16717,16718,16716,2,-2
2021-10-07 15:04:54.554,16717,16718,16717,1,1
2021-10-07 15:04:55.085,16716,16717,16717,1,1
2021-10-07 15:04:58.810,16716,16718,16716,1,-1
2021-10-07 15:04:58.812,16716,16718,16716,1,-1
2021-10-07 15:04:58.812,16716,16718,16716,2,-2
2021-10-07 15:04:58.813,16716,16718,16716,1,-1
2021-10-07 15:04:58.813,16716,16718,16716,4,-4
2021-10-07 15:04:58.814,16716,16718,16716,1,-1
2021-10-07 15:04:59.740,16715,16717,16717,1,1
2021-10-07 15:04:59.814,16715,16717,16715,2,-2
2021-10-07 15:04:59.814,16715,16717,16714,1,-1
2021-10-07 15:05:00.820,16715,16717,16717,1,1
2021-10-07 15:05:02.487,16717,16718,16717,1,-1
2021-10-07 15:05:02.487,16717,16718,16717,1,-1
2021-10-07 15:05:03.274,16715,16718,16718,2,2
2021-10-07 15:05:11.154,16716,16717,16716,3,-3
2021-10-07 15:05:11.292,16715,16716,16715,1,-1
2021-10-07 15:05:12.186,16714,16716,16716,1,1
2021-10-07 15:05:12.833,16714,16715,16715,1,1
2021-10-07 15:05:15.848,16714,16715,16714,1,-1
2021-10-07 15:05:15.848,16714,16715,16714,2,-2
2021-10-07 15:05:16.887,16713,16714,16714,1,1
2021-10-07 15:05:16.986,16713,16714,16714,1,1
2021-10-07 15:05:17.126,16713,16714,16713,1,-1
2021-10-07 15:05:17.127,16713,16714,16713,3,-3
2021-10-07 15:05:19.784,16714,16715,16715,1,1
2021-10-07 15:05:19.892,16714,16715,16714,1,-1
2021-10-07 15:05:22.217,16713,16714,16714,1,1
2021-10-07 15:05:27.308,16713,16715,16715,1,1
2021-10-07 15:05:27.979,16713,16714,16714,1,1
2021-10-07 15:05:28.038,16713,16714,16715,1,1
2021-10-07 15:05:30.060,16713,16714,16714,1,1
2021-10-07 15:05:30.235,16713,16715,16713,3,-3
2021-10-07 15:05:31.089,16714,16716,16714,1,1
2021-10-07 15:05:31.089,16714,16716,16713,2,-2
2021-10-07 15:05:31.718,16713,16715,16713,3,-3
2021-10-07 15:05:32.098,16712,16714,16712,3,-3
2021-10-07 15:05:32.595,16712,16714,16714,1,1
2021-10-07 15:05:33.700,16713,16714,16713,1,-1
2021-10-07 15:05:36.525,16712,16713,16713,1,1
2021-10-07 15:05:37.246,16713,16714,16714,1,1
2021-10-07 15:05:37.481,16713,16714,16714,1,1
2021-10-07 15:05:37.481,16713,16714,16714,1,1
2021-10-07 15:05:38.215,16713,16715,16713,1,-1
2021-10-07 15:05:38.321,16713,16715,16713,3,-3
2021-10-07 15:05:38.321,16713,16715,16712,1,-1
2021-10-07 15:05:40.719,16712,16714,16714,1,1
2021-10-07 15:05:41.544,16712,16714,16714,1,1
2021-10-07 15:05:42.473,16713,16715,16713,3,-3
2021-10-07 15:05:43.360,16713,16715,16713,3,-3
2021-10-07 15:05:45.202,16712,16714,16712,4,-4
2021-10-07 15:05:46.201,16711,16712,16711,3,-3
2021-10-07 15:05:46.228,16711,16712,16711,1,-1
2021-10-07 15:05:46.285,16711,16712,16711,1,-1
2021-10-07 15:05:46.285,16711,16712,16710,2,-2
2021-10-07 15:05:46.932,16710,16712,16711,1,1
2021-10-07 15:05:50.055,16710,16711,16710,1,-1
2021-10-07 15:05:50.056,16710,16711,16710,1,-1
2021-10-07 15:05:50.056,16710,16711,16710,12,-12
2021-10-07 15:05:50.562,16709,16710,16709,1,-1
2021-10-07 15:05:50.846,16709,16710,16709,1,-1
2021-10-07 15:05:50.847,16709,16710,16709,1,-1
2021-10-07 15:05:50.847,16709,16710,16709,1,-1
2021-10-07 15:05:50.847,16709,16710,16709,2,-2
2021-10-07 15:05:50.907,16709,16710,16709,1,-1
2021-10-07 15:05:51.526,16708,16709,16709,1,1
2021-10-07 15:05:51.526,16708,16709,16710,1,1
2021-10-07 15:05:51.871,16708,16710,16710,1,1
2021-10-07 15:05:57.437,16709,16710,16710,1,1
2021-10-07 15:05:59.006,16709,16710,16710,1,1
2021-10-07 15:05:59.006,16709,16710,16710,5,5
2021-10-07 15:05:59.007,16709,16710,16710,4,4
2021-10-07 15:05:59.007,16709,16710,16710,1,1
2021-10-07 15:05:59.007,16709,16710,16710,1,1
2021-10-07 15:05:59.007,16709,16710,16710,8,8
2021-10-07 15:05:59.007,16709,16710,16710,1,1
2021-10-07 15:05:59.007,16709,16710,16710,6,6
2021-10-07 15:05:59.125,16710,16711,16710,3,-3
2021-10-07 15:06:00.746,16710,16711,16710,4,-4
2021-10-07 15:06:00.746,16710,16711,16709,6,-6
2021-10-07 15:06:02.701,16710,16711,16710,2,2
2021-10-07 15:06:03.504,16710,16711,16711,1,1
2021-10-07 15:06:03.504,16710,16711,16711,1,1
2021-10-07 15:06:05.147,16710,16712,16712,3,3
2021-10-07 15:06:05.231,16711,16713,16711,1,-1
2021-10-07 15:06:09.422,16712,16713,16712,2,2
2021-10-07 15:06:14.075,16711,16712,16711,1,-1
2021-10-07 15:06:14.075,16711,16712,16711,1,-1
2021-10-07 15:06:14.223,16710,16711,16710,5,-5
2021-10-07 15:06:14.736,16709,16711,16709,1,-1
2021-10-07 15:06:14.867,16709,16711,16711,3,3
2021-10-07 15:06:19.276,16709,16710,16710,1,1
2021-10-07 15:06:25.811,16711,16712,16711,2,2
2021-10-07 15:06:27.360,16710,16711,16711,1,1
2021-10-07 15:06:27.674,16710,16711,16711,1,1
2021-10-07 15:06:31.800,16710,16711,16711,1,1
2021-10-07 15:06:33.153,16710,16711,16711,1,1
2021-10-07 15:06:38.232,16710,16712,16710,6,-6
2021-10-07 15:06:38.232,16710,16712,16710,2,-2
2021-10-07 15:06:38.233,16710,16712,16710,1,-1
2021-10-07 15:06:38.263,16710,16712,16710,2,-2
2021-10-07 15:06:38.291,16710,16712,16710,26,-26
2021-10-07 15:06:38.291,16710,16712,16710,6,-6
2021-10-07 15:06:38.292,16710,16712,16710,1,-1
2021-10-07 15:06:38.292,16710,16712,16710,16,-16
2021-10-07 15:06:38.368,16709,16710,16709,1,-1
2021-10-07 15:06:38.368,16709,16710,16709,4,-4
2021-10-07 15:06:38.807,16708,16709,16708,6,-6
2021-10-07 15:06:38.807,16708,16709,16708,1,-1
2021-10-07 15:06:38.807,16708,16709,16708,1,-1
2021-10-07 15:06:38.807,16708,16709,16708,2,-2
2021-10-07 15:06:41.303,16707,16708,16707,4,-4
2021-10-07 15:06:46.820,16706,16707,16707,1,1
2021-10-07 15:06:55.986,16708,16709,16708,1,1
2021-10-07 15:07:01.669,16707,16708,16707,6,-6
2021-10-07 15:07:02.085,16706,16707,16706,1,-1
2021-10-07 15:07:02.312,16706,16707,16707,1,1
2021-10-07 15:07:03.461,16706,16707,16706,3,-3
2021-10-07 15:07:04.464,16706,16707,16706,1,-1
2021-10-07 15:07:04.542,16706,16707,16707,1,1
2021-10-07 15:07:04.949,16706,16708,16706,2,-2
2021-10-07 15:07:05.161,16706,16708,16708,17,17
2021-10-07 15:07:05.161,16706,16708,16709,11,11
2021-10-07 15:07:05.161,16706,16708,16710,16,16
2021-10-07 15:07:07.148,16708,16710,16708,2,-2
2021-10-07 15:07:10.998,16708,16709,16708,1,-1
2021-10-07 15:07:12.745,16707,16709,16708,1,-1
2021-10-07 15:07:15.551,16708,16709,16708,3,-3
2021-10-07 15:07:26.329,16708,16709,16709,1,1
2021-10-07 15:07:27.392,16708,16710,16710,1,1
2021-10-07 15:07:27.392,16708,16710,16710,5,5
2021-10-07 15:07:27.393,16708,16710,16710,1,1
2021-10-07 15:07:36.844,16708,16710,16710,1,1
2021-10-07 15:07:47.147,16709,16710,16709,1,-1
2021-10-07 15:07:49.177,16709,16710,16709,1,-1
2021-10-07 15:07:49.604,16708,16710,16710,2,2
2021-10-07 15:07:57.126,16709,16710,16710,2,2
2021-10-07 15:07:57.735,16709,16710,16709,4,-4
2021-10-07 15:07:58.444,16708,16709,16708,1,-1
2021-10-07 15:08:03.219,16708,16709,16708,1,-1
2021-10-07 15:08:03.219,16708,16709,16708,4,-4
2021-10-07 15:08:03.219,16708,16709,16708,1,-1
2021-10-07 15:08:03.219,16708,16709,16708,1,-1
2021-10-07 15:08:03.696,16707,16708,16707,6,-6
2021-10-07 15:08:03.816,16706,16707,16706,4,-4
2021-10-07 15:08:06.424,16706,16707,16707,1,1
2021-10-07 15:08:10.341,16707,16708,16708,1,1
2021-10-07 15:08:15.973,16707,16708,16708,1,1
2021-10-07 15:08:22.215,16707,16709,16707,1,-1
2021-10-07 15:08:25.922,16707,16708,16708,1,1
2021-10-07 15:08:27.717,16707,16709,16707,2,-2
2021-10-07 15:08:27.940,16707,16708,16707,2,-2
2021-10-07 15:08:27.975,16707,16708,16707,2,-2
2021-10-07 15:08:34.326,16706,16707,16706,1,-1
2021-10-07 15:08:35.376,16706,16707,16706,2,-2
2021-10-07 15:08:35.376,16706,16707,16706,2,-2
2021-10-07 15:08:35.376,16706,16707,16706,2,-2
2021-10-07 15:08:37.471,16705,16707,16707,1,1
2021-10-07 15:08:39.263,16705,16706,16706,1,1
2021-10-07 15:08:39.444,16706,16707,16707,1,1
2021-10-07 15:08:41.786,16706,16707,16706,1,-1
2021-10-07 15:08:47.825,16706,16707,16706,1,-1
2021-10-07 15:08:48.371,16706,16707,16706,1,-1
2021-10-07 15:08:48.371,16706,16707,16706,1,-1
2021-10-07 15:08:48.371,16706,16707,16706,1,-1
2021-10-07 15:08:48.371,16706,16707,16706,2,-2
2021-10-07 15:08:48.720,16705,16706,16706,3,3
2021-10-07 15:08:49.877,16705,16706,16705,12,-12
2021-10-07 15:08:52.700,16704,16705,16705,1,1
2021-10-07 15:08:54.356,16704,16706,16706,1,1
2021-10-07 15:08:55.641,16704,16705,16705,1,1
2021-10-07 15:08:57.850,16704,16705,16705,1,1
2021-10-07 15:09:02.120,16704,16705,16704,1,-1
2021-10-07 15:09:02.621,16704,16705,16705,1,1
2021-10-07 15:09:04.629,16704,16705,16705,5,5
2021-10-07 15:09:04.634,16704,16705,16704,1,-1
2021-10-07 15:09:05.372,16704,16705,16704,3,-3
2021-10-07 15:09:05.470,16704,16705,16704,2,-2
2021-10-07 15:09:06.985,16704,16705,16705,7,7
2021-10-07 15:09:06.993,16704,16705,16706,1,1
2021-10-07 15:09:07.066,16706,16707,16707,4,4
2021-10-07 15:09:07.173,16706,16707,16707,1,1
2021-10-07 15:09:07.173,16706,16707,16707,1,1
2021-10-07 15:09:07.173,16706,16707,16707,7,7
2021-10-07 15:09:07.174,16706,16707,16707,1,1
2021-10-07 15:09:07.174,16706,16707,16707,5,5
2021-10-07 15:09:07.174,16706,16707,16707,1,1
2021-10-07 15:09:07.174,16706,16707,16707,1,1
2021-10-07 15:09:12.690,16705,16706,16705,1,-1
2021-10-07 15:09:33.914,16704,16705,16704,2,-2
2021-10-07 15:09:34.767,16704,16705,16704,1,-1
2021-10-07 15:09:34.767,16704,16705,16704,8,-8
2021-10-07 15:09:34.833,16703,16704,16703,1,-1
2021-10-07 15:09:40.312,16703,16704,16703,1,-1
2021-10-07 15:09:41.938,16703,16704,16704,1,1
2021-10-07 15:09:42.041,16703,16705,16703,2,-2
2021-10-07 15:09:43.387,16703,16705,16703,2,-2
2021-10-07 15:09:46.651,16704,16705,16704,1,1
2021-10-07 15:09:46.651,16704,16705,16703,1,-1
2021-10-07 15:09:48.302,16703,16705,16703,10,-10
2021-10-07 15:09:49.845,16703,16705,16703,1,-1
2021-10-07 15:09:51.538,16704,16705,16705,2,2
2021-10-07 15:09:51.982,16704,16705,16704,1,-1
2021-10-07 15:09:52.912,16704,16705,16704,1,-1
2021-10-07 15:09:53.699,16703,16705,16703,2,-2
2021-10-07 15:09:56.283,16703,16704,16703,1,-1
2021-10-07 15:09:57.131,16703,16704,16704,1,1
2021-10-07 15:09:58.375,16703,16704,16703,3,-3
2021-10-07 15:09:59.093,16703,16704,16703,1,-1
2021-10-07 15:10:00.327,16703,16704,16703,1,-1
2021-10-07 15:10:00.532,16703,16704,16704,2,2
2021-10-07 15:10:00.549,16703,16704,16704,1,1
2021-10-07 15:10:00.549,16703,16704,16704,1,1
2021-10-07 15:10:00.550,16703,16704,16704,1,1
2021-10-07 15:10:00.550,16703,16704,16704,1,1
2021-10-07 15:10:00.550,16703,16704,16704,5,5
2021-10-07 15:10:00.568,16704,16705,16705,1,1
2021-10-07 15:10:00.571,16704,16705,16705,1,1
2021-10-07 15:10:00.575,16704,16705,16705,3,3
2021-10-07 15:10:00.591,16704,16705,16705,1,1
2021-10-07 15:10:00.601,16704,16705,16705,1,1
2021-10-07 15:10:00.606,16704,16705,16705,1,1
2021-10-07 15:10:00.606,16704,16705,16705,1,1
2021-10-07 15:10:00.609,16704,16705,16705,1,1
2021-10-07 15:10:00.637,16704,16705,16705,1,1
2021-10-07 15:10:00.637,16704,16705,16705,1,1
2021-10-07 15:10:00.637,16704,16705,16705,1,1
2021-10-07 15:10:00.648,16704,16705,16705,2,2
2021-10-07 15:10:00.648,16704,16705,16705,1,1
2021-10-07 15:10:00.742,16705,16706,16705,2,-2
2021-10-07 15:10:01.273,16704,16706,16706,1,1
2021-10-07 15:10:02.362,16704,16705,16705,1,1
2021-10-07 15:10:02.753,16705,16706,16705,1,-1
2021-10-07 15:10:03.905,16705,16706,16706,1,1
2021-10-07 15:10:05.201,16705,16707,16707,1,1
2021-10-07 15:10:13.090,16705,16706,16706,2,2
2021-10-07 15:10:13.145,16705,16706,16706,1,1
2021-10-07 15:10:13.299,16706,16707,16706,2,-2
2021-10-07 15:10:13.299,16706,16707,16705,6,-6
2021-10-07 15:10:16.335,16705,16706,16706,1,1
2021-10-07 15:10:20.662,16706,16707,16706,2,-2
2021-10-07 15:10:20.692,16706,16707,16707,2,2
2021-10-07 15:10:20.869,16706,16707,16707,2,2
2021-10-07 15:10:21.001,16706,16707,16707,2,2
2021-10-07 15:10:21.115,16706,16707,16707,2,2
2021-10-07 15:10:22.119,16706,16707,16707,2,2
2021-10-07 15:10:22.551,16706,16707,16707,4,4
2021-10-07 15:10:23.731,16707,16708,16708,5,5
2021-10-07 15:10:23.866,16708,16709,16709,1,1
2021-10-07 15:10:23.866,16708,16709,16710,3,3
2021-10-07 15:10:25.052,16708,16710,16708,1,-1
2021-10-07 15:10:25.326,16708,16710,16708,1,-1
2021-10-07 15:10:25.890,16708,16710,16708,1,-1
2021-10-07 15:10:27.517,16708,16710,16709,1,1
2021-10-07 15:10:29.904,16709,16710,16709,1,-1
2021-10-07 15:10:36.799,16709,16710,16710,5,5
2021-10-07 15:10:37.855,16709,16710,16709,2,-2
2021-10-07 15:10:38.836,16707,16708,16708,1,1
2021-10-07 15:10:39.049,16707,16708,16708,1,1
2021-10-07 15:10:43.765,16706,16708,16708,1,1
2021-10-07 15:10:47.396,16707,16709,16709,2,2
2021-10-07 15:10:59.821,16708,16709,16708,2,-2
2021-10-07 15:11:05.614,16705,16707,16707,1,1
2021-10-07 15:11:06.255,16705,16708,16708,2,2
2021-10-07 15:11:06.392,16705,16708,16708,2,2
2021-10-07 15:11:10.361,16706,16707,16706,1,-1
2021-10-07 15:11:12.040,16705,16706,16706,1,1
2021-10-07 15:11:14.505,16705,16706,16705,5,-5
2021-10-07 15:11:14.565,16704,16705,16704,1,-1
2021-10-07 15:11:15.218,16703,16705,16705,2,2
2021-10-07 15:11:16.013,16703,16705,16705,5,5
2021-10-07 15:11:16.248,16703,16704,16704,1,1
2021-10-07 15:11:16.963,16703,16705,16704,1,-1
2021-10-07 15:11:17.065,16703,16704,16703,1,-1
2021-10-07 15:11:21.635,16703,16704,16703,1,-1
2021-10-07 15:11:21.827,16703,16704,16703,1,-1
2021-10-07 15:11:23.428,16702,16703,16702,2,-2
2021-10-07 15:11:23.488,16702,16703,16702,9,-9
2021-10-07 15:11:23.488,16702,16703,16701,3,-3
2021-10-07 15:11:24.762,16701,16702,16702,1,1
2021-10-07 15:11:25.540,16701,16702,16702,1,1
2021-10-07 15:11:26.857,16701,16702,16701,7,-7
2021-10-07 15:11:26.858,16701,16702,16701,1,-1
2021-10-07 15:11:26.858,16701,16702,16701,2,-2
2021-10-07 15:11:26.858,16701,16702,16701,1,-1
2021-10-07 15:11:26.858,16701,16702,16701,4,-4
2021-10-07 15:11:26.858,16701,16702,16701,1,-1
2021-10-07 15:11:26.858,16701,16702,16701,1,-1
2021-10-07 15:11:28.015,16700,16701,16700,1,-1
2021-10-07 15:11:29.405,16700,16701,16700,3,-3
2021-10-07 15:11:29.844,16700,16702,16700,1,-1
2021-10-07 15:11:32.241,16701,16702,16702,1,1
2021-10-07 15:11:35.126,16701,16702,16702,2,2
2021-10-07 15:11:35.126,16701,16702,16703,8,8
2021-10-07 15:11:35.126,16701,16702,16704,1,1
2021-10-07 15:11:36.516,16701,16703,16701,1,-1
2021-10-07 15:11:39.544,16702,16703,16703,1,1
2021-10-07 15:11:39.771,16703,16704,16703,1,-1
2021-10-07 15:11:39.827,16703,16705,16704,1,1
2021-10-07 15:11:39.827,16703,16705,16704,2,-2
2021-10-07 15:11:39.991,16704,16705,16704,1,-1
2021-10-07 15:11:40.148,16704,16705,16703,1,-1
2021-10-07 15:11:42.979,16704,16705,16704,1,1
2021-10-07 15:11:44.028,16704,16705,16705,1,1
2021-10-07 15:11:44.315,16705,16706,16706,1,1
2021-10-07 15:11:45.813,16705,16706,16705,1,-1
2021-10-07 15:11:53.359,16704,16705,16704,2,-2
2021-10-07 15:11:53.359,16704,16705,16704,1,-1
2021-10-07 15:11:54.597,16701,16703,16703,1,1
2021-10-07 15:11:56.498,16701,16702,16701,1,-1
2021-10-07 15:11:56.940,16701,16702,16701,1,-1
2021-10-07 15:11:57.872,16700,16701,16701,1,1
2021-10-07 15:11:57.872,16700,16701,16701,2,2
2021-10-07 15:12:01.074,16700,16701,16701,3,3
2021-10-07 15:12:01.334,16701,16702,16701,1,-1
2021-10-07 15:12:07.790,16702,16703,16702,1,1
2021-10-07 15:12:07.791,16702,16703,16702,2,-2
2021-10-07 15:12:09.973,16701,16702,16702,1,1
2021-10-07 15:12:11.698,16702,16703,16702,1,-1
2021-10-07 15:12:11.712,16702,16703,16702,4,-4
2021-10-07 15:12:16.297,16701,16702,16702,1,1
2021-10-07 15:12:16.796,16701,16702,16702,1,1
2021-10-07 15:12:20.492,16702,16703,16702,1,-1
2021-10-07 15:12:29.801,16702,16703,16703,2,2
2021-10-07 15:12:29.945,16702,16703,16702,11,-11
2021-10-07 15:12:33.077,16701,16702,16702,1,1
2021-10-07 15:12:36.974,16701,16702,16702,1,1
2021-10-07 15:12:37.539,16701,16702,16701,4,-4
2021-10-07 15:12:37.565,16701,16702,16701,2,-2
2021-10-07 15:12:40.502,16700,16701,16700,16,-16
2021-10-07 15:12:40.507,16700,16701,16699,9,-9
2021-10-07 15:12:40.697,16698,16699,16698,1,-1
2021-10-07 15:12:40.826,16698,16699,16698,3,-3
2021-10-07 15:12:40.827,16698,16699,16698,2,-2
2021-10-07 15:12:41.057,16697,16698,16697,5,-5
2021-10-07 15:12:42.931,16696,16697,16696,2,-2
2021-10-07 15:12:43.745,16696,16697,16697,1,1
2021-10-07 15:12:44.466,16696,16697,16696,5,-5
2021-10-07 15:12:45.799,16695,16696,16696,1,1
2021-10-07 15:12:46.134,16695,16696,16695,1,-1
2021-10-07 15:12:46.134,16695,16696,16695,3,-3
2021-10-07 15:12:46.135,16695,16696,16695,3,-3
2021-10-07 15:12:46.654,16694,16695,16694,1,-1
2021-10-07 15:12:48.081,16694,16695,16695,1,1
2021-10-07 15:12:48.302,16694,16695,16695,1,1
2021-10-07 15:12:48.656,16695,16696,16695,1,-1
2021-10-07 15:12:50.562,16695,16696,16696,1,1
2021-10-07 15:12:50.969,16694,16696,16694,6,-6
2021-10-07 15:12:51.707,16694,16696,16696,1,1
2021-10-07 15:12:53.547,16695,16696,16696,1,1
2021-10-07 15:12:53.627,16695,16696,16695,1,-1
2021-10-07 15:12:54.249,16694,16696,16696,3,3
2021-10-07 15:12:56.494,16695,16696,16696,1,1
2021-10-07 15:12:57.913,16695,16696,16696,1,1
2021-10-07 15:12:59.037,16695,16696,16696,1,1
2021-10-07 15:12:59.037,16695,16696,16696,1,1
2021-10-07 15:13:03.436,16697,16699,16697,2,2
2021-10-07 15:13:06.117,16697,16698,16698,1,1
2021-10-07 15:13:08.274,16697,16699,16697,2,-2
2021-10-07 15:13:10.417,16696,16699,16698,1,1
2021-10-07 15:13:14.333,16697,16699,16699,1,1
2021-10-07 15:13:23.855,16697,16698,16697,2,-2
2021-10-07 15:13:23.880,16697,16698,16697,2,-2
2021-10-07 15:13:23.905,16697,16698,16697,1,-1
2021-10-07 15:13:26.163,16696,16697,16697,2,2
2021-10-07 15:13:31.484,16696,16697,16697,1,1
2021-10-07 15:13:33.745,16697,16698,16698,1,1
2021-10-07 15:13:34.258,16697,16698,16698,1,1
2021-10-07 15:13:37.534,16697,16698,16697,1,-1
2021-10-07 15:13:41.785,16697,16698,16697,1,-1
2021-10-07 15:13:41.785,16697,16698,16697,1,-1
2021-10-07 15:13:44.302,16696,16698,16696,1,-1
2021-10-07 15:13:45.079,16696,16697,16697,2,2
2021-10-07 15:13:48.245,16696,16697,16697,1,1
2021-10-07 15:13:48.515,16696,16697,16696,1,-1
2021-10-07 15:13:48.980,16696,16697,16696,3,-3
2021-10-07 15:13:53.638,16696,16697,16696,4,-4
2021-10-07 15:13:54.744,16696,16697,16697,10,10
2021-10-07 15:13:55.649,16697,16698,16698,1,1
2021-10-07 15:13:55.649,16697,16698,16698,6,6
2021-10-07 15:13:55.815,16698,16699,16698,1,-1
2021-10-07 15:13:55.905,16698,16699,16697,8,-8
2021-10-07 15:13:55.906,16698,16699,16697,1,-1
2021-10-07 15:13:55.906,16698,16699,16697,2,-2
2021-10-07 15:13:59.784,16697,16698,16697,1,-1
2021-10-07 15:14:01.873,16697,16698,16698,1,1
2021-10-07 15:14:07.160,16698,16699,16699,1,1
2021-10-07 15:14:07.160,16698,16699,16699,3,3
2021-10-07 15:14:10.183,16699,16700,16700,1,1
2021-10-07 15:14:10.183,16699,16700,16700,4,4
2021-10-07 15:14:10.183,16699,16700,16700,2,2
2021-10-07 15:14:11.773,16700,16701,16701,1,1
2021-10-07 15:14:12.848,16700,16701,16700,1,-1
2021-10-07 15:14:14.376,16700,16701,16700,1,-1
2021-10-07 15:14:20.883,16699,16700,16700,1,1
2021-10-07 15:14:23.252,16700,16701,16700,1,-1
2021-10-07 15:14:24.234,16700,16701,16700,1,-1
2021-10-07 15:14:24.234,16700,16701,16699,4,-4
2021-10-07 15:14:29.487,16700,16701,16700,1,1
2021-10-07 15:14:29.487,16700,16701,16700,1,-1
2021-10-07 15:14:36.180,16699,16700,16699,1,-1
2021-10-07 15:14:36.180,16699,16700,16699,2,-2
2021-10-07 15:14:39.492,16699,16700,16699,1,-1
2021-10-07 15:14:40.416,16699,16700,16699,1,-1
2021-10-07 15:14:41.394,16699,16700,16700,1,1
2021-10-07 15:14:44.729,16698,16700,16700,2,2
2021-10-07 15:14:48.493,16698,16699,16698,10,-10
2021-10-07 15:14:48.493,16698,16699,16698,1,-1
2021-10-07 15:14:48.494,16698,16699,16698,1,-1
2021-10-07 15:14:49.203,16697,16698,16698,1,1
2021-10-07 15:14:51.500,16697,16698,16698,1,1
2021-10-07 15:14:56.168,16697,16698,16698,2,2
2021-10-07 15:14:59.422,16697,16698,16697,1,-1
2021-10-07 15:15:00.139,16697,16698,16698,1,1
2021-10-07 15:15:00.181,16697,16698,16698,2,2
2021-10-07 15:15:00.463,16697,16698,16697,1,-1
2021-10-07 15:15:00.463,16697,16698,16696,1,-1
2021-10-07 15:15:00.464,16697,16698,16696,3,-3
2021-10-07 15:15:00.477,16697,16698,16696,1,-1
2021-10-07 15:15:00.488,16697,16698,16696,1,-1
2021-10-07 15:15:00.498,16697,16698,16696,1,-1
2021-10-07 15:15:00.500,16697,16698,16696,1,-1
2021-10-07 15:15:00.503,16697,16698,16696,1,-1
2021-10-07 15:15:00.505,16697,16698,16695,1,-1
2021-10-07 15:15:00.521,16697,16698,16695,1,-1
2021-10-07 15:15:00.523,16697,16698,16695,1,-1
2021-10-07 15:15:00.537,16697,16698,16695,2,-2
2021-10-07 15:15:00.537,16697,16698,16695,1,-1
2021-10-07 15:15:00.567,16695,16696,16695,1,-1
2021-10-07 15:15:00.613,16695,16696,16694,1,-1
2021-10-07 15:15:00.641,16695,16696,16695,1,1
2021-10-07 15:15:00.682,16695,16696,16694,1,-1
2021-10-07 15:15:00.868,16695,16696,16695,1,1
2021-10-07 15:15:01.052,16694,16696,16695,1,-1
2021-10-07 15:15:02.162,16695,16697,16697,1,1
2021-10-07 15:15:03.065,16697,16698,16698,2,2
2021-10-07 15:15:03.505,16698,16699,16698,1,-1
2021-10-07 15:15:09.055,16697,16698,16698,1,1
2021-10-07 15:15:10.605,16698,16699,16699,2,2
2021-10-07 15:15:10.605,16698,16699,16700,2,2
2021-10-07 15:15:11.177,16698,16699,16699,1,1
2021-10-07 15:15:11.432,16698,16700,16698,1,-1
2021-10-07 15:15:14.265,16699,16700,16700,6,6
2021-10-07 15:15:14.265,16699,16700,16700,1,1
2021-10-07 15:15:14.265,16699,16700,16700,44,44
2021-10-07 15:15:14.265,16699,16700,16700,3,3
2021-10-07 15:15:14.267,16699,16700,16701,1,1
2021-10-07 15:15:14.284,16699,16700,16701,2,2
2021-10-07 15:15:15.306,16701,16702,16702,4,4
2021-10-07 15:15:16.026,16702,16703,16703,3,3
2021-10-07 15:15:16.237,16703,16704,16704,1,1
2021-10-07 15:15:17.268,16703,16704,16704,1,1
2021-10-07 15:15:17.501,16703,16704,16703,1,-1
2021-10-07 15:15:18.815,16703,16704,16703,3,-3
2021-10-07 15:15:19.435,16703,16704,16703,1,-1
2021-10-07 15:15:19.607,16703,16704,16703,1,-1
2021-10-07 15:15:19.616,16703,16704,16703,1,-1
2021-10-07 15:15:20.197,16703,16704,16704,1,1
2021-10-07 15:15:21.463,16703,16704,16703,1,-1
2021-10-07 15:15:21.958,16703,16704,16704,1,1
2021-10-07 15:15:22.009,16703,16704,16703,1,-1
2021-10-07 15:15:23.266,16703,16704,16703,1,-1
2021-10-07 15:15:23.473,16703,16704,16703,1,-1
2021-10-07 15:15:27.828,16703,16704,16703,1,-1
2021-10-07 15:15:29.794,16703,16704,16704,1,1
2021-10-07 15:15:31.428,16704,16705,16705,2,2
2021-10-07 15:15:31.625,16704,16705,16704,1,-1
2021-10-07 15:15:31.719,16704,16705,16705,1,1
2021-10-07 15:15:35.209,16704,16705,16704,1,-1
2021-10-07 15:15:35.209,16704,16705,16703,3,-3
2021-10-07 15:15:35.275,16704,16705,16705,3,3
2021-10-07 15:15:39.188,16703,16704,16704,1,1
2021-10-07 15:15:41.067,16703,16705,16705,2,2
2021-10-07 15:15:50.897,16703,16704,16703,3,-3
2021-10-07 15:15:51.002,16703,16704,16703,1,-1
2021-10-07 15:15:51.427,16702,16704,16702,1,-1
2021-10-07 15:15:51.917,16702,16704,16704,1,1
2021-10-07 15:15:57.337,16701,16703,16703,1,1
2021-10-07 15:15:59.064,16701,16702,16702,2,2
2021-10-07 15:16:00.648,16701,16702,16701,1,-1
2021-10-07 15:16:01.238,16699,16701,16701,1,1
2021-10-07 15:16:02.050,16699,16701,16701,7,7
2021-10-07 15:16:02.050,16699,16701,16702,13,13
2021-10-07 15:16:04.060,16700,16701,16701,1,1
2021-10-07 15:16:04.808,16700,16702,16702,1,1
2021-10-07 15:16:08.901,16700,16701,16700,2,-2
2021-10-07 15:16:08.978,16699,16701,16699,1,-1
2021-10-07 15:16:13.850,16699,16700,16699,2,-2
2021-10-07 15:16:13.855,16699,16700,16699,1,-1
2021-10-07 15:16:14.433,16698,16699,16699,2,2
2021-10-07 15:16:14.433,16698,16699,16700,4,4
2021-10-07 15:16:14.433,16698,16699,16701,4,4
2021-10-07 15:16:15.092,16698,16700,16700,1,1
2021-10-07 15:16:31.590,16699,16700,16699,3,-3
2021-10-07 15:16:42.853,16698,16700,16698,1,-1
2021-10-07 15:16:42.898,16698,16700,16698,2,-2
2021-10-07 15:16:44.120,16697,16698,16697,2,-2
2021-10-07 15:16:44.121,16697,16698,16697,1,-1
2021-10-07 15:16:44.264,16696,16697,16697,1,1
2021-10-07 15:16:45.345,16696,16697,16696,3,-3
2021-10-07 15:16:45.566,16695,16697,16697,1,1
2021-10-07 15:16:45.879,16695,16697,16696,1,-1
2021-10-07 15:16:46.565,16695,16696,16695,2,-2
2021-10-07 15:16:46.566,16695,16696,16695,5,-5
2021-10-07 15:16:46.566,16695,16696,16695,7,-7
2021-10-07 15:16:51.031,16694,16695,16695,1,1
2021-10-07 15:16:51.230,16694,16695,16695,1,1
2021-10-07 15:16:51.453,16695,16697,16695,1,-1
2021-10-07 15:16:59.381,16695,16696,16695,3,-3
2021-10-07 15:17:01.030,16694,16695,16695,1,1
2021-10-07 15:17:02.013,16694,16695,16695,2,2
2021-10-07 15:17:02.128,16694,16695,16694,1,-1
2021-10-07 15:17:02.255,16694,16695,16694,1,-1
2021-10-07 15:17:02.366,16694,16695,16694,4,-4
2021-10-07 15:17:03.519,16693,16694,16693,1,-1
2021-10-07 15:17:03.555,16693,16694,16693,1,-1
2021-10-07 15:17:04.341,16693,16694,16693,4,-4
2021-10-07 15:17:04.341,16693,16694,16693,1,-1
2021-10-07 15:17:04.342,16693,16694,16693,2,-2
2021-10-07 15:17:06.139,16692,16693,16692,5,-5
2021-10-07 15:17:06.244,16692,16693,16692,2,-2
2021-10-07 15:17:06.244,16692,16693,16691,4,-4
2021-10-07 15:17:06.379,16691,16692,16691,1,-1
2021-10-07 15:17:06.389,16691,16692,16691,1,-1
2021-10-07 15:17:06.397,16691,16692,16691,1,-1
2021-10-07 15:17:06.397,16691,16692,16690,1,-1
2021-10-07 15:17:06.399,16691,16692,16690,1,-1
2021-10-07 15:17:06.404,16691,16692,16690,1,-1
2021-10-07 15:17:06.415,16691,16692,16690,1,-1
2021-10-07 15:17:06.420,16691,16692,16690,1,-1
2021-10-07 15:17:06.425,16691,16692,16690,1,-1
2021-10-07 15:17:06.441,16690,16691,16690,1,-1
2021-10-07 15:17:06.462,16690,16691,16690,1,-1
2021-10-07 15:17:06.477,16690,16691,16690,1,-1
2021-10-07 15:17:06.478,16690,16691,16690,2,-2
2021-10-07 15:17:06.503,16690,16691,16691,1,1
2021-10-07 15:17:06.504,16690,16691,16690,1,-1
2021-10-07 15:17:06.519,16690,16691,16690,2,-2
2021-10-07 15:17:06.519,16690,16691,16689,2,-2
2021-10-07 15:17:06.524,16690,16691,16689,4,-4
2021-10-07 15:17:06.575,16689,16690,16689,1,-1
2021-10-07 15:17:06.631,16689,16690,16689,1,-1
2021-10-07 15:17:06.675,16689,16690,16688,1,-1
2021-10-07 15:17:06.676,16689,16690,16689,1,1
2021-10-07 15:17:06.682,16689,16690,16688,1,-1
2021-10-07 15:17:06.686,16689,16690,16688,1,-1
2021-10-07 15:17:06.747,16688,16689,16688,2,-2
2021-10-07 15:17:06.783,16688,16689,16688,1,-1
2021-10-07 15:17:06.783,16688,16689,16688,1,-1
2021-10-07 15:17:06.788,16688,16689,16688,1,-1
2021-10-07 15:17:06.830,16688,16689,16688,2,-2
2021-10-07 15:17:06.866,16688,16689,16688,2,-2
2021-10-07 15:17:06.875,16688,16689,16688,1,-1
2021-10-07 15:17:06.876,16688,16689,16688,5,-5
2021-10-07 15:17:06.876,16688,16689,16688,1,-1
2021-10-07 15:17:06.877,16688,16689,16688,2,-2
2021-10-07 15:17:06.877,16688,16689,16688,2,-2
2021-10-07 15:17:06.877,16688,16689,16688,4,-4
2021-10-07 15:17:06.877,16688,16689,16688,1,-1
2021-10-07 15:17:06.877,16688,16689,16688,8,-8
2021-10-07 15:17:06.880,16688,16689,16687,1,-1
2021-10-07 15:17:06.894,16688,16689,16687,1,-1
2021-10-07 15:17:06.914,16688,16689,16688,3,3
2021-10-07 15:17:06.920,16688,16689,16686,1,-1
2021-10-07 15:17:06.964,16686,16688,16686,1,-1
2021-10-07 15:17:06.996,16686,16688,16686,1,-1
2021-10-07 15:17:07.035,16686,16688,16686,1,-1
2021-10-07 15:17:07.035,16686,16688,16686,1,-1
2021-10-07 15:17:07.190,16687,16689,16687,1,1
2021-10-07 15:17:07.271,16687,16689,16687,2,-2
2021-10-07 15:17:07.275,16687,16689,16686,2,-2
2021-10-07 15:17:07.302,16687,16689,16686,1,-1
2021-10-07 15:17:07.524,16686,16688,16686,1,-1
2021-10-07 15:17:07.550,16686,16688,16686,2,-2
2021-10-07 15:17:07.551,16686,16688,16687,2,2
2021-10-07 15:17:07.580,16687,16688,16687,1,-1
2021-10-07 15:17:07.591,16687,16688,16688,1,1
2021-10-07 15:17:07.630,16687,16688,16686,2,-2
2021-10-07 15:17:07.630,16687,16688,16686,1,-1
2021-10-07 15:17:07.637,16687,16688,16686,1,-1
2021-10-07 15:17:07.648,16687,16688,16686,1,-1
2021-10-07 15:17:07.654,16687,16688,16686,1,-1
2021-10-07 15:17:08.092,16686,16688,16686,4,-4
2021-10-07 15:17:08.092,16686,16688,16685,2,-2
2021-10-07 15:17:08.093,16686,16688,16685,1,-1
2021-10-07 15:17:08.109,16686,16688,16686,1,1
2021-10-07 15:17:08.217,16686,16688,16686,1,-1
2021-10-07 15:17:08.389,16686,16688,16686,2,-2
2021-10-07 15:17:08.389,16686,16688,16688,1,1
2021-10-07 15:17:08.616,16686,16688,16686,1,-1
2021-10-07 15:17:10.295,16686,16688,16686,1,-1
2021-10-07 15:17:11.178,16686,16688,16686,1,-1
2021-10-07 15:17:11.350,16686,16688,16688,9,9
2021-10-07 15:17:11.467,16688,16690,16688,2,-2
2021-10-07 15:17:12.277,16689,16690,16689,1,1
2021-10-07 15:17:12.440,16689,16690,16689,1,-1
2021-10-07 15:17:12.761,16688,16690,16690,1,1
2021-10-07 15:17:17.450,16688,16689,16688,1,-1
2021-10-07 15:17:17.502,16688,16689,16688,1,-1
2021-10-07 15:17:17.668,16687,16689,16687,1,-1
2021-10-07 15:17:17.673,16687,16689,16687,1,-1
2021-10-07 15:17:18.055,16687,16689,16687,1,-1
2021-10-07 15:17:18.068,16687,16689,16687,1,-1
2021-10-07 15:17:18.068,16687,16689,16686,1,-1
2021-10-07 15:17:21.876,16687,16688,16687,1,1
2021-10-07 15:17:22.420,16686,16688,16686,1,-1
2021-10-07 15:17:23.632,16687,16688,16687,1,1
2021-10-07 15:17:24.972,16686,16687,16687,3,3
2021-10-07 15:17:25.291,16686,16688,16688,1,1
2021-10-07 15:17:25.291,16686,16688,16689,2,2
2021-10-07 15:17:26.337,16687,16689,16687,1,-1
2021-10-07 15:17:26.681,16686,16688,16687,1,-1
2021-10-07 15:17:27.919,16686,16689,16686,1,-1
2021-10-07 15:17:27.943,16686,16688,16686,1,-1
2021-10-07 15:17:32.057,16686,16687,16686,1,-1
2021-10-07 15:17:32.579,16686,16687,16686,4,-4
2021-10-07 15:17:32.942,16685,16686,16686,1,1
2021-10-07 15:17:33.162,16685,16686,16685,1,-1
2021-10-07 15:17:33.162,16685,16686,16685,4,-4
2021-10-07 15:17:33.163,16685,16686,16685,4,-4
2021-10-07 15:17:33.163,16685,16686,16685,1,-1
2021-10-07 15:17:33.163,16685,16686,16685,1,-1
2021-10-07 15:17:33.163,16685,16686,16685,2,-2
2021-10-07 15:17:33.559,16684,16685,16684,3,-3
2021-10-07 15:17:33.918,16684,16685,16685,1,1
2021-10-07 15:17:34.420,16684,16685,16685,1,1
2021-10-07 15:17:34.871,16684,16685,16684,1,-1
2021-10-07 15:17:34.872,16684,16685,16684,1,-1
2021-10-07 15:17:34.955,16683,16684,16684,1,1
2021-10-07 15:17:36.860,16683,16684,16683,1,-1
2021-10-07 15:17:37.074,16683,16684,16684,1,1
2021-10-07 15:17:37.087,16683,16684,16683,1,-1
2021-10-07 15:17:37.194,16683,16685,16683,1,-1
2021-10-07 15:17:37.232,16683,16685,16683,1,-1
2021-10-07 15:17:37.333,16683,16685,16683,2,-2
2021-10-07 15:17:37.342,16683,16685,16683,1,-1
2021-10-07 15:17:37.356,16683,16685,16683,1,-1
2021-10-07 15:17:37.356,16683,16685,16682,4,-4
2021-10-07 15:17:37.387,16683,16685,16682,1,-1
2021-10-07 15:17:37.643,16682,16684,16682,1,-1
2021-10-07 15:17:37.646,16682,16684,16682,1,-1
2021-10-07 15:17:37.647,16682,16684,16682,1,-1
2021-10-07 15:17:37.779,16682,16684,16684,8,8
2021-10-07 15:17:37.780,16682,16684,16684,4,4
2021-10-07 15:17:38.005,16682,16684,16682,1,-1
2021-10-07 15:17:38.094,16682,16684,16682,1,-1
2021-10-07 15:17:41.087,16682,16684,16684,10,10
2021-10-07 15:17:41.169,16682,16684,16683,2,-2
2021-10-07 15:17:41.544,16683,16684,16683,1,-1
2021-10-07 15:17:43.285,16683,16684,16683,1,-1
2021-10-07 15:17:43.735,16683,16684,16683,1,-1
2021-10-07 15:17:45.048,16682,16683,16683,1,1
2021-10-07 15:17:46.096,16682,16683,16683,1,1
2021-10-07 15:17:46.097,16682,16683,16683,1,1
2021-10-07 15:17:46.097,16682,16683,16683,2,2
2021-10-07 15:17:46.746,16683,16684,16683,1,-1
2021-10-07 15:17:47.607,16682,16683,16682,5,-5
2021-10-07 15:17:48.281,16682,16683,16682,1,-1
2021-10-07 15:17:49.680,16681,16682,16682,1,1
2021-10-07 15:17:49.680,16681,16682,16682,2,2
2021-10-07 15:17:50.432,16681,16682,16682,5,5
2021-10-07 15:17:51.659,16681,16682,16682,2,2
2021-10-07 15:17:53.270,16681,16682,16681,1,-1
2021-10-07 15:17:53.587,16681,16682,16681,1,-1
2021-10-07 15:17:53.589,16681,16682,16681,1,-1
2021-10-07 15:17:53.595,16681,16682,16681,1,-1
2021-10-07 15:17:53.601,16681,16682,16681,1,-1
2021-10-07 15:17:53.618,16681,16682,16681,1,-1
2021-10-07 15:17:53.733,16681,16682,16681,1,-1
2021-10-07 15:17:53.856,16681,16682,16681,1,-1
2021-10-07 15:17:54.504,16681,16682,16682,1,1
2021-10-07 15:17:54.969,16681,16682,16681,1,-1
2021-10-07 15:17:55.131,16681,16682,16681,5,-5
2021-10-07 15:17:56.155,16681,16682,16682,1,1
2021-10-07 15:17:58.330,16681,16682,16681,2,-2
2021-10-07 15:17:58.824,16681,16682,16681,1,-1
2021-10-07 15:17:59.302,16681,16682,16682,1,1
2021-10-07 15:17:59.360,16681,16682,16681,2,-2
2021-10-07 15:18:00.503,16681,16682,16681,1,-1
2021-10-07 15:18:00.569,16681,16682,16681,1,-1
2021-10-07 15:18:00.569,16681,16682,16681,1,-1
2021-10-07 15:18:00.572,16681,16682,16681,1,-1
2021-10-07 15:18:00.572,16681,16682,16681,1,-1
2021-10-07 15:18:00.574,16681,16682,16681,1,-1
2021-10-07 15:18:00.574,16681,16682,16681,1,-1
2021-10-07 15:18:00.808,16681,16682,16682,3,3
2021-10-07 15:18:00.855,16682,16683,16682,3,-3
2021-10-07 15:18:00.873,16682,16683,16682,3,-3
2021-10-07 15:18:00.876,16682,16683,16681,3,-3
2021-10-07 15:18:00.893,16682,16683,16681,3,-3
2021-10-07 15:18:01.079,16681,16683,16682,1,1
2021-10-07 15:18:01.192,16682,16683,16682,1,-1
2021-10-07 15:18:01.193,16682,16683,16682,1,-1
2021-10-07 15:18:01.193,16682,16683,16682,1,-1
2021-10-07 15:18:01.193,16682,16683,16681,1,-1
2021-10-07 15:18:01.193,16682,16683,16681,1,-1
2021-10-07 15:18:01.193,16682,16683,16681,1,-1
2021-10-07 15:18:01.194,16682,16683,16681,1,-1
2021-10-07 15:18:02.087,16681,16683,16681,2,-2
2021-10-07 15:18:02.137,16681,16683,16681,2,-2
2021-10-07 15:18:02.831,16681,16683,16683,5,5
2021-10-07 15:18:03.542,16681,16682,16682,1,1
2021-10-07 15:18:03.543,16681,16682,16682,2,2
2021-10-07 15:18:04.165,16681,16682,16682,2,2
2021-10-07 15:18:04.190,16682,16683,16682,1,-1
2021-10-07 15:18:04.583,16681,16683,16681,2,-2
2021-10-07 15:18:06.330,16681,16682,16682,1,1
2021-10-07 15:18:06.634,16682,16683,16682,1,-1
2021-10-07 15:18:09.368,16682,16683,16683,2,2
2021-10-07 15:18:09.443,16682,16683,16682,1,-1
2021-10-07 15:18:09.443,16682,16683,16682,1,-1
2021-10-07 15:18:09.443,16682,16683,16682,1,-1
2021-10-07 15:18:10.514,16682,16683,16683,3,3
2021-10-07 15:18:10.737,16683,16685,16683,1,-1
2021-10-07 15:18:13.512,16682,16684,16684,5,5
2021-10-07 15:18:13.781,16682,16685,16682,2,-2
2021-10-07 15:18:13.876,16682,16684,16684,1,1
2021-10-07 15:18:14.040,16682,16685,16682,1,-1
2021-10-07 15:18:14.353,16682,16684,16684,1,1
2021-10-07 15:18:15.151,16682,16684,16684,5,5
2021-10-07 15:18:15.171,16682,16684,16683,1,-1
2021-10-07 15:18:15.272,16682,16684,16682,1,-1
2021-10-07 15:18:16.404,16682,16685,16682,1,-1
2021-10-07 15:18:16.517,16682,16684,16682,1,-1
2021-10-07 15:18:18.360,16682,16685,16682,1,-1
2021-10-07 15:18:18.442,16682,16685,16682,1,-1
2021-10-07 15:18:18.443,16682,16685,16682,1,-1
2021-10-07 15:18:18.443,16682,16685,16682,1,-1
2021-10-07 15:18:18.443,16682,16685,16682,1,-1
2021-10-07 15:18:18.443,16682,16685,16682,1,-1
2021-10-07 15:18:21.822,16683,16684,16683,1,1
2021-10-07 15:18:21.822,16683,16684,16682,1,-1
2021-10-07 15:18:22.000,16682,16684,16682,10,-10
2021-10-07 15:18:23.844,16683,16684,16683,1,1
2021-10-07 15:18:23.974,16683,16684,16683,1,-1
2021-10-07 15:18:24.603,16682,16685,16685,2,2
2021-10-07 15:18:25.815,16683,16684,16683,1,-1
2021-10-07 15:18:27.852,16683,16684,16684,1,1
2021-10-07 15:18:29.220,16684,16685,16685,11,11
2021-10-07 15:18:29.318,16685,16686,16684,1,-1
2021-10-07 15:18:29.319,16685,16686,16684,1,-1
2021-10-07 15:18:29.319,16685,16686,16684,1,-1
2021-10-07 15:18:33.912,16684,16685,16685,1,1
2021-10-07 15:18:33.966,16684,16685,16685,1,1
2021-10-07 15:18:35.895,16685,16686,16685,1,-1
2021-10-07 15:18:41.839,16685,16686,16685,1,-1
2021-10-07 15:18:42.379,16684,16686,16684,3,-3
2021-10-07 15:18:42.379,16684,16686,16684,3,-3
2021-10-07 15:18:42.379,16684,16686,16684,1,-1
2021-10-07 15:18:42.379,16684,16686,16684,6,-6
2021-10-07 15:18:44.180,16683,16684,16683,3,-3
2021-10-07 15:18:45.595,16682,16683,16682,2,-2
2021-10-07 15:18:47.455,16682,16684,16684,2,2
2021-10-07 15:18:47.650,16682,16684,16682,1,-1
2021-10-07 15:18:49.777,16682,16684,16682,1,-1
2021-10-07 15:18:49.822,16682,16684,16682,1,-1
2021-10-07 15:18:49.824,16682,16684,16682,1,-1
2021-10-07 15:18:51.369,16682,16684,16682,1,-1
2021-10-07 15:18:53.150,16682,16683,16683,1,1
2021-10-07 15:18:53.150,16682,16683,16684,5,5
2021-10-07 15:18:58.715,16683,16685,16683,1,-1
2021-10-07 15:18:58.903,16683,16684,16683,2,-2
2021-10-07 15:18:59.750,16683,16684,16684,1,1
2021-10-07 15:19:00.330,16683,16685,16683,4,-4
2021-10-07 15:19:02.631,16684,16685,16685,1,1
2021-10-07 15:19:10.138,16684,16685,16685,6,6
2021-10-07 15:19:10.138,16684,16685,16686,16,16
2021-10-07 15:19:11.374,16686,16687,16686,1,-1
2021-10-07 15:19:11.374,16686,16687,16686,1,-1
2021-10-07 15:19:26.424,16684,16685,16684,1,-1
2021-10-07 15:19:26.815,16684,16685,16685,4,4
2021-10-07 15:19:26.815,16684,16685,16686,5,5
2021-10-07 15:19:30.008,16684,16685,16685,1,1
2021-10-07 15:19:30.295,16684,16685,16684,4,-4
2021-10-07 15:19:31.015,16683,16684,16683,1,-1
2021-10-07 15:19:31.015,16683,16684,16683,4,-4
2021-10-07 15:19:32.287,16682,16684,16684,1,1
2021-10-07 15:19:34.720,16682,16684,16682,4,-4
2021-10-07 15:19:34.720,16682,16684,16682,1,-1
2021-10-07 15:19:34.721,16682,16684,16682,4,-4
2021-10-07 15:19:36.495,16681,16682,16681,5,-5
2021-10-07 15:19:37.683,16680,16682,16680,5,-5
2021-10-07 15:19:37.720,16680,16682,16680,2,-2
2021-10-07 15:19:37.788,16680,16682,16680,3,-3
2021-10-07 15:19:37.839,16680,16682,16680,1,-1
2021-10-07 15:19:37.858,16680,16682,16680,1,-1
2021-10-07 15:19:37.883,16680,16682,16680,2,-2
2021-10-07 15:19:37.895,16680,16682,16680,1,-1
2021-10-07 15:19:37.957,16680,16681,16680,1,-1
2021-10-07 15:19:37.994,16680,16681,16680,1,-1
2021-10-07 15:19:38.008,16680,16681,16680,1,-1
2021-10-07 15:19:38.021,16680,16681,16680,1,-1
2021-10-07 15:19:38.026,16680,16681,16680,1,-1
2021-10-07 15:19:38.027,16680,16681,16680,1,-1
2021-10-07 15:19:38.027,16680,16681,16680,4,-4
2021-10-07 15:19:38.027,16680,16681,16680,1,-1
2021-10-07 15:19:38.027,16680,16681,16680,1,-1
2021-10-07 15:19:38.027,16680,16681,16680,1,-1
2021-10-07 15:19:38.027,16680,16681,16680,4,-4
2021-10-07 15:19:38.027,16680,16681,16680,1,-1
2021-10-07 15:19:38.027,16680,16681,16680,1,-1
2021-10-07 15:19:38.027,16680,16681,16680,1,-1
2021-10-07 15:19:38.027,16680,16681,16680,1,-1
2021-10-07 15:19:38.027,16680,16681,16680,1,-1
2021-10-07 15:19:38.039,16680,16681,16679,1,-1
2021-10-07 15:19:38.097,16679,16681,16679,1,-1
2021-10-07 15:19:38.129,16679,16681,16679,1,-1
2021-10-07 15:19:38.151,16679,16681,16679,2,-2
2021-10-07 15:19:38.423,16679,16681,16679,1,-1
2021-10-07 15:19:38.431,16679,16681,16679,2,-2
2021-10-07 15:19:38.470,16679,16681,16679,1,-1
2021-10-07 15:19:38.473,16679,16681,16679,1,-1
2021-10-07 15:19:38.481,16679,16681,16679,1,-1
2021-10-07 15:19:38.506,16679,16681,16679,1,-1
2021-10-07 15:19:38.506,16679,16681,16679,1,-1
2021-10-07 15:19:38.506,16679,16681,16679,3,-3
2021-10-07 15:19:38.513,16679,16681,16678,1,-1
2021-10-07 15:19:38.516,16679,16681,16678,1,-1
2021-10-07 15:19:38.587,16678,16679,16678,1,-1
2021-10-07 15:19:38.651,16678,16679,16678,1,-1
2021-10-07 15:19:38.695,16678,16679,16678,1,-1
2021-10-07 15:19:38.781,16678,16679,16678,1,-1
2021-10-07 15:19:39.222,16678,16679,16678,1,-1
2021-10-07 15:19:39.351,16678,16679,16679,1,1
2021-10-07 15:19:39.376,16678,16679,16679,5,5
2021-10-07 15:19:39.866,16678,16679,16679,1,1
2021-10-07 15:19:39.881,16678,16679,16680,1,1
2021-10-07 15:19:39.931,16678,16679,16678,1,-1
2021-10-07 15:19:40.370,16678,16679,16679,1,1
2021-10-07 15:19:41.862,16678,16679,16678,4,-4
2021-10-07 15:19:43.205,16677,16678,16678,1,1
2021-10-07 15:19:43.919,16677,16678,16678,1,1
2021-10-07 15:19:44.443,16677,16679,16677,5,-5
2021-10-07 15:19:44.540,16677,16679,16678,1,1
2021-10-07 15:19:45.573,16676,16678,16676,1,-1
2021-10-07 15:19:45.872,16676,16678,16676,2,-2
2021-10-07 15:19:45.875,16676,16678,16676,1,-1
2021-10-07 15:19:45.912,16676,16678,16676,3,-3
2021-10-07 15:19:45.917,16676,16678,16676,2,-2
2021-10-07 15:19:45.926,16676,16678,16676,1,-1
2021-10-07 15:19:45.938,16676,16678,16676,2,-2
2021-10-07 15:19:45.955,16676,16678,16676,1,-1
2021-10-07 15:19:45.961,16676,16678,16675,1,-1
2021-10-07 15:19:45.966,16676,16678,16675,1,-1
2021-10-07 15:19:45.970,16676,16678,16675,1,-1
2021-10-07 15:19:45.987,16676,16678,16675,1,-1
2021-10-07 15:19:45.989,16676,16678,16675,2,-2
2021-10-07 15:19:45.991,16676,16678,16675,1,-1
2021-10-07 15:19:46.008,16676,16678,16675,1,-1
2021-10-07 15:19:46.037,16676,16678,16675,1,-1
2021-10-07 15:19:46.093,16675,16677,16675,2,-2
2021-10-07 15:19:46.117,16675,16677,16675,2,-2
2021-10-07 15:19:46.123,16675,16677,16675,5,-5
2021-10-07 15:19:46.136,16675,16677,16675,1,-1
2021-10-07 15:19:46.141,16675,16677,16675,2,-2
2021-10-07 15:19:46.143,16675,16677,16675,1,-1
2021-10-07 15:19:46.159,16675,16677,16675,1,-1
2021-10-07 15:19:46.171,16675,16677,16674,1,-1
2021-10-07 15:19:46.187,16675,16677,16674,2,-2
2021-10-07 15:19:46.258,16674,16676,16674,2,-2
2021-10-07 15:19:46.267,16674,16676,16674,1,-1
2021-10-07 15:19:46.359,16674,16676,16674,1,-1
2021-10-07 15:19:46.384,16674,16676,16676,2,2
2021-10-07 15:19:46.384,16674,16676,16677,1,1
2021-10-07 15:19:46.488,16675,16677,16675,3,-3
2021-10-07 15:19:46.506,16675,16677,16674,2,-2
2021-10-07 15:19:46.535,16675,16677,16674,2,-2
2021-10-07 15:19:46.542,16675,16677,16674,2,-2
2021-10-07 15:19:46.587,16674,16676,16674,2,-2
2021-10-07 15:19:46.605,16674,16676,16674,2,-2
2021-10-07 15:19:46.735,16674,16676,16674,1,-1
2021-10-07 15:19:46.807,16674,16676,16674,1,-1
2021-10-07 15:19:46.845,16674,16676,16674,1,-1
2021-10-07 15:19:46.867,16674,16676,16676,2,2
2021-10-07 15:19:46.879,16674,16676,16674,1,-1
2021-10-07 15:19:46.969,16674,16676,16674,1,-1
2021-10-07 15:19:47.115,16674,16676,16674,1,-1
2021-10-07 15:19:47.117,16674,16676,16674,1,-1
2021-10-07 15:19:47.192,16674,16676,16674,1,-1
2021-10-07 15:19:47.193,16674,16676,16673,1,-1
2021-10-07 15:19:47.193,16674,16676,16673,1,-1
2021-10-07 15:19:47.193,16674,16676,16673,1,-1
2021-10-07 15:19:47.230,16674,16676,16675,2,2
2021-10-07 15:19:47.397,16674,16676,16674,1,-1
2021-10-07 15:19:50.646,16674,16675,16674,1,-1
2021-10-07 15:19:51.231,16674,16675,16674,1,-1
2021-10-07 15:19:51.402,16674,16675,16675,1,1
2021-10-07 15:19:52.451,16674,16676,16674,1,-1
2021-10-07 15:19:52.761,16674,16676,16676,1,1
2021-10-07 15:19:53.458,16675,16676,16675,1,-1
2021-10-07 15:19:54.035,16675,16676,16675,1,-1
2021-10-07 15:19:54.346,16675,16676,16675,1,-1
2021-10-07 15:19:54.347,16675,16676,16675,1,-1
2021-10-07 15:19:54.347,16675,16676,16674,9,-9
2021-10-07 15:19:55.096,16675,16676,16675,2,2
2021-10-07 15:19:55.769,16675,16676,16676,2,2
2021-10-07 15:19:55.769,16675,16676,16677,3,3
2021-10-07 15:19:56.804,16675,16677,16675,1,-1
2021-10-07 15:20:01.199,16676,16677,16676,1,1
2021-10-07 15:20:02.143,16675,16676,16675,2,-2
2021-10-07 15:20:02.264,16675,16676,16676,2,2
2021-10-07 15:20:02.633,16675,16677,16675,1,-1
2021-10-07 15:20:03.066,16675,16677,16675,1,-1
2021-10-07 15:20:03.190,16676,16677,16676,1,1
2021-10-07 15:20:03.321,16675,16677,16677,2,2
2021-10-07 15:20:07.349,16677,16678,16678,2,2
2021-10-07 15:20:09.235,16678,16679,16679,1,1
2021-10-07 15:20:09.236,16678,16679,16679,4,4
2021-10-07 15:20:09.268,16678,16679,16679,1,1
2021-10-07 15:20:09.268,16678,16679,16678,3,-3
2021-10-07 15:20:09.699,16678,16680,16680,5,5
2021-10-07 15:20:09.887,16678,16681,16678,1,-1
2021-10-07 15:20:10.378,16678,16680,16680,1,1
2021-10-07 15:20:13.551,16679,16680,16680,1,1
2021-10-07 15:20:13.807,16679,16680,16680,1,1
2021-10-07 15:20:15.227,16679,16680,16680,1,1
2021-10-07 15:20:15.503,16679,16681,16681,1,1
2021-10-07 15:20:15.642,16679,16681,16681,5,5
2021-10-07 15:20:15.642,16679,16681,16682,10,10
2021-10-07 15:20:15.960,16680,16682,16682,1,1
2021-10-07 15:20:17.864,16681,16683,16683,2,2
2021-10-07 15:20:18.815,16683,16684,16684,1,1
2021-10-07 15:20:19.352,16683,16685,16683,2,-2
2021-10-07 15:20:21.815,16683,16684,16684,2,2
2021-10-07 15:20:24.095,16683,16684,16683,2,-2
2021-10-07 15:20:24.095,16683,16684,16682,6,-6
2021-10-07 15:20:24.096,16683,16684,16682,2,-2
2021-10-07 15:20:26.103,16681,16684,16684,1,1
2021-10-07 15:20:26.995,16681,16682,16682,1,1
2021-10-07 15:20:32.287,16683,16684,16683,1,1
2021-10-07 15:20:33.346,16683,16684,16683,4,-4
2021-10-07 15:20:33.366,16683,16684,16682,2,-2
2021-10-07 15:20:37.436,16682,16684,16682,1,-1
2021-10-07 15:20:37.436,16682,16684,16681,1,-1
2021-10-07 15:20:39.433,16681,16683,16681,1,-1
2021-10-07 15:20:40.936,16681,16683,16681,1,-1
2021-10-07 15:20:41.652,16681,16683,16681,2,-2
2021-10-07 15:20:42.329,16681,16683,16683,1,1
2021-10-07 15:20:43.395,16681,16684,16681,1,-1
2021-10-07 15:20:43.924,16681,16683,16681,4,-4
2021-10-07 15:20:46.587,16680,16683,16680,1,-1
2021-10-07 15:20:49.190,16680,16681,16680,1,-1
2021-10-07 15:20:49.318,16679,16680,16679,1,-1
2021-10-07 15:20:49.318,16679,16680,16679,1,-1
2021-10-07 15:20:49.318,16679,16680,16678,1,-1
2021-10-07 15:20:49.318,16679,16680,16678,1,-1
2021-10-07 15:20:49.318,16679,16680,16678,1,-1
2021-10-07 15:20:49.319,16679,16680,16678,1,-1
2021-10-07 15:20:49.319,16679,16680,16678,1,-1
2021-10-07 15:20:49.319,16679,16680,16678,1,-1
2021-10-07 15:20:49.319,16679,16680,16678,1,-1
2021-10-07 15:20:49.319,16679,16680,16678,1,-1
2021-10-07 15:20:49.319,16679,16680,16678,1,-1
2021-10-07 15:20:49.319,16679,16680,16678,1,-1
2021-10-07 15:20:49.733,16678,16680,16680,1,1
2021-10-07 15:20:49.954,16678,16681,16681,1,1
2021-10-07 15:20:52.746,16680,16681,16680,1,-1
2021-10-07 15:20:53.331,16680,16681,16680,2,-2
2021-10-07 15:20:53.331,16680,16681,16680,1,-1
2021-10-07 15:20:53.331,16680,16681,16680,1,-1
2021-10-07 15:20:53.934,16678,16680,16678,1,-1
2021-10-07 15:20:55.923,16677,16679,16679,3,3
2021-10-07 15:20:55.923,16677,16679,16680,2,2
2021-10-07 15:21:00.116,16677,16679,16677,1,-1
2021-10-07 15:21:00.459,16677,16679,16677,1,-1
2021-10-07 15:21:00.466,16677,16679,16677,1,-1
2021-10-07 15:21:00.512,16677,16679,16677,1,-1
2021-10-07 15:21:00.559,16677,16679,16676,1,-1
2021-10-07 15:21:01.302,16676,16679,16676,1,-1
2021-10-07 15:21:02.545,16678,16679,16678,1,1
2021-10-07 15:21:02.718,16677,16679,16677,1,-1
2021-10-07 15:21:03.764,16677,16680,16680,1,1
2021-10-07 15:21:04.234,16678,16680,16678,2,-2
2021-10-07 15:21:04.895,16678,16680,16680,2,2
2021-10-07 15:21:14.694,16677,16679,16677,1,-1
2021-10-07 15:21:15.334,16677,16679,16679,1,1
2021-10-07 15:21:16.291,16678,16679,16679,1,1
2021-10-07 15:21:16.940,16679,16680,16679,2,-2
2021-10-07 15:21:18.170,16678,16680,16678,1,-1
2021-10-07 15:21:18.622,16678,16680,16678,1,-1
2021-10-07 15:21:18.841,16678,16680,16678,2,-2
2021-10-07 15:21:18.841,16678,16680,16677,2,-2
2021-10-07 15:21:20.480,16677,16679,16679,2,2
2021-10-07 15:21:22.419,16677,16679,16677,1,-1
2021-10-07 15:21:24.630,16677,16679,16678,1,1
2021-10-07 15:21:27.739,16678,16679,16679,3,3
2021-10-07 15:21:30.356,16678,16680,16680,3,3
2021-10-07 15:21:31.424,16678,16680,16680,1,1
2021-10-07 15:21:31.502,16679,16680,16680,4,4
2021-10-07 15:21:37.480,16678,16680,16678,3,-3
2021-10-07 15:21:40.907,16678,16680,16678,1,-1
2021-10-07 15:21:41.538,16678,16679,16679,1,1
2021-10-07 15:21:41.981,16679,16680,16679,1,-1
2021-10-07 15:21:42.242,16679,16680,16679,1,-1
2021-10-07 15:21:43.860,16679,16680,16679,1,-1
2021-10-07 15:21:48.252,16679,16680,16679,1,-1
2021-10-07 15:21:50.629,16678,16679,16679,1,1
2021-10-07 15:21:50.823,16678,16679,16679,5,5
2021-10-07 15:21:52.052,16678,16679,16678,1,-1
2021-10-07 15:21:54.373,16677,16679,16679,5,5
2021-10-07 15:21:55.122,16678,16680,16680,2,2
2021-10-07 15:21:57.761,16679,16680,16680,1,1
2021-10-07 15:21:59.965,16679,16680,16680,1,1
2021-10-07 15:22:00.405,16679,16680,16680,7,7
2021-10-07 15:22:00.641,16680,16681,16680,1,-1
2021-10-07 15:22:00.863,16680,16681,16681,1,1
2021-10-07 15:22:00.863,16680,16681,16681,1,1
2021-10-07 15:22:04.509,16680,16682,16682,3,3
2021-10-07 15:22:08.237,16682,16683,16683,1,1
2021-10-07 15:22:12.093,16683,16684,16683,1,-1
2021-10-07 15:22:12.093,16683,16684,16682,2,-2
2021-10-07 15:22:17.428,16681,16683,16681,1,-1
2021-10-07 15:22:22.033,16681,16683,16681,1,-1
2021-10-07 15:22:24.381,16681,16683,16681,1,-1
2021-10-07 15:22:26.815,16682,16683,16683,1,1
2021-10-07 15:22:28.043,16682,16684,16682,1,-1
2021-10-07 15:22:31.003,16682,16684,16682,1,-1
2021-10-07 15:22:31.745,16683,16684,16683,1,1
2021-10-07 15:22:34.511,16683,16684,16684,1,1
2021-10-07 15:22:36.827,16683,16684,16683,6,-6
2021-10-07 15:22:36.827,16683,16684,16682,19,-19
2021-10-07 15:22:36.827,16683,16684,16681,9,-9
2021-10-07 15:22:36.827,16683,16684,16680,19,-19
2021-10-07 15:22:36.827,16683,16684,16679,21,-21
2021-10-07 15:22:37.018,16679,16680,16679,1,-1
2021-10-07 15:22:37.058,16679,16680,16680,8,8
2021-10-07 15:22:37.083,16680,16681,16680,1,-1
2021-10-07 15:22:37.084,16680,16681,16680,1,-1
2021-10-07 15:22:37.125,16680,16681,16680,5,-5
2021-10-07 15:22:37.125,16680,16681,16681,10,10
2021-10-07 15:22:37.157,16680,16681,16682,1,1
2021-10-07 15:22:42.324,16681,16682,16681,5,-5
2021-10-07 15:22:45.818,16680,16682,16682,1,1
2021-10-07 15:22:46.998,16680,16682,16680,5,-5
2021-10-07 15:22:48.232,16679,16681,16681,1,1
2021-10-07 15:22:48.568,16679,16681,16681,2,2
2021-10-07 15:22:48.568,16679,16681,16682,3,3
2021-10-07 15:22:52.799,16680,16682,16682,2,2
2021-10-07 15:22:57.997,16681,16682,16682,2,2
2021-10-07 15:22:59.619,16682,16683,16683,1,1
2021-10-07 15:22:59.752,16682,16683,16682,1,-1
2021-10-07 15:23:00.571,16681,16683,16683,1,1
2021-10-07 15:23:10.451,16682,16683,16682,1,-1
2021-10-07 15:23:10.584,16682,16683,16683,5,5
2021-10-07 15:23:13.462,16682,16683,16682,1,-1
2021-10-07 15:23:14.053,16682,16683,16683,1,1
2021-10-07 15:23:16.972,16682,16683,16683,1,1
2021-10-07 15:23:23.783,16682,16683,16682,1,-1
2021-10-07 15:23:25.702,16682,16683,16682,1,-1
2021-10-07 15:23:25.702,16682,16683,16681,10,-10
2021-10-07 15:23:32.255,16680,16681,16681,2,2
2021-10-07 15:23:32.256,16680,16681,16681,1,1
2021-10-07 15:23:32.257,16680,16681,16681,3,3
2021-10-07 15:23:35.955,16680,16681,16681,1,1
2021-10-07 15:23:36.485,16680,16681,16681,19,19
2021-10-07 15:23:36.486,16680,16681,16682,1,1
2021-10-07 15:23:36.486,16680,16681,16682,1,1
2021-10-07 15:23:49.764,16682,16683,16683,1,1
2021-10-07 15:23:49.864,16682,16683,16683,1,1
2021-10-07 15:23:51.011,16682,16683,16683,1,1
2021-10-07 15:23:53.026,16682,16684,16682,6,-6
2021-10-07 15:23:55.185,16681,16683,16681,1,-1
2021-10-07 15:23:57.768,16681,16683,16683,5,5
2021-10-07 15:23:59.846,16681,16682,16682,1,1
2021-10-07 15:23:59.846,16681,16682,16683,4,4
2021-10-07 15:24:01.266,16681,16682,16681,1,-1
2021-10-07 15:24:01.429,16680,16682,16682,1,1
2021-10-07 15:24:04.284,16680,16682,16680,3,-3
2021-10-07 15:24:04.284,16680,16682,16680,1,-1
2021-10-07 15:24:04.284,16680,16682,16680,2,-2
2021-10-07 15:24:05.185,16679,16681,16680,5,-5
2021-10-07 15:24:07.460,16679,16680,16680,1,1
2021-10-07 15:24:13.378,16679,16680,16680,2,2
2021-10-07 15:24:18.186,16679,16680,16679,1,-1
2021-10-07 15:24:18.186,16679,16680,16679,3,-3
2021-10-07 15:24:18.186,16679,16680,16679,1,-1
2021-10-07 15:24:25.101,16679,16680,16680,1,1
2021-10-07 15:24:25.101,16679,16680,16680,1,1
2021-10-07 15:24:25.101,16679,16680,16680,2,2
2021-10-07 15:24:25.102,16679,16680,16680,1,1
2021-10-07 15:24:25.102,16679,16680,16680,2,2
2021-10-07 15:24:26.271,16680,16682,16680,1,-1
2021-10-07 15:24:26.675,16681,16682,16681,1,1
2021-10-07 15:24:34.689,16679,16680,16680,1,1
2021-10-07 15:24:34.970,16679,16680,16680,2,2
2021-10-07 15:24:43.248,16680,16681,16680,1,-1
2021-10-07 15:24:44.613,16680,16681,16681,1,1
2021-10-07 15:24:47.014,16680,16681,16680,1,-1
2021-10-07 15:24:47.014,16680,16681,16680,2,-2
2021-10-07 15:24:53.856,16679,16680,16679,1,-1
2021-10-07 15:24:54.573,16678,16679,16679,1,1
2021-10-07 15:24:56.933,16678,16679,16679,1,1
2021-10-07 15:25:01.940,16678,16679,16678,4,-4
2021-10-07 15:25:01.941,16678,16679,16678,3,-3
2021-10-07 15:25:02.091,16677,16679,16677,2,-2
2021-10-07 15:25:02.097,16677,16679,16677,2,-2
2021-10-07 15:25:02.134,16677,16679,16677,2,-2
2021-10-07 15:25:05.474,16678,16679,16678,1,1
2021-10-07 15:25:05.475,16678,16679,16678,1,-1
2021-10-07 15:25:07.328,16677,16678,16678,2,2
2021-10-07 15:25:08.686,16678,16679,16678,1,-1
2021-10-07 15:25:08.686,16678,16679,16677,5,-5
2021-10-07 15:25:10.874,16677,16678,16677,2,-2
2021-10-07 15:25:12.128,16676,16678,16678,1,1
2021-10-07 15:25:12.128,16676,16678,16676,1,-1
2021-10-07 15:25:15.985,16677,16678,16677,1,1
2021-10-07 15:25:16.680,16677,16678,16678,1,1
2021-10-07 15:25:16.681,16677,16678,16678,1,1
2021-10-07 15:25:19.694,16677,16678,16678,1,1
2021-10-07 15:25:19.776,16677,16678,16678,2,2
2021-10-07 15:25:19.980,16678,16679,16679,9,9
2021-10-07 15:25:20.051,16678,16679,16680,1,1
2021-10-07 15:25:21.964,16679,16682,16679,1,-1
2021-10-07 15:25:23.963,16679,16682,16682,2,2
2021-10-07 15:25:29.291,16680,16681,16680,6,-6
2021-10-07 15:25:31.930,16679,16681,16681,1,1
2021-10-07 15:25:35.762,16680,16681,16681,1,1
2021-10-07 15:25:40.125,16680,16681,16680,3,-3
2021-10-07 15:25:42.090,16679,16680,16679,1,-1
2021-10-07 15:25:42.957,16679,16680,16679,1,-1
2021-10-07 15:25:47.735,16678,16679,16678,1,-1
2021-10-07 15:25:49.699,16678,16679,16678,1,-1
2021-10-07 15:25:51.017,16677,16678,16677,6,-6
2021-10-07 15:25:54.912,16677,16678,16678,1,1
2021-10-07 15:25:59.253,16677,16678,16677,1,-1
2021-10-07 15:26:00.491,16677,16678,16677,1,-1
2021-10-07 15:26:00.888,16676,16678,16676,1,-1
2021-10-07 15:26:00.914,16676,16678,16676,1,-1
2021-10-07 15:26:00.917,16676,16678,16676,1,-1
2021-10-07 15:26:00.917,16676,16678,16676,6,-6
2021-10-07 15:26:01.216,16675,16677,16677,1,1
2021-10-07 15:26:07.522,16675,16677,16676,3,-3
2021-10-07 15:26:10.696,16675,16676,16675,2,-2
2021-10-07 15:26:12.505,16675,16676,16676,1,1
2021-10-07 15:26:13.066,16675,16677,16675,5,-5
2021-10-07 15:26:14.588,16676,16677,16676,1,1
2021-10-07 15:26:14.667,16676,16677,16675,2,-2
2021-10-07 15:26:14.794,16675,16677,16675,1,-1
2021-10-07 15:26:19.398,16675,16677,16675,3,-3
2021-10-07 15:26:20.495,16676,16677,16676,1,1
2021-10-07 15:26:27.130,16676,16677,16677,1,1
2021-10-07 15:26:28.266,16676,16677,16677,1,1
2021-10-07 15:26:28.923,16676,16677,16676,4,-4
2021-10-07 15:26:31.924,16676,16677,16676,1,-1
2021-10-07 15:26:34.478,16676,16677,16676,2,-2
2021-10-07 15:26:35.070,16676,16677,16676,1,-1
2021-10-07 15:26:35.821,16675,16676,16675,2,-2
2021-10-07 15:26:39.652,16675,16676,16675,2,-2
2021-10-07 15:26:41.392,16674,16675,16674,1,-1
2021-10-07 15:26:41.698,16674,16675,16674,1,-1
2021-10-07 15:26:42.270,16674,16675,16674,2,-2
2021-10-07 15:26:42.680,16674,16675,16675,1,1
2021-10-07 15:26:43.113,16674,16675,16674,1,-1
2021-10-07 15:26:44.041,16674,16675,16674,1,-1
2021-10-07 15:26:44.974,16674,16675,16674,2,-2
2021-10-07 15:26:45.863,16674,16675,16674,2,-2
2021-10-07 15:26:46.952,16673,16674,16673,1,-1
2021-10-07 15:26:47.090,16673,16674,16673,2,-2
2021-10-07 15:26:47.133,16673,16674,16673,6,-6
2021-10-07 15:26:47.153,16673,16674,16673,1,-1
2021-10-07 15:26:47.214,16673,16674,16673,1,-1
2021-10-07 15:26:47.428,16672,16674,16674,2,2
2021-10-07 15:26:47.860,16672,16674,16672,1,-1
2021-10-07 15:26:47.967,16672,16674,16672,2,-2
2021-10-07 15:26:47.993,16672,16674,16672,1,-1
2021-10-07 15:26:48.013,16672,16674,16672,1,-1
2021-10-07 15:26:48.622,16672,16674,16672,2,-2
2021-10-07 15:26:48.623,16672,16674,16672,1,-1
2021-10-07 15:26:48.937,16672,16674,16672,2,-2
2021-10-07 15:26:48.941,16672,16674,16672,2,-2
2021-10-07 15:26:50.008,16672,16673,16672,2,-2
2021-10-07 15:26:50.400,16672,16673,16672,1,-1
2021-10-07 15:26:51.810,16671,16673,16673,1,1
2021-10-07 15:26:52.241,16672,16674,16672,1,-1
2021-10-07 15:26:52.655,16672,16674,16672,1,-1
2021-10-07 15:26:53.972,16672,16674,16672,1,-1
2021-10-07 15:26:54.314,16672,16674,16673,2,2
2021-10-07 15:26:54.499,16673,16674,16673,2,-2
2021-10-07 15:26:56.807,16673,16674,16673,1,-1
2021-10-07 15:26:57.909,16672,16673,16672,1,-1
2021-10-07 15:26:58.435,16672,16673,16673,1,1
2021-10-07 15:26:59.163,16673,16674,16674,2,2
2021-10-07 15:26:59.163,16673,16674,16674,1,1
2021-10-07 15:27:00.887,16673,16674,16674,2,2
2021-10-07 15:27:03.650,16672,16673,16672,10,-10
2021-10-07 15:27:04.040,16671,16672,16672,1,1
2021-10-07 15:27:04.297,16671,16672,16672,1,1
2021-10-07 15:27:09.131,16672,16673,16672,1,-1
2021-10-07 15:27:12.250,16672,16673,16672,5,-5
2021-10-07 15:27:12.809,16671,16673,16673,1,1
2021-10-07 15:27:15.359,16672,16673,16673,1,1
2021-10-07 15:27:15.452,16672,16674,16672,1,-1
2021-10-07 15:27:18.821,16673,16674,16674,3,3
2021-10-07 15:27:19.147,16674,16675,16675,1,1
2021-10-07 15:27:21.334,16673,16674,16673,3,-3
2021-10-07 15:27:21.477,16673,16674,16673,1,-1
2021-10-07 15:27:22.205,16673,16674,16674,1,1
2021-10-07 15:27:22.891,16674,16675,16674,1,-1
2021-10-07 15:27:22.986,16673,16675,16675,2,2
2021-10-07 15:27:25.875,16675,16676,16675,2,-2
2021-10-07 15:27:26.807,16675,16676,16675,2,-2
2021-10-07 15:27:26.807,16675,16676,16674,1,-1
2021-10-07 15:27:27.688,16674,16676,16675,2,2
2021-10-07 15:27:28.142,16675,16676,16675,1,-1
2021-10-07 15:27:28.142,16675,16676,16675,1,-1
2021-10-07 15:27:28.568,16675,16676,16676,4,4
2021-10-07 15:27:28.755,16676,16677,16677,1,1
2021-10-07 15:27:29.585,16676,16677,16676,1,-1
2021-10-07 15:27:29.585,16676,16677,16675,1,-1
2021-10-07 15:27:29.659,16676,16677,16675,1,-1
2021-10-07 15:27:30.109,16675,16677,16677,2,2
2021-10-07 15:27:30.684,16675,16677,16677,1,1
2021-10-07 15:27:34.514,16675,16676,16675,2,-2
2021-10-07 15:27:37.594,16675,16676,16675,1,-1
2021-10-07 15:27:39.304,16675,16676,16675,1,-1
2021-10-07 15:27:39.531,16675,16676,16676,3,3
2021-10-07 15:27:40.138,16675,16677,16676,1,-1
2021-10-07 15:27:40.245,16676,16677,16676,2,-2
2021-10-07 15:27:40.245,16676,16677,16675,2,-2
2021-10-07 15:27:40.474,16675,16677,16675,1,-1
2021-10-07 15:27:41.415,16674,16676,16676,1,1
2021-10-07 15:27:42.261,16675,16676,16676,1,1
2021-10-07 15:27:42.822,16675,16677,16675,1,-1
2021-10-07 15:27:45.010,16675,16676,16675,1,-1
2021-10-07 15:27:45.565,16675,16676,16676,1,1
2021-10-07 15:27:50.940,16675,16676,16676,1,1
2021-10-07 15:27:52.190,16675,16676,16676,1,1
2021-10-07 15:27:53.621,16676,16677,16676,1,-1
2021-10-07 15:27:53.898,16675,16677,16677,1,1
2021-10-07 15:27:54.983,16676,16677,16676,1,-1
2021-10-07 15:27:59.205,16675,16676,16676,1,1
2021-10-07 15:27:59.357,16675,16677,16675,1,-1
2021-10-07 15:28:03.841,16675,16676,16676,1,1
2021-10-07 15:28:04.967,16675,16676,16676,1,1
2021-10-07 15:28:05.343,16675,16676,16675,1,-1
2021-10-07 15:28:06.675,16675,16677,16675,1,-1
2021-10-07 15:28:08.084,16675,16676,16676,1,1
2021-10-07 15:28:08.148,16675,16676,16676,1,1
2021-10-07 15:28:08.282,16675,16677,16675,1,-1
2021-10-07 15:28:08.381,16675,16677,16675,1,-1
2021-10-07 15:28:10.238,16675,16676,16675,1,-1
2021-10-07 15:28:10.343,16675,16676,16676,1,1
2021-10-07 15:28:11.254,16676,16677,16677,5,5
2021-10-07 15:28:11.416,16676,16678,16678,1,1
2021-10-07 15:28:11.514,16676,16678,16676,1,-1
2021-10-07 15:28:12.438,16676,16678,16678,1,1
2021-10-07 15:28:15.398,16676,16677,16677,1,1
2021-10-07 15:28:16.242,16676,16677,16677,1,1
2021-10-07 15:28:16.265,16676,16677,16676,1,-1
2021-10-07 15:28:17.008,16676,16677,16676,1,-1
2021-10-07 15:28:18.875,16675,16676,16675,1,-1
2021-10-07 15:28:19.994,16675,16676,16675,1,-1
2021-10-07 15:28:21.357,16675,16676,16675,1,-1
2021-10-07 15:28:25.287,16675,16676,16675,1,-1
2021-10-07 15:28:25.803,16675,16676,16676,1,1
2021-10-07 15:28:26.782,16676,16677,16676,1,-1
2021-10-07 15:28:29.085,16675,16677,16676,1,-1
2021-10-07 15:28:29.920,16675,16677,16676,1,-1
2021-10-07 15:28:29.958,16675,16677,16677,1,1
2021-10-07 15:28:30.972,16675,16677,16676,1,-1
2021-10-07 15:28:33.440,16676,16677,16677,1,1
2021-10-07 15:28:36.173,16676,16677,16677,1,1
2021-10-07 15:28:37.527,16676,16677,16676,1,-1
2021-10-07 15:28:37.529,16676,16677,16677,1,1
2021-10-07 15:28:39.821,16676,16677,16676,1,-1
2021-10-07 15:28:39.822,16676,16677,16676,1,-1
2021-10-07 15:28:42.003,16675,16676,16675,1,-1
2021-10-07 15:28:44.116,16675,16676,16675,1,-1
2021-10-07 15:28:46.952,16675,16676,16675,1,-1
2021-10-07 15:28:48.343,16675,16676,16675,1,-1
2021-10-07 15:28:48.383,16675,16676,16676,1,1
2021-10-07 15:28:52.845,16675,16676,16675,1,-1
2021-10-07 15:28:53.901,16675,16676,16675,1,-1
2021-10-07 15:28:54.876,16675,16676,16676,1,1
2021-10-07 15:28:55.647,16675,16676,16675,1,-1
2021-10-07 15:28:56.496,16675,16676,16676,1,1
2021-10-07 15:28:56.704,16675,16676,16675,1,-1
2021-10-07 15:28:57.575,16675,16676,16675,1,-1
2021-10-07 15:29:01.069,16674,16675,16675,1,1
2021-10-07 15:29:01.337,16675,16676,16675,1,-1
2021-10-07 15:29:01.731,16674,16676,16676,1,1
2021-10-07 15:29:08.222,16676,16677,16677,4,4
2021-10-07 15:29:09.126,16676,16678,16678,1,1
2021-10-07 15:29:11.322,16677,16678,16678,8,8
2021-10-07 15:29:11.322,16677,16678,16679,10,10
2021-10-07 15:29:12.908,16679,16680,16679,1,-1
2021-10-07 15:29:14.983,16678,16679,16679,1,1
2021-10-07 15:29:18.352,16679,16680,16679,1,-1
2021-10-07 15:29:18.622,16679,16680,16679,1,-1
2021-10-07 15:29:19.764,16679,16680,16679,1,-1
2021-10-07 15:29:20.335,16679,16680,16679,1,-1
2021-10-07 15:29:20.335,16679,16680,16679,3,-3
2021-10-07 15:29:20.336,16679,16680,16679,1,-1
2021-10-07 15:29:20.851,16679,16680,16679,1,-1
2021-10-07 15:29:22.011,16678,16679,16678,1,-1
2021-10-07 15:29:23.157,16678,16679,16678,1,-1
2021-10-07 15:29:24.415,16678,16679,16678,1,-1
2021-10-07 15:29:26.071,16678,16679,16678,1,-1
2021-10-07 15:29:27.342,16678,16679,16678,1,-1
2021-10-07 15:29:27.988,16678,16679,16679,1,1
2021-10-07 15:29:29.824,16678,16679,16678,1,-1
2021-10-07 15:29:31.560,16678,16679,16678,1,-1
2021-10-07 15:29:33.059,16678,16679,16679,1,1
2021-10-07 15:29:34.127,16678,16679,16678,1,-1
2021-10-07 15:29:36.185,16678,16679,16679,2,2
2021-10-07 15:29:36.601,16678,16679,16678,3,-3
2021-10-07 15:29:37.367,16678,16679,16678,1,-1
2021-10-07 15:29:38.080,16678,16679,16678,3,-3
2021-10-07 15:29:38.492,16677,16678,16678,1,1
2021-10-07 15:29:41.879,16677,16678,16678,1,1
2021-10-07 15:29:44.580,16678,16679,16678,1,-1
2021-10-07 15:29:44.690,16678,16679,16678,1,-1
2021-10-07 15:29:48.140,16677,16678,16678,1,1
2021-10-07 15:29:49.581,16677,16679,16679,1,1
2021-10-07 15:29:51.631,16678,16680,16680,1,1
2021-10-07 15:29:55.765,16678,16679,16679,1,1
2021-10-07 15:29:56.435,16678,16680,16680,12,12
2021-10-07 15:29:56.435,16678,16680,16680,7,7
2021-10-07 15:29:56.675,16680,16681,16681,1,1
2021-10-07 15:29:57.080,16680,16681,16681,1,1
2021-10-07 15:29:57.310,16680,16681,16680,1,-1
2021-10-07 15:29:57.780,16680,16681,16681,3,3
2021-10-07 15:30:00.340,16679,16681,16679,2,-2
2021-10-07 15:30:00.700,16679,16681,16681,2,2
2021-10-07 15:30:00.700,16679,16681,16682,2,2
2021-10-07 15:30:00.702,16679,16681,16682,1,1
2021-10-07 15:30:00.708,16679,16681,16679,1,-1
2021-10-07 15:30:01.217,16679,16682,16682,1,1
2021-10-07 15:30:01.229,16679,16682,16679,5,-5
2021-10-07 15:30:01.229,16679,16682,16679,2,-2
2021-10-07 15:30:01.229,16679,16682,16678,3,-3
2021-10-07 15:30:01.318,16679,16681,16681,1,1
2021-10-07 15:30:01.318,16679,16681,16681,1,1
2021-10-07 15:30:01.318,16679,16681,16681,1,1
2021-10-07 15:30:01.318,16679,16681,16682,1,1
2021-10-07 15:30:01.318,16679,16681,16682,1,1
2021-10-07 15:30:01.318,16679,16681,16682,1,1
2021-10-07 15:30:01.319,16679,16681,16682,1,1
2021-10-07 15:30:01.319,16679,16681,16682,1,1
2021-10-07 15:30:01.319,16679,16681,16682,1,1
2021-10-07 15:30:01.319,16679,16681,16682,1,1
2021-10-07 15:30:01.319,16679,16681,16682,1,1
2021-10-07 15:30:01.381,16679,16681,16682,1,1
2021-10-07 15:30:01.406,16679,16681,16682,1,1
2021-10-07 15:30:01.743,16680,16681,16680,3,-3
2021-10-07 15:30:01.932,16679,16681,16679,3,-3
2021-10-07 15:30:01.966,16679,16681,16681,1,1
2021-10-07 15:30:06.422,16678,16680,16680,1,1
2021-10-07 15:30:09.226,16679,16681,16681,5,5
2021-10-07 15:30:09.318,16680,16682,16682,1,1
2021-10-07 15:30:11.616,16680,16682,16682,1,1
2021-10-07 15:30:11.855,16680,16682,16682,1,1
2021-10-07 15:30:17.059,16679,16681,16681,1,1
2021-10-07 15:30:17.490,16679,16681,16680,1,-1
2021-10-07 15:30:17.545,16679,16681,16681,1,1
2021-10-07 15:30:19.561,16680,16682,16682,2,2
2021-10-07 15:30:19.562,16680,16682,16682,1,1
2021-10-07 15:30:19.562,16680,16682,16682,2,2
2021-10-07 15:30:19.568,16681,16683,16683,1,1
2021-10-07 15:30:19.568,16681,16683,16683,1,1
2021-10-07 15:30:19.568,16681,16683,16683,1,1
2021-10-07 15:30:19.729,16682,16683,16683,1,1
2021-10-07 15:30:19.756,16682,16683,16683,1,1
2021-10-07 15:30:19.959,16683,16684,16684,1,1
2021-10-07 15:30:20.135,16683,16684,16684,1,1
2021-10-07 15:30:25.220,16682,16684,16682,1,-1
2021-10-07 15:30:26.650,16682,16683,16682,1,-1
2021-10-07 15:30:37.460,16683,16684,16683,1,1
2021-10-07 15:30:37.568,16683,16684,16684,1,1
2021-10-07 15:30:37.568,16683,16684,16684,1,1
2021-10-07 15:30:38.465,16683,16684,16684,5,5
2021-10-07 15:30:38.466,16683,16684,16684,1,1
2021-10-07 15:30:40.102,16683,16685,16685,5,5
2021-10-07 15:30:42.050,16683,16685,16685,5,5
2021-10-07 15:30:42.219,16683,16685,16685,5,5
2021-10-07 15:30:43.392,16683,16684,16684,1,1
2021-10-07 15:30:44.440,16683,16684,16684,1,1
2021-10-07 15:30:50.360,16683,16684,16684,1,1
2021-10-07 15:30:50.822,16683,16684,16684,1,1
2021-10-07 15:30:51.136,16683,16684,16684,1,1
2021-10-07 15:30:51.536,16683,16685,16685,4,4
2021-10-07 15:30:54.404,16684,16685,16685,1,1
2021-10-07 15:30:54.662,16684,16685,16685,1,1
2021-10-07 15:30:55.521,16684,16685,16684,2,-2
2021-10-07 15:30:57.417,16683,16685,16683,1,-1
2021-10-07 15:31:00.518,16684,16685,16684,3,3
2021-10-07 15:31:01.865,16683,16684,16684,1,1
2021-10-07 15:31:02.670,16683,16684,16684,1,1
2021-10-07 15:31:03.477,16683,16684,16683,8,-8
2021-10-07 15:31:03.478,16683,16684,16682,3,-3
2021-10-07 15:31:07.122,16681,16682,16681,2,-2
2021-10-07 15:31:08.733,16680,16682,16682,1,1
2021-10-07 15:31:08.819,16680,16682,16682,1,1
2021-10-07 15:31:08.819,16680,16682,16682,1,1
2021-10-07 15:31:14.145,16681,16682,16682,1,1
2021-10-07 15:31:15.457,16683,16684,16683,1,1
2021-10-07 15:31:20.888,16682,16683,16683,1,1
2021-10-07 15:31:24.432,16682,16683,16683,1,1
2021-10-07 15:31:24.665,16682,16684,16684,3,3
2021-10-07 15:31:24.665,16682,16684,16684,4,4
2021-10-07 15:31:24.665,16682,16684,16684,1,1
2021-10-07 15:31:26.154,16684,16685,16685,2,2
2021-10-07 15:31:26.154,16684,16685,16685,9,9
2021-10-07 15:31:27.572,16685,16686,16686,2,2
2021-10-07 15:31:27.693,16685,16686,16686,1,1
2021-10-07 15:31:31.906,16685,16686,16686,1,1
2021-10-07 15:31:33.083,16685,16686,16686,1,1
2021-10-07 15:31:34.453,16685,16686,16686,5,5
2021-10-07 15:31:34.453,16685,16686,16687,5,5
2021-10-07 15:31:34.570,16686,16687,16687,5,5
2021-10-07 15:31:34.570,16686,16687,16687,3,3
2021-10-07 15:31:34.774,16687,16688,16688,1,1
2021-10-07 15:31:35.107,16687,16689,16687,5,-5
2021-10-07 15:31:36.962,16686,16689,16689,1,1
2021-10-07 15:31:37.288,16686,16689,16689,1,1
2021-10-07 15:31:37.786,16687,16689,16689,1,1
2021-10-07 15:31:39.985,16688,16689,16688,1,-1
2021-10-07 15:31:40.398,16688,16689,16689,1,1
2021-10-07 15:31:42.035,16688,16689,16688,1,-1
2021-10-07 15:31:47.800,16688,16689,16688,3,-3
2021-10-07 15:31:51.842,16687,16688,16688,1,1
2021-10-07 15:31:52.329,16688,16689,16688,1,-1
2021-10-07 15:31:53.245,16687,16688,16688,1,1
2021-10-07 15:31:55.030,16687,16688,16688,1,1
2021-10-07 15:31:55.662,16687,16688,16688,1,1
2021-10-07 15:31:55.662,16687,16688,16689,3,3
2021-10-07 15:31:56.752,16688,16689,16688,1,-1
2021-10-07 15:32:01.627,16688,16689,16688,7,-7
2021-10-07 15:32:02.335,16687,16688,16688,1,1
2021-10-07 15:32:02.545,16687,16688,16688,1,1
2021-10-07 15:32:03.064,16687,16688,16688,2,2
2021-10-07 15:32:03.064,16687,16688,16689,1,1
2021-10-07 15:32:04.426,16688,16689,16688,3,-3
2021-10-07 15:32:04.922,16687,16688,16688,1,1
2021-10-07 15:32:05.410,16687,16688,16688,1,1
2021-10-07 15:32:05.410,16687,16688,16688,1,1
2021-10-07 15:32:05.410,16687,16688,16688,2,2
2021-10-07 15:32:05.410,16687,16688,16688,1,1
2021-10-07 15:32:05.411,16687,16688,16688,1,1
2021-10-07 15:32:05.896,16688,16689,16689,3,3
2021-10-07 15:32:09.665,16688,16689,16689,1,1
2021-10-07 15:32:13.247,16688,16689,16689,5,5
2021-10-07 15:32:14.942,16688,16689,16689,2,2
2021-10-07 15:32:17.751,16689,16690,16689,2,-2
2021-10-07 15:32:19.151,16688,16689,16689,3,3
2021-10-07 15:32:19.151,16688,16689,16690,7,7
2021-10-07 15:32:19.260,16688,16690,16690,1,1
2021-10-07 15:32:19.316,16688,16690,16690,1,1
2021-10-07 15:32:19.343,16688,16690,16690,1,1
2021-10-07 15:32:19.362,16688,16690,16690,1,1
2021-10-07 15:32:20.473,16689,16690,16690,1,1
2021-10-07 15:32:23.649,16689,16690,16690,2,2
2021-10-07 15:32:24.515,16689,16690,16690,2,2
2021-10-07 15:32:25.665,16689,16690,16689,2,-2
2021-10-07 15:32:25.681,16689,16690,16688,5,-5
2021-10-07 15:32:25.920,16687,16689,16689,2,2
2021-10-07 15:32:25.920,16687,16689,16690,4,4
2021-10-07 15:32:26.006,16688,16690,16690,1,1
2021-10-07 15:32:26.692,16688,16690,16690,1,1
2021-10-07 15:32:31.024,16688,16690,16688,1,-1
2021-10-07 15:32:31.096,16688,16690,16690,2,2
2021-10-07 15:32:33.385,16688,16690,16690,3,3
2021-10-07 15:32:33.870,16688,16690,16690,2,2
2021-10-07 15:32:34.593,16688,16690,16688,1,-1
2021-10-07 15:32:36.082,16688,16690,16690,1,1
2021-10-07 15:32:36.870,16688,16689,16688,6,-6
2021-10-07 15:32:39.837,16688,16689,16688,1,-1
2021-10-07 15:32:40.819,16687,16689,16689,1,1
2021-10-07 15:32:46.091,16687,16688,16688,1,1
2021-10-07 15:32:47.683,16688,16690,16688,1,-1
2021-10-07 15:33:01.880,16688,16690,16688,1,-1
2021-10-07 15:33:02.416,16688,16690,16688,1,-1
2021-10-07 15:33:03.560,16688,16689,16688,4,-4
2021-10-07 15:33:04.795,16687,16688,16687,1,-1
2021-10-07 15:33:04.796,16687,16688,16687,17,-17
2021-10-07 15:33:04.796,16687,16688,16687,4,-4
2021-10-07 15:33:06.179,16686,16687,16686,2,-2
2021-10-07 15:33:06.179,16686,16687,16685,1,-1
2021-10-07 15:33:08.317,16685,16688,16685,3,-3
2021-10-07 15:33:11.203,16686,16687,16686,1,1
2021-10-07 15:33:13.003,16685,16687,16685,1,-1
2021-10-07 15:33:13.370,16685,16687,16687,1,1
2021-10-07 15:33:20.138,16687,16688,16687,1,-1
2021-10-07 15:33:32.897,16686,16687,16687,5,5
2021-10-07 15:33:32.897,16686,16687,16687,1,1
2021-10-07 15:33:38.886,16687,16688,16687,1,-1
2021-10-07 15:33:51.392,16686,16687,16687,1,1
2021-10-07 15:33:51.846,16686,16687,16686,2,-2
2021-10-07 15:33:54.277,16685,16686,16685,8,-8
2021-10-07 15:33:54.277,16685,16686,16685,1,-1
2021-10-07 15:34:04.421,16684,16686,16684,2,-2
2021-10-07 15:34:04.860,16684,16686,16684,1,-1
2021-10-07 15:34:06.313,16684,16685,16685,1,1
2021-10-07 15:34:06.313,16684,16685,16686,2,2
2021-10-07 15:34:07.128,16684,16686,16684,2,-2
2021-10-07 15:34:08.428,16685,16686,16685,1,1
2021-10-07 15:34:08.428,16685,16686,16684,2,-2
2021-10-07 15:34:14.638,16685,16686,16685,1,1
2021-10-07 15:34:21.136,16683,16685,16683,10,-10
2021-10-07 15:34:21.884,16684,16685,16684,1,1
2021-10-07 15:34:25.083,16684,16685,16685,6,6
2021-10-07 15:34:25.325,16685,16686,16686,7,7
2021-10-07 15:34:25.636,16685,16687,16685,10,-10
2021-10-07 15:34:26.794,16685,16686,16685,1,-1
2021-10-07 15:34:34.400,16684,16686,16684,4,-4
2021-10-07 15:34:35.525,16683,16685,16685,2,2
2021-10-07 15:34:35.720,16683,16685,16685,2,2
2021-10-07 15:34:45.040,16683,16685,16683,1,-1
2021-10-07 15:34:45.040,16683,16685,16683,1,-1
2021-10-07 15:34:45.241,16682,16684,16682,4,-4
2021-10-07 15:34:45.258,16682,16684,16682,1,-1
2021-10-07 15:34:45.504,16681,16683,16683,3,3
2021-10-07 15:34:59.460,16681,16683,16683,1,1
2021-10-07 15:35:00.290,16681,16683,16683,1,1
2021-10-07 15:35:02.979,16681,16683,16681,1,-1
2021-10-07 15:35:03.101,16681,16683,16681,1,-1
2021-10-07 15:35:07.637,16681,16683,16683,1,1
2021-10-07 15:35:11.626,16682,16683,16682,1,-1
2021-10-07 15:35:12.079,16682,16683,16683,2,2
2021-10-07 15:35:12.255,16683,16684,16683,1,-1
2021-10-07 15:35:15.439,16683,16684,16684,1,1
2021-10-07 15:35:18.263,16684,16685,16684,1,-1
2021-10-07 15:35:19.822,16684,16685,16684,1,-1
2021-10-07 15:35:22.192,16684,16685,16685,1,1
2021-10-07 15:35:22.670,16684,16685,16685,6,6
2021-10-07 15:35:22.745,16685,16686,16685,1,-1
2021-10-07 15:35:34.346,16684,16685,16684,1,-1
2021-10-07 15:35:36.432,16683,16684,16683,1,-1
2021-10-07 15:35:40.451,16683,16684,16684,1,1
2021-10-07 15:36:06.463,16683,16684,16684,1,1
2021-10-07 15:36:07.307,16684,16685,16685,1,1
2021-10-07 15:36:17.284,16683,16685,16683,5,-5
2021-10-07 15:36:17.854,16681,16684,16684,1,1
2021-10-07 15:36:26.350,16683,16684,16683,1,-1
2021-10-07 15:36:42.678,16682,16683,16683,4,4
2021-10-07 15:36:42.678,16682,16683,16683,1,1
2021-10-07 15:36:42.678,16682,16683,16683,4,4
2021-10-07 15:36:42.678,16682,16683,16683,1,1
2021-10-07 15:36:49.373,16683,16684,16684,3,3
2021-10-07 15:36:49.493,16684,16685,16684,1,-1
2021-10-07 15:36:51.054,16684,16685,16685,1,1
2021-10-07 15:36:51.054,16684,16685,16685,1,1
2021-10-07 15:36:51.054,16684,16685,16685,3,3
2021-10-07 15:36:51.054,16684,16685,16685,3,3
2021-10-07 15:36:52.585,16685,16686,16685,1,-1
2021-10-07 15:36:54.326,16685,16686,16685,1,-1
2021-10-07 15:36:57.325,16685,16686,16686,4,4
2021-10-07 15:36:57.325,16685,16686,16686,2,2
2021-10-07 15:37:17.848,16686,16687,16686,1,-1
2021-10-07 15:37:18.021,16686,16687,16686,1,-1
2021-10-07 15:37:24.655,16686,16687,16686,2,-2
2021-10-07 15:37:36.364,16685,16686,16685,1,-1
2021-10-07 15:38:00.080,16684,16685,16685,1,1
2021-10-07 15:38:01.484,16685,16687,16685,1,-1
2021-10-07 15:38:03.638,16685,16687,16686,1,1
2021-10-07 15:38:13.594,16685,16686,16686,1,1
2021-10-07 15:38:15.282,16686,16687,16686,1,-1
2021-10-07 15:38:18.115,16686,16687,16686,1,-1
