2023-03-03 15:00:00,15618,15618,15618,106,0
2023-03-03 15:00:00,15617,15617,15617,2,-2
2023-03-03 15:00:00,15617,15617,15617,2,0
2023-03-03 15:00:00,15617,15617,15617,2,0
2023-03-03 15:00:00,15617,15617,15617,2,0
2023-03-03 15:00:00,15618,15618,15618,4,4
2023-03-03 15:00:00,15617,15617,15617,2,-2
2023-03-03 15:00:00,15619,15619,15619,4,4
2023-03-03 15:00:00,15619,15619,15619,4,0
2023-03-03 15:00:00,15619,15619,15619,4,0
2023-03-03 15:00:00,15618,15618,15618,2,-2
2023-03-03 15:00:00,15617,15617,15617,2,-2
2023-03-03 15:00:00,15617,15617,15617,2,0
2023-03-03 15:00:01,15617,15617,15617,4,0
2023-03-03 15:00:01,15617,15617,15617,2,0
2023-03-03 15:00:02,15616,15616,15616,2,-2
2023-03-03 15:00:02,15616,15616,15616,2,0
2023-03-03 15:00:02,15616,15616,15616,2,0
2023-03-03 15:00:02,15616,15616,15616,2,0
2023-03-03 15:00:02,15616,15616,15616,4,0
2023-03-03 15:00:02,15616,15616,15616,2,0
2023-03-03 15:00:02,15616,15616,15616,2,0
2023-03-03 15:00:02,15616,15616,15616,2,0
2023-03-03 15:00:02,15616,15616,15616,6,0
2023-03-03 15:00:02,15616,15616,15616,2,0
2023-03-03 15:00:02,15617,15617,15617,4,4
2023-03-03 15:00:02,15617,15617,15617,6,0
2023-03-03 15:00:02,15618,15618,15618,2,2
2023-03-03 15:00:02,15617,15617,15617,2,-2
2023-03-03 15:00:03,15617,15617,15617,2,0
2023-03-03 15:00:03,15618,15618,15618,6,6
2023-03-03 15:00:05,15616,15616,15616,2,-2
2023-03-03 15:00:05,15616,15616,15616,2,0
2023-03-03 15:00:05,15615,15615,15615,2,-2
2023-03-03 15:00:05,15617,15617,15617,8,8
2023-03-03 15:00:05,15615,15615,15615,2,-2
2023-03-03 15:00:05,15616,15616,15616,2,2
2023-03-03 15:00:06,15615,15615,15615,2,-2
2023-03-03 15:00:06,15615,15615,15615,2,0
2023-03-03 15:00:06,15615,15615,15615,2,0
2023-03-03 15:00:06,15615,15615,15615,2,0
2023-03-03 15:00:06,15615,15615,15615,2,0
2023-03-03 15:00:06,15615,15615,15615,2,0
2023-03-03 15:00:06,15616,15616,15616,8,8
2023-03-03 15:00:07,15616,15616,15616,2,0
2023-03-03 15:00:07,15615,15615,15615,2,-2
2023-03-03 15:00:07,15615,15615,15615,2,0
2023-03-03 15:00:08,15615,15615,15615,4,0
2023-03-03 15:00:10,15614,15614,15614,2,-2
2023-03-03 15:00:10,15614,15614,15614,2,0
2023-03-03 15:00:10,15614,15614,15614,2,0
2023-03-03 15:00:10,15615,15615,15615,4,4
2023-03-03 15:00:10,15614,15614,15614,2,-2
2023-03-03 15:00:16,15615,15615,15615,6,6
2023-03-03 15:00:16,15615,15615,15615,2,0
2023-03-03 15:00:17,15616,15616,15616,4,4
2023-03-03 15:00:19,15615,15615,15615,2,-2
2023-03-03 15:00:22,15616,15616,15616,4,4
2023-03-03 15:00:22,15615,15615,15615,2,-2
2023-03-03 15:00:23,15615,15615,15615,2,0
2023-03-03 15:00:24,15616,15616,15616,2,2
2023-03-03 15:00:24,15616,15616,15616,40,0
2023-03-03 15:00:26,15617,15617,15617,2,2
2023-03-03 15:00:28,15616,15616,15616,2,-2
2023-03-03 15:00:29,15617,15617,15617,14,14
2023-03-03 15:00:30,15618,15618,15618,18,18
2023-03-03 15:00:30,15617,15617,15617,2,-2
2023-03-03 15:00:30,15616,15616,15616,2,-2
2023-03-03 15:00:31,15618,15618,15618,6,6
2023-03-03 15:00:31,15616,15616,15616,2,-2
2023-03-03 15:00:32,15617,15617,15617,2,2
2023-03-03 15:00:33,15619,15619,15619,24,24
2023-03-03 15:00:35,15618,15618,15618,4,-4
2023-03-03 15:00:35,15617,15617,15617,4,-4
2023-03-03 15:00:35,15617,15617,15617,2,0
2023-03-03 15:00:38,15617,15617,15617,4,0
2023-03-03 15:00:39,15617,15617,15617,6,0
2023-03-03 15:00:39,15616,15616,15616,4,-4
2023-03-03 15:00:40,15617,15617,15617,18,18
2023-03-03 15:00:41,15617,15617,15617,2,0
2023-03-03 15:00:41,15617,15617,15617,6,0
2023-03-03 15:00:42,15618,15618,15618,6,6
2023-03-03 15:00:46,15617,15617,15617,2,-2
2023-03-03 15:00:48,15617,15617,15617,2,0
2023-03-03 15:00:49,15617,15617,15617,2,0
2023-03-03 15:00:51,15617,15617,15617,2,0
2023-03-03 15:00:51,15617,15617,15617,2,0
2023-03-03 15:00:52,15618,15618,15618,14,14
2023-03-03 15:00:56,15617,15617,15617,2,-2
2023-03-03 15:00:56,15617,15617,15617,2,0
2023-03-03 15:01:00,15616,15616,15616,4,-4
2023-03-03 15:01:00,15616,15616,15616,2,0
2023-03-03 15:01:00,15616,15616,15616,4,0
2023-03-03 15:01:00,15616,15616,15616,2,0
2023-03-03 15:01:00,15616,15616,15616,2,0
2023-03-03 15:01:00,15616,15616,15616,2,0
2023-03-03 15:01:00,15617,15617,15617,8,8
2023-03-03 15:01:00,15617,15617,15617,26,0
2023-03-03 15:01:00,15616,15616,15616,2,-2
2023-03-03 15:01:00,15616,15616,15616,2,0
2023-03-03 15:01:00,15616,15616,15616,2,0
2023-03-03 15:01:02,15616,15616,15616,2,0
2023-03-03 15:01:03,15616,15616,15616,2,0
2023-03-03 15:01:03,15616,15616,15616,2,0
2023-03-03 15:01:03,15615,15615,15615,6,-6
2023-03-03 15:01:03,15615,15615,15615,2,0
2023-03-03 15:01:03,15615,15615,15615,2,0
2023-03-03 15:01:03,15615,15615,15615,2,0
2023-03-03 15:01:03,15615,15615,15615,2,0
2023-03-03 15:01:03,15615,15615,15615,4,0
2023-03-03 15:01:03,15615,15615,15615,2,0
2023-03-03 15:01:03,15615,15615,15615,2,0
2023-03-03 15:01:03,15615,15615,15615,4,0
2023-03-03 15:01:03,15615,15615,15615,2,0
2023-03-03 15:01:03,15615,15615,15615,2,0
2023-03-03 15:01:04,15616,15616,15616,4,4
2023-03-03 15:01:06,15615,15615,15615,2,-2
2023-03-03 15:01:06,15616,15616,15616,8,8
2023-03-03 15:01:11,15615,15615,15615,2,-2
2023-03-03 15:01:11,15615,15615,15615,2,0
2023-03-03 15:01:12,15615,15615,15615,2,0
2023-03-03 15:01:14,15616,15616,15616,2,2
2023-03-03 15:01:16,15615,15615,15615,2,-2
2023-03-03 15:01:16,15615,15615,15615,2,0
2023-03-03 15:01:18,15615,15615,15615,2,0
2023-03-03 15:01:19,15615,15615,15615,2,0
2023-03-03 15:01:19,15616,15616,15616,2,2
2023-03-03 15:01:21,15615,15615,15615,2,-2
2023-03-03 15:01:23,15615,15615,15615,2,0
2023-03-03 15:01:23,15616,15616,15616,8,8
2023-03-03 15:01:23,15617,15617,15617,12,12
2023-03-03 15:01:23,15615,15615,15615,2,-2
2023-03-03 15:01:24,15615,15615,15615,2,0
2023-03-03 15:01:29,15615,15615,15615,2,0
2023-03-03 15:01:29,15615,15615,15615,2,0
2023-03-03 15:01:29,15615,15615,15615,2,0
2023-03-03 15:01:29,15615,15615,15615,2,0
2023-03-03 15:01:29,15615,15615,15615,2,0
2023-03-03 15:01:29,15615,15615,15615,2,0
2023-03-03 15:01:29,15615,15615,15615,2,0
2023-03-03 15:01:34,15614,15614,15614,2,-2
2023-03-03 15:01:34,15614,15614,15614,4,0
2023-03-03 15:01:34,15614,15614,15614,2,0
2023-03-03 15:01:34,15614,15614,15614,2,0
2023-03-03 15:01:34,15614,15614,15614,8,0
2023-03-03 15:01:34,15614,15614,15614,2,0
2023-03-03 15:01:34,15614,15614,15614,4,0
2023-03-03 15:01:34,15614,15614,15614,2,0
2023-03-03 15:01:34,15614,15614,15614,4,0
2023-03-03 15:01:34,15614,15614,15614,2,0
2023-03-03 15:01:34,15614,15614,15614,2,0
2023-03-03 15:01:34,15614,15614,15614,2,0
2023-03-03 15:01:34,15614,15614,15614,20,0
2023-03-03 15:01:34,15613,15613,15613,6,-6
2023-03-03 15:01:34,15613,15613,15613,2,0
2023-03-03 15:01:34,15613,15613,15613,2,0
2023-03-03 15:01:34,15613,15613,15613,2,0
2023-03-03 15:01:34,15613,15613,15613,2,0
2023-03-03 15:01:34,15613,15613,15613,4,0
2023-03-03 15:01:34,15613,15613,15613,2,0
2023-03-03 15:01:34,15612,15612,15612,4,-4
2023-03-03 15:01:37,15612,15612,15612,2,0
2023-03-03 15:01:38,15613,15613,15613,2,2
2023-03-03 15:01:39,15614,15614,15614,2,2
2023-03-03 15:01:39,15615,15615,15615,4,4
2023-03-03 15:01:41,15616,15616,15616,10,10
2023-03-03 15:01:41,15616,15616,15616,2,0
2023-03-03 15:01:46,15616,15616,15616,2,0
2023-03-03 15:01:46,15616,15616,15616,2,0
2023-03-03 15:01:46,15616,15616,15616,4,0
2023-03-03 15:01:47,15617,15617,15617,8,8
2023-03-03 15:01:47,15618,15618,15618,30,30
2023-03-03 15:01:47,15619,15619,15619,14,14
2023-03-03 15:01:47,15619,15619,15619,2,0
2023-03-03 15:01:48,15620,15620,15620,10,10
2023-03-03 15:01:54,15618,15618,15618,2,-2
2023-03-03 15:01:54,15618,15618,15618,2,0
2023-03-03 15:01:54,15618,15618,15618,2,0
2023-03-03 15:01:54,15618,15618,15618,4,0
2023-03-03 15:01:55,15620,15620,15620,2,2
2023-03-03 15:01:55,15618,15618,15618,2,-2
2023-03-03 15:01:56,15620,15620,15620,2,2
2023-03-03 15:01:58,15619,15619,15619,6,-6
2023-03-03 15:01:58,15620,15620,15620,30,30
2023-03-03 15:01:58,15621,15621,15621,4,4
2023-03-03 15:01:58,15620,15620,15620,2,-2
2023-03-03 15:01:59,15620,15620,15620,2,0
2023-03-03 15:01:59,15621,15621,15621,4,4
2023-03-03 15:02:01,15620,15620,15620,2,-2
2023-03-03 15:02:01,15619,15619,15619,2,-2
2023-03-03 15:02:01,15620,15620,15620,2,2
2023-03-03 15:02:03,15619,15619,15619,4,-4
2023-03-03 15:02:04,15618,15618,15618,2,-2
2023-03-03 15:02:04,15618,15618,15618,2,0
2023-03-03 15:02:04,15618,15618,15618,2,0
2023-03-03 15:02:06,15619,15619,15619,2,2
2023-03-03 15:02:14,15619,15619,15619,2,0
2023-03-03 15:02:26,15619,15619,15619,2,0
2023-03-03 15:02:27,15619,15619,15619,2,0
2023-03-03 15:02:37,15618,15618,15618,2,-2
2023-03-03 15:02:38,15618,15618,15618,2,0
2023-03-03 15:02:38,15618,15618,15618,2,0
2023-03-03 15:02:38,15618,15618,15618,2,0
2023-03-03 15:02:38,15618,15618,15618,2,0
2023-03-03 15:02:38,15618,15618,15618,2,0
2023-03-03 15:02:38,15618,15618,15618,2,0
2023-03-03 15:02:38,15618,15618,15618,4,0
2023-03-03 15:02:38,15618,15618,15618,2,0
2023-03-03 15:02:38,15618,15618,15618,4,0
2023-03-03 15:02:38,15618,15618,15618,2,0
2023-03-03 15:02:41,15617,15617,15617,2,-2
2023-03-03 15:02:42,15618,15618,15618,2,2
2023-03-03 15:02:44,15617,15617,15617,4,-4
2023-03-03 15:02:44,15617,15617,15617,2,0
2023-03-03 15:02:46,15617,15617,15617,2,0
2023-03-03 15:02:53,15617,15617,15617,2,0
2023-03-03 15:02:53,15617,15617,15617,2,0
2023-03-03 15:02:53,15617,15617,15617,2,0
2023-03-03 15:02:55,15618,15618,15618,2,2
2023-03-03 15:02:59,15617,15617,15617,2,-2
2023-03-03 15:03:00,15618,15618,15618,4,4
2023-03-03 15:03:01,15617,15617,15617,2,-2
2023-03-03 15:03:01,15617,15617,15617,2,0
2023-03-03 15:03:01,15616,15616,15616,2,-2
2023-03-03 15:03:01,15616,15616,15616,2,0
2023-03-03 15:03:01,15616,15616,15616,2,0
2023-03-03 15:03:01,15616,15616,15616,2,0
2023-03-03 15:03:02,15616,15616,15616,2,0
2023-03-03 15:03:02,15616,15616,15616,2,0
2023-03-03 15:03:06,15617,15617,15617,2,2
2023-03-03 15:03:09,15617,15617,15617,4,0
2023-03-03 15:03:11,15617,15617,15617,2,0
2023-03-03 15:03:12,15618,15618,15618,2,2
2023-03-03 15:03:18,15617,15617,15617,2,-2
2023-03-03 15:03:18,15616,15616,15616,2,-2
2023-03-03 15:03:18,15616,15616,15616,6,0
2023-03-03 15:03:18,15616,15616,15616,2,0
2023-03-03 15:03:19,15617,15617,15617,2,2
2023-03-03 15:03:23,15616,15616,15616,4,-4
2023-03-03 15:03:23,15616,15616,15616,4,0
2023-03-03 15:03:23,15616,15616,15616,2,0
2023-03-03 15:03:24,15613,15613,15613,2,-2
2023-03-03 15:03:24,15613,15613,15613,2,0
2023-03-03 15:03:28,15613,15613,15613,2,0
2023-03-03 15:03:30,15614,15614,15614,2,2
2023-03-03 15:03:30,15613,15613,15613,2,-2
2023-03-03 15:03:30,15613,15613,15613,2,0
2023-03-03 15:03:30,15613,15613,15613,2,0
2023-03-03 15:03:34,15614,15614,15614,18,18
2023-03-03 15:03:38,15615,15615,15615,4,4
2023-03-03 15:03:40,15615,15615,15615,4,0
2023-03-03 15:03:41,15615,15615,15615,2,0
2023-03-03 15:03:45,15615,15615,15615,2,0
2023-03-03 15:03:48,15615,15615,15615,2,0
2023-03-03 15:03:48,15614,15614,15614,2,-2
2023-03-03 15:03:50,15614,15614,15614,2,0
2023-03-03 15:03:50,15614,15614,15614,32,0
2023-03-03 15:03:50,15614,15614,15614,2,0
2023-03-03 15:03:50,15614,15614,15614,4,0
2023-03-03 15:03:50,15614,15614,15614,2,0
2023-03-03 15:03:50,15614,15614,15614,2,0
2023-03-03 15:03:52,15614,15614,15614,2,0
2023-03-03 15:03:54,15614,15614,15614,2,0
2023-03-03 15:03:54,15613,15613,15613,2,-2
2023-03-03 15:03:56,15613,15613,15613,2,0
2023-03-03 15:03:56,15613,15613,15613,4,0
2023-03-03 15:03:56,15612,15612,15612,2,-2
2023-03-03 15:03:56,15612,15612,15612,2,0
2023-03-03 15:03:57,15613,15613,15613,2,2
2023-03-03 15:04:00,15613,15613,15613,2,0
2023-03-03 15:04:03,15613,15613,15613,2,0
2023-03-03 15:04:09,15613,15613,15613,2,0
2023-03-03 15:04:10,15613,15613,15613,2,0
2023-03-03 15:04:10,15613,15613,15613,2,0
2023-03-03 15:04:10,15613,15613,15613,6,0
2023-03-03 15:04:10,15614,15614,15614,18,18
2023-03-03 15:04:14,15613,15613,15613,2,-2
2023-03-03 15:04:17,15613,15613,15613,2,0
2023-03-03 15:04:17,15612,15612,15612,2,-2
2023-03-03 15:04:20,15613,15613,15613,4,4
2023-03-03 15:04:22,15613,15613,15613,2,0
2023-03-03 15:04:26,15613,15613,15613,4,0
2023-03-03 15:04:28,15613,15613,15613,2,0
2023-03-03 15:04:31,15613,15613,15613,2,0
2023-03-03 15:04:31,15613,15613,15613,2,0
2023-03-03 15:04:31,15612,15612,15612,4,-4
2023-03-03 15:04:31,15612,15612,15612,4,0
2023-03-03 15:04:31,15612,15612,15612,2,0
2023-03-03 15:04:31,15612,15612,15612,2,0
2023-03-03 15:04:31,15612,15612,15612,2,0
2023-03-03 15:04:31,15612,15612,15612,2,0
2023-03-03 15:04:31,15612,15612,15612,2,0
2023-03-03 15:04:32,15614,15614,15614,2,2
2023-03-03 15:04:44,15613,15613,15613,4,-4
2023-03-03 15:04:47,15613,15613,15613,2,0
2023-03-03 15:04:47,15613,15613,15613,4,0
2023-03-03 15:04:49,15613,15613,15613,2,0
2023-03-03 15:04:49,15613,15613,15613,2,0
2023-03-03 15:04:50,15613,15613,15613,2,0
2023-03-03 15:04:55,15614,15614,15614,6,6
2023-03-03 15:05:01,15614,15614,15614,2,0
2023-03-03 15:05:03,15614,15614,15614,2,0
2023-03-03 15:05:04,15613,15613,15613,4,-4
2023-03-03 15:05:05,15613,15613,15613,4,0
2023-03-03 15:05:05,15613,15613,15613,2,0
2023-03-03 15:05:05,15613,15613,15613,2,0
2023-03-03 15:05:05,15613,15613,15613,2,0
2023-03-03 15:05:05,15613,15613,15613,2,0
2023-03-03 15:05:07,15612,15612,15612,2,-2
2023-03-03 15:05:14,15612,15612,15612,2,0
2023-03-03 15:05:14,15612,15612,15612,2,0
2023-03-03 15:05:14,15612,15612,15612,2,0
2023-03-03 15:05:14,15612,15612,15612,2,0
2023-03-03 15:05:15,15612,15612,15612,4,0
2023-03-03 15:05:15,15612,15612,15612,2,0
2023-03-03 15:05:15,15612,15612,15612,2,0
2023-03-03 15:05:15,15612,15612,15612,2,0
2023-03-03 15:05:15,15612,15612,15612,2,0
2023-03-03 15:05:15,15612,15612,15612,4,0
2023-03-03 15:05:15,15613,15613,15613,12,12
2023-03-03 15:05:26,15612,15612,15612,2,-2
2023-03-03 15:05:28,15612,15612,15612,4,0
2023-03-03 15:05:28,15612,15612,15612,4,0
2023-03-03 15:05:28,15612,15612,15612,2,0
2023-03-03 15:05:28,15612,15612,15612,2,0
2023-03-03 15:05:36,15612,15612,15612,2,0
2023-03-03 15:05:36,15612,15612,15612,2,0
2023-03-03 15:05:36,15612,15612,15612,2,0
2023-03-03 15:05:36,15612,15612,15612,4,0
2023-03-03 15:05:36,15612,15612,15612,2,0
2023-03-03 15:05:36,15612,15612,15612,2,0
2023-03-03 15:05:40,15613,15613,15613,2,2
2023-03-03 15:05:50,15612,15612,15612,2,-2
2023-03-03 15:05:59,15612,15612,15612,2,0
2023-03-03 15:06:00,15612,15612,15612,2,0
2023-03-03 15:06:03,15612,15612,15612,4,0
2023-03-03 15:06:05,15612,15612,15612,4,0
2023-03-03 15:06:05,15612,15612,15612,2,0
2023-03-03 15:06:05,15612,15612,15612,2,0
2023-03-03 15:06:05,15612,15612,15612,2,0
2023-03-03 15:06:05,15612,15612,15612,2,0
2023-03-03 15:06:08,15611,15611,15611,2,-2
2023-03-03 15:06:10,15611,15611,15611,2,0
2023-03-03 15:06:10,15611,15611,15611,2,0
2023-03-03 15:06:10,15611,15611,15611,2,0
2023-03-03 15:06:10,15611,15611,15611,2,0
2023-03-03 15:06:10,15611,15611,15611,2,0
2023-03-03 15:06:10,15611,15611,15611,2,0
2023-03-03 15:06:10,15611,15611,15611,2,0
2023-03-03 15:06:10,15611,15611,15611,2,0
2023-03-03 15:06:10,15611,15611,15611,8,0
2023-03-03 15:06:10,15611,15611,15611,4,0
2023-03-03 15:06:10,15611,15611,15611,2,0
2023-03-03 15:06:10,15611,15611,15611,4,0
2023-03-03 15:06:10,15611,15611,15611,6,0
2023-03-03 15:06:11,15611,15611,15611,2,0
2023-03-03 15:06:11,15611,15611,15611,2,0
2023-03-03 15:06:12,15610,15610,15610,4,-4
2023-03-03 15:06:12,15611,15611,15611,2,2
2023-03-03 15:06:12,15610,15610,15610,2,-2
2023-03-03 15:06:12,15610,15610,15610,2,0
2023-03-03 15:06:12,15610,15610,15610,2,0
2023-03-03 15:06:12,15610,15610,15610,2,0
2023-03-03 15:06:12,15610,15610,15610,2,0
2023-03-03 15:06:12,15610,15610,15610,4,0
2023-03-03 15:06:12,15610,15610,15610,4,0
2023-03-03 15:06:12,15610,15610,15610,2,0
2023-03-03 15:06:12,15610,15610,15610,2,0
2023-03-03 15:06:12,15610,15610,15610,2,0
2023-03-03 15:06:12,15610,15610,15610,2,0
2023-03-03 15:06:12,15610,15610,15610,2,0
2023-03-03 15:06:12,15610,15610,15610,2,0
2023-03-03 15:06:12,15610,15610,15610,4,0
2023-03-03 15:06:12,15610,15610,15610,4,0
2023-03-03 15:06:12,15610,15610,15610,2,0
2023-03-03 15:06:12,15609,15609,15609,2,-2
2023-03-03 15:06:12,15609,15609,15609,2,0
2023-03-03 15:06:13,15609,15609,15609,2,0
2023-03-03 15:06:14,15609,15609,15609,4,0
2023-03-03 15:06:14,15609,15609,15609,2,0
2023-03-03 15:06:14,15609,15609,15609,2,0
2023-03-03 15:06:18,15609,15609,15609,2,0
2023-03-03 15:06:20,15609,15609,15609,2,0
2023-03-03 15:06:20,15608,15608,15608,2,-2
2023-03-03 15:06:22,15609,15609,15609,2,2
2023-03-03 15:06:24,15609,15609,15609,2,0
2023-03-03 15:06:24,15609,15609,15609,2,0
2023-03-03 15:06:25,15609,15609,15609,2,0
2023-03-03 15:06:28,15609,15609,15609,2,0
2023-03-03 15:06:28,15609,15609,15609,2,0
2023-03-03 15:06:29,15609,15609,15609,2,0
2023-03-03 15:06:32,15610,15610,15610,2,2
2023-03-03 15:06:32,15610,15610,15610,8,0
2023-03-03 15:06:32,15610,15610,15610,2,0
2023-03-03 15:06:35,15609,15609,15609,2,-2
2023-03-03 15:06:38,15609,15609,15609,2,0
2023-03-03 15:06:38,15609,15609,15609,2,0
2023-03-03 15:06:38,15609,15609,15609,2,0
2023-03-03 15:06:44,15610,15610,15610,2,2
2023-03-03 15:06:44,15610,15610,15610,2,0
2023-03-03 15:06:50,15610,15610,15610,2,0
2023-03-03 15:06:54,15610,15610,15610,4,0
2023-03-03 15:06:56,15610,15610,15610,2,0
2023-03-03 15:07:00,15609,15609,15609,2,-2
2023-03-03 15:07:00,15609,15609,15609,2,0
2023-03-03 15:07:04,15609,15609,15609,2,0
2023-03-03 15:07:14,15609,15609,15609,2,0
2023-03-03 15:07:18,15609,15609,15609,2,0
2023-03-03 15:07:18,15609,15609,15609,2,0
2023-03-03 15:07:20,15609,15609,15609,2,0
2023-03-03 15:07:21,15609,15609,15609,2,0
2023-03-03 15:07:24,15609,15609,15609,2,0
2023-03-03 15:07:26,15609,15609,15609,10,0
2023-03-03 15:07:28,15609,15609,15609,2,0
2023-03-03 15:07:30,15609,15609,15609,2,0
2023-03-03 15:07:31,15609,15609,15609,2,0
2023-03-03 15:07:36,15609,15609,15609,2,0
2023-03-03 15:07:37,15609,15609,15609,2,0
2023-03-03 15:07:40,15609,15609,15609,2,0
2023-03-03 15:07:40,15609,15609,15609,6,0
2023-03-03 15:07:43,15609,15609,15609,2,0
2023-03-03 15:07:43,15609,15609,15609,2,0
2023-03-03 15:07:45,15609,15609,15609,4,0
2023-03-03 15:07:48,15609,15609,15609,2,0
2023-03-03 15:07:49,15609,15609,15609,2,0
2023-03-03 15:07:51,15609,15609,15609,2,0
2023-03-03 15:07:56,15609,15609,15609,2,0
2023-03-03 15:07:57,15608,15608,15608,2,-2
2023-03-03 15:08:01,15609,15609,15609,4,4
2023-03-03 15:08:01,15609,15609,15609,2,0
2023-03-03 15:08:01,15609,15609,15609,2,0
2023-03-03 15:08:05,15609,15609,15609,2,0
2023-03-03 15:08:09,15610,15610,15610,4,4
2023-03-03 15:08:14,15609,15609,15609,2,-2
2023-03-03 15:08:24,15610,15610,15610,2,2
2023-03-03 15:08:24,15610,15610,15610,4,0
2023-03-03 15:08:24,15610,15610,15610,2,0
2023-03-03 15:08:24,15610,15610,15610,4,0
2023-03-03 15:08:24,15610,15610,15610,2,0
2023-03-03 15:08:24,15610,15610,15610,4,0
2023-03-03 15:08:24,15610,15610,15610,14,0
2023-03-03 15:08:26,15611,15611,15611,2,2
2023-03-03 15:08:26,15610,15610,15610,2,-2
2023-03-03 15:08:26,15610,15610,15610,2,0
2023-03-03 15:08:26,15610,15610,15610,2,0
2023-03-03 15:08:26,15610,15610,15610,2,0
2023-03-03 15:08:26,15610,15610,15610,2,0
2023-03-03 15:08:30,15611,15611,15611,2,2
2023-03-03 15:08:30,15611,15611,15611,2,0
2023-03-03 15:08:31,15611,15611,15611,2,0
2023-03-03 15:08:37,15611,15611,15611,4,0
2023-03-03 15:08:39,15611,15611,15611,2,0
2023-03-03 15:08:49,15611,15611,15611,2,0
2023-03-03 15:09:00,15612,15612,15612,2,2
2023-03-03 15:09:11,15611,15611,15611,2,-2
2023-03-03 15:09:12,15612,15612,15612,2,2
2023-03-03 15:09:26,15612,15612,15612,2,0
2023-03-03 15:09:28,15612,15612,15612,2,0
2023-03-03 15:09:41,15612,15612,15612,2,0
2023-03-03 15:09:41,15612,15612,15612,6,0
2023-03-03 15:09:41,15612,15612,15612,4,0
2023-03-03 15:09:50,15612,15612,15612,2,0
2023-03-03 15:09:57,15612,15612,15612,4,0
2023-03-03 15:10:01,15612,15612,15612,2,0
2023-03-03 15:10:01,15612,15612,15612,2,0
2023-03-03 15:10:06,15612,15612,15612,4,0
2023-03-03 15:10:06,15612,15612,15612,2,0
2023-03-03 15:10:08,15613,15613,15613,2,2
2023-03-03 15:10:10,15612,15612,15612,2,-2
2023-03-03 15:10:13,15612,15612,15612,2,0
2023-03-03 15:10:14,15612,15612,15612,4,0
2023-03-03 15:10:22,15613,15613,15613,2,2
2023-03-03 15:10:23,15613,15613,15613,2,0
2023-03-03 15:10:26,15613,15613,15613,2,0
2023-03-03 15:10:27,15613,15613,15613,2,0
2023-03-03 15:10:30,15613,15613,15613,10,0
2023-03-03 15:10:32,15612,15612,15612,2,-2
2023-03-03 15:10:32,15612,15612,15612,2,0
2023-03-03 15:10:32,15612,15612,15612,2,0
2023-03-03 15:10:32,15612,15612,15612,4,0
2023-03-03 15:10:56,15612,15612,15612,2,0
2023-03-03 15:11:00,15612,15612,15612,2,0
2023-03-03 15:11:10,15612,15612,15612,2,0
2023-03-03 15:11:11,15612,15612,15612,2,0
2023-03-03 15:11:16,15613,15613,15613,2,2
2023-03-03 15:11:21,15611,15611,15611,2,-2
2023-03-03 15:11:24,15611,15611,15611,2,0
2023-03-03 15:11:24,15611,15611,15611,2,0
2023-03-03 15:11:29,15613,15613,15613,2,2
2023-03-03 15:11:29,15612,15612,15612,2,-2
2023-03-03 15:11:30,15612,15612,15612,2,0
2023-03-03 15:11:31,15612,15612,15612,2,0
2023-03-03 15:11:37,15613,15613,15613,10,10
2023-03-03 15:11:44,15612,15612,15612,2,-2
2023-03-03 15:11:44,15613,15613,15613,8,8
2023-03-03 15:11:49,15612,15612,15612,2,-2
2023-03-03 15:11:50,15612,15612,15612,2,0
2023-03-03 15:11:52,15611,15611,15611,2,-2
2023-03-03 15:11:52,15611,15611,15611,2,0
2023-03-03 15:11:52,15611,15611,15611,4,0
2023-03-03 15:11:52,15611,15611,15611,2,0
2023-03-03 15:11:52,15611,15611,15611,2,0
2023-03-03 15:11:52,15611,15611,15611,2,0
2023-03-03 15:11:52,15611,15611,15611,2,0
2023-03-03 15:11:52,15611,15611,15611,2,0
2023-03-03 15:11:52,15611,15611,15611,2,0
2023-03-03 15:11:52,15611,15611,15611,6,0
2023-03-03 15:11:52,15611,15611,15611,2,0
2023-03-03 15:11:52,15611,15611,15611,2,0
2023-03-03 15:11:52,15611,15611,15611,2,0
2023-03-03 15:11:52,15611,15611,15611,4,0
2023-03-03 15:11:52,15611,15611,15611,4,0
2023-03-03 15:11:52,15611,15611,15611,2,0
2023-03-03 15:12:01,15610,15610,15610,2,-2
2023-03-03 15:12:01,15610,15610,15610,4,0
2023-03-03 15:12:01,15610,15610,15610,2,0
2023-03-03 15:12:01,15610,15610,15610,2,0
2023-03-03 15:12:01,15610,15610,15610,2,0
2023-03-03 15:12:01,15610,15610,15610,2,0
2023-03-03 15:12:01,15610,15610,15610,2,0
2023-03-03 15:12:01,15610,15610,15610,2,0
2023-03-03 15:12:01,15610,15610,15610,6,0
2023-03-03 15:12:01,15610,15610,15610,2,0
2023-03-03 15:12:01,15610,15610,15610,2,0
2023-03-03 15:12:02,15611,15611,15611,2,2
2023-03-03 15:12:04,15611,15611,15611,2,0
2023-03-03 15:12:07,15610,15610,15610,2,-2
2023-03-03 15:12:07,15610,15610,15610,2,0
2023-03-03 15:12:07,15610,15610,15610,2,0
2023-03-03 15:12:07,15610,15610,15610,4,0
2023-03-03 15:12:07,15610,15610,15610,2,0
2023-03-03 15:12:07,15610,15610,15610,2,0
2023-03-03 15:12:07,15610,15610,15610,2,0
2023-03-03 15:12:07,15610,15610,15610,2,0
2023-03-03 15:12:07,15610,15610,15610,6,0
2023-03-03 15:12:07,15610,15610,15610,4,0
2023-03-03 15:12:07,15611,15611,15611,2,2
2023-03-03 15:12:09,15610,15610,15610,2,-2
2023-03-03 15:12:09,15610,15610,15610,2,0
2023-03-03 15:12:09,15610,15610,15610,2,0
2023-03-03 15:12:09,15610,15610,15610,2,0
2023-03-03 15:12:09,15610,15610,15610,2,0
2023-03-03 15:12:09,15610,15610,15610,2,0
2023-03-03 15:12:13,15610,15610,15610,2,0
2023-03-03 15:12:13,15610,15610,15610,2,0
2023-03-03 15:12:19,15610,15610,15610,2,0
2023-03-03 15:12:21,15609,15609,15609,2,-2
2023-03-03 15:12:21,15609,15609,15609,2,0
2023-03-03 15:12:21,15609,15609,15609,2,0
2023-03-03 15:12:21,15609,15609,15609,2,0
2023-03-03 15:12:21,15609,15609,15609,2,0
2023-03-03 15:12:21,15609,15609,15609,2,0
2023-03-03 15:12:21,15609,15609,15609,2,0
2023-03-03 15:12:21,15609,15609,15609,4,0
2023-03-03 15:12:21,15609,15609,15609,2,0
2023-03-03 15:12:21,15609,15609,15609,4,0
2023-03-03 15:12:21,15609,15609,15609,2,0
2023-03-03 15:12:21,15609,15609,15609,2,0
2023-03-03 15:12:24,15609,15609,15609,4,0
2023-03-03 15:12:30,15610,15610,15610,2,2
2023-03-03 15:12:43,15610,15610,15610,4,0
2023-03-03 15:13:15,15609,15609,15609,2,-2
2023-03-03 15:13:16,15610,15610,15610,2,2
2023-03-03 15:13:17,15609,15609,15609,2,-2
2023-03-03 15:13:21,15609,15609,15609,2,0
2023-03-03 15:13:23,15609,15609,15609,2,0
2023-03-03 15:13:25,15609,15609,15609,2,0
2023-03-03 15:13:25,15609,15609,15609,2,0
2023-03-03 15:13:25,15609,15609,15609,4,0
2023-03-03 15:13:25,15609,15609,15609,2,0
2023-03-03 15:13:25,15609,15609,15609,2,0
2023-03-03 15:13:31,15608,15608,15608,2,-2
2023-03-03 15:13:43,15609,15609,15609,2,2
2023-03-03 15:13:46,15608,15608,15608,2,-2
2023-03-03 15:13:49,15608,15608,15608,2,0
2023-03-03 15:13:49,15609,15609,15609,2,2
2023-03-03 15:13:49,15610,15610,15610,4,4
2023-03-03 15:13:50,15608,15608,15608,2,-2
2023-03-03 15:13:50,15608,15608,15608,4,0
2023-03-03 15:13:50,15608,15608,15608,2,0
2023-03-03 15:13:50,15608,15608,15608,2,0
2023-03-03 15:13:50,15608,15608,15608,2,0
2023-03-03 15:13:50,15608,15608,15608,2,0
2023-03-03 15:13:50,15608,15608,15608,2,0
2023-03-03 15:13:50,15608,15608,15608,2,0
2023-03-03 15:13:50,15608,15608,15608,4,0
2023-03-03 15:13:50,15608,15608,15608,2,0
2023-03-03 15:13:50,15608,15608,15608,2,0
2023-03-03 15:13:50,15608,15608,15608,2,0
2023-03-03 15:13:57,15607,15607,15607,2,-2
2023-03-03 15:13:57,15607,15607,15607,2,0
2023-03-03 15:13:57,15607,15607,15607,2,0
2023-03-03 15:13:57,15607,15607,15607,2,0
2023-03-03 15:13:57,15607,15607,15607,4,0
2023-03-03 15:13:57,15607,15607,15607,4,0
2023-03-03 15:13:57,15607,15607,15607,4,0
2023-03-03 15:13:57,15607,15607,15607,2,0
2023-03-03 15:13:57,15607,15607,15607,2,0
2023-03-03 15:13:57,15607,15607,15607,10,0
2023-03-03 15:13:57,15607,15607,15607,2,0
2023-03-03 15:13:57,15607,15607,15607,6,0
2023-03-03 15:13:57,15607,15607,15607,2,0
2023-03-03 15:13:57,15607,15607,15607,2,0
2023-03-03 15:13:57,15607,15607,15607,4,0
2023-03-03 15:13:57,15607,15607,15607,2,0
2023-03-03 15:13:57,15606,15606,15606,6,-6
2023-03-03 15:13:57,15606,15606,15606,2,0
2023-03-03 15:13:57,15606,15606,15606,2,0
2023-03-03 15:13:57,15606,15606,15606,4,0
2023-03-03 15:13:57,15606,15606,15606,2,0
2023-03-03 15:13:57,15606,15606,15606,2,0
2023-03-03 15:13:57,15606,15606,15606,2,0
2023-03-03 15:13:57,15606,15606,15606,2,0
2023-03-03 15:13:57,15606,15606,15606,24,0
2023-03-03 15:13:59,15606,15606,15606,2,0
2023-03-03 15:14:00,15606,15606,15606,2,0
2023-03-03 15:14:01,15606,15606,15606,8,0
2023-03-03 15:14:01,15606,15606,15606,2,0
2023-03-03 15:14:01,15606,15606,15606,2,0
2023-03-03 15:14:01,15606,15606,15606,2,0
2023-03-03 15:14:01,15606,15606,15606,2,0
2023-03-03 15:14:01,15606,15606,15606,2,0
2023-03-03 15:14:01,15606,15606,15606,2,0
2023-03-03 15:14:01,15606,15606,15606,2,0
2023-03-03 15:14:01,15605,15605,15605,2,-2
2023-03-03 15:14:01,15605,15605,15605,2,0
2023-03-03 15:14:01,15605,15605,15605,2,0
2023-03-03 15:14:01,15605,15605,15605,2,0
2023-03-03 15:14:02,15607,15607,15607,2,2
2023-03-03 15:14:07,15607,15607,15607,2,0
2023-03-03 15:14:07,15607,15607,15607,2,0
2023-03-03 15:14:08,15608,15608,15608,4,4
2023-03-03 15:14:14,15608,15608,15608,2,0
2023-03-03 15:14:18,15608,15608,15608,2,0
2023-03-03 15:14:18,15607,15607,15607,2,-2
2023-03-03 15:14:18,15607,15607,15607,2,0
2023-03-03 15:14:18,15607,15607,15607,4,0
2023-03-03 15:14:18,15607,15607,15607,2,0
2023-03-03 15:14:18,15607,15607,15607,4,0
2023-03-03 15:14:18,15607,15607,15607,2,0
2023-03-03 15:14:19,15607,15607,15607,4,0
2023-03-03 15:14:23,15606,15606,15606,2,-2
2023-03-03 15:14:25,15606,15606,15606,2,0
2023-03-03 15:14:25,15606,15606,15606,2,0
2023-03-03 15:14:32,15605,15605,15605,2,-2
2023-03-03 15:14:32,15606,15606,15606,6,6
2023-03-03 15:14:35,15606,15606,15606,2,0
2023-03-03 15:14:37,15607,15607,15607,6,6
2023-03-03 15:14:41,15607,15607,15607,2,0
2023-03-03 15:14:46,15607,15607,15607,2,0
2023-03-03 15:14:50,15608,15608,15608,2,2
2023-03-03 15:14:54,15607,15607,15607,2,-2
2023-03-03 15:15:00,15606,15606,15606,2,-2
2023-03-03 15:15:00,15606,15606,15606,2,0
2023-03-03 15:15:00,15605,15605,15605,2,-2
2023-03-03 15:15:06,15605,15605,15605,2,0
2023-03-03 15:15:06,15605,15605,15605,2,0
2023-03-03 15:15:06,15605,15605,15605,2,0
2023-03-03 15:15:08,15606,15606,15606,2,2
2023-03-03 15:15:13,15606,15606,15606,2,0
2023-03-03 15:15:20,15607,15607,15607,2,2
2023-03-03 15:15:29,15607,15607,15607,2,0
2023-03-03 15:15:34,15607,15607,15607,4,0
2023-03-03 15:15:37,15607,15607,15607,4,0
2023-03-03 15:15:40,15606,15606,15606,2,-2
2023-03-03 15:15:54,15606,15606,15606,2,0
2023-03-03 15:16:02,15607,15607,15607,6,6
2023-03-03 15:16:02,15608,15608,15608,2,2
2023-03-03 15:16:03,15607,15607,15607,2,-2
2023-03-03 15:16:03,15607,15607,15607,2,0
2023-03-03 15:16:17,15607,15607,15607,2,0
2023-03-03 15:16:17,15607,15607,15607,2,0
2023-03-03 15:16:22,15607,15607,15607,2,0
2023-03-03 15:16:23,15609,15609,15609,2,2
2023-03-03 15:16:37,15609,15609,15609,2,0
2023-03-03 15:16:38,15609,15609,15609,2,0
2023-03-03 15:16:38,15608,15608,15608,2,-2
2023-03-03 15:16:38,15609,15609,15609,2,2
2023-03-03 15:16:40,15609,15609,15609,2,0
2023-03-03 15:16:43,15608,15608,15608,2,-2
2023-03-03 15:16:53,15609,15609,15609,2,2
2023-03-03 15:16:53,15608,15608,15608,2,-2
2023-03-03 15:16:53,15608,15608,15608,2,0
2023-03-03 15:17:02,15609,15609,15609,2,2
2023-03-03 15:17:04,15609,15609,15609,2,0
2023-03-03 15:17:04,15609,15609,15609,2,0
2023-03-03 15:17:08,15609,15609,15609,2,0
2023-03-03 15:17:12,15609,15609,15609,2,0
2023-03-03 15:17:21,15610,15610,15610,2,2
2023-03-03 15:17:21,15610,15610,15610,2,0
2023-03-03 15:17:21,15610,15610,15610,2,0
2023-03-03 15:17:21,15610,15610,15610,4,0
2023-03-03 15:17:24,15611,15611,15611,2,2
2023-03-03 15:17:27,15611,15611,15611,2,0
2023-03-03 15:17:37,15612,15612,15612,2,2
2023-03-03 15:17:49,15612,15612,15612,2,0
2023-03-03 15:17:59,15612,15612,15612,4,0
2023-03-03 15:18:10,15611,15611,15611,6,-6
2023-03-03 15:18:10,15611,15611,15611,2,0
2023-03-03 15:18:10,15611,15611,15611,4,0
2023-03-03 15:18:11,15612,15612,15612,4,4
2023-03-03 15:18:13,15612,15612,15612,4,0
2023-03-03 15:18:25,15612,15612,15612,4,0
2023-03-03 15:18:29,15611,15611,15611,2,-2
2023-03-03 15:18:30,15610,15610,15610,2,-2
2023-03-03 15:18:38,15612,15612,15612,2,2
2023-03-03 15:18:46,15612,15612,15612,2,0
2023-03-03 15:18:47,15612,15612,15612,2,0
2023-03-03 15:19:29,15612,15612,15612,2,0
2023-03-03 15:19:47,15612,15612,15612,2,0
2023-03-03 15:20:00,15612,15612,15612,2,0
2023-03-03 15:20:00,15612,15612,15612,2,0
2023-03-03 15:20:03,15612,15612,15612,2,0
2023-03-03 15:20:06,15611,15611,15611,2,-2
2023-03-03 15:20:06,15611,15611,15611,2,0
2023-03-03 15:20:06,15611,15611,15611,2,0
2023-03-03 15:20:06,15611,15611,15611,6,0
2023-03-03 15:20:06,15611,15611,15611,2,0
2023-03-03 15:20:06,15611,15611,15611,2,0
2023-03-03 15:20:06,15611,15611,15611,6,0
2023-03-03 15:20:06,15611,15611,15611,2,0
2023-03-03 15:20:07,15612,15612,15612,2,2
2023-03-03 15:20:10,15612,15612,15612,2,0
2023-03-03 15:20:15,15611,15611,15611,2,-2
2023-03-03 15:20:34,15612,15612,15612,2,2
2023-03-03 15:20:34,15612,15612,15612,2,0
2023-03-03 15:20:34,15612,15612,15612,2,0
2023-03-03 15:20:56,15613,15613,15613,2,2
2023-03-03 15:21:03,15613,15613,15613,30,0
2023-03-03 15:21:04,15613,15613,15613,2,0
2023-03-03 15:21:08,15613,15613,15613,2,0
2023-03-03 15:21:08,15613,15613,15613,6,0
2023-03-03 15:21:08,15614,15614,15614,2,2
2023-03-03 15:21:08,15614,15614,15614,2,0
2023-03-03 15:21:08,15614,15614,15614,2,0
2023-03-03 15:21:09,15614,15614,15614,4,0
2023-03-03 15:21:12,15614,15614,15614,2,0
2023-03-03 15:21:12,15614,15614,15614,2,0
2023-03-03 15:21:15,15614,15614,15614,2,0
2023-03-03 15:21:21,15614,15614,15614,2,0
2023-03-03 15:21:21,15614,15614,15614,6,0
2023-03-03 15:21:21,15614,15614,15614,2,0
2023-03-03 15:21:22,15614,15614,15614,2,0
2023-03-03 15:21:26,15613,15613,15613,2,-2
2023-03-03 15:21:31,15613,15613,15613,2,0
2023-03-03 15:21:43,15613,15613,15613,4,0
2023-03-03 15:21:56,15613,15613,15613,2,0
2023-03-03 15:21:56,15614,15614,15614,2,2
2023-03-03 15:22:16,15614,15614,15614,4,0
2023-03-03 15:22:25,15614,15614,15614,10,0
2023-03-03 15:22:52,15614,15614,15614,2,0
2023-03-03 15:22:59,15614,15614,15614,2,0
2023-03-03 15:23:07,15614,15614,15614,2,0
2023-03-03 15:23:12,15613,15613,15613,2,-2
2023-03-03 15:23:18,15614,15614,15614,2,2
2023-03-03 15:23:34,15612,15612,15612,2,-2
2023-03-03 15:23:34,15612,15612,15612,2,0
2023-03-03 15:23:38,15612,15612,15612,2,0
2023-03-03 15:23:58,15611,15611,15611,2,-2
2023-03-03 15:24:03,15611,15611,15611,2,0
2023-03-03 15:24:03,15611,15611,15611,2,0
2023-03-03 15:24:03,15611,15611,15611,2,0
2023-03-03 15:24:03,15611,15611,15611,2,0
2023-03-03 15:24:03,15611,15611,15611,2,0
2023-03-03 15:24:03,15611,15611,15611,2,0
2023-03-03 15:24:03,15611,15611,15611,4,0
2023-03-03 15:24:03,15611,15611,15611,2,0
2023-03-03 15:24:04,15611,15611,15611,2,0
2023-03-03 15:24:05,15610,15610,15610,4,-4
2023-03-03 15:24:05,15610,15610,15610,2,0
2023-03-03 15:24:05,15610,15610,15610,2,0
2023-03-03 15:24:15,15610,15610,15610,2,0
2023-03-03 15:24:43,15610,15610,15610,2,0
2023-03-03 15:24:43,15610,15610,15610,4,0
2023-03-03 15:24:58,15609,15609,15609,2,-2
2023-03-03 15:25:02,15610,15610,15610,4,4
2023-03-03 15:25:02,15609,15609,15609,2,-2
2023-03-03 15:25:10,15609,15609,15609,2,0
2023-03-03 15:25:18,15609,15609,15609,2,0
2023-03-03 15:25:18,15608,15608,15608,2,-2
2023-03-03 15:25:20,15608,15608,15608,2,0
2023-03-03 15:25:29,15608,15608,15608,2,0
2023-03-03 15:25:33,15609,15609,15609,2,2
2023-03-03 15:25:37,15608,15608,15608,2,-2
2023-03-03 15:25:42,15609,15609,15609,2,2
2023-03-03 15:25:48,15609,15609,15609,2,0
2023-03-03 15:25:48,15609,15609,15609,2,0
2023-03-03 15:26:15,15609,15609,15609,2,0
2023-03-03 15:26:20,15609,15609,15609,2,0
2023-03-03 15:26:22,15610,15610,15610,2,2
2023-03-03 15:26:23,15610,15610,15610,2,0
2023-03-03 15:26:23,15610,15610,15610,6,0
2023-03-03 15:26:30,15611,15611,15611,2,2
2023-03-03 15:26:44,15611,15611,15611,2,0
2023-03-03 15:26:46,15610,15610,15610,2,-2
2023-03-03 15:26:48,15610,15610,15610,2,0
2023-03-03 15:26:55,15610,15610,15610,2,0
2023-03-03 15:26:55,15610,15610,15610,2,0
2023-03-03 15:27:02,15610,15610,15610,2,0
2023-03-03 15:27:02,15609,15609,15609,2,-2
2023-03-03 15:27:02,15609,15609,15609,2,0
2023-03-03 15:27:09,15609,15609,15609,2,0
2023-03-03 15:27:09,15609,15609,15609,2,0
2023-03-03 15:27:20,15608,15608,15608,2,-2
2023-03-03 15:27:21,15609,15609,15609,2,2
2023-03-03 15:27:27,15609,15609,15609,2,0
2023-03-03 15:27:29,15609,15609,15609,2,0
2023-03-03 15:27:36,15610,15610,15610,2,2
2023-03-03 15:27:36,15610,15610,15610,2,0
2023-03-03 15:27:36,15610,15610,15610,2,0
2023-03-03 15:27:36,15610,15610,15610,2,0
2023-03-03 15:27:36,15610,15610,15610,6,0
2023-03-03 15:27:58,15611,15611,15611,10,10
2023-03-03 15:27:58,15611,15611,15611,4,0
2023-03-03 15:28:00,15611,15611,15611,2,0
2023-03-03 15:28:19,15612,15612,15612,2,2
2023-03-03 15:28:22,15612,15612,15612,2,0
2023-03-03 15:28:24,15610,15610,15610,2,-2
2023-03-03 15:28:40,15611,15611,15611,2,2
2023-03-03 15:28:47,15611,15611,15611,2,0
2023-03-03 15:29:21,15613,15613,15613,2,2
2023-03-03 15:29:41,15613,15613,15613,8,0
2023-03-03 15:29:56,15614,15614,15614,2,2
2023-03-03 15:29:57,15614,15614,15614,4,0
2023-03-03 15:29:57,15613,15613,15613,2,-2
2023-03-03 15:30:02,15614,15614,15614,6,6
2023-03-03 15:30:02,15613,15613,15613,2,-2
2023-03-03 15:30:02,15613,15613,15613,2,0
2023-03-03 15:30:05,15613,15613,15613,2,0
2023-03-03 15:30:13,15613,15613,15613,2,0
2023-03-03 15:30:23,15613,15613,15613,2,0
2023-03-03 15:30:36,15614,15614,15614,4,4
2023-03-03 15:30:48,15614,15614,15614,2,0
2023-03-03 15:30:59,15614,15614,15614,2,0
2023-03-03 15:30:59,15614,15614,15614,2,0
2023-03-03 15:31:01,15615,15615,15615,2,2
2023-03-03 15:31:03,15614,15614,15614,2,-2
2023-03-03 15:31:04,15615,15615,15615,2,2
2023-03-03 15:31:12,15615,15615,15615,2,0
2023-03-03 15:31:13,15615,15615,15615,2,0
2023-03-03 15:31:19,15615,15615,15615,2,0
2023-03-03 15:31:23,15615,15615,15615,8,0
2023-03-03 15:31:27,15615,15615,15615,2,0
2023-03-03 15:31:27,15614,15614,15614,2,-2
2023-03-03 15:31:30,15615,15615,15615,2,2
2023-03-03 15:31:31,15614,15614,15614,2,-2
2023-03-03 15:31:52,15613,15613,15613,2,-2
2023-03-03 15:32:00,15614,15614,15614,2,2
2023-03-03 15:32:41,15615,15615,15615,2,2
2023-03-03 15:32:43,15615,15615,15615,2,0
2023-03-03 15:32:45,15615,15615,15615,2,0
2023-03-03 15:33:16,15614,15614,15614,2,-2
2023-03-03 15:33:16,15614,15614,15614,2,0
2023-03-03 15:33:24,15615,15615,15615,2,2
2023-03-03 15:33:27,15615,15615,15615,2,0
2023-03-03 15:33:27,15615,15615,15615,2,0
2023-03-03 15:33:27,15615,15615,15615,2,0
2023-03-03 15:33:27,15615,15615,15615,2,0
2023-03-03 15:33:27,15615,15615,15615,2,0
2023-03-03 15:33:27,15615,15615,15615,8,0
2023-03-03 15:33:29,15615,15615,15615,4,0
2023-03-03 15:33:45,15616,15616,15616,2,2
2023-03-03 15:33:53,15616,15616,15616,4,0
2023-03-03 15:33:55,15615,15615,15615,4,-4
2023-03-03 15:33:59,15616,15616,15616,2,2
2023-03-03 15:34:00,15616,15616,15616,2,0
2023-03-03 15:34:07,15616,15616,15616,10,0
2023-03-03 15:34:08,15616,15616,15616,8,0
2023-03-03 15:34:08,15616,15616,15616,6,0
2023-03-03 15:34:12,15616,15616,15616,2,0
2023-03-03 15:34:16,15616,15616,15616,2,0
2023-03-03 15:34:24,15617,15617,15617,10,10
2023-03-03 15:34:28,15616,15616,15616,2,-2
2023-03-03 15:34:28,15616,15616,15616,2,0
2023-03-03 15:34:28,15616,15616,15616,2,0
2023-03-03 15:34:37,15616,15616,15616,4,0
2023-03-03 15:34:59,15616,15616,15616,6,0
2023-03-03 15:35:00,15616,15616,15616,2,0
2023-03-03 15:35:00,15616,15616,15616,2,0
2023-03-03 15:35:01,15616,15616,15616,6,0
2023-03-03 15:35:03,15616,15616,15616,2,0
2023-03-03 15:35:12,15616,15616,15616,2,0
2023-03-03 15:35:14,15615,15615,15615,2,-2
2023-03-03 15:35:22,15615,15615,15615,2,0
2023-03-03 15:35:22,15615,15615,15615,2,0
2023-03-03 15:35:22,15615,15615,15615,2,0
2023-03-03 15:35:23,15615,15615,15615,2,0
2023-03-03 15:35:35,15615,15615,15615,2,0
2023-03-03 15:35:52,15615,15615,15615,4,0
2023-03-03 15:35:55,15615,15615,15615,2,0
2023-03-03 15:36:00,15615,15615,15615,2,0
2023-03-03 15:36:02,15615,15615,15615,2,0
2023-03-03 15:36:15,15615,15615,15615,2,0
2023-03-03 15:36:23,15615,15615,15615,2,0
2023-03-03 15:36:25,15615,15615,15615,2,0
2023-03-03 15:36:25,15615,15615,15615,2,0
2023-03-03 15:36:29,15615,15615,15615,2,0
2023-03-03 15:36:30,15614,15614,15614,4,-4
2023-03-03 15:36:30,15614,15614,15614,2,0
2023-03-03 15:36:30,15614,15614,15614,2,0
2023-03-03 15:36:30,15614,15614,15614,2,0
2023-03-03 15:36:34,15613,15613,15613,2,-2
2023-03-03 15:36:34,15613,15613,15613,2,0
2023-03-03 15:36:34,15613,15613,15613,2,0
2023-03-03 15:36:34,15613,15613,15613,2,0
2023-03-03 15:36:40,15613,15613,15613,2,0
2023-03-03 15:36:52,15613,15613,15613,2,0
2023-03-03 15:37:08,15613,15613,15613,2,0
2023-03-03 15:37:08,15613,15613,15613,2,0
2023-03-03 15:37:09,15612,15612,15612,2,-2
2023-03-03 15:37:10,15612,15612,15612,2,0
2023-03-03 15:37:10,15612,15612,15612,2,0
2023-03-03 15:37:18,15612,15612,15612,2,0
2023-03-03 15:37:30,15612,15612,15612,2,0
2023-03-03 15:37:30,15612,15612,15612,2,0
2023-03-03 15:37:39,15611,15611,15611,2,-2
2023-03-03 15:37:46,15612,15612,15612,2,2
2023-03-03 15:37:48,15612,15612,15612,2,0
2023-03-03 15:37:48,15612,15612,15612,2,0
2023-03-03 15:37:54,15612,15612,15612,2,0
2023-03-03 15:38:01,15611,15611,15611,2,-2
2023-03-03 15:38:15,15612,15612,15612,2,2
2023-03-03 15:38:15,15612,15612,15612,2,0
2023-03-03 15:38:16,15611,15611,15611,2,-2
2023-03-03 15:38:29,15611,15611,15611,4,0
2023-03-03 15:38:56,15611,15611,15611,2,0
2023-03-03 15:38:56,15611,15611,15611,2,0
2023-03-03 15:38:56,15611,15611,15611,2,0
2023-03-03 15:38:57,15611,15611,15611,2,0
2023-03-03 15:38:57,15611,15611,15611,2,0
2023-03-03 15:38:57,15611,15611,15611,2,0
2023-03-03 15:38:57,15611,15611,15611,4,0
2023-03-03 15:39:00,15610,15610,15610,2,-2
2023-03-03 15:39:03,15610,15610,15610,2,0
2023-03-03 15:39:03,15610,15610,15610,2,0
2023-03-03 15:39:25,15610,15610,15610,2,0
2023-03-03 15:39:40,15610,15610,15610,2,0
2023-03-03 15:39:40,15610,15610,15610,2,0
2023-03-03 15:40:00,15609,15609,15609,2,-2
2023-03-03 15:40:00,15609,15609,15609,2,0
2023-03-03 15:40:00,15609,15609,15609,2,0
2023-03-03 15:40:15,15610,15610,15610,2,2
2023-03-03 15:40:17,15610,15610,15610,2,0
2023-03-03 15:40:27,15610,15610,15610,6,0
2023-03-03 15:40:40,15610,15610,15610,2,0
2023-03-03 15:41:01,15611,15611,15611,6,6
2023-03-03 15:41:09,15610,15610,15610,8,-8
2023-03-03 15:41:33,15610,15610,15610,2,0
2023-03-03 15:41:40,15610,15610,15610,2,0
2023-03-03 15:41:40,15610,15610,15610,4,0
2023-03-03 15:41:57,15611,15611,15611,2,2
2023-03-03 15:42:03,15611,15611,15611,4,0
2023-03-03 15:42:04,15611,15611,15611,2,0
2023-03-03 15:42:05,15611,15611,15611,2,0
2023-03-03 15:42:05,15611,15611,15611,20,0
2023-03-03 15:42:05,15611,15611,15611,6,0
2023-03-03 15:42:05,15611,15611,15611,2,0
2023-03-03 15:42:05,15611,15611,15611,2,0
2023-03-03 15:42:20,15610,15610,15610,2,-2
2023-03-03 15:42:35,15610,15610,15610,2,0
2023-03-03 15:42:37,15610,15610,15610,2,0
2023-03-03 15:42:37,15610,15610,15610,4,0
2023-03-03 15:42:48,15610,15610,15610,2,0
2023-03-03 15:43:25,15611,15611,15611,2,2
2023-03-03 15:43:25,15611,15611,15611,2,0
2023-03-03 15:43:25,15611,15611,15611,2,0
2023-03-03 15:44:21,15612,15612,15612,2,2
2023-03-03 15:44:21,15612,15612,15612,2,0
2023-03-03 15:44:36,15612,15612,15612,2,0
2023-03-03 15:45:04,15613,15613,15613,2,2
2023-03-03 15:45:08,15613,15613,15613,2,0
2023-03-03 15:45:11,15613,15613,15613,2,0
2023-03-03 15:45:11,15612,15612,15612,2,-2
2023-03-03 15:45:16,15612,15612,15612,2,0
2023-03-03 15:45:16,15612,15612,15612,2,0
2023-03-03 15:45:16,15612,15612,15612,2,0
2023-03-03 15:45:16,15612,15612,15612,2,0
2023-03-03 15:45:16,15612,15612,15612,2,0
2023-03-03 15:45:16,15612,15612,15612,2,0
2023-03-03 15:45:17,15612,15612,15612,2,0
2023-03-03 15:45:17,15611,15611,15611,2,-2
2023-03-03 15:45:17,15611,15611,15611,2,0
2023-03-03 15:45:44,15612,15612,15612,2,2
2023-03-03 15:45:44,15612,15612,15612,2,0
2023-03-03 15:46:22,15611,15611,15611,2,-2
2023-03-03 15:46:22,15611,15611,15611,6,0
2023-03-03 15:46:22,15611,15611,15611,6,0
2023-03-03 15:46:22,15611,15611,15611,2,0
2023-03-03 15:46:22,15611,15611,15611,2,0
2023-03-03 15:46:22,15610,15610,15610,2,-2
2023-03-03 15:46:22,15610,15610,15610,2,0
2023-03-03 15:46:22,15610,15610,15610,4,0
2023-03-03 15:46:22,15610,15610,15610,2,0
2023-03-03 15:46:22,15610,15610,15610,2,0
2023-03-03 15:46:40,15610,15610,15610,2,0
2023-03-03 15:47:06,15610,15610,15610,2,0
2023-03-03 15:47:06,15610,15610,15610,2,0
2023-03-03 15:47:20,15612,15612,15612,4,4
2023-03-03 15:47:27,15610,15610,15610,2,-2
2023-03-03 15:47:27,15610,15610,15610,2,0
2023-03-03 15:48:20,15611,15611,15611,2,2
2023-03-03 15:48:37,15610,15610,15610,2,-2
2023-03-03 15:48:37,15610,15610,15610,2,0
2023-03-03 15:48:37,15610,15610,15610,2,0
2023-03-03 15:48:37,15610,15610,15610,2,0
2023-03-03 15:48:53,15609,15609,15609,2,-2
2023-03-03 15:48:54,15609,15609,15609,2,0
2023-03-03 15:48:54,15609,15609,15609,2,0
2023-03-03 15:48:55,15609,15609,15609,2,0
2023-03-03 15:48:59,15610,15610,15610,2,2
2023-03-03 15:49:04,15609,15609,15609,2,-2
2023-03-03 15:49:18,15610,15610,15610,2,2
2023-03-03 15:49:20,15609,15609,15609,2,-2
2023-03-03 15:49:20,15609,15609,15609,2,0
2023-03-03 15:49:31,15609,15609,15609,2,0
2023-03-03 15:49:57,15609,15609,15609,2,0
2023-03-03 15:50:07,15610,15610,15610,2,2
2023-03-03 15:50:08,15609,15609,15609,2,-2
2023-03-03 15:50:08,15609,15609,15609,2,0
2023-03-03 15:50:19,15609,15609,15609,2,0
2023-03-03 15:50:19,15609,15609,15609,2,0
2023-03-03 15:50:20,15608,15608,15608,2,-2
2023-03-03 15:50:20,15608,15608,15608,2,0
2023-03-03 15:50:32,15608,15608,15608,2,0
2023-03-03 15:50:36,15608,15608,15608,2,0
2023-03-03 15:50:36,15608,15608,15608,2,0
2023-03-03 15:50:39,15609,15609,15609,2,2
2023-03-03 15:50:40,15608,15608,15608,6,-6
2023-03-03 15:50:46,15608,15608,15608,2,0
2023-03-03 15:50:46,15608,15608,15608,4,0
2023-03-03 15:50:46,15608,15608,15608,2,0
2023-03-03 15:50:46,15608,15608,15608,16,0
2023-03-03 15:50:46,15608,15608,15608,2,0
2023-03-03 15:50:46,15608,15608,15608,2,0
2023-03-03 15:50:46,15608,15608,15608,2,0
2023-03-03 15:50:46,15608,15608,15608,2,0
2023-03-03 15:50:46,15608,15608,15608,2,0
2023-03-03 15:50:46,15608,15608,15608,2,0
2023-03-03 15:50:46,15608,15608,15608,2,0
2023-03-03 15:50:46,15608,15608,15608,2,0
2023-03-03 15:50:46,15608,15608,15608,2,0
2023-03-03 15:50:46,15608,15608,15608,2,0
2023-03-03 15:50:46,15608,15608,15608,2,0
2023-03-03 15:50:46,15608,15608,15608,2,0
2023-03-03 15:50:46,15608,15608,15608,16,0
2023-03-03 15:50:46,15608,15608,15608,2,0
2023-03-03 15:50:46,15608,15608,15608,2,0
2023-03-03 15:50:49,15608,15608,15608,2,0
2023-03-03 15:51:02,15607,15607,15607,2,-2
2023-03-03 15:51:11,15607,15607,15607,2,0
2023-03-03 15:51:12,15607,15607,15607,2,0
2023-03-03 15:51:13,15607,15607,15607,2,0
2023-03-03 15:51:13,15608,15608,15608,2,2
2023-03-03 15:51:21,15608,15608,15608,2,0
2023-03-03 15:51:32,15609,15609,15609,2,2
2023-03-03 15:51:34,15609,15609,15609,2,0
2023-03-03 15:51:52,15608,15608,15608,6,-6
2023-03-03 15:51:56,15608,15608,15608,2,0
2023-03-03 15:51:56,15608,15608,15608,2,0
2023-03-03 15:52:03,15608,15608,15608,2,0
2023-03-03 15:52:04,15608,15608,15608,2,0
2023-03-03 15:52:08,15608,15608,15608,2,0
2023-03-03 15:52:08,15608,15608,15608,2,0
2023-03-03 15:52:08,15608,15608,15608,2,0
2023-03-03 15:52:20,15608,15608,15608,2,0
2023-03-03 15:52:20,15608,15608,15608,4,0
2023-03-03 15:52:40,15608,15608,15608,2,0
2023-03-03 15:52:41,15608,15608,15608,2,0
2023-03-03 15:52:43,15608,15608,15608,2,0
2023-03-03 15:52:43,15608,15608,15608,2,0
2023-03-03 15:52:44,15608,15608,15608,2,0
2023-03-03 15:53:00,15609,15609,15609,4,4
2023-03-03 15:53:00,15609,15609,15609,2,0
2023-03-03 15:53:00,15609,15609,15609,8,0
2023-03-03 15:53:00,15609,15609,15609,2,0
2023-03-03 15:53:02,15609,15609,15609,2,0
2023-03-03 15:53:06,15609,15609,15609,2,0
2023-03-03 15:53:15,15610,15610,15610,2,2
2023-03-03 15:53:18,15610,15610,15610,2,0
2023-03-03 15:53:20,15610,15610,15610,2,0
2023-03-03 15:53:20,15610,15610,15610,4,0
2023-03-03 15:53:20,15610,15610,15610,2,0
2023-03-03 15:53:20,15610,15610,15610,2,0
2023-03-03 15:53:26,15611,15611,15611,2,2
2023-03-03 15:53:26,15611,15611,15611,4,0
2023-03-03 15:53:26,15611,15611,15611,2,0
2023-03-03 15:53:43,15610,15610,15610,2,-2
2023-03-03 15:54:05,15611,15611,15611,2,2
2023-03-03 15:54:07,15611,15611,15611,2,0
2023-03-03 15:54:09,15611,15611,15611,2,0
2023-03-03 15:54:16,15611,15611,15611,2,0
2023-03-03 15:54:16,15611,15611,15611,2,0
2023-03-03 15:54:23,15611,15611,15611,2,0
2023-03-03 15:54:25,15610,15610,15610,2,-2
2023-03-03 15:54:27,15610,15610,15610,2,0
2023-03-03 15:54:28,15610,15610,15610,2,0
2023-03-03 15:54:31,15611,15611,15611,4,4
2023-03-03 15:54:39,15610,15610,15610,4,-4
2023-03-03 15:54:51,15610,15610,15610,2,0
2023-03-03 15:55:16,15610,15610,15610,2,0
2023-03-03 15:55:17,15610,15610,15610,2,0
2023-03-03 15:55:17,15610,15610,15610,2,0
2023-03-03 15:55:17,15610,15610,15610,2,0
2023-03-03 15:56:18,15609,15609,15609,2,-2
2023-03-03 15:56:18,15609,15609,15609,2,0
2023-03-03 15:56:27,15609,15609,15609,2,0
2023-03-03 15:56:40,15608,15608,15608,2,-2
2023-03-03 15:56:55,15608,15608,15608,2,0
2023-03-03 15:56:58,15608,15608,15608,2,0
2023-03-03 15:57:00,15608,15608,15608,2,0
2023-03-03 15:57:00,15608,15608,15608,2,0
2023-03-03 15:57:01,15609,15609,15609,2,2
2023-03-03 15:57:03,15608,15608,15608,2,-2
2023-03-03 15:57:03,15607,15607,15607,2,-2
2023-03-03 15:57:03,15607,15607,15607,2,0
2023-03-03 15:57:03,15607,15607,15607,2,0
2023-03-03 15:57:03,15607,15607,15607,4,0
2023-03-03 15:57:03,15607,15607,15607,2,0
2023-03-03 15:57:03,15607,15607,15607,2,0
2023-03-03 15:57:03,15607,15607,15607,2,0
2023-03-03 15:57:03,15607,15607,15607,2,0
2023-03-03 15:57:03,15607,15607,15607,2,0
2023-03-03 15:57:03,15607,15607,15607,2,0
2023-03-03 15:57:03,15607,15607,15607,2,0
2023-03-03 15:57:03,15607,15607,15607,2,0
2023-03-03 15:57:03,15607,15607,15607,2,0
2023-03-03 15:57:03,15607,15607,15607,4,0
2023-03-03 15:57:03,15607,15607,15607,2,0
2023-03-03 15:57:03,15607,15607,15607,2,0
2023-03-03 15:57:03,15607,15607,15607,2,0
2023-03-03 15:57:03,15606,15606,15606,2,-2
2023-03-03 15:57:03,15606,15606,15606,2,0
2023-03-03 15:57:03,15606,15606,15606,2,0
2023-03-03 15:57:03,15606,15606,15606,2,0
2023-03-03 15:57:03,15606,15606,15606,2,0
2023-03-03 15:57:03,15606,15606,15606,2,0
2023-03-03 15:57:03,15606,15606,15606,2,0
2023-03-03 15:57:03,15606,15606,15606,2,0
2023-03-03 15:57:12,15607,15607,15607,2,2
2023-03-03 15:57:19,15606,15606,15606,2,-2
2023-03-03 15:57:20,15606,15606,15606,2,0
2023-03-03 15:57:20,15606,15606,15606,2,0
2023-03-03 15:57:36,15606,15606,15606,2,0
2023-03-03 15:57:41,15606,15606,15606,2,0
2023-03-03 15:57:45,15606,15606,15606,4,0
2023-03-03 15:57:47,15606,15606,15606,4,0
2023-03-03 15:57:54,15606,15606,15606,2,0
2023-03-03 15:57:55,15606,15606,15606,2,0
2023-03-03 15:57:56,15606,15606,15606,2,0
2023-03-03 15:57:56,15606,15606,15606,2,0
2023-03-03 15:57:56,15606,15606,15606,2,0
2023-03-03 15:57:56,15606,15606,15606,2,0
2023-03-03 15:57:58,15606,15606,15606,2,0
2023-03-03 15:58:14,15607,15607,15607,2,2
2023-03-03 15:58:14,15607,15607,15607,4,0
2023-03-03 15:58:14,15607,15607,15607,2,0
2023-03-03 15:58:14,15607,15607,15607,6,0
2023-03-03 15:58:25,15607,15607,15607,2,0
2023-03-03 15:58:26,15607,15607,15607,2,0
2023-03-03 15:58:40,15607,15607,15607,2,0
2023-03-03 15:58:46,15607,15607,15607,2,0
2023-03-03 15:58:46,15607,15607,15607,2,0
2023-03-03 15:58:53,15607,15607,15607,4,0
2023-03-03 15:59:09,15607,15607,15607,2,0
2023-03-03 15:59:14,15607,15607,15607,2,0
2023-03-03 15:59:19,15607,15607,15607,2,0
2023-03-03 15:59:19,15607,15607,15607,2,0
2023-03-03 15:59:19,15607,15607,15607,4,0
2023-03-03 15:59:19,15607,15607,15607,2,0
2023-03-03 15:59:25,15607,15607,15607,2,0
2023-03-03 15:59:59,15607,15607,15607,2,0
2023-03-03 15:59:59,15606,15606,15606,4,-4
2023-03-03 15:59:59,15607,15607,15607,2,2
2023-03-03 15:59:59,15606,15606,15606,4,-4
2023-03-03 15:59:59,15606,15606,15606,2,0
2023-03-03 15:59:59,15606,15606,15606,2,0
2023-03-03 15:59:59,15606,15606,15606,2,0
2023-03-03 15:59:59,15606,15606,15606,10,0
2023-03-03 15:59:59,15606,15606,15606,2,0
2023-03-03 15:59:59,15606,15606,15606,2,0
2023-03-03 15:59:59,15606,15606,15606,2,0
2023-03-03 15:59:59,15606,15606,15606,2,0
2023-03-03 15:59:59,15606,15606,15606,2,0
2023-03-03 15:59:59,15606,15606,15606,2,0
2023-03-03 15:59:59,15606,15606,15606,2,0
2023-03-03 15:59:59,15606,15606,15606,2,0
2023-03-03 16:00:00,15607,15607,15607,6,6
2023-03-03 16:00:01,15607,15607,15607,2,0
2023-03-03 16:00:01,15606,15606,15606,2,-2
2023-03-03 16:00:01,15606,15606,15606,2,0
2023-03-03 16:00:01,15606,15606,15606,2,0
2023-03-03 16:00:01,15606,15606,15606,2,0
2023-03-03 16:00:01,15606,15606,15606,2,0
2023-03-03 16:00:01,15606,15606,15606,2,0
2023-03-03 16:00:01,15606,15606,15606,2,0
2023-03-03 16:00:01,15606,15606,15606,2,0
2023-03-03 16:00:01,15606,15606,15606,2,0
2023-03-03 16:00:01,15606,15606,15606,2,0
2023-03-03 16:00:01,15606,15606,15606,2,0
2023-03-03 16:00:01,15606,15606,15606,2,0
2023-03-03 16:00:01,15606,15606,15606,2,0
2023-03-03 16:00:01,15606,15606,15606,2,0
2023-03-03 16:00:02,15606,15606,15606,2,0
2023-03-03 16:00:03,15607,15607,15607,2,2
2023-03-03 16:00:03,15607,15607,15607,2,0
2023-03-03 16:00:04,15607,15607,15607,2,0
2023-03-03 16:00:05,15607,15607,15607,2,0
2023-03-03 16:00:08,15608,15608,15608,2,2
2023-03-03 16:00:08,15606,15606,15606,2,-2
2023-03-03 16:00:11,15606,15606,15606,2,0
2023-03-03 16:00:12,15608,15608,15608,2,2
2023-03-03 16:00:13,15607,15607,15607,2,-2
2023-03-03 16:00:17,15607,15607,15607,2,0
2023-03-03 16:00:17,15607,15607,15607,2,0
2023-03-03 16:00:17,15607,15607,15607,2,0
2023-03-03 16:00:19,15608,15608,15608,8,8
2023-03-03 16:00:30,15610,15610,15610,6,6
2023-03-03 16:00:30,15610,15610,15610,2,0
2023-03-03 16:00:30,15610,15610,15610,2,0
2023-03-03 16:00:30,15610,15610,15610,2,0
2023-03-03 16:00:30,15611,15611,15611,2,2
2023-03-03 16:00:30,15612,15612,15612,2,2
2023-03-03 16:00:30,15610,15610,15610,2,-2
2023-03-03 16:00:32,15612,15612,15612,10,10
2023-03-03 16:00:41,15612,15612,15612,2,0
2023-03-03 16:00:44,15611,15611,15611,2,-2
2023-03-03 16:00:44,15611,15611,15611,2,0
2023-03-03 16:00:48,15611,15611,15611,2,0
2023-03-03 16:00:48,15611,15611,15611,2,0
2023-03-03 16:00:54,15612,15612,15612,8,8
2023-03-03 16:00:54,15612,15612,15612,2,0
2023-03-03 16:01:00,15613,15613,15613,2,2
2023-03-03 16:01:00,15613,15613,15613,6,0
2023-03-03 16:01:00,15613,15613,15613,2,0
2023-03-03 16:01:00,15614,15614,15614,2,2
2023-03-03 16:01:01,15614,15614,15614,4,0
2023-03-03 16:01:02,15615,15615,15615,2,2
2023-03-03 16:01:02,15615,15615,15615,24,0
2023-03-03 16:01:02,15616,15616,15616,2,2
2023-03-03 16:01:02,15616,15616,15616,6,0
2023-03-03 16:01:03,15617,15617,15617,2,2
2023-03-03 16:01:04,15617,15617,15617,2,0
2023-03-03 16:01:05,15617,15617,15617,2,0
2023-03-03 16:01:05,15617,15617,15617,2,0
2023-03-03 16:01:08,15616,15616,15616,2,-2
2023-03-03 16:01:08,15616,15616,15616,2,0
2023-03-03 16:01:09,15616,15616,15616,2,0
2023-03-03 16:01:11,15615,15615,15615,2,-2
2023-03-03 16:01:11,15615,15615,15615,2,0
2023-03-03 16:01:19,15615,15615,15615,2,0
2023-03-03 16:01:19,15615,15615,15615,4,0
2023-03-03 16:01:19,15615,15615,15615,2,0
2023-03-03 16:01:20,15615,15615,15615,2,0
2023-03-03 16:01:20,15615,15615,15615,2,0
2023-03-03 16:01:23,15615,15615,15615,4,0
2023-03-03 16:01:23,15616,15616,15616,2,2
2023-03-03 16:01:26,15615,15615,15615,2,-2
2023-03-03 16:01:27,15616,15616,15616,4,4
2023-03-03 16:01:27,15616,15616,15616,6,0
2023-03-03 16:01:30,15616,15616,15616,4,0
2023-03-03 16:01:39,15616,15616,15616,6,0
2023-03-03 16:01:39,15617,15617,15617,6,6
2023-03-03 16:01:40,15617,15617,15617,4,0
2023-03-03 16:01:43,15617,15617,15617,10,0
2023-03-03 16:01:48,15617,15617,15617,6,0
2023-03-03 16:01:48,15617,15617,15617,4,0
2023-03-03 16:01:48,15617,15617,15617,20,0
2023-03-03 16:01:57,15618,15618,15618,2,2
2023-03-03 16:01:57,15618,15618,15618,2,0
2023-03-03 16:01:57,15618,15618,15618,2,0
2023-03-03 16:01:57,15618,15618,15618,2,0
2023-03-03 16:01:57,15618,15618,15618,2,0
2023-03-03 16:01:58,15618,15618,15618,2,0
2023-03-03 16:01:58,15618,15618,15618,2,0
2023-03-03 16:01:58,15618,15618,15618,2,0
2023-03-03 16:02:00,15618,15618,15618,6,0
2023-03-03 16:02:01,15618,15618,15618,2,0
2023-03-03 16:02:01,15618,15618,15618,2,0
2023-03-03 16:02:01,15618,15618,15618,4,0
2023-03-03 16:02:02,15618,15618,15618,2,0
2023-03-03 16:02:02,15617,15617,15617,2,-2
2023-03-03 16:02:02,15617,15617,15617,2,0
2023-03-03 16:02:05,15618,15618,15618,2,2
2023-03-03 16:02:05,15618,15618,15618,2,0
2023-03-03 16:02:05,15618,15618,15618,2,0
2023-03-03 16:02:06,15618,15618,15618,2,0
2023-03-03 16:02:08,15619,15619,15619,2,2
2023-03-03 16:02:08,15619,15619,15619,2,0
2023-03-03 16:02:08,15619,15619,15619,2,0
2023-03-03 16:02:10,15618,15618,15618,2,-2
2023-03-03 16:02:12,15617,15617,15617,2,-2
2023-03-03 16:02:12,15617,15617,15617,2,0
2023-03-03 16:02:13,15617,15617,15617,2,0
2023-03-03 16:02:13,15617,15617,15617,2,0
2023-03-03 16:02:16,15617,15617,15617,2,0
2023-03-03 16:02:16,15617,15617,15617,2,0
2023-03-03 16:02:20,15618,15618,15618,2,2
2023-03-03 16:02:20,15618,15618,15618,10,0
2023-03-03 16:02:21,15617,15617,15617,2,-2
2023-03-03 16:02:21,15618,15618,15618,10,10
2023-03-03 16:02:22,15619,15619,15619,2,2
2023-03-03 16:02:23,15619,15619,15619,4,0
2023-03-03 16:02:23,15619,15619,15619,2,0
2023-03-03 16:02:23,15619,15619,15619,10,0
2023-03-03 16:02:23,15619,15619,15619,2,0
2023-03-03 16:02:23,15619,15619,15619,2,0
2023-03-03 16:02:23,15619,15619,15619,2,0
2023-03-03 16:02:23,15619,15619,15619,10,0
2023-03-03 16:02:23,15619,15619,15619,4,0
2023-03-03 16:02:23,15619,15619,15619,2,0
2023-03-03 16:02:23,15619,15619,15619,2,0
2023-03-03 16:02:23,15619,15619,15619,2,0
2023-03-03 16:02:23,15619,15619,15619,4,0
2023-03-03 16:02:23,15619,15619,15619,2,0
2023-03-03 16:02:23,15619,15619,15619,2,0
2023-03-03 16:02:30,15619,15619,15619,2,0
2023-03-03 16:02:30,15619,15619,15619,2,0
2023-03-03 16:02:36,15619,15619,15619,2,0
2023-03-03 16:02:42,15619,15619,15619,2,0
2023-03-03 16:02:42,15619,15619,15619,2,0
2023-03-03 16:02:46,15618,15618,15618,2,-2
2023-03-03 16:02:51,15618,15618,15618,2,0
2023-03-03 16:02:53,15618,15618,15618,2,0
2023-03-03 16:02:55,15619,15619,15619,2,2
2023-03-03 16:02:58,15619,15619,15619,4,0
2023-03-03 16:03:01,15619,15619,15619,2,0
2023-03-03 16:03:01,15619,15619,15619,2,0
2023-03-03 16:03:03,15619,15619,15619,6,0
2023-03-03 16:03:03,15620,15620,15620,10,10
2023-03-03 16:03:03,15620,15620,15620,2,0
2023-03-03 16:03:03,15620,15620,15620,2,0
2023-03-03 16:03:07,15620,15620,15620,6,0
2023-03-03 16:03:07,15620,15620,15620,6,0
2023-03-03 16:03:07,15620,15620,15620,12,0
2023-03-03 16:03:07,15620,15620,15620,6,0
2023-03-03 16:03:07,15620,15620,15620,2,0
2023-03-03 16:03:07,15620,15620,15620,2,0
2023-03-03 16:03:08,15620,15620,15620,2,0
2023-03-03 16:03:08,15620,15620,15620,2,0
2023-03-03 16:03:08,15620,15620,15620,2,0
2023-03-03 16:03:08,15620,15620,15620,2,0
2023-03-03 16:03:08,15620,15620,15620,12,0
2023-03-03 16:03:10,15621,15621,15621,4,4
2023-03-03 16:03:10,15621,15621,15621,8,0
2023-03-03 16:03:10,15621,15621,15621,2,0
2023-03-03 16:03:10,15621,15621,15621,16,0
2023-03-03 16:03:10,15622,15622,15622,2,2
2023-03-03 16:03:10,15622,15622,15622,2,0
2023-03-03 16:03:10,15622,15622,15622,2,0
2023-03-03 16:03:10,15622,15622,15622,2,0
2023-03-03 16:03:10,15622,15622,15622,4,0
2023-03-03 16:03:10,15622,15622,15622,2,0
2023-03-03 16:03:10,15622,15622,15622,6,0
2023-03-03 16:03:10,15622,15622,15622,2,0
2023-03-03 16:03:11,15622,15622,15622,2,0
2023-03-03 16:03:13,15622,15622,15622,2,0
2023-03-03 16:03:14,15621,15621,15621,2,-2
2023-03-03 16:03:14,15621,15621,15621,8,0
2023-03-03 16:03:18,15622,15622,15622,2,2
2023-03-03 16:03:25,15622,15622,15622,2,0
2023-03-03 16:03:25,15621,15621,15621,2,-2
2023-03-03 16:03:25,15621,15621,15621,2,0
2023-03-03 16:03:25,15621,15621,15621,2,0
2023-03-03 16:03:25,15621,15621,15621,2,0
2023-03-03 16:03:26,15622,15622,15622,4,4
2023-03-03 16:03:30,15620,15620,15620,2,-2
2023-03-03 16:03:31,15621,15621,15621,2,2
2023-03-03 16:03:31,15621,15621,15621,2,0
2023-03-03 16:03:34,15621,15621,15621,2,0
2023-03-03 16:03:38,15621,15621,15621,10,0
2023-03-03 16:03:39,15620,15620,15620,4,-4
2023-03-03 16:03:39,15620,15620,15620,4,0
2023-03-03 16:03:40,15621,15621,15621,8,8
2023-03-03 16:03:42,15621,15621,15621,4,0
2023-03-03 16:03:43,15620,15620,15620,2,-2
2023-03-03 16:03:46,15621,15621,15621,2,2
2023-03-03 16:03:46,15621,15621,15621,2,0
2023-03-03 16:03:48,15621,15621,15621,2,0
2023-03-03 16:03:48,15621,15621,15621,2,0
2023-03-03 16:03:54,15622,15622,15622,2,2
2023-03-03 16:03:54,15621,15621,15621,2,-2
2023-03-03 16:03:56,15621,15621,15621,2,0
2023-03-03 16:03:57,15621,15621,15621,2,0
2023-03-03 16:03:59,15622,15622,15622,8,8
2023-03-03 16:04:01,15622,15622,15622,2,0
2023-03-03 16:04:05,15622,15622,15622,4,0
2023-03-03 16:04:05,15622,15622,15622,2,0
2023-03-03 16:04:05,15622,15622,15622,2,0
2023-03-03 16:04:05,15622,15622,15622,2,0
2023-03-03 16:04:05,15622,15622,15622,4,0
2023-03-03 16:04:08,15622,15622,15622,4,0
2023-03-03 16:04:10,15622,15622,15622,4,0
2023-03-03 16:04:15,15622,15622,15622,2,0
2023-03-03 16:04:17,15622,15622,15622,4,0
2023-03-03 16:04:17,15623,15623,15623,4,4
2023-03-03 16:04:17,15623,15623,15623,2,0
2023-03-03 16:04:17,15623,15623,15623,2,0
2023-03-03 16:04:17,15623,15623,15623,2,0
2023-03-03 16:04:20,15623,15623,15623,8,0
2023-03-03 16:04:22,15623,15623,15623,2,0
2023-03-03 16:04:23,15623,15623,15623,2,0
2023-03-03 16:04:23,15623,15623,15623,6,0
2023-03-03 16:04:23,15623,15623,15623,2,0
2023-03-03 16:04:23,15623,15623,15623,2,0
2023-03-03 16:04:25,15623,15623,15623,2,0
2023-03-03 16:04:27,15622,15622,15622,2,-2
2023-03-03 16:04:27,15622,15622,15622,2,0
2023-03-03 16:04:27,15622,15622,15622,2,0
2023-03-03 16:04:27,15622,15622,15622,4,0
2023-03-03 16:04:33,15622,15622,15622,16,0
2023-03-03 16:04:34,15621,15621,15621,4,-4
2023-03-03 16:04:34,15621,15621,15621,2,0
2023-03-03 16:04:35,15621,15621,15621,2,0
2023-03-03 16:04:36,15622,15622,15622,2,2
2023-03-03 16:04:39,15620,15620,15620,2,-2
2023-03-03 16:04:39,15620,15620,15620,2,0
2023-03-03 16:04:39,15620,15620,15620,2,0
2023-03-03 16:04:39,15620,15620,15620,2,0
2023-03-03 16:04:41,15620,15620,15620,4,0
2023-03-03 16:04:41,15620,15620,15620,2,0
2023-03-03 16:04:41,15620,15620,15620,2,0
2023-03-03 16:04:42,15622,15622,15622,2,2
2023-03-03 16:04:44,15620,15620,15620,4,-4
2023-03-03 16:04:48,15620,15620,15620,2,0
2023-03-03 16:04:55,15620,15620,15620,8,0
2023-03-03 16:04:56,15620,15620,15620,6,0
2023-03-03 16:04:56,15620,15620,15620,2,0
2023-03-03 16:04:57,15620,15620,15620,2,0
2023-03-03 16:05:01,15620,15620,15620,2,0
2023-03-03 16:05:01,15620,15620,15620,2,0
2023-03-03 16:05:01,15620,15620,15620,2,0
2023-03-03 16:05:01,15620,15620,15620,6,0
2023-03-03 16:05:01,15620,15620,15620,2,0
2023-03-03 16:05:01,15620,15620,15620,6,0
2023-03-03 16:05:01,15620,15620,15620,4,0
2023-03-03 16:05:01,15620,15620,15620,4,0
2023-03-03 16:05:01,15620,15620,15620,2,0
2023-03-03 16:05:01,15620,15620,15620,2,0
2023-03-03 16:05:01,15620,15620,15620,4,0
2023-03-03 16:05:01,15620,15620,15620,2,0
2023-03-03 16:05:01,15620,15620,15620,2,0
2023-03-03 16:05:04,15621,15621,15621,4,4
2023-03-03 16:05:04,15621,15621,15621,4,0
2023-03-03 16:05:07,15620,15620,15620,2,-2
2023-03-03 16:05:07,15620,15620,15620,2,0
2023-03-03 16:05:07,15620,15620,15620,2,0
2023-03-03 16:05:07,15620,15620,15620,2,0
2023-03-03 16:05:07,15620,15620,15620,2,0
2023-03-03 16:05:07,15620,15620,15620,4,0
2023-03-03 16:05:09,15620,15620,15620,2,0
2023-03-03 16:05:10,15620,15620,15620,10,0
2023-03-03 16:05:12,15620,15620,15620,2,0
2023-03-03 16:05:13,15620,15620,15620,2,0
2023-03-03 16:05:16,15621,15621,15621,6,6
2023-03-03 16:05:20,15621,15621,15621,2,0
2023-03-03 16:05:20,15621,15621,15621,2,0
2023-03-03 16:05:21,15621,15621,15621,8,0
2023-03-03 16:05:21,15620,15620,15620,2,-2
2023-03-03 16:05:23,15620,15620,15620,2,0
2023-03-03 16:05:24,15619,15619,15619,2,-2
2023-03-03 16:05:24,15619,15619,15619,2,0
2023-03-03 16:05:24,15619,15619,15619,2,0
2023-03-03 16:05:24,15619,15619,15619,2,0
2023-03-03 16:05:24,15619,15619,15619,2,0
2023-03-03 16:05:27,15620,15620,15620,8,8
2023-03-03 16:05:28,15618,15618,15618,2,-2
2023-03-03 16:05:32,15619,15619,15619,2,2
2023-03-03 16:05:32,15618,15618,15618,2,-2
2023-03-03 16:05:32,15618,15618,15618,6,0
2023-03-03 16:05:32,15618,15618,15618,4,0
2023-03-03 16:05:32,15618,15618,15618,2,0
2023-03-03 16:05:32,15618,15618,15618,2,0
2023-03-03 16:05:32,15618,15618,15618,2,0
2023-03-03 16:05:32,15618,15618,15618,2,0
2023-03-03 16:05:32,15618,15618,15618,2,0
2023-03-03 16:05:32,15618,15618,15618,2,0
2023-03-03 16:05:33,15617,15617,15617,2,-2
2023-03-03 16:05:35,15618,15618,15618,6,6
2023-03-03 16:05:37,15617,15617,15617,2,-2
2023-03-03 16:05:40,15618,15618,15618,4,4
2023-03-03 16:05:40,15617,15617,15617,2,-2
2023-03-03 16:05:40,15617,15617,15617,2,0
2023-03-03 16:05:40,15617,15617,15617,2,0
2023-03-03 16:05:40,15617,15617,15617,2,0
2023-03-03 16:05:40,15617,15617,15617,2,0
2023-03-03 16:05:41,15617,15617,15617,2,0
2023-03-03 16:05:43,15618,15618,15618,8,8
2023-03-03 16:05:45,15618,15618,15618,2,0
2023-03-03 16:05:45,15618,15618,15618,4,0
2023-03-03 16:05:45,15618,15618,15618,4,0
2023-03-03 16:05:45,15618,15618,15618,2,0
2023-03-03 16:05:45,15618,15618,15618,4,0
2023-03-03 16:05:45,15618,15618,15618,2,0
2023-03-03 16:05:45,15618,15618,15618,2,0
2023-03-03 16:05:45,15618,15618,15618,10,0
2023-03-03 16:05:47,15618,15618,15618,2,0
2023-03-03 16:05:50,15619,15619,15619,2,2
2023-03-03 16:05:52,15619,15619,15619,2,0
2023-03-03 16:05:53,15619,15619,15619,2,0
2023-03-03 16:05:53,15619,15619,15619,2,0
2023-03-03 16:05:53,15619,15619,15619,2,0
2023-03-03 16:05:53,15619,15619,15619,2,0
2023-03-03 16:05:54,15618,15618,15618,2,-2
2023-03-03 16:05:58,15619,15619,15619,2,2
2023-03-03 16:06:00,15620,15620,15620,2,2
2023-03-03 16:06:00,15621,15621,15621,6,6
2023-03-03 16:06:02,15621,15621,15621,8,0
2023-03-03 16:06:05,15620,15620,15620,2,-2
2023-03-03 16:06:06,15620,15620,15620,2,0
2023-03-03 16:06:07,15620,15620,15620,6,0
2023-03-03 16:06:09,15620,15620,15620,2,0
2023-03-03 16:06:09,15620,15620,15620,2,0
2023-03-03 16:06:09,15620,15620,15620,4,0
2023-03-03 16:06:09,15620,15620,15620,2,0
2023-03-03 16:06:09,15620,15620,15620,2,0
2023-03-03 16:06:09,15620,15620,15620,8,0
2023-03-03 16:06:15,15619,15619,15619,4,-4
2023-03-03 16:06:20,15618,15618,15618,2,-2
2023-03-03 16:06:20,15618,15618,15618,2,0
2023-03-03 16:06:31,15618,15618,15618,2,0
2023-03-03 16:06:32,15618,15618,15618,2,0
2023-03-03 16:06:33,15619,15619,15619,20,20
2023-03-03 16:06:51,15618,15618,15618,2,-2
2023-03-03 16:06:51,15618,15618,15618,4,0
2023-03-03 16:06:57,15618,15618,15618,2,0
2023-03-03 16:06:59,15617,15617,15617,2,-2
2023-03-03 16:07:00,15617,15617,15617,2,0
2023-03-03 16:07:04,15618,15618,15618,2,2
2023-03-03 16:07:06,15617,15617,15617,2,-2
2023-03-03 16:07:07,15618,15618,15618,2,2
2023-03-03 16:07:10,15618,15618,15618,2,0
2023-03-03 16:07:14,15618,15618,15618,2,0
2023-03-03 16:07:18,15617,15617,15617,2,-2
2023-03-03 16:07:28,15616,15616,15616,2,-2
2023-03-03 16:07:28,15616,15616,15616,2,0
2023-03-03 16:07:28,15616,15616,15616,2,0
2023-03-03 16:07:30,15615,15615,15615,6,-6
2023-03-03 16:07:30,15615,15615,15615,2,0
2023-03-03 16:07:30,15615,15615,15615,2,0
2023-03-03 16:07:30,15615,15615,15615,2,0
2023-03-03 16:07:30,15615,15615,15615,2,0
2023-03-03 16:07:30,15615,15615,15615,2,0
2023-03-03 16:07:30,15615,15615,15615,2,0
2023-03-03 16:07:30,15615,15615,15615,4,0
2023-03-03 16:07:30,15615,15615,15615,4,0
2023-03-03 16:07:30,15615,15615,15615,2,0
2023-03-03 16:07:30,15615,15615,15615,4,0
2023-03-03 16:07:30,15614,15614,15614,2,-2
2023-03-03 16:07:30,15614,15614,15614,2,0
2023-03-03 16:07:30,15614,15614,15614,2,0
2023-03-03 16:07:30,15614,15614,15614,2,0
2023-03-03 16:07:30,15614,15614,15614,2,0
2023-03-03 16:07:30,15614,15614,15614,2,0
2023-03-03 16:07:32,15614,15614,15614,2,0
2023-03-03 16:07:37,15614,15614,15614,2,0
2023-03-03 16:07:40,15613,15613,15613,2,-2
2023-03-03 16:07:40,15614,15614,15614,2,2
2023-03-03 16:07:40,15613,15613,15613,4,-4
2023-03-03 16:07:41,15613,15613,15613,2,0
2023-03-03 16:07:41,15613,15613,15613,2,0
2023-03-03 16:07:41,15613,15613,15613,2,0
2023-03-03 16:07:41,15613,15613,15613,2,0
2023-03-03 16:07:41,15613,15613,15613,2,0
2023-03-03 16:07:41,15613,15613,15613,4,0
2023-03-03 16:07:41,15613,15613,15613,2,0
2023-03-03 16:07:42,15613,15613,15613,2,0
2023-03-03 16:07:43,15613,15613,15613,2,0
2023-03-03 16:07:43,15613,15613,15613,2,0
2023-03-03 16:07:44,15613,15613,15613,2,0
2023-03-03 16:07:44,15613,15613,15613,2,0
2023-03-03 16:07:44,15613,15613,15613,2,0
2023-03-03 16:07:44,15613,15613,15613,6,0
2023-03-03 16:07:44,15613,15613,15613,4,0
2023-03-03 16:07:47,15614,15614,15614,2,2
2023-03-03 16:07:47,15614,15614,15614,2,0
2023-03-03 16:07:54,15613,15613,15613,2,-2
2023-03-03 16:07:54,15614,15614,15614,2,2
2023-03-03 16:07:54,15614,15614,15614,2,0
2023-03-03 16:07:59,15614,15614,15614,2,0
2023-03-03 16:07:59,15614,15614,15614,2,0
2023-03-03 16:07:59,15614,15614,15614,2,0
2023-03-03 16:07:59,15614,15614,15614,2,0
2023-03-03 16:08:00,15614,15614,15614,6,0
2023-03-03 16:08:04,15614,15614,15614,2,0
2023-03-03 16:08:04,15614,15614,15614,2,0
2023-03-03 16:08:04,15614,15614,15614,2,0
2023-03-03 16:08:04,15614,15614,15614,2,0
2023-03-03 16:08:07,15615,15615,15615,4,4
2023-03-03 16:08:14,15615,15615,15615,2,0
2023-03-03 16:08:15,15615,15615,15615,8,0
2023-03-03 16:08:15,15617,15617,15617,4,4
2023-03-03 16:08:17,15615,15615,15615,2,-2
2023-03-03 16:08:21,15615,15615,15615,2,0
2023-03-03 16:08:21,15615,15615,15615,2,0
2023-03-03 16:08:21,15615,15615,15615,2,0
2023-03-03 16:08:21,15615,15615,15615,2,0
2023-03-03 16:08:33,15617,15617,15617,2,2
2023-03-03 16:08:33,15616,15616,15616,2,-2
2023-03-03 16:08:37,15615,15615,15615,2,-2
2023-03-03 16:08:38,15616,15616,15616,2,2
2023-03-03 16:08:43,15615,15615,15615,2,-2
2023-03-03 16:08:43,15615,15615,15615,2,0
2023-03-03 16:08:43,15615,15615,15615,2,0
2023-03-03 16:08:52,15615,15615,15615,28,0
2023-03-03 16:08:52,15616,15616,15616,8,8
2023-03-03 16:08:57,15615,15615,15615,2,-2
2023-03-03 16:08:58,15617,15617,15617,4,4
2023-03-03 16:09:02,15615,15615,15615,2,-2
2023-03-03 16:09:03,15614,15614,15614,2,-2
2023-03-03 16:09:03,15614,15614,15614,2,0
2023-03-03 16:09:05,15613,15613,15613,2,-2
2023-03-03 16:09:05,15613,15613,15613,2,0
2023-03-03 16:09:05,15613,15613,15613,2,0
2023-03-03 16:09:05,15613,15613,15613,2,0
2023-03-03 16:09:08,15612,15612,15612,2,-2
2023-03-03 16:09:08,15612,15612,15612,2,0
2023-03-03 16:09:08,15612,15612,15612,6,0
2023-03-03 16:09:09,15613,15613,15613,4,4
2023-03-03 16:09:09,15613,15613,15613,4,0
2023-03-03 16:09:09,15613,15613,15613,4,0
2023-03-03 16:09:13,15612,15612,15612,2,-2
2023-03-03 16:09:15,15612,15612,15612,2,0
2023-03-03 16:09:17,15612,15612,15612,2,0
2023-03-03 16:09:19,15613,15613,15613,4,4
2023-03-03 16:09:19,15613,15613,15613,2,0
2023-03-03 16:09:26,15614,15614,15614,4,4
2023-03-03 16:09:26,15614,15614,15614,2,0
2023-03-03 16:09:26,15614,15614,15614,2,0
2023-03-03 16:09:36,15616,15616,15616,2,2
2023-03-03 16:09:40,15616,15616,15616,2,0
2023-03-03 16:09:48,15617,15617,15617,2,2
2023-03-03 16:09:50,15616,15616,15616,2,-2
2023-03-03 16:09:50,15616,15616,15616,2,0
2023-03-03 16:09:50,15616,15616,15616,4,0
2023-03-03 16:09:50,15615,15615,15615,2,-2
2023-03-03 16:09:58,15616,15616,15616,2,2
2023-03-03 16:10:00,15615,15615,15615,2,-2
2023-03-03 16:10:01,15616,15616,15616,2,2
2023-03-03 16:10:13,15617,15617,15617,2,2
2023-03-03 16:10:17,15617,15617,15617,2,0
2023-03-03 16:10:18,15617,15617,15617,2,0
2023-03-03 16:10:23,15618,15618,15618,2,2
2023-03-03 16:10:23,15618,15618,15618,2,0
2023-03-03 16:10:29,15618,15618,15618,2,0
2023-03-03 16:10:38,15618,15618,15618,2,0
2023-03-03 16:10:38,15617,15617,15617,2,-2
2023-03-03 16:10:38,15616,15616,15616,2,-2
2023-03-03 16:10:40,15617,15617,15617,2,2
2023-03-03 16:10:54,15616,15616,15616,2,-2
2023-03-03 16:10:54,15616,15616,15616,4,0
2023-03-03 16:10:54,15616,15616,15616,2,0
2023-03-03 16:10:54,15616,15616,15616,2,0
2023-03-03 16:10:55,15615,15615,15615,2,-2
2023-03-03 16:10:55,15615,15615,15615,2,0
2023-03-03 16:10:55,15615,15615,15615,2,0
2023-03-03 16:10:55,15615,15615,15615,10,0
2023-03-03 16:10:55,15615,15615,15615,2,0
2023-03-03 16:10:55,15615,15615,15615,2,0
2023-03-03 16:10:57,15614,15614,15614,2,-2
2023-03-03 16:11:00,15614,15614,15614,4,0
2023-03-03 16:11:00,15614,15614,15614,2,0
2023-03-03 16:11:00,15614,15614,15614,2,0
2023-03-03 16:11:01,15613,15613,15613,4,-4
2023-03-03 16:11:07,15613,15613,15613,2,0
2023-03-03 16:11:07,15613,15613,15613,2,0
2023-03-03 16:11:12,15613,15613,15613,2,0
2023-03-03 16:11:26,15613,15613,15613,2,0
2023-03-03 16:11:36,15613,15613,15613,2,0
2023-03-03 16:11:41,15613,15613,15613,2,0
2023-03-03 16:12:11,15618,15618,15618,2,2
2023-03-03 16:12:28,15615,15615,15615,2,-2
2023-03-03 16:12:28,15615,15615,15615,2,0
2023-03-03 16:12:42,15616,15616,15616,2,2
2023-03-03 16:12:49,15617,15617,15617,2,2
2023-03-03 16:12:55,15617,15617,15617,2,0
2023-03-03 16:12:56,15617,15617,15617,2,0
2023-03-03 16:12:59,15617,15617,15617,2,0
2023-03-03 16:12:59,15617,15617,15617,2,0
2023-03-03 16:13:02,15617,15617,15617,2,0
2023-03-03 16:13:22,15618,15618,15618,2,2
2023-03-03 16:13:22,15618,15618,15618,4,0
2023-03-03 16:13:22,15618,15618,15618,2,0
2023-03-03 16:13:22,15618,15618,15618,6,0
2023-03-03 16:13:26,15617,15617,15617,2,-2
2023-03-03 16:13:30,15617,15617,15617,2,0
2023-03-03 16:13:53,15616,15616,15616,2,-2
2023-03-03 16:13:54,15616,15616,15616,2,0
2023-03-03 16:13:54,15616,15616,15616,2,0
2023-03-03 16:13:54,15616,15616,15616,2,0
2023-03-03 16:13:54,15616,15616,15616,2,0
2023-03-03 16:14:34,15616,15616,15616,2,0
2023-03-03 16:14:39,15616,15616,15616,2,0
2023-03-03 16:14:49,15616,15616,15616,2,0
2023-03-03 16:15:09,15617,15617,15617,2,2
2023-03-03 16:15:10,15617,15617,15617,2,0
2023-03-03 16:15:18,15618,15618,15618,2,2
2023-03-03 16:15:20,15616,15616,15616,2,-2
2023-03-03 16:15:36,15617,15617,15617,16,16
2023-03-03 16:15:36,15617,15617,15617,2,0
2023-03-03 16:15:36,15617,15617,15617,2,0
2023-03-03 16:15:45,15618,15618,15618,4,4
2023-03-03 16:15:47,15618,15618,15618,2,0
2023-03-03 16:15:47,15618,15618,15618,6,0
2023-03-03 16:15:47,15618,15618,15618,4,0
2023-03-03 16:15:47,15618,15618,15618,2,0
2023-03-03 16:15:53,15617,15617,15617,2,-2
2023-03-03 16:15:57,15617,15617,15617,4,0
2023-03-03 16:16:06,15618,15618,15618,2,2
2023-03-03 16:16:06,15618,15618,15618,2,0
2023-03-03 16:16:06,15618,15618,15618,2,0
2023-03-03 16:16:06,15618,15618,15618,4,0
2023-03-03 16:16:06,15618,15618,15618,12,0
2023-03-03 16:16:07,15617,15617,15617,2,-2
2023-03-03 16:16:25,15617,15617,15617,4,0
2023-03-03 16:17:04,15618,15618,15618,2,2
2023-03-03 16:17:04,15618,15618,15618,2,0
2023-03-03 16:17:05,15619,15619,15619,4,4
2023-03-03 16:17:05,15618,15618,15618,2,-2
2023-03-03 16:17:05,15618,15618,15618,2,0
2023-03-03 16:17:06,15617,15617,15617,2,-2
2023-03-03 16:17:06,15617,15617,15617,2,0
2023-03-03 16:17:18,15619,15619,15619,10,10
2023-03-03 16:17:18,15619,15619,15619,4,0
2023-03-03 16:17:18,15619,15619,15619,2,0
2023-03-03 16:17:18,15619,15619,15619,2,0
2023-03-03 16:17:18,15619,15619,15619,2,0
2023-03-03 16:17:21,15619,15619,15619,2,0
2023-03-03 16:17:21,15619,15619,15619,2,0
2023-03-03 16:17:23,15620,15620,15620,2,2
2023-03-03 16:17:26,15620,15620,15620,6,0
2023-03-03 16:17:26,15620,15620,15620,6,0
2023-03-03 16:17:26,15620,15620,15620,2,0
2023-03-03 16:17:28,15620,15620,15620,4,0
2023-03-03 16:17:36,15617,15617,15617,2,-2
2023-03-03 16:18:07,15619,15619,15619,10,10
2023-03-03 16:18:16,15619,15619,15619,2,0
2023-03-03 16:18:26,15619,15619,15619,2,0
2023-03-03 16:18:29,15618,15618,15618,2,-2
2023-03-03 16:18:40,15618,15618,15618,2,0
2023-03-03 16:18:44,15619,15619,15619,2,2
2023-03-03 16:18:51,15619,15619,15619,2,0
2023-03-03 16:19:14,15620,15620,15620,2,2
2023-03-03 16:19:14,15620,15620,15620,6,0
2023-03-03 16:19:14,15620,15620,15620,6,0
2023-03-03 16:19:14,15620,15620,15620,4,0
2023-03-03 16:19:14,15620,15620,15620,4,0
2023-03-03 16:19:14,15620,15620,15620,2,0
2023-03-03 16:19:14,15620,15620,15620,2,0
2023-03-03 16:19:14,15620,15620,15620,2,0
2023-03-03 16:19:14,15620,15620,15620,2,0
2023-03-03 16:19:14,15620,15620,15620,6,0
2023-03-03 16:19:14,15620,15620,15620,2,0
2023-03-03 16:19:14,15620,15620,15620,2,0
2023-03-03 16:19:19,15619,15619,15619,2,-2
2023-03-03 16:19:19,15619,15619,15619,4,0
2023-03-03 16:19:19,15619,15619,15619,2,0
2023-03-03 16:19:19,15619,15619,15619,2,0
2023-03-03 16:19:19,15619,15619,15619,4,0
2023-03-03 16:19:20,15620,15620,15620,2,2
2023-03-03 16:19:28,15620,15620,15620,2,0
2023-03-03 16:19:37,15621,15621,15621,4,4
2023-03-03 16:19:40,15620,15620,15620,2,-2
2023-03-03 16:19:48,15620,15620,15620,2,0
2023-03-03 16:19:53,15620,15620,15620,2,0
2023-03-03 16:20:23,15619,15619,15619,2,-2
2023-03-03 16:20:24,15619,15619,15619,6,0
2023-03-03 16:20:27,15619,15619,15619,2,0
2023-03-03 16:20:38,15618,15618,15618,2,-2
2023-03-03 16:20:38,15618,15618,15618,2,0
2023-03-03 16:20:40,15619,15619,15619,2,2
2023-03-03 16:20:40,15618,15618,15618,2,-2
2023-03-03 16:20:40,15618,15618,15618,2,0
2023-03-03 16:20:50,15618,15618,15618,2,0
2023-03-03 16:20:58,15619,15619,15619,2,2
2023-03-03 16:20:58,15619,15619,15619,2,0
2023-03-03 16:21:03,15620,15620,15620,2,2
2023-03-03 16:21:03,15620,15620,15620,2,0
2023-03-03 16:21:03,15620,15620,15620,2,0
2023-03-03 16:21:09,15619,15619,15619,2,-2
2023-03-03 16:21:09,15620,15620,15620,4,4
2023-03-03 16:21:09,15620,15620,15620,2,0
2023-03-03 16:21:12,15619,15619,15619,2,-2
2023-03-03 16:21:15,15618,15618,15618,2,-2
2023-03-03 16:21:31,15619,15619,15619,2,2
2023-03-03 16:21:44,15620,15620,15620,20,20
2023-03-03 16:21:46,15619,15619,15619,2,-2
2023-03-03 16:21:48,15619,15619,15619,2,0
2023-03-03 16:21:48,15619,15619,15619,2,0
2023-03-03 16:22:02,15619,15619,15619,2,0
2023-03-03 16:22:16,15618,15618,15618,2,-2
2023-03-03 16:22:17,15620,15620,15620,2,2
2023-03-03 16:22:22,15620,15620,15620,2,0
2023-03-03 16:22:25,15620,15620,15620,2,0
2023-03-03 16:22:25,15620,15620,15620,2,0
2023-03-03 16:22:25,15620,15620,15620,4,0
2023-03-03 16:22:31,15621,15621,15621,2,2
2023-03-03 16:22:33,15621,15621,15621,2,0
2023-03-03 16:22:35,15621,15621,15621,2,0
2023-03-03 16:22:38,15621,15621,15621,2,0
2023-03-03 16:22:40,15621,15621,15621,2,0
2023-03-03 16:22:45,15620,15620,15620,2,-2
2023-03-03 16:22:45,15620,15620,15620,2,0
2023-03-03 16:23:01,15620,15620,15620,2,0
2023-03-03 16:23:01,15620,15620,15620,2,0
2023-03-03 16:23:01,15620,15620,15620,2,0
2023-03-03 16:23:06,15620,15620,15620,2,0
2023-03-03 16:23:15,15621,15621,15621,10,10
2023-03-03 16:23:16,15620,15620,15620,2,-2
2023-03-03 16:23:17,15620,15620,15620,2,0
2023-03-03 16:23:17,15620,15620,15620,2,0
2023-03-03 16:23:17,15620,15620,15620,2,0
2023-03-03 16:23:25,15620,15620,15620,2,0
2023-03-03 16:23:25,15620,15620,15620,2,0
2023-03-03 16:23:25,15620,15620,15620,2,0
2023-03-03 16:23:28,15619,15619,15619,4,-4
2023-03-03 16:23:28,15619,15619,15619,2,0
2023-03-03 16:23:28,15621,15621,15621,2,2
2023-03-03 16:23:32,15619,15619,15619,2,-2
2023-03-03 16:23:32,15619,15619,15619,2,0
2023-03-03 16:23:32,15619,15619,15619,2,0
2023-03-03 16:23:41,15620,15620,15620,2,2
2023-03-03 16:23:45,15619,15619,15619,2,-2
2023-03-03 16:23:51,15619,15619,15619,2,0
2023-03-03 16:23:51,15619,15619,15619,2,0
2023-03-03 16:23:51,15619,15619,15619,2,0
2023-03-03 16:23:56,15619,15619,15619,2,0
2023-03-03 16:23:56,15619,15619,15619,2,0
2023-03-03 16:23:56,15619,15619,15619,2,0
2023-03-03 16:23:58,15619,15619,15619,2,0
2023-03-03 16:23:58,15619,15619,15619,2,0
2023-03-03 16:23:58,15619,15619,15619,2,0
2023-03-03 16:24:09,15618,15618,15618,2,-2
2023-03-03 16:24:09,15618,15618,15618,2,0
2023-03-03 16:24:09,15618,15618,15618,2,0
2023-03-03 16:24:11,15618,15618,15618,6,0
2023-03-03 16:24:11,15620,15620,15620,4,4
2023-03-03 16:24:14,15619,15619,15619,2,-2
2023-03-03 16:24:24,15618,15618,15618,2,-2
2023-03-03 16:24:24,15618,15618,15618,2,0
2023-03-03 16:24:24,15618,15618,15618,2,0
2023-03-03 16:24:25,15618,15618,15618,6,0
2023-03-03 16:24:37,15619,15619,15619,2,2
2023-03-03 16:24:37,15619,15619,15619,2,0
2023-03-03 16:24:39,15618,15618,15618,2,-2
2023-03-03 16:24:39,15618,15618,15618,2,0
2023-03-03 16:24:39,15618,15618,15618,2,0
2023-03-03 16:24:41,15618,15618,15618,2,0
2023-03-03 16:24:41,15618,15618,15618,2,0
2023-03-03 16:24:41,15618,15618,15618,2,0
2023-03-03 16:24:42,15619,15619,15619,2,2
2023-03-03 16:24:56,15621,15621,15621,2,2
2023-03-03 16:24:58,15620,15620,15620,2,-2
2023-03-03 16:25:06,15619,15619,15619,2,-2
2023-03-03 16:25:06,15619,15619,15619,2,0
2023-03-03 16:25:06,15619,15619,15619,2,0
2023-03-03 16:25:08,15619,15619,15619,2,0
2023-03-03 16:25:08,15618,15618,15618,2,-2
2023-03-03 16:25:08,15618,15618,15618,4,0
2023-03-03 16:25:12,15618,15618,15618,2,0
2023-03-03 16:25:19,15617,15617,15617,2,-2
2023-03-03 16:25:27,15617,15617,15617,2,0
2023-03-03 16:25:27,15617,15617,15617,2,0
2023-03-03 16:25:27,15617,15617,15617,2,0
2023-03-03 16:25:28,15616,15616,15616,2,-2
2023-03-03 16:25:29,15616,15616,15616,4,0
2023-03-03 16:25:29,15616,15616,15616,2,0
2023-03-03 16:25:40,15616,15616,15616,2,0
2023-03-03 16:25:40,15616,15616,15616,4,0
2023-03-03 16:25:44,15616,15616,15616,4,0
2023-03-03 16:25:44,15616,15616,15616,4,0
2023-03-03 16:25:44,15616,15616,15616,4,0
2023-03-03 16:25:46,15618,15618,15618,2,2
2023-03-03 16:25:54,15618,15618,15618,2,0
2023-03-03 16:25:56,15619,15619,15619,4,4
2023-03-03 16:26:08,15618,15618,15618,2,-2
2023-03-03 16:26:19,15618,15618,15618,2,0
2023-03-03 16:26:19,15618,15618,15618,2,0
2023-03-03 16:26:20,15619,15619,15619,4,4
2023-03-03 16:26:41,15618,15618,15618,4,-4
2023-03-03 16:26:47,15618,15618,15618,2,0
2023-03-03 16:27:02,15619,15619,15619,2,2
2023-03-03 16:27:13,15618,15618,15618,2,-2
2023-03-03 16:27:49,15619,15619,15619,2,2
2023-03-03 16:27:56,15619,15619,15619,4,0
2023-03-03 16:27:56,15618,15618,15618,2,-2
2023-03-03 16:27:56,15618,15618,15618,2,0
2023-03-03 16:27:56,15618,15618,15618,2,0
2023-03-03 16:27:56,15618,15618,15618,2,0
2023-03-03 16:27:56,15618,15618,15618,2,0
2023-03-03 16:27:57,15619,15619,15619,2,2
2023-03-03 16:28:23,15618,15618,15618,2,-2
2023-03-03 16:28:41,15617,15617,15617,2,-2
2023-03-03 16:28:41,15617,15617,15617,2,0
2023-03-03 16:28:41,15617,15617,15617,2,0
2023-03-03 16:28:41,15617,15617,15617,2,0
2023-03-03 16:29:01,15618,15618,15618,2,2
2023-03-03 16:29:12,15617,15617,15617,4,-4
2023-03-03 16:29:18,15618,15618,15618,2,2
2023-03-03 16:29:19,15618,15618,15618,2,0
2023-03-03 16:29:19,15618,15618,15618,4,0
2023-03-03 16:29:22,15618,15618,15618,2,0
2023-03-03 16:29:32,15617,15617,15617,2,-2
2023-03-03 16:30:00,15616,15616,15616,2,-2
2023-03-03 16:30:00,15616,15616,15616,2,0
2023-03-03 16:30:00,15616,15616,15616,2,0
2023-03-03 16:30:00,15616,15616,15616,2,0
2023-03-03 16:30:05,15617,15617,15617,2,2
2023-03-03 16:30:16,15617,15617,15617,2,0
2023-03-03 16:30:16,15617,15617,15617,8,0
2023-03-03 16:30:20,15618,15618,15618,2,2
2023-03-03 16:30:20,15617,15617,15617,2,-2
2023-03-03 16:30:21,15618,15618,15618,2,2
2023-03-03 16:30:27,15619,15619,15619,4,4
2023-03-03 16:30:55,15618,15618,15618,4,-4
2023-03-03 16:31:26,15617,15617,15617,2,-2
2023-03-03 16:31:26,15619,15619,15619,4,4
2023-03-03 16:31:38,15620,15620,15620,2,2
2023-03-03 16:31:38,15620,15620,15620,2,0
2023-03-03 16:31:38,15620,15620,15620,2,0
2023-03-03 16:31:38,15621,15621,15621,4,4
2023-03-03 16:31:41,15620,15620,15620,20,-20
2023-03-03 16:31:41,15620,15620,15620,2,0
2023-03-03 16:31:41,15620,15620,15620,2,0
2023-03-03 16:31:41,15620,15620,15620,2,0
2023-03-03 16:31:41,15620,15620,15620,2,0
2023-03-03 16:31:41,15620,15620,15620,2,0
2023-03-03 16:31:41,15620,15620,15620,2,0
2023-03-03 16:31:45,15620,15620,15620,2,0
2023-03-03 16:31:46,15619,15619,15619,2,-2
2023-03-03 16:31:46,15620,15620,15620,20,20
2023-03-03 16:31:52,15618,15618,15618,2,-2
2023-03-03 16:31:52,15619,15619,15619,4,4
2023-03-03 16:31:52,15620,15620,15620,6,6
2023-03-03 16:31:58,15620,15620,15620,2,0
2023-03-03 16:32:01,15621,15621,15621,2,2
2023-03-03 16:32:01,15621,15621,15621,2,0
2023-03-03 16:32:01,15621,15621,15621,4,0
2023-03-03 16:32:01,15622,15622,15622,2,2
2023-03-03 16:32:05,15621,15621,15621,2,-2
2023-03-03 16:32:06,15622,15622,15622,2,2
2023-03-03 16:32:06,15622,15622,15622,6,0
2023-03-03 16:32:06,15622,15622,15622,6,0
2023-03-03 16:32:06,15622,15622,15622,4,0
2023-03-03 16:32:06,15622,15622,15622,4,0
2023-03-03 16:32:06,15622,15622,15622,8,0
2023-03-03 16:32:06,15622,15622,15622,2,0
2023-03-03 16:32:06,15622,15622,15622,6,0
2023-03-03 16:32:07,15622,15622,15622,4,0
2023-03-03 16:32:07,15622,15622,15622,4,0
2023-03-03 16:32:07,15622,15622,15622,2,0
2023-03-03 16:32:07,15622,15622,15622,2,0
2023-03-03 16:32:07,15622,15622,15622,4,0
2023-03-03 16:32:07,15622,15622,15622,2,0
2023-03-03 16:32:07,15622,15622,15622,2,0
2023-03-03 16:32:12,15622,15622,15622,2,0
2023-03-03 16:32:15,15623,15623,15623,2,2
2023-03-03 16:32:15,15623,15623,15623,16,0
2023-03-03 16:32:15,15623,15623,15623,4,0
2023-03-03 16:32:16,15623,15623,15623,2,0
2023-03-03 16:32:17,15623,15623,15623,2,0
2023-03-03 16:32:19,15624,15624,15624,2,2
2023-03-03 16:32:19,15624,15624,15624,2,0
2023-03-03 16:32:19,15624,15624,15624,6,0
2023-03-03 16:32:19,15624,15624,15624,2,0
2023-03-03 16:32:19,15624,15624,15624,2,0
2023-03-03 16:32:19,15624,15624,15624,32,0
2023-03-03 16:32:19,15624,15624,15624,2,0
2023-03-03 16:32:19,15624,15624,15624,2,0
2023-03-03 16:32:19,15624,15624,15624,6,0
2023-03-03 16:32:19,15624,15624,15624,4,0
2023-03-03 16:32:19,15624,15624,15624,2,0
2023-03-03 16:32:19,15624,15624,15624,2,0
2023-03-03 16:32:19,15624,15624,15624,8,0
2023-03-03 16:32:21,15624,15624,15624,2,0
2023-03-03 16:32:22,15625,15625,15625,2,2
2023-03-03 16:32:22,15625,15625,15625,4,0
2023-03-03 16:32:23,15625,15625,15625,2,0
2023-03-03 16:32:23,15625,15625,15625,4,0
2023-03-03 16:32:23,15625,15625,15625,2,0
2023-03-03 16:32:26,15625,15625,15625,2,0
2023-03-03 16:32:27,15624,15624,15624,2,-2
2023-03-03 16:32:27,15624,15624,15624,2,0
2023-03-03 16:32:34,15623,15623,15623,2,-2
2023-03-03 16:32:37,15624,15624,15624,2,2
2023-03-03 16:32:38,15623,15623,15623,2,-2
2023-03-03 16:32:39,15623,15623,15623,2,0
2023-03-03 16:32:47,15623,15623,15623,2,0
2023-03-03 16:32:50,15623,15623,15623,2,0
2023-03-03 16:32:51,15624,15624,15624,4,4
2023-03-03 16:32:51,15623,15623,15623,2,-2
2023-03-03 16:32:59,15624,15624,15624,2,2
2023-03-03 16:32:59,15624,15624,15624,2,0
2023-03-03 16:33:01,15623,15623,15623,2,-2
2023-03-03 16:33:02,15624,15624,15624,2,2
2023-03-03 16:33:07,15625,15625,15625,2,2
2023-03-03 16:33:07,15624,15624,15624,2,-2
2023-03-03 16:33:11,15624,15624,15624,2,0
2023-03-03 16:33:11,15624,15624,15624,2,0
2023-03-03 16:33:11,15624,15624,15624,2,0
2023-03-03 16:33:11,15624,15624,15624,4,0
2023-03-03 16:33:13,15624,15624,15624,2,0
2023-03-03 16:33:15,15624,15624,15624,2,0
2023-03-03 16:33:22,15624,15624,15624,2,0
2023-03-03 16:33:22,15624,15624,15624,2,0
2023-03-03 16:33:22,15624,15624,15624,4,0
2023-03-03 16:33:22,15624,15624,15624,2,0
2023-03-03 16:33:37,15624,15624,15624,2,0
2023-03-03 16:33:50,15624,15624,15624,2,0
2023-03-03 16:33:50,15625,15625,15625,2,2
2023-03-03 16:33:51,15625,15625,15625,2,0
2023-03-03 16:33:57,15624,15624,15624,2,-2
2023-03-03 16:34:13,15625,15625,15625,60,60
2023-03-03 16:34:13,15626,15626,15626,2,2
2023-03-03 16:34:13,15626,15626,15626,4,0
2023-03-03 16:34:13,15626,15626,15626,2,0
2023-03-03 16:34:13,15626,15626,15626,2,0
2023-03-03 16:34:13,15626,15626,15626,4,0
2023-03-03 16:34:13,15626,15626,15626,2,0
2023-03-03 16:34:13,15626,15626,15626,4,0
2023-03-03 16:34:13,15627,15627,15627,2,2
2023-03-03 16:34:13,15627,15627,15627,2,0
2023-03-03 16:34:13,15627,15627,15627,2,0
2023-03-03 16:34:13,15627,15627,15627,2,0
2023-03-03 16:34:13,15627,15627,15627,2,0
2023-03-03 16:34:13,15627,15627,15627,2,0
2023-03-03 16:34:13,15627,15627,15627,2,0
2023-03-03 16:34:13,15625,15625,15625,2,-2
2023-03-03 16:34:13,15625,15625,15625,2,0
2023-03-03 16:34:24,15625,15625,15625,4,0
2023-03-03 16:34:24,15625,15625,15625,2,0
2023-03-03 16:34:26,15625,15625,15625,6,0
2023-03-03 16:34:37,15625,15625,15625,20,0
2023-03-03 16:35:02,15625,15625,15625,2,0
2023-03-03 16:35:13,15625,15625,15625,2,0
2023-03-03 16:35:14,15625,15625,15625,2,0
2023-03-03 16:35:17,15624,15624,15624,2,-2
2023-03-03 16:35:17,15624,15624,15624,2,0
2023-03-03 16:35:17,15624,15624,15624,2,0
2023-03-03 16:35:17,15624,15624,15624,2,0
2023-03-03 16:35:18,15624,15624,15624,2,0
2023-03-03 16:35:19,15623,15623,15623,2,-2
2023-03-03 16:35:19,15623,15623,15623,2,0
2023-03-03 16:35:22,15623,15623,15623,2,0
2023-03-03 16:35:23,15623,15623,15623,2,0
2023-03-03 16:35:27,15623,15623,15623,2,0
2023-03-03 16:35:34,15624,15624,15624,4,4
2023-03-03 16:35:35,15625,15625,15625,2,2
2023-03-03 16:35:36,15624,15624,15624,2,-2
2023-03-03 16:35:39,15625,15625,15625,2,2
2023-03-03 16:35:39,15625,15625,15625,2,0
2023-03-03 16:35:39,15625,15625,15625,2,0
2023-03-03 16:35:39,15625,15625,15625,20,0
2023-03-03 16:35:41,15626,15626,15626,4,4
2023-03-03 16:35:46,15625,15625,15625,2,-2
2023-03-03 16:35:56,15627,15627,15627,6,6
2023-03-03 16:36:03,15626,15626,15626,2,-2
2023-03-03 16:36:05,15626,15626,15626,2,0
2023-03-03 16:36:05,15626,15626,15626,2,0
2023-03-03 16:36:05,15626,15626,15626,2,0
2023-03-03 16:36:05,15626,15626,15626,4,0
2023-03-03 16:36:05,15626,15626,15626,6,0
2023-03-03 16:36:06,15626,15626,15626,6,0
2023-03-03 16:36:06,15626,15626,15626,2,0
2023-03-03 16:36:06,15626,15626,15626,2,0
2023-03-03 16:36:06,15626,15626,15626,2,0
2023-03-03 16:36:06,15626,15626,15626,2,0
2023-03-03 16:36:06,15626,15626,15626,2,0
2023-03-03 16:36:06,15626,15626,15626,2,0
2023-03-03 16:36:06,15626,15626,15626,2,0
2023-03-03 16:36:06,15626,15626,15626,4,0
2023-03-03 16:36:06,15626,15626,15626,2,0
2023-03-03 16:36:06,15625,15625,15625,4,-4
2023-03-03 16:36:12,15626,15626,15626,4,4
2023-03-03 16:36:27,15625,15625,15625,2,-2
2023-03-03 16:36:30,15627,15627,15627,2,2
2023-03-03 16:36:30,15626,15626,15626,4,-4
2023-03-03 16:36:31,15627,15627,15627,2,2
2023-03-03 16:36:41,15627,15627,15627,14,0
2023-03-03 16:37:00,15627,15627,15627,2,0
2023-03-03 16:37:00,15627,15627,15627,2,0
2023-03-03 16:37:02,15626,15626,15626,2,-2
2023-03-03 16:37:02,15626,15626,15626,2,0
2023-03-03 16:37:06,15627,15627,15627,6,6
2023-03-03 16:37:06,15626,15626,15626,2,-2
2023-03-03 16:37:06,15626,15626,15626,2,0
2023-03-03 16:37:06,15626,15626,15626,2,0
2023-03-03 16:37:07,15627,15627,15627,6,6
2023-03-03 16:37:10,15627,15627,15627,2,0
2023-03-03 16:37:12,15626,15626,15626,2,-2
2023-03-03 16:37:13,15626,15626,15626,4,0
2023-03-03 16:37:15,15626,15626,15626,2,0
2023-03-03 16:37:35,15626,15626,15626,2,0
2023-03-03 16:37:35,15626,15626,15626,2,0
2023-03-03 16:37:41,15625,15625,15625,2,-2
2023-03-03 16:37:41,15625,15625,15625,2,0
2023-03-03 16:37:41,15625,15625,15625,2,0
2023-03-03 16:37:41,15625,15625,15625,2,0
2023-03-03 16:37:41,15625,15625,15625,2,0
2023-03-03 16:37:41,15625,15625,15625,4,0
2023-03-03 16:37:41,15625,15625,15625,16,0
2023-03-03 16:37:41,15625,15625,15625,2,0
2023-03-03 16:37:41,15625,15625,15625,2,0
2023-03-03 16:37:41,15625,15625,15625,2,0
2023-03-03 16:37:41,15625,15625,15625,4,0
2023-03-03 16:37:41,15625,15625,15625,4,0
2023-03-03 16:37:41,15625,15625,15625,2,0
2023-03-03 16:37:58,15625,15625,15625,2,0
2023-03-03 16:37:59,15624,15624,15624,2,-2
2023-03-03 16:38:10,15624,15624,15624,2,0
2023-03-03 16:38:10,15624,15624,15624,2,0
2023-03-03 16:38:10,15624,15624,15624,2,0
2023-03-03 16:38:10,15624,15624,15624,2,0
2023-03-03 16:38:10,15624,15624,15624,2,0
2023-03-03 16:38:10,15624,15624,15624,2,0
2023-03-03 16:38:10,15624,15624,15624,2,0
2023-03-03 16:38:17,15624,15624,15624,2,0
2023-03-03 16:38:19,15624,15624,15624,2,0
2023-03-03 16:38:22,15624,15624,15624,2,0
2023-03-03 16:38:23,15624,15624,15624,2,0
2023-03-03 16:38:41,15624,15624,15624,2,0
2023-03-03 16:38:43,15624,15624,15624,2,0
2023-03-03 16:38:45,15624,15624,15624,4,0
2023-03-03 16:38:45,15624,15624,15624,2,0
2023-03-03 16:38:45,15624,15624,15624,2,0
2023-03-03 16:39:14,15624,15624,15624,4,0
2023-03-03 16:39:26,15623,15623,15623,2,-2
2023-03-03 16:39:29,15624,15624,15624,2,2
2023-03-03 16:39:29,15624,15624,15624,2,0
2023-03-03 16:40:00,15625,15625,15625,2,2
2023-03-03 16:40:02,15625,15625,15625,2,0
2023-03-03 16:40:06,15625,15625,15625,2,0
2023-03-03 16:40:06,15625,15625,15625,2,0
2023-03-03 16:40:07,15625,15625,15625,2,0
2023-03-03 16:40:18,15625,15625,15625,2,0
2023-03-03 16:40:30,15626,15626,15626,4,4
2023-03-03 16:40:30,15626,15626,15626,2,0
2023-03-03 16:40:37,15626,15626,15626,2,0
2023-03-03 16:40:38,15626,15626,15626,2,0
2023-03-03 16:40:44,15627,15627,15627,14,14
2023-03-03 16:40:44,15628,15628,15628,2,2
2023-03-03 16:40:44,15628,15628,15628,2,0
2023-03-03 16:40:44,15628,15628,15628,2,0
2023-03-03 16:40:44,15628,15628,15628,2,0
2023-03-03 16:40:44,15628,15628,15628,2,0
2023-03-03 16:40:45,15628,15628,15628,2,0
2023-03-03 16:40:45,15628,15628,15628,2,0
2023-03-03 16:40:49,15628,15628,15628,6,0
2023-03-03 16:40:54,15628,15628,15628,2,0
2023-03-03 16:40:54,15628,15628,15628,2,0
2023-03-03 16:41:01,15628,15628,15628,2,0
2023-03-03 16:41:01,15628,15628,15628,2,0
2023-03-03 16:41:03,15628,15628,15628,2,0
2023-03-03 16:41:06,15628,15628,15628,2,0
2023-03-03 16:41:11,15628,15628,15628,2,0
2023-03-03 16:41:12,15628,15628,15628,2,0
2023-03-03 16:41:13,15629,15629,15629,12,12
2023-03-03 16:41:19,15629,15629,15629,2,0
2023-03-03 16:41:19,15629,15629,15629,2,0
2023-03-03 16:41:19,15629,15629,15629,2,0
2023-03-03 16:41:19,15629,15629,15629,2,0
2023-03-03 16:41:19,15629,15629,15629,4,0
2023-03-03 16:41:19,15629,15629,15629,2,0
2023-03-03 16:41:19,15629,15629,15629,2,0
2023-03-03 16:41:19,15629,15629,15629,2,0
2023-03-03 16:41:19,15629,15629,15629,2,0
2023-03-03 16:41:21,15630,15630,15630,6,6
2023-03-03 16:41:22,15630,15630,15630,2,0
2023-03-03 16:41:22,15629,15629,15629,4,-4
2023-03-03 16:41:23,15629,15629,15629,2,0
2023-03-03 16:41:28,15630,15630,15630,2,2
2023-03-03 16:41:31,15629,15629,15629,2,-2
2023-03-03 16:41:34,15629,15629,15629,2,0
2023-03-03 16:41:37,15629,15629,15629,2,0
2023-03-03 16:41:38,15629,15629,15629,10,0
2023-03-03 16:41:38,15629,15629,15629,10,0
2023-03-03 16:41:38,15630,15630,15630,2,2
2023-03-03 16:41:38,15630,15630,15630,2,0
2023-03-03 16:41:40,15630,15630,15630,2,0
2023-03-03 16:41:41,15630,15630,15630,2,0
2023-03-03 16:41:42,15629,15629,15629,2,-2
2023-03-03 16:41:53,15630,15630,15630,2,2
2023-03-03 16:41:53,15629,15629,15629,2,-2
2023-03-03 16:41:57,15630,15630,15630,2,2
2023-03-03 16:42:04,15630,15630,15630,6,0
2023-03-03 16:42:04,15630,15630,15630,2,0
2023-03-03 16:42:10,15630,15630,15630,8,0
2023-03-03 16:42:11,15630,15630,15630,2,0
2023-03-03 16:42:11,15630,15630,15630,16,0
2023-03-03 16:42:13,15630,15630,15630,2,0
2023-03-03 16:42:19,15630,15630,15630,4,0
2023-03-03 16:42:20,15631,15631,15631,4,4
2023-03-03 16:42:20,15631,15631,15631,2,0
2023-03-03 16:42:20,15631,15631,15631,4,0
2023-03-03 16:42:21,15630,15630,15630,2,-2
2023-03-03 16:42:28,15629,15629,15629,2,-2
2023-03-03 16:42:28,15629,15629,15629,2,0
2023-03-03 16:42:28,15629,15629,15629,2,0
2023-03-03 16:42:28,15629,15629,15629,2,0
2023-03-03 16:42:28,15629,15629,15629,2,0
2023-03-03 16:42:28,15629,15629,15629,6,0
2023-03-03 16:42:28,15629,15629,15629,4,0
2023-03-03 16:42:28,15629,15629,15629,8,0
2023-03-03 16:42:28,15629,15629,15629,2,0
2023-03-03 16:42:28,15629,15629,15629,4,0
2023-03-03 16:42:28,15629,15629,15629,22,0
2023-03-03 16:42:28,15629,15629,15629,16,0
2023-03-03 16:42:29,15629,15629,15629,2,0
2023-03-03 16:42:34,15629,15629,15629,2,0
2023-03-03 16:42:34,15629,15629,15629,2,0
2023-03-03 16:42:39,15629,15629,15629,2,0
2023-03-03 16:42:43,15628,15628,15628,2,-2
2023-03-03 16:42:46,15629,15629,15629,6,6
2023-03-03 16:42:51,15629,15629,15629,2,0
2023-03-03 16:42:52,15629,15629,15629,2,0
2023-03-03 16:42:53,15629,15629,15629,2,0
2023-03-03 16:42:53,15629,15629,15629,2,0
2023-03-03 16:42:54,15628,15628,15628,2,-2
2023-03-03 16:42:54,15628,15628,15628,4,0
2023-03-03 16:42:54,15628,15628,15628,2,0
2023-03-03 16:42:54,15628,15628,15628,2,0
2023-03-03 16:42:54,15628,15628,15628,2,0
2023-03-03 16:42:54,15628,15628,15628,2,0
2023-03-03 16:42:54,15628,15628,15628,2,0
2023-03-03 16:42:54,15628,15628,15628,2,0
2023-03-03 16:42:54,15628,15628,15628,2,0
2023-03-03 16:42:55,15628,15628,15628,2,0
2023-03-03 16:43:00,15628,15628,15628,2,0
2023-03-03 16:43:16,15628,15628,15628,2,0
2023-03-03 16:43:19,15629,15629,15629,4,4
2023-03-03 16:43:25,15629,15629,15629,2,0
2023-03-03 16:43:28,15629,15629,15629,2,0
2023-03-03 16:43:51,15628,15628,15628,2,-2
2023-03-03 16:43:51,15628,15628,15628,2,0
2023-03-03 16:43:51,15628,15628,15628,2,0
2023-03-03 16:43:52,15629,15629,15629,2,2
2023-03-03 16:43:52,15629,15629,15629,6,0
2023-03-03 16:43:52,15629,15629,15629,2,0
2023-03-03 16:43:52,15629,15629,15629,2,0
2023-03-03 16:43:55,15630,15630,15630,2,2
2023-03-03 16:44:05,15630,15630,15630,2,0
2023-03-03 16:44:07,15629,15629,15629,2,-2
2023-03-03 16:44:08,15630,15630,15630,2,2
2023-03-03 16:44:11,15630,15630,15630,2,0
2023-03-03 16:44:16,15630,15630,15630,2,0
2023-03-03 16:44:24,15630,15630,15630,2,0
2023-03-03 16:44:26,15630,15630,15630,2,0
2023-03-03 16:44:28,15630,15630,15630,2,0
2023-03-03 16:44:28,15630,15630,15630,4,0
2023-03-03 16:44:28,15630,15630,15630,6,0
2023-03-03 16:44:28,15630,15630,15630,2,0
2023-03-03 16:44:29,15630,15630,15630,2,0
2023-03-03 16:44:32,15630,15630,15630,2,0
2023-03-03 16:44:47,15631,15631,15631,6,6
2023-03-03 16:44:48,15630,15630,15630,2,-2
2023-03-03 16:44:52,15631,15631,15631,6,6
2023-03-03 16:44:53,15631,15631,15631,2,0
2023-03-03 16:44:56,15631,15631,15631,4,0
2023-03-03 16:44:57,15632,15632,15632,12,12
2023-03-03 16:44:58,15632,15632,15632,2,0
2023-03-03 16:44:58,15631,15631,15631,2,-2
2023-03-03 16:44:59,15631,15631,15631,2,0
2023-03-03 16:45:00,15631,15631,15631,2,0
2023-03-03 16:45:03,15631,15631,15631,2,0
2023-03-03 16:45:03,15631,15631,15631,2,0
2023-03-03 16:45:03,15631,15631,15631,2,0
2023-03-03 16:45:03,15632,15632,15632,2,2
2023-03-03 16:45:06,15632,15632,15632,4,0
2023-03-03 16:45:07,15631,15631,15631,2,-2
2023-03-03 16:45:07,15632,15632,15632,2,2
2023-03-03 16:45:09,15632,15632,15632,2,0
2023-03-03 16:45:15,15632,15632,15632,2,0
2023-03-03 16:45:21,15632,15632,15632,2,0
2023-03-03 16:45:27,15631,15631,15631,2,-2
2023-03-03 16:45:27,15631,15631,15631,2,0
2023-03-03 16:45:27,15631,15631,15631,4,0
2023-03-03 16:45:27,15631,15631,15631,2,0
2023-03-03 16:45:27,15631,15631,15631,2,0
2023-03-03 16:45:27,15631,15631,15631,2,0
2023-03-03 16:45:28,15631,15631,15631,2,0
2023-03-03 16:46:13,15630,15630,15630,4,-4
2023-03-03 16:46:13,15630,15630,15630,2,0
2023-03-03 16:46:13,15630,15630,15630,2,0
2023-03-03 16:46:13,15630,15630,15630,2,0
2023-03-03 16:46:16,15631,15631,15631,2,2
2023-03-03 16:46:16,15631,15631,15631,2,0
2023-03-03 16:46:16,15631,15631,15631,2,0
2023-03-03 16:46:16,15631,15631,15631,2,0
2023-03-03 16:46:19,15630,15630,15630,2,-2
2023-03-03 16:46:20,15630,15630,15630,2,0
2023-03-03 16:46:26,15630,15630,15630,2,0
2023-03-03 16:46:30,15630,15630,15630,2,0
2023-03-03 16:46:30,15630,15630,15630,2,0
2023-03-03 16:46:30,15630,15630,15630,2,0
2023-03-03 16:46:30,15630,15630,15630,2,0
2023-03-03 16:46:45,15631,15631,15631,2,2
2023-03-03 16:46:57,15631,15631,15631,4,0
2023-03-03 16:46:57,15631,15631,15631,4,0
2023-03-03 16:46:59,15631,15631,15631,2,0
2023-03-03 16:47:00,15631,15631,15631,2,0
2023-03-03 16:47:00,15631,15631,15631,2,0
2023-03-03 16:47:04,15631,15631,15631,2,0
2023-03-03 16:47:07,15631,15631,15631,2,0
2023-03-03 16:47:28,15631,15631,15631,2,0
2023-03-03 16:47:29,15631,15631,15631,2,0
2023-03-03 16:47:39,15630,15630,15630,2,-2
2023-03-03 16:47:39,15630,15630,15630,2,0
2023-03-03 16:47:39,15630,15630,15630,2,0
2023-03-03 16:47:39,15630,15630,15630,2,0
2023-03-03 16:47:39,15630,15630,15630,2,0
2023-03-03 16:47:39,15631,15631,15631,2,2
2023-03-03 16:47:56,15630,15630,15630,2,-2
2023-03-03 16:47:58,15630,15630,15630,2,0
2023-03-03 16:47:58,15630,15630,15630,2,0
2023-03-03 16:48:05,15631,15631,15631,2,2
2023-03-03 16:48:05,15631,15631,15631,6,0
2023-03-03 16:48:05,15632,15632,15632,4,4
2023-03-03 16:48:16,15632,15632,15632,2,0
2023-03-03 16:48:51,15632,15632,15632,2,0
2023-03-03 16:48:57,15632,15632,15632,6,0
2023-03-03 16:49:02,15630,15630,15630,2,-2
2023-03-03 16:49:02,15630,15630,15630,2,0
2023-03-03 16:49:02,15630,15630,15630,2,0
2023-03-03 16:49:02,15630,15630,15630,2,0
2023-03-03 16:49:25,15630,15630,15630,8,0
2023-03-03 16:49:25,15630,15630,15630,2,0
2023-03-03 16:49:32,15631,15631,15631,2,2
2023-03-03 16:49:32,15631,15631,15631,2,0
2023-03-03 16:49:32,15630,15630,15630,2,-2
2023-03-03 16:49:47,15630,15630,15630,2,0
2023-03-03 16:49:51,15629,15629,15629,2,-2
2023-03-03 16:49:51,15629,15629,15629,2,0
2023-03-03 16:49:53,15629,15629,15629,2,0
2023-03-03 16:49:53,15629,15629,15629,2,0
2023-03-03 16:49:53,15629,15629,15629,2,0
2023-03-03 16:49:54,15628,15628,15628,2,-2
2023-03-03 16:49:59,15627,15627,15627,2,-2
2023-03-03 16:49:59,15627,15627,15627,2,0
2023-03-03 16:50:00,15627,15627,15627,2,0
2023-03-03 16:50:00,15627,15627,15627,2,0
2023-03-03 16:50:00,15627,15627,15627,2,0
2023-03-03 16:50:02,15626,15626,15626,2,-2
2023-03-03 16:50:02,15626,15626,15626,2,0
2023-03-03 16:50:02,15626,15626,15626,2,0
2023-03-03 16:50:02,15626,15626,15626,2,0
2023-03-03 16:50:02,15626,15626,15626,2,0
2023-03-03 16:50:02,15626,15626,15626,4,0
2023-03-03 16:50:07,15625,15625,15625,2,-2
2023-03-03 16:50:07,15625,15625,15625,2,0
2023-03-03 16:50:09,15626,15626,15626,2,2
2023-03-03 16:50:11,15626,15626,15626,2,0
2023-03-03 16:50:13,15626,15626,15626,2,0
2023-03-03 16:50:15,15625,15625,15625,2,-2
2023-03-03 16:50:17,15625,15625,15625,2,0
2023-03-03 16:50:19,15625,15625,15625,2,0
2023-03-03 16:50:21,15626,15626,15626,2,2
2023-03-03 16:50:21,15625,15625,15625,2,-2
2023-03-03 16:50:21,15625,15625,15625,2,0
2023-03-03 16:50:33,15625,15625,15625,2,0
2023-03-03 16:50:36,15625,15625,15625,2,0
2023-03-03 16:50:37,15625,15625,15625,2,0
2023-03-03 16:50:37,15625,15625,15625,2,0
2023-03-03 16:50:37,15625,15625,15625,2,0
2023-03-03 16:50:39,15625,15625,15625,2,0
2023-03-03 16:50:39,15625,15625,15625,2,0
2023-03-03 16:50:39,15625,15625,15625,2,0
2023-03-03 16:50:39,15625,15625,15625,2,0
2023-03-03 16:50:40,15625,15625,15625,2,0
2023-03-03 16:51:56,15627,15627,15627,2,2
2023-03-03 16:51:56,15626,15626,15626,2,-2
2023-03-03 16:51:57,15625,15625,15625,2,-2
