2019-10-23 15:00:00.018,11206,11207,11206,54,-54
2019-10-23 15:00:00.290,11206,11207,11207,2,2
2019-10-23 15:00:00.408,11206,11207,11206,1,-1
2019-10-23 15:00:00.874,11206,11207,11206,2,-2
2019-10-23 15:00:00.983,11206,11207,11206,1,-1
2019-10-23 15:00:00.991,11206,11207,11206,1,-1
2019-10-23 15:00:01.010,11206,11207,11206,1,-1
2019-10-23 15:00:01.028,11206,11207,11206,1,-1
2019-10-23 15:00:01.394,11206,11207,11206,1,-1
2019-10-23 15:00:01.412,11206,11207,11207,2,2
2019-10-23 15:00:01.454,11206,11207,11207,1,1
2019-10-23 15:00:01.454,11206,11207,11207,2,2
2019-10-23 15:00:01.528,11206,11208,11208,1,1
2019-10-23 15:00:01.529,11206,11208,11208,1,1
2019-10-23 15:00:01.531,11206,11208,11208,4,4
2019-10-23 15:00:01.539,11206,11208,11208,1,1
2019-10-23 15:00:01.588,11206,11208,11208,1,1
2019-10-23 15:00:01.794,11207,11208,11207,1,-1
2019-10-23 15:00:01.960,11207,11209,11207,1,-1
2019-10-23 15:00:01.997,11207,11209,11207,1,-1
2019-10-23 15:00:02.195,11207,11209,11208,1,1
2019-10-23 15:00:02.397,11208,11209,11208,1,-1
2019-10-23 15:00:02.601,11208,11209,11208,1,-1
2019-10-23 15:00:02.601,11208,11209,11207,8,-8
2019-10-23 15:00:02.601,11208,11209,11206,1,-1
2019-10-23 15:00:02.797,11207,11209,11207,1,1
2019-10-23 15:00:02.903,11207,11209,11207,1,-1
2019-10-23 15:00:02.920,11207,11209,11207,1,-1
2019-10-23 15:00:02.931,11207,11209,11206,2,-2
2019-10-23 15:00:02.954,11207,11209,11207,2,2
2019-10-23 15:00:02.963,11207,11209,11206,1,-1
2019-10-23 15:00:02.982,11207,11209,11206,1,-1
2019-10-23 15:00:03.403,11207,11208,11208,6,6
2019-10-23 15:00:04.945,11207,11208,11207,4,-4
2019-10-23 15:00:05.287,11206,11207,11207,1,1
2019-10-23 15:00:05.335,11206,11207,11207,1,1
2019-10-23 15:00:06.587,11206,11207,11207,2,2
2019-10-23 15:00:06.680,11206,11207,11207,5,5
2019-10-23 15:00:06.680,11206,11207,11208,4,4
2019-10-23 15:00:07.155,11206,11207,11207,1,1
2019-10-23 15:00:07.572,11206,11207,11207,2,2
2019-10-23 15:00:09.239,11207,11208,11208,3,3
2019-10-23 15:00:10.297,11207,11208,11207,2,-2
2019-10-23 15:00:12.635,11206,11207,11207,1,1
2019-10-23 15:00:12.649,11207,11208,11207,1,-1
2019-10-23 15:00:12.673,11207,11208,11206,1,-1
2019-10-23 15:00:16.380,11207,11208,11207,1,1
2019-10-23 15:00:16.894,11207,11208,11207,1,-1
2019-10-23 15:00:17.144,11207,11208,11207,2,-2
2019-10-23 15:00:17.755,11206,11207,11207,1,1
2019-10-23 15:00:20.510,11206,11207,11206,20,-20
2019-10-23 15:00:21.019,11206,11207,11206,1,-1
2019-10-23 15:00:21.196,11205,11206,11205,1,-1
2019-10-23 15:00:23.407,11205,11206,11206,9,9
2019-10-23 15:00:25.742,11206,11207,11207,10,10
2019-10-23 15:00:31.378,11206,11207,11207,1,1
2019-10-23 15:00:36.394,11206,11207,11206,4,-4
2019-10-23 15:00:36.394,11206,11207,11205,1,-1
2019-10-23 15:00:38.101,11205,11207,11207,1,1
2019-10-23 15:00:44.973,11205,11207,11207,1,1
2019-10-23 15:00:49.221,11205,11207,11207,2,2
2019-10-23 15:00:49.362,11205,11207,11205,1,-1
2019-10-23 15:00:50.449,11205,11206,11206,1,1
2019-10-23 15:00:51.818,11206,11207,11206,1,-1
2019-10-23 15:00:54.793,11205,11206,11206,3,3
2019-10-23 15:00:57.414,11205,11206,11206,3,3
2019-10-23 15:00:58.010,11206,11207,11206,1,-1
2019-10-23 15:00:59.141,11206,11207,11206,1,-1
2019-10-23 15:01:00.294,11206,11207,11207,1,1
2019-10-23 15:01:01.323,11206,11207,11206,2,-2
2019-10-23 15:01:03.097,11206,11207,11207,1,1
2019-10-23 15:01:03.539,11206,11207,11206,1,-1
2019-10-23 15:01:09.183,11206,11207,11206,1,-1
2019-10-23 15:01:10.496,11206,11207,11207,1,1
2019-10-23 15:01:10.500,11206,11207,11206,8,-8
2019-10-23 15:01:14.970,11206,11207,11206,1,-1
2019-10-23 15:01:16.423,11206,11207,11207,3,3
2019-10-23 15:01:16.809,11206,11207,11207,5,5
2019-10-23 15:01:18.254,11206,11207,11206,1,-1
2019-10-23 15:01:18.338,11206,11207,11207,2,2
2019-10-23 15:01:21.685,11206,11207,11207,5,5
2019-10-23 15:01:24.302,11206,11207,11207,2,2
2019-10-23 15:01:32.758,11206,11207,11206,1,-1
2019-10-23 15:01:42.018,11206,11207,11206,1,-1
2019-10-23 15:01:48.402,11206,11207,11207,2,2
2019-10-23 15:01:49.984,11206,11207,11207,1,1
2019-10-23 15:01:58.724,11206,11207,11207,1,1
2019-10-23 15:01:58.763,11206,11207,11207,4,4
2019-10-23 15:01:58.769,11206,11207,11207,8,8
2019-10-23 15:01:58.878,11206,11207,11206,10,-10
2019-10-23 15:01:58.894,11206,11207,11207,1,1
2019-10-23 15:02:02.184,11207,11208,11208,4,4
2019-10-23 15:02:02.200,11207,11208,11207,1,-1
2019-10-23 15:02:02.805,11207,11208,11207,1,-1
2019-10-23 15:02:04.785,11207,11208,11207,1,-1
2019-10-23 15:02:07.026,11207,11208,11208,1,1
2019-10-23 15:02:07.144,11207,11208,11208,1,1
2019-10-23 15:02:08.832,11207,11208,11208,2,2
2019-10-23 15:02:08.833,11207,11208,11208,7,7
2019-10-23 15:02:12.762,11208,11209,11209,13,13
2019-10-23 15:02:12.811,11208,11209,11209,2,2
2019-10-23 15:02:12.855,11208,11209,11209,2,2
2019-10-23 15:02:13.114,11209,11210,11210,1,1
2019-10-23 15:02:13.214,11209,11210,11209,1,-1
2019-10-23 15:02:13.464,11209,11210,11209,1,-1
2019-10-23 15:02:16.757,11209,11210,11210,10,10
2019-10-23 15:02:21.880,11209,11210,11210,1,1
2019-10-23 15:02:22.191,11209,11210,11209,1,-1
2019-10-23 15:02:25.228,11209,11210,11209,5,-5
2019-10-23 15:02:25.660,11209,11210,11209,2,-2
2019-10-23 15:02:27.129,11209,11210,11209,3,-3
2019-10-23 15:02:27.144,11209,11210,11209,1,-1
2019-10-23 15:02:27.144,11209,11210,11209,2,-2
2019-10-23 15:02:35.356,11207,11208,11208,1,1
2019-10-23 15:02:36.654,11207,11208,11208,5,5
2019-10-23 15:02:37.263,11207,11209,11209,1,1
2019-10-23 15:02:41.495,11207,11209,11207,1,-1
2019-10-23 15:02:48.095,11207,11208,11207,1,-1
2019-10-23 15:02:48.695,11207,11208,11207,1,-1
2019-10-23 15:03:00.104,11207,11208,11208,2,2
2019-10-23 15:03:02.364,11207,11208,11208,6,6
2019-10-23 15:03:03.158,11207,11208,11208,2,2
2019-10-23 15:03:07.490,11207,11208,11208,1,1
2019-10-23 15:03:11.715,11207,11208,11208,4,4
2019-10-23 15:03:11.721,11207,11208,11208,2,2
2019-10-23 15:03:11.729,11207,11208,11208,2,2
2019-10-23 15:03:11.792,11207,11208,11208,1,1
2019-10-23 15:03:11.807,11207,11208,11208,1,1
2019-10-23 15:03:12.664,11207,11208,11208,1,1
2019-10-23 15:03:15.266,11207,11208,11207,5,-5
2019-10-23 15:03:18.637,11207,11208,11207,1,-1
2019-10-23 15:03:21.695,11207,11208,11207,2,-2
2019-10-23 15:03:24.424,11207,11208,11207,2,-2
2019-10-23 15:03:25.836,11207,11208,11207,1,-1
2019-10-23 15:03:26.549,11207,11208,11207,1,-1
2019-10-23 15:03:27.568,11207,11208,11208,2,2
2019-10-23 15:03:43.156,11207,11208,11208,5,5
2019-10-23 15:03:46.104,11207,11208,11208,11,11
2019-10-23 15:03:46.985,11208,11209,11208,1,-1
2019-10-23 15:03:49.924,11208,11209,11209,5,5
2019-10-23 15:03:53.714,11208,11209,11209,1,1
2019-10-23 15:03:53.799,11208,11209,11209,1,1
2019-10-23 15:04:02.546,11208,11209,11209,3,3
2019-10-23 15:04:03.035,11208,11209,11209,26,26
2019-10-23 15:04:03.035,11208,11209,11210,2,2
2019-10-23 15:04:04.333,11208,11210,11210,2,2
2019-10-23 15:04:11.468,11209,11210,11209,2,-2
2019-10-23 15:04:16.501,11209,11210,11209,1,-1
2019-10-23 15:04:17.020,11209,11210,11209,1,-1
2019-10-23 15:04:20.669,11209,11210,11209,2,-2
2019-10-23 15:04:20.856,11209,11210,11209,1,-1
2019-10-23 15:04:21.497,11209,11210,11209,1,-1
2019-10-23 15:04:22.446,11209,11210,11209,3,-3
2019-10-23 15:04:25.534,11209,11210,11210,1,1
2019-10-23 15:04:27.107,11209,11210,11209,2,-2
2019-10-23 15:04:28.659,11209,11210,11209,2,-2
2019-10-23 15:04:29.032,11209,11210,11209,3,-3
2019-10-23 15:04:29.591,11208,11209,11208,2,-2
2019-10-23 15:04:29.873,11208,11209,11209,1,1
2019-10-23 15:04:35.419,11209,11210,11209,2,-2
2019-10-23 15:04:36.978,11209,11210,11209,1,-1
2019-10-23 15:04:38.830,11209,11210,11209,1,-1
2019-10-23 15:04:39.324,11209,11210,11209,1,-1
2019-10-23 15:04:40.696,11209,11210,11209,1,-1
2019-10-23 15:04:42.150,11209,11210,11210,1,1
2019-10-23 15:04:51.768,11209,11210,11210,1,1
2019-10-23 15:04:51.970,11209,11210,11210,44,44
2019-10-23 15:04:52.577,11210,11211,11210,1,-1
2019-10-23 15:04:55.993,11210,11211,11210,1,-1
2019-10-23 15:04:56.162,11210,11211,11211,12,12
2019-10-23 15:04:56.394,11211,11212,11211,2,-2
2019-10-23 15:04:56.519,11211,11212,11211,2,-2
2019-10-23 15:04:56.644,11211,11212,11211,2,-2
2019-10-23 15:04:56.769,11211,11212,11211,2,-2
2019-10-23 15:04:56.958,11211,11212,11211,1,-1
2019-10-23 15:05:00.404,11211,11212,11211,3,-3
2019-10-23 15:05:00.438,11211,11212,11211,1,-1
2019-10-23 15:05:01.131,11210,11211,11211,1,1
2019-10-23 15:05:02.656,11210,11211,11210,2,-2
2019-10-23 15:05:02.972,11210,11211,11211,1,1
2019-10-23 15:05:03.037,11211,11212,11211,1,-1
2019-10-23 15:05:03.222,11211,11212,11211,1,-1
2019-10-23 15:05:03.843,11211,11212,11211,1,-1
2019-10-23 15:05:06.201,11211,11212,11212,8,8
2019-10-23 15:05:06.465,11211,11212,11211,2,-2
2019-10-23 15:05:07.565,11210,11211,11211,1,1
2019-10-23 15:05:07.707,11210,11212,11211,1,-1
2019-10-23 15:05:07.707,11210,11212,11212,9,9
2019-10-23 15:05:17.495,11210,11211,11211,2,2
2019-10-23 15:05:19.662,11211,11212,11211,4,-4
2019-10-23 15:05:20.194,11211,11212,11211,1,-1
2019-10-23 15:05:25.075,11210,11211,11211,1,1
2019-10-23 15:05:30.489,11210,11211,11211,1,1
2019-10-23 15:05:45.267,11210,11211,11211,1,1
2019-10-23 15:05:52.644,11210,11211,11211,1,1
2019-10-23 15:06:03.188,11210,11211,11211,1,1
2019-10-23 15:06:05.488,11210,11211,11211,4,4
2019-10-23 15:06:07.539,11210,11211,11210,1,-1
2019-10-23 15:06:09.732,11210,11211,11210,15,-15
2019-10-23 15:06:27.391,11209,11210,11210,1,1
2019-10-23 15:06:30.151,11209,11210,11209,1,-1
2019-10-23 15:06:37.726,11209,11210,11209,1,-1
2019-10-23 15:06:40.827,11209,11210,11209,2,-2
2019-10-23 15:06:48.018,11209,11210,11210,2,2
2019-10-23 15:07:02.170,11209,11210,11210,2,2
2019-10-23 15:07:02.808,11209,11210,11209,2,-2
2019-10-23 15:07:05.144,11209,11210,11210,2,2
2019-10-23 15:07:10.632,11209,11210,11210,1,1
2019-10-23 15:07:13.303,11209,11210,11210,1,1
2019-10-23 15:07:17.110,11209,11210,11209,15,-15
2019-10-23 15:07:19.150,11208,11209,11208,1,-1
2019-10-23 15:07:22.097,11208,11209,11208,3,-3
2019-10-23 15:07:27.063,11208,11209,11208,1,-1
2019-10-23 15:07:28.280,11208,11209,11208,1,-1
2019-10-23 15:07:30.894,11207,11208,11207,3,-3
2019-10-23 15:07:34.153,11207,11208,11207,1,-1
2019-10-23 15:07:34.660,11207,11208,11207,1,-1
2019-10-23 15:07:37.642,11207,11208,11207,1,-1
2019-10-23 15:07:41.820,11207,11208,11207,1,-1
2019-10-23 15:07:43.685,11207,11208,11207,1,-1
2019-10-23 15:07:44.048,11207,11208,11207,1,-1
2019-10-23 15:07:44.580,11207,11208,11207,1,-1
2019-10-23 15:08:11.110,11207,11208,11208,1,1
2019-10-23 15:08:13.684,11207,11208,11207,1,-1
2019-10-23 15:08:21.360,11207,11208,11208,1,1
2019-10-23 15:08:43.702,11207,11208,11208,1,1
2019-10-23 15:08:53.490,11207,11208,11208,2,2
2019-10-23 15:09:00.320,11207,11208,11207,3,-3
2019-10-23 15:09:03.671,11207,11208,11208,1,1
2019-10-23 15:09:08.936,11207,11208,11208,5,5
2019-10-23 15:09:09.019,11207,11208,11208,4,4
2019-10-23 15:09:10.045,11208,11209,11209,1,1
2019-10-23 15:09:18.876,11208,11209,11209,1,1
2019-10-23 15:09:19.684,11208,11209,11209,2,2
2019-10-23 15:09:23.426,11208,11209,11208,1,-1
2019-10-23 15:09:28.379,11208,11209,11208,5,-5
2019-10-23 15:09:29.376,11208,11209,11208,1,-1
2019-10-23 15:09:31.555,11208,11209,11209,3,3
2019-10-23 15:09:34.381,11208,11209,11208,2,-2
2019-10-23 15:09:36.922,11207,11208,11208,2,2
2019-10-23 15:09:36.922,11207,11208,11209,3,3
2019-10-23 15:09:43.553,11208,11209,11208,3,-3
2019-10-23 15:09:46.711,11208,11209,11209,1,1
2019-10-23 15:09:47.291,11208,11209,11208,1,-1
2019-10-23 15:09:53.034,11208,11209,11208,3,-3
2019-10-23 15:10:08.000,11208,11209,11208,1,-1
2019-10-23 15:10:18.854,11208,11209,11209,2,2
2019-10-23 15:10:21.771,11208,11209,11208,3,-3
2019-10-23 15:10:26.517,11208,11209,11208,1,-1
2019-10-23 15:10:31.736,11208,11209,11209,2,2
2019-10-23 15:10:43.960,11208,11209,11208,2,-2
2019-10-23 15:10:45.529,11208,11209,11208,1,-1
2019-10-23 15:11:00.378,11208,11209,11209,2,2
2019-10-23 15:11:19.137,11208,11209,11209,3,3
2019-10-23 15:11:19.144,11208,11209,11209,8,8
2019-10-23 15:11:19.269,11208,11209,11209,2,2
2019-10-23 15:11:19.394,11208,11209,11209,3,3
2019-10-23 15:11:28.564,11208,11210,11208,1,-1
2019-10-23 15:11:37.052,11209,11210,11209,2,2
2019-10-23 15:11:41.710,11209,11210,11209,1,-1
2019-10-23 15:11:53.227,11209,11210,11209,1,-1
2019-10-23 15:11:58.136,11209,11210,11209,3,-3
2019-10-23 15:12:13.365,11208,11209,11208,19,-19
2019-10-23 15:12:17.794,11207,11208,11207,21,-21
2019-10-23 15:12:17.894,11207,11208,11207,11,-11
2019-10-23 15:12:21.379,11206,11207,11206,1,-1
2019-10-23 15:12:32.475,11206,11207,11207,1,1
2019-10-23 15:12:40.087,11206,11207,11206,4,-4
2019-10-23 15:12:43.092,11206,11207,11207,1,1
2019-10-23 15:12:56.175,11206,11207,11207,1,1
2019-10-23 15:13:19.273,11206,11207,11207,5,5
2019-10-23 15:13:22.783,11206,11207,11207,1,1
2019-10-23 15:13:46.556,11206,11207,11207,2,2
2019-10-23 15:13:59.066,11206,11207,11207,1,1
2019-10-23 15:14:14.510,11206,11207,11207,1,1
2019-10-23 15:14:21.038,11206,11207,11207,1,1
2019-10-23 15:14:25.539,11206,11207,11207,1,1
2019-10-23 15:14:25.682,11206,11207,11206,5,-5
2019-10-23 15:14:31.203,11206,11207,11206,1,-1
2019-10-23 15:14:31.269,11206,11207,11206,24,-24
2019-10-23 15:14:32.899,11205,11206,11205,13,-13
2019-10-23 15:14:33.061,11205,11206,11205,1,-1
2019-10-23 15:14:39.494,11204,11205,11205,2,2
2019-10-23 15:14:45.607,11204,11205,11205,2,2
2019-10-23 15:14:58.163,11204,11205,11204,1,-1
2019-10-23 15:14:58.345,11204,11205,11204,1,-1
2019-10-23 15:14:58.832,11204,11205,11204,3,-3
2019-10-23 15:15:01.058,11204,11205,11204,1,-1
2019-10-23 15:15:01.058,11204,11205,11204,2,-2
2019-10-23 15:15:01.058,11204,11205,11204,7,-7
2019-10-23 15:15:01.058,11204,11205,11204,1,-1
2019-10-23 15:15:13.262,11203,11204,11204,4,4
2019-10-23 15:15:19.487,11203,11204,11204,2,2
2019-10-23 15:15:25.301,11204,11205,11204,1,-1
2019-10-23 15:15:28.788,11204,11205,11204,3,-3
2019-10-23 15:15:37.965,11204,11205,11204,4,-4
2019-10-23 15:15:47.476,11204,11205,11204,2,-2
2019-10-23 15:15:54.825,11204,11205,11205,12,12
2019-10-23 15:15:54.826,11204,11205,11205,1,1
2019-10-23 15:16:04.626,11205,11206,11206,1,1
2019-10-23 15:16:06.160,11205,11206,11205,1,-1
2019-10-23 15:16:19.368,11205,11206,11205,1,-1
2019-10-23 15:16:19.370,11205,11206,11205,1,-1
2019-10-23 15:16:20.670,11204,11205,11205,1,1
2019-10-23 15:16:30.507,11204,11205,11205,1,1
2019-10-23 15:16:39.747,11205,11206,11206,1,1
2019-10-23 15:16:43.144,11205,11206,11206,2,2
2019-10-23 15:16:49.316,11206,11207,11206,1,-1
2019-10-23 15:16:50.214,11206,11207,11206,1,-1
2019-10-23 15:16:55.309,11206,11207,11207,4,4
2019-10-23 15:16:55.309,11206,11207,11207,7,7
2019-10-23 15:16:55.565,11207,11208,11207,1,-1
2019-10-23 15:17:01.023,11207,11208,11207,2,-2
2019-10-23 15:17:02.207,11207,11208,11208,8,8
2019-10-23 15:17:02.269,11207,11208,11208,1,1
2019-10-23 15:17:02.394,11207,11208,11208,3,3
2019-10-23 15:17:02.803,11208,11209,11209,2,2
2019-10-23 15:17:02.924,11208,11209,11209,1,1
2019-10-23 15:17:03.122,11208,11209,11209,2,2
2019-10-23 15:17:04.001,11208,11209,11209,1,1
2019-10-23 15:17:08.260,11208,11209,11209,2,2
2019-10-23 15:17:15.266,11208,11209,11209,1,1
2019-10-23 15:17:15.275,11208,11210,11209,1,-1
2019-10-23 15:17:24.014,11208,11209,11209,1,1
2019-10-23 15:17:29.637,11208,11210,11208,1,-1
2019-10-23 15:17:29.783,11208,11209,11208,1,-1
2019-10-23 15:17:38.596,11208,11210,11208,1,-1
2019-10-23 15:17:57.429,11208,11209,11208,1,-1
2019-10-23 15:18:02.933,11208,11209,11209,1,1
2019-10-23 15:18:09.974,11208,11209,11208,1,-1
2019-10-23 15:18:17.086,11208,11209,11208,9,-9
2019-10-23 15:18:33.375,11208,11209,11209,1,1
2019-10-23 15:18:35.916,11208,11209,11208,2,-2
2019-10-23 15:18:45.583,11208,11209,11209,1,1
2019-10-23 15:18:49.871,11208,11209,11208,7,-7
2019-10-23 15:19:02.311,11207,11208,11208,1,1
2019-10-23 15:19:02.338,11207,11208,11208,1,1
2019-10-23 15:19:04.293,11207,11208,11208,1,1
2019-10-23 15:19:07.114,11207,11208,11207,1,-1
2019-10-23 15:19:07.671,11207,11208,11208,1,1
2019-10-23 15:19:30.980,11207,11208,11208,13,13
2019-10-23 15:19:30.980,11207,11208,11209,67,67
2019-10-23 15:19:30.982,11207,11208,11208,5,5
2019-10-23 15:19:30.985,11207,11208,11208,5,5
2019-10-23 15:19:31.019,11208,11209,11209,5,5
2019-10-23 15:19:34.596,11208,11209,11208,1,-1
2019-10-23 15:19:38.772,11208,11209,11209,1,1
2019-10-23 15:19:45.196,11208,11209,11209,1,1
2019-10-23 15:19:46.106,11208,11210,11210,1,1
2019-10-23 15:19:46.392,11208,11210,11210,1,1
2019-10-23 15:19:50.152,11209,11210,11209,2,-2
2019-10-23 15:20:03.505,11209,11210,11209,1,-1
2019-10-23 15:20:08.727,11209,11210,11209,1,-1
2019-10-23 15:20:11.776,11209,11210,11209,1,-1
2019-10-23 15:20:18.226,11209,11210,11209,1,-1
2019-10-23 15:20:34.399,11209,11210,11209,1,-1
2019-10-23 15:20:36.374,11208,11210,11209,1,-1
2019-10-23 15:20:46.437,11209,11210,11209,1,-1
2019-10-23 15:20:49.063,11209,11210,11209,3,-3
2019-10-23 15:20:52.269,11209,11210,11209,6,-6
2019-10-23 15:20:52.269,11209,11210,11209,4,-4
2019-10-23 15:20:58.578,11208,11209,11209,1,1
2019-10-23 15:21:04.606,11208,11209,11209,6,6
2019-10-23 15:21:11.063,11209,11210,11210,1,1
2019-10-23 15:21:28.715,11209,11210,11210,2,2
2019-10-23 15:21:35.774,11209,11210,11209,3,-3
2019-10-23 15:21:46.069,11209,11210,11209,1,-1
2019-10-23 15:21:52.411,11209,11210,11209,2,-2
2019-10-23 15:21:56.148,11209,11210,11209,20,-20
2019-10-23 15:21:56.269,11209,11210,11209,1,-1
2019-10-23 15:21:59.601,11209,11210,11209,1,-1
2019-10-23 15:22:00.874,11209,11210,11209,1,-1
2019-10-23 15:22:05.415,11209,11210,11209,1,-1
2019-10-23 15:22:06.432,11209,11210,11209,1,-1
2019-10-23 15:22:06.432,11209,11210,11208,1,-1
2019-10-23 15:23:22.519,11208,11209,11209,15,15
2019-10-23 15:23:22.644,11208,11209,11209,2,2
2019-10-23 15:23:22.644,11208,11209,11209,1,1
2019-10-23 15:23:23.025,11209,11210,11209,2,-2
2019-10-23 15:23:29.312,11209,11210,11209,2,-2
2019-10-23 15:23:43.521,11209,11210,11209,1,-1
2019-10-23 15:23:54.510,11209,11210,11209,3,-3
2019-10-23 15:23:58.411,11209,11210,11209,1,-1
2019-10-23 15:24:28.591,11209,11210,11210,1,1
2019-10-23 15:24:31.172,11209,11210,11210,50,50
2019-10-23 15:24:31.269,11209,11210,11210,6,6
2019-10-23 15:24:31.399,11210,11211,11211,1,1
2019-10-23 15:24:31.400,11210,11211,11211,1,1
2019-10-23 15:24:31.401,11210,11211,11211,1,1
2019-10-23 15:24:31.401,11210,11211,11211,1,1
2019-10-23 15:24:31.719,11210,11211,11211,1,1
2019-10-23 15:24:46.612,11210,11211,11211,1,1
2019-10-23 15:24:49.881,11210,11211,11211,1,1
2019-10-23 15:24:50.496,11210,11211,11211,1,1
2019-10-23 15:24:54.216,11210,11211,11210,1,-1
2019-10-23 15:24:58.058,11210,11211,11210,8,-8
2019-10-23 15:25:02.133,11210,11211,11211,2,2
2019-10-23 15:25:03.978,11210,11211,11211,18,18
2019-10-23 15:25:03.978,11210,11211,11212,53,53
2019-10-23 15:25:04.019,11211,11212,11212,5,5
2019-10-23 15:25:04.019,11211,11212,11212,1,1
2019-10-23 15:25:04.020,11211,11212,11212,1,1
2019-10-23 15:25:05.852,11212,11213,11212,1,-1
2019-10-23 15:25:07.129,11211,11212,11211,1,-1
2019-10-23 15:25:09.086,11211,11212,11212,13,13
2019-10-23 15:25:09.086,11211,11212,11213,39,39
2019-10-23 15:25:09.221,11212,11213,11213,1,1
2019-10-23 15:25:09.306,11212,11213,11213,2,2
2019-10-23 15:25:09.343,11212,11213,11213,1,1
2019-10-23 15:25:09.359,11212,11213,11212,2,-2
2019-10-23 15:25:09.447,11212,11213,11213,1,1
2019-10-23 15:25:10.924,11212,11213,11212,1,-1
2019-10-23 15:25:12.053,11212,11213,11212,2,-2
2019-10-23 15:25:15.102,11212,11213,11213,1,1
2019-10-23 15:25:17.029,11212,11213,11213,24,24
2019-10-23 15:25:17.029,11212,11213,11214,8,8
2019-10-23 15:25:17.255,11213,11214,11213,1,-1
2019-10-23 15:25:17.395,11213,11214,11214,1,1
2019-10-23 15:25:17.420,11213,11214,11213,1,-1
2019-10-23 15:25:17.536,11213,11214,11213,2,-2
2019-10-23 15:25:20.219,11212,11214,11212,3,-3
2019-10-23 15:25:21.421,11213,11214,11213,3,3
2019-10-23 15:25:22.504,11212,11213,11213,7,7
2019-10-23 15:25:22.553,11212,11213,11213,1,1
2019-10-23 15:25:23.590,11212,11213,11213,6,6
2019-10-23 15:25:25.302,11212,11213,11213,1,1
2019-10-23 15:25:25.867,11212,11213,11213,20,20
2019-10-23 15:25:25.905,11213,11214,11213,2,-2
2019-10-23 15:25:29.632,11212,11213,11213,1,1
2019-10-23 15:25:31.209,11212,11213,11213,1,1
2019-10-23 15:25:32.143,11212,11213,11212,1,-1
2019-10-23 15:25:32.608,11212,11213,11213,5,5
2019-10-23 15:25:36.722,11212,11213,11213,1,1
2019-10-23 15:25:40.490,11212,11213,11213,6,6
2019-10-23 15:25:41.632,11212,11213,11212,1,-1
2019-10-23 15:25:47.788,11212,11213,11213,4,4
2019-10-23 15:25:48.927,11212,11213,11213,3,3
2019-10-23 15:25:53.062,11213,11214,11213,1,-1
2019-10-23 15:25:54.155,11213,11214,11213,1,-1
2019-10-23 15:25:55.605,11213,11214,11213,6,-6
2019-10-23 15:25:58.578,11212,11213,11213,1,1
2019-10-23 15:26:00.316,11212,11213,11213,1,1
2019-10-23 15:26:01.202,11212,11213,11213,1,1
2019-10-23 15:26:05.886,11212,11213,11212,1,-1
2019-10-23 15:26:16.817,11212,11213,11212,3,-3
2019-10-23 15:26:17.891,11212,11213,11213,3,3
2019-10-23 15:26:18.435,11212,11213,11212,1,-1
2019-10-23 15:26:19.929,11212,11213,11213,2,2
2019-10-23 15:26:30.236,11212,11213,11213,9,9
2019-10-23 15:26:34.281,11212,11213,11213,1,1
2019-10-23 15:26:43.271,11212,11213,11212,12,-12
2019-10-23 15:26:44.177,11211,11212,11212,1,1
2019-10-23 15:26:50.711,11211,11212,11211,1,-1
2019-10-23 15:26:52.310,11211,11212,11211,1,-1
2019-10-23 15:26:52.975,11211,11212,11211,1,-1
2019-10-23 15:27:02.920,11211,11212,11212,1,1
2019-10-23 15:27:02.970,11211,11212,11212,1,1
2019-10-23 15:27:05.088,11211,11213,11211,1,-1
2019-10-23 15:27:11.399,11211,11212,11211,1,-1
2019-10-23 15:27:12.703,11211,11212,11211,1,-1
2019-10-23 15:27:13.569,11211,11212,11211,1,-1
2019-10-23 15:27:24.088,11211,11212,11211,1,-1
2019-10-23 15:27:24.144,11211,11212,11211,6,-6
2019-10-23 15:27:24.569,11211,11212,11211,1,-1
2019-10-23 15:27:27.540,11211,11212,11211,2,-2
2019-10-23 15:27:27.540,11211,11212,11211,1,-1
2019-10-23 15:27:27.769,11210,11211,11211,1,1
2019-10-23 15:27:31.687,11210,11212,11210,1,-1
2019-10-23 15:27:32.419,11210,11212,11210,1,-1
2019-10-23 15:27:36.561,11210,11211,11210,2,-2
2019-10-23 15:27:49.225,11210,11211,11211,4,4
2019-10-23 15:27:50.160,11210,11211,11210,1,-1
2019-10-23 15:27:57.456,11210,11211,11210,10,-10
2019-10-23 15:27:58.140,11210,11211,11210,2,-2
2019-10-23 15:28:00.832,11210,11211,11210,2,-2
2019-10-23 15:28:02.717,11209,11210,11210,1,1
2019-10-23 15:28:04.486,11209,11210,11210,1,1
2019-10-23 15:28:06.446,11209,11210,11210,1,1
2019-10-23 15:28:35.836,11209,11210,11209,1,-1
2019-10-23 15:28:40.584,11209,11210,11209,1,-1
2019-10-23 15:28:50.008,11209,11210,11209,5,-5
2019-10-23 15:28:50.883,11209,11210,11209,2,-2
2019-10-23 15:28:51.039,11209,11210,11209,1,-1
2019-10-23 15:29:05.460,11208,11210,11208,5,-5
2019-10-23 15:29:12.654,11208,11209,11209,1,1
2019-10-23 15:29:14.131,11208,11209,11209,1,1
2019-10-23 15:29:15.953,11208,11209,11208,1,-1
2019-10-23 15:29:24.766,11208,11209,11209,1,1
2019-10-23 15:29:44.570,11208,11209,11209,2,2
2019-10-23 15:29:45.283,11208,11209,11209,1,1
2019-10-23 15:29:49.561,11208,11209,11208,13,-13
2019-10-23 15:29:49.644,11208,11209,11208,3,-3
2019-10-23 15:29:52.781,11207,11208,11208,1,1
2019-10-23 15:29:59.402,11207,11208,11207,1,-1
2019-10-23 15:30:00.937,11207,11208,11207,1,-1
2019-10-23 15:30:02.493,11207,11208,11207,2,-2
2019-10-23 15:30:02.975,11207,11208,11207,1,-1
2019-10-23 15:30:03.330,11207,11208,11207,1,-1
2019-10-23 15:30:03.479,11207,11208,11207,2,-2
2019-10-23 15:30:04.855,11207,11208,11207,1,-1
2019-10-23 15:30:04.879,11207,11208,11207,2,-2
2019-10-23 15:30:04.879,11207,11208,11206,38,-38
2019-10-23 15:30:07.616,11205,11206,11206,1,1
2019-10-23 15:30:07.616,11205,11206,11206,1,1
2019-10-23 15:30:16.589,11206,11207,11207,2,2
2019-10-23 15:30:20.663,11206,11207,11206,5,-5
2019-10-23 15:30:23.668,11206,11207,11206,1,-1
2019-10-23 15:30:25.650,11206,11207,11207,1,1
2019-10-23 15:30:28.067,11206,11207,11206,1,-1
2019-10-23 15:30:28.109,11206,11207,11206,1,-1
2019-10-23 15:30:33.310,11206,11207,11206,1,-1
2019-10-23 15:30:35.895,11206,11207,11207,1,1
2019-10-23 15:30:39.677,11206,11207,11207,1,1
2019-10-23 15:30:40.788,11206,11207,11207,4,4
2019-10-23 15:30:40.788,11206,11207,11207,3,3
2019-10-23 15:30:40.789,11206,11207,11207,1,1
2019-10-23 15:30:42.184,11207,11208,11207,1,-1
2019-10-23 15:30:49.744,11207,11209,11209,1,1
2019-10-23 15:30:50.521,11207,11209,11209,1,1
2019-10-23 15:30:51.165,11207,11209,11209,1,1
2019-10-23 15:30:52.762,11207,11209,11209,2,2
2019-10-23 15:30:53.700,11208,11209,11208,1,-1
2019-10-23 15:30:56.493,11208,11209,11208,1,-1
2019-10-23 15:31:04.256,11207,11208,11208,1,1
2019-10-23 15:31:09.207,11207,11208,11208,1,1
2019-10-23 15:31:10.061,11207,11208,11208,1,1
2019-10-23 15:31:18.838,11207,11208,11208,4,4
2019-10-23 15:31:19.689,11208,11209,11208,1,-1
2019-10-23 15:31:29.146,11208,11209,11208,5,-5
2019-10-23 15:31:55.080,11208,11209,11208,1,-1
2019-10-23 15:32:07.767,11208,11209,11208,3,-3
2019-10-23 15:32:11.912,11208,11209,11208,1,-1
2019-10-23 15:33:08.748,11208,11209,11208,5,-5
2019-10-23 15:33:13.363,11208,11209,11208,2,-2
2019-10-23 15:33:26.035,11208,11209,11209,6,6
2019-10-23 15:33:26.035,11208,11209,11209,2,2
2019-10-23 15:33:26.144,11208,11209,11209,20,20
2019-10-23 15:33:26.186,11208,11209,11209,2,2
2019-10-23 15:33:26.186,11208,11209,11209,6,6
2019-10-23 15:33:26.195,11208,11209,11209,7,7
2019-10-23 15:33:26.195,11208,11209,11209,2,2
2019-10-23 15:33:26.196,11208,11209,11209,1,1
2019-10-23 15:33:26.196,11208,11209,11209,8,8
2019-10-23 15:33:28.792,11209,11210,11210,2,2
2019-10-23 15:33:29.612,11209,11210,11210,1,1
2019-10-23 15:33:39.923,11210,11211,11210,1,-1
2019-10-23 15:33:55.389,11210,11211,11211,1,1
2019-10-23 15:33:56.655,11210,11211,11210,1,-1
2019-10-23 15:33:59.271,11210,11211,11210,1,-1
2019-10-23 15:34:00.835,11210,11211,11210,1,-1
2019-10-23 15:34:26.061,11210,11211,11211,1,1
2019-10-23 15:34:27.057,11210,11211,11211,1,1
2019-10-23 15:34:29.014,11210,11211,11211,1,1
2019-10-23 15:34:29.697,11210,11211,11211,1,1
2019-10-23 15:34:35.204,11210,11211,11211,1,1
2019-10-23 15:34:38.785,11210,11211,11211,1,1
2019-10-23 15:34:38.894,11210,11211,11211,1,1
2019-10-23 15:34:40.399,11210,11211,11210,2,-2
2019-10-23 15:34:45.037,11210,11211,11211,1,1
2019-10-23 15:34:46.404,11210,11211,11211,7,7
2019-10-23 15:35:00.644,11210,11211,11211,1,1
2019-10-23 15:35:01.531,11211,11212,11212,1,1
2019-10-23 15:35:02.008,11211,11212,11212,8,8
2019-10-23 15:35:02.220,11212,11213,11212,2,-2
2019-10-23 15:35:05.498,11212,11213,11212,3,-3
2019-10-23 15:35:15.268,11211,11212,11212,1,1
2019-10-23 15:35:24.550,11211,11212,11212,1,1
2019-10-23 15:35:30.071,11211,11212,11212,1,1
2019-10-23 15:35:32.055,11211,11212,11212,1,1
2019-10-23 15:35:32.692,11211,11212,11212,1,1
2019-10-23 15:35:34.676,11211,11212,11212,1,1
2019-10-23 15:35:36.894,11211,11212,11211,6,-6
2019-10-23 15:35:41.074,11210,11211,11211,1,1
2019-10-23 15:35:50.955,11210,11211,11211,1,1
2019-10-23 15:35:52.923,11210,11211,11211,1,1
2019-10-23 15:35:53.783,11210,11211,11211,1,1
2019-10-23 15:35:57.047,11210,11211,11211,1,1
2019-10-23 15:36:04.459,11210,11211,11211,1,1
2019-10-23 15:36:13.467,11211,11212,11211,2,-2
2019-10-23 15:36:13.907,11210,11211,11211,1,1
2019-10-23 15:36:16.157,11210,11211,11210,1,-1
2019-10-23 15:36:18.324,11210,11211,11211,2,2
2019-10-23 15:36:26.394,11210,11211,11210,13,-13
2019-10-23 15:36:27.230,11209,11210,11210,1,1
2019-10-23 15:36:28.519,11209,11210,11209,7,-7
2019-10-23 15:36:38.391,11209,11210,11209,1,-1
2019-10-23 15:36:42.703,11209,11211,11211,1,1
2019-10-23 15:37:22.644,11210,11211,11210,5,-5
2019-10-23 15:37:56.753,11209,11210,11210,1,1
2019-10-23 15:38:10.148,11209,11210,11209,2,-2
2019-10-23 15:38:17.629,11208,11209,11208,13,-13
2019-10-23 15:38:18.519,11208,11209,11208,2,-2
2019-10-23 15:38:19.899,11207,11208,11207,1,-1
2019-10-23 15:38:33.363,11207,11208,11208,1,1
2019-10-23 15:38:58.374,11207,11208,11208,1,1
2019-10-23 15:39:15.108,11207,11208,11208,2,2
2019-10-23 15:39:25.600,11207,11208,11208,4,4
2019-10-23 15:39:28.716,11207,11208,11208,1,1
2019-10-23 15:39:36.135,11208,11209,11208,1,-1
2019-10-23 15:39:49.653,11207,11208,11207,5,-5
2019-10-23 15:39:49.821,11207,11208,11207,5,-5
2019-10-23 15:39:49.894,11207,11208,11207,1,-1
2019-10-23 15:39:49.937,11207,11208,11207,1,-1
2019-10-23 15:39:50.019,11207,11208,11207,8,-8
2019-10-23 15:39:50.019,11207,11208,11207,1,-1
2019-10-23 15:39:52.715,11206,11207,11207,1,1
2019-10-23 15:40:02.019,11206,11207,11206,11,-11
2019-10-23 15:40:02.144,11206,11207,11206,3,-3
2019-10-23 15:40:02.144,11206,11207,11206,2,-2
2019-10-23 15:40:15.721,11205,11206,11205,2,-2
2019-10-23 15:40:16.233,11205,11206,11206,1,1
2019-10-23 15:40:29.521,11205,11206,11206,1,1
2019-10-23 15:40:30.490,11205,11206,11206,1,1
2019-10-23 15:40:38.407,11205,11206,11206,1,1
2019-10-23 15:40:41.566,11205,11206,11205,6,-6
2019-10-23 15:40:41.826,11205,11206,11206,5,5
2019-10-23 15:40:42.425,11205,11206,11205,6,-6
2019-10-23 15:40:43.301,11205,11206,11205,3,-3
2019-10-23 15:40:44.182,11205,11206,11205,3,-3
2019-10-23 15:40:49.431,11205,11206,11205,1,-1
2019-10-23 15:40:51.779,11205,11206,11205,3,-3
2019-10-23 15:40:54.256,11205,11206,11205,1,-1
2019-10-23 15:40:55.360,11205,11206,11205,2,-2
2019-10-23 15:40:57.861,11205,11206,11205,1,-1
2019-10-23 15:41:00.332,11205,11206,11205,1,-1
2019-10-23 15:41:09.301,11205,11206,11205,1,-1
2019-10-23 15:41:10.447,11205,11206,11205,1,-1
2019-10-23 15:41:17.397,11205,11206,11205,1,-1
2019-10-23 15:41:17.968,11205,11206,11205,1,-1
2019-10-23 15:41:21.038,11205,11206,11205,5,-5
2019-10-23 15:41:21.532,11205,11206,11205,3,-3
2019-10-23 15:41:21.532,11205,11206,11204,2,-2
2019-10-23 15:41:21.704,11204,11206,11204,5,-5
2019-10-23 15:41:21.944,11204,11205,11204,1,-1
2019-10-23 15:41:21.970,11204,11205,11204,1,-1
2019-10-23 15:41:21.981,11204,11205,11204,1,-1
2019-10-23 15:41:21.994,11204,11205,11204,1,-1
2019-10-23 15:41:30.235,11204,11205,11204,1,-1
2019-10-23 15:41:37.417,11204,11205,11204,1,-1
2019-10-23 15:41:39.165,11204,11205,11204,5,-5
2019-10-23 15:41:39.523,11204,11205,11204,5,-5
2019-10-23 15:41:39.945,11204,11205,11204,1,-1
2019-10-23 15:41:41.145,11204,11205,11204,1,-1
2019-10-23 15:41:41.530,11204,11205,11204,1,-1
2019-10-23 15:41:42.521,11204,11205,11204,1,-1
2019-10-23 15:41:52.014,11204,11205,11204,5,-5
2019-10-23 15:41:58.015,11204,11205,11205,1,1
2019-10-23 15:42:00.384,11204,11205,11205,2,2
2019-10-23 15:42:02.595,11205,11206,11205,5,-5
2019-10-23 15:42:04.223,11205,11206,11205,1,-1
2019-10-23 15:42:05.092,11205,11206,11205,1,-1
2019-10-23 15:42:09.326,11205,11206,11205,5,-5
2019-10-23 15:42:16.110,11205,11206,11205,1,-1
2019-10-23 15:42:16.205,11205,11206,11205,1,-1
2019-10-23 15:42:20.017,11205,11206,11205,1,-1
2019-10-23 15:42:34.033,11205,11206,11205,1,-1
2019-10-23 15:42:35.172,11205,11206,11205,3,-3
2019-10-23 15:42:43.566,11205,11206,11205,1,-1
2019-10-23 15:42:44.198,11205,11206,11205,1,-1
2019-10-23 15:42:45.145,11205,11206,11205,5,-5
2019-10-23 15:43:12.265,11205,11206,11205,2,-2
2019-10-23 15:43:17.769,11205,11206,11206,12,12
2019-10-23 15:43:28.031,11206,11207,11206,1,-1
2019-10-23 15:43:55.761,11206,11207,11207,5,5
2019-10-23 15:44:04.479,11207,11208,11208,1,1
2019-10-23 15:44:21.772,11207,11208,11208,1,1
2019-10-23 15:44:21.962,11207,11208,11208,3,3
2019-10-23 15:44:24.676,11207,11208,11208,5,5
2019-10-23 15:44:29.754,11207,11208,11208,5,5
2019-10-23 15:44:32.707,11208,11209,11209,1,1
2019-10-23 15:44:33.518,11208,11209,11209,1,1
2019-10-23 15:44:34.569,11208,11209,11209,1,1
2019-10-23 15:44:34.602,11208,11209,11208,4,-4
2019-10-23 15:44:40.804,11207,11208,11207,7,-7
2019-10-23 15:44:53.931,11206,11207,11206,5,-5
2019-10-23 15:44:58.225,11206,11207,11207,1,1
2019-10-23 15:45:02.209,11206,11207,11207,6,6
2019-10-23 15:45:04.039,11206,11207,11206,2,-2
2019-10-23 15:45:09.981,11205,11206,11205,3,-3
2019-10-23 15:45:13.917,11205,11206,11206,1,1
2019-10-23 15:45:18.663,11205,11206,11205,1,-1
2019-10-23 15:45:26.904,11205,11206,11205,1,-1
2019-10-23 15:45:57.007,11205,11206,11206,1,1
2019-10-23 15:46:04.314,11205,11206,11206,1,1
2019-10-23 15:46:22.048,11205,11206,11205,1,-1
2019-10-23 15:46:22.332,11205,11206,11206,1,1
2019-10-23 15:46:42.655,11205,11206,11206,1,1
2019-10-23 15:46:47.471,11205,11206,11206,4,4
2019-10-23 15:46:52.219,11205,11206,11206,6,6
2019-10-23 15:46:56.979,11206,11207,11206,5,-5
2019-10-23 15:46:59.303,11206,11207,11207,1,1
2019-10-23 15:46:59.303,11206,11207,11207,14,14
2019-10-23 15:46:59.394,11206,11207,11207,1,1
2019-10-23 15:47:31.965,11207,11208,11208,3,3
2019-10-23 15:47:34.464,11207,11208,11208,1,1
2019-10-23 15:47:50.968,11207,11208,11208,5,5
2019-10-23 15:47:54.791,11207,11208,11208,3,3
2019-10-23 15:47:57.517,11208,11209,11208,1,-1
2019-10-23 15:47:57.519,11208,11209,11208,1,-1
2019-10-23 15:47:59.628,11207,11209,11209,1,1
2019-10-23 15:48:09.916,11208,11209,11208,2,-2
2019-10-23 15:48:16.611,11208,11209,11209,1,1
2019-10-23 15:48:17.213,11208,11209,11209,1,1
2019-10-23 15:48:17.975,11208,11209,11209,1,1
2019-10-23 15:48:46.970,11208,11209,11208,2,-2
2019-10-23 15:48:50.187,11208,11209,11209,4,4
2019-10-23 15:48:50.187,11208,11209,11209,2,2
2019-10-23 15:48:50.269,11208,11209,11209,2,2
2019-10-23 15:48:50.269,11208,11209,11209,4,4
2019-10-23 15:48:50.723,11209,11210,11210,4,4
2019-10-23 15:48:58.027,11209,11210,11210,5,5
2019-10-23 15:49:00.492,11209,11210,11210,5,5
2019-10-23 15:49:02.309,11209,11210,11210,1,1
2019-10-23 15:49:05.077,11209,11210,11210,1,1
2019-10-23 15:49:08.946,11209,11210,11210,5,5
2019-10-23 15:49:11.010,11209,11210,11210,5,5
2019-10-23 15:49:13.146,11209,11210,11210,13,13
2019-10-23 15:49:13.147,11209,11210,11210,1,1
2019-10-23 15:49:13.520,11210,11211,11210,1,-1
2019-10-23 15:49:20.466,11209,11210,11209,1,-1
2019-10-23 15:49:43.867,11209,11210,11210,6,6
2019-10-23 15:49:44.339,11209,11210,11210,1,1
2019-10-23 15:49:44.969,11209,11210,11210,1,1
2019-10-23 15:49:51.682,11209,11210,11210,1,1
2019-10-23 15:50:14.732,11209,11210,11210,2,2
2019-10-23 15:50:20.937,11210,11211,11210,1,-1
2019-10-23 15:50:23.601,11210,11211,11210,1,-1
2019-10-23 15:50:37.962,11210,11211,11210,3,-3
2019-10-23 15:50:44.883,11210,11211,11210,2,-2
2019-10-23 15:50:54.248,11210,11211,11210,5,-5
2019-10-23 15:51:09.206,11210,11211,11210,1,-1
2019-10-23 15:51:31.527,11210,11211,11211,6,6
2019-10-23 15:51:32.334,11210,11211,11210,3,-3
2019-10-23 15:51:36.019,11210,11211,11210,6,-6
2019-10-23 15:51:36.144,11210,11211,11210,5,-5
2019-10-23 15:51:47.856,11210,11211,11210,5,-5
2019-10-23 15:51:54.692,11210,11211,11210,1,-1
2019-10-23 15:51:56.935,11210,11211,11210,1,-1
2019-10-23 15:52:23.330,11210,11211,11210,1,-1
2019-10-23 15:52:24.534,11210,11211,11210,1,-1
2019-10-23 15:52:43.893,11210,11211,11210,1,-1
2019-10-23 15:52:43.894,11210,11211,11210,4,-4
2019-10-23 15:52:50.000,11209,11210,11210,6,6
2019-10-23 15:53:19.466,11209,11210,11210,5,5
2019-10-23 15:53:19.519,11209,11210,11210,2,2
2019-10-23 15:54:04.168,11209,11210,11210,1,1
2019-10-23 15:54:04.928,11209,11210,11210,1,1
2019-10-23 15:54:07.158,11209,11210,11210,1,1
2019-10-23 15:54:07.943,11209,11210,11210,1,1
2019-10-23 15:54:11.575,11209,11210,11209,1,-1
2019-10-23 15:54:41.132,11209,11210,11209,1,-1
2019-10-23 15:54:47.580,11209,11210,11209,1,-1
2019-10-23 15:54:51.475,11209,11210,11209,1,-1
2019-10-23 15:55:17.702,11209,11210,11210,8,8
2019-10-23 15:56:05.503,11210,11211,11210,1,-1
2019-10-23 15:56:17.389,11210,11211,11210,1,-1
2019-10-23 15:56:35.294,11210,11211,11210,2,-2
2019-10-23 15:56:35.394,11210,11211,11210,7,-7
2019-10-23 15:57:26.110,11209,11210,11210,4,4
2019-10-23 15:57:37.273,11209,11210,11210,1,1
2019-10-23 15:57:52.959,11209,11210,11210,1,1
2019-10-23 15:57:58.833,11209,11210,11210,6,6
2019-10-23 15:57:58.894,11209,11210,11210,6,6
2019-10-23 15:58:06.328,11209,11211,11210,1,-1
2019-10-23 15:58:56.897,11210,11211,11210,1,-1
2019-10-23 15:58:56.955,11210,11211,11211,2,2
2019-10-23 15:59:47.158,11210,11211,11210,5,-5
2019-10-23 16:00:03.745,11210,11211,11210,2,-2
2019-10-23 16:00:04.983,11210,11211,11211,1,1
2019-10-23 16:00:09.034,11210,11211,11210,1,-1
2019-10-23 16:00:16.596,11210,11211,11210,2,-2
2019-10-23 16:00:27.210,11210,11211,11211,1,1
2019-10-23 16:00:28.116,11210,11211,11210,5,-5
2019-10-23 16:00:36.117,11210,11211,11211,31,31
2019-10-23 16:00:46.628,11211,11212,11212,5,5
2019-10-23 16:00:46.644,11211,11212,11212,9,9
2019-10-23 16:00:46.769,11211,11212,11212,4,4
2019-10-23 16:00:46.894,11211,11212,11212,1,1
2019-10-23 16:00:46.894,11211,11212,11212,2,2
2019-10-23 16:00:46.894,11211,11212,11212,5,5
2019-10-23 16:00:47.406,11212,11213,11213,20,20
2019-10-23 16:00:56.780,11213,11214,11213,3,-3
2019-10-23 16:00:59.537,11213,11214,11214,3,3
2019-10-23 16:00:59.663,11213,11214,11214,5,5
2019-10-23 16:00:59.663,11213,11214,11214,5,5
2019-10-23 16:01:00.066,11213,11214,11214,2,2
2019-10-23 16:01:00.080,11213,11214,11214,5,5
2019-10-23 16:01:00.143,11213,11214,11214,3,3
2019-10-23 16:01:00.143,11213,11214,11214,3,3
2019-10-23 16:01:00.153,11213,11214,11214,3,3
2019-10-23 16:01:00.218,11213,11214,11214,3,3
2019-10-23 16:01:00.228,11213,11214,11214,2,2
2019-10-23 16:01:00.269,11213,11214,11214,1,1
2019-10-23 16:01:02.334,11213,11214,11214,4,4
2019-10-23 16:01:02.394,11213,11214,11214,2,2
2019-10-23 16:01:03.265,11214,11215,11215,1,1
2019-10-23 16:01:03.288,11214,11215,11215,7,7
2019-10-23 16:01:03.289,11214,11215,11215,1,1
2019-10-23 16:01:03.321,11214,11215,11215,1,1
2019-10-23 16:01:03.395,11214,11215,11215,2,2
2019-10-23 16:01:03.418,11214,11215,11215,1,1
2019-10-23 16:01:03.432,11214,11215,11215,1,1
2019-10-23 16:01:03.432,11214,11215,11215,1,1
2019-10-23 16:01:03.770,11214,11215,11215,74,74
2019-10-23 16:01:03.797,11214,11215,11214,1,-1
2019-10-23 16:01:03.894,11214,11216,11216,4,4
2019-10-23 16:01:03.894,11214,11216,11216,1,1
2019-10-23 16:01:04.087,11215,11216,11216,4,4
2019-10-23 16:01:04.197,11215,11216,11216,1,1
2019-10-23 16:01:04.211,11215,11216,11216,2,2
2019-10-23 16:01:04.435,11215,11216,11215,10,-10
2019-10-23 16:01:04.799,11215,11216,11216,1,1
2019-10-23 16:01:04.851,11215,11216,11216,1,1
2019-10-23 16:01:04.857,11215,11216,11215,1,-1
2019-10-23 16:01:04.861,11215,11216,11216,1,1
2019-10-23 16:01:04.941,11215,11216,11216,1,1
2019-10-23 16:01:05.148,11215,11216,11215,3,-3
2019-10-23 16:01:06.882,11215,11216,11216,1,1
2019-10-23 16:01:06.902,11215,11216,11216,1,1
2019-10-23 16:01:07.638,11215,11216,11215,1,-1
2019-10-23 16:01:08.501,11215,11216,11216,49,49
2019-10-23 16:01:10.330,11216,11217,11216,1,-1
2019-10-23 16:01:10.995,11216,11217,11216,1,-1
2019-10-23 16:01:15.360,11216,11217,11216,3,-3
2019-10-23 16:01:15.395,11216,11217,11216,2,-2
2019-10-23 16:01:16.518,11215,11217,11217,1,1
2019-10-23 16:01:16.532,11215,11217,11217,5,5
2019-10-23 16:01:16.547,11215,11217,11217,1,1
2019-10-23 16:01:16.570,11215,11217,11217,1,1
2019-10-23 16:01:16.634,11215,11217,11217,1,1
2019-10-23 16:01:16.694,11216,11217,11217,2,2
2019-10-23 16:01:16.804,11216,11217,11217,1,1
2019-10-23 16:01:17.089,11216,11217,11217,3,3
2019-10-23 16:01:20.321,11216,11217,11216,10,-10
2019-10-23 16:01:20.394,11216,11217,11216,1,-1
2019-10-23 16:01:22.921,11216,11217,11217,1,1
2019-10-23 16:01:25.255,11216,11217,11216,1,-1
2019-10-23 16:01:27.907,11215,11216,11216,1,1
2019-10-23 16:01:32.333,11215,11216,11215,28,-28
2019-10-23 16:01:32.872,11214,11215,11215,1,1
2019-10-23 16:01:33.051,11214,11215,11215,3,3
2019-10-23 16:01:33.772,11215,11216,11216,3,3
2019-10-23 16:01:34.604,11215,11216,11215,1,-1
2019-10-23 16:01:36.168,11215,11216,11216,3,3
2019-10-23 16:01:38.299,11215,11216,11216,2,2
2019-10-23 16:01:38.899,11215,11217,11217,2,2
2019-10-23 16:01:39.436,11215,11217,11217,1,1
2019-10-23 16:01:39.603,11215,11217,11217,1,1
2019-10-23 16:01:40.652,11215,11217,11215,1,-1
2019-10-23 16:01:42.678,11216,11217,11216,3,3
2019-10-23 16:01:46.246,11215,11216,11215,1,-1
2019-10-23 16:01:53.460,11215,11216,11216,2,2
2019-10-23 16:01:55.934,11215,11216,11216,1,1
2019-10-23 16:01:57.608,11215,11216,11216,9,9
2019-10-23 16:01:57.809,11215,11216,11216,2,2
2019-10-23 16:02:00.279,11215,11216,11216,3,3
2019-10-23 16:02:00.544,11215,11216,11215,7,-7
2019-10-23 16:02:01.181,11215,11216,11215,7,-7
2019-10-23 16:02:02.519,11215,11216,11216,1,1
2019-10-23 16:02:03.019,11216,11217,11216,2,-2
2019-10-23 16:02:03.144,11216,11217,11216,2,-2
2019-10-23 16:02:03.269,11216,11217,11216,2,-2
2019-10-23 16:02:05.089,11215,11216,11215,6,-6
2019-10-23 16:02:05.239,11215,11216,11216,3,3
2019-10-23 16:02:05.912,11215,11216,11216,1,1
2019-10-23 16:02:07.610,11215,11216,11216,2,2
2019-10-23 16:02:08.438,11215,11216,11215,3,-3
2019-10-23 16:02:09.824,11215,11216,11215,4,-4
2019-10-23 16:02:10.447,11215,11216,11216,3,3
2019-10-23 16:02:10.951,11216,11217,11217,3,3
2019-10-23 16:02:13.785,11216,11217,11217,14,14
2019-10-23 16:02:13.894,11216,11217,11217,4,4
2019-10-23 16:02:14.903,11216,11217,11216,5,-5
2019-10-23 16:02:14.940,11216,11217,11217,1,1
2019-10-23 16:02:17.597,11216,11217,11217,4,4
2019-10-23 16:02:17.841,11216,11217,11217,2,2
2019-10-23 16:02:18.938,11216,11217,11217,2,2
2019-10-23 16:02:19.008,11216,11217,11217,2,2
2019-10-23 16:02:20.483,11216,11217,11217,1,1
2019-10-23 16:02:20.530,11216,11217,11216,2,-2
2019-10-23 16:02:20.776,11216,11217,11217,1,1
2019-10-23 16:02:22.000,11216,11217,11216,2,-2
2019-10-23 16:02:22.036,11216,11217,11216,2,-2
2019-10-23 16:02:22.600,11216,11217,11217,1,1
2019-10-23 16:02:23.986,11216,11217,11217,1,1
2019-10-23 16:02:24.428,11216,11217,11216,1,-1
2019-10-23 16:02:25.171,11216,11217,11216,1,-1
2019-10-23 16:02:29.511,11216,11217,11216,2,-2
2019-10-23 16:02:33.791,11216,11217,11216,1,-1
2019-10-23 16:02:37.213,11216,11217,11216,1,-1
2019-10-23 16:02:38.123,11216,11217,11217,4,4
2019-10-23 16:02:47.082,11216,11217,11217,9,9
2019-10-23 16:02:52.294,11216,11217,11217,1,1
2019-10-23 16:02:52.544,11216,11217,11217,2,2
2019-10-23 16:02:53.060,11216,11217,11217,1,1
2019-10-23 16:02:54.477,11216,11217,11217,2,2
2019-10-23 16:02:59.621,11216,11217,11217,1,1
2019-10-23 16:03:03.291,11216,11217,11217,7,7
2019-10-23 16:03:03.575,11217,11218,11218,3,3
2019-10-23 16:03:03.928,11217,11218,11218,1,1
2019-10-23 16:03:04.312,11217,11218,11218,1,1
2019-10-23 16:03:04.537,11217,11218,11217,3,-3
2019-10-23 16:03:05.810,11217,11218,11218,41,41
2019-10-23 16:03:07.169,11218,11219,11218,1,-1
2019-10-23 16:03:07.467,11218,11219,11218,1,-1
2019-10-23 16:03:12.933,11218,11219,11218,1,-1
2019-10-23 16:03:13.566,11218,11219,11218,3,-3
2019-10-23 16:03:13.566,11218,11219,11217,2,-2
2019-10-23 16:03:14.313,11217,11218,11218,6,6
2019-10-23 16:03:15.409,11217,11218,11218,1,1
2019-10-23 16:03:18.743,11217,11218,11218,1,1
2019-10-23 16:03:18.873,11217,11218,11218,1,1
2019-10-23 16:03:20.694,11217,11218,11218,1,1
2019-10-23 16:03:23.957,11217,11218,11218,1,1
2019-10-23 16:03:24.166,11217,11218,11218,5,5
2019-10-23 16:03:24.219,11217,11218,11218,2,2
2019-10-23 16:03:24.231,11217,11218,11218,1,1
2019-10-23 16:03:26.727,11217,11218,11217,1,-1
2019-10-23 16:03:28.210,11217,11218,11217,2,-2
2019-10-23 16:03:28.329,11217,11218,11217,8,-8
2019-10-23 16:03:39.914,11216,11217,11216,1,-1
2019-10-23 16:03:58.076,11216,11217,11216,1,-1
2019-10-23 16:03:58.144,11216,11217,11216,15,-15
2019-10-23 16:03:59.896,11216,11217,11216,1,-1
2019-10-23 16:04:00.403,11216,11217,11216,2,-2
2019-10-23 16:04:01.239,11216,11217,11216,1,-1
2019-10-23 16:04:02.354,11215,11216,11216,1,1
2019-10-23 16:04:02.542,11215,11216,11216,1,1
2019-10-23 16:04:05.578,11216,11217,11217,3,3
2019-10-23 16:04:06.223,11216,11217,11217,3,3
2019-10-23 16:04:06.890,11216,11217,11217,2,2
2019-10-23 16:04:07.470,11216,11217,11217,2,2
2019-10-23 16:04:11.686,11216,11217,11217,1,1
2019-10-23 16:04:13.346,11216,11217,11217,1,1
2019-10-23 16:04:13.594,11216,11217,11217,1,1
2019-10-23 16:04:18.695,11216,11217,11217,21,21
2019-10-23 16:04:19.332,11217,11218,11217,1,-1
2019-10-23 16:04:19.641,11217,11218,11218,5,5
2019-10-23 16:04:24.747,11217,11218,11218,6,6
2019-10-23 16:04:24.747,11217,11218,11218,4,4
2019-10-23 16:04:27.667,11217,11218,11218,1,1
2019-10-23 16:04:35.870,11218,11219,11218,1,-1
2019-10-23 16:04:37.293,11218,11219,11218,1,-1
2019-10-23 16:04:37.404,11218,11219,11218,2,-2
2019-10-23 16:04:51.215,11217,11218,11218,1,1
2019-10-23 16:04:54.287,11217,11218,11218,4,4
2019-10-23 16:04:55.298,11217,11218,11218,3,3
2019-10-23 16:05:00.110,11217,11218,11218,5,5
2019-10-23 16:05:00.861,11217,11218,11218,1,1
2019-10-23 16:05:01.202,11217,11218,11218,1,1
2019-10-23 16:05:07.401,11217,11218,11218,2,2
2019-10-23 16:05:07.691,11217,11218,11218,3,3
2019-10-23 16:05:15.127,11217,11218,11218,5,5
2019-10-23 16:05:19.523,11217,11218,11218,1,1
2019-10-23 16:05:34.091,11217,11218,11218,1,1
2019-10-23 16:05:39.366,11217,11218,11218,1,1
2019-10-23 16:06:02.326,11217,11218,11218,2,2
2019-10-23 16:06:03.301,11217,11218,11218,3,3
2019-10-23 16:06:04.410,11217,11218,11218,6,6
2019-10-23 16:06:11.752,11217,11218,11218,2,2
2019-10-23 16:06:14.191,11217,11218,11218,1,1
2019-10-23 16:06:17.556,11217,11218,11218,6,6
2019-10-23 16:06:20.383,11217,11218,11218,1,1
2019-10-23 16:06:20.429,11217,11218,11218,2,2
2019-10-23 16:06:21.445,11217,11218,11218,7,7
2019-10-23 16:06:21.446,11217,11218,11218,7,7
2019-10-23 16:06:22.200,11218,11219,11218,1,-1
2019-10-23 16:06:26.870,11218,11219,11218,1,-1
2019-10-23 16:06:28.943,11218,11219,11218,1,-1
2019-10-23 16:06:31.058,11218,11219,11218,2,-2
2019-10-23 16:06:31.569,11218,11219,11218,1,-1
2019-10-23 16:06:35.208,11218,11219,11218,1,-1
2019-10-23 16:06:38.608,11218,11219,11219,1,1
2019-10-23 16:06:38.784,11218,11219,11219,1,1
2019-10-23 16:06:38.835,11218,11219,11219,1,1
2019-10-23 16:06:38.897,11218,11219,11219,1,1
2019-10-23 16:06:39.244,11218,11219,11219,1,1
2019-10-23 16:06:44.466,11218,11219,11218,1,-1
2019-10-23 16:07:02.257,11218,11219,11218,1,-1
2019-10-23 16:07:11.858,11218,11219,11218,1,-1
2019-10-23 16:07:25.649,11218,11219,11218,1,-1
2019-10-23 16:07:29.505,11218,11219,11219,10,10
2019-10-23 16:07:42.071,11218,11219,11219,1,1
2019-10-23 16:07:54.018,11218,11219,11219,1,1
2019-10-23 16:07:54.019,11218,11219,11219,4,4
2019-10-23 16:07:55.699,11218,11219,11219,1,1
2019-10-23 16:07:56.042,11218,11219,11219,1,1
2019-10-23 16:07:58.766,11218,11219,11219,1,1
2019-10-23 16:08:00.331,11218,11219,11219,1,1
2019-10-23 16:08:01.146,11218,11219,11219,1,1
2019-10-23 16:08:02.385,11218,11219,11219,2,2
2019-10-23 16:08:03.245,11218,11219,11219,1,1
2019-10-23 16:08:03.293,11218,11219,11219,3,3
2019-10-23 16:08:03.293,11218,11219,11219,1,1
2019-10-23 16:08:03.293,11218,11219,11219,4,4
2019-10-23 16:08:03.293,11218,11219,11219,7,7
2019-10-23 16:08:03.293,11218,11219,11219,8,8
2019-10-23 16:08:03.394,11218,11219,11219,14,14
2019-10-23 16:08:03.741,11219,11220,11220,1,1
2019-10-23 16:08:03.775,11219,11220,11220,1,1
2019-10-23 16:08:03.802,11219,11220,11220,2,2
2019-10-23 16:08:03.956,11219,11220,11220,4,4
2019-10-23 16:08:03.960,11219,11220,11220,4,4
2019-10-23 16:08:03.976,11219,11220,11220,1,1
2019-10-23 16:08:03.982,11219,11220,11220,4,4
2019-10-23 16:08:04.010,11219,11220,11220,4,4
2019-10-23 16:08:04.029,11219,11220,11220,4,4
2019-10-23 16:08:04.029,11219,11220,11220,10,10
2019-10-23 16:08:04.038,11219,11220,11220,1,1
2019-10-23 16:08:04.056,11219,11220,11220,1,1
2019-10-23 16:08:04.081,11219,11220,11220,4,4
2019-10-23 16:08:04.105,11219,11220,11220,4,4
2019-10-23 16:08:04.170,11219,11220,11220,10,10
2019-10-23 16:08:04.182,11219,11220,11220,4,4
2019-10-23 16:08:04.241,11219,11220,11220,4,4
2019-10-23 16:08:04.269,11219,11220,11220,2,2
2019-10-23 16:08:04.269,11219,11220,11220,2,2
2019-10-23 16:08:04.280,11219,11220,11220,10,10
2019-10-23 16:08:04.347,11219,11220,11220,2,2
2019-10-23 16:08:04.366,11219,11220,11220,2,2
2019-10-23 16:08:04.385,11219,11220,11220,4,4
2019-10-23 16:08:04.388,11219,11220,11220,2,2
2019-10-23 16:08:04.394,11219,11220,11220,10,10
2019-10-23 16:08:04.394,11219,11220,11220,1,1
2019-10-23 16:08:04.413,11219,11220,11220,4,4
2019-10-23 16:08:04.421,11219,11220,11220,10,10
2019-10-23 16:08:04.436,11219,11220,11220,1,1
2019-10-23 16:08:04.466,11219,11220,11220,4,4
2019-10-23 16:08:04.491,11219,11220,11220,4,4
2019-10-23 16:08:04.964,11220,11221,11220,1,-1
2019-10-23 16:08:05.537,11220,11221,11220,1,-1
2019-10-23 16:08:08.972,11219,11220,11220,1,1
2019-10-23 16:08:13.064,11219,11220,11219,1,-1
2019-10-23 16:08:13.695,11219,11220,11220,1,1
2019-10-23 16:08:15.099,11219,11220,11220,1,1
2019-10-23 16:08:16.767,11219,11220,11220,1,1
2019-10-23 16:08:17.060,11219,11220,11220,1,1
2019-10-23 16:08:18.934,11219,11220,11220,1,1
2019-10-23 16:08:19.424,11219,11220,11220,1,1
2019-10-23 16:08:19.920,11219,11220,11220,1,1
2019-10-23 16:08:20.142,11219,11220,11220,1,1
2019-10-23 16:08:21.485,11219,11220,11220,1,1
2019-10-23 16:08:22.705,11219,11220,11220,1,1
2019-10-23 16:08:22.786,11219,11220,11220,1,1
2019-10-23 16:08:24.543,11219,11220,11220,1,1
2019-10-23 16:08:31.535,11219,11220,11220,1,1
2019-10-23 16:08:32.210,11219,11220,11220,1,1
2019-10-23 16:08:34.493,11219,11220,11220,1,1
2019-10-23 16:08:35.240,11219,11220,11220,1,1
2019-10-23 16:08:35.555,11219,11220,11220,2,2
2019-10-23 16:08:39.441,11219,11220,11220,2,2
2019-10-23 16:08:40.461,11219,11220,11220,1,1
2019-10-23 16:08:42.817,11219,11220,11220,1,1
2019-10-23 16:08:45.719,11219,11220,11220,1,1
2019-10-23 16:08:48.220,11219,11220,11220,6,6
2019-10-23 16:08:51.788,11220,11221,11221,1,1
2019-10-23 16:08:52.078,11220,11221,11221,1,1
2019-10-23 16:08:52.086,11220,11221,11221,1,1
2019-10-23 16:08:52.140,11220,11221,11221,1,1
2019-10-23 16:08:52.372,11220,11221,11221,2,2
2019-10-23 16:08:56.102,11220,11221,11220,1,-1
2019-10-23 16:08:58.045,11220,11221,11220,3,-3
2019-10-23 16:09:00.787,11220,11221,11221,2,2
2019-10-23 16:09:01.321,11220,11221,11220,3,-3
2019-10-23 16:09:02.069,11220,11221,11221,1,1
2019-10-23 16:09:03.240,11220,11221,11220,3,-3
2019-10-23 16:09:03.307,11220,11221,11221,1,1
2019-10-23 16:09:03.463,11220,11221,11220,1,-1
2019-10-23 16:09:04.857,11220,11221,11221,1,1
2019-10-23 16:09:05.654,11220,11221,11221,1,1
2019-10-23 16:09:07.873,11220,11221,11221,1,1
2019-10-23 16:09:08.470,11220,11221,11221,2,2
2019-10-23 16:09:09.929,11220,11221,11220,1,-1
2019-10-23 16:09:09.961,11220,11221,11221,1,1
2019-10-23 16:09:13.780,11220,11221,11221,2,2
2019-10-23 16:09:15.409,11220,11221,11221,1,1
2019-10-23 16:09:15.425,11220,11221,11221,1,1
2019-10-23 16:09:15.504,11220,11221,11221,1,1
2019-10-23 16:09:16.483,11220,11221,11221,1,1
2019-10-23 16:09:17.656,11220,11221,11221,2,2
2019-10-23 16:09:24.189,11220,11221,11221,1,1
2019-10-23 16:09:27.711,11220,11221,11220,1,-1
2019-10-23 16:09:27.858,11220,11221,11220,18,-18
2019-10-23 16:09:27.858,11220,11221,11220,1,-1
2019-10-23 16:09:27.859,11220,11221,11220,3,-3
2019-10-23 16:09:27.859,11220,11221,11220,2,-2
2019-10-23 16:09:27.860,11220,11221,11220,4,-4
2019-10-23 16:09:27.863,11220,11221,11220,4,-4
2019-10-23 16:09:27.867,11220,11221,11220,19,-19
2019-10-23 16:09:28.704,11219,11220,11220,1,1
2019-10-23 16:09:29.800,11219,11220,11220,1,1
2019-10-23 16:09:30.870,11219,11220,11220,1,1
2019-10-23 16:09:31.979,11219,11220,11220,1,1
2019-10-23 16:09:34.013,11219,11220,11220,3,3
2019-10-23 16:09:37.388,11219,11220,11219,2,-2
2019-10-23 16:09:38.131,11219,11220,11219,5,-5
2019-10-23 16:09:38.144,11219,11220,11219,5,-5
2019-10-23 16:09:39.511,11218,11219,11219,4,4
2019-10-23 16:09:39.519,11218,11219,11219,1,1
2019-10-23 16:09:43.719,11219,11220,11219,1,-1
2019-10-23 16:09:55.769,11219,11220,11219,1,-1
2019-10-23 16:09:56.369,11219,11220,11219,1,-1
2019-10-23 16:09:56.476,11219,11220,11220,2,2
2019-10-23 16:09:57.145,11219,11220,11219,1,-1
2019-10-23 16:09:59.907,11219,11220,11220,1,1
2019-10-23 16:10:02.778,11219,11220,11219,1,-1
2019-10-23 16:10:02.969,11219,11220,11220,1,1
2019-10-23 16:10:20.394,11219,11220,11219,3,-3
2019-10-23 16:10:20.519,11219,11220,11219,6,-6
2019-10-23 16:10:20.644,11219,11220,11219,3,-3
2019-10-23 16:10:21.638,11218,11220,11220,7,7
2019-10-23 16:10:33.977,11218,11219,11219,1,1
2019-10-23 16:10:40.704,11218,11219,11219,1,1
2019-10-23 16:10:54.328,11218,11219,11219,2,2
2019-10-23 16:11:04.369,11218,11219,11219,1,1
2019-10-23 16:11:09.214,11218,11219,11218,2,-2
2019-10-23 16:11:09.290,11218,11219,11218,2,-2
2019-10-23 16:11:15.564,11218,11219,11218,1,-1
2019-10-23 16:11:15.587,11218,11219,11218,1,-1
2019-10-23 16:11:15.593,11218,11219,11218,2,-2
2019-10-23 16:11:15.620,11218,11219,11218,3,-3
2019-10-23 16:11:15.644,11218,11219,11218,8,-8
2019-10-23 16:11:15.644,11218,11219,11218,8,-8
2019-10-23 16:11:19.805,11217,11218,11218,1,1
2019-10-23 16:11:22.243,11217,11218,11217,1,-1
2019-10-23 16:11:22.874,11217,11218,11217,3,-3
2019-10-23 16:11:24.046,11217,11218,11218,1,1
2019-10-23 16:11:33.429,11217,11218,11217,1,-1
2019-10-23 16:11:37.277,11217,11218,11218,1,1
2019-10-23 16:11:46.986,11217,11218,11217,1,-1
2019-10-23 16:11:47.714,11217,11218,11218,3,3
2019-10-23 16:11:53.214,11217,11218,11218,1,1
2019-10-23 16:11:58.543,11217,11218,11217,1,-1
2019-10-23 16:12:02.216,11217,11218,11218,5,5
2019-10-23 16:12:04.189,11217,11218,11218,9,9
2019-10-23 16:12:10.338,11217,11218,11218,1,1
2019-10-23 16:12:12.159,11218,11219,11218,1,-1
2019-10-23 16:12:16.976,11217,11218,11218,2,2
2019-10-23 16:12:20.843,11217,11218,11218,1,1
2019-10-23 16:12:22.672,11217,11218,11218,1,1
2019-10-23 16:12:25.865,11217,11218,11217,20,-20
2019-10-23 16:12:27.865,11217,11218,11218,2,2
2019-10-23 16:12:37.584,11217,11218,11218,1,1
2019-10-23 16:12:39.518,11217,11218,11218,9,9
2019-10-23 16:12:41.110,11218,11219,11218,3,-3
2019-10-23 16:12:46.257,11218,11219,11219,1,1
2019-10-23 16:13:00.198,11218,11219,11218,1,-1
2019-10-23 16:13:06.350,11218,11219,11218,1,-1
2019-10-23 16:13:11.269,11218,11219,11218,2,-2
2019-10-23 16:13:11.394,11218,11219,11218,6,-6
2019-10-23 16:13:11.394,11218,11219,11218,1,-1
2019-10-23 16:13:11.394,11218,11219,11218,12,-12
2019-10-23 16:13:14.468,11217,11218,11218,1,1
2019-10-23 16:13:20.825,11217,11218,11218,1,1
2019-10-23 16:14:00.201,11217,11218,11217,1,-1
2019-10-23 16:14:00.826,11217,11218,11218,2,2
2019-10-23 16:14:01.372,11217,11218,11217,3,-3
2019-10-23 16:14:08.315,11217,11218,11217,1,-1
2019-10-23 16:14:09.540,11217,11218,11217,1,-1
2019-10-23 16:14:52.304,11217,11218,11217,1,-1
2019-10-23 16:14:54.808,11217,11218,11217,3,-3
2019-10-23 16:15:03.483,11217,11218,11217,1,-1
2019-10-23 16:15:04.429,11217,11218,11218,2,2
2019-10-23 16:15:05.132,11217,11218,11218,1,1
2019-10-23 16:15:16.750,11217,11218,11218,11,11
2019-10-23 16:15:16.769,11217,11218,11218,2,2
2019-10-23 16:15:17.251,11218,11219,11218,1,-1
2019-10-23 16:15:38.489,11217,11218,11218,1,1
2019-10-23 16:15:42.363,11217,11218,11217,1,-1
2019-10-23 16:15:42.888,11217,11218,11218,4,4
2019-10-23 16:15:42.888,11217,11218,11218,3,3
2019-10-23 16:15:47.393,11218,11219,11218,1,-1
2019-10-23 16:16:07.388,11218,11219,11218,1,-1
2019-10-23 16:16:19.704,11218,11219,11218,6,-6
2019-10-23 16:16:19.704,11218,11219,11218,1,-1
2019-10-23 16:16:19.704,11218,11219,11218,3,-3
2019-10-23 16:16:19.704,11218,11219,11218,4,-4
2019-10-23 16:16:55.468,11217,11218,11218,8,8
2019-10-23 16:16:57.728,11217,11218,11218,1,1
2019-10-23 16:17:13.475,11217,11218,11218,1,1
2019-10-23 16:17:33.798,11217,11218,11218,1,1
2019-10-23 16:18:56.644,11217,11218,11217,5,-5
2019-10-23 16:18:56.769,11217,11218,11217,13,-13
2019-10-23 16:19:05.069,11216,11217,11217,1,1
2019-10-23 16:19:09.853,11216,11217,11217,1,1
2019-10-23 16:19:22.327,11216,11217,11217,5,5
2019-10-23 16:19:37.799,11216,11217,11216,1,-1
2019-10-23 16:19:44.709,11216,11217,11217,3,3
2019-10-23 16:19:44.828,11216,11217,11216,4,-4
2019-10-23 16:19:49.507,11216,11217,11216,6,-6
2019-10-23 16:19:49.519,11216,11217,11216,2,-2
2019-10-23 16:19:49.519,11216,11217,11216,2,-2
2019-10-23 16:19:50.278,11215,11216,11215,1,-1
2019-10-23 16:19:50.537,11215,11216,11215,2,-2
2019-10-23 16:19:50.669,11215,11216,11215,2,-2
2019-10-23 16:19:52.414,11215,11216,11215,3,-3
2019-10-23 16:19:52.512,11215,11216,11215,3,-3
2019-10-23 16:19:52.519,11215,11216,11215,2,-2
2019-10-23 16:19:52.519,11215,11216,11215,3,-3
2019-10-23 16:19:52.522,11215,11216,11215,3,-3
2019-10-23 16:19:52.536,11215,11216,11215,2,-2
2019-10-23 16:19:52.698,11215,11216,11215,5,-5
2019-10-23 16:19:53.113,11214,11215,11214,3,-3
2019-10-23 16:19:53.296,11214,11215,11214,1,-1
2019-10-23 16:19:54.402,11214,11215,11214,2,-2
2019-10-23 16:19:55.310,11214,11215,11214,1,-1
2019-10-23 16:19:55.669,11214,11215,11215,3,3
2019-10-23 16:19:56.587,11214,11215,11215,1,1
2019-10-23 16:19:58.806,11214,11215,11214,2,-2
2019-10-23 16:20:02.305,11214,11215,11214,1,-1
2019-10-23 16:20:02.616,11214,11215,11214,2,-2
2019-10-23 16:20:03.589,11214,11215,11214,2,-2
2019-10-23 16:20:03.776,11214,11215,11214,1,-1
2019-10-23 16:20:04.986,11214,11215,11215,3,3
2019-10-23 16:20:13.997,11214,11215,11215,1,1
2019-10-23 16:20:14.503,11214,11215,11215,1,1
2019-10-23 16:20:14.971,11214,11215,11215,1,1
2019-10-23 16:20:15.407,11214,11216,11214,6,-6
2019-10-23 16:20:20.404,11215,11216,11215,2,2
2019-10-23 16:20:24.704,11215,11216,11215,2,-2
2019-10-23 16:20:34.870,11215,11216,11215,2,-2
2019-10-23 16:20:35.345,11215,11216,11215,2,-2
2019-10-23 16:20:35.658,11215,11216,11215,2,-2
2019-10-23 16:20:37.473,11215,11216,11215,2,-2
2019-10-23 16:20:38.139,11215,11216,11215,1,-1
2019-10-23 16:20:39.528,11215,11216,11215,1,-1
2019-10-23 16:20:40.375,11215,11216,11215,1,-1
2019-10-23 16:20:41.210,11215,11216,11215,1,-1
2019-10-23 16:20:46.748,11215,11216,11215,2,-2
2019-10-23 16:20:47.406,11215,11216,11215,1,-1
2019-10-23 16:20:47.601,11214,11215,11215,1,1
2019-10-23 16:20:47.601,11214,11215,11216,2,2
2019-10-23 16:20:48.244,11214,11215,11215,1,1
2019-10-23 16:20:50.634,11214,11215,11215,1,1
2019-10-23 16:21:01.698,11214,11215,11215,1,1
2019-10-23 16:21:02.432,11214,11215,11214,1,-1
2019-10-23 16:21:03.215,11214,11215,11214,1,-1
2019-10-23 16:21:04.725,11214,11215,11214,1,-1
2019-10-23 16:21:10.958,11214,11215,11215,1,1
2019-10-23 16:21:18.099,11214,11215,11215,1,1
2019-10-23 16:21:18.863,11214,11215,11215,2,2
2019-10-23 16:21:33.617,11214,11215,11214,1,-1
2019-10-23 16:21:35.464,11214,11215,11215,2,2
2019-10-23 16:21:41.126,11214,11215,11215,3,3
2019-10-23 16:21:43.859,11214,11215,11214,1,-1
2019-10-23 16:21:50.023,11214,11215,11215,3,3
2019-10-23 16:21:52.796,11214,11215,11214,1,-1
2019-10-23 16:22:10.472,11214,11215,11215,2,2
2019-10-23 16:22:18.224,11215,11216,11215,1,-1
2019-10-23 16:22:18.443,11214,11215,11215,1,1
2019-10-23 16:22:29.083,11215,11216,11215,1,-1
2019-10-23 16:22:37.021,11215,11216,11215,2,-2
2019-10-23 16:22:49.524,11215,11216,11216,2,2
2019-10-23 16:22:50.383,11215,11216,11216,6,6
2019-10-23 16:22:57.109,11216,11217,11216,1,-1
2019-10-23 16:23:07.271,11216,11217,11217,1,1
2019-10-23 16:23:10.902,11216,11217,11216,2,-2
2019-10-23 16:23:24.447,11216,11217,11216,2,-2
2019-10-23 16:23:28.405,11216,11217,11216,1,-1
2019-10-23 16:23:29.206,11216,11217,11216,1,-1
2019-10-23 16:23:31.085,11215,11216,11216,1,1
2019-10-23 16:23:36.411,11216,11217,11216,1,-1
2019-10-23 16:23:52.464,11216,11217,11216,1,-1
2019-10-23 16:24:19.851,11216,11217,11216,1,-1
2019-10-23 16:24:23.196,11216,11217,11216,1,-1
2019-10-23 16:24:24.073,11216,11217,11216,1,-1
2019-10-23 16:24:25.125,11216,11217,11216,1,-1
2019-10-23 16:24:30.022,11216,11217,11216,3,-3
2019-10-23 16:24:30.022,11216,11217,11216,1,-1
2019-10-23 16:24:30.022,11216,11217,11216,1,-1
2019-10-23 16:24:30.438,11215,11216,11215,2,-2
2019-10-23 16:24:30.457,11215,11216,11215,1,-1
2019-10-23 16:24:30.479,11215,11216,11215,1,-1
2019-10-23 16:24:30.609,11215,11216,11215,3,-3
2019-10-23 16:24:31.152,11215,11216,11215,2,-2
2019-10-23 16:24:46.144,11215,11216,11216,4,4
2019-10-23 16:24:53.774,11216,11217,11216,1,-1
2019-10-23 16:25:10.430,11216,11217,11216,1,-1
2019-10-23 16:25:11.171,11216,11217,11216,1,-1
2019-10-23 16:25:11.428,11216,11217,11216,1,-1
2019-10-23 16:25:14.957,11216,11217,11216,1,-1
2019-10-23 16:25:15.005,11216,11217,11216,1,-1
2019-10-23 16:25:15.060,11216,11217,11216,1,-1
2019-10-23 16:25:18.175,11216,11217,11216,1,-1
2019-10-23 16:26:38.754,11216,11217,11217,1,1
2019-10-23 16:26:44.318,11216,11217,11217,1,1
2019-10-23 16:26:44.394,11216,11217,11217,5,5
2019-10-23 16:26:46.566,11217,11218,11217,1,-1
2019-10-23 16:27:02.071,11217,11218,11218,1,1
2019-10-23 16:27:02.654,11217,11218,11218,2,2
2019-10-23 16:27:03.061,11217,11218,11218,2,2
2019-10-23 16:27:03.144,11217,11218,11218,18,18
2019-10-23 16:27:03.144,11217,11218,11218,1,1
2019-10-23 16:27:03.269,11218,11219,11219,2,2
2019-10-23 16:27:10.889,11218,11219,11219,1,1
2019-10-23 16:27:52.013,11218,11219,11218,1,-1
2019-10-23 16:27:54.911,11218,11219,11218,1,-1
2019-10-23 16:27:56.138,11218,11219,11218,1,-1
2019-10-23 16:28:19.620,11218,11219,11218,1,-1
2019-10-23 16:28:19.896,11218,11219,11218,1,-1
2019-10-23 16:28:21.044,11218,11219,11218,1,-1
2019-10-23 16:28:25.799,11217,11218,11217,1,-1
2019-10-23 16:28:26.614,11217,11218,11217,1,-1
2019-10-23 16:28:38.675,11217,11218,11217,3,-3
2019-10-23 16:28:38.769,11217,11218,11217,1,-1
2019-10-23 16:28:43.175,11216,11217,11217,2,2
2019-10-23 16:28:43.269,11216,11217,11217,2,2
2019-10-23 16:28:48.158,11217,11218,11217,1,-1
2019-10-23 16:28:49.744,11216,11217,11217,1,1
2019-10-23 16:29:09.353,11217,11218,11217,1,-1
2019-10-23 16:29:19.269,11217,11218,11218,6,6
2019-10-23 16:29:19.394,11217,11218,11218,3,3
2019-10-23 16:29:30.413,11217,11218,11217,1,-1
2019-10-23 16:29:33.821,11217,11218,11218,2,2
2019-10-23 16:29:40.465,11217,11218,11218,1,1
2019-10-23 16:29:50.938,11217,11218,11218,1,1
2019-10-23 16:29:51.484,11217,11218,11217,2,-2
2019-10-23 16:29:51.760,11217,11218,11217,4,-4
2019-10-23 16:29:53.094,11216,11217,11217,1,1
2019-10-23 16:29:55.590,11216,11217,11217,1,1
2019-10-23 16:30:01.407,11216,11217,11217,1,1
2019-10-23 16:30:02.048,11216,11217,11217,1,1
2019-10-23 16:30:02.048,11216,11217,11217,1,1
2019-10-23 16:30:24.379,11217,11218,11217,1,-1
2019-10-23 16:30:29.072,11217,11218,11218,3,3
2019-10-23 16:31:17.946,11217,11218,11217,1,-1
2019-10-23 16:31:25.939,11217,11218,11217,2,-2
2019-10-23 16:31:38.453,11217,11218,11217,1,-1
2019-10-23 16:31:38.519,11217,11218,11217,2,-2
2019-10-23 16:31:38.644,11217,11218,11217,1,-1
2019-10-23 16:32:36.248,11216,11217,11216,1,-1
2019-10-23 16:32:46.020,11216,11217,11216,18,-18
2019-10-23 16:33:17.129,11215,11216,11215,3,-3
2019-10-23 16:33:24.652,11215,11216,11215,1,-1
2019-10-23 16:33:40.026,11215,11216,11215,1,-1
2019-10-23 16:33:40.726,11215,11216,11215,1,-1
2019-10-23 16:33:42.817,11215,11216,11215,1,-1
2019-10-23 16:34:07.226,11215,11216,11215,10,-10
2019-10-23 16:34:17.359,11214,11215,11214,1,-1
2019-10-23 16:34:17.480,11214,11215,11215,2,2
2019-10-23 16:34:17.480,11214,11215,11215,1,1
2019-10-23 16:34:38.606,11215,11216,11215,1,-1
2019-10-23 16:35:12.843,11215,11216,11216,1,1
2019-10-23 16:35:12.846,11215,11216,11216,3,3
2019-10-23 16:35:12.847,11215,11216,11216,2,2
2019-10-23 16:35:34.276,11216,11217,11217,1,1
2019-10-23 16:35:34.276,11216,11217,11217,1,1
2019-10-23 16:35:34.276,11216,11217,11217,1,1
2019-10-23 16:35:41.481,11216,11217,11217,5,5
2019-10-23 16:35:42.184,11216,11217,11217,1,1
2019-10-23 16:35:54.207,11216,11217,11217,1,1
2019-10-23 16:35:54.519,11216,11217,11217,1,1
2019-10-23 16:36:13.973,11216,11217,11216,1,-1
2019-10-23 16:36:17.019,11215,11216,11215,1,-1
2019-10-23 16:36:30.108,11215,11216,11216,1,1
2019-10-23 16:37:15.382,11216,11217,11216,1,-1
2019-10-23 16:37:21.643,11215,11216,11216,1,1
2019-10-23 16:37:39.953,11216,11217,11216,1,-1
2019-10-23 16:37:56.813,11215,11216,11216,1,1
2019-10-23 16:38:11.989,11215,11217,11217,10,10
2019-10-23 16:38:23.794,11216,11217,11216,1,-1
2019-10-23 16:38:40.685,11216,11217,11217,1,1
2019-10-23 16:39:24.895,11216,11217,11217,1,1
2019-10-23 16:39:36.644,11216,11217,11217,5,5
2019-10-23 16:39:36.769,11216,11217,11217,4,4
2019-10-23 16:39:44.192,11216,11218,11216,2,-2
2019-10-23 16:39:54.443,11216,11217,11216,1,-1
2019-10-23 16:39:58.378,11216,11217,11216,1,-1
2019-10-23 16:40:00.078,11216,11217,11216,1,-1
2019-10-23 16:40:17.620,11215,11216,11215,2,-2
2019-10-23 16:41:33.685,11215,11216,11216,3,3
2019-10-23 16:41:43.468,11216,11217,11217,1,1
2019-10-23 16:41:48.327,11216,11217,11216,1,-1
2019-10-23 16:42:02.507,11215,11217,11215,20,-20
2019-10-23 16:42:51.884,11215,11217,11217,1,1
2019-10-23 16:42:53.146,11215,11217,11215,1,-1
2019-10-23 16:43:05.008,11215,11216,11215,1,-1
2019-10-23 16:43:31.925,11215,11216,11216,1,1
2019-10-23 16:43:37.009,11215,11216,11215,1,-1
2019-10-23 16:43:45.656,11215,11216,11216,1,1
2019-10-23 16:44:28.740,11215,11216,11216,1,1
2019-10-23 16:44:38.507,11215,11216,11216,1,1
2019-10-23 16:44:41.395,11215,11216,11216,1,1
2019-10-23 16:44:45.058,11215,11216,11216,1,1
2019-10-23 16:45:01.510,11215,11216,11215,1,-1
2019-10-23 16:45:04.823,11215,11216,11216,2,2
2019-10-23 16:45:33.684,11215,11216,11216,1,1
2019-10-23 16:45:52.582,11215,11216,11216,1,1
2019-10-23 16:46:04.509,11215,11216,11215,1,-1
2019-10-23 16:46:04.869,11215,11216,11215,17,-17
2019-10-23 16:46:04.894,11215,11216,11215,2,-2
2019-10-23 16:46:36.290,11214,11215,11214,6,-6
2019-10-23 16:46:36.328,11214,11215,11214,1,-1
2019-10-23 16:46:37.263,11214,11215,11214,10,-10
2019-10-23 16:46:37.450,11214,11215,11215,2,2
2019-10-23 16:47:10.699,11214,11215,11215,1,1
2019-10-23 16:47:34.323,11214,11215,11215,5,5
2019-10-23 16:47:48.275,11214,11215,11215,1,1
2019-10-23 16:48:28.564,11214,11215,11214,3,-3
2019-10-23 16:48:28.564,11214,11215,11214,7,-7
2019-10-23 16:48:28.644,11213,11214,11214,3,3
2019-10-23 16:48:33.894,11213,11214,11214,2,2
2019-10-23 16:48:39.190,11214,11215,11214,1,-1
2019-10-23 16:49:14.432,11214,11215,11214,1,-1
2019-10-23 16:49:14.624,11214,11215,11214,3,-3
2019-10-23 16:49:17.936,11214,11215,11214,3,-3
2019-10-23 16:49:18.863,11214,11215,11214,3,-3
2019-10-23 16:49:21.008,11214,11215,11214,1,-1
2019-10-23 16:49:44.568,11214,11215,11214,2,-2
2019-10-23 16:49:51.231,11214,11215,11214,1,-1
2019-10-23 16:49:58.571,11214,11215,11214,1,-1
2019-10-23 16:50:09.561,11214,11215,11214,1,-1
2019-10-23 16:50:53.389,11214,11215,11214,1,-1
2019-10-23 16:50:55.846,11214,11215,11214,1,-1
2019-10-23 16:51:02.146,11214,11215,11214,1,-1
2019-10-23 16:51:33.722,11214,11215,11214,1,-1
2019-10-23 16:51:33.938,11214,11215,11215,1,1
2019-10-23 16:51:48.842,11214,11215,11215,1,1
2019-10-23 16:51:50.964,11214,11215,11215,1,1
2019-10-23 16:51:53.033,11214,11215,11215,3,3
2019-10-23 16:51:53.144,11214,11215,11215,5,5
2019-10-23 16:51:53.269,11214,11215,11215,1,1
2019-10-23 16:51:53.269,11214,11215,11215,1,1
2019-10-23 16:51:53.344,11214,11215,11215,1,1
2019-10-23 16:51:53.345,11214,11215,11215,2,2
2019-10-23 16:51:53.347,11214,11215,11215,2,2
2019-10-23 16:51:53.394,11214,11215,11215,9,9
2019-10-23 16:51:55.027,11215,11216,11215,1,-1
2019-10-23 16:52:10.665,11215,11216,11216,1,1
2019-10-23 16:52:14.849,11215,11216,11216,1,1
2019-10-23 16:52:37.495,11215,11216,11216,1,1
2019-10-23 16:52:42.634,11215,11216,11216,1,1
2019-10-23 16:52:50.187,11215,11216,11216,2,2
2019-10-23 16:52:50.269,11215,11216,11216,2,2
2019-10-23 16:52:50.269,11215,11216,11216,1,1
2019-10-23 16:52:56.401,11216,11217,11216,1,-1
2019-10-23 16:52:56.858,11216,11217,11216,2,-2
2019-10-23 16:53:02.244,11216,11217,11216,1,-1
2019-10-23 16:53:07.238,11216,11217,11216,1,-1
2019-10-23 16:53:12.718,11216,11217,11216,1,-1
2019-10-23 16:53:15.465,11216,11217,11217,1,1
2019-10-23 16:53:15.723,11216,11217,11217,1,1
2019-10-23 16:53:19.445,11216,11217,11216,1,-1
2019-10-23 16:53:33.106,11216,11217,11216,2,-2
2019-10-23 16:53:37.706,11215,11216,11216,1,1
2019-10-23 16:54:03.168,11215,11216,11216,1,1
2019-10-23 16:54:09.302,11215,11216,11216,1,1
2019-10-23 16:54:12.812,11215,11216,11216,1,1
2019-10-23 16:54:16.361,11215,11216,11216,1,1
2019-10-23 16:54:24.732,11215,11216,11216,1,1
2019-10-23 16:54:28.496,11216,11217,11217,1,1
2019-10-23 16:55:21.809,11216,11217,11216,1,-1
2019-10-23 16:59:33.802,11216,11217,11216,1,-1
2019-10-23 16:59:45.775,11216,11217,11216,1,-1
2019-10-23 16:59:47.671,11216,11217,11216,1,-1
2019-10-23 17:00:04.636,11216,11217,11217,16,16
2019-10-23 17:00:04.637,11216,11217,11217,15,15
2019-10-23 17:00:04.637,11216,11217,11217,4,4
2019-10-23 17:00:04.637,11216,11217,11217,1,1
2019-10-23 17:00:04.637,11216,11217,11217,3,3
2019-10-23 17:00:04.644,11216,11217,11217,1,1
2019-10-23 17:00:04.644,11216,11217,11217,2,2
2019-10-23 17:00:04.644,11216,11217,11217,2,2
2019-10-23 17:00:05.082,11217,11218,11218,1,1
2019-10-23 17:00:05.090,11217,11218,11217,3,-3
2019-10-23 17:00:05.090,11217,11218,11216,2,-2
2019-10-23 17:00:05.090,11217,11218,11216,5,-5
2019-10-23 17:00:05.149,11216,11218,11218,3,3
2019-10-23 17:00:05.186,11216,11218,11218,1,1
2019-10-23 17:00:05.221,11216,11218,11218,2,2
2019-10-23 17:00:05.468,11216,11218,11218,2,2
2019-10-23 17:00:05.712,11217,11218,11218,2,2
2019-10-23 17:00:05.835,11217,11218,11218,2,2
2019-10-23 17:00:32.901,11216,11217,11217,10,10
2019-10-23 17:00:46.894,11216,11217,11216,11,-11
2019-10-23 17:01:25.314,11215,11216,11215,1,-1
2019-10-23 17:01:37.894,11215,11216,11216,2,2
2019-10-23 17:01:38.144,11215,11216,11216,3,3
2019-10-23 17:01:38.394,11215,11216,11216,1,1
2019-10-23 17:01:51.642,11216,11217,11216,2,-2
2019-10-23 17:01:51.644,11215,11216,11216,1,1
2019-10-23 17:01:55.769,11215,11216,11216,2,2
2019-10-23 17:01:59.696,11215,11216,11216,1,1
2019-10-23 17:02:17.562,11215,11216,11215,1,-1
2019-10-23 17:02:19.076,11215,11216,11215,1,-1
2019-10-23 17:02:21.994,11215,11216,11215,1,-1
2019-10-23 17:02:54.849,11215,11216,11215,1,-1
2019-10-23 17:03:37.997,11215,11216,11215,1,-1
2019-10-23 17:03:41.232,11215,11216,11215,5,-5
2019-10-23 17:03:48.676,11214,11215,11215,1,1
2019-10-23 17:04:04.888,11214,11215,11215,1,1
2019-10-23 17:05:37.280,11215,11216,11216,9,9
2019-10-23 17:05:37.394,11215,11216,11216,1,1
2019-10-23 17:06:16.862,11216,11217,11217,2,2
2019-10-23 17:06:31.065,11216,11217,11217,1,1
2019-10-23 17:07:05.869,11216,11217,11217,1,1
2019-10-23 17:08:09.217,11216,11217,11216,2,-2
2019-10-23 17:08:19.068,11216,11217,11217,2,2
2019-10-23 17:08:29.800,11216,11217,11216,2,-2
2019-10-23 17:09:02.895,11216,11217,11217,5,5
2019-10-23 17:09:44.510,11216,11217,11217,1,1
2019-10-23 17:09:55.642,11216,11217,11217,1,1
2019-10-23 17:10:26.643,11216,11217,11216,8,-8
2019-10-23 17:10:47.449,11215,11216,11216,1,1
2019-10-23 17:10:55.167,11215,11216,11216,1,1
2019-10-23 17:11:02.307,11215,11216,11216,4,4
2019-10-23 17:11:37.447,11216,11217,11216,8,-8
2019-10-23 17:12:53.878,11215,11216,11216,1,1
2019-10-23 17:13:36.770,11215,11216,11216,1,1
2019-10-23 17:13:36.771,11215,11216,11216,1,1
2019-10-23 17:13:36.772,11215,11216,11216,2,2
2019-10-23 17:13:50.966,11216,11217,11217,5,5
2019-10-23 17:14:24.382,11216,11217,11217,1,1
2019-10-23 17:14:38.099,11216,11217,11217,4,4
2019-10-23 17:15:02.581,11216,11217,11217,8,8
2019-10-23 17:15:06.364,11216,11217,11217,1,1
2019-10-23 17:15:22.834,11216,11217,11217,1,1
2019-10-23 17:15:42.377,11216,11217,11216,1,-1
2019-10-23 17:15:54.554,11216,11217,11216,1,-1
2019-10-23 17:15:55.019,11216,11217,11216,1,-1
2019-10-23 17:17:13.873,11215,11216,11216,1,1
2019-10-23 17:17:17.070,11215,11216,11216,1,1
2019-10-23 17:18:57.878,11215,11216,11215,2,-2
2019-10-23 17:19:36.167,11215,11216,11216,1,1
2019-10-23 17:19:49.777,11215,11216,11216,1,1
2019-10-23 17:20:00.186,11215,11216,11215,2,-2
2019-10-23 17:20:30.975,11215,11216,11215,8,-8
2019-10-23 17:20:38.307,11215,11216,11215,4,-4
2019-10-23 17:21:04.723,11214,11215,11215,1,1
2019-10-23 17:21:42.372,11214,11215,11214,1,-1
2019-10-23 17:21:43.180,11214,11215,11214,1,-1
2019-10-23 17:21:46.091,11214,11215,11214,1,-1
2019-10-23 17:21:48.378,11214,11215,11214,1,-1
2019-10-23 17:22:04.827,11214,11215,11214,15,-15
2019-10-23 17:22:27.207,11214,11215,11214,1,-1
2019-10-23 17:22:32.768,11214,11215,11214,1,-1
2019-10-23 17:22:43.145,11214,11215,11214,1,-1
2019-10-23 17:24:17.466,11214,11215,11214,2,-2
2019-10-23 17:24:46.140,11214,11215,11214,1,-1
2019-10-23 17:24:46.375,11214,11215,11214,4,-4
2019-10-23 17:25:02.356,11214,11215,11214,17,-17
2019-10-23 17:25:15.030,11214,11215,11214,2,-2
2019-10-23 17:25:15.030,11214,11215,11213,3,-3
2019-10-23 17:25:15.321,11213,11215,11213,1,-1
2019-10-23 17:25:25.977,11213,11214,11213,1,-1
2019-10-23 17:25:31.577,11213,11214,11213,1,-1
2019-10-23 17:25:39.821,11213,11214,11214,3,3
2019-10-23 17:25:39.837,11213,11214,11213,1,-1
2019-10-23 17:26:01.627,11213,11214,11213,1,-1
2019-10-23 17:26:22.425,11213,11214,11213,1,-1
2019-10-23 17:26:26.959,11213,11214,11213,1,-1
2019-10-23 17:26:28.572,11213,11214,11213,1,-1
2019-10-23 17:26:29.896,11213,11214,11213,1,-1
2019-10-23 17:26:30.019,11213,11214,11213,1,-1
2019-10-23 17:26:33.534,11213,11214,11213,1,-1
2019-10-23 17:26:37.572,11213,11214,11213,5,-5
2019-10-23 17:26:37.670,11213,11214,11213,1,-1
2019-10-23 17:26:37.670,11213,11214,11213,1,-1
2019-10-23 17:26:37.671,11213,11214,11213,2,-2
2019-10-23 17:26:37.671,11213,11214,11213,1,-1
2019-10-23 17:26:37.677,11213,11214,11213,3,-3
2019-10-23 17:26:43.384,11212,11213,11212,1,-1
2019-10-23 17:26:43.701,11212,11213,11212,1,-1
2019-10-23 17:26:44.217,11212,11213,11212,3,-3
2019-10-23 17:26:46.945,11212,11213,11213,1,1
2019-10-23 17:26:49.817,11212,11213,11212,1,-1
2019-10-23 17:26:58.586,11212,11213,11213,2,2
2019-10-23 17:27:00.702,11212,11213,11212,1,-1
2019-10-23 17:27:00.737,11212,11213,11213,1,1
2019-10-23 17:27:03.123,11212,11213,11213,1,1
2019-10-23 17:27:03.334,11212,11213,11213,3,3
2019-10-23 17:27:03.337,11212,11213,11213,1,1
2019-10-23 17:27:03.361,11212,11213,11213,3,3
2019-10-23 17:27:03.379,11212,11213,11213,3,3
2019-10-23 17:27:03.395,11212,11213,11213,2,2
2019-10-23 17:27:03.413,11212,11213,11213,3,3
2019-10-23 17:27:03.519,11212,11213,11213,1,1
2019-10-23 17:27:03.552,11212,11213,11214,1,1
2019-10-23 17:27:03.567,11212,11213,11214,2,2
2019-10-23 17:27:03.580,11212,11213,11214,1,1
2019-10-23 17:27:03.580,11212,11213,11214,2,2
2019-10-23 17:27:03.598,11212,11213,11214,1,1
2019-10-23 17:27:03.599,11212,11213,11214,3,3
2019-10-23 17:27:03.727,11213,11214,11214,1,1
2019-10-23 17:27:03.738,11213,11214,11214,3,3
2019-10-23 17:27:03.742,11213,11214,11214,1,1
2019-10-23 17:27:03.836,11213,11214,11214,3,3
2019-10-23 17:27:03.837,11213,11214,11214,3,3
2019-10-23 17:27:03.860,11213,11214,11214,2,2
2019-10-23 17:27:03.861,11213,11214,11214,2,2
2019-10-23 17:27:03.878,11213,11214,11214,3,3
2019-10-23 17:27:03.878,11213,11214,11214,2,2
2019-10-23 17:27:03.882,11213,11214,11214,3,3
2019-10-23 17:27:03.894,11213,11214,11214,1,1
2019-10-23 17:27:03.903,11213,11214,11214,3,3
2019-10-23 17:27:03.920,11213,11214,11214,2,2
2019-10-23 17:27:03.920,11213,11214,11215,1,1
2019-10-23 17:27:03.924,11213,11214,11215,3,3
2019-10-23 17:27:03.941,11213,11214,11215,3,3
2019-10-23 17:27:04.584,11213,11215,11215,4,4
2019-10-23 17:27:04.934,11213,11215,11215,3,3
2019-10-23 17:27:04.937,11213,11215,11215,3,3
2019-10-23 17:27:04.937,11213,11215,11215,1,1
2019-10-23 17:27:04.937,11213,11215,11215,3,3
2019-10-23 17:27:04.937,11213,11215,11215,1,1
2019-10-23 17:27:04.940,11213,11215,11215,2,2
2019-10-23 17:27:04.941,11213,11215,11215,2,2
2019-10-23 17:27:04.941,11213,11215,11215,2,2
2019-10-23 17:27:04.941,11213,11215,11215,3,3
2019-10-23 17:27:04.944,11213,11215,11215,3,3
2019-10-23 17:27:04.944,11213,11215,11216,2,2
2019-10-23 17:27:04.944,11213,11215,11216,3,3
2019-10-23 17:27:04.944,11213,11215,11216,2,2
2019-10-23 17:27:04.944,11213,11215,11216,1,1
2019-10-23 17:27:04.944,11213,11215,11215,1,1
2019-10-23 17:27:04.976,11213,11215,11215,3,3
2019-10-23 17:27:05.019,11215,11216,11215,2,-2
2019-10-23 17:27:05.019,11215,11216,11215,1,-1
2019-10-23 17:27:05.020,11215,11216,11215,3,-3
2019-10-23 17:27:05.073,11215,11216,11215,2,-2
2019-10-23 17:27:05.144,11215,11216,11215,2,-2
2019-10-23 17:27:05.144,11215,11216,11215,2,-2
2019-10-23 17:27:06.275,11214,11215,11214,4,-4
2019-10-23 17:27:06.400,11214,11215,11214,1,-1
2019-10-23 17:27:11.780,11214,11215,11214,2,-2
2019-10-23 17:27:12.633,11213,11214,11213,1,-1
2019-10-23 17:27:12.926,11213,11214,11214,2,2
2019-10-23 17:27:13.471,11213,11214,11213,1,-1
2019-10-23 17:27:14.304,11213,11214,11214,1,1
2019-10-23 17:27:27.299,11213,11214,11214,1,1
2019-10-23 17:27:43.041,11213,11214,11214,2,2
2019-10-23 17:27:46.234,11213,11214,11214,1,1
2019-10-23 17:27:46.890,11214,11215,11214,7,-7
2019-10-23 17:27:51.941,11214,11215,11214,1,-1
2019-10-23 17:29:05.592,11214,11215,11214,1,-1
2019-10-23 17:29:53.671,11214,11215,11215,1,1
2019-10-23 17:29:58.957,11214,11215,11215,1,1
2019-10-23 17:30:00.407,11214,11215,11214,2,-2
2019-10-23 17:31:00.716,11214,11215,11215,1,1
2019-10-23 17:31:00.769,11214,11215,11215,2,2
2019-10-23 17:31:01.519,11214,11216,11216,5,5
2019-10-23 17:31:33.741,11215,11216,11216,1,1
2019-10-23 17:31:47.430,11215,11216,11215,2,-2
2019-10-23 17:31:59.563,11215,11216,11215,1,-1
2019-10-23 17:32:11.465,11215,11216,11215,1,-1
2019-10-23 17:32:15.074,11214,11215,11215,1,1
2019-10-23 17:32:15.074,11214,11215,11216,4,4
2019-10-23 17:32:54.283,11214,11215,11215,1,1
2019-10-23 17:33:06.066,11214,11215,11215,1,1
2019-10-23 17:34:11.353,11214,11215,11215,4,4
2019-10-23 17:34:11.353,11214,11215,11215,1,1
2019-10-23 17:34:11.354,11214,11215,11215,2,2
2019-10-23 17:34:11.354,11214,11215,11215,2,2
2019-10-23 17:34:11.354,11214,11215,11215,1,1
2019-10-23 17:34:11.354,11214,11215,11215,3,3
2019-10-23 17:34:16.207,11215,11216,11215,1,-1
2019-10-23 17:34:35.120,11215,11216,11216,1,1
2019-10-23 17:34:35.120,11215,11216,11216,5,5
2019-10-23 17:34:35.120,11215,11216,11216,3,3
2019-10-23 17:34:38.625,11216,11217,11216,2,-2
2019-10-23 17:34:41.703,11215,11216,11216,1,1
2019-10-23 17:35:20.124,11215,11216,11216,2,2
2019-10-23 17:35:49.581,11215,11216,11216,1,1
2019-10-23 17:36:48.311,11215,11216,11216,1,1
2019-10-23 17:37:00.694,11215,11216,11216,1,1
2019-10-23 17:37:17.353,11215,11216,11216,1,1
2019-10-23 17:37:19.059,11215,11216,11215,1,-1
2019-10-23 17:37:20.465,11215,11216,11215,6,-6
2019-10-23 17:37:20.466,11215,11216,11215,5,-5
2019-10-23 17:38:06.189,11214,11215,11215,2,2
2019-10-23 17:38:31.891,11214,11216,11214,1,-1
2019-10-23 17:39:09.764,11214,11215,11215,2,2
2019-10-23 17:39:14.468,11215,11216,11215,1,-1
2019-10-23 17:39:18.318,11215,11216,11215,1,-1
2019-10-23 17:39:20.799,11215,11216,11215,1,-1
2019-10-23 17:39:23.466,11215,11216,11215,1,-1
2019-10-23 17:39:37.587,11215,11216,11215,1,-1
2019-10-23 17:39:55.771,11215,11216,11215,5,-5
2019-10-23 17:41:16.331,11215,11216,11215,5,-5
2019-10-23 17:41:16.394,11214,11215,11215,3,3
2019-10-23 17:41:37.426,11215,11216,11215,3,-3
2019-10-23 17:44:19.732,11214,11215,11215,1,1
2019-10-23 17:44:19.923,11214,11215,11214,1,-1
2019-10-23 17:45:04.403,11214,11215,11215,1,1
2019-10-23 17:45:09.995,11214,11215,11215,1,1
2019-10-23 17:45:15.735,11214,11215,11215,1,1
2019-10-23 17:46:30.532,11214,11215,11215,1,1
2019-10-23 17:47:29.292,11214,11215,11215,5,5
2019-10-23 17:47:30.032,11215,11216,11215,2,-2
2019-10-23 17:47:51.796,11215,11216,11215,1,-1
2019-10-23 17:48:19.633,11214,11215,11215,1,1
2019-10-23 17:48:35.145,11214,11215,11215,1,1
2019-10-23 17:49:37.655,11214,11215,11214,1,-1
2019-10-23 17:49:39.477,11214,11215,11215,4,4
2019-10-23 17:49:39.519,11214,11215,11215,3,3
2019-10-23 17:49:57.699,11214,11215,11215,1,1
2019-10-23 17:50:38.111,11214,11215,11215,3,3
2019-10-23 17:50:38.144,11214,11215,11215,1,1
2019-10-23 17:51:57.069,11215,11216,11215,1,-1
2019-10-23 17:52:40.655,11215,11216,11215,1,-1
2019-10-23 17:52:44.652,11215,11216,11215,2,-2
2019-10-23 17:53:37.292,11215,11216,11215,3,-3
2019-10-23 17:53:53.665,11215,11216,11215,1,-1
2019-10-23 17:54:59.650,11215,11216,11216,1,1
2019-10-23 17:55:17.609,11215,11216,11216,3,3
2019-10-23 17:55:30.012,11215,11216,11215,2,-2
2019-10-23 17:55:34.006,11215,11216,11215,5,-5
2019-10-23 17:56:01.769,11215,11216,11216,18,18
2019-10-23 17:56:09.693,11216,11217,11216,1,-1
2019-10-23 17:56:43.156,11215,11216,11216,1,1
2019-10-23 17:57:10.452,11216,11217,11216,1,-1
2019-10-23 17:57:17.658,11216,11217,11217,1,1
2019-10-23 17:57:22.945,11216,11217,11216,3,-3
2019-10-23 17:57:31.050,11216,11217,11216,1,-1
2019-10-23 17:57:35.784,11216,11217,11217,1,1
2019-10-23 17:57:39.689,11216,11217,11216,1,-1
2019-10-23 17:57:58.095,11216,11217,11217,1,1
2019-10-23 17:57:59.496,11216,11217,11216,1,-1
2019-10-23 17:58:25.963,11216,11217,11216,1,-1
2019-10-23 17:58:33.485,11216,11217,11216,1,-1
2019-10-23 17:58:35.840,11216,11217,11216,1,-1
2019-10-23 17:59:20.786,11216,11217,11217,3,3
2019-10-23 17:59:25.588,11216,11217,11217,1,1
2019-10-23 17:59:25.773,11216,11217,11217,1,1
2019-10-23 17:59:38.669,11216,11217,11216,1,-1
2019-10-23 17:59:47.921,11216,11217,11217,1,1
2019-10-23 18:00:10.963,11216,11217,11217,1,1
2019-10-23 18:00:11.974,11216,11217,11217,1,1
2019-10-23 18:00:12.023,11216,11217,11217,1,1
2019-10-23 18:00:12.627,11216,11217,11217,1,1
2019-10-23 18:00:51.151,11216,11217,11217,1,1
2019-10-23 18:01:02.298,11216,11217,11217,13,13
2019-10-23 18:01:10.237,11216,11217,11217,1,1
2019-10-23 18:01:26.875,11216,11217,11217,1,1
2019-10-23 18:01:34.084,11216,11217,11217,1,1
2019-10-23 18:01:36.643,11216,11217,11217,5,5
2019-10-23 18:01:41.084,11216,11217,11217,1,1
2019-10-23 18:01:41.114,11216,11217,11217,1,1
2019-10-23 18:01:41.129,11216,11217,11217,1,1
2019-10-23 18:02:07.042,11217,11218,11218,6,6
2019-10-23 18:02:07.085,11217,11218,11218,1,1
2019-10-23 18:02:07.088,11217,11218,11218,1,1
2019-10-23 18:02:07.092,11217,11218,11218,9,9
2019-10-23 18:02:07.093,11217,11218,11218,5,5
2019-10-23 18:02:07.093,11217,11218,11218,6,6
2019-10-23 18:02:07.093,11217,11218,11218,7,7
2019-10-23 18:02:23.278,11218,11219,11218,1,-1
2019-10-23 18:02:23.362,11218,11219,11219,1,1
2019-10-23 18:02:23.362,11218,11219,11219,1,1
2019-10-23 18:02:23.362,11218,11219,11219,1,1
2019-10-23 18:02:23.362,11218,11219,11219,4,4
2019-10-23 18:02:23.362,11218,11219,11219,10,10
2019-10-23 18:02:23.362,11218,11219,11219,1,1
2019-10-23 18:02:23.362,11218,11219,11219,1,1
2019-10-23 18:02:23.362,11218,11219,11219,2,2
2019-10-23 18:02:23.363,11218,11219,11219,1,1
2019-10-23 18:02:23.364,11218,11219,11219,5,5
2019-10-23 18:02:23.365,11218,11219,11219,7,7
2019-10-23 18:02:23.375,11218,11219,11219,1,1
2019-10-23 18:02:23.394,11218,11219,11219,2,2
2019-10-23 18:02:23.394,11218,11219,11219,2,2
2019-10-23 18:02:23.394,11218,11219,11219,12,12
2019-10-23 18:02:23.396,11218,11219,11219,6,6
2019-10-23 18:02:23.430,11218,11219,11219,1,1
2019-10-23 18:02:23.825,11218,11219,11219,2,2
2019-10-23 18:02:23.865,11218,11219,11219,1,1
2019-10-23 18:02:24.073,11218,11219,11219,1,1
2019-10-23 18:02:27.030,11218,11219,11219,1,1
2019-10-23 18:02:31.343,11218,11219,11219,1,1
2019-10-23 18:02:33.246,11218,11219,11219,1,1
2019-10-23 18:02:38.020,11218,11219,11219,1,1
2019-10-23 18:02:44.616,11218,11219,11219,4,4
2019-10-23 18:02:44.617,11218,11219,11219,2,2
2019-10-23 18:02:46.476,11218,11219,11219,3,3
2019-10-23 18:02:47.226,11218,11219,11219,2,2
2019-10-23 18:02:47.340,11218,11219,11219,1,1
2019-10-23 18:02:48.272,11218,11219,11219,1,1
2019-10-23 18:02:48.644,11219,11220,11219,2,-2
2019-10-23 18:02:48.645,11219,11220,11219,1,-1
2019-10-23 18:02:48.655,11219,11220,11219,3,-3
2019-10-23 18:02:48.762,11219,11220,11219,1,-1
2019-10-23 18:02:50.279,11218,11219,11219,1,1
2019-10-23 18:02:50.280,11218,11219,11219,3,3
2019-10-23 18:02:50.394,11219,11220,11219,2,-2
2019-10-23 18:02:50.519,11219,11220,11219,2,-2
2019-10-23 18:02:50.644,11219,11220,11219,2,-2
2019-10-23 18:02:50.794,11219,11220,11219,1,-1
2019-10-23 18:02:51.199,11218,11219,11219,1,1
2019-10-23 18:02:52.146,11218,11219,11218,1,-1
2019-10-23 18:02:53.560,11218,11219,11219,3,3
2019-10-23 18:02:55.901,11218,11219,11219,1,1
2019-10-23 18:02:59.329,11218,11219,11219,1,1
2019-10-23 18:03:05.185,11219,11220,11219,1,-1
2019-10-23 18:03:07.592,11219,11220,11219,4,-4
2019-10-23 18:03:11.187,11218,11219,11219,2,2
2019-10-23 18:03:13.159,11219,11220,11220,1,1
2019-10-23 18:03:13.415,11219,11220,11220,1,1
2019-10-23 18:03:14.594,11219,11220,11220,1,1
2019-10-23 18:03:16.553,11219,11220,11219,1,-1
2019-10-23 18:03:20.652,11219,11220,11220,2,2
2019-10-23 18:03:27.457,11219,11220,11220,1,1
2019-10-23 18:03:27.457,11219,11220,11220,1,1
2019-10-23 18:03:27.515,11219,11220,11220,4,4
2019-10-23 18:03:27.519,11219,11220,11220,2,2
2019-10-23 18:03:27.519,11219,11220,11220,5,5
2019-10-23 18:03:27.519,11219,11220,11220,2,2
2019-10-23 18:03:27.527,11219,11220,11220,2,2
2019-10-23 18:03:27.528,11219,11220,11220,8,8
2019-10-23 18:03:28.815,11219,11220,11220,2,2
2019-10-23 18:03:28.991,11219,11220,11220,2,2
2019-10-23 18:03:29.898,11219,11220,11220,1,1
2019-10-23 18:03:29.965,11219,11220,11220,2,2
2019-10-23 18:03:31.527,11219,11220,11220,1,1
2019-10-23 18:03:32.723,11219,11220,11220,1,1
2019-10-23 18:03:33.006,11219,11220,11220,2,2
2019-10-23 18:03:36.905,11219,11220,11220,1,1
2019-10-23 18:03:37.138,11219,11220,11220,1,1
2019-10-23 18:03:41.139,11219,11220,11219,23,-23
2019-10-23 18:03:41.144,11219,11220,11219,3,-3
2019-10-23 18:03:41.145,11219,11220,11219,6,-6
2019-10-23 18:03:41.147,11219,11220,11219,5,-5
2019-10-23 18:03:41.147,11219,11220,11219,1,-1
2019-10-23 18:03:41.150,11219,11220,11219,3,-3
2019-10-23 18:03:41.269,11219,11220,11219,1,-1
2019-10-23 18:03:41.269,11219,11220,11219,2,-2
2019-10-23 18:03:41.298,11219,11220,11219,3,-3
2019-10-23 18:03:41.300,11219,11220,11219,5,-5
2019-10-23 18:03:41.302,11219,11220,11219,4,-4
2019-10-23 18:03:41.303,11219,11220,11219,1,-1
2019-10-23 18:03:41.394,11219,11220,11219,2,-2
2019-10-23 18:03:44.927,11219,11220,11220,1,1
2019-10-23 18:03:46.241,11219,11220,11220,1,1
2019-10-23 18:03:46.450,11219,11220,11219,1,-1
2019-10-23 18:03:51.551,11219,11220,11220,2,2
2019-10-23 18:03:52.661,11219,11220,11220,1,1
2019-10-23 18:03:53.741,11219,11220,11220,2,2
2019-10-23 18:03:57.729,11219,11220,11219,1,-1
2019-10-23 18:04:17.077,11219,11220,11219,1,-1
2019-10-23 18:04:19.085,11219,11220,11219,1,-1
2019-10-23 18:04:22.049,11219,11220,11220,6,6
2019-10-23 18:04:29.137,11219,11220,11219,1,-1
2019-10-23 18:04:45.980,11219,11220,11219,1,-1
2019-10-23 18:04:52.793,11219,11220,11219,3,-3
2019-10-23 18:04:57.742,11219,11220,11219,4,-4
2019-10-23 18:04:57.769,11219,11220,11219,16,-16
2019-10-23 18:04:57.894,11219,11220,11219,2,-2
2019-10-23 18:04:57.894,11219,11220,11219,3,-3
2019-10-23 18:05:04.709,11219,11220,11219,1,-1
2019-10-23 18:05:13.412,11219,11220,11219,1,-1
2019-10-23 18:05:13.413,11219,11220,11219,3,-3
2019-10-23 18:05:14.924,11219,11220,11219,1,-1
2019-10-23 18:05:14.924,11219,11220,11218,1,-1
2019-10-23 18:05:16.063,11219,11220,11219,3,3
2019-10-23 18:05:19.348,11218,11219,11218,2,-2
2019-10-23 18:05:19.348,11218,11219,11218,2,-2
2019-10-23 18:05:19.352,11218,11219,11218,3,-3
2019-10-23 18:05:19.352,11218,11219,11218,3,-3
2019-10-23 18:05:19.352,11218,11219,11218,3,-3
2019-10-23 18:05:19.798,11217,11219,11219,1,1
2019-10-23 18:05:26.576,11218,11219,11219,15,15
2019-10-23 18:05:29.752,11218,11219,11219,2,2
2019-10-23 18:05:34.638,11219,11220,11219,1,-1
2019-10-23 18:05:37.201,11218,11219,11219,4,4
2019-10-23 18:05:57.695,11218,11219,11219,1,1
2019-10-23 18:06:01.077,11218,11219,11219,1,1
2019-10-23 18:06:01.144,11218,11219,11219,2,2
2019-10-23 18:06:03.643,11219,11220,11219,1,-1
2019-10-23 18:06:11.779,11219,11220,11219,1,-1
2019-10-23 18:06:22.532,11219,11220,11219,2,-2
2019-10-23 18:06:28.178,11219,11220,11219,1,-1
2019-10-23 18:06:30.414,11219,11220,11219,1,-1
2019-10-23 18:06:30.512,11219,11220,11219,2,-2
2019-10-23 18:06:33.242,11218,11219,11219,1,1
2019-10-23 18:06:33.535,11218,11219,11219,1,1
2019-10-23 18:06:43.519,11218,11219,11219,4,4
2019-10-23 18:06:43.520,11218,11219,11219,1,1
2019-10-23 18:06:43.644,11218,11219,11219,3,3
2019-10-23 18:06:47.259,11218,11220,11218,5,-5
2019-10-23 18:06:49.145,11218,11219,11219,4,4
2019-10-23 18:06:49.669,11219,11220,11219,1,-1
2019-10-23 18:06:52.141,11219,11220,11219,1,-1
2019-10-23 18:06:58.631,11219,11220,11219,1,-1
2019-10-23 18:07:00.850,11219,11220,11219,5,-5
2019-10-23 18:07:18.499,11219,11220,11219,1,-1
2019-10-23 18:07:21.305,11219,11220,11219,1,-1
2019-10-23 18:07:34.346,11218,11219,11219,1,1
2019-10-23 18:07:42.320,11219,11220,11219,1,-1
2019-10-23 18:07:49.887,11219,11220,11219,1,-1
2019-10-23 18:07:52.716,11219,11220,11219,1,-1
2019-10-23 18:08:01.496,11218,11219,11219,1,1
2019-10-23 18:09:04.696,11218,11219,11218,35,-35
2019-10-23 18:09:04.696,11218,11219,11217,65,-65
2019-10-23 18:09:04.698,11218,11219,11217,5,-5
2019-10-23 18:09:04.715,11218,11219,11217,15,-15
2019-10-23 18:09:04.897,11216,11217,11217,2,2
2019-10-23 18:09:05.019,11216,11217,11216,2,-2
2019-10-23 18:09:15.332,11216,11217,11217,2,2
2019-10-23 18:09:28.201,11217,11218,11217,2,-2
2019-10-23 18:09:28.434,11216,11218,11218,2,2
2019-10-23 18:09:31.158,11216,11218,11218,1,1
2019-10-23 18:09:41.438,11216,11217,11217,1,1
2019-10-23 18:09:43.378,11216,11217,11217,1,1
2019-10-23 18:09:58.027,11216,11217,11216,1,-1
2019-10-23 18:10:24.527,11216,11217,11216,1,-1
2019-10-23 18:10:25.224,11216,11217,11217,1,1
2019-10-23 18:10:44.702,11216,11217,11216,5,-5
2019-10-23 18:10:44.720,11216,11217,11216,2,-2
2019-10-23 18:10:44.720,11216,11217,11216,1,-1
2019-10-23 18:10:46.153,11216,11217,11217,1,1
2019-10-23 18:10:47.463,11216,11217,11217,1,1
2019-10-23 18:10:51.315,11216,11217,11216,13,-13
2019-10-23 18:10:53.489,11216,11217,11216,2,-2
2019-10-23 18:10:53.489,11216,11217,11215,3,-3
2019-10-23 18:10:53.549,11215,11217,11215,4,-4
2019-10-23 18:11:21.819,11215,11216,11216,1,1
2019-10-23 18:11:22.450,11215,11216,11215,3,-3
2019-10-23 18:11:22.754,11215,11216,11216,1,1
2019-10-23 18:11:25.456,11215,11216,11216,1,1
2019-10-23 18:11:35.769,11216,11217,11216,1,-1
2019-10-23 18:11:36.874,11215,11216,11216,1,1
2019-10-23 18:12:06.193,11215,11216,11215,18,-18
2019-10-23 18:12:06.269,11215,11216,11215,3,-3
2019-10-23 18:12:11.650,11215,11216,11216,1,1
2019-10-23 18:12:33.644,11215,11216,11216,1,1
2019-10-23 18:12:49.149,11216,11217,11217,2,2
2019-10-23 18:13:12.576,11216,11217,11216,1,-1
2019-10-23 18:13:14.324,11216,11217,11216,1,-1
2019-10-23 18:13:16.115,11216,11217,11217,1,1
2019-10-23 18:13:16.336,11216,11217,11216,1,-1
2019-10-23 18:13:35.742,11216,11217,11216,1,-1
2019-10-23 18:13:40.113,11216,11217,11217,7,7
2019-10-23 18:13:51.904,11217,11218,11217,1,-1
2019-10-23 18:14:03.362,11217,11218,11217,1,-1
2019-10-23 18:14:12.646,11216,11218,11216,1,-1
2019-10-23 18:15:07.635,11217,11218,11217,4,4
2019-10-23 18:16:03.269,11217,11218,11217,1,-1
2019-10-23 18:16:09.150,11217,11218,11217,1,-1
2019-10-23 18:16:42.617,11217,11218,11217,1,-1
2019-10-23 18:17:32.894,11217,11218,11217,3,-3
2019-10-23 18:17:33.062,11217,11218,11217,3,-3
2019-10-23 18:17:33.832,11216,11217,11217,1,1
2019-10-23 18:17:35.536,11216,11217,11217,2,2
2019-10-23 18:17:45.544,11216,11217,11217,2,2
2019-10-23 18:17:45.556,11216,11217,11217,1,1
2019-10-23 18:17:45.561,11216,11217,11217,2,2
2019-10-23 18:17:45.656,11216,11217,11217,1,1
2019-10-23 18:17:49.000,11216,11217,11217,1,1
2019-10-23 18:19:05.687,11217,11218,11217,2,-2
2019-10-23 18:19:40.235,11217,11218,11217,1,-1
2019-10-23 18:20:09.380,11217,11218,11217,2,-2
2019-10-23 18:20:52.869,11217,11218,11218,2,2
2019-10-23 18:21:14.620,11217,11218,11218,2,2
2019-10-23 18:21:15.208,11217,11218,11218,1,1
2019-10-23 18:21:15.217,11217,11218,11218,1,1
2019-10-23 18:22:29.365,11217,11218,11218,2,2
2019-10-23 18:23:14.113,11217,11218,11217,1,-1
2019-10-23 18:24:59.564,11217,11218,11217,1,-1
2019-10-23 18:25:09.223,11217,11218,11217,1,-1
2019-10-23 18:25:42.454,11217,11218,11218,4,4
2019-10-23 18:25:42.464,11217,11218,11218,1,1
2019-10-23 18:25:42.465,11217,11218,11218,2,2
2019-10-23 18:25:42.505,11217,11218,11218,5,5
2019-10-23 18:25:42.505,11217,11218,11218,5,5
2019-10-23 18:25:42.519,11217,11218,11218,1,1
2019-10-23 18:25:42.519,11217,11218,11218,1,1
2019-10-23 18:25:42.592,11217,11218,11218,1,1
2019-10-23 18:25:42.984,11218,11219,11219,1,1
2019-10-23 18:26:14.902,11218,11219,11218,1,-1
2019-10-23 18:26:34.549,11218,11219,11218,1,-1
2019-10-23 18:26:39.764,11218,11219,11218,4,-4
2019-10-23 18:27:24.254,11218,11219,11218,1,-1
2019-10-23 18:27:29.082,11218,11219,11219,4,4
2019-10-23 18:28:13.529,11218,11219,11218,4,-4
2019-10-23 18:28:37.907,11218,11219,11218,12,-12
2019-10-23 18:28:38.019,11218,11219,11218,1,-1
2019-10-23 18:28:59.299,11217,11218,11217,1,-1
2019-10-23 18:29:05.000,11217,11218,11218,1,1
2019-10-23 18:29:17.523,11217,11218,11217,1,-1
2019-10-23 18:29:21.550,11217,11218,11217,13,-13
2019-10-23 18:29:21.644,11217,11218,11217,1,-1
2019-10-23 18:29:29.150,11216,11217,11217,1,1
2019-10-23 18:30:19.690,11217,11218,11217,1,-1
2019-10-23 18:30:20.592,11217,11218,11218,1,1
2019-10-23 18:30:24.958,11217,11218,11217,1,-1
2019-10-23 18:30:30.048,11216,11217,11216,6,-6
2019-10-23 18:30:30.144,11216,11217,11216,12,-12
2019-10-23 18:30:30.269,11216,11217,11216,1,-1
2019-10-23 18:30:42.272,11215,11217,11215,7,-7
2019-10-23 18:30:42.584,11215,11216,11216,1,1
2019-10-23 18:30:57.351,11215,11216,11216,4,4
2019-10-23 18:31:00.282,11215,11216,11215,2,-2
2019-10-23 18:31:03.403,11215,11216,11215,4,-4
2019-10-23 18:31:03.403,11215,11216,11215,6,-6
2019-10-23 18:31:03.585,11214,11215,11215,1,1
2019-10-23 18:31:04.993,11214,11215,11215,1,1
2019-10-23 18:31:15.533,11214,11215,11215,3,3
2019-10-23 18:31:17.763,11214,11215,11215,1,1
2019-10-23 18:31:18.790,11214,11215,11215,9,9
2019-10-23 18:31:21.020,11214,11215,11214,26,-26
2019-10-23 18:31:21.393,11213,11214,11213,2,-2
2019-10-23 18:31:21.393,11213,11214,11213,4,-4
2019-10-23 18:31:21.395,11213,11214,11213,7,-7
2019-10-23 18:31:23.821,11212,11213,11213,3,3
2019-10-23 18:31:31.605,11212,11213,11213,2,2
2019-10-23 18:31:35.926,11213,11214,11213,1,-1
2019-10-23 18:31:39.782,11213,11214,11214,2,2
2019-10-23 18:31:42.280,11213,11214,11213,1,-1
2019-10-23 18:31:59.199,11213,11214,11214,1,1
2019-10-23 18:32:04.988,11213,11214,11214,10,10
2019-10-23 18:32:06.931,11213,11214,11214,5,5
2019-10-23 18:32:07.019,11213,11214,11214,1,1
2019-10-23 18:32:07.763,11213,11215,11213,16,-16
2019-10-23 18:32:08.085,11213,11214,11214,1,1
2019-10-23 18:32:11.077,11213,11215,11213,6,-6
2019-10-23 18:32:11.174,11213,11215,11214,1,1
2019-10-23 18:32:14.477,11214,11215,11214,1,-1
2019-10-23 18:32:15.707,11214,11215,11214,1,-1
2019-10-23 18:32:18.476,11214,11215,11214,1,-1
2019-10-23 18:32:33.338,11213,11214,11213,1,-1
2019-10-23 18:32:34.162,11213,11214,11213,1,-1
2019-10-23 18:32:37.860,11213,11214,11213,1,-1
2019-10-23 18:32:39.427,11213,11214,11213,1,-1
2019-10-23 18:32:41.600,11213,11214,11213,1,-1
2019-10-23 18:32:44.898,11213,11214,11213,2,-2
2019-10-23 18:32:44.938,11213,11214,11213,1,-1
2019-10-23 18:32:53.973,11213,11214,11214,1,1
2019-10-23 18:33:07.593,11213,11214,11213,1,-1
2019-10-23 18:33:10.769,11213,11214,11213,10,-10
2019-10-23 18:33:10.894,11213,11214,11213,14,-14
2019-10-23 18:33:10.894,11213,11214,11213,1,-1
2019-10-23 18:33:11.019,11213,11214,11213,4,-4
2019-10-23 18:33:11.019,11213,11214,11213,6,-6
2019-10-23 18:33:11.019,11213,11214,11213,2,-2
2019-10-23 18:33:11.019,11213,11214,11213,2,-2
2019-10-23 18:33:11.275,11212,11213,11212,2,-2
2019-10-23 18:33:11.276,11212,11213,11212,2,-2
2019-10-23 18:33:11.276,11212,11213,11212,2,-2
2019-10-23 18:33:11.277,11212,11213,11212,3,-3
2019-10-23 18:33:11.417,11212,11213,11212,4,-4
2019-10-23 18:33:12.340,11212,11213,11213,1,1
2019-10-23 18:33:17.783,11212,11213,11212,1,-1
2019-10-23 18:33:30.080,11212,11213,11212,1,-1
2019-10-23 18:33:43.147,11212,11213,11212,1,-1
2019-10-23 18:33:47.912,11212,11213,11212,2,-2
2019-10-23 18:33:50.305,11212,11213,11212,1,-1
2019-10-23 18:33:51.086,11212,11213,11212,3,-3
2019-10-23 18:34:01.409,11212,11213,11212,1,-1
2019-10-23 18:34:02.697,11212,11213,11212,1,-1
2019-10-23 18:34:11.316,11212,11213,11212,3,-3
2019-10-23 18:34:20.163,11212,11213,11212,1,-1
2019-10-23 18:34:25.288,11212,11213,11212,1,-1
2019-10-23 18:34:30.128,11212,11213,11212,1,-1
2019-10-23 18:34:32.678,11212,11213,11212,1,-1
2019-10-23 18:34:39.867,11212,11213,11212,1,-1
2019-10-23 18:34:49.856,11212,11213,11212,12,-12
2019-10-23 18:34:58.162,11211,11212,11212,1,1
2019-10-23 18:35:02.483,11211,11212,11212,4,4
2019-10-23 18:35:02.894,11212,11213,11212,1,-1
2019-10-23 18:35:06.718,11212,11213,11212,2,-2
2019-10-23 18:35:12.847,11212,11213,11212,1,-1
2019-10-23 18:35:12.862,11212,11213,11212,1,-1
2019-10-23 18:35:15.427,11212,11213,11212,1,-1
2019-10-23 18:35:15.741,11212,11213,11212,1,-1
2019-10-23 18:35:17.730,11211,11212,11212,1,1
2019-10-23 18:35:24.029,11212,11213,11212,1,-1
2019-10-23 18:35:31.359,11212,11213,11212,1,-1
2019-10-23 18:35:36.236,11212,11213,11212,1,-1
2019-10-23 18:35:39.670,11212,11213,11212,1,-1
2019-10-23 18:35:47.245,11212,11213,11212,1,-1
2019-10-23 18:35:47.438,11212,11213,11212,1,-1
2019-10-23 18:35:57.165,11211,11212,11212,6,6
2019-10-23 18:35:58.649,11212,11213,11212,1,-1
2019-10-23 18:36:08.360,11212,11213,11212,5,-5
2019-10-23 18:36:08.360,11212,11213,11212,1,-1
2019-10-23 18:36:11.175,11211,11212,11212,1,1
2019-10-23 18:36:28.082,11211,11212,11212,1,1
2019-10-23 18:37:10.171,11211,11212,11211,1,-1
2019-10-23 18:37:10.348,11211,11212,11211,5,-5
2019-10-23 18:37:14.054,11211,11212,11211,1,-1
2019-10-23 18:37:14.612,11211,11212,11211,1,-1
2019-10-23 18:37:26.405,11211,11212,11211,1,-1
2019-10-23 18:37:31.040,11211,11212,11211,1,-1
2019-10-23 18:37:33.853,11211,11212,11211,1,-1
2019-10-23 18:37:33.898,11211,11212,11211,1,-1
2019-10-23 18:37:34.519,11211,11212,11211,2,-2
2019-10-23 18:37:34.644,11211,11212,11211,2,-2
2019-10-23 18:37:34.769,11211,11212,11211,2,-2
2019-10-23 18:37:34.894,11211,11212,11211,2,-2
2019-10-23 18:37:35.022,11211,11212,11211,5,-5
2019-10-23 18:37:37.909,11210,11211,11211,1,1
2019-10-23 18:37:45.019,11210,11211,11211,2,2
2019-10-23 18:37:52.895,11210,11211,11211,2,2
2019-10-23 18:37:53.270,11210,11211,11211,2,2
2019-10-23 18:37:54.841,11210,11211,11211,1,1
2019-10-23 18:37:55.012,11210,11211,11211,1,1
2019-10-23 18:38:03.239,11210,11211,11211,1,1
2019-10-23 18:38:14.525,11210,11211,11210,1,-1
2019-10-23 18:38:14.665,11210,11211,11210,1,-1
2019-10-23 18:38:14.722,11210,11211,11210,1,-1
2019-10-23 18:38:17.060,11210,11211,11210,1,-1
2019-10-23 18:38:18.414,11210,11211,11211,1,1
2019-10-23 18:38:19.070,11210,11211,11210,5,-5
2019-10-23 18:38:20.298,11210,11211,11210,1,-1
2019-10-23 18:38:22.478,11210,11211,11210,1,-1
2019-10-23 18:38:28.769,11210,11211,11210,2,-2
2019-10-23 18:38:28.894,11210,11211,11210,2,-2
2019-10-23 18:38:29.019,11210,11211,11210,2,-2
2019-10-23 18:38:29.144,11210,11211,11210,2,-2
2019-10-23 18:38:29.269,11210,11211,11210,2,-2
2019-10-23 18:38:31.021,11210,11211,11210,1,-1
2019-10-23 18:38:35.511,11210,11211,11210,8,-8
2019-10-23 18:38:35.986,11210,11211,11210,3,-3
2019-10-23 18:38:36.393,11210,11211,11210,1,-1
2019-10-23 18:38:39.159,11210,11211,11210,2,-2
2019-10-23 18:38:39.509,11210,11211,11210,2,-2
2019-10-23 18:38:39.510,11210,11211,11210,5,-5
2019-10-23 18:38:55.438,11209,11210,11209,1,-1
2019-10-23 18:38:55.576,11209,11210,11209,1,-1
2019-10-23 18:38:55.590,11209,11210,11209,2,-2
2019-10-23 18:38:55.605,11209,11210,11209,1,-1
2019-10-23 18:38:55.735,11209,11210,11209,3,-3
2019-10-23 18:39:02.140,11209,11210,11209,1,-1
2019-10-23 18:39:02.839,11209,11210,11209,1,-1
2019-10-23 18:39:03.231,11209,11210,11209,2,-2
2019-10-23 18:39:03.337,11209,11210,11209,1,-1
2019-10-23 18:39:05.399,11209,11210,11210,2,2
2019-10-23 18:39:09.800,11209,11210,11209,1,-1
2019-10-23 18:39:12.714,11209,11210,11209,1,-1
2019-10-23 18:39:23.529,11209,11210,11209,5,-5
2019-10-23 18:39:27.467,11209,11210,11209,1,-1
2019-10-23 18:39:33.827,11209,11210,11209,1,-1
2019-10-23 18:39:37.526,11209,11210,11209,1,-1
2019-10-23 18:39:38.214,11209,11210,11209,1,-1
2019-10-23 18:39:45.197,11209,11210,11210,17,17
2019-10-23 18:39:45.269,11209,11210,11210,3,3
2019-10-23 18:39:45.269,11209,11210,11210,2,2
2019-10-23 18:39:50.955,11210,11211,11210,2,-2
2019-10-23 18:39:51.614,11210,11211,11210,2,-2
2019-10-23 18:39:53.160,11210,11211,11210,1,-1
2019-10-23 18:39:53.450,11210,11211,11211,1,1
2019-10-23 18:39:54.273,11210,11211,11210,1,-1
2019-10-23 18:39:58.669,11210,11211,11210,1,-1
2019-10-23 18:39:59.567,11210,11211,11211,1,1
2019-10-23 18:40:01.342,11210,11211,11211,1,1
2019-10-23 18:40:04.027,11210,11211,11210,2,-2
2019-10-23 18:40:05.040,11210,11211,11210,1,-1
2019-10-23 18:40:15.834,11210,11211,11210,2,-2
