2022-02-11 15:00:00.052,18286,18287,18288,145,145
2022-02-11 15:00:00.152,18288,18289,18289,1,1
2022-02-11 15:00:00.265,18288,18289,18288,1,-1
2022-02-11 15:00:00.304,18288,18289,18289,9,9
2022-02-11 15:00:00.385,18288,18289,18289,1,1
2022-02-11 15:00:00.443,18288,18289,18289,1,1
2022-02-11 15:00:00.510,18288,18289,18289,2,2
2022-02-11 15:00:00.570,18288,18289,18290,5,5
2022-02-11 15:00:00.579,18288,18290,18290,4,4
2022-02-11 15:00:00.590,18288,18290,18288,2,-2
2022-02-11 15:00:00.639,18288,18290,18290,1,1
2022-02-11 15:00:00.641,18288,18290,18290,5,5
2022-02-11 15:00:00.645,18288,18290,18290,1,1
2022-02-11 15:00:00.678,18288,18290,18290,1,1
2022-02-11 15:00:00.687,18288,18290,18290,1,1
2022-02-11 15:00:00.687,18288,18290,18290,1,1
2022-02-11 15:00:00.703,18289,18290,18290,1,1
2022-02-11 15:00:00.727,18289,18290,18290,8,8
2022-02-11 15:00:00.747,18289,18290,18291,2,2
2022-02-11 15:00:00.756,18289,18290,18291,1,1
2022-02-11 15:00:00.758,18289,18290,18291,1,1
2022-02-11 15:00:00.832,18290,18291,18291,8,8
2022-02-11 15:00:00.832,18290,18291,18291,3,3
2022-02-11 15:00:00.872,18290,18291,18292,1,1
2022-02-11 15:00:00.884,18290,18291,18292,4,4
2022-02-11 15:00:00.884,18290,18291,18292,5,5
2022-02-11 15:00:00.887,18290,18291,18293,1,1
2022-02-11 15:00:00.921,18290,18291,18293,1,1
2022-02-11 15:00:00.944,18290,18291,18293,1,1
2022-02-11 15:00:01.031,18290,18293,18292,1,1
2022-02-11 15:00:01.042,18290,18293,18292,1,1
2022-02-11 15:00:01.042,18290,18293,18293,1,1
2022-02-11 15:00:01.047,18290,18293,18293,2,2
2022-02-11 15:00:01.116,18290,18293,18292,1,1
2022-02-11 15:00:01.186,18290,18293,18293,1,1
2022-02-11 15:00:01.187,18290,18293,18293,1,1
2022-02-11 15:00:01.218,18290,18293,18293,1,1
2022-02-11 15:00:01.261,18290,18293,18291,1,-1
2022-02-11 15:00:01.270,18290,18293,18293,2,2
2022-02-11 15:00:01.284,18290,18293,18293,1,1
2022-02-11 15:00:01.305,18290,18293,18290,1,-1
2022-02-11 15:00:01.352,18289,18290,18290,1,1
2022-02-11 15:00:01.444,18289,18290,18290,1,1
2022-02-11 15:00:01.469,18289,18291,18291,1,1
2022-02-11 15:00:01.510,18289,18291,18291,1,1
2022-02-11 15:00:01.540,18289,18291,18290,1,1
2022-02-11 15:00:01.593,18289,18290,18290,1,1
2022-02-11 15:00:01.674,18289,18290,18291,1,1
2022-02-11 15:00:01.798,18290,18291,18291,1,1
2022-02-11 15:00:02.439,18289,18291,18290,1,1
2022-02-11 15:00:02.530,18290,18291,18290,3,-3
2022-02-11 15:00:02.541,18290,18291,18289,3,-3
2022-02-11 15:00:02.541,18290,18291,18288,4,-4
2022-02-11 15:00:02.991,18289,18291,18289,1,-1
2022-02-11 15:00:03.494,18288,18290,18288,1,-1
2022-02-11 15:00:03.529,18288,18290,18290,1,1
2022-02-11 15:00:04.017,18288,18290,18290,1,1
2022-02-11 15:00:04.018,18288,18290,18290,1,1
2022-02-11 15:00:04.667,18288,18291,18291,3,3
2022-02-11 15:00:04.753,18288,18291,18289,5,-5
2022-02-11 15:00:05.043,18288,18291,18288,1,-1
2022-02-11 15:00:05.419,18288,18289,18288,1,-1
2022-02-11 15:00:05.782,18288,18289,18289,1,1
2022-02-11 15:00:06.005,18288,18289,18288,4,-4
2022-02-11 15:00:06.005,18288,18289,18288,1,-1
2022-02-11 15:00:06.005,18288,18289,18287,1,-1
2022-02-11 15:00:06.170,18286,18287,18286,2,-2
2022-02-11 15:00:06.171,18286,18287,18286,1,-1
2022-02-11 15:00:06.383,18285,18286,18286,1,1
2022-02-11 15:00:06.455,18285,18287,18287,1,1
2022-02-11 15:00:06.618,18285,18287,18287,1,1
2022-02-11 15:00:07.326,18287,18288,18287,1,-1
2022-02-11 15:00:07.629,18285,18288,18288,2,2
2022-02-11 15:00:08.914,18286,18288,18288,1,1
2022-02-11 15:00:08.943,18286,18288,18286,1,-1
2022-02-11 15:00:09.200,18285,18288,18288,1,1
2022-02-11 15:00:10.127,18285,18287,18285,2,-2
2022-02-11 15:00:10.213,18284,18286,18286,1,1
2022-02-11 15:00:10.263,18284,18286,18284,1,-1
2022-02-11 15:00:10.342,18283,18286,18286,1,1
2022-02-11 15:00:11.127,18283,18285,18285,1,1
2022-02-11 15:00:11.415,18283,18286,18283,2,-2
2022-02-11 15:00:11.681,18283,18285,18283,1,-1
2022-02-11 15:00:11.734,18283,18285,18285,1,1
2022-02-11 15:00:12.526,18283,18285,18283,1,-1
2022-02-11 15:00:12.791,18282,18284,18284,1,1
2022-02-11 15:00:13.232,18282,18284,18284,1,1
2022-02-11 15:00:13.895,18282,18284,18284,1,1
2022-02-11 15:00:14.578,18283,18285,18283,1,-1
2022-02-11 15:00:15.035,18283,18285,18283,1,-1
2022-02-11 15:00:15.035,18283,18285,18282,1,-1
2022-02-11 15:00:16.356,18283,18284,18283,1,-1
2022-02-11 15:00:17.143,18282,18284,18284,1,1
2022-02-11 15:00:17.445,18282,18284,18284,2,2
2022-02-11 15:00:17.603,18283,18285,18283,1,-1
2022-02-11 15:00:17.603,18283,18285,18282,1,-1
2022-02-11 15:00:17.777,18284,18285,18284,1,-1
2022-02-11 15:00:18.508,18283,18285,18284,1,1
2022-02-11 15:00:18.508,18283,18285,18285,1,1
2022-02-11 15:00:19.686,18284,18286,18285,1,1
2022-02-11 15:00:19.723,18284,18286,18284,1,-1
2022-02-11 15:00:20.181,18284,18286,18285,1,1
2022-02-11 15:00:22.690,18285,18286,18285,1,-1
2022-02-11 15:00:23.961,18285,18286,18285,1,-1
2022-02-11 15:00:25.175,18284,18285,18285,1,1
2022-02-11 15:00:27.155,18285,18286,18286,1,1
2022-02-11 15:00:27.400,18285,18286,18285,1,-1
2022-02-11 15:00:27.401,18285,18286,18286,1,1
2022-02-11 15:00:27.437,18285,18286,18285,1,-1
2022-02-11 15:00:27.688,18285,18286,18286,1,1
2022-02-11 15:00:27.688,18285,18286,18286,4,4
2022-02-11 15:00:27.875,18285,18286,18286,1,1
2022-02-11 15:00:28.815,18286,18287,18286,1,-1
2022-02-11 15:00:30.599,18286,18287,18287,1,1
2022-02-11 15:00:30.723,18286,18287,18286,1,-1
2022-02-11 15:00:30.954,18286,18287,18286,1,-1
2022-02-11 15:00:33.338,18286,18287,18286,1,-1
2022-02-11 15:00:33.438,18286,18287,18286,1,-1
2022-02-11 15:00:33.678,18286,18287,18287,2,2
2022-02-11 15:00:33.678,18286,18287,18288,10,10
2022-02-11 15:00:33.678,18286,18287,18289,8,8
2022-02-11 15:00:33.681,18286,18287,18289,19,19
2022-02-11 15:00:33.681,18286,18287,18290,21,21
2022-02-11 15:00:33.682,18286,18287,18290,6,6
2022-02-11 15:00:33.818,18287,18290,18288,1,-1
2022-02-11 15:00:33.825,18287,18290,18290,8,8
2022-02-11 15:00:33.825,18287,18290,18291,5,5
2022-02-11 15:00:34.146,18289,18291,18289,1,-1
2022-02-11 15:00:34.255,18288,18290,18288,1,-1
2022-02-11 15:00:36.320,18287,18289,18287,1,-1
2022-02-11 15:00:38.583,18287,18289,18289,1,1
2022-02-11 15:00:38.704,18287,18289,18288,1,1
2022-02-11 15:00:38.704,18287,18289,18289,1,1
2022-02-11 15:00:38.917,18287,18290,18290,2,2
2022-02-11 15:00:39.960,18287,18290,18290,1,1
2022-02-11 15:00:45.203,18289,18290,18290,1,1
2022-02-11 15:00:46.147,18289,18290,18290,24,24
2022-02-11 15:00:46.147,18289,18290,18290,1,1
2022-02-11 15:00:46.237,18290,18291,18290,1,-1
2022-02-11 15:00:46.238,18290,18291,18291,9,9
2022-02-11 15:00:47.095,18290,18292,18290,1,-1
2022-02-11 15:00:47.914,18290,18292,18290,1,-1
2022-02-11 15:00:48.179,18289,18292,18292,2,2
2022-02-11 15:00:49.373,18290,18291,18291,1,1
2022-02-11 15:00:49.421,18290,18291,18292,2,2
2022-02-11 15:00:50.703,18290,18292,18290,1,-1
2022-02-11 15:00:51.053,18291,18292,18292,3,3
2022-02-11 15:00:51.115,18291,18292,18291,1,-1
2022-02-11 15:00:53.596,18291,18292,18292,2,2
2022-02-11 15:00:54.295,18291,18292,18292,5,5
2022-02-11 15:00:54.570,18292,18293,18293,5,5
2022-02-11 15:00:55.340,18292,18294,18292,5,-5
2022-02-11 15:00:55.674,18292,18294,18294,1,1
2022-02-11 15:00:56.381,18292,18294,18292,2,-2
2022-02-11 15:00:56.576,18292,18294,18294,1,1
2022-02-11 15:00:56.705,18292,18294,18294,1,1
2022-02-11 15:00:57.738,18293,18294,18293,1,-1
2022-02-11 15:00:57.802,18293,18294,18293,1,-1
2022-02-11 15:00:57.802,18293,18294,18292,1,-1
2022-02-11 15:00:58.278,18292,18294,18294,1,1
2022-02-11 15:00:59.709,18293,18294,18293,1,-1
2022-02-11 15:00:59.937,18292,18293,18293,1,1
2022-02-11 15:00:59.973,18292,18293,18293,2,2
2022-02-11 15:01:00.023,18292,18293,18294,2,2
2022-02-11 15:01:00.030,18292,18293,18294,2,2
2022-02-11 15:01:00.037,18292,18293,18294,2,2
2022-02-11 15:01:00.046,18292,18293,18294,1,1
2022-02-11 15:01:00.060,18292,18293,18294,1,1
2022-02-11 15:01:00.070,18292,18293,18294,2,2
2022-02-11 15:01:00.079,18292,18294,18294,1,1
2022-02-11 15:01:00.080,18292,18294,18294,1,1
2022-02-11 15:01:00.086,18292,18294,18294,1,1
2022-02-11 15:01:00.109,18292,18294,18294,1,1
2022-02-11 15:01:00.123,18292,18294,18294,1,1
2022-02-11 15:01:00.139,18292,18294,18294,8,8
2022-02-11 15:01:00.139,18292,18294,18295,11,11
2022-02-11 15:01:00.139,18292,18294,18295,10,10
2022-02-11 15:01:00.140,18292,18294,18295,4,4
2022-02-11 15:01:00.151,18292,18294,18296,1,1
2022-02-11 15:01:00.183,18292,18294,18296,1,1
2022-02-11 15:01:00.185,18292,18294,18296,1,1
2022-02-11 15:01:00.212,18294,18296,18296,1,1
2022-02-11 15:01:00.252,18294,18296,18296,5,5
2022-02-11 15:01:00.285,18294,18296,18296,5,5
2022-02-11 15:01:00.319,18294,18296,18296,5,5
2022-02-11 15:01:00.358,18294,18296,18296,5,5
2022-02-11 15:01:00.389,18294,18296,18297,5,5
2022-02-11 15:01:00.421,18294,18296,18297,2,2
2022-02-11 15:01:00.422,18294,18296,18295,1,1
2022-02-11 15:01:00.507,18295,18297,18297,1,1
2022-02-11 15:01:00.533,18295,18297,18297,3,3
2022-02-11 15:01:00.581,18295,18298,18295,1,-1
2022-02-11 15:01:00.671,18295,18298,18295,1,-1
2022-02-11 15:01:00.778,18295,18298,18295,3,-3
2022-02-11 15:01:00.967,18295,18297,18295,1,-1
2022-02-11 15:01:01.543,18294,18296,18294,1,-1
2022-02-11 15:01:01.576,18294,18296,18296,1,1
2022-02-11 15:01:01.576,18294,18296,18296,1,1
2022-02-11 15:01:01.576,18294,18296,18296,1,1
2022-02-11 15:01:01.577,18294,18296,18297,1,1
2022-02-11 15:01:02.113,18294,18296,18296,1,1
2022-02-11 15:01:02.387,18295,18297,18297,2,2
2022-02-11 15:01:04.566,18296,18298,18296,1,-1
2022-02-11 15:01:05.192,18296,18297,18297,1,1
2022-02-11 15:01:05.366,18296,18298,18297,1,1
2022-02-11 15:01:05.927,18296,18298,18298,1,1
2022-02-11 15:01:06.990,18296,18297,18296,1,-1
2022-02-11 15:01:07.051,18296,18297,18296,1,-1
2022-02-11 15:01:07.134,18296,18297,18296,3,-3
2022-02-11 15:01:07.134,18296,18297,18296,1,-1
2022-02-11 15:01:07.863,18295,18297,18297,1,1
2022-02-11 15:01:08.000,18296,18297,18296,1,-1
2022-02-11 15:01:08.628,18295,18296,18296,1,1
2022-02-11 15:01:08.865,18295,18297,18295,1,-1
2022-02-11 15:01:11.034,18295,18297,18297,3,3
2022-02-11 15:01:11.251,18295,18297,18296,1,1
2022-02-11 15:01:11.734,18295,18297,18297,1,1
2022-02-11 15:01:11.929,18295,18297,18295,6,-6
2022-02-11 15:01:11.930,18295,18297,18295,10,-10
2022-02-11 15:01:11.931,18295,18297,18295,9,-9
2022-02-11 15:01:12.581,18295,18296,18296,1,1
2022-02-11 15:01:12.665,18295,18296,18297,2,2
2022-02-11 15:01:12.884,18296,18297,18297,1,1
2022-02-11 15:01:13.090,18297,18298,18298,24,24
2022-02-11 15:01:13.091,18297,18298,18298,2,2
2022-02-11 15:01:13.091,18297,18298,18298,1,1
2022-02-11 15:01:13.279,18298,18299,18298,1,-1
2022-02-11 15:01:14.203,18297,18299,18297,2,-2
2022-02-11 15:01:14.205,18297,18299,18297,1,-1
2022-02-11 15:01:14.284,18297,18299,18298,1,1
2022-02-11 15:01:15.369,18297,18299,18298,2,2
2022-02-11 15:01:15.369,18297,18299,18299,1,1
2022-02-11 15:01:16.430,18297,18298,18298,1,1
2022-02-11 15:01:17.395,18297,18298,18297,1,-1
2022-02-11 15:01:17.741,18296,18298,18298,1,1
2022-02-11 15:01:19.028,18296,18298,18298,1,1
2022-02-11 15:01:20.024,18297,18298,18297,2,-2
2022-02-11 15:01:20.351,18296,18298,18298,1,1
2022-02-11 15:01:21.330,18296,18298,18298,1,1
2022-02-11 15:01:22.172,18296,18297,18297,1,1
2022-02-11 15:01:25.921,18297,18298,18298,5,5
2022-02-11 15:01:26.428,18297,18298,18298,1,1
2022-02-11 15:01:27.069,18297,18298,18297,1,-1
2022-02-11 15:01:27.069,18297,18298,18296,1,-1
2022-02-11 15:01:27.333,18296,18298,18298,1,1
2022-02-11 15:01:27.559,18296,18298,18296,1,-1
2022-02-11 15:01:27.945,18296,18297,18297,1,1
2022-02-11 15:01:29.743,18296,18297,18297,1,1
2022-02-11 15:01:30.036,18296,18297,18296,1,-1
2022-02-11 15:01:31.484,18296,18297,18296,1,-1
2022-02-11 15:01:31.776,18296,18297,18296,3,-3
2022-02-11 15:01:31.813,18296,18297,18297,1,1
2022-02-11 15:01:33.467,18295,18296,18295,2,-2
2022-02-11 15:01:33.467,18295,18296,18294,11,-11
2022-02-11 15:01:33.467,18295,18296,18293,16,-16
2022-02-11 15:01:33.515,18295,18296,18293,1,-1
2022-02-11 15:01:33.554,18295,18296,18295,1,-1
2022-02-11 15:01:36.798,18293,18295,18293,5,-5
2022-02-11 15:01:36.804,18293,18295,18293,1,-1
2022-02-11 15:01:37.079,18292,18294,18294,4,4
2022-02-11 15:01:37.879,18293,18295,18295,1,1
2022-02-11 15:01:38.142,18293,18295,18295,1,1
2022-02-11 15:01:39.096,18295,18296,18295,1,-1
2022-02-11 15:01:39.666,18293,18296,18295,1,1
2022-02-11 15:01:39.897,18293,18296,18296,1,1
2022-02-11 15:01:40.800,18295,18297,18295,3,-3
2022-02-11 15:01:40.800,18295,18297,18294,12,-12
2022-02-11 15:01:42.316,18294,18295,18294,1,-1
2022-02-11 15:01:43.968,18294,18295,18295,2,2
2022-02-11 15:01:46.596,18295,18297,18295,2,-2
2022-02-11 15:01:46.596,18295,18297,18294,3,-3
2022-02-11 15:01:46.807,18295,18296,18296,1,1
2022-02-11 15:01:47.915,18295,18297,18295,2,-2
2022-02-11 15:01:47.918,18295,18297,18295,2,-2
2022-02-11 15:01:47.952,18294,18297,18297,1,1
2022-02-11 15:01:49.504,18294,18297,18294,1,-1
2022-02-11 15:01:52.288,18294,18296,18296,1,1
2022-02-11 15:01:53.338,18295,18296,18295,1,-1
2022-02-11 15:01:53.574,18294,18295,18295,1,1
2022-02-11 15:01:55.688,18294,18295,18295,1,1
2022-02-11 15:01:56.103,18294,18296,18296,1,1
2022-02-11 15:01:56.734,18294,18296,18294,1,-1
2022-02-11 15:01:58.393,18294,18295,18295,1,1
2022-02-11 15:02:00.010,18294,18295,18294,1,-1
2022-02-11 15:02:00.011,18294,18295,18294,1,-1
2022-02-11 15:02:00.025,18294,18295,18294,1,-1
2022-02-11 15:02:00.167,18293,18295,18295,1,1
2022-02-11 15:02:00.350,18293,18295,18293,3,-3
2022-02-11 15:02:04.144,18294,18295,18294,1,-1
2022-02-11 15:02:04.426,18294,18295,18295,1,1
2022-02-11 15:02:04.558,18294,18296,18296,1,1
2022-02-11 15:02:05.198,18294,18295,18295,2,2
2022-02-11 15:02:08.503,18294,18296,18296,1,1
2022-02-11 15:02:08.757,18294,18296,18294,1,-1
2022-02-11 15:02:13.131,18294,18296,18294,1,-1
2022-02-11 15:02:15.305,18295,18296,18295,1,-1
2022-02-11 15:02:16.097,18295,18296,18295,2,-2
2022-02-11 15:02:16.190,18295,18296,18295,1,-1
2022-02-11 15:02:21.631,18294,18295,18295,1,1
2022-02-11 15:02:21.701,18294,18295,18295,1,1
2022-02-11 15:02:22.951,18294,18295,18294,1,-1
2022-02-11 15:02:26.360,18294,18295,18294,1,-1
2022-02-11 15:02:26.360,18294,18295,18294,2,-2
2022-02-11 15:02:27.943,18293,18294,18293,15,-15
2022-02-11 15:02:27.944,18293,18294,18292,2,-2
2022-02-11 15:02:28.227,18292,18293,18293,1,1
2022-02-11 15:02:32.934,18292,18293,18292,1,-1
2022-02-11 15:02:35.111,18292,18293,18293,1,1
2022-02-11 15:02:35.230,18292,18293,18293,1,1
2022-02-11 15:02:36.002,18292,18293,18293,1,1
2022-02-11 15:02:36.087,18292,18293,18292,1,-1
2022-02-11 15:02:36.510,18292,18293,18292,1,-1
2022-02-11 15:02:37.386,18292,18293,18293,1,1
2022-02-11 15:02:37.386,18292,18293,18293,1,1
2022-02-11 15:02:37.451,18293,18294,18294,1,1
2022-02-11 15:02:37.454,18293,18294,18294,4,4
2022-02-11 15:02:37.489,18293,18294,18294,1,1
2022-02-11 15:02:37.977,18294,18295,18294,1,-1
2022-02-11 15:02:40.398,18294,18295,18295,1,1
2022-02-11 15:02:41.511,18294,18295,18295,3,3
2022-02-11 15:02:42.078,18295,18296,18296,1,1
2022-02-11 15:02:42.079,18295,18296,18296,5,5
2022-02-11 15:02:42.240,18295,18297,18297,3,3
2022-02-11 15:02:45.072,18297,18298,18298,5,5
2022-02-11 15:02:47.000,18298,18299,18299,1,1
2022-02-11 15:02:47.498,18298,18299,18299,1,1
2022-02-11 15:02:48.022,18298,18299,18298,1,-1
2022-02-11 15:02:49.516,18298,18299,18298,1,-1
2022-02-11 15:02:49.625,18297,18298,18298,2,2
2022-02-11 15:02:52.875,18297,18298,18297,1,-1
2022-02-11 15:02:52.875,18297,18298,18297,4,-4
2022-02-11 15:02:52.875,18297,18298,18297,9,-9
2022-02-11 15:02:52.950,18296,18297,18297,2,2
2022-02-11 15:02:53.538,18296,18297,18297,2,2
2022-02-11 15:02:53.944,18296,18297,18297,3,3
2022-02-11 15:02:54.275,18296,18297,18297,1,1
2022-02-11 15:02:54.616,18296,18297,18296,1,-1
2022-02-11 15:02:54.809,18295,18297,18297,6,6
2022-02-11 15:02:54.809,18295,18297,18298,3,3
2022-02-11 15:02:55.567,18296,18298,18298,1,1
2022-02-11 15:02:57.596,18295,18297,18297,1,1
2022-02-11 15:02:58.863,18295,18298,18296,1,-1
2022-02-11 15:03:00.050,18295,18298,18298,1,1
2022-02-11 15:03:00.066,18295,18298,18298,2,2
2022-02-11 15:03:00.078,18296,18298,18298,1,1
2022-02-11 15:03:00.078,18296,18298,18298,3,3
2022-02-11 15:03:00.078,18296,18298,18298,1,1
2022-02-11 15:03:00.078,18296,18298,18299,1,1
2022-02-11 15:03:00.078,18296,18298,18299,1,1
2022-02-11 15:03:00.083,18296,18298,18299,3,3
2022-02-11 15:03:00.085,18296,18298,18299,1,1
2022-02-11 15:03:00.135,18296,18298,18299,1,1
2022-02-11 15:03:00.335,18297,18299,18299,2,2
2022-02-11 15:03:03.638,18297,18299,18297,1,-1
2022-02-11 15:03:03.662,18297,18299,18297,4,-4
2022-02-11 15:03:03.701,18296,18298,18298,1,1
2022-02-11 15:03:03.701,18296,18298,18298,1,1
2022-02-11 15:03:10.332,18296,18297,18297,1,1
2022-02-11 15:03:14.127,18295,18297,18297,4,4
2022-02-11 15:03:14.127,18295,18297,18298,10,10
2022-02-11 15:03:14.129,18295,18297,18298,6,6
2022-02-11 15:03:14.201,18296,18298,18298,1,1
2022-02-11 15:03:21.270,18298,18299,18299,1,1
2022-02-11 15:03:25.442,18298,18299,18299,1,1
2022-02-11 15:03:25.452,18298,18299,18299,1,1
2022-02-11 15:03:25.453,18298,18299,18299,1,1
2022-02-11 15:03:27.767,18298,18299,18299,1,1
2022-02-11 15:03:27.767,18298,18299,18299,5,5
2022-02-11 15:03:27.767,18298,18299,18299,5,5
2022-02-11 15:03:30.590,18299,18300,18299,1,-1
2022-02-11 15:03:30.701,18299,18300,18300,1,1
2022-02-11 15:03:30.880,18299,18300,18300,1,1
2022-02-11 15:03:30.915,18299,18300,18300,2,2
2022-02-11 15:03:30.942,18299,18300,18300,2,2
2022-02-11 15:03:33.041,18299,18300,18299,1,-1
2022-02-11 15:03:34.607,18299,18300,18299,3,-3
2022-02-11 15:03:34.632,18299,18300,18298,1,-1
2022-02-11 15:03:34.657,18299,18300,18298,1,-1
2022-02-11 15:03:34.657,18299,18300,18298,3,-3
2022-02-11 15:03:34.657,18299,18300,18297,6,-6
2022-02-11 15:03:34.657,18299,18300,18296,4,-4
2022-02-11 15:03:34.665,18299,18300,18298,1,-1
2022-02-11 15:03:34.683,18299,18300,18296,3,-3
2022-02-11 15:03:34.733,18295,18298,18295,2,-2
2022-02-11 15:03:34.758,18295,18298,18295,3,-3
2022-02-11 15:03:34.808,18295,18298,18295,4,-4
2022-02-11 15:03:34.859,18295,18296,18295,1,-1
2022-02-11 15:03:34.884,18295,18296,18295,2,-2
2022-02-11 15:03:34.889,18295,18296,18295,1,-1
2022-02-11 15:03:34.934,18295,18296,18295,1,-1
2022-02-11 15:03:34.934,18295,18296,18295,1,-1
2022-02-11 15:03:34.934,18295,18296,18294,1,-1
2022-02-11 15:03:36.062,18294,18295,18294,2,-2
2022-02-11 15:03:39.602,18293,18295,18295,3,3
2022-02-11 15:03:39.701,18293,18295,18295,1,1
2022-02-11 15:03:41.977,18294,18295,18295,7,7
2022-02-11 15:03:47.242,18296,18298,18296,2,-2
2022-02-11 15:04:00.987,18296,18297,18296,2,-2
2022-02-11 15:04:07.839,18296,18297,18296,1,-1
2022-02-11 15:04:09.905,18295,18296,18296,1,1
2022-02-11 15:04:09.905,18295,18296,18297,1,1
2022-02-11 15:04:12.366,18295,18297,18297,1,1
2022-02-11 15:04:12.810,18295,18297,18297,1,1
2022-02-11 15:04:17.092,18294,18296,18296,1,1
2022-02-11 15:04:18.178,18294,18297,18297,1,1
2022-02-11 15:04:23.717,18295,18297,18295,1,-1
2022-02-11 15:04:28.161,18294,18296,18296,1,1
2022-02-11 15:04:31.453,18294,18295,18295,1,1
2022-02-11 15:04:31.453,18294,18295,18296,4,4
2022-02-11 15:04:35.654,18295,18296,18296,2,2
2022-02-11 15:04:35.654,18295,18296,18297,3,3
2022-02-11 15:04:38.110,18295,18296,18296,1,1
2022-02-11 15:04:38.110,18295,18296,18297,3,3
2022-02-11 15:04:38.853,18296,18297,18296,1,-1
2022-02-11 15:04:40.404,18296,18297,18297,1,1
2022-02-11 15:04:40.806,18296,18297,18296,1,-1
2022-02-11 15:05:00.399,18296,18297,18297,1,1
2022-02-11 15:05:00.454,18296,18297,18297,2,2
2022-02-11 15:05:00.454,18296,18297,18297,1,1
2022-02-11 15:05:00.454,18296,18297,18298,1,1
2022-02-11 15:05:00.454,18296,18297,18298,2,2
2022-02-11 15:05:00.455,18296,18297,18298,1,1
2022-02-11 15:05:00.651,18296,18298,18298,1,1
2022-02-11 15:05:00.659,18296,18298,18298,1,1
2022-02-11 15:05:00.664,18296,18298,18298,1,1
2022-02-11 15:05:00.778,18297,18299,18299,1,1
2022-02-11 15:05:00.799,18297,18299,18299,1,1
2022-02-11 15:05:00.842,18297,18299,18299,1,1
2022-02-11 15:05:00.940,18297,18299,18299,1,1
2022-02-11 15:05:00.946,18297,18299,18299,1,1
2022-02-11 15:05:00.964,18298,18299,18299,1,1
2022-02-11 15:05:00.977,18298,18299,18299,1,1
2022-02-11 15:05:01.030,18298,18299,18299,1,1
2022-02-11 15:05:01.051,18298,18299,18300,1,1
2022-02-11 15:05:01.077,18298,18300,18300,1,1
2022-02-11 15:05:01.077,18298,18300,18300,1,1
2022-02-11 15:05:01.119,18298,18300,18300,1,1
2022-02-11 15:05:01.210,18298,18300,18300,4,4
2022-02-11 15:05:01.243,18298,18300,18300,1,1
2022-02-11 15:05:01.278,18298,18300,18300,1,1
2022-02-11 15:05:01.336,18298,18300,18300,1,1
2022-02-11 15:05:05.006,18297,18299,18297,5,-5
2022-02-11 15:05:05.009,18297,18299,18297,1,-1
2022-02-11 15:05:09.700,18297,18298,18298,1,1
2022-02-11 15:05:09.700,18297,18298,18298,1,1
2022-02-11 15:05:09.828,18298,18299,18299,4,4
2022-02-11 15:05:10.243,18299,18300,18299,2,-2
2022-02-11 15:05:14.279,18299,18300,18299,1,-1
2022-02-11 15:05:20.651,18298,18299,18298,1,-1
2022-02-11 15:05:20.651,18298,18299,18298,1,-1
2022-02-11 15:05:20.651,18298,18299,18298,1,-1
2022-02-11 15:05:20.651,18298,18299,18298,1,-1
2022-02-11 15:05:27.258,18298,18299,18298,1,-1
2022-02-11 15:05:27.326,18298,18299,18299,1,1
2022-02-11 15:05:27.327,18298,18299,18299,1,1
2022-02-11 15:05:29.044,18298,18299,18298,1,-1
2022-02-11 15:05:29.077,18297,18299,18299,1,1
2022-02-11 15:05:35.099,18297,18298,18297,1,-1
2022-02-11 15:05:39.337,18297,18298,18297,1,-1
2022-02-11 15:05:39.660,18297,18298,18297,1,-1
2022-02-11 15:05:39.826,18297,18298,18298,1,1
2022-02-11 15:05:48.396,18298,18299,18298,1,-1
2022-02-11 15:05:48.451,18297,18299,18299,1,1
2022-02-11 15:05:48.451,18297,18299,18299,1,1
2022-02-11 15:05:48.451,18297,18299,18299,1,1
2022-02-11 15:05:48.452,18297,18299,18299,1,1
2022-02-11 15:05:48.452,18297,18299,18299,1,1
2022-02-11 15:05:52.507,18297,18298,18297,1,-1
2022-02-11 15:05:56.704,18297,18298,18298,1,1
2022-02-11 15:06:00.817,18297,18299,18298,3,3
2022-02-11 15:06:00.817,18297,18299,18297,5,-5
2022-02-11 15:06:00.828,18297,18299,18299,1,1
2022-02-11 15:06:00.838,18297,18299,18299,4,4
2022-02-11 15:06:00.877,18297,18299,18300,4,4
2022-02-11 15:06:00.884,18297,18299,18300,4,4
2022-02-11 15:06:00.887,18297,18299,18300,4,4
2022-02-11 15:06:00.921,18297,18299,18300,4,4
2022-02-11 15:06:00.952,18299,18300,18300,4,4
2022-02-11 15:06:00.952,18299,18300,18300,12,12
2022-02-11 15:06:00.952,18299,18300,18300,5,5
2022-02-11 15:06:00.952,18299,18300,18300,1,1
2022-02-11 15:06:00.953,18299,18300,18300,1,1
2022-02-11 15:06:01.985,18299,18301,18299,1,-1
2022-02-11 15:06:02.076,18299,18301,18301,1,1
2022-02-11 15:06:04.399,18300,18301,18301,7,7
2022-02-11 15:06:04.399,18300,18301,18301,1,1
2022-02-11 15:06:04.400,18300,18301,18301,2,2
2022-02-11 15:06:04.995,18300,18301,18300,1,-1
2022-02-11 15:06:05.142,18299,18301,18301,6,6
2022-02-11 15:06:05.142,18299,18301,18302,6,6
2022-02-11 15:06:05.383,18299,18302,18302,1,1
2022-02-11 15:06:05.407,18299,18302,18302,1,1
2022-02-11 15:06:05.580,18299,18302,18300,2,-2
2022-02-11 15:06:05.663,18299,18302,18300,1,-1
2022-02-11 15:06:05.663,18299,18302,18299,2,-2
2022-02-11 15:06:13.786,18299,18300,18300,1,1
2022-02-11 15:06:15.464,18299,18300,18299,1,-1
2022-02-11 15:06:15.576,18299,18300,18300,1,1
2022-02-11 15:06:15.576,18299,18300,18300,1,1
2022-02-11 15:06:15.576,18299,18300,18300,1,1
2022-02-11 15:06:17.075,18299,18300,18300,2,2
2022-02-11 15:06:19.798,18300,18301,18300,1,-1
2022-02-11 15:06:20.404,18300,18301,18301,1,1
2022-02-11 15:06:21.874,18300,18301,18301,4,4
2022-02-11 15:06:27.138,18300,18301,18301,1,1
2022-02-11 15:06:28.215,18300,18301,18301,1,1
2022-02-11 15:06:28.291,18300,18301,18300,1,-1
2022-02-11 15:06:28.326,18300,18301,18301,1,1
2022-02-11 15:06:29.688,18300,18301,18301,1,1
2022-02-11 15:06:31.289,18300,18301,18300,1,-1
2022-02-11 15:06:34.916,18300,18301,18301,1,1
2022-02-11 15:06:40.285,18300,18301,18301,1,1
2022-02-11 15:06:41.367,18300,18301,18300,1,-1
2022-02-11 15:06:41.452,18300,18301,18301,1,1
2022-02-11 15:06:42.697,18300,18301,18301,2,2
2022-02-11 15:06:43.030,18301,18302,18301,1,-1
2022-02-11 15:06:49.670,18301,18302,18302,2,2
2022-02-11 15:06:53.425,18301,18302,18302,5,5
2022-02-11 15:06:56.155,18302,18303,18303,8,8
2022-02-11 15:06:56.678,18302,18303,18303,1,1
2022-02-11 15:06:56.846,18302,18303,18303,1,1
2022-02-11 15:06:56.851,18302,18303,18303,1,1
2022-02-11 15:06:56.857,18302,18303,18303,1,1
2022-02-11 15:06:56.917,18302,18303,18302,1,-1
2022-02-11 15:06:57.204,18302,18303,18303,1,1
2022-02-11 15:06:57.834,18303,18304,18304,1,1
2022-02-11 15:06:58.016,18303,18304,18304,3,3
2022-02-11 15:06:58.273,18303,18304,18304,2,2
2022-02-11 15:06:58.510,18303,18304,18303,1,-1
2022-02-11 15:06:58.510,18303,18304,18302,3,-3
2022-02-11 15:06:59.681,18301,18303,18301,3,-3
2022-02-11 15:06:59.986,18302,18303,18303,2,2
2022-02-11 15:06:59.986,18302,18303,18304,1,1
2022-02-11 15:07:00.425,18302,18304,18304,1,1
2022-02-11 15:07:00.450,18302,18304,18304,1,1
2022-02-11 15:07:00.452,18302,18304,18304,1,1
2022-02-11 15:07:00.452,18302,18304,18304,1,1
2022-02-11 15:07:00.452,18302,18304,18304,3,3
2022-02-11 15:07:00.452,18302,18304,18304,1,1
2022-02-11 15:07:00.453,18302,18304,18304,1,1
2022-02-11 15:07:00.453,18302,18304,18304,1,1
2022-02-11 15:07:00.471,18302,18304,18304,1,1
2022-02-11 15:07:00.474,18302,18304,18304,1,1
2022-02-11 15:07:00.529,18302,18304,18302,1,-1
2022-02-11 15:07:00.580,18302,18304,18304,1,1
2022-02-11 15:07:00.613,18302,18304,18304,1,1
2022-02-11 15:07:02.188,18302,18305,18304,1,1
2022-02-11 15:07:02.201,18302,18304,18304,1,1
2022-02-11 15:07:07.154,18303,18304,18304,1,1
2022-02-11 15:07:07.557,18303,18304,18303,1,-1
2022-02-11 15:07:08.022,18303,18304,18303,1,-1
2022-02-11 15:07:08.076,18303,18304,18304,1,1
2022-02-11 15:07:08.357,18303,18304,18304,1,1
2022-02-11 15:07:12.273,18303,18304,18304,1,1
2022-02-11 15:07:15.897,18303,18304,18304,5,5
2022-02-11 15:07:17.744,18303,18304,18303,1,-1
2022-02-11 15:07:20.391,18303,18304,18304,3,3
2022-02-11 15:07:20.448,18303,18304,18303,1,-1
2022-02-11 15:07:21.112,18303,18304,18304,2,2
2022-02-11 15:07:21.288,18303,18304,18304,1,1
2022-02-11 15:07:21.288,18303,18304,18304,1,1
2022-02-11 15:07:21.288,18303,18304,18304,2,2
2022-02-11 15:07:27.773,18304,18305,18305,5,5
2022-02-11 15:07:27.885,18304,18305,18305,2,2
2022-02-11 15:07:27.886,18304,18305,18305,1,1
2022-02-11 15:07:27.950,18304,18305,18305,1,1
2022-02-11 15:07:27.991,18304,18305,18305,1,1
2022-02-11 15:07:28.099,18304,18305,18305,2,2
2022-02-11 15:07:28.201,18304,18305,18305,1,1
2022-02-11 15:07:28.713,18304,18305,18305,16,16
2022-02-11 15:07:29.097,18305,18306,18306,2,2
2022-02-11 15:07:29.263,18305,18306,18306,2,2
2022-02-11 15:07:29.505,18305,18306,18306,1,1
2022-02-11 15:07:29.939,18305,18306,18306,1,1
2022-02-11 15:07:30.276,18305,18306,18306,1,1
2022-02-11 15:07:30.580,18305,18306,18305,1,-1
2022-02-11 15:07:30.922,18305,18306,18306,1,1
2022-02-11 15:07:31.621,18305,18306,18305,1,-1
2022-02-11 15:07:34.288,18305,18306,18306,1,1
2022-02-11 15:07:35.652,18305,18306,18305,1,-1
2022-02-11 15:07:36.613,18305,18306,18306,1,1
2022-02-11 15:07:36.810,18305,18306,18306,1,1
2022-02-11 15:07:36.812,18305,18306,18306,1,1
2022-02-11 15:07:38.208,18305,18306,18306,1,1
2022-02-11 15:07:38.326,18305,18306,18306,1,1
2022-02-11 15:07:38.326,18305,18306,18306,1,1
2022-02-11 15:07:38.327,18305,18306,18306,1,1
2022-02-11 15:07:39.158,18305,18306,18306,1,1
2022-02-11 15:07:39.806,18305,18306,18306,1,1
2022-02-11 15:07:41.606,18306,18307,18306,1,-1
2022-02-11 15:07:42.536,18306,18307,18307,1,1
2022-02-11 15:07:42.590,18306,18307,18306,1,-1
2022-02-11 15:07:42.661,18306,18307,18307,2,2
2022-02-11 15:07:42.668,18306,18307,18307,1,1
2022-02-11 15:07:42.978,18306,18307,18307,10,10
2022-02-11 15:07:43.099,18307,18308,18308,1,1
2022-02-11 15:07:43.123,18307,18308,18307,1,-1
2022-02-11 15:07:43.274,18306,18308,18308,1,1
2022-02-11 15:07:43.306,18306,18308,18308,2,2
2022-02-11 15:07:43.709,18306,18308,18306,1,-1
2022-02-11 15:07:46.508,18307,18308,18307,1,-1
2022-02-11 15:07:46.508,18307,18308,18307,1,-1
2022-02-11 15:07:46.508,18307,18308,18307,1,-1
2022-02-11 15:07:46.509,18307,18308,18307,3,-3
2022-02-11 15:07:46.509,18307,18308,18307,4,-4
2022-02-11 15:07:47.018,18306,18307,18306,1,-1
2022-02-11 15:07:47.076,18305,18307,18307,1,1
2022-02-11 15:07:49.653,18306,18307,18307,2,2
2022-02-11 15:07:50.623,18307,18308,18307,3,-3
2022-02-11 15:07:50.784,18306,18308,18307,2,2
2022-02-11 15:07:50.784,18306,18308,18308,1,1
2022-02-11 15:07:50.953,18306,18307,18306,2,-2
2022-02-11 15:07:51.041,18306,18307,18306,2,-2
2022-02-11 15:07:51.156,18306,18307,18307,2,2
2022-02-11 15:07:51.156,18306,18307,18308,1,1
2022-02-11 15:07:51.528,18306,18308,18306,1,-1
2022-02-11 15:07:51.731,18306,18307,18306,2,-2
2022-02-11 15:07:51.881,18305,18307,18306,5,5
2022-02-11 15:07:54.911,18306,18307,18306,1,-1
2022-02-11 15:07:55.690,18305,18307,18307,1,1
2022-02-11 15:07:55.841,18305,18307,18307,1,1
2022-02-11 15:07:58.247,18306,18307,18306,1,-1
2022-02-11 15:07:59.759,18306,18307,18307,2,2
2022-02-11 15:08:00.048,18306,18308,18308,1,1
2022-02-11 15:08:00.051,18306,18308,18308,1,1
2022-02-11 15:08:00.059,18306,18308,18308,1,1
2022-02-11 15:08:00.069,18306,18308,18308,1,1
2022-02-11 15:08:00.243,18306,18308,18308,2,2
2022-02-11 15:08:00.246,18306,18308,18308,2,2
2022-02-11 15:08:00.251,18306,18308,18308,2,2
2022-02-11 15:08:00.275,18306,18308,18308,2,2
2022-02-11 15:08:00.312,18306,18308,18308,1,1
2022-02-11 15:08:00.334,18306,18308,18308,2,2
2022-02-11 15:08:00.351,18306,18308,18308,2,2
2022-02-11 15:08:03.703,18307,18308,18307,2,-2
2022-02-11 15:08:04.027,18307,18308,18307,1,-1
2022-02-11 15:08:06.084,18307,18308,18308,8,8
2022-02-11 15:08:06.084,18307,18308,18309,7,7
2022-02-11 15:08:06.086,18307,18308,18309,4,4
2022-02-11 15:08:06.262,18308,18310,18310,2,2
2022-02-11 15:08:06.390,18308,18310,18310,2,2
2022-02-11 15:08:06.393,18308,18310,18310,4,4
2022-02-11 15:08:06.865,18308,18310,18310,2,2
2022-02-11 15:08:09.145,18308,18309,18308,2,-2
2022-02-11 15:08:09.635,18308,18309,18308,3,-3
2022-02-11 15:08:10.574,18308,18309,18308,1,-1
2022-02-11 15:08:10.671,18308,18309,18309,2,2
2022-02-11 15:08:13.983,18308,18309,18308,15,-15
2022-02-11 15:08:14.156,18307,18308,18308,1,1
2022-02-11 15:08:14.978,18307,18308,18308,3,3
2022-02-11 15:08:15.162,18307,18308,18308,1,1
2022-02-11 15:08:15.369,18307,18308,18308,2,2
2022-02-11 15:08:16.184,18307,18309,18309,1,1
2022-02-11 15:08:17.697,18307,18308,18308,1,1
2022-02-11 15:08:17.697,18307,18308,18308,1,1
2022-02-11 15:08:17.701,18307,18309,18309,1,1
2022-02-11 15:08:18.648,18307,18308,18308,1,1
2022-02-11 15:08:18.692,18307,18308,18308,1,1
2022-02-11 15:08:19.826,18308,18309,18308,1,-1
2022-02-11 15:08:21.613,18307,18309,18307,2,-2
2022-02-11 15:08:26.290,18307,18309,18309,16,16
2022-02-11 15:08:26.350,18308,18309,18309,1,1
2022-02-11 15:08:28.252,18307,18309,18307,1,-1
2022-02-11 15:08:29.086,18308,18309,18309,2,2
2022-02-11 15:08:29.576,18308,18309,18308,2,-2
2022-02-11 15:08:31.673,18307,18309,18307,1,-1
2022-02-11 15:08:35.663,18308,18309,18308,1,-1
2022-02-11 15:08:38.516,18308,18309,18309,5,5
2022-02-11 15:08:39.968,18308,18309,18309,1,1
2022-02-11 15:08:41.552,18308,18309,18308,1,-1
2022-02-11 15:08:43.865,18308,18309,18308,16,-16
2022-02-11 15:08:43.866,18308,18309,18308,1,-1
2022-02-11 15:08:43.866,18308,18309,18308,1,-1
2022-02-11 15:08:43.866,18308,18309,18308,3,-3
2022-02-11 15:08:44.557,18307,18308,18307,1,-1
2022-02-11 15:08:46.831,18307,18308,18307,1,-1
2022-02-11 15:08:46.914,18307,18308,18308,1,1
2022-02-11 15:08:46.914,18307,18308,18309,4,4
2022-02-11 15:08:47.394,18307,18309,18309,1,1
2022-02-11 15:08:48.671,18307,18309,18309,1,1
2022-02-11 15:08:50.119,18307,18308,18307,1,-1
2022-02-11 15:08:53.573,18307,18308,18307,3,-3
2022-02-11 15:08:59.440,18306,18307,18307,4,4
2022-02-11 15:09:00.028,18306,18307,18307,1,1
2022-02-11 15:09:00.078,18306,18308,18308,1,1
2022-02-11 15:09:00.078,18306,18308,18308,2,2
2022-02-11 15:09:00.078,18306,18308,18308,1,1
2022-02-11 15:09:00.078,18306,18308,18308,1,1
2022-02-11 15:09:00.078,18306,18308,18308,1,1
2022-02-11 15:09:00.079,18306,18308,18309,1,1
2022-02-11 15:09:00.079,18306,18308,18309,1,1
2022-02-11 15:09:00.168,18306,18308,18307,2,2
2022-02-11 15:09:02.103,18307,18309,18307,1,-1
2022-02-11 15:09:02.202,18307,18309,18309,1,1
2022-02-11 15:09:02.347,18307,18309,18309,1,1
2022-02-11 15:09:05.844,18307,18309,18307,5,-5
2022-02-11 15:09:08.180,18307,18309,18307,2,-2
2022-02-11 15:09:10.628,18306,18308,18307,1,1
2022-02-11 15:09:10.702,18306,18307,18307,1,1
2022-02-11 15:09:10.702,18306,18307,18308,1,1
2022-02-11 15:09:12.059,18308,18309,18309,12,12
2022-02-11 15:09:13.421,18309,18310,18309,1,-1
2022-02-11 15:09:13.422,18309,18310,18309,1,-1
2022-02-11 15:09:13.422,18309,18310,18309,1,-1
2022-02-11 15:09:13.422,18309,18310,18309,1,-1
2022-02-11 15:09:14.449,18308,18309,18309,1,1
2022-02-11 15:09:14.449,18308,18309,18309,1,1
2022-02-11 15:09:15.750,18308,18310,18308,2,-2
2022-02-11 15:09:16.407,18308,18309,18309,1,1
2022-02-11 15:09:19.666,18307,18309,18307,1,-1
2022-02-11 15:09:19.701,18307,18309,18309,1,1
2022-02-11 15:09:19.701,18307,18309,18309,1,1
2022-02-11 15:09:19.702,18307,18309,18309,1,1
2022-02-11 15:09:19.702,18307,18309,18309,1,1
2022-02-11 15:09:19.702,18307,18309,18309,1,1
2022-02-11 15:09:19.702,18307,18309,18309,1,1
2022-02-11 15:09:20.402,18308,18309,18309,1,1
2022-02-11 15:09:22.377,18307,18309,18307,5,-5
2022-02-11 15:09:25.530,18308,18309,18308,1,-1
2022-02-11 15:09:30.852,18308,18309,18308,1,-1
2022-02-11 15:09:30.852,18308,18309,18307,1,-1
2022-02-11 15:09:33.918,18308,18309,18308,1,-1
2022-02-11 15:09:33.918,18308,18309,18307,2,-2
2022-02-11 15:09:33.951,18307,18309,18309,1,1
2022-02-11 15:09:33.951,18307,18309,18309,1,1
2022-02-11 15:09:36.700,18307,18308,18308,1,1
2022-02-11 15:09:40.395,18308,18309,18309,1,1
2022-02-11 15:09:40.451,18308,18309,18309,1,1
2022-02-11 15:09:42.588,18307,18309,18309,3,3
2022-02-11 15:09:46.482,18308,18309,18308,4,-4
2022-02-11 15:09:46.482,18308,18309,18307,1,-1
2022-02-11 15:09:52.009,18308,18309,18308,1,-1
2022-02-11 15:09:57.582,18307,18309,18308,1,1
2022-02-11 15:09:57.939,18307,18309,18307,2,-2
2022-02-11 15:09:59.152,18307,18309,18309,1,1
2022-02-11 15:10:00.037,18307,18309,18309,1,1
2022-02-11 15:10:00.048,18307,18309,18309,1,1
2022-02-11 15:10:00.070,18307,18309,18309,1,1
2022-02-11 15:10:00.343,18307,18309,18309,2,2
2022-02-11 15:10:00.474,18307,18309,18309,1,1
2022-02-11 15:10:00.514,18307,18309,18309,1,1
2022-02-11 15:10:00.521,18307,18309,18309,1,1
2022-02-11 15:10:00.531,18307,18309,18310,1,1
2022-02-11 15:10:00.570,18307,18309,18310,1,1
2022-02-11 15:10:00.611,18307,18310,18310,1,1
2022-02-11 15:10:04.974,18308,18310,18308,5,-5
2022-02-11 15:10:04.974,18308,18310,18307,1,-1
2022-02-11 15:10:07.353,18309,18310,18309,1,-1
2022-02-11 15:10:08.674,18309,18310,18309,1,-1
2022-02-11 15:10:09.307,18308,18309,18308,1,-1
2022-02-11 15:10:09.307,18308,18309,18307,4,-4
2022-02-11 15:10:11.437,18307,18309,18309,4,4
2022-02-11 15:10:11.686,18308,18309,18309,2,2
2022-02-11 15:10:11.687,18308,18309,18309,2,2
2022-02-11 15:10:16.501,18308,18309,18309,1,1
2022-02-11 15:10:16.737,18308,18309,18309,1,1
2022-02-11 15:10:18.212,18308,18309,18309,1,1
2022-02-11 15:10:20.831,18308,18309,18309,1,1
2022-02-11 15:10:23.325,18308,18310,18310,1,1
2022-02-11 15:10:26.231,18308,18309,18309,1,1
2022-02-11 15:10:27.615,18308,18309,18309,1,1
2022-02-11 15:10:27.702,18308,18310,18310,1,1
2022-02-11 15:10:28.543,18308,18309,18308,1,-1
2022-02-11 15:10:29.615,18308,18309,18308,10,-10
2022-02-11 15:10:29.615,18308,18309,18308,1,-1
2022-02-11 15:10:29.615,18308,18309,18308,2,-2
2022-02-11 15:10:29.615,18308,18309,18308,2,-2
2022-02-11 15:10:29.615,18308,18309,18308,1,-1
2022-02-11 15:10:29.615,18308,18309,18308,3,-3
2022-02-11 15:10:29.615,18308,18309,18308,3,-3
2022-02-11 15:10:29.716,18307,18308,18308,2,2
2022-02-11 15:10:30.943,18307,18309,18309,4,4
2022-02-11 15:10:32.009,18307,18309,18307,1,-1
2022-02-11 15:10:32.996,18307,18308,18308,1,1
2022-02-11 15:10:33.954,18307,18309,18309,1,1
2022-02-11 15:10:35.108,18307,18309,18308,1,1
2022-02-11 15:10:37.794,18307,18308,18307,13,-13
2022-02-11 15:10:40.396,18306,18308,18307,3,3
2022-02-11 15:10:41.332,18306,18307,18307,1,1
2022-02-11 15:10:43.337,18306,18307,18306,2,-2
2022-02-11 15:10:43.474,18305,18306,18306,1,1
2022-02-11 15:10:45.113,18305,18306,18306,1,1
2022-02-11 15:10:48.355,18305,18306,18305,1,-1
2022-02-11 15:10:48.355,18305,18306,18305,1,-1
2022-02-11 15:10:48.355,18305,18306,18305,1,-1
2022-02-11 15:10:48.355,18305,18306,18305,1,-1
2022-02-11 15:10:48.356,18305,18306,18305,1,-1
2022-02-11 15:10:48.356,18305,18306,18305,1,-1
2022-02-11 15:10:48.361,18305,18306,18305,2,-2
2022-02-11 15:10:48.361,18305,18306,18305,1,-1
2022-02-11 15:10:48.364,18305,18306,18305,1,-1
2022-02-11 15:10:48.530,18303,18305,18303,1,-1
2022-02-11 15:10:48.691,18303,18305,18305,1,1
2022-02-11 15:10:53.607,18303,18305,18303,22,-22
2022-02-11 15:10:53.609,18303,18305,18303,3,-3
2022-02-11 15:10:53.609,18303,18305,18303,36,-36
2022-02-11 15:10:53.610,18303,18305,18304,4,4
2022-02-11 15:10:53.610,18303,18305,18304,1,1
2022-02-11 15:10:54.530,18303,18305,18305,1,1
2022-02-11 15:10:55.338,18304,18305,18305,2,2
2022-02-11 15:10:55.338,18304,18305,18306,7,7
2022-02-11 15:10:55.978,18305,18307,18305,1,-1
2022-02-11 15:11:00.081,18304,18305,18305,1,1
2022-02-11 15:11:00.466,18304,18306,18306,1,1
2022-02-11 15:11:03.492,18304,18305,18304,1,-1
2022-02-11 15:11:05.018,18304,18306,18304,1,-1
2022-02-11 15:11:09.307,18303,18305,18303,1,-1
2022-02-11 15:11:11.357,18303,18305,18303,5,-5
2022-02-11 15:11:14.506,18303,18304,18303,2,-2
2022-02-11 15:11:15.060,18303,18304,18303,2,-2
2022-02-11 15:11:15.734,18302,18304,18302,2,-2
2022-02-11 15:11:16.957,18303,18304,18303,1,-1
2022-02-11 15:11:21.475,18303,18304,18303,3,-3
2022-02-11 15:11:21.558,18303,18304,18302,1,-1
2022-02-11 15:11:26.279,18302,18303,18303,1,1
2022-02-11 15:11:30.862,18302,18303,18302,3,-3
2022-02-11 15:11:31.376,18302,18303,18303,1,1
2022-02-11 15:11:37.902,18302,18303,18303,1,1
2022-02-11 15:11:39.588,18302,18303,18303,2,2
2022-02-11 15:11:42.199,18303,18304,18303,1,-1
2022-02-11 15:11:42.544,18303,18304,18304,2,2
2022-02-11 15:11:43.217,18303,18304,18303,5,-5
2022-02-11 15:11:48.107,18302,18303,18303,1,1
2022-02-11 15:11:53.084,18302,18303,18303,9,9
2022-02-11 15:11:54.772,18303,18304,18304,3,3
2022-02-11 15:11:54.772,18303,18304,18305,2,2
2022-02-11 15:11:57.318,18304,18305,18304,1,-1
2022-02-11 15:11:59.918,18304,18305,18305,1,1
2022-02-11 15:12:02.147,18304,18306,18305,1,1
2022-02-11 15:12:02.177,18304,18306,18305,2,2
2022-02-11 15:12:02.222,18305,18306,18305,1,-1
2022-02-11 15:12:03.268,18305,18306,18305,1,-1
2022-02-11 15:12:03.622,18305,18306,18305,1,-1
2022-02-11 15:12:09.919,18305,18306,18305,1,-1
2022-02-11 15:12:10.326,18305,18306,18306,1,1
2022-02-11 15:12:11.213,18305,18306,18305,4,-4
2022-02-11 15:12:12.832,18305,18306,18305,1,-1
2022-02-11 15:12:16.633,18305,18306,18306,1,1
2022-02-11 15:12:19.541,18305,18306,18306,1,1
2022-02-11 15:12:20.827,18305,18306,18305,1,-1
2022-02-11 15:12:26.099,18305,18306,18305,2,-2
2022-02-11 15:12:32.093,18305,18306,18305,1,-1
2022-02-11 15:12:32.553,18305,18306,18306,4,4
2022-02-11 15:12:36.986,18305,18306,18306,1,1
2022-02-11 15:12:36.986,18305,18306,18306,1,1
2022-02-11 15:12:36.986,18305,18306,18306,3,3
2022-02-11 15:12:40.398,18306,18307,18307,2,2
2022-02-11 15:12:40.903,18306,18307,18306,1,-1
2022-02-11 15:12:47.861,18306,18307,18307,3,3
2022-02-11 15:12:47.861,18306,18307,18308,7,7
2022-02-11 15:13:00.760,18307,18308,18307,2,-2
2022-02-11 15:13:01.214,18306,18308,18308,2,2
2022-02-11 15:13:01.326,18306,18308,18308,1,1
2022-02-11 15:13:01.327,18306,18308,18308,1,1
2022-02-11 15:13:01.327,18306,18308,18308,1,1
2022-02-11 15:13:01.745,18306,18308,18306,1,-1
2022-02-11 15:13:02.076,18306,18308,18308,1,1
2022-02-11 15:13:10.089,18307,18308,18307,1,-1
2022-02-11 15:13:19.837,18307,18308,18308,3,3
2022-02-11 15:13:20.405,18307,18309,18308,1,1
2022-02-11 15:13:23.432,18308,18309,18308,2,-2
2022-02-11 15:13:25.320,18307,18309,18309,1,1
2022-02-11 15:13:25.803,18308,18309,18308,1,-1
2022-02-11 15:13:28.470,18308,18309,18309,1,1
2022-02-11 15:13:28.470,18308,18309,18309,6,6
2022-02-11 15:13:28.676,18309,18310,18310,10,10
2022-02-11 15:13:28.677,18309,18310,18310,1,1
2022-02-11 15:13:28.677,18309,18310,18310,1,1
2022-02-11 15:13:28.677,18309,18310,18310,7,7
2022-02-11 15:13:28.677,18309,18310,18310,8,8
2022-02-11 15:13:28.677,18309,18310,18310,1,1
2022-02-11 15:13:29.978,18310,18311,18310,1,-1
2022-02-11 15:13:30.076,18309,18310,18310,1,1
2022-02-11 15:13:33.139,18310,18311,18310,1,-1
2022-02-11 15:13:34.356,18310,18311,18311,5,5
2022-02-11 15:13:34.531,18310,18311,18311,2,2
2022-02-11 15:13:34.606,18310,18311,18311,13,13
2022-02-11 15:13:34.982,18310,18311,18310,1,-1
2022-02-11 15:13:35.031,18310,18311,18311,1,1
2022-02-11 15:13:35.190,18310,18311,18311,6,6
2022-02-11 15:13:36.690,18311,18312,18311,1,-1
2022-02-11 15:13:37.030,18310,18311,18310,3,-3
2022-02-11 15:13:37.030,18310,18311,18310,2,-2
2022-02-11 15:13:37.030,18310,18311,18310,1,-1
2022-02-11 15:13:37.030,18310,18311,18310,6,-6
2022-02-11 15:13:37.160,18309,18310,18310,1,1
2022-02-11 15:13:38.050,18309,18310,18310,2,2
2022-02-11 15:13:38.050,18309,18310,18311,5,5
2022-02-11 15:13:38.604,18309,18310,18310,1,1
2022-02-11 15:13:38.604,18309,18310,18310,1,1
2022-02-11 15:13:38.604,18309,18310,18311,6,6
2022-02-11 15:13:40.040,18311,18312,18311,3,-3
2022-02-11 15:13:40.040,18311,18312,18311,1,-1
2022-02-11 15:13:40.084,18310,18311,18311,1,1
2022-02-11 15:13:40.402,18310,18311,18311,1,1
2022-02-11 15:13:40.693,18310,18312,18310,1,-1
2022-02-11 15:13:43.905,18311,18312,18311,1,-1
2022-02-11 15:13:44.426,18311,18312,18312,5,5
2022-02-11 15:13:44.426,18311,18312,18312,2,2
2022-02-11 15:13:44.426,18311,18312,18312,1,1
2022-02-11 15:13:44.426,18311,18312,18312,5,5
2022-02-11 15:13:44.426,18311,18312,18312,1,1
2022-02-11 15:13:44.426,18311,18312,18312,1,1
2022-02-11 15:13:44.426,18311,18312,18312,1,1
2022-02-11 15:13:44.426,18311,18312,18312,1,1
2022-02-11 15:13:44.427,18311,18312,18312,1,1
2022-02-11 15:13:44.556,18311,18313,18313,2,2
2022-02-11 15:13:44.655,18312,18313,18313,2,2
2022-02-11 15:13:44.932,18312,18313,18312,1,-1
2022-02-11 15:13:45.622,18312,18313,18313,5,5
2022-02-11 15:13:45.879,18312,18313,18312,1,-1
2022-02-11 15:13:46.235,18312,18313,18312,1,-1
2022-02-11 15:13:46.235,18312,18313,18312,3,-3
2022-02-11 15:13:47.464,18311,18312,18312,1,1
2022-02-11 15:13:49.097,18311,18313,18313,1,1
2022-02-11 15:13:49.785,18312,18313,18313,2,2
2022-02-11 15:13:51.859,18312,18313,18313,1,1
2022-02-11 15:13:55.717,18312,18313,18312,1,-1
2022-02-11 15:13:56.275,18311,18312,18312,1,1
2022-02-11 15:13:56.996,18311,18313,18313,2,2
2022-02-11 15:13:57.446,18312,18313,18312,1,-1
2022-02-11 15:13:57.461,18312,18313,18313,1,1
2022-02-11 15:13:57.950,18312,18313,18312,1,-1
2022-02-11 15:14:00.260,18312,18313,18313,1,1
2022-02-11 15:14:00.262,18312,18313,18313,1,1
2022-02-11 15:14:00.265,18312,18313,18313,1,1
2022-02-11 15:14:00.299,18312,18313,18313,1,1
2022-02-11 15:14:00.333,18312,18313,18313,1,1
2022-02-11 15:14:00.364,18312,18313,18313,1,1
2022-02-11 15:14:08.180,18312,18313,18313,1,1
2022-02-11 15:14:08.454,18312,18313,18313,1,1
2022-02-11 15:14:08.461,18312,18313,18313,1,1
2022-02-11 15:14:08.521,18312,18313,18312,1,-1
2022-02-11 15:14:08.530,18312,18313,18313,1,1
2022-02-11 15:14:13.447,18312,18313,18313,1,1
2022-02-11 15:14:16.897,18312,18313,18313,5,5
2022-02-11 15:14:20.394,18312,18313,18313,1,1
2022-02-11 15:14:20.677,18312,18313,18313,2,2
2022-02-11 15:14:20.678,18312,18313,18313,1,1
2022-02-11 15:14:21.369,18312,18313,18313,2,2
2022-02-11 15:14:22.610,18313,18314,18314,1,1
2022-02-11 15:14:22.647,18313,18314,18313,1,-1
2022-02-11 15:14:22.774,18313,18314,18314,2,2
2022-02-11 15:14:24.980,18313,18314,18314,5,5
2022-02-11 15:14:24.990,18313,18314,18314,1,1
2022-02-11 15:14:26.057,18314,18315,18314,1,-1
2022-02-11 15:14:26.320,18314,18315,18314,2,-2
2022-02-11 15:14:26.320,18314,18315,18313,2,-2
2022-02-11 15:14:27.695,18314,18315,18314,1,-1
2022-02-11 15:14:27.969,18314,18315,18315,1,1
2022-02-11 15:14:28.136,18314,18315,18315,2,2
2022-02-11 15:14:28.349,18314,18315,18315,2,2
2022-02-11 15:14:28.421,18314,18315,18315,2,2
2022-02-11 15:14:28.501,18314,18315,18314,1,-1
2022-02-11 15:14:33.190,18314,18315,18314,1,-1
2022-02-11 15:14:39.899,18313,18314,18314,1,1
2022-02-11 15:14:39.906,18313,18314,18313,1,-1
2022-02-11 15:14:40.001,18313,18314,18313,8,-8
2022-02-11 15:14:41.086,18313,18314,18313,1,-1
2022-02-11 15:14:43.773,18312,18314,18314,1,1
2022-02-11 15:14:43.899,18312,18314,18312,1,-1
2022-02-11 15:14:47.441,18312,18313,18312,1,-1
2022-02-11 15:14:51.841,18311,18312,18312,4,4
2022-02-11 15:14:55.746,18311,18313,18311,3,-3
2022-02-11 15:14:57.852,18311,18312,18311,1,-1
2022-02-11 15:14:59.059,18311,18312,18311,1,-1
2022-02-11 15:15:00.094,18311,18312,18312,1,1
2022-02-11 15:15:00.203,18311,18312,18312,1,1
2022-02-11 15:15:00.204,18311,18312,18312,1,1
2022-02-11 15:15:00.204,18311,18312,18312,1,1
2022-02-11 15:15:00.204,18311,18312,18312,1,1
2022-02-11 15:15:00.204,18311,18312,18313,3,3
2022-02-11 15:15:00.205,18311,18312,18313,1,1
2022-02-11 15:15:00.205,18311,18312,18313,1,1
2022-02-11 15:15:00.749,18312,18313,18313,1,1
2022-02-11 15:15:00.749,18312,18313,18314,4,4
2022-02-11 15:15:00.750,18312,18313,18314,5,5
2022-02-11 15:15:01.035,18313,18314,18314,1,1
2022-02-11 15:15:01.036,18313,18314,18315,18,18
2022-02-11 15:15:01.052,18313,18314,18315,1,1
2022-02-11 15:15:01.076,18314,18315,18315,1,1
2022-02-11 15:15:01.076,18314,18315,18315,1,1
2022-02-11 15:15:01.076,18314,18315,18315,1,1
2022-02-11 15:15:01.228,18314,18315,18315,1,1
2022-02-11 15:15:01.350,18314,18315,18315,1,1
2022-02-11 15:15:01.404,18314,18315,18314,1,-1
2022-02-11 15:15:01.413,18314,18315,18314,1,-1
2022-02-11 15:15:01.547,18314,18316,18316,1,1
2022-02-11 15:15:01.585,18314,18316,18316,1,1
2022-02-11 15:15:01.702,18314,18316,18316,1,1
2022-02-11 15:15:02.107,18314,18316,18316,1,1
2022-02-11 15:15:02.141,18314,18316,18314,4,-4
2022-02-11 15:15:02.188,18314,18316,18314,2,-2
2022-02-11 15:15:03.410,18314,18315,18315,1,1
2022-02-11 15:15:05.000,18315,18316,18315,1,-1
2022-02-11 15:15:05.844,18315,18316,18315,2,-2
2022-02-11 15:15:06.101,18314,18316,18316,2,2
2022-02-11 15:15:06.266,18314,18316,18314,1,-1
2022-02-11 15:15:06.906,18314,18316,18314,3,-3
2022-02-11 15:15:14.071,18314,18315,18315,1,1
2022-02-11 15:15:14.076,18314,18315,18315,1,1
2022-02-11 15:15:14.076,18314,18315,18316,1,1
2022-02-11 15:15:14.077,18314,18315,18316,1,1
2022-02-11 15:15:14.077,18314,18315,18316,1,1
2022-02-11 15:15:14.340,18314,18316,18314,3,-3
2022-02-11 15:15:14.817,18313,18315,18313,1,-1
2022-02-11 15:15:15.454,18313,18315,18315,2,2
2022-02-11 15:15:16.138,18313,18315,18315,1,1
2022-02-11 15:15:16.638,18313,18315,18313,2,-2
2022-02-11 15:15:16.639,18313,18315,18313,1,-1
2022-02-11 15:15:26.771,18312,18313,18313,3,3
2022-02-11 15:15:26.826,18312,18314,18314,1,1
2022-02-11 15:15:26.827,18312,18314,18314,1,1
2022-02-11 15:15:26.828,18312,18314,18315,1,1
2022-02-11 15:15:26.828,18312,18314,18315,1,1
2022-02-11 15:15:30.829,18314,18315,18315,1,1
2022-02-11 15:15:31.284,18314,18315,18314,1,-1
2022-02-11 15:15:40.405,18314,18315,18315,2,2
2022-02-11 15:15:40.808,18314,18315,18315,3,3
2022-02-11 15:15:42.191,18315,18316,18315,2,-2
2022-02-11 15:15:42.191,18315,18316,18315,1,-1
2022-02-11 15:15:42.191,18315,18316,18315,4,-4
2022-02-11 15:15:42.231,18314,18315,18314,1,-1
2022-02-11 15:15:46.138,18313,18314,18314,1,1
2022-02-11 15:15:52.677,18313,18314,18314,1,1
2022-02-11 15:15:53.882,18313,18314,18313,12,-12
2022-02-11 15:15:55.027,18312,18314,18314,1,1
2022-02-11 15:15:59.099,18312,18313,18312,4,-4
2022-02-11 15:15:59.958,18311,18313,18313,1,1
2022-02-11 15:16:00.826,18311,18313,18311,1,-1
2022-02-11 15:16:01.074,18311,18313,18311,1,-1
2022-02-11 15:16:03.451,18311,18313,18311,1,-1
2022-02-11 15:16:06.269,18311,18313,18311,1,-1
2022-02-11 15:16:07.521,18311,18313,18311,4,-4
2022-02-11 15:16:09.765,18311,18312,18311,1,-1
2022-02-11 15:16:09.818,18311,18312,18310,1,-1
2022-02-11 15:16:10.018,18310,18312,18310,1,-1
2022-02-11 15:16:17.344,18311,18312,18311,2,-2
2022-02-11 15:16:31.351,18311,18312,18311,1,-1
2022-02-11 15:16:40.483,18310,18311,18310,1,-1
2022-02-11 15:16:40.576,18310,18311,18310,1,-1
2022-02-11 15:16:40.576,18310,18311,18310,1,-1
2022-02-11 15:16:40.577,18310,18311,18310,1,-1
2022-02-11 15:16:40.577,18310,18311,18310,1,-1
2022-02-11 15:16:40.578,18310,18311,18310,1,-1
2022-02-11 15:16:40.578,18310,18311,18310,1,-1
2022-02-11 15:16:44.275,18310,18311,18310,1,-1
2022-02-11 15:16:46.822,18310,18311,18310,2,-2
2022-02-11 15:16:48.134,18310,18311,18310,2,-2
2022-02-11 15:16:48.202,18310,18311,18310,2,-2
2022-02-11 15:16:48.202,18310,18311,18310,1,-1
2022-02-11 15:16:48.202,18310,18311,18310,3,-3
2022-02-11 15:16:48.202,18310,18311,18310,1,-1
2022-02-11 15:16:51.414,18309,18310,18309,1,-1
2022-02-11 15:16:51.415,18309,18310,18309,2,-2
2022-02-11 15:16:51.415,18309,18310,18309,1,-1
2022-02-11 15:16:51.480,18308,18309,18308,1,-1
2022-02-11 15:16:51.564,18308,18309,18308,2,-2
2022-02-11 15:16:57.264,18308,18309,18309,1,1
2022-02-11 15:17:08.521,18307,18309,18309,1,1
2022-02-11 15:17:08.733,18307,18309,18309,1,1
2022-02-11 15:17:08.733,18307,18309,18310,2,2
2022-02-11 15:17:26.573,18308,18309,18309,4,4
2022-02-11 15:17:29.227,18308,18309,18308,1,-1
2022-02-11 15:17:33.506,18308,18309,18308,1,-1
2022-02-11 15:17:38.424,18308,18309,18309,1,1
2022-02-11 15:17:38.424,18308,18309,18310,17,17
2022-02-11 15:17:38.424,18308,18309,18311,2,2
2022-02-11 15:17:39.741,18309,18310,18309,2,-2
2022-02-11 15:17:46.766,18308,18310,18309,1,1
2022-02-11 15:17:51.091,18308,18309,18309,2,2
2022-02-11 15:17:54.571,18308,18309,18308,1,-1
2022-02-11 15:17:54.618,18308,18309,18308,8,-8
2022-02-11 15:17:57.516,18307,18309,18308,1,1
2022-02-11 15:17:59.400,18307,18309,18309,2,2
2022-02-11 15:17:59.478,18307,18309,18308,1,1
2022-02-11 15:17:59.877,18307,18309,18309,2,2
2022-02-11 15:18:01.873,18308,18309,18309,2,2
2022-02-11 15:18:02.261,18308,18309,18309,1,1
2022-02-11 15:18:02.380,18308,18309,18309,1,1
2022-02-11 15:18:02.404,18308,18309,18310,1,1
2022-02-11 15:18:02.499,18308,18310,18310,1,1
2022-02-11 15:18:02.552,18308,18310,18308,1,-1
2022-02-11 15:18:03.852,18309,18310,18309,2,-2
2022-02-11 15:18:05.952,18308,18309,18309,4,4
2022-02-11 15:18:05.952,18308,18309,18310,12,12
2022-02-11 15:18:08.738,18308,18310,18310,1,1
2022-02-11 15:18:10.976,18309,18310,18310,3,3
2022-02-11 15:18:15.373,18309,18310,18310,2,2
2022-02-11 15:18:16.049,18309,18310,18310,2,2
2022-02-11 15:18:18.305,18310,18311,18310,4,-4
2022-02-11 15:18:20.177,18309,18310,18310,2,2
2022-02-11 15:18:20.749,18309,18310,18310,2,2
2022-02-11 15:18:21.748,18310,18311,18310,1,-1
2022-02-11 15:18:23.330,18310,18311,18310,1,-1
2022-02-11 15:18:23.772,18310,18311,18310,1,-1
2022-02-11 15:18:25.425,18310,18311,18311,5,5
2022-02-11 15:18:29.307,18310,18311,18310,1,-1
2022-02-11 15:18:29.307,18310,18311,18310,4,-4
2022-02-11 15:18:30.209,18309,18310,18309,1,-1
2022-02-11 15:18:30.209,18309,18310,18308,1,-1
2022-02-11 15:18:30.789,18308,18310,18310,1,1
2022-02-11 15:18:36.008,18308,18310,18310,3,3
2022-02-11 15:18:36.008,18308,18310,18311,16,16
2022-02-11 15:18:36.008,18308,18310,18312,1,1
2022-02-11 15:18:44.325,18310,18311,18311,1,1
2022-02-11 15:19:03.735,18310,18311,18311,2,2
2022-02-11 15:19:04.011,18310,18311,18311,3,3
2022-02-11 15:19:04.104,18310,18311,18311,1,1
2022-02-11 15:19:04.415,18310,18312,18310,1,-1
2022-02-11 15:19:10.276,18310,18311,18310,1,-1
2022-02-11 15:19:13.445,18309,18310,18310,1,1
2022-02-11 15:19:19.120,18309,18310,18309,3,-3
2022-02-11 15:19:19.120,18309,18310,18309,1,-1
2022-02-11 15:19:19.120,18309,18310,18309,1,-1
2022-02-11 15:19:19.126,18309,18310,18308,6,-6
2022-02-11 15:19:19.182,18309,18310,18307,1,-1
2022-02-11 15:19:19.226,18307,18308,18307,2,-2
2022-02-11 15:19:19.388,18307,18308,18307,1,-1
2022-02-11 15:19:26.817,18307,18308,18307,4,-4
2022-02-11 15:19:29.884,18306,18307,18306,3,-3
2022-02-11 15:19:30.032,18306,18307,18306,12,-12
2022-02-11 15:19:30.033,18306,18307,18306,3,-3
2022-02-11 15:19:30.035,18306,18307,18305,1,-1
2022-02-11 15:19:34.442,18306,18307,18306,1,-1
2022-02-11 15:19:39.017,18306,18307,18306,2,-2
2022-02-11 15:19:39.214,18306,18307,18306,2,-2
2022-02-11 15:19:39.889,18306,18307,18306,1,-1
2022-02-11 15:19:39.889,18306,18307,18305,1,-1
2022-02-11 15:19:43.990,18306,18307,18307,4,4
2022-02-11 15:19:45.380,18307,18308,18307,1,-1
2022-02-11 15:19:45.476,18307,18308,18307,1,-1
2022-02-11 15:19:45.476,18307,18308,18307,1,-1
2022-02-11 15:19:54.249,18306,18307,18306,1,-1
2022-02-11 15:19:54.316,18306,18307,18306,1,-1
2022-02-11 15:19:54.316,18306,18307,18306,2,-2
2022-02-11 15:19:54.316,18306,18307,18306,1,-1
2022-02-11 15:20:04.154,18305,18306,18305,2,-2
2022-02-11 15:20:04.273,18305,18306,18306,1,1
2022-02-11 15:20:04.291,18305,18306,18306,4,4
2022-02-11 15:20:04.362,18305,18306,18306,1,1
2022-02-11 15:20:04.414,18305,18306,18307,1,1
2022-02-11 15:20:04.830,18305,18307,18305,2,-2
2022-02-11 15:20:05.029,18305,18307,18305,1,-1
2022-02-11 15:20:06.471,18306,18307,18306,1,-1
2022-02-11 15:20:11.198,18305,18307,18306,1,1
2022-02-11 15:20:14.272,18306,18307,18307,1,1
2022-02-11 15:20:14.301,18306,18307,18306,2,-2
2022-02-11 15:20:14.301,18306,18307,18305,3,-3
2022-02-11 15:20:15.618,18305,18307,18306,1,1
2022-02-11 15:20:19.434,18306,18307,18306,1,-1
2022-02-11 15:20:19.527,18306,18307,18306,1,-1
2022-02-11 15:20:22.247,18305,18307,18306,1,1
2022-02-11 15:20:22.584,18306,18307,18306,1,-1
2022-02-11 15:20:24.356,18305,18307,18305,2,-2
2022-02-11 15:20:28.146,18305,18307,18306,1,1
2022-02-11 15:20:29.930,18305,18306,18306,1,1
2022-02-11 15:20:33.200,18305,18306,18306,1,1
2022-02-11 15:20:38.230,18305,18306,18305,1,-1
2022-02-11 15:20:40.415,18305,18306,18305,2,-2
2022-02-11 15:20:41.593,18305,18306,18305,1,-1
2022-02-11 15:20:42.315,18305,18306,18305,1,-1
2022-02-11 15:20:44.726,18305,18306,18305,1,-1
2022-02-11 15:20:51.915,18305,18306,18305,1,-1
2022-02-11 15:20:56.693,18305,18306,18305,1,-1
2022-02-11 15:20:57.433,18304,18306,18305,1,1
2022-02-11 15:21:02.110,18305,18306,18305,1,-1
2022-02-11 15:21:02.111,18305,18306,18305,1,-1
2022-02-11 15:21:02.111,18305,18306,18305,1,-1
2022-02-11 15:21:02.111,18305,18306,18305,1,-1
2022-02-11 15:21:02.165,18305,18306,18304,1,-1
2022-02-11 15:21:02.225,18304,18305,18304,1,-1
2022-02-11 15:21:02.225,18304,18305,18304,2,-2
2022-02-11 15:21:04.484,18304,18305,18304,1,-1
2022-02-11 15:21:08.844,18304,18305,18304,1,-1
2022-02-11 15:21:08.865,18304,18305,18303,1,-1
2022-02-11 15:21:08.876,18304,18305,18303,1,-1
2022-02-11 15:21:08.976,18303,18304,18303,2,-2
2022-02-11 15:21:09.405,18303,18304,18303,1,-1
2022-02-11 15:21:10.226,18303,18304,18303,1,-1
2022-02-11 15:21:10.321,18303,18304,18302,1,-1
2022-02-11 15:21:10.361,18302,18303,18302,2,-2
2022-02-11 15:21:10.455,18301,18303,18302,2,2
2022-02-11 15:21:10.588,18301,18302,18301,1,-1
2022-02-11 15:21:10.614,18301,18302,18301,2,-2
2022-02-11 15:21:11.453,18301,18302,18302,2,2
2022-02-11 15:21:11.876,18301,18302,18301,1,-1
2022-02-11 15:21:12.331,18301,18302,18302,1,1
2022-02-11 15:21:15.753,18302,18303,18302,1,-1
2022-02-11 15:21:16.479,18302,18303,18302,1,-1
2022-02-11 15:21:19.441,18302,18303,18302,1,-1
2022-02-11 15:21:20.399,18302,18303,18302,1,-1
2022-02-11 15:21:20.401,18302,18303,18302,1,-1
2022-02-11 15:21:20.793,18302,18303,18303,3,3
2022-02-11 15:21:20.793,18302,18303,18303,1,1
2022-02-11 15:21:21.015,18302,18304,18302,1,-1
2022-02-11 15:21:32.440,18303,18304,18303,1,-1
2022-02-11 15:21:32.491,18303,18304,18303,1,-1
2022-02-11 15:21:34.111,18302,18303,18302,1,-1
2022-02-11 15:21:37.450,18302,18303,18302,3,-3
2022-02-11 15:21:38.398,18302,18303,18302,1,-1
2022-02-11 15:21:39.165,18301,18303,18302,1,1
2022-02-11 15:21:40.832,18301,18302,18301,1,-1
2022-02-11 15:21:41.682,18301,18302,18302,1,1
2022-02-11 15:21:42.281,18302,18303,18302,1,-1
2022-02-11 15:21:42.938,18302,18303,18303,2,2
2022-02-11 15:21:42.938,18302,18303,18303,3,3
2022-02-11 15:21:46.727,18303,18304,18304,1,1
2022-02-11 15:21:52.173,18304,18305,18304,1,-1
2022-02-11 15:21:56.226,18304,18305,18304,1,-1
2022-02-11 15:21:56.385,18304,18305,18305,1,1
2022-02-11 15:21:57.225,18304,18305,18305,1,1
2022-02-11 15:22:00.397,18304,18305,18304,1,-1
2022-02-11 15:22:03.430,18304,18305,18304,1,-1
2022-02-11 15:22:04.360,18304,18305,18304,6,-6
2022-02-11 15:22:05.217,18302,18304,18304,2,2
2022-02-11 15:22:09.202,18304,18305,18305,1,1
2022-02-11 15:22:24.769,18304,18305,18305,8,8
2022-02-11 15:22:24.770,18304,18305,18305,1,1
2022-02-11 15:22:26.632,18305,18306,18306,2,2
2022-02-11 15:22:28.639,18305,18306,18306,2,2
2022-02-11 15:22:28.639,18305,18306,18307,8,8
2022-02-11 15:22:39.608,18306,18307,18307,1,1
2022-02-11 15:22:39.608,18306,18307,18307,4,4
2022-02-11 15:22:39.609,18306,18307,18307,1,1
2022-02-11 15:22:39.609,18306,18307,18307,2,2
2022-02-11 15:22:41.973,18306,18307,18307,3,3
2022-02-11 15:22:42.315,18307,18308,18308,1,1
2022-02-11 15:22:42.387,18307,18308,18308,1,1
2022-02-11 15:22:42.889,18307,18308,18307,1,-1
2022-02-11 15:22:45.650,18307,18308,18308,1,1
2022-02-11 15:22:47.731,18307,18308,18308,2,2
2022-02-11 15:22:47.731,18307,18308,18309,8,8
2022-02-11 15:22:54.620,18308,18309,18308,2,-2
2022-02-11 15:22:54.891,18307,18308,18308,1,1
2022-02-11 15:22:55.125,18307,18309,18309,1,1
2022-02-11 15:22:58.512,18307,18308,18308,1,1
2022-02-11 15:23:01.537,18307,18309,18309,1,1
2022-02-11 15:23:01.577,18307,18309,18309,2,2
2022-02-11 15:23:01.577,18307,18309,18309,5,5
2022-02-11 15:23:01.577,18307,18309,18310,2,2
2022-02-11 15:23:01.577,18307,18309,18310,1,1
2022-02-11 15:23:01.578,18307,18309,18310,3,3
2022-02-11 15:23:01.578,18307,18309,18310,3,3
2022-02-11 15:23:01.579,18307,18309,18310,5,5
2022-02-11 15:23:01.579,18307,18309,18310,3,3
2022-02-11 15:23:01.579,18307,18309,18310,1,1
2022-02-11 15:23:02.341,18309,18310,18310,1,1
2022-02-11 15:23:02.451,18309,18310,18310,1,1
2022-02-11 15:23:02.451,18309,18310,18310,1,1
2022-02-11 15:23:02.452,18309,18310,18310,1,1
2022-02-11 15:23:02.452,18309,18310,18310,1,1
2022-02-11 15:23:02.453,18309,18310,18310,1,1
2022-02-11 15:23:02.453,18309,18310,18310,1,1
2022-02-11 15:23:02.453,18309,18310,18310,1,1
2022-02-11 15:23:02.453,18309,18310,18310,1,1
2022-02-11 15:23:02.453,18309,18310,18310,1,1
2022-02-11 15:23:03.974,18309,18311,18309,1,-1
2022-02-11 15:23:09.074,18309,18310,18309,1,-1
2022-02-11 15:23:09.336,18309,18310,18310,1,1
2022-02-11 15:23:13.940,18309,18310,18310,1,1
2022-02-11 15:23:13.953,18310,18311,18311,1,1
2022-02-11 15:23:13.953,18310,18311,18311,1,1
2022-02-11 15:23:14.668,18310,18311,18310,1,-1
2022-02-11 15:23:15.349,18310,18311,18311,2,2
2022-02-11 15:23:25.352,18310,18311,18311,1,1
2022-02-11 15:23:27.033,18310,18311,18311,1,1
2022-02-11 15:23:27.046,18310,18311,18311,1,1
2022-02-11 15:23:27.076,18310,18311,18311,1,1
2022-02-11 15:23:27.076,18310,18311,18311,1,1
2022-02-11 15:23:27.076,18310,18311,18311,1,1
2022-02-11 15:23:27.077,18310,18311,18312,1,1
2022-02-11 15:23:27.077,18310,18311,18312,1,1
2022-02-11 15:23:28.069,18310,18312,18312,1,1
2022-02-11 15:23:28.076,18310,18312,18312,1,1
2022-02-11 15:23:28.376,18310,18311,18311,1,1
2022-02-11 15:23:30.885,18311,18312,18311,1,-1
2022-02-11 15:23:30.950,18310,18311,18310,3,-3
2022-02-11 15:23:33.666,18311,18312,18311,1,-1
2022-02-11 15:23:33.667,18311,18312,18311,1,-1
2022-02-11 15:23:38.362,18310,18311,18311,3,3
2022-02-11 15:23:38.980,18311,18312,18312,7,7
2022-02-11 15:23:38.980,18311,18312,18312,1,1
2022-02-11 15:23:42.960,18312,18313,18313,2,2
2022-02-11 15:23:43.003,18312,18313,18312,2,-2
2022-02-11 15:23:44.851,18311,18312,18311,1,-1
2022-02-11 15:23:50.560,18310,18312,18312,1,1
2022-02-11 15:23:51.464,18311,18313,18311,1,-1
2022-02-11 15:23:53.638,18312,18313,18312,1,-1
2022-02-11 15:23:54.401,18312,18313,18312,1,-1
2022-02-11 15:23:56.069,18312,18313,18313,1,1
2022-02-11 15:23:56.327,18312,18313,18313,1,1
2022-02-11 15:23:57.824,18312,18313,18312,2,-2
2022-02-11 15:23:58.014,18312,18313,18312,1,-1
2022-02-11 15:23:58.330,18312,18313,18313,1,1
2022-02-11 15:23:58.552,18312,18313,18312,2,-2
2022-02-11 15:23:58.570,18312,18313,18312,1,-1
2022-02-11 15:24:00.971,18312,18313,18313,1,1
2022-02-11 15:24:12.579,18313,18314,18313,1,-1
2022-02-11 15:24:13.567,18313,18314,18314,1,1
2022-02-11 15:24:13.814,18313,18314,18314,1,1
2022-02-11 15:24:13.829,18313,18314,18314,1,1
2022-02-11 15:24:13.841,18313,18314,18314,1,1
2022-02-11 15:24:13.846,18313,18314,18314,1,1
2022-02-11 15:24:13.900,18313,18314,18314,2,2
2022-02-11 15:24:14.244,18313,18314,18314,1,1
2022-02-11 15:24:14.696,18313,18314,18314,1,1
2022-02-11 15:24:17.773,18313,18314,18314,1,1
2022-02-11 15:24:18.103,18313,18314,18314,1,1
2022-02-11 15:24:18.823,18313,18314,18314,1,1
2022-02-11 15:24:18.984,18313,18314,18314,1,1
2022-02-11 15:24:19.380,18313,18315,18313,1,-1
2022-02-11 15:24:21.673,18313,18314,18313,1,-1
2022-02-11 15:24:25.802,18313,18314,18314,1,1
2022-02-11 15:24:31.451,18313,18314,18313,5,-5
2022-02-11 15:24:38.851,18312,18313,18312,2,-2
2022-02-11 15:24:38.852,18312,18313,18312,2,-2
2022-02-11 15:24:42.193,18311,18312,18311,1,-1
2022-02-11 15:24:42.193,18311,18312,18311,1,-1
2022-02-11 15:24:46.073,18310,18311,18311,1,1
2022-02-11 15:24:47.422,18311,18312,18311,5,-5
2022-02-11 15:24:54.746,18311,18312,18311,1,-1
2022-02-11 15:24:59.340,18311,18312,18311,5,-5
2022-02-11 15:25:03.692,18311,18312,18311,1,-1
2022-02-11 15:25:04.028,18311,18312,18312,3,3
2022-02-11 15:25:04.028,18311,18312,18313,7,7
2022-02-11 15:25:04.045,18311,18312,18313,2,2
2022-02-11 15:25:04.089,18311,18313,18311,1,-1
2022-02-11 15:25:16.004,18311,18312,18311,1,-1
2022-02-11 15:25:23.117,18311,18312,18311,2,-2
2022-02-11 15:25:23.201,18311,18312,18312,1,1
2022-02-11 15:25:25.530,18311,18312,18312,2,2
2022-02-11 15:25:27.760,18311,18313,18311,1,-1
2022-02-11 15:25:27.986,18311,18313,18311,1,-1
2022-02-11 15:25:30.641,18311,18313,18313,2,2
2022-02-11 15:25:30.701,18311,18313,18313,1,1
2022-02-11 15:25:38.129,18311,18312,18311,5,-5
2022-02-11 15:25:42.853,18310,18311,18310,1,-1
2022-02-11 15:25:42.952,18310,18311,18311,1,1
2022-02-11 15:25:44.810,18310,18311,18310,1,-1
2022-02-11 15:25:54.732,18312,18313,18312,1,-1
2022-02-11 15:25:58.512,18310,18312,18312,1,1
2022-02-11 15:25:58.512,18310,18312,18313,27,27
2022-02-11 15:25:59.060,18311,18313,18313,2,2
2022-02-11 15:26:04.493,18310,18312,18312,1,1
2022-02-11 15:26:04.743,18310,18312,18312,1,1
2022-02-11 15:26:04.885,18310,18313,18313,1,1
2022-02-11 15:26:04.902,18310,18313,18313,1,1
2022-02-11 15:26:05.020,18310,18313,18313,1,1
2022-02-11 15:26:11.208,18310,18311,18310,4,-4
2022-02-11 15:26:16.117,18309,18310,18310,1,1
2022-02-11 15:26:17.804,18309,18310,18310,1,1
2022-02-11 15:26:27.280,18309,18310,18309,1,-1
2022-02-11 15:26:27.285,18309,18310,18309,1,-1
2022-02-11 15:26:27.725,18307,18308,18308,4,4
2022-02-11 15:26:33.040,18307,18308,18308,1,1
2022-02-11 15:26:35.402,18308,18310,18308,1,-1
2022-02-11 15:26:35.434,18308,18310,18308,1,-1
2022-02-11 15:26:44.315,18308,18310,18308,1,-1
2022-02-11 15:26:44.582,18308,18310,18310,3,3
2022-02-11 15:26:47.947,18309,18310,18310,1,1
2022-02-11 15:26:47.947,18309,18310,18310,1,1
2022-02-11 15:26:47.948,18309,18310,18310,5,5
2022-02-11 15:26:52.391,18310,18311,18310,1,-1
2022-02-11 15:27:08.644,18308,18309,18309,1,1
2022-02-11 15:27:14.904,18308,18310,18308,1,-1
2022-02-11 15:27:17.229,18308,18309,18309,1,1
2022-02-11 15:27:24.830,18309,18310,18309,1,-1
2022-02-11 15:27:37.551,18309,18310,18309,1,-1
2022-02-11 15:27:44.187,18308,18309,18309,1,1
2022-02-11 15:27:44.187,18308,18309,18310,1,1
2022-02-11 15:27:53.937,18308,18309,18309,1,1
2022-02-11 15:28:03.315,18308,18310,18309,1,1
2022-02-11 15:28:04.008,18308,18310,18310,1,1
2022-02-11 15:28:04.906,18308,18310,18310,2,2
2022-02-11 15:28:05.127,18309,18310,18310,2,2
2022-02-11 15:28:05.200,18309,18310,18310,1,1
2022-02-11 15:28:05.200,18309,18310,18311,5,5
2022-02-11 15:28:05.378,18309,18311,18311,1,1
2022-02-11 15:28:05.378,18309,18311,18312,1,1
2022-02-11 15:28:05.484,18309,18312,18312,1,1
2022-02-11 15:28:05.570,18309,18312,18312,2,2
2022-02-11 15:28:05.927,18310,18312,18312,2,2
2022-02-11 15:28:06.410,18310,18312,18312,1,1
2022-02-11 15:28:07.187,18310,18312,18312,2,2
2022-02-11 15:28:07.905,18311,18313,18312,1,1
2022-02-11 15:28:08.205,18312,18313,18313,1,1
2022-02-11 15:28:08.391,18312,18313,18313,1,1
2022-02-11 15:28:08.532,18312,18313,18313,3,3
2022-02-11 15:28:08.532,18312,18313,18314,1,1
2022-02-11 15:28:08.585,18313,18314,18314,4,4
2022-02-11 15:28:08.585,18313,18314,18314,1,1
2022-02-11 15:28:08.586,18313,18314,18314,1,1
2022-02-11 15:28:08.586,18313,18314,18314,2,2
2022-02-11 15:28:08.586,18313,18314,18314,3,3
2022-02-11 15:28:08.624,18313,18314,18314,1,1
2022-02-11 15:28:08.628,18313,18314,18314,2,2
2022-02-11 15:28:08.649,18313,18314,18314,1,1
2022-02-11 15:28:08.683,18313,18314,18314,1,1
2022-02-11 15:28:08.687,18313,18314,18314,1,1
2022-02-11 15:28:08.692,18313,18314,18314,1,1
2022-02-11 15:28:08.733,18313,18315,18315,2,2
2022-02-11 15:28:08.750,18313,18315,18315,1,1
2022-02-11 15:28:08.750,18313,18315,18315,1,1
2022-02-11 15:28:08.757,18313,18315,18315,1,1
2022-02-11 15:28:08.771,18313,18315,18315,1,1
2022-02-11 15:28:08.782,18313,18315,18315,1,1
2022-02-11 15:28:08.790,18313,18315,18315,1,1
2022-02-11 15:28:08.796,18313,18315,18315,1,1
2022-02-11 15:28:08.853,18313,18315,18315,2,2
2022-02-11 15:28:08.869,18313,18315,18315,4,4
2022-02-11 15:28:08.880,18313,18315,18315,1,1
2022-02-11 15:28:08.925,18313,18315,18315,1,1
2022-02-11 15:28:08.937,18313,18315,18315,1,1
2022-02-11 15:28:08.949,18314,18315,18315,1,1
2022-02-11 15:28:08.974,18314,18315,18315,1,1
2022-02-11 15:28:09.326,18314,18316,18316,2,2
2022-02-11 15:28:09.472,18314,18316,18316,1,1
2022-02-11 15:28:09.478,18314,18316,18316,1,1
2022-02-11 15:28:09.540,18314,18316,18316,2,2
2022-02-11 15:28:09.558,18314,18316,18316,4,4
2022-02-11 15:28:09.597,18314,18316,18316,2,2
2022-02-11 15:28:09.620,18314,18316,18316,1,1
2022-02-11 15:28:09.626,18314,18316,18316,1,1
2022-02-11 15:28:09.695,18314,18316,18316,1,1
2022-02-11 15:28:09.705,18314,18316,18316,1,1
2022-02-11 15:28:09.748,18314,18316,18316,1,1
2022-02-11 15:28:09.755,18314,18316,18316,1,1
2022-02-11 15:28:10.001,18314,18316,18316,2,2
2022-02-11 15:28:10.159,18314,18316,18316,1,1
2022-02-11 15:28:10.170,18314,18316,18317,1,1
2022-02-11 15:28:10.224,18315,18317,18317,2,2
2022-02-11 15:28:10.362,18315,18317,18315,1,-1
2022-02-11 15:28:10.653,18315,18317,18317,14,14
2022-02-11 15:28:10.696,18315,18317,18318,1,1
2022-02-11 15:28:10.740,18316,18318,18318,1,1
2022-02-11 15:28:10.774,18316,18318,18318,2,2
2022-02-11 15:28:10.794,18316,18318,18318,2,2
2022-02-11 15:28:10.822,18316,18318,18318,2,2
2022-02-11 15:28:10.901,18317,18318,18318,4,4
2022-02-11 15:28:11.030,18317,18318,18318,1,1
2022-02-11 15:28:11.105,18317,18318,18318,1,1
2022-02-11 15:28:11.236,18317,18319,18319,2,2
2022-02-11 15:28:11.381,18317,18319,18319,4,4
2022-02-11 15:28:11.403,18317,18319,18319,1,1
2022-02-11 15:28:11.414,18317,18319,18317,1,-1
2022-02-11 15:28:11.470,18317,18319,18319,8,8
2022-02-11 15:28:11.547,18317,18319,18320,1,1
2022-02-11 15:28:11.607,18318,18320,18320,2,2
2022-02-11 15:28:11.652,18318,18320,18320,1,1
2022-02-11 15:28:11.817,18318,18320,18320,2,2
2022-02-11 15:28:11.859,18318,18320,18320,2,2
2022-02-11 15:28:11.903,18318,18320,18320,3,3
2022-02-11 15:28:12.348,18318,18320,18320,1,1
2022-02-11 15:28:12.599,18318,18320,18320,2,2
2022-02-11 15:28:15.646,18318,18320,18318,4,-4
2022-02-11 15:28:16.301,18316,18318,18318,1,1
2022-02-11 15:28:16.637,18316,18318,18318,1,1
2022-02-11 15:28:17.889,18317,18318,18317,2,-2
2022-02-11 15:28:18.023,18316,18318,18318,1,1
2022-02-11 15:28:18.188,18316,18318,18318,1,1
2022-02-11 15:28:18.188,18316,18318,18319,1,1
2022-02-11 15:28:18.731,18317,18318,18318,1,1
2022-02-11 15:28:18.731,18317,18318,18319,6,6
2022-02-11 15:28:19.037,18317,18319,18319,1,1
2022-02-11 15:28:19.037,18317,18319,18320,1,1
2022-02-11 15:28:20.000,18318,18320,18318,1,-1
2022-02-11 15:28:21.418,18319,18320,18319,1,-1
2022-02-11 15:28:23.065,18319,18320,18319,1,-1
2022-02-11 15:28:23.397,18318,18320,18318,1,-1
2022-02-11 15:28:24.575,18318,18319,18318,2,-2
2022-02-11 15:28:26.191,18316,18319,18319,2,2
2022-02-11 15:28:28.685,18318,18319,18319,1,1
2022-02-11 15:28:30.047,18318,18319,18319,2,2
2022-02-11 15:28:30.947,18317,18319,18318,1,1
2022-02-11 15:28:33.488,18318,18319,18318,18,-18
2022-02-11 15:28:43.517,18317,18318,18318,2,2
2022-02-11 15:28:43.800,18317,18318,18318,3,3
2022-02-11 15:28:49.414,18317,18318,18317,1,-1
2022-02-11 15:28:51.650,18317,18318,18317,1,-1
2022-02-11 15:28:52.122,18317,18318,18318,1,1
2022-02-11 15:28:53.465,18317,18318,18317,12,-12
2022-02-11 15:28:53.470,18317,18318,18316,1,-1
2022-02-11 15:28:53.475,18317,18318,18316,1,-1
2022-02-11 15:28:53.477,18317,18318,18316,1,-1
2022-02-11 15:28:53.538,18317,18318,18315,1,-1
2022-02-11 15:28:53.753,18315,18316,18315,2,-2
2022-02-11 15:28:54.354,18315,18316,18315,1,-1
2022-02-11 15:28:54.359,18315,18316,18314,1,-1
2022-02-11 15:28:55.449,18314,18316,18314,4,-4
2022-02-11 15:28:56.701,18314,18315,18315,1,1
2022-02-11 15:29:00.990,18315,18316,18315,3,-3
2022-02-11 15:29:00.991,18315,18316,18315,1,-1
2022-02-11 15:29:01.018,18315,18316,18316,1,1
2022-02-11 15:29:01.064,18315,18316,18316,1,1
2022-02-11 15:29:01.065,18315,18316,18316,1,1
2022-02-11 15:29:01.067,18315,18316,18316,1,1
2022-02-11 15:29:01.105,18314,18316,18316,1,1
2022-02-11 15:29:01.140,18314,18316,18317,1,1
2022-02-11 15:29:05.751,18315,18317,18315,1,-1
2022-02-11 15:29:16.583,18315,18316,18316,1,1
2022-02-11 15:29:16.583,18315,18316,18317,2,2
2022-02-11 15:29:20.399,18315,18316,18316,1,1
2022-02-11 15:29:25.667,18316,18317,18316,1,-1
2022-02-11 15:29:29.032,18316,18317,18316,5,-5
2022-02-11 15:29:29.922,18315,18316,18316,1,1
2022-02-11 15:29:34.834,18315,18316,18316,1,1
2022-02-11 15:29:35.663,18315,18316,18316,2,2
2022-02-11 15:29:35.663,18315,18316,18317,1,1
2022-02-11 15:29:36.350,18315,18317,18316,1,1
2022-02-11 15:29:40.731,18315,18316,18315,3,-3
2022-02-11 15:29:40.827,18314,18315,18315,1,1
2022-02-11 15:29:41.418,18314,18316,18314,4,-4
2022-02-11 15:29:41.420,18314,18316,18314,1,-1
2022-02-11 15:29:41.660,18312,18314,18314,1,1
2022-02-11 15:29:51.114,18312,18313,18312,1,-1
2022-02-11 15:29:55.246,18312,18313,18313,2,2
2022-02-11 15:30:03.598,18313,18314,18313,1,-1
2022-02-11 15:30:03.709,18313,18314,18314,1,1
2022-02-11 15:30:03.709,18313,18314,18314,3,3
2022-02-11 15:30:03.709,18313,18314,18314,1,1
2022-02-11 15:30:03.709,18313,18314,18314,1,1
2022-02-11 15:30:03.711,18313,18314,18316,1,1
2022-02-11 15:30:04.233,18313,18315,18315,2,2
2022-02-11 15:30:04.268,18313,18315,18315,1,1
2022-02-11 15:30:04.268,18313,18315,18316,1,1
2022-02-11 15:30:04.326,18314,18316,18316,1,1
2022-02-11 15:30:04.326,18314,18316,18316,1,1
2022-02-11 15:30:04.327,18314,18316,18316,1,1
2022-02-11 15:30:09.708,18315,18316,18316,1,1
2022-02-11 15:30:09.862,18315,18316,18315,1,-1
2022-02-11 15:30:09.997,18315,18316,18316,1,1
2022-02-11 15:30:13.023,18315,18316,18316,1,1
2022-02-11 15:30:13.076,18315,18317,18317,1,1
2022-02-11 15:30:13.076,18315,18317,18317,1,1
2022-02-11 15:30:13.076,18315,18317,18317,1,1
2022-02-11 15:30:13.076,18315,18317,18317,1,1
2022-02-11 15:30:13.076,18315,18317,18317,1,1
2022-02-11 15:30:13.861,18315,18317,18317,3,3
2022-02-11 15:30:14.306,18316,18317,18316,1,-1
2022-02-11 15:30:18.711,18316,18317,18316,1,-1
2022-02-11 15:30:22.330,18316,18318,18316,1,-1
2022-02-11 15:30:23.950,18316,18318,18316,1,-1
2022-02-11 15:30:25.530,18317,18318,18318,8,8
2022-02-11 15:30:25.761,18318,18319,18319,1,1
2022-02-11 15:30:25.761,18318,18319,18319,3,3
2022-02-11 15:30:31.323,18319,18320,18319,1,-1
2022-02-11 15:30:38.684,18319,18320,18319,2,-2
2022-02-11 15:30:38.702,18319,18320,18320,1,1
2022-02-11 15:30:38.702,18319,18320,18320,1,1
2022-02-11 15:30:38.792,18319,18320,18319,1,-1
2022-02-11 15:30:38.824,18319,18320,18320,1,1
2022-02-11 15:30:38.825,18319,18320,18320,1,1
2022-02-11 15:30:38.920,18319,18320,18320,1,1
2022-02-11 15:30:38.946,18319,18320,18320,4,4
2022-02-11 15:30:38.963,18319,18320,18320,1,1
2022-02-11 15:30:39.004,18319,18320,18320,1,1
2022-02-11 15:30:39.076,18319,18320,18320,1,1
2022-02-11 15:30:39.094,18319,18320,18320,1,1
2022-02-11 15:30:39.133,18319,18320,18320,6,6
2022-02-11 15:30:39.134,18319,18320,18320,3,3
2022-02-11 15:30:39.419,18319,18320,18320,1,1
2022-02-11 15:30:39.536,18319,18320,18320,1,1
2022-02-11 15:30:39.696,18319,18320,18319,1,-1
2022-02-11 15:30:40.534,18319,18320,18320,15,15
2022-02-11 15:30:40.535,18319,18320,18321,13,13
2022-02-11 15:30:40.583,18321,18322,18321,1,-1
2022-02-11 15:30:40.599,18321,18322,18322,1,1
2022-02-11 15:30:40.731,18321,18322,18322,1,1
2022-02-11 15:30:40.835,18321,18322,18322,5,5
2022-02-11 15:30:40.835,18321,18322,18322,1,1
2022-02-11 15:30:40.835,18321,18322,18322,2,2
2022-02-11 15:30:40.835,18321,18322,18322,1,1
2022-02-11 15:30:40.874,18321,18322,18323,1,1
2022-02-11 15:30:40.881,18321,18322,18323,1,1
2022-02-11 15:30:40.992,18322,18323,18323,1,1
2022-02-11 15:30:41.002,18322,18323,18323,5,5
2022-02-11 15:30:41.014,18322,18323,18323,1,1
2022-02-11 15:30:41.032,18322,18323,18323,2,2
2022-02-11 15:30:41.081,18322,18323,18323,1,1
2022-02-11 15:30:41.281,18322,18324,18324,1,1
2022-02-11 15:30:41.346,18322,18324,18324,2,2
2022-02-11 15:30:41.351,18322,18324,18324,1,1
2022-02-11 15:30:41.351,18322,18324,18324,2,2
2022-02-11 15:30:41.382,18322,18324,18324,2,2
2022-02-11 15:30:41.535,18322,18324,18324,1,1
2022-02-11 15:30:41.806,18322,18324,18322,1,-1
2022-02-11 15:30:41.919,18322,18324,18324,1,1
2022-02-11 15:30:43.102,18322,18324,18322,1,-1
2022-02-11 15:30:43.102,18322,18324,18322,1,-1
2022-02-11 15:30:43.482,18321,18323,18323,7,7
2022-02-11 15:30:44.408,18322,18323,18323,1,1
2022-02-11 15:30:44.556,18322,18323,18323,1,1
2022-02-11 15:30:45.424,18322,18324,18322,1,-1
2022-02-11 15:30:47.463,18322,18323,18322,1,-1
2022-02-11 15:30:47.867,18320,18323,18322,2,2
2022-02-11 15:30:48.997,18320,18322,18320,2,-2
2022-02-11 15:30:50.722,18320,18322,18322,1,1
2022-02-11 15:30:50.768,18320,18322,18322,2,2
2022-02-11 15:30:53.402,18321,18322,18322,1,1
2022-02-11 15:30:53.473,18321,18322,18322,4,4
2022-02-11 15:30:58.897,18321,18322,18321,1,-1
2022-02-11 15:31:00.605,18321,18322,18322,1,1
2022-02-11 15:31:00.704,18321,18323,18323,1,1
2022-02-11 15:31:01.179,18322,18323,18323,4,4
2022-02-11 15:31:01.201,18322,18323,18323,1,1
2022-02-11 15:31:01.202,18322,18323,18323,3,3
2022-02-11 15:31:01.209,18322,18323,18324,4,4
2022-02-11 15:31:01.227,18322,18323,18324,2,2
2022-02-11 15:31:01.228,18322,18323,18324,1,1
2022-02-11 15:31:01.229,18322,18323,18325,2,2
2022-02-11 15:31:01.234,18322,18323,18325,2,2
2022-02-11 15:31:01.275,18322,18323,18325,2,2
2022-02-11 15:31:01.306,18322,18323,18325,2,2
2022-02-11 15:31:01.340,18323,18325,18325,2,2
2022-02-11 15:31:01.348,18323,18325,18325,2,2
2022-02-11 15:31:01.393,18323,18325,18325,2,2
2022-02-11 15:31:01.403,18323,18325,18325,1,1
2022-02-11 15:31:01.935,18323,18324,18323,2,-2
2022-02-11 15:31:02.837,18323,18324,18324,1,1
2022-02-11 15:31:03.135,18323,18324,18323,1,-1
2022-02-11 15:31:03.423,18322,18324,18322,2,-2
2022-02-11 15:31:11.301,18323,18324,18324,1,1
2022-02-11 15:31:14.224,18323,18324,18323,3,-3
2022-02-11 15:31:14.345,18323,18324,18324,1,1
2022-02-11 15:31:15.169,18323,18324,18323,1,-1
2022-02-11 15:31:15.941,18323,18324,18324,1,1
2022-02-11 15:31:17.933,18323,18324,18324,2,2
2022-02-11 15:31:19.752,18323,18324,18324,1,1
2022-02-11 15:31:19.827,18323,18324,18324,1,1
2022-02-11 15:31:19.827,18323,18324,18324,1,1
2022-02-11 15:31:19.827,18323,18324,18324,1,1
2022-02-11 15:31:19.940,18323,18324,18324,1,1
2022-02-11 15:31:20.146,18323,18324,18324,1,1
2022-02-11 15:31:23.847,18323,18324,18324,1,1
2022-02-11 15:31:27.719,18323,18324,18324,1,1
2022-02-11 15:31:28.765,18323,18324,18324,1,1
2022-02-11 15:31:28.825,18323,18324,18324,1,1
2022-02-11 15:31:28.826,18323,18324,18324,1,1
2022-02-11 15:31:28.826,18323,18324,18325,1,1
2022-02-11 15:31:28.826,18323,18324,18325,1,1
2022-02-11 15:31:28.827,18323,18324,18325,1,1
2022-02-11 15:31:29.799,18323,18324,18323,2,-2
2022-02-11 15:31:30.206,18323,18324,18323,7,-7
2022-02-11 15:31:32.058,18322,18323,18322,1,-1
2022-02-11 15:31:36.860,18322,18323,18322,2,-2
2022-02-11 15:31:38.590,18322,18323,18323,1,1
2022-02-11 15:31:38.590,18322,18323,18324,1,1
2022-02-11 15:31:38.702,18323,18324,18324,1,1
2022-02-11 15:31:38.702,18323,18324,18324,1,1
2022-02-11 15:31:38.702,18323,18324,18325,1,1
2022-02-11 15:31:40.085,18323,18325,18325,2,2
2022-02-11 15:31:40.184,18323,18325,18324,7,7
2022-02-11 15:31:40.185,18323,18325,18324,2,2
2022-02-11 15:31:42.957,18324,18325,18324,1,-1
2022-02-11 15:31:45.669,18323,18324,18324,1,1
2022-02-11 15:31:47.218,18322,18324,18322,3,-3
2022-02-11 15:31:52.080,18323,18324,18323,1,-1
2022-02-11 15:31:52.201,18323,18324,18324,1,1
2022-02-11 15:31:53.560,18323,18324,18324,1,1
2022-02-11 15:31:53.667,18323,18324,18323,2,-2
2022-02-11 15:31:56.550,18323,18324,18324,3,3
2022-02-11 15:32:00.726,18323,18324,18324,1,1
2022-02-11 15:32:00.766,18323,18324,18324,1,1
2022-02-11 15:32:00.777,18323,18324,18324,1,1
2022-02-11 15:32:00.780,18323,18324,18324,1,1
2022-02-11 15:32:00.809,18323,18324,18324,1,1
2022-02-11 15:32:00.839,18323,18325,18325,1,1
2022-02-11 15:32:01.037,18323,18325,18325,2,2
2022-02-11 15:32:01.656,18323,18324,18324,1,1
2022-02-11 15:32:05.624,18323,18324,18323,2,-2
2022-02-11 15:32:10.496,18323,18324,18323,8,-8
2022-02-11 15:32:11.653,18322,18323,18323,8,8
2022-02-11 15:32:11.653,18322,18323,18324,3,3
2022-02-11 15:32:13.714,18323,18324,18324,1,1
2022-02-11 15:32:14.568,18323,18324,18323,1,-1
2022-02-11 15:32:14.825,18323,18324,18323,1,-1
2022-02-11 15:32:26.167,18323,18324,18324,1,1
2022-02-11 15:32:26.376,18323,18324,18324,4,4
2022-02-11 15:32:26.389,18323,18324,18324,3,3
2022-02-11 15:32:26.960,18323,18324,18323,1,-1
2022-02-11 15:32:29.176,18323,18324,18323,4,-4
2022-02-11 15:32:29.202,18323,18324,18324,1,1
2022-02-11 15:32:29.800,18323,18324,18324,1,1
2022-02-11 15:32:31.112,18323,18324,18323,1,-1
2022-02-11 15:32:35.670,18323,18324,18323,2,-2
2022-02-11 15:32:38.144,18323,18324,18323,5,-5
2022-02-11 15:32:49.392,18322,18323,18322,1,-1
2022-02-11 15:32:49.451,18322,18323,18323,1,1
2022-02-11 15:32:55.317,18322,18323,18323,1,1
2022-02-11 15:32:55.439,18322,18323,18323,1,1
2022-02-11 15:32:56.444,18322,18323,18323,1,1
2022-02-11 15:33:04.342,18323,18324,18324,2,2
2022-02-11 15:33:04.884,18323,18324,18324,1,1
2022-02-11 15:33:04.905,18323,18324,18324,1,1
2022-02-11 15:33:14.697,18323,18324,18323,2,-2
2022-02-11 15:33:24.331,18323,18324,18323,2,-2
2022-02-11 15:33:30.239,18322,18323,18322,13,-13
2022-02-11 15:33:30.239,18322,18323,18322,53,-53
2022-02-11 15:33:30.239,18322,18323,18322,1,-1
2022-02-11 15:33:30.240,18322,18323,18322,1,-1
2022-02-11 15:33:30.240,18322,18323,18322,1,-1
2022-02-11 15:33:30.240,18322,18323,18322,1,-1
2022-02-11 15:33:30.240,18322,18323,18322,1,-1
2022-02-11 15:33:30.240,18322,18323,18322,1,-1
2022-02-11 15:33:30.240,18322,18323,18322,2,-2
2022-02-11 15:33:30.240,18322,18323,18322,1,-1
2022-02-11 15:33:30.240,18322,18323,18322,10,-10
2022-02-11 15:33:30.240,18322,18323,18322,1,-1
2022-02-11 15:33:30.240,18322,18323,18322,1,-1
2022-02-11 15:33:30.241,18322,18323,18322,4,-4
2022-02-11 15:33:30.243,18322,18323,18321,1,-1
2022-02-11 15:33:31.397,18320,18322,18320,1,-1
2022-02-11 15:33:33.543,18320,18321,18320,1,-1
2022-02-11 15:33:34.021,18320,18321,18321,1,1
2022-02-11 15:33:34.514,18320,18322,18320,1,-1
2022-02-11 15:33:36.541,18321,18322,18321,1,-1
2022-02-11 15:33:40.472,18321,18322,18321,1,-1
2022-02-11 15:33:40.577,18320,18322,18322,1,1
2022-02-11 15:33:43.764,18321,18322,18321,1,-1
2022-02-11 15:33:44.297,18321,18322,18322,1,1
2022-02-11 15:33:45.861,18321,18322,18321,4,-4
2022-02-11 15:33:49.161,18320,18322,18321,1,1
2022-02-11 15:34:01.568,18321,18322,18321,1,-1
2022-02-11 15:34:01.577,18321,18322,18321,1,-1
2022-02-11 15:34:04.164,18320,18321,18321,1,1
2022-02-11 15:34:04.675,18320,18321,18320,1,-1
2022-02-11 15:34:05.753,18320,18321,18320,27,-27
2022-02-11 15:34:05.790,18320,18321,18319,1,-1
2022-02-11 15:34:08.767,18318,18321,18318,1,-1
2022-02-11 15:34:11.311,18319,18320,18319,1,-1
2022-02-11 15:34:11.632,18319,18320,18320,1,1
2022-02-11 15:34:11.633,18319,18320,18320,1,1
2022-02-11 15:34:15.808,18319,18320,18320,1,1
2022-02-11 15:34:27.091,18320,18321,18320,1,-1
2022-02-11 15:34:32.874,18320,18321,18321,17,17
2022-02-11 15:34:32.876,18320,18321,18322,4,4
2022-02-11 15:34:33.484,18322,18323,18322,2,-2
2022-02-11 15:34:34.275,18322,18323,18322,1,-1
2022-02-11 15:34:34.493,18322,18323,18322,1,-1
2022-02-11 15:34:36.366,18322,18323,18323,5,5
2022-02-11 15:34:36.659,18323,18324,18324,2,2
2022-02-11 15:34:43.076,18323,18324,18323,2,-2
2022-02-11 15:34:43.194,18323,18324,18324,5,5
2022-02-11 15:34:43.327,18324,18325,18325,6,6
2022-02-11 15:34:43.327,18324,18325,18325,8,8
2022-02-11 15:34:43.678,18324,18326,18326,1,1
2022-02-11 15:34:43.719,18325,18326,18326,1,1
2022-02-11 15:34:43.752,18325,18326,18326,1,1
2022-02-11 15:34:43.807,18325,18326,18325,1,-1
2022-02-11 15:34:43.807,18325,18326,18326,1,1
2022-02-11 15:34:44.069,18325,18326,18325,2,-2
2022-02-11 15:34:44.156,18325,18326,18325,1,-1
2022-02-11 15:34:44.632,18325,18326,18325,1,-1
2022-02-11 15:34:47.281,18325,18326,18325,2,-2
2022-02-11 15:34:47.744,18324,18325,18325,1,1
2022-02-11 15:34:47.875,18324,18325,18324,1,-1
2022-02-11 15:34:48.346,18324,18325,18324,1,-1
2022-02-11 15:34:55.661,18322,18323,18323,1,1
2022-02-11 15:35:04.901,18322,18323,18322,1,-1
2022-02-11 15:35:05.176,18321,18323,18322,3,3
2022-02-11 15:35:13.387,18320,18321,18321,1,1
2022-02-11 15:35:14.852,18321,18322,18321,1,-1
2022-02-11 15:35:19.410,18321,18322,18321,1,-1
2022-02-11 15:35:21.633,18320,18322,18320,2,-2
2022-02-11 15:35:29.748,18320,18321,18320,1,-1
2022-02-11 15:35:35.401,18320,18321,18320,2,-2
2022-02-11 15:35:35.452,18319,18320,18320,1,1
2022-02-11 15:35:37.265,18320,18321,18321,1,1
2022-02-11 15:35:41.541,18321,18322,18322,2,2
2022-02-11 15:35:49.705,18320,18321,18321,1,1
2022-02-11 15:35:52.312,18320,18321,18320,1,-1
2022-02-11 15:35:53.709,18320,18321,18321,1,1
2022-02-11 15:35:53.822,18320,18321,18321,1,1
2022-02-11 15:35:56.290,18321,18322,18321,1,-1
2022-02-11 15:35:58.588,18320,18321,18321,1,1
2022-02-11 15:36:08.539,18320,18321,18321,1,1
2022-02-11 15:36:14.389,18320,18321,18321,1,1
2022-02-11 15:36:17.797,18320,18321,18321,1,1
2022-02-11 15:36:18.686,18321,18322,18322,1,1
2022-02-11 15:36:20.681,18321,18322,18321,1,-1
2022-02-11 15:36:21.507,18321,18322,18321,1,-1
2022-02-11 15:36:22.808,18321,18322,18321,1,-1
2022-02-11 15:36:22.808,18321,18322,18321,2,-2
2022-02-11 15:36:26.837,18321,18322,18321,1,-1
2022-02-11 15:36:29.155,18320,18321,18320,1,-1
2022-02-11 15:36:35.228,18320,18321,18320,1,-1
2022-02-11 15:36:37.088,18320,18321,18320,12,-12
2022-02-11 15:36:41.691,18319,18320,18320,1,1
2022-02-11 15:36:41.692,18319,18320,18320,4,4
2022-02-11 15:36:44.582,18320,18321,18321,1,1
2022-02-11 15:36:44.582,18320,18321,18321,1,1
2022-02-11 15:36:44.583,18320,18321,18321,1,1
2022-02-11 15:36:44.594,18320,18321,18322,1,1
2022-02-11 15:36:45.340,18321,18322,18321,1,-1
2022-02-11 15:36:45.539,18321,18322,18322,1,1
2022-02-11 15:36:48.391,18321,18322,18321,1,-1
2022-02-11 15:36:49.511,18321,18322,18321,1,-1
2022-02-11 15:36:55.699,18320,18321,18321,1,1
2022-02-11 15:36:58.923,18320,18321,18320,1,-1
2022-02-11 15:37:04.445,18320,18321,18320,1,-1
2022-02-11 15:37:04.445,18320,18321,18320,1,-1
2022-02-11 15:37:16.445,18320,18321,18320,2,-2
2022-02-11 15:37:16.500,18319,18320,18320,2,2
2022-02-11 15:37:16.500,18319,18320,18321,3,3
2022-02-11 15:37:19.923,18320,18321,18320,1,-1
2022-02-11 15:37:21.700,18320,18321,18320,1,-1
2022-02-11 15:37:23.744,18320,18321,18321,2,2
2022-02-11 15:37:26.060,18321,18322,18321,1,-1
2022-02-11 15:37:29.409,18321,18322,18321,1,-1
2022-02-11 15:37:33.809,18321,18322,18322,8,8
2022-02-11 15:37:34.388,18322,18323,18323,1,1
2022-02-11 15:37:34.388,18322,18323,18323,6,6
2022-02-11 15:37:34.388,18322,18323,18323,4,4
2022-02-11 15:37:34.388,18322,18323,18323,1,1
2022-02-11 15:37:34.389,18322,18323,18323,1,1
2022-02-11 15:37:34.389,18322,18323,18323,1,1
2022-02-11 15:37:34.490,18322,18324,18323,1,1
2022-02-11 15:37:35.198,18322,18324,18324,2,2
2022-02-11 15:37:36.542,18323,18324,18324,9,9
2022-02-11 15:37:39.437,18324,18325,18325,5,5
2022-02-11 15:37:39.437,18324,18325,18325,1,1
2022-02-11 15:37:39.437,18324,18325,18325,7,7
2022-02-11 15:37:40.405,18325,18326,18326,2,2
2022-02-11 15:37:41.273,18325,18326,18326,1,1
2022-02-11 15:37:42.033,18325,18326,18326,6,6
2022-02-11 15:37:43.604,18326,18327,18326,1,-1
2022-02-11 15:37:43.609,18326,18327,18326,1,-1
2022-02-11 15:37:44.198,18326,18327,18326,1,-1
2022-02-11 15:37:44.629,18324,18325,18325,2,2
2022-02-11 15:37:44.629,18324,18325,18326,3,3
2022-02-11 15:37:47.518,18325,18326,18325,1,-1
2022-02-11 15:37:48.900,18324,18326,18326,1,1
2022-02-11 15:37:49.464,18324,18326,18326,1,1
2022-02-11 15:37:49.696,18324,18326,18326,1,1
2022-02-11 15:37:56.320,18324,18325,18325,1,1
2022-02-11 15:37:56.320,18324,18325,18325,6,6
2022-02-11 15:37:56.320,18324,18325,18325,1,1
2022-02-11 15:37:56.327,18324,18325,18325,1,1
2022-02-11 15:37:56.328,18324,18325,18325,2,2
2022-02-11 15:37:59.827,18325,18326,18325,1,-1
2022-02-11 15:38:00.405,18325,18326,18326,1,1
2022-02-11 15:38:00.774,18325,18326,18326,1,1
2022-02-11 15:38:00.775,18325,18326,18326,6,6
2022-02-11 15:38:00.899,18325,18327,18327,1,1
2022-02-11 15:38:00.916,18325,18327,18327,1,1
2022-02-11 15:38:01.034,18326,18327,18327,1,1
2022-02-11 15:38:01.281,18326,18327,18327,1,1
2022-02-11 15:38:01.427,18326,18327,18326,1,-1
2022-02-11 15:38:01.609,18326,18327,18327,1,1
2022-02-11 15:38:01.913,18326,18327,18326,1,-1
2022-02-11 15:38:02.086,18325,18327,18325,2,-2
2022-02-11 15:38:02.434,18325,18327,18327,1,1
2022-02-11 15:38:03.641,18326,18327,18326,1,-1
2022-02-11 15:38:03.740,18326,18327,18327,5,5
2022-02-11 15:38:05.184,18326,18327,18327,1,1
2022-02-11 15:38:05.398,18326,18327,18327,1,1
2022-02-11 15:38:06.036,18325,18327,18325,2,-2
2022-02-11 15:38:06.192,18325,18327,18327,5,5
2022-02-11 15:38:07.059,18325,18327,18327,5,5
2022-02-11 15:38:10.122,18326,18327,18325,1,-1
2022-02-11 15:38:12.051,18326,18327,18327,2,2
2022-02-11 15:38:13.641,18326,18327,18327,5,5
2022-02-11 15:38:18.813,18326,18327,18327,5,5
2022-02-11 15:38:20.407,18326,18327,18327,2,2
2022-02-11 15:38:23.606,18326,18327,18326,1,-1
2022-02-11 15:38:26.953,18325,18326,18325,4,-4
2022-02-11 15:38:27.998,18324,18325,18325,5,5
2022-02-11 15:38:29.459,18324,18326,18326,4,4
2022-02-11 15:38:43.320,18323,18326,18323,1,-1
2022-02-11 15:38:45.776,18324,18326,18324,1,-1
2022-02-11 15:38:46.280,18324,18326,18324,1,-1
2022-02-11 15:38:53.014,18324,18325,18325,1,1
2022-02-11 15:38:56.674,18323,18325,18325,1,1
2022-02-11 15:38:57.346,18323,18325,18325,1,1
2022-02-11 15:38:58.149,18323,18325,18325,1,1
2022-02-11 15:39:14.416,18323,18325,18325,1,1
2022-02-11 15:39:30.387,18324,18325,18324,5,-5
2022-02-11 15:39:30.451,18324,18325,18325,1,1
2022-02-11 15:39:30.451,18324,18325,18325,1,1
2022-02-11 15:39:30.453,18324,18325,18325,1,1
2022-02-11 15:39:35.534,18324,18325,18325,1,1
2022-02-11 15:39:35.534,18324,18325,18325,3,3
2022-02-11 15:39:35.576,18325,18326,18326,1,1
2022-02-11 15:39:35.576,18325,18326,18326,1,1
2022-02-11 15:39:35.576,18325,18326,18326,1,1
2022-02-11 15:39:35.576,18325,18326,18326,1,1
2022-02-11 15:39:35.576,18325,18326,18326,1,1
2022-02-11 15:39:35.576,18325,18326,18326,1,1
2022-02-11 15:39:35.576,18325,18326,18326,1,1
2022-02-11 15:39:35.577,18325,18326,18326,1,1
2022-02-11 15:39:35.577,18325,18326,18326,1,1
2022-02-11 15:39:35.577,18325,18326,18326,1,1
2022-02-11 15:39:35.577,18325,18326,18326,1,1
2022-02-11 15:39:39.043,18325,18326,18326,1,1
2022-02-11 15:39:40.150,18325,18327,18325,1,-1
2022-02-11 15:39:40.201,18325,18327,18327,1,1
2022-02-11 15:39:40.201,18325,18327,18327,1,1
2022-02-11 15:39:40.203,18325,18327,18327,1,1
2022-02-11 15:39:40.484,18325,18327,18326,1,1
2022-02-11 15:39:40.569,18325,18327,18327,2,2
2022-02-11 15:39:40.569,18325,18327,18327,2,2
2022-02-11 15:39:40.589,18326,18327,18327,2,2
2022-02-11 15:39:40.605,18326,18327,18327,2,2
2022-02-11 15:39:40.731,18326,18327,18327,1,1
2022-02-11 15:39:40.881,18326,18327,18327,1,1
2022-02-11 15:39:42.315,18326,18327,18327,1,1
2022-02-11 15:39:49.070,18326,18327,18326,1,-1
2022-02-11 15:39:49.830,18326,18327,18326,1,-1
2022-02-11 15:39:59.343,18325,18326,18326,5,5
2022-02-11 15:39:59.451,18325,18326,18326,1,1
2022-02-11 15:39:59.451,18325,18326,18326,1,1
2022-02-11 15:40:01.769,18325,18326,18325,1,-1
2022-02-11 15:40:02.005,18324,18325,18325,1,1
2022-02-11 15:40:02.023,18324,18325,18326,1,1
2022-02-11 15:40:02.151,18324,18326,18326,1,1
2022-02-11 15:40:02.164,18324,18326,18326,1,1
2022-02-11 15:40:02.239,18324,18326,18326,1,1
2022-02-11 15:40:02.301,18324,18326,18327,1,1
2022-02-11 15:40:02.414,18324,18327,18327,1,1
2022-02-11 15:40:02.418,18324,18327,18327,1,1
2022-02-11 15:40:02.587,18325,18327,18327,1,1
2022-02-11 15:40:02.715,18325,18327,18327,1,1
2022-02-11 15:40:02.862,18325,18327,18327,1,1
2022-02-11 15:40:02.862,18325,18327,18328,1,1
2022-02-11 15:40:03.010,18326,18328,18328,3,3
2022-02-11 15:40:03.016,18326,18328,18328,15,15
2022-02-11 15:40:03.238,18327,18328,18327,1,-1
2022-02-11 15:40:03.644,18326,18327,18327,1,1
2022-02-11 15:40:03.644,18326,18327,18328,6,6
2022-02-11 15:40:03.644,18326,18327,18327,3,3
2022-02-11 15:40:03.645,18326,18327,18327,1,1
2022-02-11 15:40:03.664,18326,18327,18328,1,1
2022-02-11 15:40:03.998,18327,18328,18327,1,-1
2022-02-11 15:40:03.998,18327,18328,18327,2,-2
2022-02-11 15:40:08.787,18327,18328,18328,2,2
2022-02-11 15:40:14.783,18327,18328,18327,2,-2
2022-02-11 15:40:15.553,18326,18328,18326,1,-1
2022-02-11 15:40:15.637,18326,18328,18328,1,1
2022-02-11 15:40:15.654,18326,18328,18328,1,1
2022-02-11 15:40:17.161,18326,18327,18327,1,1
2022-02-11 15:40:18.965,18326,18327,18327,1,1
2022-02-11 15:40:19.076,18326,18327,18327,1,1
2022-02-11 15:40:20.310,18326,18328,18326,3,-3
2022-02-11 15:40:25.327,18324,18326,18326,1,1
2022-02-11 15:40:27.618,18325,18326,18326,3,3
2022-02-11 15:40:30.009,18326,18327,18327,1,1
2022-02-11 15:40:30.077,18326,18327,18327,1,1
2022-02-11 15:40:38.601,18326,18327,18327,2,2
2022-02-11 15:40:44.859,18326,18327,18326,1,-1
2022-02-11 15:40:49.291,18326,18327,18326,1,-1
2022-02-11 15:40:54.181,18326,18327,18327,2,2
2022-02-11 15:40:58.115,18326,18327,18326,1,-1
2022-02-11 15:40:59.780,18326,18327,18327,1,1
2022-02-11 15:41:00.397,18326,18327,18327,1,1
2022-02-11 15:41:02.472,18327,18328,18327,1,-1
2022-02-11 15:41:05.888,18327,18328,18327,1,-1
2022-02-11 15:41:10.802,18326,18328,18328,1,1
2022-02-11 15:41:10.802,18326,18328,18328,1,1
2022-02-11 15:41:10.802,18326,18328,18328,1,1
2022-02-11 15:41:10.802,18326,18328,18328,1,1
2022-02-11 15:41:10.802,18326,18328,18328,1,1
2022-02-11 15:41:10.802,18326,18328,18328,6,6
2022-02-11 15:41:10.887,18328,18329,18327,1,-1
2022-02-11 15:41:13.816,18327,18329,18327,1,-1
2022-02-11 15:41:26.357,18327,18328,18327,1,-1
2022-02-11 15:41:29.086,18326,18327,18326,3,-3
2022-02-11 15:41:29.087,18326,18327,18326,3,-3
2022-02-11 15:41:29.087,18326,18327,18326,1,-1
2022-02-11 15:41:29.087,18326,18327,18326,1,-1
2022-02-11 15:41:34.027,18325,18326,18325,3,-3
2022-02-11 15:41:41.653,18325,18326,18325,1,-1
2022-02-11 15:41:49.701,18324,18325,18324,2,-2
2022-02-11 15:41:51.111,18323,18324,18323,4,-4
2022-02-11 15:41:51.965,18323,18324,18324,1,1
2022-02-11 15:41:53.981,18323,18324,18323,1,-1
2022-02-11 15:41:57.105,18322,18323,18323,1,1
2022-02-11 15:42:00.811,18322,18323,18322,3,-3
2022-02-11 15:42:00.828,18322,18323,18323,1,1
2022-02-11 15:42:01.490,18322,18323,18323,1,1
2022-02-11 15:42:05.777,18323,18324,18323,1,-1
2022-02-11 15:42:08.134,18323,18324,18323,1,-1
2022-02-11 15:42:13.398,18323,18324,18323,3,-3
2022-02-11 15:42:13.398,18323,18324,18322,4,-4
2022-02-11 15:42:13.667,18322,18324,18324,1,1
2022-02-11 15:42:13.765,18322,18324,18322,1,-1
2022-02-11 15:42:16.164,18323,18324,18324,1,1
2022-02-11 15:42:16.164,18323,18324,18324,1,1
2022-02-11 15:42:22.092,18324,18326,18324,1,-1
2022-02-11 15:42:22.362,18324,18326,18324,1,-1
2022-02-11 15:42:24.321,18324,18325,18324,1,-1
2022-02-11 15:42:24.505,18324,18325,18324,1,-1
2022-02-11 15:42:28.545,18322,18324,18324,3,3
2022-02-11 15:42:28.545,18322,18324,18324,1,1
2022-02-11 15:42:34.798,18322,18324,18322,1,-1
2022-02-11 15:42:34.919,18322,18324,18322,1,-1
2022-02-11 15:42:44.689,18321,18322,18322,1,1
2022-02-11 15:42:47.120,18321,18322,18322,1,1
2022-02-11 15:42:47.202,18321,18323,18323,1,1
2022-02-11 15:42:47.237,18321,18323,18322,1,1
2022-02-11 15:42:50.101,18321,18323,18321,2,-2
2022-02-11 15:42:52.307,18321,18322,18321,1,-1
2022-02-11 15:42:52.584,18321,18323,18321,5,-5
2022-02-11 15:42:53.882,18321,18323,18322,1,1
2022-02-11 15:43:00.250,18321,18322,18321,1,-1
2022-02-11 15:43:00.260,18321,18322,18321,2,-2
2022-02-11 15:43:00.261,18321,18322,18321,5,-5
2022-02-11 15:43:04.389,18320,18321,18321,1,1
2022-02-11 15:43:04.485,18320,18321,18320,21,-21
2022-02-11 15:43:13.410,18319,18320,18320,1,1
2022-02-11 15:43:13.664,18319,18320,18320,3,3
2022-02-11 15:43:13.808,18319,18320,18320,1,1
2022-02-11 15:43:14.598,18319,18320,18319,2,-2
2022-02-11 15:43:15.110,18319,18320,18320,2,2
2022-02-11 15:43:20.579,18319,18321,18319,1,-1
2022-02-11 15:43:24.341,18320,18321,18321,1,1
2022-02-11 15:43:35.523,18320,18321,18320,1,-1
2022-02-11 15:43:36.566,18320,18321,18320,1,-1
2022-02-11 15:43:39.527,18320,18321,18321,2,2
2022-02-11 15:43:39.528,18320,18321,18321,1,1
2022-02-11 15:43:46.284,18320,18322,18320,1,-1
2022-02-11 15:43:46.504,18320,18322,18322,1,1
2022-02-11 15:44:01.342,18321,18322,18322,2,2
2022-02-11 15:44:21.996,18321,18322,18321,1,-1
2022-02-11 15:44:22.077,18320,18322,18322,1,1
2022-02-11 15:44:22.201,18320,18322,18322,1,1
2022-02-11 15:44:22.202,18320,18322,18322,1,1
2022-02-11 15:44:30.103,18321,18322,18321,1,-1
2022-02-11 15:44:30.478,18320,18321,18320,1,-1
2022-02-11 15:44:42.006,18321,18322,18321,2,-2
2022-02-11 15:44:42.077,18320,18322,18322,1,1
2022-02-11 15:44:43.323,18320,18321,18320,1,-1
2022-02-11 15:44:53.731,18320,18321,18320,2,-2
2022-02-11 15:44:56.043,18320,18321,18320,3,-3
2022-02-11 15:44:57.091,18320,18321,18320,2,-2
2022-02-11 15:45:01.486,18319,18321,18320,3,3
2022-02-11 15:45:01.859,18319,18321,18321,8,8
2022-02-11 15:45:08.030,18321,18322,18321,1,-1
2022-02-11 15:45:11.656,18320,18321,18321,1,1
2022-02-11 15:45:11.901,18320,18321,18321,3,3
2022-02-11 15:45:15.760,18320,18321,18320,2,-2
2022-02-11 15:45:17.403,18319,18321,18319,1,-1
2022-02-11 15:45:27.810,18319,18320,18319,1,-1
2022-02-11 15:45:27.810,18319,18320,18319,1,-1
2022-02-11 15:45:27.810,18319,18320,18319,1,-1
2022-02-11 15:45:27.811,18319,18320,18319,2,-2
2022-02-11 15:45:27.811,18319,18320,18319,5,-5
2022-02-11 15:45:27.811,18319,18320,18319,6,-6
2022-02-11 15:45:28.329,18318,18319,18319,1,1
2022-02-11 15:45:39.398,18319,18320,18319,1,-1
2022-02-11 15:45:39.398,18319,18320,18319,2,-2
2022-02-11 15:45:40.390,18318,18320,18320,1,1
2022-02-11 15:45:40.390,18318,18320,18320,1,1
2022-02-11 15:45:40.390,18318,18320,18320,2,2
2022-02-11 15:45:42.353,18320,18321,18320,4,-4
2022-02-11 15:45:42.353,18320,18321,18319,1,-1
2022-02-11 15:46:00.412,18319,18320,18319,2,-2
2022-02-11 15:46:01.789,18319,18320,18319,2,-2
2022-02-11 15:46:12.994,18319,18320,18320,3,3
2022-02-11 15:46:18.709,18319,18321,18319,1,-1
2022-02-11 15:46:28.548,18319,18320,18319,1,-1
2022-02-11 15:46:31.688,18319,18320,18319,2,-2
2022-02-11 15:46:55.629,18319,18320,18319,1,-1
2022-02-11 15:46:55.630,18319,18320,18319,1,-1
2022-02-11 15:47:09.520,18319,18320,18320,2,2
2022-02-11 15:47:17.902,18320,18321,18321,5,5
2022-02-11 15:47:19.245,18321,18322,18321,1,-1
2022-02-11 15:47:22.150,18320,18322,18322,1,1
2022-02-11 15:47:25.633,18320,18321,18320,1,-1
2022-02-11 15:47:25.848,18320,18321,18320,1,-1
2022-02-11 15:47:29.183,18320,18321,18320,1,-1
2022-02-11 15:47:29.922,18320,18321,18320,1,-1
2022-02-11 15:47:29.922,18320,18321,18320,3,-3
2022-02-11 15:47:33.641,18319,18320,18320,4,4
2022-02-11 15:47:34.001,18319,18320,18320,1,1
2022-02-11 15:47:34.001,18319,18320,18320,2,2
2022-02-11 15:47:34.658,18320,18321,18320,1,-1
2022-02-11 15:47:39.987,18320,18321,18320,1,-1
2022-02-11 15:47:48.182,18319,18320,18320,1,1
2022-02-11 15:47:58.395,18319,18320,18320,1,1
2022-02-11 15:48:00.416,18320,18321,18320,1,-1
2022-02-11 15:48:10.143,18320,18321,18321,4,4
2022-02-11 15:48:10.144,18320,18321,18321,1,1
2022-02-11 15:48:10.144,18320,18321,18321,1,1
2022-02-11 15:48:10.144,18320,18321,18321,2,2
2022-02-11 15:48:14.174,18321,18322,18322,1,1
2022-02-11 15:48:18.370,18322,18323,18323,1,1
2022-02-11 15:48:24.548,18322,18323,18323,1,1
2022-02-11 15:48:24.549,18322,18323,18323,2,2
2022-02-11 15:48:30.327,18323,18324,18324,1,1
2022-02-11 15:48:33.147,18323,18324,18323,1,-1
2022-02-11 15:48:33.147,18323,18324,18323,2,-2
2022-02-11 15:48:38.197,18323,18324,18323,1,-1
2022-02-11 15:48:38.498,18322,18324,18324,3,3
2022-02-11 15:48:43.076,18323,18324,18323,1,-1
2022-02-11 15:48:53.373,18322,18323,18322,1,-1
2022-02-11 15:48:53.374,18322,18323,18322,2,-2
2022-02-11 15:48:53.374,18322,18323,18322,1,-1
2022-02-11 15:48:55.242,18320,18322,18320,1,-1
2022-02-11 15:49:02.746,18320,18322,18322,3,3
2022-02-11 15:49:02.746,18320,18322,18323,7,7
2022-02-11 15:49:03.384,18321,18323,18323,1,1
2022-02-11 15:49:04.489,18321,18322,18322,1,1
2022-02-11 15:49:04.489,18321,18322,18322,1,1
2022-02-11 15:49:04.489,18321,18322,18322,2,2
2022-02-11 15:49:09.340,18320,18322,18322,5,5
2022-02-11 15:49:09.340,18320,18322,18323,5,5
2022-02-11 15:49:09.710,18320,18323,18320,1,-1
2022-02-11 15:49:24.108,18322,18324,18324,1,1
2022-02-11 15:49:26.889,18322,18324,18324,1,1
2022-02-11 15:49:30.247,18323,18324,18324,10,10
2022-02-11 15:49:34.336,18323,18324,18323,1,-1
2022-02-11 15:49:34.336,18323,18324,18323,4,-4
2022-02-11 15:49:35.250,18322,18324,18324,4,4
2022-02-11 15:49:38.861,18324,18325,18325,5,5
2022-02-11 15:49:47.117,18324,18325,18324,6,-6
2022-02-11 15:49:47.541,18322,18324,18324,1,1
2022-02-11 15:49:56.354,18324,18325,18324,1,-1
2022-02-11 15:50:05.198,18323,18324,18324,1,1
2022-02-11 15:50:05.198,18323,18324,18324,3,3
2022-02-11 15:50:05.210,18323,18325,18325,1,1
2022-02-11 15:50:05.210,18323,18325,18325,1,1
2022-02-11 15:50:05.210,18323,18325,18325,1,1
2022-02-11 15:50:05.210,18323,18325,18325,2,2
2022-02-11 15:50:05.211,18323,18325,18325,1,1
2022-02-11 15:50:05.211,18323,18325,18325,1,1
2022-02-11 15:50:07.377,18324,18325,18324,1,-1
2022-02-11 15:50:07.451,18324,18325,18325,1,1
2022-02-11 15:50:07.460,18324,18325,18324,1,-1
2022-02-11 15:50:09.969,18324,18325,18324,1,-1
2022-02-11 15:50:12.205,18324,18325,18324,1,-1
2022-02-11 15:50:14.149,18324,18325,18324,9,-9
2022-02-11 15:50:20.981,18323,18324,18324,1,1
2022-02-11 15:50:24.099,18324,18325,18324,5,-5
2022-02-11 15:50:24.201,18324,18325,18325,1,1
2022-02-11 15:50:24.202,18324,18325,18325,1,1
2022-02-11 15:50:26.462,18324,18325,18324,4,-4
2022-02-11 15:50:27.232,18323,18324,18324,1,1
2022-02-11 15:50:32.011,18324,18325,18324,1,-1
2022-02-11 15:50:35.246,18323,18324,18324,1,1
2022-02-11 15:50:39.684,18323,18324,18324,1,1
2022-02-11 15:50:42.877,18324,18325,18324,2,-2
2022-02-11 15:50:46.236,18324,18325,18324,1,-1
2022-02-11 15:50:49.909,18324,18325,18325,1,1
2022-02-11 15:51:00.253,18324,18325,18325,1,1
2022-02-11 15:51:02.196,18324,18325,18325,13,13
2022-02-11 15:51:14.502,18324,18325,18325,1,1
2022-02-11 15:51:21.375,18324,18325,18325,1,1
2022-02-11 15:51:25.474,18325,18326,18326,1,1
2022-02-11 15:51:25.850,18325,18326,18326,4,4
2022-02-11 15:51:29.000,18325,18326,18326,9,9
2022-02-11 15:51:29.000,18325,18326,18326,1,1
2022-02-11 15:51:33.948,18325,18326,18326,1,1
2022-02-11 15:51:34.634,18325,18326,18325,2,-2
