2019-06-13 15:00:00.009,10522,10523,10522,67,-67
2019-06-13 15:00:00.099,10522,10523,10522,1,-1
2019-06-13 15:00:00.371,10522,10523,10523,1,1
2019-06-13 15:00:00.694,10522,10523,10523,2,2
2019-06-13 15:00:01.437,10522,10523,10523,2,2
2019-06-13 15:00:01.528,10522,10523,10523,4,4
2019-06-13 15:00:01.743,10522,10523,10523,2,2
2019-06-13 15:00:02.810,10522,10523,10522,1,-1
2019-06-13 15:00:03.638,10522,10523,10522,6,-6
2019-06-13 15:00:04.083,10522,10523,10523,1,1
2019-06-13 15:00:04.306,10522,10523,10523,3,3
2019-06-13 15:00:05.117,10522,10523,10523,1,1
2019-06-13 15:00:05.524,10523,10524,10523,3,-3
2019-06-13 15:00:05.965,10523,10524,10524,1,1
2019-06-13 15:00:06.046,10523,10524,10524,7,7
2019-06-13 15:00:06.192,10524,10525,10524,1,-1
2019-06-13 15:00:06.326,10524,10525,10525,3,3
2019-06-13 15:00:06.576,10524,10525,10525,1,1
2019-06-13 15:00:06.848,10524,10525,10524,6,-6
2019-06-13 15:00:07.166,10524,10525,10525,1,1
2019-06-13 15:00:07.177,10524,10525,10525,5,5
2019-06-13 15:00:07.701,10524,10525,10525,1,1
2019-06-13 15:00:07.957,10524,10525,10525,1,1
2019-06-13 15:00:08.076,10524,10525,10525,6,6
2019-06-13 15:00:08.201,10524,10525,10525,2,2
2019-06-13 15:00:10.270,10524,10525,10525,10,10
2019-06-13 15:00:10.748,10524,10525,10525,1,1
2019-06-13 15:00:10.760,10524,10525,10525,1,1
2019-06-13 15:00:13.813,10524,10525,10525,2,2
2019-06-13 15:00:15.137,10524,10525,10525,1,1
2019-06-13 15:00:17.170,10524,10525,10525,1,1
2019-06-13 15:00:19.629,10524,10525,10525,10,10
2019-06-13 15:00:20.550,10524,10525,10524,2,-2
2019-06-13 15:00:22.671,10524,10525,10525,1,1
2019-06-13 15:00:23.190,10524,10525,10525,10,10
2019-06-13 15:00:25.462,10524,10525,10524,1,-1
2019-06-13 15:00:28.021,10524,10525,10525,1,1
2019-06-13 15:00:29.296,10524,10525,10525,1,1
2019-06-13 15:00:30.167,10524,10525,10525,1,1
2019-06-13 15:00:31.953,10524,10525,10525,6,6
2019-06-13 15:00:32.214,10524,10525,10525,5,5
2019-06-13 15:00:33.702,10524,10525,10525,1,1
2019-06-13 15:00:34.413,10524,10525,10525,1,1
2019-06-13 15:00:35.624,10524,10525,10525,6,6
2019-06-13 15:00:36.035,10524,10525,10525,1,1
2019-06-13 15:00:37.497,10524,10525,10525,1,1
2019-06-13 15:00:38.200,10524,10525,10525,1,1
2019-06-13 15:00:38.603,10524,10525,10525,1,1
2019-06-13 15:00:38.604,10524,10525,10525,1,1
2019-06-13 15:00:38.860,10524,10525,10525,10,10
2019-06-13 15:00:39.946,10524,10525,10525,1,1
2019-06-13 15:00:40.316,10524,10525,10525,1,1
2019-06-13 15:00:41.482,10525,10526,10526,1,1
2019-06-13 15:00:47.779,10525,10526,10526,1,1
2019-06-13 15:00:48.508,10525,10526,10526,1,1
2019-06-13 15:00:52.198,10525,10526,10526,1,1
2019-06-13 15:00:52.936,10525,10526,10526,2,2
2019-06-13 15:00:53.108,10525,10526,10526,1,1
2019-06-13 15:00:53.728,10525,10526,10526,2,2
2019-06-13 15:00:53.728,10525,10526,10527,2,2
2019-06-13 15:00:54.670,10526,10527,10526,1,-1
2019-06-13 15:00:55.127,10526,10527,10527,1,1
2019-06-13 15:00:56.203,10526,10527,10527,1,1
2019-06-13 15:00:57.012,10526,10527,10527,1,1
2019-06-13 15:00:59.317,10526,10527,10526,1,-1
2019-06-13 15:00:59.525,10526,10527,10527,1,1
2019-06-13 15:01:00.034,10526,10527,10526,1,-1
2019-06-13 15:01:00.111,10526,10527,10526,1,-1
2019-06-13 15:01:02.203,10526,10527,10526,2,-2
2019-06-13 15:01:02.394,10526,10527,10526,1,-1
2019-06-13 15:01:02.451,10525,10526,10526,2,2
2019-06-13 15:01:03.009,10525,10526,10526,1,1
2019-06-13 15:01:03.892,10526,10527,10526,2,-2
2019-06-13 15:01:07.155,10526,10527,10526,1,-1
2019-06-13 15:01:07.668,10526,10527,10526,1,-1
2019-06-13 15:01:08.562,10526,10527,10526,1,-1
2019-06-13 15:01:09.629,10526,10527,10526,1,-1
2019-06-13 15:01:10.644,10526,10527,10526,2,-2
2019-06-13 15:01:11.649,10526,10527,10526,2,-2
2019-06-13 15:01:13.603,10526,10527,10526,2,-2
2019-06-13 15:01:14.244,10526,10527,10526,1,-1
2019-06-13 15:01:14.324,10526,10527,10526,1,-1
2019-06-13 15:01:16.382,10526,10527,10526,1,-1
2019-06-13 15:01:16.963,10525,10526,10526,2,2
2019-06-13 15:01:19.671,10525,10526,10526,1,1
2019-06-13 15:01:21.008,10525,10526,10526,2,2
2019-06-13 15:01:21.812,10525,10526,10526,1,1
2019-06-13 15:01:24.893,10525,10526,10525,1,-1
2019-06-13 15:01:26.783,10525,10526,10526,1,1
2019-06-13 15:01:35.238,10525,10526,10526,1,1
2019-06-13 15:01:37.508,10525,10526,10526,1,1
2019-06-13 15:01:40.663,10525,10526,10526,2,2
2019-06-13 15:01:42.858,10525,10526,10526,2,2
2019-06-13 15:01:46.426,10525,10526,10525,1,-1
2019-06-13 15:01:53.524,10525,10526,10526,1,1
2019-06-13 15:01:56.247,10525,10526,10526,1,1
2019-06-13 15:02:02.326,10525,10526,10525,10,-10
2019-06-13 15:02:02.518,10525,10526,10525,10,-10
2019-06-13 15:02:02.710,10525,10526,10525,2,-2
2019-06-13 15:02:04.498,10525,10526,10526,1,1
2019-06-13 15:02:12.754,10525,10526,10525,17,-17
2019-06-13 15:02:14.576,10525,10526,10526,6,6
2019-06-13 15:02:14.701,10525,10526,10526,16,16
2019-06-13 15:02:14.701,10525,10526,10526,1,1
2019-06-13 15:02:14.701,10525,10526,10526,2,2
2019-06-13 15:02:14.701,10525,10526,10526,2,2
2019-06-13 15:02:14.702,10525,10526,10526,1,1
2019-06-13 15:02:14.711,10525,10526,10526,2,2
2019-06-13 15:02:16.091,10526,10527,10526,5,-5
2019-06-13 15:02:16.091,10526,10527,10525,3,-3
2019-06-13 15:02:20.442,10525,10526,10526,1,1
2019-06-13 15:02:20.590,10525,10527,10527,4,4
2019-06-13 15:02:24.794,10526,10527,10526,1,-1
2019-06-13 15:02:28.287,10526,10527,10527,1,1
2019-06-13 15:02:35.364,10526,10527,10527,3,3
2019-06-13 15:02:35.479,10526,10527,10527,3,3
2019-06-13 15:02:35.809,10526,10527,10527,1,1
2019-06-13 15:02:37.528,10527,10528,10528,1,1
2019-06-13 15:02:38.433,10527,10528,10527,1,-1
2019-06-13 15:02:40.224,10527,10528,10528,1,1
2019-06-13 15:02:47.271,10527,10528,10528,2,2
2019-06-13 15:02:48.546,10527,10528,10528,1,1
2019-06-13 15:02:50.359,10527,10528,10527,8,-8
2019-06-13 15:02:54.278,10527,10528,10527,4,-4
2019-06-13 15:02:56.162,10527,10528,10528,1,1
2019-06-13 15:02:58.075,10527,10528,10528,5,5
2019-06-13 15:03:01.768,10527,10528,10528,1,1
2019-06-13 15:03:02.719,10527,10528,10527,10,-10
2019-06-13 15:03:02.942,10527,10528,10527,7,-7
2019-06-13 15:03:04.917,10527,10528,10527,1,-1
2019-06-13 15:03:05.431,10527,10528,10527,5,-5
2019-06-13 15:03:06.193,10527,10528,10527,3,-3
2019-06-13 15:03:06.193,10527,10528,10526,1,-1
2019-06-13 15:03:06.438,10526,10527,10527,1,1
2019-06-13 15:03:09.605,10526,10527,10526,2,-2
2019-06-13 15:03:14.116,10526,10527,10526,1,-1
2019-06-13 15:03:15.668,10526,10527,10527,1,1
2019-06-13 15:03:15.763,10526,10527,10527,1,1
2019-06-13 15:03:16.316,10526,10527,10526,1,-1
2019-06-13 15:03:17.049,10526,10527,10527,5,5
2019-06-13 15:03:21.010,10526,10527,10527,1,1
2019-06-13 15:03:25.355,10526,10527,10527,1,1
2019-06-13 15:03:27.180,10526,10527,10527,3,3
2019-06-13 15:03:33.242,10526,10527,10527,1,1
2019-06-13 15:03:35.272,10526,10527,10527,1,1
2019-06-13 15:03:37.238,10526,10527,10527,2,2
2019-06-13 15:03:39.484,10526,10527,10527,2,2
2019-06-13 15:03:39.484,10526,10527,10528,1,1
2019-06-13 15:03:46.299,10527,10528,10528,1,1
2019-06-13 15:03:48.248,10527,10528,10528,2,2
2019-06-13 15:03:55.420,10527,10528,10527,1,-1
2019-06-13 15:03:59.471,10527,10528,10528,2,2
2019-06-13 15:03:59.475,10527,10528,10528,3,3
2019-06-13 15:03:59.494,10527,10528,10528,3,3
2019-06-13 15:03:59.504,10527,10528,10528,1,1
2019-06-13 15:03:59.508,10527,10528,10528,1,1
2019-06-13 15:04:02.648,10527,10528,10527,2,-2
2019-06-13 15:04:04.274,10527,10528,10527,6,-6
2019-06-13 15:04:04.326,10527,10528,10527,1,-1
2019-06-13 15:04:04.576,10526,10527,10527,1,1
2019-06-13 15:04:06.855,10526,10527,10527,1,1
2019-06-13 15:04:12.302,10527,10528,10527,1,-1
2019-06-13 15:04:13.281,10526,10527,10527,1,1
2019-06-13 15:04:13.888,10526,10527,10527,1,1
2019-06-13 15:04:15.700,10526,10527,10526,2,-2
2019-06-13 15:04:19.406,10526,10527,10527,3,3
2019-06-13 15:04:23.358,10526,10527,10527,1,1
2019-06-13 15:04:23.849,10526,10527,10527,1,1
2019-06-13 15:04:24.492,10527,10528,10527,1,-1
2019-06-13 15:04:52.043,10527,10528,10527,1,-1
2019-06-13 15:04:52.975,10527,10528,10527,1,-1
2019-06-13 15:04:56.596,10527,10528,10528,1,1
2019-06-13 15:04:56.600,10527,10528,10528,1,1
2019-06-13 15:04:56.606,10527,10528,10528,3,3
2019-06-13 15:04:56.606,10527,10528,10528,2,2
2019-06-13 15:04:56.660,10527,10528,10528,3,3
2019-06-13 15:04:59.700,10527,10528,10527,1,-1
2019-06-13 15:05:02.519,10527,10528,10527,10,-10
2019-06-13 15:05:02.676,10527,10528,10527,3,-3
2019-06-13 15:05:02.971,10527,10528,10527,1,-1
2019-06-13 15:05:04.333,10527,10528,10527,1,-1
2019-06-13 15:05:04.860,10527,10528,10527,5,-5
2019-06-13 15:05:05.536,10527,10528,10527,9,-9
2019-06-13 15:05:05.989,10526,10527,10527,1,1
2019-06-13 15:05:14.201,10526,10527,10526,23,-23
2019-06-13 15:05:16.117,10525,10526,10526,2,2
2019-06-13 15:05:19.157,10525,10526,10525,5,-5
2019-06-13 15:05:19.167,10525,10526,10525,4,-4
2019-06-13 15:05:19.201,10525,10526,10525,3,-3
2019-06-13 15:05:19.201,10525,10526,10525,2,-2
2019-06-13 15:05:19.201,10525,10526,10525,3,-3
2019-06-13 15:05:20.220,10524,10525,10524,1,-1
2019-06-13 15:05:23.070,10524,10525,10524,1,-1
2019-06-13 15:05:37.733,10524,10525,10524,1,-1
2019-06-13 15:05:53.658,10524,10525,10524,5,-5
2019-06-13 15:05:53.686,10524,10525,10525,1,1
2019-06-13 15:05:53.895,10524,10525,10524,5,-5
2019-06-13 15:05:55.821,10524,10525,10524,1,-1
2019-06-13 15:05:55.990,10524,10525,10524,1,-1
2019-06-13 15:05:56.240,10524,10525,10524,5,-5
2019-06-13 15:05:56.639,10524,10525,10524,1,-1
2019-06-13 15:05:57.115,10524,10525,10524,6,-6
2019-06-13 15:05:57.181,10524,10525,10524,4,-4
2019-06-13 15:06:00.064,10524,10525,10524,1,-1
2019-06-13 15:06:02.863,10524,10525,10524,10,-10
2019-06-13 15:06:03.093,10524,10525,10524,3,-3
2019-06-13 15:06:03.600,10524,10525,10524,7,-7
2019-06-13 15:06:05.769,10523,10524,10524,1,1
2019-06-13 15:06:06.042,10523,10524,10524,1,1
2019-06-13 15:06:06.596,10524,10525,10524,1,-1
2019-06-13 15:06:06.664,10524,10525,10524,1,-1
2019-06-13 15:06:08.401,10524,10525,10525,7,7
2019-06-13 15:06:08.404,10524,10525,10525,3,3
2019-06-13 15:06:08.410,10524,10525,10525,1,1
2019-06-13 15:06:08.413,10524,10525,10525,5,5
2019-06-13 15:06:08.451,10524,10525,10525,2,2
2019-06-13 15:06:08.451,10524,10525,10525,3,3
2019-06-13 15:06:08.579,10525,10526,10526,2,2
2019-06-13 15:06:08.579,10525,10526,10526,1,1
2019-06-13 15:06:13.495,10525,10526,10526,1,1
2019-06-13 15:06:16.880,10525,10526,10525,2,-2
2019-06-13 15:06:24.278,10525,10526,10526,2,2
2019-06-13 15:06:30.125,10526,10527,10526,1,-1
2019-06-13 15:06:42.055,10526,10527,10526,2,-2
2019-06-13 15:06:44.385,10525,10526,10526,2,2
2019-06-13 15:06:46.848,10526,10527,10526,1,-1
2019-06-13 15:06:56.497,10526,10527,10526,3,-3
2019-06-13 15:07:05.598,10526,10527,10526,1,-1
2019-06-13 15:07:05.598,10526,10527,10526,1,-1
2019-06-13 15:07:05.599,10526,10527,10526,2,-2
2019-06-13 15:07:05.701,10526,10527,10526,2,-2
2019-06-13 15:07:06.026,10525,10526,10526,1,1
2019-06-13 15:07:07.939,10525,10526,10525,2,-2
2019-06-13 15:07:08.451,10525,10526,10525,5,-5
2019-06-13 15:07:10.851,10524,10525,10525,10,10
2019-06-13 15:07:13.038,10524,10525,10525,1,1
2019-06-13 15:07:19.105,10524,10525,10525,2,2
2019-06-13 15:07:25.358,10524,10525,10525,5,5
2019-06-13 15:07:25.528,10525,10526,10525,5,-5
2019-06-13 15:07:33.553,10524,10525,10524,3,-3
2019-06-13 15:07:47.293,10524,10525,10524,1,-1
2019-06-13 15:07:47.974,10524,10525,10524,10,-10
2019-06-13 15:08:13.172,10524,10525,10525,1,1
2019-06-13 15:08:17.324,10524,10525,10524,1,-1
2019-06-13 15:08:18.107,10524,10525,10524,1,-1
2019-06-13 15:08:21.159,10524,10525,10524,1,-1
2019-06-13 15:08:24.737,10524,10525,10524,1,-1
2019-06-13 15:08:41.427,10524,10525,10524,1,-1
2019-06-13 15:08:41.465,10524,10525,10524,1,-1
2019-06-13 15:08:42.776,10524,10525,10524,1,-1
2019-06-13 15:08:43.406,10524,10525,10524,6,-6
2019-06-13 15:08:43.710,10524,10525,10524,1,-1
2019-06-13 15:08:43.826,10524,10525,10524,3,-3
2019-06-13 15:08:44.487,10523,10525,10525,1,1
2019-06-13 15:08:55.533,10523,10524,10524,1,1
2019-06-13 15:08:57.066,10524,10525,10524,1,-1
2019-06-13 15:09:24.865,10524,10525,10524,2,-2
2019-06-13 15:09:26.815,10524,10525,10524,1,-1
2019-06-13 15:09:28.376,10524,10525,10524,1,-1
2019-06-13 15:09:29.628,10524,10525,10525,1,1
2019-06-13 15:09:30.392,10524,10525,10524,3,-3
2019-06-13 15:09:44.169,10524,10525,10524,1,-1
2019-06-13 15:09:53.653,10524,10525,10524,1,-1
2019-06-13 15:09:53.901,10524,10525,10524,1,-1
2019-06-13 15:09:53.917,10524,10525,10525,1,1
2019-06-13 15:10:04.604,10524,10525,10525,1,1
2019-06-13 15:10:10.875,10524,10525,10524,1,-1
2019-06-13 15:10:10.984,10524,10525,10524,2,-2
2019-06-13 15:10:20.527,10524,10525,10524,1,-1
2019-06-13 15:10:20.638,10524,10525,10524,5,-5
2019-06-13 15:10:20.827,10524,10525,10524,1,-1
2019-06-13 15:10:20.947,10524,10525,10524,4,-4
2019-06-13 15:10:22.700,10523,10524,10524,1,1
2019-06-13 15:10:24.227,10524,10525,10524,1,-1
2019-06-13 15:10:30.076,10524,10525,10525,2,2
2019-06-13 15:10:30.201,10524,10525,10525,5,5
2019-06-13 15:10:32.963,10525,10526,10525,1,-1
2019-06-13 15:10:34.190,10524,10526,10526,5,5
2019-06-13 15:10:42.205,10525,10526,10526,5,5
2019-06-13 15:10:45.575,10525,10526,10526,1,1
2019-06-13 15:10:45.576,10525,10526,10526,1,1
2019-06-13 15:10:54.974,10526,10527,10526,1,-1
2019-06-13 15:10:55.019,10526,10527,10526,1,-1
2019-06-13 15:10:55.578,10525,10526,10526,2,2
2019-06-13 15:10:57.374,10525,10526,10526,1,1
2019-06-13 15:11:25.247,10525,10526,10526,1,1
2019-06-13 15:11:28.864,10525,10526,10526,1,1
2019-06-13 15:11:32.643,10525,10526,10526,3,3
2019-06-13 15:11:32.646,10525,10526,10526,5,5
2019-06-13 15:11:45.176,10526,10527,10527,1,1
2019-06-13 15:11:46.421,10526,10527,10527,1,1
2019-06-13 15:11:46.422,10526,10527,10527,2,2
2019-06-13 15:11:46.422,10526,10527,10527,2,2
2019-06-13 15:11:46.422,10526,10527,10527,1,1
2019-06-13 15:11:50.607,10527,10528,10528,6,6
2019-06-13 15:11:52.213,10527,10528,10528,1,1
2019-06-13 15:11:59.655,10527,10528,10528,10,10
2019-06-13 15:12:01.201,10527,10528,10528,2,2
2019-06-13 15:12:05.559,10528,10529,10528,6,-6
2019-06-13 15:12:11.565,10527,10528,10528,1,1
2019-06-13 15:12:12.483,10527,10528,10528,1,1
2019-06-13 15:12:15.988,10527,10528,10528,1,1
2019-06-13 15:12:16.164,10527,10528,10527,1,-1
2019-06-13 15:12:16.164,10527,10528,10527,1,-1
2019-06-13 15:12:16.164,10527,10528,10527,1,-1
2019-06-13 15:12:16.164,10527,10528,10527,1,-1
2019-06-13 15:12:16.164,10527,10528,10527,1,-1
2019-06-13 15:12:16.165,10527,10528,10527,2,-2
2019-06-13 15:12:16.165,10527,10528,10527,1,-1
2019-06-13 15:12:16.165,10527,10528,10527,1,-1
2019-06-13 15:12:16.165,10527,10528,10527,1,-1
2019-06-13 15:12:16.165,10527,10528,10527,1,-1
2019-06-13 15:12:16.165,10527,10528,10527,1,-1
2019-06-13 15:12:16.165,10527,10528,10527,1,-1
2019-06-13 15:12:16.165,10527,10528,10527,1,-1
2019-06-13 15:12:16.165,10527,10528,10527,1,-1
2019-06-13 15:12:16.165,10527,10528,10527,1,-1
2019-06-13 15:12:16.165,10527,10528,10527,1,-1
2019-06-13 15:12:16.165,10527,10528,10527,1,-1
2019-06-13 15:12:16.165,10527,10528,10527,1,-1
2019-06-13 15:12:16.166,10527,10528,10527,1,-1
2019-06-13 15:12:16.166,10527,10528,10527,1,-1
2019-06-13 15:12:16.201,10527,10528,10527,1,-1
2019-06-13 15:12:20.093,10526,10528,10526,9,-9
2019-06-13 15:12:30.976,10526,10527,10527,1,1
2019-06-13 15:12:32.827,10526,10527,10526,1,-1
2019-06-13 15:12:36.007,10526,10527,10527,1,1
2019-06-13 15:12:36.116,10526,10527,10526,1,-1
2019-06-13 15:12:36.237,10526,10527,10526,1,-1
2019-06-13 15:12:46.970,10526,10527,10526,1,-1
2019-06-13 15:12:48.019,10526,10527,10526,1,-1
2019-06-13 15:13:02.078,10526,10527,10527,2,2
2019-06-13 15:13:02.336,10526,10527,10527,2,2
2019-06-13 15:13:06.755,10527,10528,10528,2,2
2019-06-13 15:13:13.030,10527,10528,10527,2,-2
2019-06-13 15:13:22.332,10527,10528,10527,1,-1
2019-06-13 15:13:28.024,10526,10527,10527,1,1
2019-06-13 15:13:52.661,10527,10528,10527,1,-1
2019-06-13 15:13:53.182,10527,10528,10528,1,1
2019-06-13 15:14:07.468,10527,10528,10528,1,1
2019-06-13 15:14:08.862,10527,10528,10528,2,2
2019-06-13 15:14:13.440,10527,10528,10528,1,1
2019-06-13 15:14:20.117,10528,10529,10528,3,-3
2019-06-13 15:14:24.224,10528,10529,10528,1,-1
2019-06-13 15:14:28.481,10528,10529,10529,2,2
2019-06-13 15:14:28.686,10528,10529,10529,1,1
2019-06-13 15:14:30.741,10528,10529,10528,1,-1
2019-06-13 15:14:46.936,10528,10529,10528,1,-1
2019-06-13 15:14:54.003,10528,10529,10528,1,-1
2019-06-13 15:14:56.452,10527,10529,10527,1,-1
2019-06-13 15:14:56.719,10527,10529,10529,1,1
2019-06-13 15:14:57.003,10527,10529,10527,1,-1
2019-06-13 15:14:57.141,10527,10529,10527,1,-1
2019-06-13 15:14:57.288,10527,10528,10527,1,-1
2019-06-13 15:14:57.447,10527,10528,10527,1,-1
2019-06-13 15:14:57.590,10527,10528,10527,1,-1
2019-06-13 15:14:57.782,10527,10528,10527,1,-1
2019-06-13 15:14:58.126,10527,10529,10527,1,-1
2019-06-13 15:14:58.275,10527,10529,10527,1,-1
2019-06-13 15:14:58.448,10527,10528,10527,1,-1
2019-06-13 15:14:58.785,10527,10528,10527,1,-1
2019-06-13 15:14:58.949,10527,10528,10527,1,-1
2019-06-13 15:14:59.102,10527,10528,10527,1,-1
2019-06-13 15:14:59.246,10527,10528,10527,1,-1
2019-06-13 15:14:59.398,10527,10528,10527,1,-1
2019-06-13 15:14:59.554,10527,10528,10527,1,-1
2019-06-13 15:14:59.719,10527,10528,10527,1,-1
2019-06-13 15:14:59.859,10526,10528,10526,1,-1
2019-06-13 15:15:00.391,10526,10528,10526,1,-1
2019-06-13 15:15:00.860,10526,10528,10526,1,-1
2019-06-13 15:15:01.920,10526,10528,10526,1,-1
2019-06-13 15:15:05.510,10526,10527,10526,1,-1
2019-06-13 15:15:05.658,10526,10527,10526,2,-2
2019-06-13 15:15:18.197,10526,10527,10526,1,-1
2019-06-13 15:15:31.454,10526,10527,10526,1,-1
2019-06-13 15:15:35.714,10525,10526,10525,3,-3
2019-06-13 15:15:36.451,10525,10526,10526,1,1
2019-06-13 15:15:37.009,10525,10526,10526,1,1
2019-06-13 15:15:39.103,10525,10526,10526,1,1
2019-06-13 15:15:43.445,10525,10526,10525,1,-1
2019-06-13 15:15:43.448,10525,10526,10525,11,-11
2019-06-13 15:15:43.454,10524,10525,10525,1,1
2019-06-13 15:15:43.508,10524,10525,10525,1,1
2019-06-13 15:15:50.909,10524,10526,10525,1,-1
2019-06-13 15:15:51.020,10525,10526,10525,1,-1
2019-06-13 15:15:54.941,10524,10525,10525,1,1
2019-06-13 15:15:58.347,10524,10525,10524,1,-1
2019-06-13 15:16:05.587,10524,10525,10525,1,1
2019-06-13 15:16:09.225,10524,10525,10525,2,2
2019-06-13 15:16:09.230,10524,10525,10525,2,2
2019-06-13 15:16:09.230,10524,10525,10525,3,3
2019-06-13 15:16:09.230,10524,10525,10525,2,2
2019-06-13 15:16:09.230,10524,10525,10525,1,1
2019-06-13 15:16:13.487,10525,10526,10525,1,-1
2019-06-13 15:16:31.261,10525,10526,10525,3,-3
2019-06-13 15:16:36.292,10525,10526,10526,2,2
2019-06-13 15:17:00.591,10525,10526,10526,1,1
2019-06-13 15:17:00.655,10525,10526,10526,1,1
2019-06-13 15:17:00.666,10525,10526,10526,1,1
2019-06-13 15:17:09.465,10526,10527,10527,2,2
2019-06-13 15:17:11.298,10527,10528,10528,1,1
2019-06-13 15:17:11.345,10527,10528,10528,2,2
2019-06-13 15:17:11.345,10527,10528,10528,4,4
2019-06-13 15:17:11.451,10527,10528,10528,5,5
2019-06-13 15:17:12.381,10528,10529,10528,1,-1
2019-06-13 15:17:12.381,10528,10529,10528,1,-1
2019-06-13 15:17:15.451,10527,10528,10527,3,-3
2019-06-13 15:17:17.647,10527,10528,10527,1,-1
2019-06-13 15:17:34.618,10527,10528,10527,1,-1
2019-06-13 15:17:38.203,10527,10528,10528,1,1
2019-06-13 15:17:39.451,10528,10529,10529,5,5
2019-06-13 15:17:39.451,10528,10529,10529,6,6
2019-06-13 15:17:39.451,10528,10529,10529,2,2
2019-06-13 15:17:46.591,10528,10529,10529,1,1
2019-06-13 15:17:49.213,10528,10529,10529,1,1
2019-06-13 15:17:54.837,10527,10529,10529,1,1
2019-06-13 15:17:56.794,10527,10529,10529,1,1
2019-06-13 15:18:00.159,10527,10529,10529,2,2
2019-06-13 15:18:06.171,10528,10529,10529,1,1
2019-06-13 15:18:12.870,10528,10529,10529,1,1
2019-06-13 15:18:17.699,10528,10529,10528,1,-1
2019-06-13 15:18:17.699,10528,10529,10527,2,-2
2019-06-13 15:18:35.499,10528,10529,10528,1,1
2019-06-13 15:18:59.113,10528,10529,10529,1,1
2019-06-13 15:19:05.101,10528,10529,10529,3,3
2019-06-13 15:19:05.508,10528,10529,10529,1,1
2019-06-13 15:19:09.515,10528,10529,10529,1,1
2019-06-13 15:19:13.162,10528,10529,10529,1,1
2019-06-13 15:19:14.786,10529,10530,10529,4,-4
2019-06-13 15:19:16.527,10529,10530,10529,4,-4
2019-06-13 15:19:17.159,10528,10529,10529,1,1
2019-06-13 15:19:18.106,10528,10529,10529,1,1
2019-06-13 15:19:34.136,10528,10529,10529,1,1
2019-06-13 15:19:34.709,10529,10530,10529,1,-1
2019-06-13 15:19:38.181,10529,10530,10530,19,19
2019-06-13 15:19:38.602,10530,10531,10531,2,2
2019-06-13 15:19:38.712,10530,10531,10531,1,1
2019-06-13 15:19:39.031,10530,10531,10531,1,1
2019-06-13 15:19:41.410,10529,10531,10531,4,4
2019-06-13 15:19:47.494,10530,10531,10531,1,1
2019-06-13 15:19:49.487,10530,10531,10531,2,2
2019-06-13 15:19:54.791,10530,10531,10530,1,-1
2019-06-13 15:19:54.826,10530,10531,10530,1,-1
2019-06-13 15:20:02.953,10530,10531,10531,31,31
2019-06-13 15:20:02.984,10530,10531,10531,1,1
2019-06-13 15:20:03.553,10531,10532,10532,6,6
2019-06-13 15:20:03.574,10531,10532,10532,2,2
2019-06-13 15:20:09.559,10531,10532,10532,1,1
2019-06-13 15:20:09.961,10531,10532,10532,1,1
2019-06-13 15:20:09.966,10531,10532,10532,1,1
2019-06-13 15:20:15.984,10531,10532,10531,2,-2
2019-06-13 15:20:15.984,10531,10532,10530,1,-1
2019-06-13 15:20:21.455,10531,10532,10531,3,3
2019-06-13 15:20:22.403,10531,10532,10531,1,-1
2019-06-13 15:20:28.708,10531,10532,10532,13,13
2019-06-13 15:20:33.147,10531,10532,10532,1,1
2019-06-13 15:20:34.541,10531,10532,10531,1,-1
2019-06-13 15:20:46.075,10531,10532,10531,2,-2
2019-06-13 15:20:50.811,10531,10532,10532,1,1
2019-06-13 15:20:51.874,10531,10532,10532,1,1
2019-06-13 15:20:53.944,10531,10532,10532,4,4
2019-06-13 15:20:54.569,10531,10532,10532,1,1
2019-06-13 15:20:57.363,10531,10532,10532,1,1
2019-06-13 15:20:57.454,10531,10532,10532,1,1
2019-06-13 15:21:00.087,10531,10532,10532,1,1
2019-06-13 15:21:07.105,10531,10532,10532,1,1
2019-06-13 15:21:09.398,10531,10532,10532,1,1
2019-06-13 15:21:12.704,10532,10533,10532,1,-1
2019-06-13 15:21:13.124,10532,10533,10532,1,-1
2019-06-13 15:21:13.422,10531,10533,10532,1,-1
2019-06-13 15:21:13.852,10531,10533,10533,1,1
2019-06-13 15:21:20.060,10531,10533,10532,1,-1
2019-06-13 15:21:23.084,10532,10533,10533,2,2
2019-06-13 15:21:23.732,10532,10533,10532,1,-1
2019-06-13 15:21:25.975,10532,10533,10532,1,-1
2019-06-13 15:21:27.316,10532,10533,10533,2,2
2019-06-13 15:21:33.233,10532,10533,10533,2,2
2019-06-13 15:21:34.708,10532,10533,10532,1,-1
2019-06-13 15:21:36.944,10532,10533,10532,1,-1
2019-06-13 15:21:46.650,10532,10533,10532,1,-1
2019-06-13 15:21:48.321,10532,10533,10533,4,4
2019-06-13 15:21:49.428,10532,10533,10532,1,-1
2019-06-13 15:21:53.032,10532,10533,10532,1,-1
2019-06-13 15:21:55.360,10532,10533,10532,1,-1
2019-06-13 15:21:59.392,10532,10533,10533,3,3
2019-06-13 15:22:00.351,10532,10533,10532,1,-1
2019-06-13 15:22:06.796,10532,10533,10533,1,1
2019-06-13 15:22:06.811,10532,10533,10533,1,1
2019-06-13 15:22:11.398,10532,10533,10533,1,1
2019-06-13 15:22:11.405,10532,10533,10532,2,-2
2019-06-13 15:22:11.907,10532,10533,10533,1,1
2019-06-13 15:22:14.785,10532,10533,10532,1,-1
2019-06-13 15:22:14.935,10532,10533,10532,1,-1
2019-06-13 15:22:15.135,10532,10533,10532,1,-1
2019-06-13 15:22:18.451,10532,10533,10532,1,-1
2019-06-13 15:22:33.238,10532,10533,10532,1,-1
2019-06-13 15:22:38.209,10532,10533,10532,1,-1
2019-06-13 15:22:39.210,10532,10533,10532,1,-1
2019-06-13 15:22:44.654,10532,10533,10532,1,-1
2019-06-13 15:22:47.052,10532,10533,10532,2,-2
2019-06-13 15:22:47.076,10532,10533,10532,11,-11
2019-06-13 15:22:47.708,10531,10532,10532,1,1
2019-06-13 15:22:56.217,10531,10532,10532,1,1
2019-06-13 15:23:10.692,10531,10532,10531,1,-1
2019-06-13 15:23:11.168,10531,10532,10531,1,-1
2019-06-13 15:23:11.169,10531,10532,10531,2,-2
2019-06-13 15:23:11.169,10531,10532,10531,3,-3
2019-06-13 15:23:11.183,10531,10532,10531,2,-2
2019-06-13 15:23:11.201,10531,10532,10531,1,-1
2019-06-13 15:23:11.201,10531,10532,10531,5,-5
2019-06-13 15:23:11.201,10531,10532,10531,1,-1
2019-06-13 15:23:14.508,10530,10531,10531,1,1
2019-06-13 15:23:19.288,10530,10531,10531,1,1
2019-06-13 15:23:25.757,10531,10532,10532,1,1
2019-06-13 15:23:26.624,10531,10532,10532,1,1
2019-06-13 15:23:29.470,10531,10532,10531,1,-1
2019-06-13 15:23:35.359,10531,10532,10531,1,-1
2019-06-13 15:23:41.033,10531,10532,10531,1,-1
2019-06-13 15:23:42.577,10531,10532,10531,3,-3
2019-06-13 15:23:53.219,10531,10532,10531,4,-4
2019-06-13 15:24:03.259,10530,10531,10531,1,1
2019-06-13 15:24:03.766,10530,10531,10531,1,1
2019-06-13 15:24:25.458,10530,10531,10531,6,6
2019-06-13 15:24:32.472,10531,10532,10531,1,-1
2019-06-13 15:24:36.451,10530,10531,10531,3,3
2019-06-13 15:25:00.977,10530,10531,10531,2,2
2019-06-13 15:25:01.821,10531,10532,10532,1,1
2019-06-13 15:25:01.843,10531,10532,10532,1,1
2019-06-13 15:25:02.427,10531,10532,10532,4,4
2019-06-13 15:25:06.258,10531,10532,10531,1,-1
2019-06-13 15:25:17.896,10531,10532,10532,1,1
2019-06-13 15:25:38.738,10531,10532,10531,4,-4
2019-06-13 15:25:38.862,10530,10531,10531,1,1
2019-06-13 15:25:58.941,10530,10531,10530,1,-1
2019-06-13 15:25:58.979,10530,10531,10530,1,-1
2019-06-13 15:26:12.760,10530,10531,10530,1,-1
2019-06-13 15:26:35.252,10530,10531,10531,10,10
2019-06-13 15:26:35.253,10530,10531,10531,4,4
2019-06-13 15:26:36.206,10531,10532,10531,2,-2
2019-06-13 15:27:08.683,10530,10531,10531,1,1
2019-06-13 15:27:23.570,10531,10532,10532,1,1
2019-06-13 15:27:26.326,10531,10532,10531,1,-1
2019-06-13 15:27:30.214,10531,10532,10531,1,-1
2019-06-13 15:27:46.307,10531,10532,10532,1,1
2019-06-13 15:27:47.851,10531,10532,10531,1,-1
2019-06-13 15:28:10.298,10531,10532,10532,1,1
2019-06-13 15:28:11.898,10531,10532,10532,3,3
2019-06-13 15:28:18.846,10531,10532,10532,3,3
2019-06-13 15:28:23.602,10531,10532,10531,1,-1
2019-06-13 15:28:29.032,10531,10532,10531,1,-1
2019-06-13 15:28:29.904,10531,10532,10531,1,-1
2019-06-13 15:28:39.193,10531,10532,10531,2,-2
2019-06-13 15:28:46.403,10531,10532,10531,1,-1
2019-06-13 15:28:59.267,10531,10532,10532,1,1
2019-06-13 15:29:06.740,10531,10532,10532,5,5
2019-06-13 15:29:18.937,10531,10532,10532,2,2
2019-06-13 15:29:34.006,10531,10532,10532,1,1
2019-06-13 15:29:40.704,10531,10532,10531,1,-1
2019-06-13 15:29:58.954,10531,10532,10532,1,1
2019-06-13 15:30:14.160,10531,10532,10531,4,-4
2019-06-13 15:30:14.269,10531,10532,10531,1,-1
2019-06-13 15:30:14.626,10531,10532,10532,1,1
2019-06-13 15:30:14.626,10531,10532,10532,1,1
2019-06-13 15:30:14.818,10531,10532,10532,1,1
2019-06-13 15:30:28.204,10531,10532,10532,1,1
2019-06-13 15:30:32.253,10531,10532,10532,1,1
2019-06-13 15:30:32.548,10531,10532,10532,3,3
2019-06-13 15:30:43.826,10531,10532,10532,1,1
2019-06-13 15:30:44.975,10531,10532,10532,2,2
2019-06-13 15:30:48.778,10531,10532,10532,1,1
2019-06-13 15:30:49.022,10531,10532,10532,1,1
2019-06-13 15:30:49.216,10531,10532,10532,1,1
2019-06-13 15:30:49.233,10531,10532,10532,4,4
2019-06-13 15:30:49.326,10531,10532,10532,2,2
2019-06-13 15:30:52.755,10531,10532,10532,2,2
2019-06-13 15:30:58.487,10531,10532,10532,1,1
2019-06-13 15:31:06.815,10531,10532,10532,1,1
2019-06-13 15:31:07.010,10531,10532,10532,1,1
2019-06-13 15:31:10.274,10531,10532,10531,2,-2
2019-06-13 15:31:14.164,10531,10532,10532,2,2
2019-06-13 15:31:14.301,10531,10532,10532,2,2
2019-06-13 15:31:14.953,10532,10533,10533,10,10
2019-06-13 15:31:14.996,10532,10533,10533,1,1
2019-06-13 15:31:14.997,10532,10533,10533,5,5
2019-06-13 15:31:15.012,10532,10533,10533,1,1
2019-06-13 15:31:15.022,10532,10533,10533,1,1
2019-06-13 15:31:15.034,10532,10533,10533,2,2
2019-06-13 15:31:15.046,10532,10533,10533,2,2
2019-06-13 15:31:15.047,10532,10533,10533,2,2
2019-06-13 15:31:15.049,10532,10533,10533,2,2
2019-06-13 15:31:15.060,10532,10533,10534,3,3
2019-06-13 15:31:15.183,10533,10534,10534,3,3
2019-06-13 15:31:15.326,10533,10534,10534,3,3
2019-06-13 15:31:15.419,10533,10534,10534,1,1
2019-06-13 15:31:15.460,10533,10534,10534,1,1
2019-06-13 15:31:15.476,10533,10534,10534,1,1
2019-06-13 15:31:15.511,10533,10534,10534,1,1
2019-06-13 15:31:15.746,10533,10534,10534,2,2
2019-06-13 15:31:16.288,10533,10534,10534,1,1
2019-06-13 15:31:22.550,10533,10534,10533,1,-1
2019-06-13 15:31:23.428,10533,10534,10534,2,2
2019-06-13 15:31:25.584,10533,10534,10534,9,9
2019-06-13 15:31:28.072,10534,10535,10534,1,-1
2019-06-13 15:31:30.622,10534,10535,10534,1,-1
2019-06-13 15:31:30.911,10534,10535,10534,3,-3
2019-06-13 15:31:33.782,10534,10535,10535,1,1
2019-06-13 15:31:34.014,10534,10535,10534,1,-1
2019-06-13 15:31:34.016,10534,10535,10535,5,5
2019-06-13 15:31:34.023,10534,10535,10535,5,5
2019-06-13 15:31:34.077,10534,10535,10535,2,2
2019-06-13 15:31:34.082,10534,10535,10535,5,5
2019-06-13 15:31:34.088,10534,10535,10535,5,5
2019-06-13 15:31:34.105,10534,10535,10535,1,1
2019-06-13 15:31:34.135,10534,10535,10535,4,4
2019-06-13 15:31:34.504,10534,10535,10535,1,1
2019-06-13 15:31:34.630,10534,10535,10535,2,2
2019-06-13 15:31:35.424,10534,10535,10535,1,1
2019-06-13 15:31:36.156,10534,10535,10534,1,-1
2019-06-13 15:31:38.983,10534,10535,10535,2,2
2019-06-13 15:31:38.987,10534,10535,10535,2,2
2019-06-13 15:31:39.602,10534,10535,10535,1,1
2019-06-13 15:31:39.761,10534,10535,10535,1,1
2019-06-13 15:31:40.335,10534,10535,10535,33,33
2019-06-13 15:31:40.807,10535,10536,10536,1,1
2019-06-13 15:31:41.007,10535,10536,10536,1,1
2019-06-13 15:31:41.031,10535,10536,10536,2,2
2019-06-13 15:31:41.151,10535,10536,10535,1,-1
2019-06-13 15:31:42.072,10535,10536,10536,1,1
2019-06-13 15:31:42.672,10535,10536,10536,2,2
2019-06-13 15:31:45.296,10535,10536,10536,1,1
2019-06-13 15:31:45.367,10535,10536,10536,2,2
2019-06-13 15:31:47.119,10535,10536,10536,1,1
2019-06-13 15:31:48.030,10535,10536,10535,1,-1
2019-06-13 15:31:49.173,10535,10536,10536,1,1
2019-06-13 15:31:51.265,10535,10536,10535,1,-1
2019-06-13 15:32:04.673,10535,10536,10536,2,2
2019-06-13 15:32:05.325,10535,10536,10536,1,1
2019-06-13 15:32:05.392,10535,10536,10536,31,31
2019-06-13 15:32:08.262,10536,10537,10536,1,-1
2019-06-13 15:32:11.912,10536,10537,10536,1,-1
2019-06-13 15:32:12.759,10536,10537,10536,1,-1
2019-06-13 15:32:13.593,10536,10537,10537,1,1
2019-06-13 15:32:13.832,10536,10537,10537,10,10
2019-06-13 15:32:13.907,10536,10537,10537,1,1
2019-06-13 15:32:13.953,10536,10537,10537,2,2
2019-06-13 15:32:14.630,10536,10538,10538,1,1
2019-06-13 15:32:14.926,10536,10538,10538,1,1
2019-06-13 15:32:14.972,10536,10538,10538,1,1
2019-06-13 15:32:15.003,10536,10538,10538,1,1
2019-06-13 15:32:15.209,10537,10538,10538,6,6
2019-06-13 15:32:15.444,10537,10538,10538,1,1
2019-06-13 15:32:15.579,10537,10538,10538,7,7
2019-06-13 15:32:15.606,10537,10538,10538,6,6
2019-06-13 15:32:15.607,10537,10538,10538,5,5
2019-06-13 15:32:15.607,10537,10538,10539,4,4
2019-06-13 15:32:15.612,10537,10538,10539,6,6
2019-06-13 15:32:15.625,10537,10538,10539,2,2
2019-06-13 15:32:15.730,10538,10539,10539,1,1
2019-06-13 15:32:16.134,10538,10539,10539,1,1
2019-06-13 15:32:16.998,10538,10539,10538,2,-2
2019-06-13 15:32:17.862,10538,10539,10539,2,2
2019-06-13 15:32:19.847,10538,10539,10538,1,-1
2019-06-13 15:32:20.998,10538,10539,10539,1,1
2019-06-13 15:32:21.784,10538,10539,10538,1,-1
2019-06-13 15:32:22.491,10538,10539,10539,1,1
2019-06-13 15:32:24.013,10538,10539,10539,5,5
2019-06-13 15:32:25.171,10538,10539,10539,6,6
2019-06-13 15:32:25.303,10538,10539,10539,2,2
2019-06-13 15:32:25.411,10538,10539,10539,1,1
2019-06-13 15:32:25.609,10538,10539,10539,2,2
2019-06-13 15:32:26.127,10538,10539,10539,1,1
2019-06-13 15:32:26.226,10539,10540,10539,1,-1
2019-06-13 15:32:26.431,10538,10539,10539,1,1
2019-06-13 15:32:26.697,10538,10539,10539,1,1
2019-06-13 15:32:28.508,10538,10539,10539,1,1
2019-06-13 15:32:29.463,10539,10540,10539,1,-1
2019-06-13 15:32:29.546,10539,10540,10539,1,-1
2019-06-13 15:32:30.217,10539,10540,10539,1,-1
2019-06-13 15:32:30.804,10539,10540,10539,5,-5
2019-06-13 15:32:31.339,10539,10540,10539,1,-1
2019-06-13 15:32:33.241,10539,10540,10540,8,8
2019-06-13 15:32:33.241,10539,10540,10540,7,7
2019-06-13 15:32:33.241,10539,10540,10540,2,2
2019-06-13 15:32:33.241,10539,10540,10540,6,6
2019-06-13 15:32:33.319,10539,10540,10540,2,2
2019-06-13 15:32:33.331,10540,10541,10541,5,5
2019-06-13 15:32:33.484,10540,10541,10541,14,14
2019-06-13 15:32:33.510,10540,10541,10541,1,1
2019-06-13 15:32:33.637,10540,10542,10542,4,4
2019-06-13 15:32:33.748,10541,10542,10542,1,1
2019-06-13 15:32:33.795,10541,10542,10542,2,2
2019-06-13 15:32:33.997,10541,10542,10542,1,1
2019-06-13 15:32:35.056,10541,10542,10541,1,-1
2019-06-13 15:32:35.056,10541,10542,10541,2,-2
2019-06-13 15:32:35.201,10540,10541,10541,1,1
2019-06-13 15:32:35.620,10540,10541,10540,1,-1
2019-06-13 15:32:36.580,10540,10541,10540,1,-1
2019-06-13 15:32:36.918,10540,10541,10541,1,1
2019-06-13 15:32:37.714,10540,10541,10541,2,2
2019-06-13 15:32:37.960,10540,10542,10542,1,1
2019-06-13 15:32:39.486,10540,10541,10540,1,-1
2019-06-13 15:32:40.080,10540,10541,10541,3,3
2019-06-13 15:32:40.283,10540,10541,10541,1,1
2019-06-13 15:32:41.451,10540,10541,10541,2,2
2019-06-13 15:32:42.640,10540,10542,10541,1,-1
2019-06-13 15:32:42.757,10541,10542,10541,2,-2
2019-06-13 15:32:42.757,10541,10542,10541,5,-5
2019-06-13 15:32:42.757,10541,10542,10541,2,-2
2019-06-13 15:32:43.018,10540,10542,10541,5,-5
2019-06-13 15:32:44.085,10541,10542,10541,1,-1
2019-06-13 15:32:45.099,10540,10541,10540,1,-1
2019-06-13 15:32:45.363,10540,10541,10541,2,2
2019-06-13 15:32:46.556,10540,10541,10541,2,2
2019-06-13 15:32:46.578,10541,10542,10542,2,2
2019-06-13 15:32:46.578,10541,10542,10542,1,1
2019-06-13 15:32:46.983,10541,10542,10542,3,3
2019-06-13 15:32:47.084,10541,10542,10541,1,-1
2019-06-13 15:32:48.186,10541,10542,10541,2,-2
2019-06-13 15:32:48.689,10541,10542,10541,4,-4
2019-06-13 15:32:49.010,10540,10541,10541,1,1
2019-06-13 15:32:49.341,10541,10542,10542,2,2
2019-06-13 15:32:49.540,10541,10542,10541,1,-1
2019-06-13 15:32:51.523,10540,10542,10542,3,3
2019-06-13 15:32:54.866,10541,10542,10541,1,-1
2019-06-13 15:32:56.002,10541,10542,10541,3,-3
2019-06-13 15:32:56.076,10541,10542,10541,1,-1
2019-06-13 15:32:56.203,10541,10542,10541,1,-1
2019-06-13 15:32:56.644,10540,10541,10541,2,2
2019-06-13 15:32:57.661,10541,10542,10541,1,-1
2019-06-13 15:33:02.112,10541,10542,10542,3,3
2019-06-13 15:33:04.000,10541,10542,10541,1,-1
2019-06-13 15:33:06.598,10541,10542,10541,1,-1
2019-06-13 15:33:07.924,10541,10542,10541,1,-1
2019-06-13 15:33:08.128,10541,10542,10541,1,-1
2019-06-13 15:33:08.509,10540,10541,10541,2,2
2019-06-13 15:33:09.826,10540,10541,10541,1,1
2019-06-13 15:33:11.392,10540,10541,10540,1,-1
2019-06-13 15:33:15.714,10540,10541,10541,1,1
2019-06-13 15:33:17.372,10540,10541,10540,2,-2
2019-06-13 15:33:18.190,10540,10541,10541,1,1
2019-06-13 15:33:20.101,10540,10541,10541,1,1
2019-06-13 15:33:20.635,10540,10541,10540,3,-3
2019-06-13 15:33:24.937,10540,10541,10540,1,-1
2019-06-13 15:33:25.283,10540,10541,10540,1,-1
2019-06-13 15:33:27.451,10540,10541,10540,23,-23
2019-06-13 15:33:27.576,10540,10541,10540,1,-1
2019-06-13 15:33:27.701,10539,10540,10540,1,1
2019-06-13 15:33:28.178,10539,10540,10539,1,-1
2019-06-13 15:33:32.939,10539,10540,10540,1,1
2019-06-13 15:33:33.103,10539,10540,10539,1,-1
2019-06-13 15:33:41.442,10539,10540,10540,1,1
2019-06-13 15:33:44.908,10539,10540,10540,2,2
2019-06-13 15:33:48.219,10539,10540,10539,6,-6
2019-06-13 15:33:49.055,10539,10540,10540,1,1
2019-06-13 15:33:50.812,10539,10540,10540,1,1
2019-06-13 15:33:57.583,10539,10540,10540,1,1
2019-06-13 15:33:58.529,10539,10540,10540,2,2
2019-06-13 15:33:58.530,10539,10540,10540,3,3
2019-06-13 15:33:58.530,10539,10540,10540,3,3
2019-06-13 15:33:58.530,10539,10540,10540,5,5
2019-06-13 15:33:58.531,10539,10540,10540,1,1
2019-06-13 15:33:59.448,10540,10541,10540,1,-1
2019-06-13 15:34:00.307,10540,10541,10540,1,-1
2019-06-13 15:34:01.103,10540,10541,10540,1,-1
2019-06-13 15:34:01.913,10540,10541,10540,4,-4
2019-06-13 15:34:03.752,10540,10541,10541,1,1
2019-06-13 15:34:06.525,10540,10541,10541,3,3
2019-06-13 15:34:06.780,10540,10541,10540,1,-1
2019-06-13 15:34:07.719,10540,10541,10541,1,1
2019-06-13 15:34:10.256,10540,10541,10540,1,-1
2019-06-13 15:34:16.084,10540,10541,10541,1,1
2019-06-13 15:34:17.062,10540,10541,10540,1,-1
2019-06-13 15:34:17.860,10540,10541,10540,1,-1
2019-06-13 15:34:19.296,10540,10541,10541,1,1
2019-06-13 15:34:20.514,10540,10541,10540,1,-1
2019-06-13 15:34:20.759,10540,10541,10541,3,3
2019-06-13 15:34:22.941,10540,10541,10541,1,1
2019-06-13 15:34:29.855,10540,10541,10540,1,-1
2019-06-13 15:34:31.495,10540,10541,10541,2,2
2019-06-13 15:34:33.403,10540,10541,10541,1,1
2019-06-13 15:34:36.907,10540,10541,10541,1,1
2019-06-13 15:34:37.264,10540,10541,10541,1,1
2019-06-13 15:34:40.838,10540,10541,10541,1,1
2019-06-13 15:34:41.086,10540,10541,10541,16,16
2019-06-13 15:34:42.529,10540,10541,10541,1,1
2019-06-13 15:34:44.112,10540,10541,10541,2,2
2019-06-13 15:34:44.795,10540,10541,10541,2,2
2019-06-13 15:34:46.861,10540,10541,10541,1,1
2019-06-13 15:34:47.391,10540,10541,10541,1,1
2019-06-13 15:34:58.712,10540,10541,10540,1,-1
2019-06-13 15:34:59.007,10540,10541,10540,2,-2
2019-06-13 15:34:59.777,10540,10541,10540,1,-1
2019-06-13 15:35:00.487,10540,10541,10541,7,7
2019-06-13 15:35:00.487,10540,10541,10541,7,7
2019-06-13 15:35:00.487,10540,10541,10541,8,8
2019-06-13 15:35:00.487,10540,10541,10541,8,8
2019-06-13 15:35:00.489,10540,10541,10541,6,6
2019-06-13 15:35:00.489,10540,10541,10541,1,1
2019-06-13 15:35:00.489,10540,10541,10541,1,1
2019-06-13 15:35:00.489,10540,10541,10541,2,2
2019-06-13 15:35:00.489,10540,10541,10541,2,2
2019-06-13 15:35:00.490,10540,10541,10541,3,3
2019-06-13 15:35:00.576,10540,10541,10541,7,7
2019-06-13 15:35:00.576,10540,10541,10541,2,2
2019-06-13 15:35:00.576,10540,10541,10541,15,15
2019-06-13 15:35:00.576,10540,10541,10541,4,4
2019-06-13 15:35:00.576,10540,10541,10541,28,28
2019-06-13 15:35:00.701,10540,10541,10541,6,6
2019-06-13 15:35:01.786,10541,10542,10541,1,-1
2019-06-13 15:35:02.376,10541,10542,10542,1,1
2019-06-13 15:35:02.814,10541,10542,10541,1,-1
2019-06-13 15:35:02.854,10541,10542,10542,1,1
2019-06-13 15:35:03.007,10541,10542,10542,2,2
2019-06-13 15:35:03.442,10541,10542,10542,1,1
2019-06-13 15:35:05.736,10541,10542,10541,1,-1
2019-06-13 15:35:06.614,10541,10542,10542,1,1
2019-06-13 15:35:07.499,10541,10542,10541,1,-1
2019-06-13 15:35:07.689,10541,10542,10542,1,1
2019-06-13 15:35:09.451,10541,10542,10542,1,1
2019-06-13 15:35:11.852,10541,10542,10541,2,-2
2019-06-13 15:35:11.852,10541,10542,10541,3,-3
2019-06-13 15:35:11.852,10541,10542,10541,2,-2
2019-06-13 15:35:12.066,10540,10541,10541,1,1
2019-06-13 15:35:13.125,10540,10541,10541,2,2
2019-06-13 15:35:15.215,10540,10541,10541,2,2
2019-06-13 15:35:16.425,10540,10541,10541,1,1
2019-06-13 15:35:19.313,10540,10541,10541,2,2
2019-06-13 15:35:19.316,10540,10541,10541,1,1
2019-06-13 15:35:19.377,10540,10541,10541,1,1
2019-06-13 15:35:20.120,10540,10541,10541,1,1
2019-06-13 15:35:21.923,10540,10541,10540,1,-1
2019-06-13 15:35:22.192,10540,10541,10541,1,1
2019-06-13 15:35:23.596,10540,10541,10541,1,1
2019-06-13 15:35:25.645,10540,10541,10541,2,2
2019-06-13 15:35:27.582,10540,10541,10540,4,-4
2019-06-13 15:35:27.701,10540,10541,10540,9,-9
2019-06-13 15:35:27.826,10540,10541,10540,1,-1
2019-06-13 15:35:28.076,10539,10540,10540,1,1
2019-06-13 15:35:35.560,10539,10540,10540,1,1
2019-06-13 15:35:37.642,10539,10540,10540,6,6
2019-06-13 15:35:39.221,10539,10540,10540,1,1
2019-06-13 15:35:41.164,10539,10540,10540,1,1
2019-06-13 15:35:41.313,10539,10540,10540,10,10
2019-06-13 15:35:41.453,10539,10541,10540,1,-1
2019-06-13 15:35:42.010,10539,10540,10540,1,1
2019-06-13 15:35:42.187,10539,10541,10540,1,-1
2019-06-13 15:35:42.464,10539,10540,10540,1,1
2019-06-13 15:35:43.818,10540,10541,10540,2,-2
2019-06-13 15:35:44.411,10540,10541,10540,1,-1
2019-06-13 15:35:46.191,10540,10541,10540,1,-1
2019-06-13 15:35:47.026,10539,10540,10541,10,10
2019-06-13 15:35:48.644,10540,10541,10540,1,-1
2019-06-13 15:35:51.108,10540,10541,10540,1,-1
2019-06-13 15:35:51.416,10539,10541,10540,1,-1
2019-06-13 15:35:52.632,10539,10540,10540,12,12
2019-06-13 15:35:52.632,10539,10540,10541,10,10
2019-06-13 15:35:53.070,10539,10540,10540,1,1
2019-06-13 15:35:53.745,10539,10541,10540,1,-1
2019-06-13 15:35:59.691,10539,10540,10539,1,-1
2019-06-13 15:36:06.929,10539,10540,10540,2,2
2019-06-13 15:36:06.933,10539,10540,10540,2,2
2019-06-13 15:36:08.085,10539,10540,10540,1,1
2019-06-13 15:36:09.003,10539,10540,10540,10,10
2019-06-13 15:36:09.201,10540,10541,10540,1,-1
2019-06-13 15:36:09.327,10539,10541,10539,1,-1
2019-06-13 15:36:12.048,10539,10541,10539,1,-1
2019-06-13 15:36:18.957,10539,10540,10539,1,-1
2019-06-13 15:36:19.056,10539,10540,10539,1,-1
2019-06-13 15:36:22.113,10539,10540,10539,1,-1
2019-06-13 15:36:23.874,10539,10540,10539,1,-1
2019-06-13 15:36:27.110,10539,10540,10539,1,-1
2019-06-13 15:36:28.078,10539,10540,10539,2,-2
2019-06-13 15:36:43.965,10539,10540,10539,1,-1
2019-06-13 15:36:44.513,10539,10540,10539,1,-1
2019-06-13 15:36:50.173,10539,10540,10540,2,2
2019-06-13 15:36:52.517,10539,10540,10540,1,1
2019-06-13 15:36:57.566,10539,10540,10540,1,1
2019-06-13 15:36:58.351,10539,10540,10540,1,1
2019-06-13 15:37:00.736,10539,10540,10540,1,1
2019-06-13 15:37:10.354,10539,10540,10540,1,1
2019-06-13 15:37:16.991,10539,10540,10540,1,1
2019-06-13 15:37:27.407,10539,10540,10540,1,1
2019-06-13 15:37:29.011,10539,10540,10540,1,1
2019-06-13 15:37:35.188,10539,10540,10540,1,1
2019-06-13 15:37:42.599,10539,10540,10540,3,3
2019-06-13 15:37:42.599,10539,10540,10540,3,3
2019-06-13 15:37:42.599,10539,10540,10540,3,3
2019-06-13 15:37:42.600,10539,10540,10540,3,3
2019-06-13 15:37:42.600,10539,10540,10540,1,1
2019-06-13 15:37:43.639,10540,10541,10540,1,-1
2019-06-13 15:37:47.105,10540,10541,10540,1,-1
2019-06-13 15:37:50.113,10540,10541,10541,1,1
2019-06-13 15:37:54.804,10540,10541,10541,1,1
2019-06-13 15:38:02.217,10540,10541,10541,1,1
2019-06-13 15:38:02.657,10540,10541,10541,1,1
2019-06-13 15:38:13.271,10540,10541,10541,1,1
2019-06-13 15:38:13.274,10540,10541,10541,4,4
2019-06-13 15:38:13.279,10540,10541,10541,1,1
2019-06-13 15:38:13.326,10540,10541,10541,1,1
2019-06-13 15:38:13.589,10540,10541,10541,1,1
2019-06-13 15:38:16.040,10540,10541,10541,1,1
2019-06-13 15:38:16.509,10540,10541,10541,1,1
2019-06-13 15:38:18.210,10540,10541,10541,1,1
2019-06-13 15:38:23.759,10541,10542,10541,1,-1
2019-06-13 15:38:32.985,10541,10542,10542,2,2
2019-06-13 15:38:33.773,10541,10542,10542,1,1
2019-06-13 15:38:43.497,10541,10542,10541,7,-7
2019-06-13 15:38:43.724,10540,10541,10541,1,1
2019-06-13 15:38:43.951,10540,10541,10541,1,1
2019-06-13 15:38:44.010,10540,10541,10541,1,1
2019-06-13 15:38:50.045,10540,10541,10541,1,1
2019-06-13 15:38:50.045,10540,10541,10541,2,2
2019-06-13 15:38:54.428,10541,10542,10541,1,-1
2019-06-13 15:39:03.937,10541,10542,10542,1,1
2019-06-13 15:39:04.905,10541,10542,10541,1,-1
2019-06-13 15:39:08.721,10541,10542,10541,1,-1
2019-06-13 15:39:12.010,10540,10541,10541,1,1
2019-06-13 15:39:31.510,10540,10541,10541,2,2
2019-06-13 15:39:32.857,10540,10541,10541,1,1
2019-06-13 15:39:33.283,10540,10541,10541,10,10
2019-06-13 15:39:34.278,10540,10541,10541,1,1
2019-06-13 15:39:38.336,10540,10541,10541,2,2
2019-06-13 15:39:39.185,10540,10541,10541,1,1
2019-06-13 15:39:40.962,10540,10541,10541,3,3
2019-06-13 15:39:48.211,10540,10541,10541,1,1
2019-06-13 15:39:51.076,10540,10541,10541,2,2
2019-06-13 15:39:51.864,10540,10542,10540,1,-1
2019-06-13 15:39:54.906,10540,10541,10540,1,-1
2019-06-13 15:39:59.598,10540,10541,10541,1,1
2019-06-13 15:39:59.598,10540,10541,10541,2,2
2019-06-13 15:40:00.400,10541,10542,10541,14,-14
2019-06-13 15:40:00.401,10541,10542,10541,1,-1
2019-06-13 15:40:00.853,10541,10542,10542,2,2
2019-06-13 15:40:01.231,10541,10542,10541,2,-2
2019-06-13 15:40:02.593,10541,10542,10541,3,-3
2019-06-13 15:40:02.631,10541,10542,10542,5,5
2019-06-13 15:40:02.790,10541,10542,10541,1,-1
2019-06-13 15:40:04.477,10541,10542,10541,3,-3
2019-06-13 15:40:06.509,10540,10541,10541,1,1
2019-06-13 15:40:06.568,10540,10541,10540,5,-5
2019-06-13 15:40:12.009,10540,10541,10541,1,1
2019-06-13 15:40:21.407,10541,10542,10541,1,-1
2019-06-13 15:40:26.683,10540,10541,10541,5,5
2019-06-13 15:40:26.684,10540,10541,10541,1,1
2019-06-13 15:40:39.319,10541,10542,10541,1,-1
2019-06-13 15:40:42.971,10541,10542,10541,1,-1
2019-06-13 15:40:44.373,10541,10542,10541,1,-1
2019-06-13 15:40:56.019,10541,10542,10541,1,-1
2019-06-13 15:40:59.640,10541,10542,10542,1,1
2019-06-13 15:41:02.156,10541,10542,10541,1,-1
2019-06-13 15:41:02.704,10541,10542,10542,4,4
2019-06-13 15:41:03.322,10541,10542,10541,1,-1
2019-06-13 15:41:10.513,10541,10542,10541,10,-10
2019-06-13 15:41:10.867,10541,10542,10541,1,-1
2019-06-13 15:41:14.152,10541,10542,10542,1,1
2019-06-13 15:41:14.944,10541,10542,10542,1,1
2019-06-13 15:41:14.951,10541,10542,10542,11,11
2019-06-13 15:41:15.076,10541,10542,10542,4,4
2019-06-13 15:41:15.076,10541,10542,10542,3,3
2019-06-13 15:41:15.076,10541,10542,10542,2,2
2019-06-13 15:41:15.076,10541,10542,10542,3,3
2019-06-13 15:41:17.828,10542,10543,10542,1,-1
2019-06-13 15:41:20.736,10542,10543,10542,1,-1
2019-06-13 15:41:22.625,10542,10543,10543,1,1
2019-06-13 15:41:22.989,10542,10543,10543,1,1
2019-06-13 15:41:23.038,10542,10543,10543,1,1
2019-06-13 15:41:23.827,10542,10543,10543,1,1
2019-06-13 15:41:34.552,10542,10543,10543,1,1
2019-06-13 15:41:35.726,10542,10543,10543,1,1
2019-06-13 15:41:39.898,10542,10543,10542,1,-1
2019-06-13 15:41:41.439,10542,10543,10543,5,5
2019-06-13 15:41:43.912,10542,10543,10543,5,5
2019-06-13 15:41:49.336,10542,10543,10543,1,1
2019-06-13 15:41:50.005,10542,10543,10542,5,-5
2019-06-13 15:41:52.068,10542,10543,10543,2,2
2019-06-13 15:41:53.880,10542,10543,10543,4,4
2019-06-13 15:41:53.885,10542,10543,10543,1,1
2019-06-13 15:41:57.672,10542,10543,10543,1,1
2019-06-13 15:41:57.782,10542,10543,10543,1,1
2019-06-13 15:41:59.677,10542,10543,10542,2,-2
2019-06-13 15:41:59.710,10542,10543,10543,1,1
2019-06-13 15:42:02.810,10542,10543,10543,3,3
2019-06-13 15:42:04.823,10542,10543,10543,1,1
2019-06-13 15:42:04.942,10542,10543,10542,3,-3
2019-06-13 15:42:07.802,10542,10543,10543,8,8
2019-06-13 15:42:08.105,10542,10543,10543,1,1
2019-06-13 15:42:13.541,10542,10543,10542,2,-2
2019-06-13 15:42:14.120,10542,10543,10542,1,-1
2019-06-13 15:42:15.391,10542,10543,10543,2,2
2019-06-13 15:42:15.573,10542,10543,10543,1,1
2019-06-13 15:42:15.641,10542,10543,10542,1,-1
2019-06-13 15:42:18.576,10542,10543,10543,1,1
2019-06-13 15:42:19.379,10542,10543,10542,2,-2
2019-06-13 15:42:20.938,10542,10543,10543,1,1
2019-06-13 15:42:21.570,10542,10543,10543,5,5
2019-06-13 15:42:23.747,10542,10543,10542,1,-1
2019-06-13 15:42:23.861,10542,10543,10542,33,-33
2019-06-13 15:42:23.951,10542,10543,10542,1,-1
2019-06-13 15:42:24.294,10541,10542,10542,1,1
2019-06-13 15:42:24.364,10541,10542,10542,1,1
2019-06-13 15:42:29.941,10541,10542,10541,1,-1
2019-06-13 15:42:31.636,10541,10542,10542,2,2
2019-06-13 15:42:32.203,10541,10542,10542,2,2
2019-06-13 15:42:32.245,10541,10542,10541,1,-1
2019-06-13 15:42:36.317,10541,10542,10542,1,1
2019-06-13 15:42:36.887,10541,10542,10541,3,-3
2019-06-13 15:42:38.037,10541,10542,10541,2,-2
2019-06-13 15:42:38.037,10541,10542,10541,3,-3
2019-06-13 15:42:38.037,10541,10542,10541,10,-10
2019-06-13 15:42:38.037,10541,10542,10541,3,-3
2019-06-13 15:42:38.037,10541,10542,10541,2,-2
2019-06-13 15:42:38.037,10541,10542,10541,1,-1
2019-06-13 15:42:38.202,10540,10541,10541,1,1
2019-06-13 15:42:43.010,10540,10541,10541,1,1
2019-06-13 15:42:43.651,10540,10541,10541,1,1
2019-06-13 15:42:45.404,10540,10541,10541,2,2
2019-06-13 15:42:48.091,10540,10541,10541,1,1
2019-06-13 15:42:48.146,10540,10541,10541,2,2
2019-06-13 15:42:48.716,10541,10542,10541,1,-1
2019-06-13 15:42:52.513,10541,10542,10541,1,-1
2019-06-13 15:42:54.183,10541,10542,10541,1,-1
2019-06-13 15:42:55.031,10541,10542,10541,1,-1
2019-06-13 15:42:55.076,10540,10541,10541,2,2
2019-06-13 15:42:56.160,10540,10541,10540,3,-3
2019-06-13 15:42:56.268,10540,10541,10540,1,-1
2019-06-13 15:42:56.975,10540,10541,10541,2,2
2019-06-13 15:42:56.977,10540,10541,10541,1,1
2019-06-13 15:42:56.980,10540,10541,10541,2,2
2019-06-13 15:42:57.326,10541,10542,10541,1,-1
2019-06-13 15:42:58.751,10540,10541,10540,1,-1
2019-06-13 15:43:00.746,10540,10541,10541,1,1
2019-06-13 15:43:06.451,10540,10541,10541,1,1
2019-06-13 15:43:18.730,10540,10541,10541,1,1
2019-06-13 15:43:22.606,10540,10541,10541,2,2
2019-06-13 15:43:23.951,10540,10541,10540,1,-1
2019-06-13 15:43:25.509,10540,10541,10541,1,1
2019-06-13 15:43:28.235,10540,10541,10540,2,-2
2019-06-13 15:43:29.681,10540,10541,10540,2,-2
2019-06-13 15:43:30.144,10540,10541,10540,4,-4
2019-06-13 15:43:32.989,10540,10541,10540,1,-1
2019-06-13 15:43:48.192,10540,10541,10540,1,-1
2019-06-13 15:43:49.104,10540,10541,10541,2,2
2019-06-13 15:43:51.828,10540,10541,10541,2,2
2019-06-13 15:43:56.188,10540,10541,10541,2,2
2019-06-13 15:43:57.761,10540,10541,10541,2,2
2019-06-13 15:44:03.370,10540,10541,10540,1,-1
2019-06-13 15:44:03.550,10540,10541,10540,1,-1
2019-06-13 15:44:09.680,10540,10541,10540,1,-1
2019-06-13 15:44:27.920,10540,10541,10541,4,4
2019-06-13 15:44:27.921,10540,10541,10541,3,3
2019-06-13 15:44:27.921,10540,10541,10541,3,3
2019-06-13 15:44:27.921,10540,10541,10541,2,2
2019-06-13 15:44:27.921,10540,10541,10541,2,2
2019-06-13 15:44:27.921,10540,10541,10541,2,2
2019-06-13 15:44:27.921,10540,10541,10541,1,1
2019-06-13 15:44:29.369,10541,10542,10541,1,-1
2019-06-13 15:44:30.197,10541,10542,10541,1,-1
2019-06-13 15:44:37.661,10541,10542,10541,4,-4
2019-06-13 15:44:38.009,10540,10541,10541,1,1
2019-06-13 15:44:39.936,10540,10542,10540,1,-1
2019-06-13 15:44:46.202,10541,10542,10541,1,1
2019-06-13 15:44:51.125,10540,10542,10540,1,-1
2019-06-13 15:44:59.830,10540,10542,10542,4,4
2019-06-13 15:45:03.842,10541,10542,10541,2,-2
2019-06-13 15:45:11.103,10541,10542,10541,1,-1
2019-06-13 15:45:30.035,10541,10542,10542,1,1
2019-06-13 15:45:35.012,10541,10542,10541,1,-1
2019-06-13 15:45:45.771,10541,10542,10541,6,-6
2019-06-13 15:45:47.712,10540,10541,10541,3,3
2019-06-13 15:45:50.611,10541,10542,10541,5,-5
2019-06-13 15:46:03.659,10540,10541,10541,2,2
2019-06-13 15:46:07.994,10540,10541,10541,1,1
2019-06-13 15:46:10.970,10540,10541,10541,1,1
2019-06-13 15:46:11.104,10540,10542,10540,1,-1
2019-06-13 15:46:25.168,10540,10541,10541,1,1
2019-06-13 15:46:45.159,10540,10541,10541,1,1
2019-06-13 15:46:54.839,10540,10541,10540,1,-1
2019-06-13 15:47:04.405,10540,10541,10540,1,-1
2019-06-13 15:47:06.481,10540,10541,10541,1,1
2019-06-13 15:47:29.701,10540,10541,10541,1,1
2019-06-13 15:47:31.066,10540,10541,10541,1,1
2019-06-13 15:47:32.713,10540,10541,10541,1,1
2019-06-13 15:47:52.615,10540,10541,10541,2,2
2019-06-13 15:47:53.973,10540,10541,10541,1,1
2019-06-13 15:47:55.112,10540,10541,10540,19,-19
2019-06-13 15:48:04.568,10540,10541,10540,1,-1
2019-06-13 15:48:11.419,10540,10541,10540,1,-1
2019-06-13 15:48:20.581,10540,10541,10541,5,5
2019-06-13 15:48:23.354,10540,10541,10541,1,1
2019-06-13 15:48:36.087,10540,10541,10541,5,5
2019-06-13 15:48:43.100,10540,10541,10541,1,1
2019-06-13 15:48:43.100,10540,10541,10541,1,1
2019-06-13 15:48:43.100,10540,10541,10541,2,2
2019-06-13 15:48:45.308,10541,10542,10541,7,-7
2019-06-13 15:48:45.454,10540,10541,10541,1,1
2019-06-13 15:48:47.082,10540,10541,10541,2,2
2019-06-13 15:48:48.123,10540,10541,10541,2,2
2019-06-13 15:48:50.745,10540,10541,10541,2,2
2019-06-13 15:48:50.777,10540,10541,10541,3,3
2019-06-13 15:48:51.576,10540,10541,10541,2,2
2019-06-13 15:48:51.747,10540,10541,10540,1,-1
2019-06-13 15:48:51.930,10540,10541,10541,2,2
2019-06-13 15:48:51.936,10540,10541,10541,1,1
2019-06-13 15:48:58.666,10541,10542,10542,2,2
2019-06-13 15:49:01.491,10541,10542,10542,8,8
2019-06-13 15:49:01.491,10541,10542,10542,3,3
2019-06-13 15:49:01.579,10542,10543,10543,1,1
2019-06-13 15:49:01.580,10542,10543,10543,2,2
2019-06-13 15:49:02.065,10542,10543,10543,2,2
2019-06-13 15:49:02.066,10542,10543,10543,7,7
2019-06-13 15:49:02.066,10542,10543,10543,1,1
2019-06-13 15:49:02.066,10542,10543,10543,1,1
2019-06-13 15:49:02.066,10542,10543,10543,1,1
2019-06-13 15:49:02.076,10542,10543,10543,12,12
2019-06-13 15:49:02.335,10543,10544,10544,4,4
2019-06-13 15:49:02.346,10543,10544,10544,3,3
2019-06-13 15:49:02.372,10543,10544,10544,4,4
2019-06-13 15:49:02.402,10543,10544,10544,1,1
2019-06-13 15:49:02.521,10543,10544,10543,1,-1
2019-06-13 15:49:02.543,10543,10544,10544,2,2
2019-06-13 15:49:03.323,10543,10544,10543,1,-1
2019-06-13 15:49:03.861,10543,10544,10543,1,-1
2019-06-13 15:49:04.009,10542,10543,10543,2,2
2019-06-13 15:49:05.905,10542,10543,10543,5,5
2019-06-13 15:49:13.803,10543,10544,10543,7,-7
2019-06-13 15:49:14.102,10542,10543,10543,1,1
2019-06-13 15:49:16.405,10542,10543,10543,1,1
2019-06-13 15:49:20.469,10542,10543,10542,1,-1
2019-06-13 15:49:21.093,10542,10543,10543,1,1
2019-06-13 15:49:21.501,10542,10543,10543,5,5
2019-06-13 15:49:21.693,10542,10543,10543,2,2
2019-06-13 15:49:22.240,10542,10543,10543,1,1
2019-06-13 15:49:26.235,10542,10543,10543,5,5
2019-06-13 15:49:29.392,10542,10543,10543,5,5
2019-06-13 15:49:33.892,10542,10543,10543,1,1
2019-06-13 15:49:40.103,10542,10543,10543,1,1
2019-06-13 15:49:42.710,10542,10543,10543,2,2
2019-06-13 15:49:44.279,10542,10543,10543,1,1
2019-06-13 15:49:44.279,10542,10543,10544,40,40
2019-06-13 15:49:51.021,10543,10544,10544,1,1
2019-06-13 15:49:51.122,10543,10544,10543,1,-1
2019-06-13 15:49:51.559,10543,10544,10544,1,1
2019-06-13 15:49:52.126,10543,10544,10544,6,6
2019-06-13 15:49:52.928,10543,10544,10544,1,1
2019-06-13 15:49:57.893,10543,10544,10544,1,1
2019-06-13 15:50:02.693,10543,10544,10544,6,6
2019-06-13 15:50:03.387,10543,10544,10544,2,2
2019-06-13 15:50:03.411,10543,10544,10543,10,-10
2019-06-13 15:50:03.541,10543,10544,10544,1,1
2019-06-13 15:50:04.541,10542,10543,10542,4,-4
2019-06-13 15:50:04.618,10542,10543,10542,4,-4
2019-06-13 15:50:04.957,10542,10543,10543,1,1
2019-06-13 15:50:07.174,10542,10543,10542,1,-1
2019-06-13 15:50:09.754,10542,10543,10542,9,-9
2019-06-13 15:50:09.951,10542,10543,10542,3,-3
2019-06-13 15:50:09.958,10542,10543,10542,1,-1
2019-06-13 15:50:09.970,10542,10543,10542,1,-1
2019-06-13 15:50:10.952,10541,10542,10541,1,-1
2019-06-13 15:50:12.100,10541,10542,10542,1,1
2019-06-13 15:50:12.201,10542,10543,10542,2,-2
2019-06-13 15:50:22.326,10542,10543,10542,2,-2
2019-06-13 15:50:24.523,10541,10543,10541,1,-1
2019-06-13 15:50:26.646,10541,10542,10542,1,1
2019-06-13 15:50:33.413,10541,10542,10542,1,1
2019-06-13 15:50:40.732,10541,10542,10541,4,-4
2019-06-13 15:50:43.255,10540,10541,10541,1,1
2019-06-13 15:50:44.190,10540,10541,10541,1,1
2019-06-13 15:50:45.326,10541,10542,10541,1,-1
2019-06-13 15:50:45.556,10540,10542,10542,1,1
2019-06-13 15:50:58.826,10541,10542,10541,5,-5
2019-06-13 15:51:00.924,10540,10541,10541,1,1
2019-06-13 15:51:03.184,10540,10541,10541,1,1
2019-06-13 15:51:07.245,10540,10541,10540,1,-1
2019-06-13 15:51:07.430,10540,10541,10540,1,-1
2019-06-13 15:51:09.647,10540,10541,10541,2,2
2019-06-13 15:51:18.673,10540,10541,10540,1,-1
2019-06-13 15:51:18.789,10540,10541,10540,1,-1
2019-06-13 15:51:24.908,10540,10541,10541,1,1
2019-06-13 15:51:38.482,10540,10541,10541,1,1
2019-06-13 15:51:50.124,10541,10542,10541,1,-1
2019-06-13 15:51:51.167,10541,10542,10541,1,-1
2019-06-13 15:51:51.891,10541,10542,10541,1,-1
2019-06-13 15:51:54.109,10541,10542,10541,1,-1
2019-06-13 15:51:54.826,10541,10542,10541,2,-2
2019-06-13 15:51:54.951,10541,10542,10541,2,-2
2019-06-13 15:51:54.951,10541,10542,10541,1,-1
2019-06-13 15:51:55.442,10540,10541,10541,1,1
2019-06-13 15:51:55.630,10540,10542,10541,2,-2
2019-06-13 15:51:55.633,10540,10542,10541,2,-2
2019-06-13 15:51:57.335,10540,10541,10541,1,1
2019-06-13 15:51:57.830,10540,10541,10541,2,2
2019-06-13 15:52:05.574,10540,10541,10541,2,2
2019-06-13 15:52:08.863,10540,10541,10540,1,-1
2019-06-13 15:52:12.490,10540,10541,10540,2,-2
2019-06-13 15:52:12.576,10540,10541,10540,22,-22
2019-06-13 15:52:12.701,10540,10541,10540,3,-3
2019-06-13 15:52:12.701,10540,10541,10540,4,-4
2019-06-13 15:52:12.701,10540,10541,10540,2,-2
2019-06-13 15:52:12.701,10540,10541,10540,4,-4
2019-06-13 15:52:12.701,10540,10541,10540,3,-3
2019-06-13 15:52:12.702,10540,10541,10540,2,-2
2019-06-13 15:52:12.826,10540,10541,10540,2,-2
2019-06-13 15:52:13.183,10539,10540,10540,12,12
2019-06-13 15:52:13.357,10539,10540,10540,1,1
2019-06-13 15:52:14.020,10539,10540,10540,1,1
2019-06-13 15:52:16.599,10539,10540,10539,10,-10
2019-06-13 15:52:17.604,10539,10540,10539,7,-7
2019-06-13 15:52:19.397,10538,10539,10539,3,3
2019-06-13 15:52:28.076,10539,10540,10540,2,2
2019-06-13 15:52:28.076,10539,10540,10540,2,2
2019-06-13 15:52:28.201,10539,10540,10540,3,3
2019-06-13 15:52:28.201,10539,10540,10540,3,3
2019-06-13 15:52:28.201,10539,10540,10540,2,2
2019-06-13 15:52:28.202,10539,10540,10540,3,3
2019-06-13 15:52:28.202,10539,10540,10540,2,2
2019-06-13 15:52:30.516,10540,10541,10540,16,-16
2019-06-13 15:52:33.546,10540,10541,10540,2,-2
2019-06-13 15:52:47.342,10540,10541,10540,2,-2
2019-06-13 15:52:52.090,10540,10541,10540,3,-3
2019-06-13 15:52:54.909,10540,10541,10541,1,1
2019-06-13 15:53:00.246,10540,10541,10540,2,-2
2019-06-13 15:53:00.265,10540,10541,10540,1,-1
2019-06-13 15:53:00.274,10540,10541,10540,3,-3
2019-06-13 15:53:01.446,10539,10540,10540,3,3
2019-06-13 15:53:06.102,10539,10540,10540,1,1
2019-06-13 15:53:07.308,10539,10540,10540,1,1
2019-06-13 15:53:10.177,10539,10540,10540,1,1
2019-06-13 15:53:26.445,10539,10540,10540,1,1
2019-06-13 15:53:29.521,10539,10540,10540,4,4
2019-06-13 15:53:29.576,10540,10541,10540,1,-1
2019-06-13 15:53:37.320,10540,10541,10540,1,-1
2019-06-13 15:53:39.906,10540,10541,10540,1,-1
2019-06-13 15:53:55.192,10539,10540,10540,4,4
2019-06-13 15:53:55.225,10540,10541,10540,1,-1
2019-06-13 15:54:01.077,10540,10541,10540,1,-1
2019-06-13 15:54:01.579,10539,10541,10541,2,2
2019-06-13 15:54:01.613,10539,10541,10540,1,-1
2019-06-13 15:54:01.613,10539,10541,10541,1,1
2019-06-13 15:54:06.267,10539,10540,10540,1,1
2019-06-13 15:54:10.327,10540,10541,10540,1,-1
2019-06-13 15:54:12.451,10539,10540,10540,1,1
2019-06-13 15:54:12.451,10539,10540,10541,1,1
2019-06-13 15:54:24.851,10539,10540,10540,2,2
2019-06-13 15:54:24.851,10539,10540,10541,2,2
2019-06-13 15:54:27.770,10540,10541,10541,1,1
2019-06-13 15:54:49.948,10540,10541,10540,1,-1
2019-06-13 15:54:50.257,10539,10540,10540,1,1
2019-06-13 15:55:11.309,10540,10541,10540,1,-1
2019-06-13 15:55:11.640,10540,10541,10541,1,1
2019-06-13 15:55:26.450,10540,10541,10540,1,-1
2019-06-13 15:55:26.451,10540,10541,10540,1,-1
2019-06-13 15:55:26.581,10540,10541,10540,1,-1
2019-06-13 15:55:27.641,10539,10541,10539,1,-1
2019-06-13 15:55:33.073,10540,10541,10540,1,1
2019-06-13 15:55:54.007,10540,10541,10540,1,-1
2019-06-13 15:56:05.513,10540,10541,10540,1,-1
2019-06-13 15:56:05.949,10540,10541,10541,5,5
2019-06-13 15:56:06.515,10540,10541,10541,1,1
2019-06-13 15:56:06.523,10540,10541,10541,2,2
2019-06-13 15:56:06.602,10540,10541,10541,1,1
2019-06-13 15:56:06.682,10540,10541,10541,1,1
2019-06-13 15:56:06.714,10540,10541,10541,1,1
2019-06-13 15:56:10.806,10541,10542,10541,11,-11
2019-06-13 15:56:15.828,10541,10542,10541,1,-1
2019-06-13 15:56:16.037,10541,10542,10541,1,-1
2019-06-13 15:57:03.372,10540,10541,10540,1,-1
2019-06-13 15:57:03.823,10540,10541,10541,1,1
2019-06-13 15:57:03.854,10540,10541,10541,1,1
2019-06-13 15:57:11.395,10540,10541,10541,1,1
2019-06-13 15:57:11.532,10540,10541,10541,1,1
2019-06-13 15:57:11.638,10540,10541,10541,1,1
2019-06-13 15:57:14.118,10540,10541,10541,1,1
2019-06-13 15:57:16.193,10540,10541,10541,1,1
2019-06-13 15:57:17.853,10540,10541,10541,1,1
2019-06-13 15:57:28.687,10541,10542,10542,1,1
2019-06-13 15:57:28.832,10541,10542,10542,1,1
2019-06-13 15:57:29.382,10541,10542,10542,1,1
2019-06-13 15:57:30.871,10541,10542,10542,1,1
2019-06-13 15:57:31.042,10541,10542,10542,1,1
2019-06-13 15:57:41.957,10541,10542,10541,1,-1
2019-06-13 15:57:42.951,10541,10542,10541,2,-2
2019-06-13 15:57:54.253,10541,10542,10541,1,-1
2019-06-13 15:57:55.589,10541,10542,10541,1,-1
2019-06-13 15:58:06.826,10541,10542,10541,8,-8
2019-06-13 15:58:15.449,10541,10542,10541,1,-1
2019-06-13 15:58:24.669,10541,10542,10542,15,15
2019-06-13 15:58:35.717,10541,10542,10541,2,-2
2019-06-13 15:58:39.806,10541,10542,10542,3,3
2019-06-13 15:58:40.242,10541,10542,10542,1,1
2019-06-13 15:58:40.645,10541,10542,10542,3,3
2019-06-13 15:58:43.921,10541,10542,10541,1,-1
2019-06-13 15:58:56.742,10541,10542,10542,3,3
2019-06-13 15:58:56.968,10541,10542,10542,1,1
2019-06-13 15:59:07.763,10541,10542,10541,3,-3
2019-06-13 15:59:07.763,10541,10542,10541,1,-1
2019-06-13 15:59:07.763,10541,10542,10541,1,-1
2019-06-13 15:59:07.802,10541,10542,10541,4,-4
2019-06-13 15:59:09.205,10540,10541,10541,1,1
2019-06-13 15:59:21.319,10540,10541,10541,2,2
2019-06-13 15:59:21.326,10541,10542,10541,1,-1
2019-06-13 15:59:21.349,10541,10542,10541,1,-1
2019-06-13 15:59:24.314,10541,10542,10542,1,1
2019-06-13 15:59:42.025,10541,10542,10541,2,-2
2019-06-13 15:59:47.437,10541,10542,10542,2,2
2019-06-13 15:59:48.886,10541,10542,10542,14,14
2019-06-13 15:59:52.010,10541,10542,10542,20,20
2019-06-13 15:59:59.344,10542,10543,10543,2,2
2019-06-13 16:00:02.077,10542,10543,10542,1,-1
2019-06-13 16:00:02.393,10541,10543,10542,2,-2
2019-06-13 16:00:02.500,10541,10542,10542,1,1
2019-06-13 16:00:02.500,10541,10542,10543,1,1
2019-06-13 16:00:02.549,10541,10542,10543,1,1
2019-06-13 16:00:02.564,10541,10542,10543,1,1
2019-06-13 16:00:02.618,10541,10543,10543,1,1
2019-06-13 16:00:02.625,10541,10543,10543,5,5
2019-06-13 16:00:02.696,10541,10543,10543,1,1
2019-06-13 16:00:02.706,10541,10543,10543,1,1
2019-06-13 16:00:02.739,10541,10543,10543,1,1
2019-06-13 16:00:02.893,10542,10543,10543,1,1
2019-06-13 16:00:02.973,10542,10543,10543,2,2
2019-06-13 16:00:03.617,10542,10543,10542,1,-1
2019-06-13 16:00:04.076,10542,10543,10542,1,-1
2019-06-13 16:00:04.429,10541,10543,10543,1,1
2019-06-13 16:00:04.445,10541,10543,10543,1,1
2019-06-13 16:00:08.303,10541,10542,10542,1,1
2019-06-13 16:00:09.826,10541,10542,10542,1,1
2019-06-13 16:00:15.078,10542,10543,10542,1,-1
2019-06-13 16:00:17.152,10541,10542,10542,1,1
2019-06-13 16:00:33.492,10541,10542,10541,4,-4
2019-06-13 16:00:34.022,10541,10542,10542,3,3
2019-06-13 16:00:35.447,10541,10542,10541,1,-1
2019-06-13 16:00:38.509,10541,10542,10541,1,-1
2019-06-13 16:00:40.109,10541,10542,10542,2,2
2019-06-13 16:00:45.486,10541,10542,10542,1,1
2019-06-13 16:00:46.706,10541,10542,10541,1,-1
2019-06-13 16:00:48.029,10541,10542,10541,1,-1
2019-06-13 16:00:55.157,10541,10542,10541,5,-5
2019-06-13 16:00:55.550,10540,10541,10541,1,1
2019-06-13 16:00:59.914,10540,10541,10541,1,1
2019-06-13 16:01:15.061,10540,10541,10540,1,-1
2019-06-13 16:01:15.071,10540,10541,10540,1,-1
2019-06-13 16:01:15.084,10540,10541,10540,1,-1
2019-06-13 16:01:26.203,10540,10541,10541,3,3
2019-06-13 16:01:30.106,10540,10541,10541,1,1
2019-06-13 16:01:49.251,10540,10541,10540,1,-1
2019-06-13 16:01:57.221,10540,10541,10541,3,3
2019-06-13 16:02:05.420,10540,10541,10541,1,1
2019-06-13 16:02:07.819,10540,10541,10541,1,1
2019-06-13 16:02:08.009,10540,10541,10541,1,1
2019-06-13 16:02:17.967,10540,10541,10541,1,1
2019-06-13 16:02:23.624,10540,10541,10541,1,1
2019-06-13 16:02:23.624,10540,10541,10541,3,3
2019-06-13 16:02:23.624,10540,10541,10541,2,2
2019-06-13 16:02:23.624,10540,10541,10541,1,1
2019-06-13 16:02:23.624,10540,10541,10541,3,3
2019-06-13 16:02:23.624,10540,10541,10541,1,1
2019-06-13 16:02:27.010,10541,10542,10541,1,-1
2019-06-13 16:02:27.671,10541,10542,10541,1,-1
2019-06-13 16:02:30.713,10541,10542,10541,1,-1
2019-06-13 16:02:34.548,10540,10541,10541,1,1
2019-06-13 16:02:35.824,10540,10541,10541,8,8
2019-06-13 16:02:38.308,10541,10542,10542,1,1
2019-06-13 16:02:40.934,10541,10542,10542,1,1
2019-06-13 16:02:47.101,10541,10542,10542,1,1
2019-06-13 16:02:51.003,10541,10542,10542,1,1
2019-06-13 16:02:51.318,10541,10542,10542,3,3
2019-06-13 16:02:52.697,10541,10542,10542,2,2
2019-06-13 16:02:56.561,10541,10542,10541,1,-1
2019-06-13 16:02:57.201,10541,10542,10541,1,-1
2019-06-13 16:02:59.743,10541,10542,10542,2,2
2019-06-13 16:03:01.184,10541,10542,10541,4,-4
2019-06-13 16:03:08.187,10540,10541,10541,2,2
2019-06-13 16:03:16.300,10540,10541,10541,2,2
2019-06-13 16:03:23.069,10540,10542,10542,4,4
2019-06-13 16:03:24.315,10541,10542,10541,1,-1
2019-06-13 16:03:32.690,10540,10541,10541,1,1
2019-06-13 16:03:32.691,10540,10541,10541,1,1
2019-06-13 16:03:33.975,10540,10541,10541,2,2
2019-06-13 16:03:34.963,10541,10542,10541,1,-1
2019-06-13 16:03:36.668,10541,10542,10541,1,-1
2019-06-13 16:03:43.452,10541,10542,10541,1,-1
2019-06-13 16:03:44.316,10541,10542,10541,1,-1
2019-06-13 16:03:58.201,10540,10541,10541,17,17
2019-06-13 16:04:00.914,10541,10542,10542,2,2
2019-06-13 16:04:03.396,10541,10542,10541,1,-1
2019-06-13 16:04:39.855,10541,10542,10541,1,-1
2019-06-13 16:04:50.612,10541,10542,10542,7,7
2019-06-13 16:04:50.701,10541,10542,10542,3,3
2019-06-13 16:04:50.701,10541,10542,10542,13,13
2019-06-13 16:04:52.264,10542,10543,10542,1,-1
2019-06-13 16:05:01.935,10541,10542,10542,1,1
2019-06-13 16:05:02.388,10541,10542,10542,1,1
2019-06-13 16:05:32.629,10541,10542,10542,3,3
2019-06-13 16:05:32.701,10542,10543,10542,2,-2
2019-06-13 16:05:48.360,10542,10543,10542,1,-1
2019-06-13 16:05:52.887,10542,10543,10542,6,-6
2019-06-13 16:06:03.013,10541,10542,10542,1,1
2019-06-13 16:06:21.845,10541,10542,10542,1,1
2019-06-13 16:07:10.423,10541,10542,10541,1,-1
2019-06-13 16:07:19.513,10541,10542,10541,1,-1
2019-06-13 16:07:51.854,10541,10542,10541,2,-2
2019-06-13 16:07:52.675,10541,10542,10541,5,-5
2019-06-13 16:08:04.095,10541,10542,10541,2,-2
2019-06-13 16:08:13.404,10540,10541,10541,1,1
2019-06-13 16:08:13.404,10540,10541,10541,1,1
2019-06-13 16:08:13.405,10540,10541,10541,1,1
2019-06-13 16:08:15.821,10541,10542,10542,8,8
2019-06-13 16:08:15.885,10541,10542,10542,1,1
2019-06-13 16:08:15.885,10541,10542,10542,1,1
2019-06-13 16:08:15.885,10541,10542,10542,2,2
2019-06-13 16:08:15.885,10541,10542,10542,5,5
2019-06-13 16:08:17.076,10542,10543,10542,1,-1
2019-06-13 16:08:22.736,10541,10542,10542,1,1
2019-06-13 16:08:37.523,10541,10542,10542,1,1
2019-06-13 16:08:41.691,10541,10542,10542,1,1
2019-06-13 16:08:45.801,10541,10542,10542,1,1
2019-06-13 16:08:53.996,10541,10542,10542,5,5
2019-06-13 16:09:54.677,10541,10542,10541,1,-1
2019-06-13 16:10:08.183,10541,10542,10541,4,-4
2019-06-13 16:10:09.599,10541,10542,10542,1,1
2019-06-13 16:10:09.885,10541,10542,10541,1,-1
2019-06-13 16:10:14.259,10541,10542,10541,1,-1
2019-06-13 16:10:18.428,10541,10542,10541,2,-2
2019-06-13 16:10:27.721,10541,10542,10541,3,-3
2019-06-13 16:10:28.979,10541,10542,10541,1,-1
2019-06-13 16:10:46.539,10541,10542,10541,1,-1
2019-06-13 16:10:50.081,10541,10542,10541,2,-2
2019-06-13 16:10:59.958,10541,10542,10541,1,-1
2019-06-13 16:11:00.801,10541,10542,10541,1,-1
2019-06-13 16:11:12.040,10541,10542,10541,1,-1
2019-06-13 16:11:15.420,10541,10542,10541,4,-4
2019-06-13 16:11:25.748,10540,10541,10541,1,1
2019-06-13 16:12:09.691,10540,10541,10540,1,-1
2019-06-13 16:12:32.384,10540,10541,10540,1,-1
2019-06-13 16:12:36.762,10540,10541,10540,1,-1
2019-06-13 16:12:44.054,10540,10541,10540,18,-18
2019-06-13 16:12:47.042,10540,10541,10540,5,-5
2019-06-13 16:13:02.900,10540,10541,10540,8,-8
2019-06-13 16:13:04.755,10540,10541,10541,1,1
2019-06-13 16:13:09.261,10540,10541,10540,1,-1
2019-06-13 16:13:09.361,10540,10541,10540,1,-1
2019-06-13 16:13:09.805,10540,10541,10540,2,-2
2019-06-13 16:13:16.470,10540,10541,10541,2,2
2019-06-13 16:13:22.768,10540,10541,10540,10,-10
2019-06-13 16:13:28.455,10540,10541,10541,1,1
2019-06-13 16:13:32.310,10540,10541,10541,1,1
2019-06-13 16:13:32.313,10540,10541,10541,1,1
2019-06-13 16:13:32.326,10540,10541,10541,1,1
2019-06-13 16:13:32.764,10540,10541,10541,8,8
2019-06-13 16:13:32.822,10540,10541,10541,2,2
2019-06-13 16:13:32.823,10540,10541,10541,2,2
2019-06-13 16:13:32.826,10540,10541,10541,1,1
2019-06-13 16:13:32.826,10540,10541,10541,1,1
2019-06-13 16:13:32.826,10540,10541,10541,8,8
2019-06-13 16:13:32.826,10540,10541,10541,3,3
2019-06-13 16:13:32.951,10541,10542,10541,2,-2
2019-06-13 16:13:33.198,10541,10542,10542,1,1
2019-06-13 16:13:33.285,10541,10542,10542,1,1
2019-06-13 16:13:34.139,10541,10542,10542,1,1
2019-06-13 16:13:36.275,10541,10542,10541,2,-2
2019-06-13 16:13:36.275,10541,10542,10540,8,-8
2019-06-13 16:13:48.615,10540,10541,10541,1,1
2019-06-13 16:13:56.445,10540,10541,10540,2,-2
2019-06-13 16:14:01.518,10540,10541,10540,1,-1
2019-06-13 16:14:13.385,10540,10541,10540,1,-1
2019-06-13 16:14:14.553,10540,10541,10540,1,-1
2019-06-13 16:14:34.732,10540,10541,10540,2,-2
2019-06-13 16:14:42.782,10540,10541,10540,24,-24
2019-06-13 16:14:42.802,10540,10541,10540,1,-1
2019-06-13 16:14:42.802,10540,10541,10540,5,-5
2019-06-13 16:14:42.804,10540,10541,10540,7,-7
2019-06-13 16:14:45.723,10539,10540,10539,2,-2
2019-06-13 16:14:45.851,10539,10540,10539,1,-1
2019-06-13 16:14:46.078,10539,10540,10539,5,-5
2019-06-13 16:14:46.492,10539,10540,10540,2,2
2019-06-13 16:14:48.848,10539,10540,10539,2,-2
2019-06-13 16:15:20.296,10539,10540,10539,1,-1
2019-06-13 16:15:21.059,10539,10540,10540,1,1
2019-06-13 16:15:21.351,10539,10540,10540,1,1
2019-06-13 16:15:42.910,10539,10540,10540,1,1
2019-06-13 16:15:58.707,10539,10540,10539,1,-1
2019-06-13 16:16:06.312,10539,10540,10539,1,-1
2019-06-13 16:16:10.831,10539,10540,10539,1,-1
2019-06-13 16:16:14.525,10539,10540,10539,1,-1
2019-06-13 16:16:14.832,10539,10540,10539,1,-1
2019-06-13 16:16:16.339,10539,10540,10539,1,-1
2019-06-13 16:16:17.319,10539,10540,10539,1,-1
2019-06-13 16:16:23.360,10539,10540,10539,2,-2
2019-06-13 16:16:26.508,10539,10540,10539,1,-1
2019-06-13 16:16:29.473,10539,10540,10539,1,-1
2019-06-13 16:16:30.481,10539,10540,10539,1,-1
2019-06-13 16:16:36.027,10539,10540,10540,8,8
2019-06-13 16:16:36.027,10539,10540,10540,4,4
2019-06-13 16:16:36.076,10539,10540,10540,1,1
2019-06-13 16:16:36.076,10539,10540,10540,1,1
2019-06-13 16:16:36.082,10539,10540,10540,1,1
2019-06-13 16:16:36.099,10539,10540,10540,10,10
2019-06-13 16:16:36.191,10539,10540,10541,3,3
2019-06-13 16:16:36.411,10540,10541,10540,1,-1
2019-06-13 16:16:41.940,10540,10541,10541,5,5
2019-06-13 16:16:42.638,10540,10541,10541,2,2
2019-06-13 16:16:47.266,10540,10541,10540,1,-1
2019-06-13 16:16:49.921,10540,10541,10541,2,2
2019-06-13 16:16:53.001,10540,10541,10541,1,1
2019-06-13 16:16:53.459,10540,10541,10541,5,5
2019-06-13 16:17:01.621,10540,10541,10541,1,1
2019-06-13 16:17:10.057,10540,10541,10540,1,-1
2019-06-13 16:17:13.375,10540,10541,10541,5,5
2019-06-13 16:17:14.724,10540,10541,10541,1,1
2019-06-13 16:17:17.462,10540,10541,10541,2,2
2019-06-13 16:17:18.010,10541,10542,10541,1,-1
2019-06-13 16:17:19.026,10540,10542,10542,1,1
2019-06-13 16:17:33.237,10540,10542,10542,1,1
2019-06-13 16:17:44.451,10541,10542,10541,1,-1
2019-06-13 16:18:00.054,10541,10542,10542,5,5
2019-06-13 16:18:27.267,10541,10542,10542,5,5
2019-06-13 16:18:28.919,10541,10542,10541,3,-3
2019-06-13 16:18:30.673,10541,10542,10542,1,1
2019-06-13 16:18:39.291,10541,10542,10542,1,1
2019-06-13 16:18:49.059,10541,10542,10541,2,-2
2019-06-13 16:18:49.059,10541,10542,10541,2,-2
2019-06-13 16:18:49.059,10541,10542,10541,2,-2
2019-06-13 16:18:50.086,10540,10541,10540,1,-1
2019-06-13 16:19:02.668,10540,10541,10541,2,2
2019-06-13 16:19:15.054,10541,10542,10541,1,-1
2019-06-13 16:19:34.734,10541,10542,10541,2,-2
2019-06-13 16:19:41.808,10540,10541,10541,1,1
2019-06-13 16:19:42.936,10540,10541,10541,5,5
2019-06-13 16:19:59.447,10540,10541,10541,1,1
2019-06-13 16:20:27.076,10540,10541,10540,8,-8
2019-06-13 16:20:27.076,10540,10541,10540,13,-13
2019-06-13 16:20:54.310,10539,10540,10540,1,1
2019-06-13 16:21:35.506,10539,10540,10540,1,1
2019-06-13 16:21:35.867,10539,10540,10540,2,2
2019-06-13 16:21:57.368,10539,10540,10540,1,1
2019-06-13 16:22:20.118,10539,10540,10540,1,1
2019-06-13 16:22:20.768,10539,10540,10540,2,2
2019-06-13 16:22:24.975,10539,10540,10540,2,2
2019-06-13 16:22:35.004,10539,10540,10540,1,1
2019-06-13 16:22:42.922,10539,10540,10540,1,1
2019-06-13 16:22:46.755,10539,10540,10540,1,1
2019-06-13 16:22:54.160,10539,10540,10540,1,1
2019-06-13 16:22:55.388,10539,10540,10540,2,2
2019-06-13 16:22:58.524,10539,10540,10540,2,2
2019-06-13 16:23:07.644,10539,10540,10540,1,1
2019-06-13 16:23:35.880,10539,10540,10540,5,5
2019-06-13 16:23:41.435,10539,10540,10540,2,2
2019-06-13 16:23:41.435,10539,10540,10540,3,3
2019-06-13 16:23:43.317,10539,10540,10540,1,1
2019-06-13 16:23:46.769,10539,10540,10540,1,1
2019-06-13 16:23:46.770,10539,10540,10540,2,2
2019-06-13 16:23:46.772,10539,10540,10540,2,2
2019-06-13 16:23:46.785,10539,10540,10540,5,5
2019-06-13 16:24:07.237,10540,10541,10541,4,4
2019-06-13 16:24:07.766,10540,10541,10541,1,1
2019-06-13 16:24:07.782,10540,10541,10541,1,1
2019-06-13 16:24:13.522,10540,10541,10540,1,-1
2019-06-13 16:24:17.675,10540,10541,10541,5,5
2019-06-13 16:24:20.035,10540,10541,10541,2,2
2019-06-13 16:24:22.096,10540,10541,10541,2,2
2019-06-13 16:24:31.228,10541,10542,10542,1,1
2019-06-13 16:24:31.409,10541,10542,10541,3,-3
2019-06-13 16:24:31.409,10541,10542,10540,2,-2
2019-06-13 16:24:31.419,10541,10542,10540,5,-5
2019-06-13 16:25:08.407,10540,10541,10541,5,5
2019-06-13 16:25:19.560,10540,10541,10541,8,8
2019-06-13 16:25:19.560,10540,10541,10541,4,4
2019-06-13 16:25:19.639,10541,10542,10542,13,13
2019-06-13 16:25:19.701,10541,10542,10542,20,20
2019-06-13 16:25:19.826,10541,10542,10542,1,1
2019-06-13 16:25:20.734,10541,10542,10542,5,5
2019-06-13 16:25:20.885,10541,10542,10542,1,1
2019-06-13 16:25:25.170,10541,10542,10541,1,-1
2019-06-13 16:25:29.914,10541,10542,10542,1,1
2019-06-13 16:25:43.214,10542,10543,10542,1,-1
2019-06-13 16:25:43.354,10542,10543,10543,1,1
2019-06-13 16:25:53.181,10542,10543,10542,1,-1
2019-06-13 16:25:55.524,10542,10543,10542,1,-1
2019-06-13 16:25:57.838,10542,10543,10542,4,-4
2019-06-13 16:26:10.898,10541,10542,10542,2,2
2019-06-13 16:26:12.098,10541,10542,10542,1,1
2019-06-13 16:26:15.916,10541,10542,10542,5,5
2019-06-13 16:26:27.051,10542,10543,10542,1,-1
2019-06-13 16:26:33.612,10542,10543,10542,1,-1
2019-06-13 16:26:38.547,10542,10543,10542,1,-1
2019-06-13 16:26:40.809,10542,10543,10542,3,-3
2019-06-13 16:26:40.809,10542,10543,10542,1,-1
2019-06-13 16:26:47.490,10541,10542,10541,2,-2
2019-06-13 16:27:18.438,10541,10542,10541,1,-1
2019-06-13 16:27:39.093,10541,10542,10541,1,-1
2019-06-13 16:27:39.109,10541,10542,10542,1,1
2019-06-13 16:28:02.197,10541,10542,10542,1,1
2019-06-13 16:28:05.372,10541,10542,10541,1,-1
2019-06-13 16:28:32.076,10541,10542,10541,8,-8
2019-06-13 16:28:38.815,10540,10541,10540,3,-3
2019-06-13 16:28:38.951,10540,10541,10540,1,-1
2019-06-13 16:28:39.201,10540,10541,10540,1,-1
2019-06-13 16:28:40.570,10540,10541,10540,1,-1
2019-06-13 16:28:40.576,10540,10541,10540,1,-1
2019-06-13 16:28:43.987,10540,10541,10540,1,-1
2019-06-13 16:28:44.076,10540,10541,10540,2,-2
2019-06-13 16:28:58.964,10539,10540,10540,4,4
2019-06-13 16:29:04.753,10539,10540,10540,1,1
2019-06-13 16:29:04.753,10539,10540,10540,1,1
2019-06-13 16:29:05.236,10539,10541,10541,2,2
2019-06-13 16:29:23.205,10540,10541,10541,1,1
2019-06-13 16:29:30.594,10540,10541,10541,1,1
2019-06-13 16:29:42.199,10540,10541,10540,1,-1
2019-06-13 16:30:00.035,10540,10541,10540,1,-1
2019-06-13 16:30:00.035,10540,10541,10539,1,-1
2019-06-13 16:30:12.514,10540,10541,10540,1,1
2019-06-13 16:30:13.005,10540,10541,10541,2,2
2019-06-13 16:30:13.027,10540,10541,10541,1,1
2019-06-13 16:30:13.027,10540,10541,10542,2,2
2019-06-13 16:30:13.030,10540,10541,10542,3,3
2019-06-13 16:30:18.115,10540,10542,10540,1,-1
2019-06-13 16:30:29.563,10541,10542,10541,1,1
2019-06-13 16:31:04.560,10541,10542,10541,1,-1
2019-06-13 16:31:05.372,10541,10542,10542,1,1
2019-06-13 16:31:17.957,10541,10542,10542,1,1
2019-06-13 16:31:18.076,10541,10542,10542,1,1
2019-06-13 16:31:18.203,10541,10542,10542,11,11
2019-06-13 16:31:57.574,10541,10542,10542,1,1
2019-06-13 16:32:21.206,10541,10542,10541,1,-1
2019-06-13 16:33:01.874,10541,10542,10542,4,4
2019-06-13 16:33:06.182,10541,10542,10542,4,4
2019-06-13 16:33:14.654,10541,10542,10542,1,1
2019-06-13 16:33:53.256,10541,10542,10542,1,1
2019-06-13 16:33:55.203,10541,10542,10541,6,-6
2019-06-13 16:34:17.526,10540,10541,10541,1,1
2019-06-13 16:34:35.607,10541,10542,10541,4,-4
2019-06-13 16:34:36.924,10540,10541,10541,1,1
2019-06-13 16:34:42.931,10541,10542,10541,1,-1
2019-06-13 16:34:42.931,10541,10542,10540,1,-1
2019-06-13 16:34:53.619,10540,10541,10541,1,1
2019-06-13 16:34:54.403,10540,10541,10540,2,-2
2019-06-13 16:35:24.430,10540,10541,10541,1,1
2019-06-13 16:35:28.803,10540,10541,10541,1,1
2019-06-13 16:35:33.645,10540,10541,10541,1,1
2019-06-13 16:35:33.667,10540,10541,10541,1,1
2019-06-13 16:35:33.760,10540,10541,10541,3,3
2019-06-13 16:35:33.859,10540,10541,10541,1,1
2019-06-13 16:35:34.396,10540,10541,10541,1,1
2019-06-13 16:35:51.550,10540,10541,10541,1,1
2019-06-13 16:36:17.077,10540,10541,10541,1,1
2019-06-13 16:36:17.080,10540,10541,10541,1,1
2019-06-13 16:36:17.084,10540,10541,10541,1,1
2019-06-13 16:36:19.603,10540,10541,10541,1,1
2019-06-13 16:36:23.271,10540,10541,10541,2,2
2019-06-13 16:36:23.355,10541,10542,10542,1,1
2019-06-13 16:36:23.355,10541,10542,10542,1,1
2019-06-13 16:36:23.356,10541,10542,10542,3,3
2019-06-13 16:36:23.356,10541,10542,10542,1,1
2019-06-13 16:36:23.356,10541,10542,10542,1,1
2019-06-13 16:37:19.877,10541,10542,10542,1,1
2019-06-13 16:37:23.193,10541,10542,10541,1,-1
2019-06-13 16:37:34.987,10541,10542,10541,1,-1
2019-06-13 16:37:57.571,10541,10542,10541,1,-1
2019-06-13 16:38:08.531,10541,10542,10541,1,-1
2019-06-13 16:38:09.657,10541,10542,10541,2,-2
2019-06-13 16:38:24.143,10541,10542,10541,3,-3
2019-06-13 16:39:00.252,10540,10541,10541,3,3
2019-06-13 16:39:00.302,10540,10541,10541,1,1
2019-06-13 16:39:00.303,10540,10541,10541,1,1
2019-06-13 16:39:09.495,10540,10541,10541,1,1
2019-06-13 16:39:22.697,10541,10542,10541,3,-3
2019-06-13 16:39:37.342,10540,10541,10541,1,1
2019-06-13 16:40:03.750,10540,10541,10541,1,1
2019-06-13 16:40:07.374,10540,10541,10540,1,-1
2019-06-13 16:41:04.022,10540,10541,10541,1,1
2019-06-13 16:41:10.362,10540,10541,10541,1,1
2019-06-13 16:41:10.686,10540,10541,10541,1,1
2019-06-13 16:41:20.107,10540,10541,10541,1,1
2019-06-13 16:41:34.587,10540,10541,10541,1,1
2019-06-13 16:41:34.587,10540,10541,10541,1,1
2019-06-13 16:41:34.587,10540,10541,10541,1,1
2019-06-13 16:41:34.587,10540,10541,10541,1,1
2019-06-13 16:41:34.587,10540,10541,10541,1,1
2019-06-13 16:41:34.590,10540,10541,10541,1,1
2019-06-13 16:41:34.957,10541,10542,10542,1,1
2019-06-13 16:41:35.157,10541,10542,10542,12,12
2019-06-13 16:41:35.158,10541,10542,10542,2,2
2019-06-13 16:41:35.201,10541,10542,10542,11,11
2019-06-13 16:41:35.202,10541,10542,10542,4,4
2019-06-13 16:41:35.202,10541,10542,10542,2,2
2019-06-13 16:41:35.326,10541,10542,10542,1,1
2019-06-13 16:41:35.328,10541,10542,10542,20,20
2019-06-13 16:41:50.148,10542,10543,10542,2,-2
2019-06-13 16:41:53.343,10542,10543,10543,10,10
2019-06-13 16:41:54.341,10542,10543,10543,1,1
2019-06-13 16:41:54.468,10542,10543,10543,1,1
2019-06-13 16:41:54.521,10542,10543,10543,1,1
2019-06-13 16:41:54.781,10542,10543,10543,1,1
2019-06-13 16:41:56.187,10542,10543,10543,14,14
2019-06-13 16:41:57.466,10542,10543,10542,1,-1
2019-06-13 16:41:58.117,10542,10543,10543,1,1
2019-06-13 16:41:59.682,10542,10543,10543,10,10
2019-06-13 16:42:00.277,10542,10543,10543,1,1
2019-06-13 16:42:00.407,10542,10543,10543,2,2
2019-06-13 16:42:00.448,10542,10543,10543,1,1
2019-06-13 16:42:08.395,10543,10544,10544,1,1
2019-06-13 16:42:08.540,10543,10544,10544,2,2
2019-06-13 16:42:08.911,10543,10544,10544,2,2
2019-06-13 16:42:08.927,10543,10544,10544,2,2
2019-06-13 16:42:08.934,10543,10544,10544,2,2
2019-06-13 16:42:09.003,10543,10544,10544,1,1
2019-06-13 16:42:09.031,10543,10544,10544,2,2
2019-06-13 16:42:09.136,10543,10544,10544,2,2
2019-06-13 16:42:09.155,10543,10544,10544,2,2
2019-06-13 16:42:09.216,10543,10544,10544,2,2
2019-06-13 16:42:09.231,10543,10544,10544,1,1
2019-06-13 16:42:09.287,10543,10544,10544,2,2
2019-06-13 16:42:09.353,10543,10544,10544,1,1
2019-06-13 16:42:09.686,10543,10544,10544,1,1
2019-06-13 16:42:09.992,10543,10544,10544,2,2
2019-06-13 16:42:10.449,10543,10544,10544,1,1
2019-06-13 16:42:10.501,10543,10544,10544,1,1
2019-06-13 16:42:10.936,10543,10544,10544,1,1
2019-06-13 16:42:11.052,10543,10544,10544,1,1
2019-06-13 16:42:11.054,10543,10544,10544,1,1
2019-06-13 16:42:11.062,10543,10544,10544,1,1
2019-06-13 16:42:11.077,10543,10544,10544,1,1
2019-06-13 16:42:11.098,10543,10544,10544,1,1
2019-06-13 16:42:11.594,10543,10544,10544,8,8
2019-06-13 16:42:11.831,10544,10545,10545,4,4
2019-06-13 16:42:11.882,10544,10545,10545,4,4
2019-06-13 16:42:12.062,10544,10545,10544,1,-1
2019-06-13 16:42:12.104,10544,10545,10545,1,1
2019-06-13 16:42:12.117,10544,10545,10545,1,1
2019-06-13 16:42:12.143,10544,10545,10545,3,3
2019-06-13 16:42:12.151,10544,10545,10545,1,1
2019-06-13 16:42:12.178,10544,10545,10545,1,1
2019-06-13 16:42:12.183,10544,10545,10545,2,2
2019-06-13 16:42:15.574,10544,10545,10545,1,1
2019-06-13 16:42:17.654,10544,10545,10545,1,1
2019-06-13 16:42:24.406,10544,10545,10545,1,1
2019-06-13 16:42:27.408,10544,10545,10545,1,1
2019-06-13 16:42:30.260,10544,10545,10544,4,-4
2019-06-13 16:42:31.536,10544,10545,10545,7,7
2019-06-13 16:42:31.536,10544,10545,10545,7,7
2019-06-13 16:42:31.536,10544,10545,10545,8,8
2019-06-13 16:42:31.536,10544,10545,10545,8,8
2019-06-13 16:42:31.576,10544,10545,10545,2,2
2019-06-13 16:42:31.576,10544,10545,10545,2,2
2019-06-13 16:42:31.576,10544,10545,10545,4,4
2019-06-13 16:42:31.576,10544,10545,10545,4,4
2019-06-13 16:42:31.576,10544,10545,10545,2,2
2019-06-13 16:42:31.576,10544,10545,10545,2,2
2019-06-13 16:42:32.199,10545,10546,10545,2,-2
2019-06-13 16:42:32.201,10545,10546,10545,2,-2
2019-06-13 16:42:32.201,10545,10546,10545,3,-3
2019-06-13 16:42:32.201,10545,10546,10545,2,-2
2019-06-13 16:42:32.343,10544,10546,10545,1,-1
2019-06-13 16:42:32.438,10544,10546,10544,1,-1
2019-06-13 16:42:36.906,10545,10546,10545,1,1
2019-06-13 16:42:36.972,10545,10546,10546,4,4
2019-06-13 16:42:37.112,10545,10546,10546,1,1
2019-06-13 16:42:37.327,10545,10546,10546,4,4
2019-06-13 16:42:37.345,10545,10546,10546,1,1
2019-06-13 16:42:37.405,10545,10546,10546,2,2
2019-06-13 16:42:37.420,10545,10546,10546,2,2
2019-06-13 16:42:37.740,10545,10546,10546,1,1
2019-06-13 16:42:37.944,10545,10546,10546,1,1
2019-06-13 16:42:37.993,10545,10546,10546,2,2
2019-06-13 16:42:38.079,10545,10546,10546,1,1
2019-06-13 16:42:38.118,10545,10546,10545,1,-1
2019-06-13 16:42:38.174,10545,10546,10546,2,2
2019-06-13 16:42:38.215,10545,10546,10546,1,1
2019-06-13 16:42:38.349,10545,10546,10546,1,1
2019-06-13 16:42:38.661,10545,10546,10546,2,2
2019-06-13 16:42:39.546,10545,10546,10546,2,2
2019-06-13 16:42:39.719,10545,10546,10546,1,1
2019-06-13 16:42:42.600,10545,10546,10545,1,-1
2019-06-13 16:42:42.861,10545,10546,10546,1,1
2019-06-13 16:42:43.176,10545,10546,10546,1,1
2019-06-13 16:42:43.282,10545,10546,10545,1,-1
2019-06-13 16:42:43.334,10545,10546,10546,1,1
2019-06-13 16:42:44.730,10545,10546,10546,2,2
2019-06-13 16:42:45.977,10545,10546,10546,1,1
2019-06-13 16:42:46.288,10545,10546,10546,1,1
2019-06-13 16:42:46.675,10545,10546,10546,1,1
2019-06-13 16:42:46.999,10545,10546,10546,1,1
2019-06-13 16:42:47.085,10545,10546,10546,1,1
2019-06-13 16:42:50.364,10545,10546,10546,1,1
2019-06-13 16:42:50.419,10545,10546,10546,1,1
2019-06-13 16:42:51.482,10545,10546,10545,1,-1
2019-06-13 16:42:52.714,10545,10546,10546,1,1
2019-06-13 16:42:53.445,10545,10546,10546,2,2
2019-06-13 16:42:53.752,10545,10546,10545,1,-1
2019-06-13 16:42:54.696,10545,10546,10546,1,1
2019-06-13 16:42:54.885,10545,10546,10546,1,1
2019-06-13 16:42:55.840,10545,10546,10546,2,2
2019-06-13 16:42:56.111,10545,10546,10546,4,4
2019-06-13 16:42:56.290,10545,10546,10546,2,2
2019-06-13 16:42:58.307,10546,10547,10546,1,-1
2019-06-13 16:42:58.827,10545,10546,10546,1,1
2019-06-13 16:42:59.751,10545,10546,10546,1,1
2019-06-13 16:43:01.025,10545,10547,10546,1,-1
2019-06-13 16:43:01.425,10545,10546,10546,1,1
2019-06-13 16:43:01.827,10545,10546,10546,1,1
2019-06-13 16:43:01.827,10545,10546,10547,4,4
2019-06-13 16:43:02.151,10545,10547,10547,1,1
2019-06-13 16:43:02.168,10545,10547,10547,2,2
2019-06-13 16:43:02.216,10546,10547,10547,1,1
2019-06-13 16:43:02.227,10546,10547,10547,5,5
2019-06-13 16:43:02.348,10546,10547,10547,3,3
2019-06-13 16:43:02.356,10546,10547,10547,5,5
2019-06-13 16:43:02.356,10546,10547,10547,2,2
2019-06-13 16:43:02.372,10546,10547,10547,2,2
2019-06-13 16:43:02.388,10546,10547,10547,1,1
2019-06-13 16:43:02.422,10546,10547,10547,2,2
2019-06-13 16:43:02.448,10546,10547,10547,2,2
2019-06-13 16:43:02.448,10546,10547,10547,2,2
2019-06-13 16:43:02.448,10546,10547,10547,2,2
2019-06-13 16:43:02.562,10546,10547,10547,1,1
2019-06-13 16:43:03.552,10546,10547,10547,1,1
2019-06-13 16:43:03.627,10546,10547,10547,1,1
2019-06-13 16:43:04.959,10546,10547,10547,1,1
2019-06-13 16:43:05.764,10546,10547,10547,1,1
2019-06-13 16:43:07.629,10546,10547,10546,1,-1
2019-06-13 16:43:08.589,10546,10547,10547,1,1
2019-06-13 16:43:08.821,10546,10547,10547,5,5
2019-06-13 16:43:08.896,10546,10547,10547,1,1
2019-06-13 16:43:09.415,10546,10547,10547,3,3
2019-06-13 16:43:10.280,10546,10547,10547,1,1
2019-06-13 16:43:11.985,10546,10547,10547,1,1
2019-06-13 16:43:12.360,10546,10547,10547,6,6
2019-06-13 16:43:16.196,10546,10547,10547,10,10
2019-06-13 16:43:19.085,10546,10547,10547,1,1
2019-06-13 16:43:19.956,10546,10547,10547,1,1
2019-06-13 16:43:23.575,10546,10547,10547,2,2
2019-06-13 16:43:25.440,10546,10547,10547,8,8
2019-06-13 16:43:27.828,10546,10547,10546,1,-1
2019-06-13 16:43:28.154,10546,10547,10546,1,-1
2019-06-13 16:43:28.375,10546,10547,10546,10,-10
2019-06-13 16:43:28.840,10545,10546,10545,1,-1
2019-06-13 16:43:32.133,10545,10546,10546,2,2
2019-06-13 16:43:36.026,10545,10546,10546,1,1
2019-06-13 16:43:36.172,10545,10546,10546,1,1
2019-06-13 16:43:36.184,10545,10546,10545,1,-1
2019-06-13 16:43:36.380,10545,10546,10546,1,1
2019-06-13 16:43:36.635,10545,10546,10546,1,1
2019-06-13 16:43:37.000,10545,10546,10546,1,1
2019-06-13 16:43:37.005,10545,10546,10546,1,1
2019-06-13 16:43:37.857,10545,10546,10545,2,-2
2019-06-13 16:43:40.271,10545,10546,10545,1,-1
2019-06-13 16:43:41.702,10545,10546,10546,5,5
2019-06-13 16:43:41.702,10545,10546,10546,2,2
2019-06-13 16:43:47.018,10546,10547,10547,1,1
2019-06-13 16:43:50.641,10546,10547,10546,1,-1
2019-06-13 16:43:51.844,10546,10547,10547,1,1
2019-06-13 16:43:54.968,10546,10547,10546,10,-10
2019-06-13 16:43:55.326,10545,10546,10546,1,1
2019-06-13 16:43:59.341,10545,10546,10546,1,1
2019-06-13 16:43:59.507,10545,10546,10546,1,1
2019-06-13 16:43:59.715,10545,10546,10546,1,1
2019-06-13 16:44:00.438,10546,10547,10546,1,-1
2019-06-13 16:44:02.555,10545,10547,10545,1,-1
2019-06-13 16:44:05.441,10546,10547,10546,1,1
2019-06-13 16:44:05.775,10545,10546,10546,1,1
2019-06-13 16:44:11.473,10546,10547,10546,8,-8
2019-06-13 16:44:20.081,10545,10546,10546,1,1
2019-06-13 16:44:22.296,10545,10546,10546,1,1
2019-06-13 16:44:23.260,10545,10546,10545,1,-1
2019-06-13 16:44:29.492,10545,10546,10546,2,2
2019-06-13 16:44:32.552,10545,10546,10546,3,3
2019-06-13 16:44:32.690,10545,10546,10545,1,-1
2019-06-13 16:44:32.763,10545,10546,10546,1,1
2019-06-13 16:44:33.775,10545,10546,10546,1,1
2019-06-13 16:44:35.230,10545,10546,10545,1,-1
2019-06-13 16:44:37.913,10545,10546,10545,1,-1
2019-06-13 16:44:39.696,10545,10546,10545,1,-1
2019-06-13 16:44:41.517,10545,10546,10545,1,-1
2019-06-13 16:44:42.192,10545,10546,10545,7,-7
2019-06-13 16:44:42.858,10545,10546,10546,1,1
2019-06-13 16:44:43.270,10545,10546,10545,1,-1
2019-06-13 16:44:43.553,10545,10546,10546,5,5
2019-06-13 16:44:44.013,10545,10546,10546,2,2
2019-06-13 16:44:50.375,10545,10546,10546,2,2
2019-06-13 16:44:52.325,10545,10546,10546,1,1
2019-06-13 16:44:54.828,10545,10546,10545,1,-1
2019-06-13 16:45:01.187,10545,10546,10546,1,1
2019-06-13 16:45:01.561,10545,10546,10546,6,6
2019-06-13 16:45:01.678,10545,10546,10545,1,-1
2019-06-13 16:45:01.685,10545,10546,10545,1,-1
2019-06-13 16:45:01.697,10545,10546,10546,1,1
2019-06-13 16:45:01.727,10545,10546,10546,1,1
2019-06-13 16:45:02.274,10545,10546,10546,1,1
2019-06-13 16:45:02.274,10545,10546,10546,1,1
2019-06-13 16:45:02.568,10546,10547,10547,1,1
2019-06-13 16:45:02.745,10546,10547,10547,3,3
2019-06-13 16:45:02.934,10546,10547,10547,3,3
2019-06-13 16:45:03.691,10546,10547,10546,1,-1
2019-06-13 16:45:03.720,10546,10547,10546,1,-1
2019-06-13 16:45:05.404,10546,10547,10546,1,-1
2019-06-13 16:45:22.259,10546,10547,10546,1,-1
2019-06-13 16:45:25.763,10546,10547,10546,1,-1
2019-06-13 16:45:32.718,10546,10547,10547,1,1
2019-06-13 16:45:39.413,10546,10547,10546,1,-1
2019-06-13 16:45:39.571,10546,10547,10546,1,-1
2019-06-13 16:45:39.862,10546,10547,10546,1,-1
2019-06-13 16:45:39.992,10546,10547,10546,1,-1
2019-06-13 16:45:41.891,10546,10547,10546,1,-1
2019-06-13 16:45:42.467,10546,10547,10547,2,2
2019-06-13 16:45:51.231,10546,10547,10547,1,1
2019-06-13 16:45:51.357,10546,10547,10547,1,1
2019-06-13 16:45:55.075,10546,10547,10546,1,-1
2019-06-13 16:45:55.665,10546,10547,10547,1,1
2019-06-13 16:46:01.082,10546,10547,10547,1,1
2019-06-13 16:46:03.459,10546,10547,10546,1,-1
2019-06-13 16:46:06.030,10546,10547,10547,1,1
2019-06-13 16:46:09.954,10546,10547,10546,1,-1
2019-06-13 16:46:10.830,10546,10547,10547,1,1
2019-06-13 16:46:16.134,10546,10547,10547,1,1
2019-06-13 16:46:20.294,10546,10547,10547,10,10
2019-06-13 16:46:23.455,10546,10547,10547,1,1
2019-06-13 16:46:24.309,10546,10547,10547,4,4
2019-06-13 16:46:24.565,10546,10547,10547,1,1
2019-06-13 16:46:24.803,10546,10547,10547,1,1
2019-06-13 16:46:25.297,10547,10548,10548,3,3
2019-06-13 16:46:25.358,10547,10548,10548,2,2
2019-06-13 16:46:25.383,10547,10548,10548,1,1
2019-06-13 16:46:25.604,10547,10548,10548,2,2
2019-06-13 16:46:26.075,10547,10548,10548,1,1
2019-06-13 16:46:26.502,10547,10548,10547,3,-3
2019-06-13 16:46:26.614,10546,10548,10548,1,1
2019-06-13 16:46:26.639,10546,10548,10548,1,1
2019-06-13 16:46:26.639,10546,10548,10548,1,1
2019-06-13 16:46:26.988,10547,10548,10548,1,1
2019-06-13 16:46:28.018,10547,10548,10548,1,1
2019-06-13 16:46:28.041,10547,10548,10548,1,1
2019-06-13 16:46:28.306,10547,10548,10547,1,-1
2019-06-13 16:46:28.309,10547,10548,10547,1,-1
2019-06-13 16:46:28.321,10547,10548,10547,1,-1
2019-06-13 16:46:30.201,10547,10548,10547,1,-1
2019-06-13 16:46:30.686,10547,10548,10548,1,1
2019-06-13 16:46:32.463,10547,10548,10548,1,1
2019-06-13 16:46:32.964,10547,10548,10547,2,-2
2019-06-13 16:46:35.973,10547,10548,10547,1,-1
2019-06-13 16:46:42.781,10547,10548,10547,1,-1
2019-06-13 16:46:43.453,10547,10548,10547,1,-1
2019-06-13 16:46:47.042,10547,10548,10547,5,-5
2019-06-13 16:46:47.243,10547,10548,10547,3,-3
2019-06-13 16:46:50.989,10547,10548,10547,4,-4
2019-06-13 16:46:53.011,10546,10547,10547,1,1
2019-06-13 16:46:58.833,10546,10547,10547,1,1
2019-06-13 16:47:00.528,10547,10548,10547,1,-1
2019-06-13 16:47:03.260,10546,10547,10547,3,3
2019-06-13 16:47:04.081,10546,10547,10547,1,1
2019-06-13 16:47:05.030,10546,10547,10547,5,5
2019-06-13 16:47:08.608,10546,10547,10546,1,-1
2019-06-13 16:47:08.924,10546,10547,10547,1,1
2019-06-13 16:47:09.628,10546,10547,10547,1,1
2019-06-13 16:47:16.679,10546,10547,10547,2,2
2019-06-13 16:47:16.985,10546,10547,10547,3,3
2019-06-13 16:47:23.014,10546,10547,10546,37,-37
2019-06-13 16:47:23.918,10545,10546,10546,1,1
2019-06-13 16:47:30.764,10545,10546,10546,1,1
2019-06-13 16:47:40.671,10546,10547,10546,1,-1
2019-06-13 16:47:40.782,10546,10547,10546,1,-1
2019-06-13 16:47:40.826,10546,10547,10546,2,-2
2019-06-13 16:47:45.440,10545,10546,10546,1,1
2019-06-13 16:47:46.064,10546,10547,10546,1,-1
2019-06-13 16:47:49.975,10546,10547,10546,1,-1
2019-06-13 16:47:50.506,10546,10547,10546,2,-2
2019-06-13 16:48:52.034,10545,10546,10546,1,1
2019-06-13 16:49:41.199,10545,10546,10545,1,-1
2019-06-13 16:49:42.251,10545,10546,10545,1,-1
2019-06-13 16:49:45.542,10545,10546,10545,1,-1
2019-06-13 16:49:48.545,10545,10546,10545,1,-1
2019-06-13 16:49:52.039,10545,10546,10545,4,-4
2019-06-13 16:49:52.095,10545,10546,10546,4,4
2019-06-13 16:49:59.382,10545,10546,10545,1,-1
2019-06-13 16:49:59.451,10545,10546,10545,17,-17
2019-06-13 16:50:00.986,10544,10545,10545,1,1
2019-06-13 16:50:26.829,10544,10545,10544,6,-6
2019-06-13 16:50:29.580,10544,10545,10545,1,1
2019-06-13 16:50:29.706,10544,10545,10545,6,6
2019-06-13 16:50:29.706,10544,10545,10546,4,4
2019-06-13 16:50:29.933,10544,10546,10544,1,-1
2019-06-13 16:50:30.190,10545,10546,10545,1,1
2019-06-13 16:50:33.185,10545,10546,10545,1,-1
2019-06-13 16:50:33.753,10545,10546,10545,2,-2
2019-06-13 16:50:37.012,10545,10546,10545,1,-1
2019-06-13 16:50:39.014,10545,10546,10545,3,-3
2019-06-13 16:50:39.076,10545,10546,10545,1,-1
2019-06-13 16:50:39.078,10545,10546,10545,1,-1
2019-06-13 16:50:39.087,10545,10546,10545,1,-1
2019-06-13 16:50:39.087,10545,10546,10545,1,-1
2019-06-13 16:50:39.087,10545,10546,10545,5,-5
2019-06-13 16:50:52.512,10544,10545,10545,1,1
2019-06-13 16:52:06.539,10544,10545,10545,1,1
2019-06-13 16:52:11.256,10544,10545,10545,10,10
2019-06-13 16:52:12.909,10544,10545,10545,1,1
2019-06-13 16:52:14.676,10544,10545,10545,2,2
2019-06-13 16:52:31.207,10544,10545,10545,1,1
2019-06-13 16:52:39.053,10544,10545,10545,1,1
2019-06-13 16:52:48.174,10544,10545,10545,1,1
2019-06-13 16:52:49.739,10545,10546,10545,1,-1
2019-06-13 16:52:51.085,10545,10546,10545,1,-1
2019-06-13 16:52:52.274,10545,10546,10545,1,-1
2019-06-13 16:53:01.876,10544,10545,10545,1,1
2019-06-13 16:53:23.239,10544,10545,10545,3,3
2019-06-13 16:53:23.326,10544,10545,10545,1,1
2019-06-13 16:53:23.609,10544,10545,10544,1,-1
2019-06-13 16:54:14.472,10544,10545,10545,5,5
2019-06-13 16:54:14.475,10544,10545,10545,8,8
2019-06-13 16:54:14.576,10544,10545,10545,1,1
2019-06-13 16:54:15.017,10545,10546,10545,2,-2
2019-06-13 16:54:25.412,10545,10546,10545,1,-1
2019-06-13 16:54:26.189,10545,10546,10545,1,-1
2019-06-13 16:54:27.353,10545,10546,10546,1,1
2019-06-13 16:54:31.395,10545,10546,10545,1,-1
2019-06-13 16:54:35.387,10545,10546,10545,2,-2
2019-06-13 16:54:48.844,10545,10546,10545,1,-1
2019-06-13 16:54:48.844,10545,10546,10545,1,-1
2019-06-13 16:54:48.845,10545,10546,10545,3,-3
2019-06-13 16:54:48.845,10545,10546,10545,2,-2
2019-06-13 16:54:48.845,10545,10546,10545,4,-4
2019-06-13 16:54:53.206,10544,10545,10545,3,3
2019-06-13 16:54:59.880,10544,10545,10545,2,2
2019-06-13 16:55:20.556,10545,10546,10546,2,2
2019-06-13 16:55:26.966,10545,10546,10545,4,-4
2019-06-13 16:55:33.992,10544,10545,10545,2,2
2019-06-13 16:55:42.694,10544,10545,10545,1,1
2019-06-13 16:55:43.964,10544,10545,10545,1,1
2019-06-13 16:55:50.186,10544,10545,10545,1,1
2019-06-13 16:55:50.201,10545,10546,10545,1,-1
2019-06-13 16:55:53.151,10544,10545,10545,2,2
2019-06-13 16:55:57.796,10544,10545,10544,1,-1
2019-06-13 16:55:58.241,10544,10545,10545,1,1
2019-06-13 16:56:30.312,10545,10546,10545,1,-1
2019-06-13 16:56:35.641,10545,10546,10545,2,-2
2019-06-13 16:56:35.701,10545,10546,10545,2,-2
2019-06-13 16:57:42.887,10544,10545,10544,2,-2
2019-06-13 16:57:42.997,10544,10545,10545,2,2
2019-06-13 16:58:06.334,10544,10545,10544,7,-7
2019-06-13 16:58:06.453,10544,10545,10544,1,-1
2019-06-13 16:58:13.394,10544,10545,10544,1,-1
2019-06-13 16:58:31.718,10544,10545,10545,1,1
2019-06-13 16:58:36.051,10544,10545,10545,1,1
2019-06-13 16:58:41.700,10544,10545,10545,1,1
2019-06-13 16:59:02.419,10544,10545,10544,1,-1
2019-06-13 16:59:09.315,10544,10545,10544,1,-1
2019-06-13 16:59:13.330,10544,10545,10544,1,-1
2019-06-13 16:59:13.330,10544,10545,10544,14,-14
2019-06-13 16:59:13.330,10544,10545,10544,3,-3
2019-06-13 16:59:13.331,10544,10545,10544,3,-3
2019-06-13 16:59:13.336,10544,10545,10544,4,-4
2019-06-13 16:59:13.358,10544,10545,10544,2,-2
2019-06-13 16:59:15.776,10543,10544,10544,1,1
2019-06-13 16:59:23.278,10544,10545,10544,1,-1
2019-06-13 16:59:54.943,10544,10545,10544,1,-1
2019-06-13 16:59:57.309,10544,10545,10544,4,-4
2019-06-13 17:00:04.310,10543,10544,10544,1,1
2019-06-13 17:00:04.732,10543,10545,10545,4,4
2019-06-13 17:00:04.789,10543,10545,10545,2,2
2019-06-13 17:00:04.900,10543,10545,10545,2,2
2019-06-13 17:00:05.094,10544,10545,10545,1,1
2019-06-13 17:00:05.095,10544,10545,10545,2,2
2019-06-13 17:00:05.096,10544,10545,10545,1,1
2019-06-13 17:00:05.265,10544,10545,10545,3,3
2019-06-13 17:00:05.395,10544,10545,10544,1,-1
2019-06-13 17:00:07.193,10544,10545,10545,1,1
2019-06-13 17:00:08.141,10544,10545,10545,1,1
2019-06-13 17:00:08.608,10544,10545,10545,3,3
2019-06-13 17:00:31.328,10544,10545,10545,1,1
2019-06-13 17:00:42.357,10544,10545,10545,4,4
2019-06-13 17:00:58.860,10544,10545,10544,1,-1
2019-06-13 17:00:58.865,10544,10545,10544,1,-1
2019-06-13 17:00:58.866,10544,10545,10544,6,-6
2019-06-13 17:01:02.613,10543,10544,10543,5,-5
2019-06-13 17:01:21.117,10543,10544,10543,1,-1
2019-06-13 17:01:29.614,10544,10545,10544,1,1
2019-06-13 17:01:56.193,10544,10545,10544,1,-1
2019-06-13 17:02:03.179,10544,10545,10544,1,-1
2019-06-13 17:02:13.839,10543,10544,10543,1,-1
2019-06-13 17:02:15.808,10543,10544,10544,1,1
2019-06-13 17:02:28.542,10543,10544,10544,1,1
2019-06-13 17:02:34.604,10543,10544,10544,4,4
2019-06-13 17:02:36.368,10543,10544,10544,1,1
2019-06-13 17:03:33.444,10543,10544,10544,1,1
2019-06-13 17:03:33.733,10543,10544,10543,1,-1
2019-06-13 17:03:54.238,10543,10544,10544,2,2
2019-06-13 17:03:58.128,10543,10544,10544,1,1
2019-06-13 17:04:05.651,10543,10544,10543,1,-1
2019-06-13 17:04:13.771,10543,10544,10543,2,-2
2019-06-13 17:04:31.505,10543,10544,10544,1,1
2019-06-13 17:04:31.577,10543,10544,10544,1,1
2019-06-13 17:04:53.998,10543,10544,10544,4,4
2019-06-13 17:04:54.076,10543,10544,10544,2,2
2019-06-13 17:04:54.076,10543,10544,10544,3,3
2019-06-13 17:05:15.505,10544,10545,10545,1,1
2019-06-13 17:05:22.876,10544,10545,10545,1,1
2019-06-13 17:06:52.710,10544,10545,10545,1,1
2019-06-13 17:07:15.701,10544,10545,10544,10,-10
2019-06-13 17:07:15.701,10544,10545,10544,2,-2
2019-06-13 17:07:15.701,10544,10545,10544,7,-7
2019-06-13 17:07:20.511,10543,10544,10544,2,2
2019-06-13 17:07:55.401,10544,10545,10544,1,-1
2019-06-13 17:07:56.507,10544,10545,10544,1,-1
2019-06-13 17:08:13.626,10544,10545,10544,3,-3
2019-06-13 17:08:14.561,10543,10544,10544,1,1
2019-06-13 17:08:14.561,10543,10544,10545,1,1
2019-06-13 17:08:20.541,10543,10545,10543,1,-1
2019-06-13 17:08:34.428,10543,10544,10544,1,1
2019-06-13 17:08:56.862,10543,10545,10545,1,1
2019-06-13 17:09:49.168,10543,10544,10543,1,-1
2019-06-13 17:10:06.464,10543,10544,10544,1,1
2019-06-13 17:11:12.902,10543,10544,10544,1,1
2019-06-13 17:11:14.883,10543,10544,10544,1,1
2019-06-13 17:11:22.245,10543,10544,10544,1,1
2019-06-13 17:12:01.756,10543,10544,10543,1,-1
2019-06-13 17:12:02.966,10543,10544,10543,2,-2
2019-06-13 17:12:12.701,10543,10544,10543,1,-1
2019-06-13 17:12:12.951,10543,10544,10543,1,-1
2019-06-13 17:12:13.536,10543,10544,10543,1,-1
2019-06-13 17:12:26.443,10543,10544,10544,8,8
2019-06-13 17:12:26.451,10543,10545,10544,2,-2
2019-06-13 17:12:26.451,10543,10545,10544,2,-2
2019-06-13 17:12:26.451,10543,10545,10544,2,-2
2019-06-13 17:12:26.451,10543,10545,10544,2,-2
2019-06-13 17:12:42.971,10544,10545,10544,1,-1
2019-06-13 17:12:45.314,10544,10545,10544,1,-1
2019-06-13 17:13:10.603,10544,10545,10545,1,1
2019-06-13 17:14:06.079,10544,10545,10545,1,1
2019-06-13 17:14:06.201,10544,10545,10545,1,1
2019-06-13 17:14:07.732,10544,10545,10545,1,1
2019-06-13 17:14:07.769,10544,10545,10545,1,1
2019-06-13 17:14:07.769,10544,10545,10545,1,1
2019-06-13 17:14:07.771,10544,10545,10545,2,2
2019-06-13 17:14:07.773,10544,10545,10545,2,2
2019-06-13 17:14:07.774,10544,10545,10545,3,3
2019-06-13 17:14:07.774,10544,10545,10545,18,18
2019-06-13 17:14:07.829,10545,10546,10545,2,-2
2019-06-13 17:14:12.137,10545,10546,10545,1,-1
2019-06-13 17:14:26.552,10545,10546,10545,1,-1
2019-06-13 17:14:38.578,10545,10546,10546,1,1
2019-06-13 17:14:49.364,10545,10546,10546,1,1
2019-06-13 17:15:01.966,10545,10546,10546,1,1
2019-06-13 17:15:02.076,10545,10546,10546,2,2
2019-06-13 17:15:02.201,10545,10546,10546,1,1
2019-06-13 17:15:39.651,10545,10546,10545,1,-1
2019-06-13 17:15:45.529,10545,10546,10545,3,-3
2019-06-13 17:15:59.671,10544,10545,10544,2,-2
2019-06-13 17:15:59.856,10544,10545,10544,1,-1
2019-06-13 17:16:03.694,10543,10544,10544,1,1
2019-06-13 17:16:03.725,10543,10544,10544,2,2
2019-06-13 17:16:36.900,10543,10544,10544,1,1
2019-06-13 17:16:36.954,10544,10545,10545,1,1
2019-06-13 17:16:52.446,10544,10545,10545,1,1
