2022-07-28 15:00:00.057,14830,14831,14830,95,-95
2022-07-28 15:00:00.058,14830,14831,14831,5,5
2022-07-28 15:00:00.285,14830,14832,14830,1,-1
2022-07-28 15:00:00.331,14830,14832,14832,1,1
2022-07-28 15:00:00.344,14830,14832,14832,1,1
2022-07-28 15:00:00.492,14831,14833,14832,1,1
2022-07-28 15:00:00.615,14831,14833,14832,1,1
2022-07-28 15:00:00.615,14831,14833,14833,4,4
2022-07-28 15:00:00.617,14831,14833,14831,2,-2
2022-07-28 15:00:00.643,14831,14833,14834,2,2
2022-07-28 15:00:00.644,14831,14833,14834,3,3
2022-07-28 15:00:00.672,14832,14835,14832,1,-1
2022-07-28 15:00:00.672,14832,14835,14831,3,-3
2022-07-28 15:00:00.720,14832,14835,14835,1,1
2022-07-28 15:00:00.777,14832,14835,14834,1,1
2022-07-28 15:00:00.883,14834,14835,14834,1,-1
2022-07-28 15:00:00.883,14834,14835,14835,1,1
2022-07-28 15:00:01.080,14834,14836,14836,1,1
2022-07-28 15:00:01.081,14834,14836,14836,3,3
2022-07-28 15:00:01.082,14834,14836,14835,1,1
2022-07-28 15:00:01.099,14834,14836,14836,1,1
2022-07-28 15:00:01.152,14834,14836,14836,1,1
2022-07-28 15:00:01.181,14835,14836,14836,1,1
2022-07-28 15:00:01.181,14835,14836,14836,1,1
2022-07-28 15:00:01.225,14835,14836,14835,2,-2
2022-07-28 15:00:01.227,14835,14836,14835,1,-1
2022-07-28 15:00:01.255,14835,14836,14835,1,-1
2022-07-28 15:00:01.304,14834,14836,14835,1,-1
2022-07-28 15:00:01.334,14834,14836,14835,1,-1
2022-07-28 15:00:01.370,14834,14836,14835,1,-1
2022-07-28 15:00:01.400,14834,14836,14834,1,-1
2022-07-28 15:00:01.449,14834,14836,14836,4,4
2022-07-28 15:00:01.504,14834,14836,14834,1,-1
2022-07-28 15:00:01.655,14834,14836,14834,5,-5
2022-07-28 15:00:01.772,14834,14836,14834,3,-3
2022-07-28 15:00:01.816,14835,14836,14836,4,4
2022-07-28 15:00:01.827,14835,14836,14835,1,-1
2022-07-28 15:00:01.827,14835,14836,14834,2,-2
2022-07-28 15:00:01.932,14833,14835,14833,1,-1
2022-07-28 15:00:02.067,14833,14835,14835,5,5
2022-07-28 15:00:02.145,14833,14835,14834,1,1
2022-07-28 15:00:02.207,14833,14835,14833,3,-3
2022-07-28 15:00:02.250,14833,14835,14834,1,-1
2022-07-28 15:00:02.350,14832,14834,14832,2,-2
2022-07-28 15:00:02.577,14831,14833,14831,1,-1
2022-07-28 15:00:02.589,14831,14833,14831,1,-1
2022-07-28 15:00:02.812,14830,14833,14833,2,2
2022-07-28 15:00:02.812,14830,14833,14834,3,3
2022-07-28 15:00:02.819,14830,14833,14834,1,1
2022-07-28 15:00:02.838,14830,14833,14831,4,-4
2022-07-28 15:00:02.883,14830,14833,14833,1,1
2022-07-28 15:00:03.008,14830,14833,14830,4,-4
2022-07-28 15:00:03.184,14830,14832,14830,1,-1
2022-07-28 15:00:03.331,14829,14832,14832,1,1
2022-07-28 15:00:03.331,14829,14832,14832,1,1
2022-07-28 15:00:03.332,14829,14832,14833,1,1
2022-07-28 15:00:03.361,14829,14832,14831,1,1
2022-07-28 15:00:03.361,14829,14832,14830,3,-3
2022-07-28 15:00:03.363,14829,14832,14831,4,4
2022-07-28 15:00:03.585,14830,14832,14829,1,-1
2022-07-28 15:00:03.585,14830,14832,14829,2,-2
2022-07-28 15:00:03.593,14830,14832,14830,1,-1
2022-07-28 15:00:03.642,14830,14832,14831,1,-1
2022-07-28 15:00:03.798,14829,14831,14831,1,1
2022-07-28 15:00:04.007,14829,14831,14829,2,-2
2022-07-28 15:00:04.064,14829,14831,14829,1,-1
2022-07-28 15:00:04.304,14828,14831,14828,1,-1
2022-07-28 15:00:04.379,14828,14831,14830,1,1
2022-07-28 15:00:04.471,14828,14831,14828,7,-7
2022-07-28 15:00:04.729,14827,14829,14829,2,2
2022-07-28 15:00:04.729,14827,14829,14830,1,1
2022-07-28 15:00:04.740,14827,14829,14828,3,3
2022-07-28 15:00:04.799,14828,14830,14828,2,-2
2022-07-28 15:00:05.567,14828,14830,14830,1,1
2022-07-28 15:00:05.567,14828,14830,14830,1,1
2022-07-28 15:00:05.701,14828,14830,14830,1,1
2022-07-28 15:00:05.720,14828,14830,14828,4,-4
2022-07-28 15:00:05.776,14828,14830,14829,1,-1
2022-07-28 15:00:05.834,14827,14830,14830,1,1
2022-07-28 15:00:06.146,14828,14829,14829,1,1
2022-07-28 15:00:06.168,14828,14830,14828,1,-1
2022-07-28 15:00:06.224,14828,14830,14828,1,-1
2022-07-28 15:00:06.415,14828,14829,14829,1,1
2022-07-28 15:00:06.547,14828,14830,14830,1,1
2022-07-28 15:00:06.686,14828,14829,14828,1,-1
2022-07-28 15:00:07.101,14828,14829,14828,3,-3
2022-07-28 15:00:07.175,14827,14829,14829,1,1
2022-07-28 15:00:07.175,14827,14829,14827,1,-1
2022-07-28 15:00:07.204,14827,14829,14827,1,-1
2022-07-28 15:00:07.656,14827,14829,14829,1,1
2022-07-28 15:00:07.702,14827,14829,14827,1,-1
2022-07-28 15:00:08.066,14827,14828,14827,3,-3
2022-07-28 15:00:08.546,14826,14827,14826,1,-1
2022-07-28 15:00:08.605,14826,14827,14827,1,1
2022-07-28 15:00:08.724,14826,14828,14826,1,-1
2022-07-28 15:00:09.122,14826,14827,14826,1,-1
2022-07-28 15:00:09.275,14826,14827,14827,2,2
2022-07-28 15:00:09.275,14826,14827,14828,1,1
2022-07-28 15:00:09.562,14826,14827,14826,1,-1
2022-07-28 15:00:10.644,14826,14827,14826,1,-1
2022-07-28 15:00:10.650,14826,14827,14825,1,-1
2022-07-28 15:00:10.713,14825,14827,14825,1,-1
2022-07-28 15:00:10.854,14826,14827,14826,1,-1
2022-07-28 15:00:11.332,14825,14826,14826,1,1
2022-07-28 15:00:11.559,14825,14827,14827,5,5
2022-07-28 15:00:11.600,14825,14827,14828,1,1
2022-07-28 15:00:11.600,14825,14827,14828,1,1
2022-07-28 15:00:11.939,14827,14829,14827,1,-1
2022-07-28 15:00:12.622,14827,14829,14827,1,-1
2022-07-28 15:00:13.127,14826,14828,14828,1,1
2022-07-28 15:00:13.127,14826,14828,14829,2,2
2022-07-28 15:00:13.175,14827,14829,14827,2,-2
2022-07-28 15:00:13.562,14827,14829,14827,1,-1
2022-07-28 15:00:14.012,14826,14828,14826,2,-2
2022-07-28 15:00:14.220,14826,14828,14826,1,-1
2022-07-28 15:00:14.251,14826,14828,14826,1,-1
2022-07-28 15:00:14.543,14826,14828,14826,1,-1
2022-07-28 15:00:15.205,14827,14828,14827,1,-1
2022-07-28 15:00:15.235,14827,14828,14827,1,-1
2022-07-28 15:00:15.674,14827,14828,14827,1,-1
2022-07-28 15:00:16.013,14827,14828,14828,4,4
2022-07-28 15:00:16.235,14827,14829,14827,1,-1
2022-07-28 15:00:16.389,14827,14828,14827,1,-1
2022-07-28 15:00:16.544,14826,14828,14826,1,-1
2022-07-28 15:00:16.619,14826,14828,14828,1,1
2022-07-28 15:00:16.710,14826,14828,14828,1,1
2022-07-28 15:00:16.818,14826,14828,14828,1,1
2022-07-28 15:00:17.518,14826,14828,14828,1,1
2022-07-28 15:00:17.538,14826,14828,14827,1,1
2022-07-28 15:00:18.126,14826,14829,14827,1,-1
2022-07-28 15:00:18.126,14826,14829,14827,2,-2
2022-07-28 15:00:18.127,14826,14829,14827,2,-2
2022-07-28 15:00:18.559,14828,14829,14828,1,-1
2022-07-28 15:00:18.592,14828,14829,14829,1,1
2022-07-28 15:00:18.593,14828,14829,14829,3,3
2022-07-28 15:00:19.045,14829,14830,14829,1,-1
2022-07-28 15:00:19.925,14828,14829,14828,2,-2
2022-07-28 15:00:19.925,14828,14829,14828,1,-1
2022-07-28 15:00:20.182,14827,14829,14829,2,2
2022-07-28 15:00:20.183,14827,14829,14829,1,1
2022-07-28 15:00:20.978,14828,14830,14830,1,1
2022-07-28 15:00:21.897,14829,14830,14830,1,1
2022-07-28 15:00:22.349,14829,14830,14830,1,1
2022-07-28 15:00:22.349,14829,14830,14831,1,1
2022-07-28 15:00:22.613,14829,14831,14831,1,1
2022-07-28 15:00:23.260,14830,14831,14831,6,6
2022-07-28 15:00:23.262,14830,14831,14832,2,2
2022-07-28 15:00:23.370,14831,14832,14831,1,-1
2022-07-28 15:00:23.442,14830,14832,14832,1,1
2022-07-28 15:00:23.635,14830,14832,14832,1,1
2022-07-28 15:00:23.950,14831,14832,14832,2,2
2022-07-28 15:00:24.030,14831,14832,14832,1,1
2022-07-28 15:00:24.034,14831,14832,14832,1,1
2022-07-28 15:00:24.153,14831,14833,14832,1,1
2022-07-28 15:00:24.262,14831,14833,14833,1,1
2022-07-28 15:00:24.413,14832,14833,14833,3,3
2022-07-28 15:00:24.506,14832,14833,14832,1,-1
2022-07-28 15:00:24.506,14832,14833,14831,1,-1
2022-07-28 15:00:24.562,14831,14833,14831,1,-1
2022-07-28 15:00:24.578,14831,14833,14831,1,-1
2022-07-28 15:00:24.623,14831,14833,14831,1,-1
2022-07-28 15:00:24.678,14830,14832,14832,1,1
2022-07-28 15:00:25.055,14830,14832,14832,1,1
2022-07-28 15:00:25.731,14831,14832,14831,1,-1
2022-07-28 15:00:26.447,14831,14832,14831,1,-1
2022-07-28 15:00:28.724,14831,14832,14831,1,-1
2022-07-28 15:00:29.601,14830,14831,14831,1,1
2022-07-28 15:00:30.618,14830,14831,14830,1,-1
2022-07-28 15:00:30.726,14830,14831,14830,4,-4
2022-07-28 15:00:31.005,14829,14830,14830,1,1
2022-07-28 15:00:31.169,14830,14831,14831,1,1
2022-07-28 15:00:31.194,14830,14831,14831,1,1
2022-07-28 15:00:31.389,14830,14831,14830,2,-2
2022-07-28 15:00:32.049,14829,14831,14829,1,-1
2022-07-28 15:00:32.829,14830,14831,14830,1,-1
2022-07-28 15:00:33.045,14829,14830,14829,2,-2
2022-07-28 15:00:33.741,14829,14831,14831,1,1
2022-07-28 15:00:34.684,14830,14831,14830,1,-1
2022-07-28 15:00:34.949,14830,14831,14830,1,-1
2022-07-28 15:00:34.950,14830,14831,14830,1,-1
2022-07-28 15:00:35.037,14830,14831,14831,2,2
2022-07-28 15:00:35.043,14829,14831,14831,1,1
2022-07-28 15:00:35.481,14830,14831,14830,2,-2
2022-07-28 15:00:35.563,14829,14831,14829,1,-1
2022-07-28 15:00:35.926,14830,14831,14830,1,-1
2022-07-28 15:00:35.976,14830,14831,14831,1,1
2022-07-28 15:00:36.279,14830,14831,14830,2,-2
2022-07-28 15:00:36.557,14830,14832,14830,1,-1
2022-07-28 15:00:37.631,14830,14832,14830,1,-1
2022-07-28 15:00:38.192,14830,14832,14832,2,2
2022-07-28 15:00:39.915,14830,14832,14830,1,-1
2022-07-28 15:00:39.995,14830,14832,14830,1,-1
2022-07-28 15:00:40.181,14830,14832,14831,2,-2
2022-07-28 15:00:42.086,14831,14832,14831,1,-1
2022-07-28 15:00:42.559,14831,14832,14831,1,-1
2022-07-28 15:00:42.633,14831,14832,14832,1,1
2022-07-28 15:00:44.731,14830,14832,14832,1,1
2022-07-28 15:00:47.123,14831,14832,14832,1,1
2022-07-28 15:00:48.045,14831,14832,14831,2,-2
2022-07-28 15:00:48.398,14830,14832,14830,1,-1
2022-07-28 15:00:48.399,14830,14832,14830,2,-2
2022-07-28 15:00:48.399,14830,14832,14830,2,-2
2022-07-28 15:00:48.400,14830,14832,14830,3,-3
2022-07-28 15:00:48.551,14829,14830,14830,1,1
2022-07-28 15:00:48.551,14829,14830,14831,3,3
2022-07-28 15:00:48.551,14829,14830,14829,1,-1
2022-07-28 15:00:49.423,14828,14829,14829,1,1
2022-07-28 15:00:49.424,14828,14829,14828,5,-5
2022-07-28 15:00:49.634,14827,14828,14828,1,1
2022-07-28 15:00:49.754,14827,14829,14828,1,1
2022-07-28 15:00:50.062,14828,14829,14829,1,1
2022-07-28 15:00:50.253,14828,14829,14829,1,1
2022-07-28 15:00:51.962,14828,14830,14829,1,1
2022-07-28 15:00:52.234,14829,14830,14830,1,1
2022-07-28 15:00:53.313,14829,14831,14831,3,3
2022-07-28 15:00:53.441,14830,14832,14830,1,-1
2022-07-28 15:00:53.523,14830,14832,14832,1,1
2022-07-28 15:00:56.142,14831,14832,14832,1,1
2022-07-28 15:00:56.772,14831,14832,14832,10,10
2022-07-28 15:00:56.774,14831,14832,14833,16,16
2022-07-28 15:00:56.775,14831,14832,14834,8,8
2022-07-28 15:00:56.775,14831,14832,14834,1,1
2022-07-28 15:00:56.909,14833,14835,14833,1,-1
2022-07-28 15:00:59.395,14834,14835,14834,1,-1
2022-07-28 15:00:59.894,14833,14835,14835,1,1
2022-07-28 15:01:00.231,14833,14835,14834,1,1
2022-07-28 15:01:00.292,14833,14835,14833,1,-1
2022-07-28 15:01:00.432,14833,14834,14833,2,-2
2022-07-28 15:01:00.432,14833,14834,14832,1,-1
2022-07-28 15:01:00.803,14832,14834,14834,1,1
2022-07-28 15:01:02.900,14832,14833,14832,2,-2
2022-07-28 15:01:02.900,14832,14833,14832,1,-1
2022-07-28 15:01:02.967,14832,14833,14832,1,-1
2022-07-28 15:01:02.967,14832,14833,14832,8,-8
2022-07-28 15:01:03.052,14831,14832,14832,2,2
2022-07-28 15:01:06.027,14831,14832,14831,1,-1
2022-07-28 15:01:06.028,14831,14832,14831,1,-1
2022-07-28 15:01:06.042,14831,14832,14831,1,-1
2022-07-28 15:01:07.447,14830,14831,14830,2,-2
2022-07-28 15:01:07.753,14829,14830,14829,1,-1
2022-07-28 15:01:07.753,14829,14830,14828,5,-5
2022-07-28 15:01:09.833,14828,14829,14829,1,1
2022-07-28 15:01:11.707,14828,14829,14828,1,-1
2022-07-28 15:01:12.287,14827,14828,14828,1,1
2022-07-28 15:01:13.728,14827,14828,14827,1,-1
2022-07-28 15:01:14.044,14827,14828,14828,1,1
2022-07-28 15:01:14.623,14827,14828,14827,8,-8
2022-07-28 15:01:14.623,14827,14828,14827,1,-1
2022-07-28 15:01:14.623,14827,14828,14827,1,-1
2022-07-28 15:01:14.877,14826,14827,14826,6,-6
2022-07-28 15:01:15.675,14825,14827,14827,1,1
2022-07-28 15:01:22.622,14826,14827,14827,1,1
2022-07-28 15:01:26.733,14826,14827,14827,1,1
2022-07-28 15:01:27.213,14826,14827,14827,1,1
2022-07-28 15:01:27.987,14826,14827,14827,1,1
2022-07-28 15:01:28.704,14826,14828,14828,1,1
2022-07-28 15:01:29.334,14827,14828,14828,1,1
2022-07-28 15:01:31.554,14827,14829,14829,3,3
2022-07-28 15:01:31.555,14827,14829,14829,1,1
2022-07-28 15:01:31.555,14827,14829,14829,2,2
2022-07-28 15:01:31.555,14827,14829,14829,1,1
2022-07-28 15:01:31.592,14827,14829,14828,1,1
2022-07-28 15:01:32.223,14828,14830,14828,4,-4
2022-07-28 15:01:32.223,14828,14830,14827,6,-6
2022-07-28 15:01:33.710,14827,14828,14827,3,-3
2022-07-28 15:01:33.710,14827,14828,14826,7,-7
2022-07-28 15:01:35.582,14826,14827,14826,10,-10
2022-07-28 15:01:36.091,14826,14827,14826,2,-2
2022-07-28 15:01:36.995,14826,14827,14826,1,-1
2022-07-28 15:01:37.972,14826,14827,14827,1,1
2022-07-28 15:01:38.177,14827,14828,14827,1,-1
2022-07-28 15:01:39.352,14827,14828,14827,1,-1
2022-07-28 15:01:40.178,14827,14828,14828,1,1
2022-07-28 15:01:40.450,14827,14829,14827,1,-1
2022-07-28 15:01:40.782,14827,14829,14827,1,-1
2022-07-28 15:01:40.798,14827,14829,14827,1,-1
2022-07-28 15:01:40.810,14827,14829,14827,1,-1
2022-07-28 15:01:40.815,14827,14829,14827,1,-1
2022-07-28 15:01:40.995,14826,14829,14826,1,-1
2022-07-28 15:01:41.054,14826,14828,14826,1,-1
2022-07-28 15:01:41.058,14826,14828,14826,1,-1
2022-07-28 15:01:41.159,14826,14828,14828,1,1
2022-07-28 15:01:41.534,14827,14829,14829,1,1
2022-07-28 15:01:41.607,14827,14829,14827,2,-2
2022-07-28 15:01:41.746,14827,14829,14827,1,-1
2022-07-28 15:01:41.746,14827,14829,14827,1,-1
2022-07-28 15:01:41.755,14827,14829,14827,1,-1
2022-07-28 15:01:41.983,14826,14829,14827,1,-1
2022-07-28 15:01:43.390,14826,14828,14827,1,-1
2022-07-28 15:01:43.394,14826,14828,14827,1,-1
2022-07-28 15:01:43.973,14826,14827,14827,1,1
2022-07-28 15:01:45.556,14827,14828,14828,1,1
2022-07-28 15:01:46.197,14827,14828,14828,1,1
2022-07-28 15:01:47.505,14828,14830,14830,3,3
2022-07-28 15:01:47.787,14829,14831,14829,1,-1
2022-07-28 15:01:48.138,14829,14831,14829,1,-1
2022-07-28 15:01:48.142,14829,14831,14829,1,-1
2022-07-28 15:01:48.426,14829,14831,14829,1,-1
2022-07-28 15:01:49.738,14829,14831,14831,1,1
2022-07-28 15:01:55.740,14830,14831,14830,1,-1
2022-07-28 15:01:56.193,14829,14831,14829,1,-1
2022-07-28 15:01:58.064,14829,14830,14830,1,1
2022-07-28 15:01:58.458,14829,14831,14829,1,-1
2022-07-28 15:01:58.462,14829,14831,14829,1,-1
2022-07-28 15:01:58.990,14828,14829,14828,1,-1
2022-07-28 15:01:58.997,14828,14829,14828,1,-1
2022-07-28 15:01:59.002,14828,14829,14828,1,-1
2022-07-28 15:01:59.293,14828,14829,14829,2,2
2022-07-28 15:01:59.797,14828,14830,14830,1,1
2022-07-28 15:02:01.663,14828,14829,14829,1,1
2022-07-28 15:02:03.694,14828,14829,14828,1,-1
2022-07-28 15:02:04.547,14828,14829,14828,2,-2
2022-07-28 15:02:05.249,14827,14828,14827,1,-1
2022-07-28 15:02:05.249,14827,14828,14827,2,-2
2022-07-28 15:02:05.249,14827,14828,14827,1,-1
2022-07-28 15:02:05.249,14827,14828,14827,1,-1
2022-07-28 15:02:05.249,14827,14828,14827,15,-15
2022-07-28 15:02:05.463,14826,14827,14826,2,-2
2022-07-28 15:02:05.463,14826,14827,14826,1,-1
2022-07-28 15:02:05.543,14826,14827,14826,1,-1
2022-07-28 15:02:05.551,14826,14827,14826,1,-1
2022-07-28 15:02:05.556,14826,14827,14826,1,-1
2022-07-28 15:02:05.557,14826,14827,14826,1,-1
2022-07-28 15:02:05.558,14826,14827,14826,1,-1
2022-07-28 15:02:05.566,14826,14827,14826,1,-1
2022-07-28 15:02:05.578,14826,14827,14826,1,-1
2022-07-28 15:02:05.907,14826,14827,14826,1,-1
2022-07-28 15:02:05.919,14826,14827,14826,1,-1
2022-07-28 15:02:05.926,14826,14827,14826,1,-1
2022-07-28 15:02:05.947,14826,14827,14826,1,-1
2022-07-28 15:02:06.158,14826,14827,14826,44,-44
2022-07-28 15:02:06.159,14826,14827,14825,1,-1
2022-07-28 15:02:06.159,14826,14827,14825,7,-7
2022-07-28 15:02:06.159,14826,14827,14825,1,-1
2022-07-28 15:02:06.160,14826,14827,14825,1,-1
2022-07-28 15:02:06.159,14826,14827,14825,1,-1
2022-07-28 15:02:06.159,14826,14827,14825,1,-1
2022-07-28 15:02:06.159,14826,14827,14825,2,-2
2022-07-28 15:02:07.014,14824,14826,14826,1,1
2022-07-28 15:02:07.871,14824,14826,14826,1,1
2022-07-28 15:02:08.656,14825,14826,14825,1,-1
2022-07-28 15:02:09.746,14825,14826,14826,4,4
2022-07-28 15:02:11.394,14825,14827,14827,1,1
2022-07-28 15:02:11.806,14825,14827,14825,4,-4
2022-07-28 15:02:12.751,14824,14827,14825,1,-1
2022-07-28 15:02:13.989,14825,14826,14825,1,-1
2022-07-28 15:02:14.694,14825,14826,14826,1,1
2022-07-28 15:02:15.604,14825,14826,14826,3,3
2022-07-28 15:02:15.854,14826,14827,14826,1,-1
2022-07-28 15:02:16.139,14826,14827,14826,1,-1
2022-07-28 15:02:16.142,14826,14827,14826,1,-1
2022-07-28 15:02:16.143,14826,14827,14827,1,1
2022-07-28 15:02:16.198,14826,14828,14828,1,1
2022-07-28 15:02:16.640,14826,14828,14826,3,-3
2022-07-28 15:02:17.094,14826,14828,14827,4,-4
2022-07-28 15:02:17.660,14826,14828,14826,4,-4
2022-07-28 15:02:20.187,14825,14826,14826,3,3
2022-07-28 15:02:20.695,14825,14826,14825,1,-1
2022-07-28 15:02:22.955,14825,14826,14825,1,-1
2022-07-28 15:02:23.206,14824,14826,14826,2,2
2022-07-28 15:02:23.783,14824,14825,14825,1,1
2022-07-28 15:02:26.337,14825,14826,14826,1,1
2022-07-28 15:02:26.338,14825,14826,14826,23,23
2022-07-28 15:02:26.338,14825,14826,14826,10,10
2022-07-28 15:02:26.338,14825,14826,14826,5,5
2022-07-28 15:02:26.338,14825,14826,14826,1,1
2022-07-28 15:02:26.339,14825,14826,14826,3,3
2022-07-28 15:02:26.339,14825,14826,14826,1,1
2022-07-28 15:02:26.909,14826,14827,14826,1,-1
2022-07-28 15:02:27.103,14826,14827,14827,1,1
2022-07-28 15:02:27.145,14826,14827,14826,1,-1
2022-07-28 15:02:27.338,14826,14828,14828,1,1
2022-07-28 15:02:31.530,14827,14828,14827,1,-1
2022-07-28 15:02:32.961,14827,14828,14828,2,2
2022-07-28 15:02:37.011,14827,14828,14828,2,2
2022-07-28 15:02:40.188,14827,14828,14828,4,4
2022-07-28 15:02:41.728,14827,14828,14828,1,1
2022-07-28 15:02:42.392,14827,14828,14828,1,1
2022-07-28 15:02:45.310,14827,14828,14828,5,5
2022-07-28 15:02:45.953,14827,14828,14828,1,1
2022-07-28 15:02:48.156,14828,14829,14828,2,-2
2022-07-28 15:02:50.484,14828,14829,14828,1,-1
2022-07-28 15:02:52.568,14827,14828,14828,1,1
2022-07-28 15:02:52.977,14827,14829,14827,14,-14
2022-07-28 15:02:52.979,14827,14829,14826,1,-1
2022-07-28 15:02:53.504,14826,14827,14827,6,6
2022-07-28 15:02:53.504,14826,14827,14828,4,4
2022-07-28 15:02:53.505,14826,14827,14827,1,1
2022-07-28 15:02:54.658,14826,14828,14828,1,1
2022-07-28 15:02:56.883,14827,14828,14827,1,-1
2022-07-28 15:02:56.889,14827,14828,14826,2,-2
2022-07-28 15:03:00.308,14826,14828,14826,1,-1
2022-07-28 15:03:00.567,14825,14826,14826,3,3
2022-07-28 15:03:00.607,14825,14826,14827,2,2
2022-07-28 15:03:00.607,14825,14826,14828,5,5
2022-07-28 15:03:00.629,14825,14826,14828,1,1
2022-07-28 15:03:00.643,14825,14826,14828,1,1
2022-07-28 15:03:00.793,14826,14828,14828,1,1
2022-07-28 15:03:00.796,14826,14828,14828,1,1
2022-07-28 15:03:00.932,14826,14828,14828,1,1
2022-07-28 15:03:01.192,14826,14828,14828,1,1
2022-07-28 15:03:01.199,14826,14828,14828,1,1
2022-07-28 15:03:01.830,14826,14828,14826,1,-1
2022-07-28 15:03:01.834,14826,14828,14826,1,-1
2022-07-28 15:03:01.858,14826,14828,14826,1,-1
2022-07-28 15:03:01.862,14826,14828,14826,1,-1
2022-07-28 15:03:01.870,14826,14828,14826,1,-1
2022-07-28 15:03:01.872,14826,14828,14826,1,-1
2022-07-28 15:03:04.920,14827,14828,14827,2,-2
2022-07-28 15:03:04.920,14827,14828,14826,1,-1
2022-07-28 15:03:09.136,14825,14827,14825,10,-10
2022-07-28 15:03:09.499,14824,14825,14825,1,1
2022-07-28 15:03:09.559,14824,14826,14826,4,4
2022-07-28 15:03:11.194,14825,14827,14827,4,4
2022-07-28 15:03:11.414,14826,14827,14826,1,-1
2022-07-28 15:03:12.430,14824,14826,14826,1,1
2022-07-28 15:03:13.039,14824,14826,14826,2,2
2022-07-28 15:03:13.039,14824,14826,14827,2,2
2022-07-28 15:03:14.459,14824,14827,14827,4,4
2022-07-28 15:03:18.684,14826,14827,14826,1,-1
2022-07-28 15:03:19.262,14825,14826,14825,3,-3
2022-07-28 15:03:20.179,14824,14825,14825,1,1
2022-07-28 15:03:20.546,14824,14826,14824,5,-5
2022-07-28 15:03:20.881,14823,14825,14823,1,-1
2022-07-28 15:03:21.168,14823,14824,14824,1,1
2022-07-28 15:03:21.192,14823,14824,14823,2,-2
2022-07-28 15:03:21.192,14823,14824,14823,6,-6
2022-07-28 15:03:21.193,14823,14824,14823,2,-2
2022-07-28 15:03:22.661,14822,14824,14824,1,1
2022-07-28 15:03:22.721,14822,14824,14824,1,1
2022-07-28 15:03:24.199,14823,14824,14824,1,1
2022-07-28 15:03:24.291,14824,14825,14824,2,-2
2022-07-28 15:03:25.879,14823,14824,14824,5,5
2022-07-28 15:03:27.233,14824,14825,14824,1,-1
2022-07-28 15:03:28.609,14824,14825,14825,1,1
2022-07-28 15:03:28.609,14824,14825,14825,3,3
2022-07-28 15:03:29.212,14825,14827,14825,1,-1
2022-07-28 15:03:30.335,14825,14827,14827,10,10
2022-07-28 15:03:33.347,14827,14828,14827,1,-1
2022-07-28 15:03:34.422,14827,14828,14827,1,-1
2022-07-28 15:03:36.964,14827,14828,14827,1,-1
2022-07-28 15:03:37.186,14827,14828,14828,6,6
2022-07-28 15:03:37.862,14827,14829,14827,1,-1
2022-07-28 15:03:37.862,14827,14829,14829,3,3
2022-07-28 15:03:39.455,14829,14830,14829,1,-1
2022-07-28 15:03:40.010,14829,14830,14830,1,1
2022-07-28 15:03:40.010,14829,14830,14830,1,1
2022-07-28 15:03:40.011,14829,14830,14830,9,9
2022-07-28 15:03:40.012,14829,14830,14831,10,10
2022-07-28 15:03:40.012,14829,14830,14831,2,2
2022-07-28 15:03:40.223,14831,14832,14832,5,5
2022-07-28 15:03:40.323,14832,14833,14833,12,12
2022-07-28 15:03:40.471,14833,14834,14833,1,-1
2022-07-28 15:03:40.478,14833,14834,14833,1,-1
2022-07-28 15:03:40.486,14833,14834,14833,1,-1
2022-07-28 15:03:40.623,14832,14833,14832,2,-2
2022-07-28 15:03:40.923,14831,14832,14832,4,4
2022-07-28 15:03:42.074,14832,14833,14832,1,-1
2022-07-28 15:03:42.075,14832,14833,14832,1,-1
2022-07-28 15:03:49.643,14831,14832,14831,1,-1
2022-07-28 15:03:53.259,14830,14831,14831,1,1
2022-07-28 15:03:54.292,14831,14832,14832,1,1
2022-07-28 15:03:54.292,14831,14832,14832,4,4
2022-07-28 15:03:54.292,14831,14832,14832,2,2
2022-07-28 15:03:54.473,14832,14833,14832,2,-2
2022-07-28 15:03:54.473,14832,14833,14831,3,-3
2022-07-28 15:03:55.273,14831,14833,14833,3,3
2022-07-28 15:03:55.687,14832,14833,14832,1,-1
2022-07-28 15:03:57.310,14832,14833,14833,1,1
2022-07-28 15:03:57.310,14832,14833,14833,2,2
2022-07-28 15:03:57.310,14832,14833,14833,2,2
2022-07-28 15:03:57.310,14832,14833,14833,1,1
2022-07-28 15:03:58.467,14833,14834,14834,1,1
2022-07-28 15:04:01.329,14833,14834,14833,1,-1
2022-07-28 15:04:01.329,14833,14834,14833,1,-1
2022-07-28 15:04:01.330,14833,14834,14833,1,-1
2022-07-28 15:04:01.720,14832,14833,14833,2,2
2022-07-28 15:04:04.676,14832,14833,14832,1,-1
2022-07-28 15:04:06.425,14831,14832,14831,1,-1
2022-07-28 15:04:09.173,14831,14832,14832,2,2
2022-07-28 15:04:19.738,14832,14833,14833,1,1
2022-07-28 15:04:19.738,14832,14833,14833,3,3
2022-07-28 15:04:19.738,14832,14833,14833,1,1
2022-07-28 15:04:19.738,14832,14833,14833,1,1
2022-07-28 15:04:22.928,14833,14834,14833,1,-1
2022-07-28 15:04:27.558,14832,14833,14833,1,1
2022-07-28 15:04:34.674,14832,14833,14833,1,1
2022-07-28 15:04:34.791,14832,14834,14834,1,1
2022-07-28 15:04:34.791,14832,14834,14834,1,1
2022-07-28 15:04:34.792,14832,14834,14834,1,1
2022-07-28 15:04:38.921,14833,14834,14834,3,3
2022-07-28 15:04:39.013,14833,14834,14834,2,2
2022-07-28 15:04:39.013,14833,14834,14834,5,5
2022-07-28 15:04:39.013,14833,14834,14834,1,1
2022-07-28 15:04:39.014,14833,14834,14834,2,2
2022-07-28 15:04:42.688,14834,14835,14835,17,17
2022-07-28 15:04:43.026,14835,14836,14836,1,1
2022-07-28 15:04:43.078,14835,14836,14836,8,8
2022-07-28 15:04:43.310,14836,14837,14837,1,1
2022-07-28 15:04:44.523,14836,14837,14836,1,-1
2022-07-28 15:04:44.678,14836,14837,14837,1,1
2022-07-28 15:04:46.199,14836,14837,14836,1,-1
2022-07-28 15:04:46.199,14836,14837,14835,4,-4
2022-07-28 15:04:55.374,14836,14837,14836,1,-1
2022-07-28 15:04:55.958,14836,14837,14836,1,-1
2022-07-28 15:04:57.565,14835,14837,14835,1,-1
2022-07-28 15:05:00.197,14836,14837,14837,1,1
2022-07-28 15:05:00.299,14836,14837,14836,1,-1
2022-07-28 15:05:00.312,14836,14837,14837,2,2
2022-07-28 15:05:00.865,14837,14838,14838,1,1
2022-07-28 15:05:01.025,14837,14838,14838,1,1
2022-07-28 15:05:01.183,14837,14838,14838,1,1
2022-07-28 15:05:02.123,14837,14838,14838,4,4
2022-07-28 15:05:02.123,14837,14838,14838,5,5
2022-07-28 15:05:02.123,14837,14838,14838,1,1
2022-07-28 15:05:02.466,14838,14839,14838,1,-1
2022-07-28 15:05:03.353,14838,14839,14838,4,-4
2022-07-28 15:05:03.353,14838,14839,14837,1,-1
2022-07-28 15:05:04.502,14838,14839,14838,1,-1
2022-07-28 15:05:04.959,14838,14839,14838,1,-1
2022-07-28 15:05:04.959,14838,14839,14838,1,-1
2022-07-28 15:05:04.974,14838,14839,14837,1,-1
2022-07-28 15:05:05.312,14836,14838,14838,1,1
2022-07-28 15:05:06.903,14837,14838,14837,1,-1
2022-07-28 15:05:07.035,14836,14838,14836,3,-3
2022-07-28 15:05:07.063,14836,14838,14836,1,-1
2022-07-28 15:05:07.063,14836,14838,14836,3,-3
2022-07-28 15:05:07.188,14835,14836,14836,1,1
2022-07-28 15:05:08.066,14835,14836,14836,1,1
2022-07-28 15:05:08.066,14835,14836,14837,2,2
2022-07-28 15:05:08.486,14837,14838,14837,1,-1
2022-07-28 15:05:08.799,14836,14838,14836,1,-1
2022-07-28 15:05:08.810,14836,14838,14836,1,-1
2022-07-28 15:05:08.815,14836,14838,14836,1,-1
2022-07-28 15:05:08.822,14836,14838,14836,1,-1
2022-07-28 15:05:08.842,14836,14838,14836,1,-1
2022-07-28 15:05:08.846,14836,14838,14836,1,-1
2022-07-28 15:05:10.927,14836,14837,14836,2,-2
2022-07-28 15:05:11.021,14836,14837,14837,1,1
2022-07-28 15:05:11.149,14836,14838,14836,1,-1
2022-07-28 15:05:12.427,14836,14837,14836,1,-1
2022-07-28 15:05:14.080,14835,14836,14836,1,1
2022-07-28 15:05:14.965,14835,14836,14835,1,-1
2022-07-28 15:05:15.630,14835,14836,14835,1,-1
2022-07-28 15:05:15.871,14835,14836,14836,1,1
2022-07-28 15:05:16.994,14835,14836,14835,1,-1
2022-07-28 15:05:16.994,14835,14836,14835,1,-1
2022-07-28 15:05:18.577,14834,14836,14836,1,1
2022-07-28 15:05:20.456,14834,14836,14834,5,-5
2022-07-28 15:05:21.054,14833,14835,14833,1,-1
2022-07-28 15:05:21.760,14833,14835,14833,3,-3
2022-07-28 15:05:22.993,14834,14835,14834,1,-1
2022-07-28 15:05:24.575,14834,14836,14836,1,1
2022-07-28 15:05:25.062,14835,14836,14836,1,1
2022-07-28 15:05:25.311,14835,14837,14836,1,1
2022-07-28 15:05:26.335,14836,14837,14837,1,1
2022-07-28 15:05:26.336,14836,14837,14837,1,1
2022-07-28 15:05:26.365,14836,14837,14837,1,1
2022-07-28 15:05:27.627,14836,14838,14836,1,-1
2022-07-28 15:05:29.134,14837,14838,14838,1,1
2022-07-28 15:05:29.134,14837,14838,14838,3,3
2022-07-28 15:05:29.134,14837,14838,14838,3,3
2022-07-28 15:05:29.618,14838,14839,14838,1,-1
2022-07-28 15:05:29.695,14838,14839,14839,1,1
2022-07-28 15:05:29.863,14838,14839,14839,1,1
2022-07-28 15:05:29.978,14838,14839,14838,1,-1
2022-07-28 15:05:30.359,14838,14839,14838,1,-1
2022-07-28 15:05:30.717,14837,14838,14838,1,1
2022-07-28 15:05:33.489,14838,14839,14839,1,1
2022-07-28 15:05:37.505,14838,14839,14839,2,2
2022-07-28 15:05:38.909,14838,14839,14839,3,3
2022-07-28 15:05:39.221,14838,14839,14839,1,1
2022-07-28 15:05:39.222,14838,14839,14839,1,1
2022-07-28 15:05:39.367,14839,14840,14839,1,-1
2022-07-28 15:05:40.185,14839,14840,14840,1,1
2022-07-28 15:05:40.351,14839,14840,14840,1,1
2022-07-28 15:05:40.422,14839,14840,14840,1,1
2022-07-28 15:05:40.717,14839,14840,14839,3,-3
2022-07-28 15:05:42.967,14839,14840,14839,1,-1
2022-07-28 15:05:43.060,14839,14840,14840,3,3
2022-07-28 15:05:45.205,14839,14840,14840,2,2
2022-07-28 15:05:45.905,14839,14840,14840,1,1
2022-07-28 15:05:47.274,14839,14840,14840,1,1
2022-07-28 15:05:51.460,14839,14840,14839,1,-1
2022-07-28 15:05:51.585,14839,14840,14839,1,-1
2022-07-28 15:05:51.595,14839,14840,14839,1,-1
2022-07-28 15:05:51.790,14838,14840,14840,5,5
2022-07-28 15:05:57.622,14839,14840,14839,1,-1
2022-07-28 15:05:58.364,14838,14840,14840,1,1
2022-07-28 15:06:02.651,14838,14839,14838,1,-1
2022-07-28 15:06:02.651,14838,14839,14838,3,-3
2022-07-28 15:06:03.881,14837,14839,14837,1,-1
2022-07-28 15:06:03.917,14837,14838,14838,1,1
2022-07-28 15:06:03.917,14837,14838,14838,1,1
2022-07-28 15:06:05.359,14837,14838,14838,1,1
2022-07-28 15:06:06.800,14837,14838,14837,1,-1
2022-07-28 15:06:07.688,14837,14838,14838,1,1
2022-07-28 15:06:07.791,14837,14838,14838,1,1
2022-07-28 15:06:07.791,14837,14838,14838,1,1
2022-07-28 15:06:10.601,14837,14838,14838,1,1
2022-07-28 15:06:12.925,14837,14838,14837,2,-2
2022-07-28 15:06:13.894,14837,14838,14838,1,1
2022-07-28 15:06:14.841,14837,14839,14839,5,5
2022-07-28 15:06:18.168,14838,14840,14840,1,1
2022-07-28 15:06:18.168,14838,14840,14840,4,4
2022-07-28 15:06:18.168,14838,14840,14840,3,3
2022-07-28 15:06:18.168,14838,14840,14840,1,1
2022-07-28 15:06:18.182,14838,14840,14841,1,1
2022-07-28 15:06:18.726,14840,14841,14841,1,1
2022-07-28 15:06:23.942,14839,14840,14839,5,-5
2022-07-28 15:06:28.179,14839,14840,14839,1,-1
2022-07-28 15:06:38.529,14837,14838,14837,1,-1
2022-07-28 15:06:38.530,14837,14838,14837,1,-1
2022-07-28 15:06:39.365,14836,14837,14836,2,-2
2022-07-28 15:06:39.617,14835,14836,14836,1,1
2022-07-28 15:06:42.550,14835,14836,14835,1,-1
2022-07-28 15:06:42.550,14835,14836,14835,1,-1
2022-07-28 15:06:42.553,14835,14836,14834,1,-1
2022-07-28 15:06:45.337,14833,14834,14833,4,-4
2022-07-28 15:06:45.337,14833,14834,14833,1,-1
2022-07-28 15:06:45.337,14833,14834,14833,1,-1
2022-07-28 15:06:45.337,14833,14834,14833,5,-5
2022-07-28 15:06:46.397,14832,14833,14832,1,-1
2022-07-28 15:06:48.338,14830,14831,14830,1,-1
2022-07-28 15:06:49.453,14830,14831,14831,5,5
2022-07-28 15:06:49.454,14830,14831,14830,6,-6
2022-07-28 15:06:50.121,14829,14830,14830,1,1
2022-07-28 15:06:50.121,14829,14830,14831,1,1
2022-07-28 15:06:50.412,14829,14831,14830,1,1
2022-07-28 15:06:50.419,14829,14831,14831,1,1
2022-07-28 15:06:50.646,14829,14831,14830,1,1
2022-07-28 15:06:52.120,14830,14831,14830,2,-2
2022-07-28 15:06:53.493,14830,14831,14830,2,-2
2022-07-28 15:06:55.181,14830,14831,14830,2,-2
2022-07-28 15:06:57.001,14830,14831,14831,4,4
2022-07-28 15:06:57.001,14830,14831,14831,1,1
2022-07-28 15:06:58.415,14831,14832,14832,1,1
2022-07-28 15:06:58.415,14831,14832,14832,1,1
2022-07-28 15:07:00.775,14832,14833,14833,2,2
2022-07-28 15:07:01.077,14832,14833,14833,1,1
2022-07-28 15:07:01.093,14832,14833,14833,1,1
2022-07-28 15:07:01.095,14832,14833,14834,1,1
2022-07-28 15:07:01.111,14832,14833,14835,1,1
2022-07-28 15:07:01.154,14832,14833,14835,1,1
2022-07-28 15:07:01.200,14833,14835,14835,1,1
2022-07-28 15:07:01.217,14833,14835,14835,1,1
2022-07-28 15:07:01.515,14833,14834,14834,1,1
2022-07-28 15:07:01.933,14832,14834,14834,1,1
2022-07-28 15:07:01.956,14832,14834,14835,1,1
2022-07-28 15:07:04.219,14834,14835,14834,2,-2
2022-07-28 15:07:08.007,14832,14834,14834,2,2
2022-07-28 15:07:08.008,14832,14834,14834,1,1
2022-07-28 15:07:10.455,14833,14835,14833,1,-1
2022-07-28 15:07:12.825,14834,14835,14835,1,1
2022-07-28 15:07:12.903,14834,14835,14834,1,-1
2022-07-28 15:07:13.162,14834,14835,14834,1,-1
2022-07-28 15:07:14.295,14834,14835,14834,3,-3
2022-07-28 15:07:14.295,14834,14835,14833,2,-2
2022-07-28 15:07:16.623,14833,14834,14834,1,1
2022-07-28 15:07:17.025,14833,14835,14835,1,1
2022-07-28 15:07:32.788,14833,14834,14833,1,-1
2022-07-28 15:07:32.789,14833,14834,14833,1,-1
2022-07-28 15:07:34.597,14833,14834,14833,1,-1
2022-07-28 15:07:39.843,14834,14835,14834,1,-1
2022-07-28 15:07:40.319,14834,14835,14834,1,-1
2022-07-28 15:07:42.809,14834,14835,14834,3,-3
2022-07-28 15:07:42.809,14834,14835,14833,11,-11
2022-07-28 15:07:43.115,14832,14833,14833,1,1
2022-07-28 15:07:44.177,14832,14833,14832,2,-2
2022-07-28 15:07:44.518,14832,14833,14832,1,-1
2022-07-28 15:07:46.089,14830,14832,14832,5,5
2022-07-28 15:07:49.164,14831,14832,14831,2,-2
2022-07-28 15:07:55.227,14830,14831,14831,1,1
2022-07-28 15:07:55.961,14830,14831,14830,7,-7
2022-07-28 15:07:56.777,14829,14830,14830,1,1
2022-07-28 15:07:58.650,14829,14830,14830,1,1
2022-07-28 15:08:00.142,14829,14830,14830,1,1
2022-07-28 15:08:01.338,14829,14830,14829,2,-2
2022-07-28 15:08:02.929,14829,14830,14830,1,1
2022-07-28 15:08:05.087,14830,14832,14830,1,-1
2022-07-28 15:08:05.399,14830,14832,14832,1,1
2022-07-28 15:08:06.063,14832,14833,14833,6,6
2022-07-28 15:08:06.064,14832,14833,14833,1,1
2022-07-28 15:08:06.064,14832,14833,14833,3,3
2022-07-28 15:08:06.064,14832,14833,14833,2,2
2022-07-28 15:08:06.064,14832,14833,14833,1,1
2022-07-28 15:08:06.064,14832,14833,14833,8,8
2022-07-28 15:08:06.064,14832,14833,14833,1,1
2022-07-28 15:08:06.064,14832,14833,14833,1,1
2022-07-28 15:08:06.064,14832,14833,14833,4,4
2022-07-28 15:08:06.115,14832,14833,14833,7,7
2022-07-28 15:08:08.079,14832,14833,14833,2,2
2022-07-28 15:08:08.808,14832,14833,14833,1,1
2022-07-28 15:08:11.013,14833,14834,14834,1,1
2022-07-28 15:08:15.104,14833,14835,14833,5,-5
2022-07-28 15:08:17.030,14833,14835,14835,1,1
2022-07-28 15:08:19.399,14831,14833,14833,1,1
2022-07-28 15:08:19.506,14832,14833,14833,1,1
2022-07-28 15:08:21.723,14831,14833,14833,1,1
2022-07-28 15:08:22.925,14831,14832,14832,1,1
2022-07-28 15:08:29.010,14831,14832,14831,1,-1
2022-07-28 15:08:29.010,14831,14832,14831,1,-1
2022-07-28 15:08:29.473,14830,14831,14830,2,-2
2022-07-28 15:08:29.473,14830,14831,14830,1,-1
2022-07-28 15:08:29.473,14830,14831,14830,1,-1
2022-07-28 15:08:29.930,14829,14830,14830,1,1
2022-07-28 15:08:29.942,14829,14830,14830,1,1
2022-07-28 15:08:39.174,14829,14830,14830,1,1
2022-07-28 15:08:39.174,14829,14830,14830,1,1
2022-07-28 15:08:41.247,14829,14830,14830,1,1
2022-07-28 15:08:42.329,14829,14831,14829,1,-1
2022-07-28 15:08:50.491,14829,14830,14830,1,1
2022-07-28 15:08:58.854,14830,14831,14831,1,1
2022-07-28 15:08:58.854,14830,14831,14831,1,1
2022-07-28 15:08:58.956,14831,14832,14832,1,1
2022-07-28 15:08:59.059,14832,14833,14833,5,5
2022-07-28 15:08:59.059,14832,14833,14833,1,1
2022-07-28 15:08:59.060,14832,14833,14833,1,1
2022-07-28 15:08:59.060,14832,14833,14833,1,1
2022-07-28 15:09:05.099,14832,14833,14833,1,1
2022-07-28 15:09:16.489,14832,14833,14833,1,1
2022-07-28 15:09:22.915,14832,14833,14833,3,3
2022-07-28 15:09:32.227,14832,14833,14832,3,-3
2022-07-28 15:09:35.895,14830,14831,14830,1,-1
2022-07-28 15:09:38.988,14830,14831,14831,1,1
2022-07-28 15:09:38.988,14830,14831,14832,1,1
2022-07-28 15:09:42.084,14831,14832,14832,1,1
2022-07-28 15:09:55.437,14832,14833,14832,1,-1
2022-07-28 15:09:56.542,14831,14832,14832,1,1
2022-07-28 15:10:00.275,14832,14833,14833,1,1
2022-07-28 15:10:00.275,14832,14833,14833,1,1
2022-07-28 15:10:00.294,14832,14834,14834,1,1
2022-07-28 15:10:00.294,14832,14834,14835,1,1
2022-07-28 15:10:00.294,14832,14834,14835,2,2
2022-07-28 15:10:00.295,14832,14834,14835,1,1
2022-07-28 15:10:00.564,14834,14835,14835,2,2
2022-07-28 15:10:01.343,14834,14835,14835,3,3
2022-07-28 15:10:07.901,14833,14834,14834,4,4
2022-07-28 15:10:07.937,14833,14835,14835,1,1
2022-07-28 15:10:07.937,14833,14835,14836,4,4
2022-07-28 15:10:08.044,14834,14836,14836,1,1
2022-07-28 15:10:08.161,14834,14836,14837,2,2
2022-07-28 15:10:08.277,14835,14837,14837,1,1
2022-07-28 15:10:08.318,14836,14837,14837,2,2
2022-07-28 15:10:08.352,14836,14837,14837,2,2
2022-07-28 15:10:08.353,14836,14837,14837,1,1
2022-07-28 15:10:08.395,14836,14837,14838,2,2
2022-07-28 15:10:08.495,14836,14838,14838,5,5
2022-07-28 15:10:08.495,14836,14838,14839,1,1
2022-07-28 15:10:08.662,14837,14839,14839,1,1
2022-07-28 15:10:08.821,14837,14839,14839,20,20
2022-07-28 15:10:08.840,14837,14839,14839,1,1
2022-07-28 15:10:08.875,14837,14839,14839,2,2
2022-07-28 15:10:09.019,14838,14839,14839,2,2
2022-07-28 15:10:09.020,14838,14839,14839,2,2
2022-07-28 15:10:09.050,14838,14840,14840,2,2
2022-07-28 15:10:09.142,14838,14840,14840,1,1
2022-07-28 15:10:09.196,14838,14840,14840,2,2
2022-07-28 15:10:09.215,14838,14840,14840,1,1
2022-07-28 15:10:09.268,14838,14840,14840,1,1
2022-07-28 15:10:09.349,14839,14841,14841,2,2
2022-07-28 15:10:09.370,14839,14841,14840,1,1
2022-07-28 15:10:09.373,14839,14841,14839,1,-1
2022-07-28 15:10:09.373,14839,14841,14839,1,-1
2022-07-28 15:10:09.374,14839,14841,14839,1,-1
2022-07-28 15:10:09.517,14838,14840,14840,2,2
2022-07-28 15:10:09.648,14838,14840,14840,1,1
2022-07-28 15:10:09.747,14838,14840,14840,3,3
2022-07-28 15:10:09.778,14838,14840,14840,1,1
2022-07-28 15:10:09.799,14839,14840,14840,1,1
2022-07-28 15:10:09.799,14839,14840,14841,1,1
2022-07-28 15:10:09.819,14839,14840,14840,2,2
2022-07-28 15:10:09.891,14839,14840,14840,2,2
2022-07-28 15:10:09.891,14839,14840,14841,4,4
2022-07-28 15:10:09.892,14839,14840,14840,1,1
2022-07-28 15:10:09.892,14839,14840,14840,2,2
2022-07-28 15:10:10.005,14839,14840,14840,3,3
2022-07-28 15:10:10.005,14839,14840,14840,1,1
2022-07-28 15:10:10.005,14839,14840,14841,4,4
2022-07-28 15:10:10.010,14839,14840,14839,2,-2
2022-07-28 15:10:10.010,14839,14840,14839,1,-1
2022-07-28 15:10:10.158,14838,14840,14839,2,-2
2022-07-28 15:10:10.338,14837,14839,14839,1,1
2022-07-28 15:10:10.392,14837,14839,14839,2,2
2022-07-28 15:10:10.432,14838,14840,14840,3,3
2022-07-28 15:10:10.494,14838,14840,14840,2,2
2022-07-28 15:10:10.548,14838,14840,14840,1,1
2022-07-28 15:10:10.639,14838,14840,14840,1,1
2022-07-28 15:10:10.755,14838,14840,14838,1,-1
2022-07-28 15:10:11.843,14837,14839,14837,1,-1
2022-07-28 15:10:12.724,14837,14838,14838,1,1
2022-07-28 15:10:16.989,14837,14838,14838,2,2
2022-07-28 15:10:17.681,14838,14840,14838,1,-1
2022-07-28 15:10:21.032,14838,14839,14839,1,1
2022-07-28 15:10:21.032,14838,14839,14840,1,1
2022-07-28 15:10:22.233,14838,14839,14839,1,1
2022-07-28 15:10:22.233,14838,14839,14840,1,1
2022-07-28 15:10:22.349,14838,14840,14840,5,5
2022-07-28 15:10:23.395,14839,14841,14841,5,5
2022-07-28 15:10:23.537,14840,14841,14840,1,-1
2022-07-28 15:10:25.167,14839,14840,14839,1,-1
2022-07-28 15:10:25.423,14837,14839,14839,1,1
2022-07-28 15:10:26.031,14837,14840,14837,1,-1
2022-07-28 15:10:28.811,14838,14839,14839,1,1
2022-07-28 15:10:28.811,14838,14839,14840,1,1
2022-07-28 15:10:28.921,14838,14840,14840,1,1
2022-07-28 15:10:29.161,14838,14840,14840,2,2
2022-07-28 15:10:29.694,14837,14839,14839,1,1
2022-07-28 15:10:30.762,14837,14839,14839,2,2
2022-07-28 15:10:31.163,14837,14839,14839,2,2
2022-07-28 15:10:31.191,14837,14839,14838,1,1
2022-07-28 15:10:32.986,14838,14839,14839,2,2
2022-07-28 15:10:32.986,14838,14839,14840,8,8
2022-07-28 15:10:33.213,14838,14840,14841,2,2
2022-07-28 15:10:33.964,14839,14841,14841,2,2
2022-07-28 15:10:34.176,14840,14841,14840,1,-1
2022-07-28 15:10:34.850,14840,14841,14840,1,-1
2022-07-28 15:10:35.989,14840,14841,14841,2,2
2022-07-28 15:10:36.326,14840,14841,14840,6,-6
2022-07-28 15:10:36.326,14840,14841,14839,9,-9
2022-07-28 15:10:36.440,14840,14841,14841,2,2
2022-07-28 15:10:44.408,14837,14839,14839,1,1
2022-07-28 15:10:46.977,14836,14838,14836,6,-6
2022-07-28 15:10:47.137,14836,14837,14836,1,-1
2022-07-28 15:10:52.371,14835,14836,14836,1,1
2022-07-28 15:10:52.675,14835,14836,14835,5,-5
2022-07-28 15:10:56.729,14835,14836,14836,1,1
2022-07-28 15:11:03.073,14836,14837,14836,2,-2
2022-07-28 15:11:03.167,14835,14836,14836,1,1
2022-07-28 15:11:03.167,14835,14836,14836,1,1
2022-07-28 15:11:03.167,14835,14836,14836,1,1
2022-07-28 15:11:03.167,14835,14836,14837,1,1
2022-07-28 15:11:03.167,14835,14836,14837,1,1
2022-07-28 15:11:03.168,14835,14836,14837,1,1
2022-07-28 15:11:06.069,14836,14837,14837,1,1
2022-07-28 15:11:06.166,14837,14838,14838,1,1
2022-07-28 15:11:06.479,14837,14838,14837,1,-1
2022-07-28 15:11:08.844,14835,14837,14837,1,1
2022-07-28 15:11:08.916,14835,14837,14837,1,1
2022-07-28 15:11:12.009,14836,14837,14837,1,1
2022-07-28 15:11:13.402,14837,14838,14837,1,-1
2022-07-28 15:11:14.326,14837,14838,14838,1,1
2022-07-28 15:11:14.326,14837,14838,14838,1,1
2022-07-28 15:11:14.326,14837,14838,14838,1,1
2022-07-28 15:11:14.326,14837,14838,14838,1,1
2022-07-28 15:11:14.330,14837,14838,14838,1,1
2022-07-28 15:11:17.066,14838,14839,14838,3,-3
2022-07-28 15:11:21.187,14837,14838,14837,1,-1
2022-07-28 15:11:21.291,14836,14837,14837,1,1
2022-07-28 15:11:21.840,14836,14837,14836,3,-3
2022-07-28 15:11:28.854,14835,14836,14836,1,1
2022-07-28 15:11:33.240,14835,14837,14837,1,1
2022-07-28 15:11:33.240,14835,14837,14838,1,1
2022-07-28 15:11:40.797,14836,14837,14837,1,1
2022-07-28 15:11:42.562,14837,14838,14838,2,2
2022-07-28 15:11:42.666,14837,14838,14838,1,1
2022-07-28 15:11:42.666,14837,14838,14839,1,1
2022-07-28 15:11:42.666,14837,14838,14839,1,1
2022-07-28 15:11:46.989,14838,14839,14839,2,2
2022-07-28 15:11:50.194,14839,14840,14840,1,1
2022-07-28 15:11:50.195,14839,14840,14840,2,2
2022-07-28 15:11:54.486,14839,14841,14840,1,1
2022-07-28 15:11:55.484,14840,14841,14840,1,-1
2022-07-28 15:11:56.942,14840,14841,14841,7,7
2022-07-28 15:11:57.278,14841,14842,14841,6,-6
2022-07-28 15:11:57.294,14841,14842,14841,5,-5
2022-07-28 15:11:57.298,14841,14842,14841,1,-1
2022-07-28 15:11:57.894,14841,14842,14842,1,1
2022-07-28 15:11:57.997,14841,14842,14841,1,-1
2022-07-28 15:11:58.064,14840,14842,14840,1,-1
2022-07-28 15:11:58.139,14840,14842,14842,1,1
2022-07-28 15:11:58.627,14840,14842,14840,1,-1
2022-07-28 15:12:00.372,14840,14841,14841,1,1
2022-07-28 15:12:00.417,14840,14842,14842,2,2
2022-07-28 15:12:00.417,14840,14842,14842,1,1
2022-07-28 15:12:00.417,14840,14842,14842,1,1
2022-07-28 15:12:00.417,14840,14842,14842,1,1
2022-07-28 15:12:00.975,14840,14841,14840,2,-2
2022-07-28 15:12:05.119,14839,14841,14840,1,-1
2022-07-28 15:12:05.171,14839,14841,14841,1,1
2022-07-28 15:12:06.213,14840,14841,14841,1,1
2022-07-28 15:12:09.253,14840,14841,14841,2,2
2022-07-28 15:12:09.604,14840,14841,14841,1,1
2022-07-28 15:12:09.604,14840,14841,14841,4,4
2022-07-28 15:12:09.878,14841,14842,14841,1,-1
2022-07-28 15:12:15.260,14840,14841,14840,1,-1
2022-07-28 15:12:15.260,14840,14841,14840,5,-5
2022-07-28 15:12:23.422,14839,14840,14839,14,-14
2022-07-28 15:12:23.523,14839,14840,14838,1,-1
2022-07-28 15:12:25.821,14837,14838,14837,1,-1
2022-07-28 15:12:25.916,14836,14837,14837,1,1
2022-07-28 15:12:29.864,14836,14837,14837,1,1
2022-07-28 15:12:29.948,14837,14838,14837,1,-1
2022-07-28 15:12:31.492,14837,14838,14837,3,-3
2022-07-28 15:12:32.842,14836,14837,14837,1,1
2022-07-28 15:12:32.842,14836,14837,14837,5,5
2022-07-28 15:12:33.013,14837,14838,14838,1,1
2022-07-28 15:12:33.032,14837,14838,14837,1,-1
2022-07-28 15:12:34.233,14837,14838,14837,1,-1
2022-07-28 15:12:34.352,14837,14838,14837,2,-2
2022-07-28 15:12:38.245,14836,14837,14836,1,-1
2022-07-28 15:12:38.245,14836,14837,14836,2,-2
2022-07-28 15:12:40.450,14835,14837,14837,1,1
2022-07-28 15:12:43.448,14836,14837,14837,1,1
2022-07-28 15:12:52.180,14836,14837,14836,5,-5
2022-07-28 15:12:55.885,14836,14837,14837,3,3
2022-07-28 15:12:55.920,14837,14838,14838,1,1
2022-07-28 15:13:01.940,14836,14837,14837,1,1
2022-07-28 15:13:02.042,14836,14838,14838,1,1
2022-07-28 15:13:02.042,14836,14838,14838,1,1
2022-07-28 15:13:04.631,14837,14838,14838,1,1
2022-07-28 15:13:09.866,14837,14838,14837,1,-1
2022-07-28 15:13:11.613,14837,14838,14838,1,1
2022-07-28 15:13:11.613,14837,14838,14838,5,5
2022-07-28 15:13:11.613,14837,14838,14838,1,1
2022-07-28 15:13:11.613,14837,14838,14838,1,1
2022-07-28 15:13:15.914,14838,14839,14839,1,1
2022-07-28 15:13:15.914,14838,14839,14839,1,1
2022-07-28 15:13:15.924,14838,14839,14840,1,1
2022-07-28 15:13:15.924,14838,14839,14840,1,1
2022-07-28 15:13:18.541,14840,14841,14841,6,6
2022-07-28 15:13:28.427,14840,14841,14841,1,1
2022-07-28 15:13:30.997,14841,14842,14841,1,-1
2022-07-28 15:13:32.675,14840,14841,14840,1,-1
2022-07-28 15:13:32.815,14839,14840,14839,1,-1
2022-07-28 15:13:34.339,14838,14840,14840,1,1
2022-07-28 15:13:34.587,14839,14840,14840,1,1
2022-07-28 15:13:38.811,14839,14840,14840,1,1
2022-07-28 15:13:39.420,14840,14841,14840,4,-4
2022-07-28 15:13:39.420,14840,14841,14839,1,-1
2022-07-28 15:13:44.836,14839,14840,14840,1,1
2022-07-28 15:13:44.837,14839,14840,14840,1,1
2022-07-28 15:13:45.348,14840,14841,14840,1,-1
2022-07-28 15:13:45.707,14840,14841,14840,1,-1
2022-07-28 15:13:46.461,14840,14841,14840,1,-1
2022-07-28 15:13:48.828,14839,14840,14840,1,1
2022-07-28 15:13:55.760,14840,14841,14840,1,-1
2022-07-28 15:13:56.206,14840,14841,14841,3,3
2022-07-28 15:13:56.421,14841,14842,14841,1,-1
2022-07-28 15:14:00.683,14841,14842,14841,1,-1
2022-07-28 15:14:00.792,14841,14842,14842,2,2
2022-07-28 15:14:00.792,14841,14842,14842,1,1
2022-07-28 15:14:00.792,14841,14842,14842,1,1
2022-07-28 15:14:00.793,14841,14842,14842,1,1
2022-07-28 15:14:00.793,14841,14842,14842,1,1
2022-07-28 15:14:01.274,14842,14843,14841,1,-1
2022-07-28 15:14:05.211,14840,14841,14841,1,1
2022-07-28 15:14:06.254,14840,14841,14841,3,3
2022-07-28 15:14:06.254,14840,14841,14842,7,7
2022-07-28 15:14:07.100,14840,14842,14841,1,1
2022-07-28 15:14:09.120,14841,14842,14841,9,-9
2022-07-28 15:14:10.237,14840,14841,14841,1,1
2022-07-28 15:14:11.561,14840,14841,14841,2,2
2022-07-28 15:14:14.494,14840,14841,14841,1,1
2022-07-28 15:14:16.783,14840,14841,14841,1,1
2022-07-28 15:14:18.410,14841,14842,14841,1,-1
2022-07-28 15:14:21.319,14841,14842,14842,1,1
2022-07-28 15:14:21.416,14842,14843,14843,1,1
2022-07-28 15:14:21.422,14842,14843,14843,1,1
2022-07-28 15:14:21.623,14842,14843,14843,1,1
2022-07-28 15:14:22.007,14842,14843,14842,1,-1
2022-07-28 15:14:23.044,14842,14843,14843,9,9
2022-07-28 15:14:23.565,14843,14844,14843,6,-6
2022-07-28 15:14:24.301,14843,14844,14843,1,-1
2022-07-28 15:14:32.800,14843,14844,14844,2,2
2022-07-28 15:14:33.453,14843,14844,14843,1,-1
2022-07-28 15:14:33.766,14843,14844,14843,1,-1
2022-07-28 15:14:37.053,14842,14844,14844,1,1
2022-07-28 15:14:40.009,14842,14843,14843,1,1
2022-07-28 15:14:40.600,14842,14843,14843,2,2
2022-07-28 15:14:49.215,14843,14844,14843,1,-1
2022-07-28 15:14:54.141,14843,14844,14843,1,-1
2022-07-28 15:15:00.398,14843,14844,14844,6,6
2022-07-28 15:15:00.398,14843,14844,14844,1,1
2022-07-28 15:15:00.398,14843,14844,14844,1,1
2022-07-28 15:15:00.398,14843,14844,14844,3,3
2022-07-28 15:15:00.398,14843,14844,14844,2,2
2022-07-28 15:15:00.424,14843,14844,14844,1,1
2022-07-28 15:15:00.424,14843,14844,14844,1,1
2022-07-28 15:15:00.425,14843,14844,14844,1,1
2022-07-28 15:15:00.442,14843,14844,14844,1,1
2022-07-28 15:15:00.442,14843,14844,14844,2,2
2022-07-28 15:15:01.232,14843,14844,14844,1,1
2022-07-28 15:15:01.232,14843,14844,14845,1,1
2022-07-28 15:15:01.367,14843,14845,14845,1,1
2022-07-28 15:15:01.403,14843,14845,14845,1,1
2022-07-28 15:15:02.480,14844,14845,14844,1,-1
2022-07-28 15:15:02.835,14843,14845,14845,1,1
2022-07-28 15:15:02.835,14843,14845,14845,1,1
2022-07-28 15:15:02.835,14843,14845,14845,1,1
2022-07-28 15:15:02.836,14843,14845,14845,2,2
2022-07-28 15:15:02.836,14843,14845,14845,1,1
2022-07-28 15:15:02.880,14843,14845,14845,1,1
2022-07-28 15:15:02.880,14843,14845,14845,1,1
2022-07-28 15:15:02.886,14843,14845,14845,1,1
2022-07-28 15:15:02.896,14843,14845,14845,1,1
2022-07-28 15:15:02.945,14844,14845,14845,2,2
2022-07-28 15:15:03.551,14844,14845,14844,2,-2
2022-07-28 15:15:03.604,14844,14845,14843,5,-5
2022-07-28 15:15:04.156,14844,14845,14844,1,-1
2022-07-28 15:15:04.499,14844,14845,14845,1,1
2022-07-28 15:15:04.830,14844,14845,14845,2,2
2022-07-28 15:15:05.560,14844,14845,14844,1,-1
2022-07-28 15:15:06.613,14844,14845,14845,1,1
2022-07-28 15:15:07.110,14844,14845,14845,1,1
2022-07-28 15:15:07.170,14844,14845,14845,1,1
2022-07-28 15:15:11.343,14844,14845,14844,1,-1
2022-07-28 15:15:11.603,14844,14845,14845,1,1
2022-07-28 15:15:12.917,14844,14845,14845,1,1
2022-07-28 15:15:12.918,14844,14845,14845,5,5
2022-07-28 15:15:14.386,14844,14846,14845,1,1
2022-07-28 15:15:17.450,14844,14845,14844,1,-1
2022-07-28 15:15:19.529,14843,14845,14843,5,-5
2022-07-28 15:15:19.753,14842,14843,14843,1,1
2022-07-28 15:15:21.591,14842,14843,14842,2,-2
2022-07-28 15:15:26.853,14840,14842,14842,1,1
2022-07-28 15:15:30.455,14841,14842,14841,1,-1
2022-07-28 15:15:31.538,14840,14841,14840,27,-27
2022-07-28 15:15:31.538,14840,14841,14840,2,-2
2022-07-28 15:15:31.586,14840,14841,14839,1,-1
2022-07-28 15:15:31.727,14839,14840,14839,2,-2
2022-07-28 15:15:31.727,14839,14840,14838,1,-1
2022-07-28 15:15:35.784,14839,14840,14839,5,-5
2022-07-28 15:15:36.146,14838,14839,14839,1,1
2022-07-28 15:15:41.252,14839,14840,14840,1,1
2022-07-28 15:15:44.803,14840,14841,14841,1,1
2022-07-28 15:15:45.507,14841,14843,14841,1,-1
2022-07-28 15:15:49.569,14841,14842,14841,1,-1
2022-07-28 15:15:50.633,14841,14842,14841,1,-1
2022-07-28 15:15:53.717,14841,14842,14841,4,-4
2022-07-28 15:15:54.178,14841,14842,14842,1,1
2022-07-28 15:16:01.252,14840,14842,14842,1,1
2022-07-28 15:16:01.295,14840,14842,14842,2,2
2022-07-28 15:16:01.295,14840,14842,14843,2,2
2022-07-28 15:16:01.295,14840,14842,14843,3,3
2022-07-28 15:16:01.296,14840,14842,14843,1,1
2022-07-28 15:16:01.299,14840,14842,14843,1,1
2022-07-28 15:16:29.810,14842,14844,14842,1,-1
2022-07-28 15:16:30.934,14841,14843,14843,2,2
2022-07-28 15:16:30.934,14841,14843,14843,1,1
2022-07-28 15:16:31.046,14842,14844,14844,1,1
2022-07-28 15:16:45.153,14843,14844,14844,2,2
2022-07-28 15:16:46.169,14843,14844,14843,1,-1
2022-07-28 15:16:46.169,14843,14844,14842,5,-5
2022-07-28 15:16:46.291,14841,14843,14843,1,1
2022-07-28 15:16:46.295,14841,14843,14844,1,1
2022-07-28 15:16:48.935,14842,14843,14842,5,-5
2022-07-28 15:16:53.575,14842,14843,14842,1,-1
2022-07-28 15:16:54.603,14842,14843,14842,1,-1
2022-07-28 15:16:59.088,14841,14842,14841,1,-1
2022-07-28 15:16:59.105,14841,14842,14841,1,-1
2022-07-28 15:17:06.693,14839,14840,14839,1,-1
2022-07-28 15:17:06.693,14839,14840,14839,1,-1
2022-07-28 15:17:06.793,14838,14839,14839,1,1
2022-07-28 15:17:06.793,14838,14839,14839,1,1
2022-07-28 15:17:06.793,14838,14839,14839,1,1
2022-07-28 15:17:12.534,14838,14839,14838,4,-4
2022-07-28 15:17:20.595,14838,14840,14838,3,-3
2022-07-28 15:17:21.875,14839,14840,14839,2,-2
2022-07-28 15:17:29.935,14838,14839,14839,2,2
2022-07-28 15:17:29.935,14838,14839,14839,1,1
2022-07-28 15:17:32.483,14839,14840,14840,1,1
2022-07-28 15:17:32.491,14839,14840,14841,3,3
2022-07-28 15:17:34.296,14841,14842,14842,1,1
2022-07-28 15:17:34.296,14841,14842,14842,4,4
2022-07-28 15:17:34.304,14841,14842,14843,1,1
2022-07-28 15:17:37.804,14843,14844,14844,7,7
2022-07-28 15:17:40.638,14844,14845,14844,1,-1
2022-07-28 15:17:54.317,14840,14841,14841,1,1
2022-07-28 15:17:57.060,14841,14842,14841,1,-1
2022-07-28 15:17:58.919,14841,14842,14842,2,2
2022-07-28 15:17:59.192,14841,14842,14842,1,1
2022-07-28 15:18:03.317,14843,14845,14845,1,1
2022-07-28 15:18:03.472,14843,14845,14843,1,-1
2022-07-28 15:18:03.493,14843,14845,14844,1,-1
2022-07-28 15:18:03.961,14844,14845,14845,4,4
2022-07-28 15:18:04.061,14845,14846,14846,2,2
2022-07-28 15:18:04.163,14845,14846,14846,2,2
2022-07-28 15:18:04.208,14845,14846,14846,1,1
2022-07-28 15:18:04.251,14845,14846,14846,2,2
2022-07-28 15:18:04.252,14845,14846,14846,2,2
2022-07-28 15:18:04.252,14845,14846,14847,1,1
2022-07-28 15:18:04.264,14845,14846,14847,1,1
2022-07-28 15:18:06.164,14845,14846,14845,17,-17
2022-07-28 15:18:10.541,14844,14845,14845,3,3
2022-07-28 15:18:10.541,14844,14845,14846,1,1
2022-07-28 15:18:13.853,14844,14846,14846,1,1
2022-07-28 15:18:15.006,14844,14845,14845,1,1
2022-07-28 15:18:15.466,14844,14846,14846,1,1
2022-07-28 15:18:17.649,14844,14846,14846,5,5
2022-07-28 15:18:20.493,14844,14845,14845,3,3
2022-07-28 15:18:22.500,14844,14845,14845,3,3
2022-07-28 15:18:23.934,14844,14846,14846,1,1
2022-07-28 15:18:29.187,14844,14846,14845,5,5
2022-07-28 15:18:32.866,14844,14845,14844,4,-4
2022-07-28 15:18:33.580,14843,14844,14844,3,3
2022-07-28 15:18:33.580,14843,14844,14845,10,10
2022-07-28 15:18:33.581,14843,14844,14845,6,6
2022-07-28 15:18:33.581,14843,14844,14845,11,11
2022-07-28 15:18:33.581,14843,14844,14845,1,1
2022-07-28 15:18:47.275,14843,14844,14844,1,1
2022-07-28 15:18:47.275,14843,14844,14844,2,2
2022-07-28 15:19:00.425,14846,14847,14846,1,-1
2022-07-28 15:19:00.542,14846,14847,14847,1,1
2022-07-28 15:19:00.542,14846,14847,14847,2,2
2022-07-28 15:19:00.542,14846,14847,14847,1,1
2022-07-28 15:19:00.542,14846,14847,14847,1,1
2022-07-28 15:19:00.543,14846,14847,14847,5,5
2022-07-28 15:19:02.252,14847,14848,14848,1,1
2022-07-28 15:19:02.298,14847,14848,14848,1,1
2022-07-28 15:19:02.301,14847,14848,14848,1,1
2022-07-28 15:19:04.048,14847,14848,14848,6,6
2022-07-28 15:19:04.049,14847,14848,14848,1,1
2022-07-28 15:19:04.049,14847,14848,14848,9,9
2022-07-28 15:19:07.899,14847,14848,14847,1,-1
2022-07-28 15:19:08.405,14846,14848,14848,1,1
2022-07-28 15:19:17.436,14847,14848,14848,1,1
2022-07-28 15:19:20.308,14847,14848,14847,1,-1
2022-07-28 15:19:20.416,14846,14848,14848,1,1
2022-07-28 15:19:21.198,14846,14848,14848,2,2
2022-07-28 15:19:24.032,14846,14847,14847,1,1
2022-07-28 15:19:28.175,14846,14847,14847,1,1
2022-07-28 15:19:30.227,14846,14848,14848,1,1
2022-07-28 15:19:34.948,14846,14847,14847,1,1
2022-07-28 15:19:34.948,14846,14847,14847,1,1
2022-07-28 15:19:40.464,14847,14848,14848,2,2
2022-07-28 15:19:42.532,14847,14848,14847,2,-2
2022-07-28 15:19:42.541,14846,14847,14847,1,1
2022-07-28 15:19:49.470,14847,14848,14847,1,-1
2022-07-28 15:19:52.517,14847,14848,14848,1,1
2022-07-28 15:19:52.518,14847,14848,14848,1,1
2022-07-28 15:19:52.518,14847,14848,14848,1,1
2022-07-28 15:19:52.518,14847,14848,14848,1,1
2022-07-28 15:19:55.075,14847,14848,14848,1,1
2022-07-28 15:19:57.297,14847,14848,14848,5,5
2022-07-28 15:19:57.307,14847,14848,14849,5,5
2022-07-28 15:19:57.307,14847,14848,14849,1,1
2022-07-28 15:19:57.308,14847,14848,14849,7,7
2022-07-28 15:19:57.308,14847,14848,14849,2,2
2022-07-28 15:19:57.308,14847,14848,14849,3,3
2022-07-28 15:19:57.308,14847,14848,14849,1,1
2022-07-28 15:19:57.308,14847,14848,14849,3,3
2022-07-28 15:19:57.308,14847,14848,14849,1,1
2022-07-28 15:19:57.443,14849,14850,14850,1,1
2022-07-28 15:19:57.566,14849,14850,14850,5,5
2022-07-28 15:19:57.566,14849,14850,14850,7,7
2022-07-28 15:19:57.566,14849,14850,14850,5,5
2022-07-28 15:19:57.566,14849,14850,14850,1,1
2022-07-28 15:19:57.566,14849,14850,14850,1,1
2022-07-28 15:19:57.566,14849,14850,14850,2,2
2022-07-28 15:19:57.566,14849,14850,14850,1,1
2022-07-28 15:19:57.566,14849,14850,14850,6,6
2022-07-28 15:19:57.585,14849,14850,14851,1,1
2022-07-28 15:19:57.757,14850,14851,14851,1,1
2022-07-28 15:19:57.804,14850,14851,14851,2,2
2022-07-28 15:19:57.805,14850,14851,14851,1,1
2022-07-28 15:19:57.805,14850,14851,14851,1,1
2022-07-28 15:19:57.917,14850,14852,14850,1,-1
2022-07-28 15:19:58.468,14850,14852,14850,2,-2
2022-07-28 15:19:58.756,14849,14851,14850,1,-1
2022-07-28 15:20:00.015,14849,14851,14849,1,-1
2022-07-28 15:20:00.045,14849,14851,14851,1,1
2022-07-28 15:20:00.045,14849,14851,14851,1,1
2022-07-28 15:20:00.046,14849,14851,14851,1,1
2022-07-28 15:20:00.226,14850,14851,14851,1,1
2022-07-28 15:20:00.398,14850,14851,14851,1,1
2022-07-28 15:20:01.560,14850,14851,14851,1,1
2022-07-28 15:20:01.666,14850,14852,14852,1,1
2022-07-28 15:20:01.666,14850,14852,14852,1,1
2022-07-28 15:20:01.672,14850,14852,14852,1,1
2022-07-28 15:20:05.992,14850,14851,14851,2,2
2022-07-28 15:20:06.949,14850,14851,14851,1,1
2022-07-28 15:20:08.594,14850,14851,14850,3,-3
2022-07-28 15:20:08.595,14850,14851,14850,26,-26
2022-07-28 15:20:08.595,14850,14851,14850,1,-1
2022-07-28 15:20:08.595,14850,14851,14850,5,-5
2022-07-28 15:20:09.132,14849,14850,14850,2,2
2022-07-28 15:20:10.004,14849,14850,14850,2,2
2022-07-28 15:20:10.061,14849,14850,14850,2,2
2022-07-28 15:20:11.465,14849,14850,14850,1,1
2022-07-28 15:20:11.465,14849,14850,14850,1,1
2022-07-28 15:20:12.445,14850,14851,14851,2,2
2022-07-28 15:20:15.748,14849,14851,14851,5,5
2022-07-28 15:20:15.750,14849,14851,14851,5,5
2022-07-28 15:20:15.868,14850,14851,14851,3,3
2022-07-28 15:20:15.868,14850,14851,14852,1,1
2022-07-28 15:20:16.905,14850,14852,14852,1,1
2022-07-28 15:20:19.664,14850,14851,14851,1,1
2022-07-28 15:20:19.712,14850,14851,14850,1,-1
2022-07-28 15:20:22.211,14850,14851,14851,1,1
2022-07-28 15:20:22.225,14850,14851,14851,1,1
2022-07-28 15:20:22.291,14851,14852,14852,1,1
2022-07-28 15:20:23.756,14851,14852,14851,2,-2
2022-07-28 15:20:25.988,14851,14852,14852,2,2
2022-07-28 15:20:26.890,14851,14852,14851,1,-1
2022-07-28 15:20:30.292,14851,14852,14851,1,-1
2022-07-28 15:20:30.416,14851,14852,14852,1,1
2022-07-28 15:20:32.568,14851,14852,14852,1,1
2022-07-28 15:20:32.568,14851,14852,14852,6,6
2022-07-28 15:20:33.080,14852,14853,14852,1,-1
2022-07-28 15:20:33.864,14851,14852,14852,1,1
2022-07-28 15:20:34.725,14852,14853,14852,1,-1
2022-07-28 15:20:40.314,14851,14852,14852,1,1
2022-07-28 15:20:40.905,14851,14852,14851,2,-2
2022-07-28 15:20:40.905,14851,14852,14851,1,-1
2022-07-28 15:20:47.099,14850,14851,14851,1,1
2022-07-28 15:20:47.166,14850,14851,14851,1,1
2022-07-28 15:20:48.043,14850,14851,14851,1,1
2022-07-28 15:20:49.888,14850,14851,14851,1,1
2022-07-28 15:20:50.156,14850,14851,14851,1,1
2022-07-28 15:20:50.157,14850,14851,14850,14,-14
2022-07-28 15:20:50.883,14849,14850,14850,5,5
2022-07-28 15:20:52.938,14849,14850,14849,1,-1
2022-07-28 15:20:54.633,14849,14850,14850,1,1
2022-07-28 15:20:54.908,14849,14850,14849,1,-1
2022-07-28 15:20:56.026,14849,14850,14849,1,-1
2022-07-28 15:20:56.026,14849,14850,14849,2,-2
2022-07-28 15:20:56.037,14849,14850,14848,1,-1
2022-07-28 15:20:56.959,14848,14849,14849,1,1
2022-07-28 15:20:56.959,14848,14849,14850,1,1
2022-07-28 15:20:59.038,14848,14849,14849,1,1
2022-07-28 15:21:01.473,14849,14850,14850,1,1
2022-07-28 15:21:01.623,14849,14850,14849,1,-1
2022-07-28 15:21:01.711,14849,14850,14850,1,1
2022-07-28 15:21:01.741,14849,14850,14849,2,-2
2022-07-28 15:21:03.098,14848,14849,14849,1,1
2022-07-28 15:21:04.712,14848,14849,14849,1,1
2022-07-28 15:21:04.883,14848,14850,14850,9,9
2022-07-28 15:21:04.883,14848,14850,14850,1,1
2022-07-28 15:21:04.884,14848,14850,14850,4,4
2022-07-28 15:21:07.113,14849,14851,14850,4,4
2022-07-28 15:21:07.437,14849,14851,14849,1,-1
2022-07-28 15:21:09.173,14850,14851,14850,2,-2
2022-07-28 15:21:10.721,14850,14851,14850,2,-2
2022-07-28 15:21:11.356,14850,14851,14850,1,-1
2022-07-28 15:21:11.356,14850,14851,14849,4,-4
2022-07-28 15:21:11.362,14850,14851,14849,1,-1
2022-07-28 15:21:11.655,14849,14851,14849,1,-1
2022-07-28 15:21:15.145,14850,14851,14851,1,1
2022-07-28 15:21:15.146,14850,14851,14851,1,1
2022-07-28 15:21:15.146,14850,14851,14851,3,3
2022-07-28 15:21:15.202,14851,14852,14851,3,-3
2022-07-28 15:21:18.579,14851,14852,14851,1,-1
2022-07-28 15:21:20.387,14851,14852,14852,1,1
2022-07-28 15:21:21.293,14851,14852,14852,3,3
2022-07-28 15:21:21.293,14851,14852,14852,2,2
2022-07-28 15:21:21.293,14851,14852,14852,2,2
2022-07-28 15:21:21.631,14852,14853,14853,1,1
2022-07-28 15:21:21.631,14852,14853,14853,1,1
2022-07-28 15:21:21.640,14852,14853,14853,1,1
2022-07-28 15:21:21.640,14852,14853,14853,5,5
2022-07-28 15:21:21.640,14852,14853,14853,1,1
2022-07-28 15:21:21.640,14852,14853,14853,1,1
2022-07-28 15:21:21.640,14852,14853,14853,2,2
2022-07-28 15:21:21.640,14852,14853,14853,4,4
2022-07-28 15:21:21.640,14852,14853,14853,3,3
2022-07-28 15:21:21.640,14852,14853,14853,1,1
2022-07-28 15:21:21.640,14852,14853,14853,1,1
2022-07-28 15:21:21.724,14852,14854,14854,2,2
2022-07-28 15:21:23.100,14852,14854,14852,1,-1
2022-07-28 15:21:24.833,14852,14853,14852,1,-1
2022-07-28 15:21:24.833,14852,14853,14851,1,-1
2022-07-28 15:21:27.638,14851,14853,14853,1,1
2022-07-28 15:21:34.378,14850,14852,14852,1,1
2022-07-28 15:21:36.809,14850,14852,14852,2,2
2022-07-28 15:21:37.057,14850,14852,14851,1,1
2022-07-28 15:21:38.063,14850,14851,14850,1,-1
2022-07-28 15:21:41.265,14850,14851,14851,1,1
2022-07-28 15:21:44.251,14851,14852,14852,1,1
2022-07-28 15:21:45.393,14851,14852,14851,1,-1
2022-07-28 15:21:48.605,14850,14852,14852,1,1
2022-07-28 15:21:52.384,14850,14852,14850,2,-2
2022-07-28 15:21:57.322,14850,14851,14851,4,4
2022-07-28 15:21:57.920,14850,14851,14850,2,-2
2022-07-28 15:21:57.920,14850,14851,14850,1,-1
2022-07-28 15:21:58.854,14849,14850,14850,1,1
2022-07-28 15:22:00.298,14849,14850,14850,1,1
2022-07-28 15:22:00.417,14849,14850,14850,1,1
2022-07-28 15:22:00.417,14849,14850,14850,1,1
2022-07-28 15:22:00.417,14849,14850,14851,1,1
2022-07-28 15:22:00.417,14849,14850,14851,1,1
2022-07-28 15:22:02.141,14849,14850,14850,1,1
2022-07-28 15:22:03.045,14849,14851,14851,1,1
2022-07-28 15:22:03.249,14849,14851,14849,2,-2
2022-07-28 15:22:03.711,14849,14851,14850,1,-1
2022-07-28 15:22:05.850,14849,14850,14849,6,-6
2022-07-28 15:22:11.526,14848,14849,14848,3,-3
2022-07-28 15:22:11.526,14848,14849,14848,4,-4
2022-07-28 15:22:12.742,14847,14848,14847,1,-1
2022-07-28 15:22:12.831,14846,14848,14846,3,-3
2022-07-28 15:22:12.928,14846,14848,14846,1,-1
2022-07-28 15:22:14.356,14847,14848,14848,1,1
2022-07-28 15:22:14.412,14847,14848,14849,1,1
2022-07-28 15:22:14.423,14849,14850,14850,1,1
2022-07-28 15:22:19.350,14850,14851,14850,1,-1
2022-07-28 15:22:20.713,14850,14851,14850,2,-2
2022-07-28 15:22:20.796,14850,14851,14851,1,1
2022-07-28 15:22:21.039,14850,14851,14851,1,1
2022-07-28 15:22:21.039,14850,14851,14851,3,3
2022-07-28 15:22:25.311,14851,14852,14852,1,1
2022-07-28 15:22:34.928,14851,14852,14851,1,-1
2022-07-28 15:22:37.967,14850,14852,14850,1,-1
2022-07-28 15:22:48.721,14850,14851,14850,4,-4
2022-07-28 15:22:51.794,14848,14850,14850,1,1
2022-07-28 15:22:54.822,14848,14849,14848,3,-3
2022-07-28 15:22:55.656,14847,14849,14849,3,3
2022-07-28 15:23:00.575,14848,14849,14848,1,-1
2022-07-28 15:23:00.667,14847,14849,14849,1,1
2022-07-28 15:23:00.667,14847,14849,14849,1,1
2022-07-28 15:23:00.667,14847,14849,14849,1,1
2022-07-28 15:23:01.007,14847,14849,14847,2,-2
2022-07-28 15:23:01.281,14847,14849,14849,2,2
2022-07-28 15:23:01.358,14847,14849,14849,2,2
2022-07-28 15:23:01.794,14847,14849,14847,1,-1
2022-07-28 15:23:03.353,14847,14849,14847,1,-1
2022-07-28 15:23:06.089,14847,14848,14848,1,1
2022-07-28 15:23:10.341,14847,14848,14847,6,-6
2022-07-28 15:23:10.699,14846,14848,14848,1,1
2022-07-28 15:23:13.969,14846,14848,14848,1,1
2022-07-28 15:23:16.059,14847,14848,14848,1,1
2022-07-28 15:23:17.822,14847,14848,14847,5,-5
2022-07-28 15:23:24.528,14846,14847,14847,1,1
2022-07-28 15:23:28.511,14846,14847,14846,13,-13
2022-07-28 15:23:30.358,14845,14846,14846,1,1
2022-07-28 15:23:30.416,14845,14846,14846,1,1
2022-07-28 15:23:33.769,14845,14846,14846,1,1
2022-07-28 15:23:33.991,14845,14846,14845,2,-2
2022-07-28 15:23:36.243,14845,14846,14845,3,-3
2022-07-28 15:23:36.562,14844,14845,14844,1,-1
2022-07-28 15:23:36.567,14844,14845,14844,1,-1
2022-07-28 15:23:36.574,14844,14845,14844,1,-1
2022-07-28 15:23:36.578,14844,14845,14844,1,-1
2022-07-28 15:23:36.964,14844,14845,14845,1,1
2022-07-28 15:23:37.891,14845,14846,14845,1,-1
2022-07-28 15:23:37.891,14845,14846,14844,2,-2
2022-07-28 15:23:38.378,14844,14846,14846,1,1
2022-07-28 15:23:40.287,14844,14846,14845,1,1
2022-07-28 15:23:40.287,14844,14846,14845,1,1
2022-07-28 15:23:40.472,14845,14846,14845,2,-2
2022-07-28 15:23:44.094,14845,14846,14845,2,-2
2022-07-28 15:23:50.126,14845,14846,14845,6,-6
2022-07-28 15:23:54.207,14845,14846,14845,2,-2
2022-07-28 15:23:55.788,14844,14845,14844,2,-2
2022-07-28 15:24:00.134,14843,14845,14845,1,1
2022-07-28 15:24:00.134,14843,14845,14845,1,1
2022-07-28 15:24:00.398,14845,14846,14845,1,-1
2022-07-28 15:24:00.398,14845,14846,14844,1,-1
2022-07-28 15:24:08.095,14845,14846,14845,1,-1
2022-07-28 15:24:08.370,14845,14846,14846,1,1
2022-07-28 15:24:08.786,14845,14846,14845,1,-1
2022-07-28 15:24:09.059,14845,14846,14845,1,-1
2022-07-28 15:24:09.167,14845,14846,14846,1,1
2022-07-28 15:24:09.172,14845,14846,14846,3,3
2022-07-28 15:24:17.854,14846,14847,14846,1,-1
2022-07-28 15:24:18.312,14846,14847,14846,1,-1
2022-07-28 15:24:18.416,14846,14847,14847,1,1
2022-07-28 15:24:19.477,14846,14847,14846,1,-1
2022-07-28 15:24:25.005,14844,14846,14846,1,1
2022-07-28 15:24:27.446,14844,14845,14844,2,-2
2022-07-28 15:24:28.327,14843,14845,14845,1,1
2022-07-28 15:24:28.416,14843,14845,14845,1,1
2022-07-28 15:24:28.416,14843,14845,14845,1,1
2022-07-28 15:24:28.416,14843,14845,14845,1,1
2022-07-28 15:24:31.153,14843,14844,14843,1,-1
2022-07-28 15:24:31.304,14843,14844,14843,1,-1
2022-07-28 15:24:31.837,14843,14844,14843,1,-1
2022-07-28 15:24:31.949,14843,14844,14843,1,-1
2022-07-28 15:24:31.949,14843,14844,14842,4,-4
2022-07-28 15:24:31.961,14843,14844,14844,1,1
2022-07-28 15:24:33.960,14843,14844,14844,1,1
2022-07-28 15:24:35.333,14844,14845,14845,1,1
2022-07-28 15:24:37.249,14843,14845,14844,1,1
2022-07-28 15:24:37.447,14844,14846,14844,2,-2
2022-07-28 15:24:40.695,14844,14845,14845,1,1
2022-07-28 15:24:49.190,14845,14846,14845,1,-1
2022-07-28 15:24:52.567,14844,14845,14844,1,-1
2022-07-28 15:24:52.567,14844,14845,14844,1,-1
2022-07-28 15:24:55.953,14843,14844,14843,1,-1
2022-07-28 15:24:58.284,14842,14843,14842,1,-1
2022-07-28 15:24:58.559,14842,14843,14842,4,-4
2022-07-28 15:24:59.655,14841,14843,14841,5,-5
2022-07-28 15:25:01.017,14841,14842,14842,1,1
2022-07-28 15:25:01.412,14841,14843,14843,2,2
2022-07-28 15:25:03.386,14842,14844,14842,1,-1
2022-07-28 15:25:03.391,14842,14844,14842,2,-2
2022-07-28 15:25:04.547,14842,14844,14844,1,1
2022-07-28 15:25:06.462,14843,14844,14843,1,-1
2022-07-28 15:25:09.532,14843,14844,14843,1,-1
2022-07-28 15:25:09.885,14843,14844,14843,1,-1
2022-07-28 15:25:17.749,14842,14843,14843,1,1
2022-07-28 15:25:17.749,14842,14843,14843,1,1
2022-07-28 15:25:24.000,14843,14844,14843,1,-1
2022-07-28 15:25:24.125,14842,14844,14844,1,1
2022-07-28 15:25:27.060,14842,14843,14842,2,-2
2022-07-28 15:25:33.595,14842,14843,14842,1,-1
2022-07-28 15:25:34.420,14842,14843,14843,1,1
2022-07-28 15:25:40.178,14843,14844,14843,2,-2
2022-07-28 15:25:44.264,14843,14844,14843,1,-1
2022-07-28 15:25:48.360,14843,14844,14844,3,3
2022-07-28 15:25:57.314,14844,14845,14845,1,1
2022-07-28 15:25:59.166,14844,14845,14845,1,1
2022-07-28 15:26:01.210,14844,14845,14845,1,1
2022-07-28 15:26:05.537,14844,14845,14844,3,-3
2022-07-28 15:26:05.599,14843,14844,14844,1,1
2022-07-28 15:26:06.533,14843,14844,14843,1,-1
2022-07-28 15:26:06.725,14843,14844,14843,2,-2
2022-07-28 15:26:06.725,14843,14844,14843,1,-1
2022-07-28 15:26:06.725,14843,14844,14843,1,-1
2022-07-28 15:26:06.725,14843,14844,14843,6,-6
2022-07-28 15:26:07.115,14842,14843,14842,2,-2
2022-07-28 15:26:07.374,14841,14843,14843,1,1
2022-07-28 15:26:12.402,14841,14843,14842,1,1
2022-07-28 15:26:18.993,14842,14843,14843,2,2
2022-07-28 15:26:20.963,14843,14845,14843,1,-1
2022-07-28 15:26:28.416,14844,14846,14844,1,-1
2022-07-28 15:26:34.540,14845,14846,14845,1,-1
2022-07-28 15:26:35.027,14845,14846,14845,1,-1
2022-07-28 15:26:36.328,14845,14846,14846,1,1
2022-07-28 15:26:36.328,14845,14846,14846,3,3
2022-07-28 15:26:45.386,14845,14846,14846,1,1
2022-07-28 15:26:45.692,14845,14846,14846,1,1
2022-07-28 15:26:46.336,14845,14847,14845,1,-1
2022-07-28 15:26:47.079,14845,14847,14845,1,-1
2022-07-28 15:26:48.654,14845,14846,14845,1,-1
2022-07-28 15:27:00.934,14844,14846,14844,3,-3
2022-07-28 15:27:05.114,14844,14845,14844,1,-1
2022-07-28 15:27:06.643,14843,14844,14843,1,-1
2022-07-28 15:27:37.168,14842,14844,14844,1,1
2022-07-28 15:27:37.785,14843,14844,14843,1,-1
2022-07-28 15:27:40.518,14843,14844,14844,1,1
2022-07-28 15:27:40.518,14843,14844,14844,1,1
2022-07-28 15:27:46.340,14843,14845,14844,1,1
2022-07-28 15:27:49.190,14843,14845,14845,1,1
2022-07-28 15:28:08.835,14843,14844,14844,1,1
2022-07-28 15:28:08.917,14843,14844,14844,1,1
2022-07-28 15:28:08.918,14843,14844,14844,1,1
2022-07-28 15:28:11.398,14843,14844,14844,1,1
2022-07-28 15:28:11.416,14843,14844,14844,1,1
2022-07-28 15:28:11.416,14843,14844,14844,1,1
2022-07-28 15:28:11.423,14843,14844,14844,1,1
2022-07-28 15:28:15.270,14844,14845,14845,1,1
2022-07-28 15:28:27.415,14844,14845,14845,1,1
2022-07-28 15:28:29.838,14844,14845,14845,1,1
2022-07-28 15:28:29.917,14844,14846,14846,1,1
2022-07-28 15:28:35.281,14844,14846,14846,1,1
2022-07-28 15:28:35.282,14844,14846,14846,1,1
2022-07-28 15:28:35.282,14844,14846,14846,1,1
2022-07-28 15:28:39.639,14845,14847,14847,1,1
2022-07-28 15:28:41.603,14844,14846,14846,1,1
2022-07-28 15:28:42.961,14844,14846,14846,1,1
2022-07-28 15:28:44.448,14845,14846,14846,1,1
2022-07-28 15:28:48.306,14846,14847,14847,1,1
2022-07-28 15:28:48.417,14846,14847,14847,1,1
2022-07-28 15:28:55.701,14844,14845,14844,2,-2
2022-07-28 15:29:00.955,14843,14845,14843,1,-1
2022-07-28 15:29:12.931,14843,14844,14844,1,1
2022-07-28 15:29:16.347,14843,14844,14844,1,1
2022-07-28 15:29:24.189,14843,14844,14843,5,-5
2022-07-28 15:29:32.895,14842,14843,14843,1,1
2022-07-28 15:29:37.177,14842,14843,14843,1,1
2022-07-28 15:29:37.869,14842,14843,14843,1,1
2022-07-28 15:29:38.977,14842,14843,14842,1,-1
2022-07-28 15:29:38.977,14842,14843,14842,6,-6
2022-07-28 15:29:39.409,14841,14842,14842,1,1
2022-07-28 15:29:40.292,14841,14842,14841,13,-13
2022-07-28 15:29:40.455,14840,14841,14840,1,-1
2022-07-28 15:29:40.523,14840,14841,14840,4,-4
2022-07-28 15:29:40.589,14840,14841,14840,1,-1
2022-07-28 15:29:40.627,14840,14841,14840,1,-1
2022-07-28 15:29:40.665,14840,14841,14841,1,1
2022-07-28 15:29:48.131,14840,14841,14841,1,1
2022-07-28 15:29:48.131,14840,14841,14841,1,1
2022-07-28 15:29:48.132,14840,14841,14841,1,1
2022-07-28 15:29:50.007,14841,14842,14842,4,4
2022-07-28 15:29:53.068,14842,14843,14843,1,1
2022-07-28 15:29:53.987,14843,14844,14843,1,-1
2022-07-28 15:29:54.799,14843,14844,14844,1,1
2022-07-28 15:29:54.800,14843,14844,14844,1,1
2022-07-28 15:29:55.145,14844,14845,14844,2,-2
2022-07-28 15:29:58.201,14843,14844,14843,1,-1
2022-07-28 15:29:59.066,14843,14844,14844,1,1
2022-07-28 15:29:59.188,14843,14844,14843,3,-3
2022-07-28 15:30:00.646,14841,14843,14842,1,-1
2022-07-28 15:30:00.922,14841,14842,14841,1,-1
2022-07-28 15:30:01.554,14841,14843,14841,1,-1
2022-07-28 15:30:01.622,14841,14843,14841,1,-1
2022-07-28 15:30:01.960,14841,14843,14843,2,2
2022-07-28 15:30:02.065,14841,14843,14843,1,1
2022-07-28 15:30:02.065,14841,14843,14843,1,1
2022-07-28 15:30:10.775,14841,14842,14842,1,1
2022-07-28 15:30:11.492,14841,14843,14843,2,2
2022-07-28 15:30:11.946,14841,14843,14842,1,1
2022-07-28 15:30:16.143,14841,14842,14842,1,1
2022-07-28 15:30:20.968,14842,14843,14843,1,1
2022-07-28 15:30:22.478,14842,14844,14843,1,1
2022-07-28 15:30:22.903,14843,14844,14843,1,-1
2022-07-28 15:30:24.879,14842,14843,14842,1,-1
2022-07-28 15:30:29.566,14841,14842,14841,1,-1
2022-07-28 15:30:34.613,14841,14842,14841,1,-1
2022-07-28 15:30:34.614,14841,14842,14841,2,-2
2022-07-28 15:30:34.614,14841,14842,14841,1,-1
2022-07-28 15:30:34.614,14841,14842,14841,1,-1
2022-07-28 15:30:36.812,14840,14842,14840,1,-1
2022-07-28 15:30:41.528,14840,14841,14840,1,-1
2022-07-28 15:30:41.528,14840,14841,14840,3,-3
2022-07-28 15:30:42.069,14840,14841,14840,1,-1
2022-07-28 15:30:42.069,14840,14841,14840,1,-1
2022-07-28 15:30:42.069,14840,14841,14840,2,-2
2022-07-28 15:30:42.069,14840,14841,14840,1,-1
2022-07-28 15:30:42.195,14839,14840,14839,1,-1
2022-07-28 15:30:42.198,14839,14840,14839,2,-2
2022-07-28 15:30:42.954,14838,14840,14839,1,-1
2022-07-28 15:30:45.212,14838,14839,14839,1,1
2022-07-28 15:30:45.212,14838,14839,14840,1,1
2022-07-28 15:30:45.470,14839,14840,14839,2,-2
2022-07-28 15:30:45.479,14839,14840,14839,1,-1
2022-07-28 15:30:45.494,14839,14840,14839,1,-1
2022-07-28 15:30:48.082,14839,14840,14839,1,-1
2022-07-28 15:30:50.466,14839,14840,14840,1,1
2022-07-28 15:30:54.565,14840,14841,14840,1,-1
2022-07-28 15:30:55.278,14839,14841,14839,1,-1
2022-07-28 15:30:57.640,14839,14840,14840,1,1
2022-07-28 15:31:00.182,14840,14841,14840,1,-1
2022-07-28 15:31:00.521,14840,14841,14841,1,1
2022-07-28 15:31:02.191,14840,14841,14841,1,1
2022-07-28 15:31:02.192,14840,14841,14841,1,1
2022-07-28 15:31:02.192,14840,14841,14841,1,1
2022-07-28 15:31:02.253,14840,14841,14841,1,1
2022-07-28 15:31:02.583,14840,14842,14840,1,-1
2022-07-28 15:31:06.936,14840,14842,14840,1,-1
2022-07-28 15:31:11.706,14840,14841,14841,1,1
2022-07-28 15:31:21.156,14840,14841,14840,1,-1
2022-07-28 15:31:21.657,14840,14841,14841,1,1
2022-07-28 15:31:21.810,14840,14841,14840,2,-2
2022-07-28 15:31:30.358,14840,14841,14840,1,-1
2022-07-28 15:31:30.359,14840,14841,14840,5,-5
2022-07-28 15:31:30.359,14840,14841,14840,4,-4
2022-07-28 15:31:30.980,14839,14840,14840,1,1
2022-07-28 15:31:34.902,14839,14840,14839,1,-1
2022-07-28 15:31:34.906,14839,14840,14839,1,-1
2022-07-28 15:31:34.914,14839,14840,14839,1,-1
2022-07-28 15:31:35.995,14839,14840,14839,1,-1
2022-07-28 15:31:40.181,14839,14840,14839,2,-2
2022-07-28 15:31:40.719,14839,14840,14839,1,-1
2022-07-28 15:31:40.719,14839,14840,14839,1,-1
2022-07-28 15:31:40.720,14839,14840,14839,1,-1
2022-07-28 15:31:42.285,14838,14839,14838,1,-1
2022-07-28 15:31:44.574,14838,14839,14838,1,-1
2022-07-28 15:31:44.574,14838,14839,14838,2,-2
2022-07-28 15:31:44.574,14838,14839,14838,1,-1
2022-07-28 15:31:44.574,14838,14839,14838,4,-4
2022-07-28 15:31:44.574,14838,14839,14838,5,-5
2022-07-28 15:31:44.576,14838,14839,14837,4,-4
2022-07-28 15:31:44.814,14836,14838,14838,1,1
2022-07-28 15:31:44.835,14836,14838,14836,1,-1
2022-07-28 15:31:47.515,14836,14838,14836,1,-1
2022-07-28 15:31:51.989,14837,14839,14837,1,-1
2022-07-28 15:31:57.131,14837,14838,14837,3,-3
2022-07-28 15:31:58.500,14836,14838,14838,5,5
2022-07-28 15:31:58.500,14836,14838,14838,1,1
2022-07-28 15:31:58.500,14836,14838,14838,2,2
2022-07-28 15:31:58.501,14836,14838,14838,1,1
2022-07-28 15:31:58.501,14836,14838,14838,1,1
2022-07-28 15:32:00.412,14837,14839,14837,1,-1
2022-07-28 15:32:02.771,14836,14837,14836,1,-1
2022-07-28 15:32:02.782,14836,14837,14836,1,-1
2022-07-28 15:32:02.787,14836,14837,14836,1,-1
2022-07-28 15:32:02.806,14836,14837,14836,1,-1
2022-07-28 15:32:03.478,14836,14837,14836,1,-1
2022-07-28 15:32:05.482,14836,14837,14837,2,2
2022-07-28 15:32:06.266,14837,14839,14837,1,-1
2022-07-28 15:32:06.650,14837,14839,14837,1,-1
2022-07-28 15:32:07.142,14837,14839,14837,1,-1
2022-07-28 15:32:07.294,14837,14839,14837,1,-1
2022-07-28 15:32:07.417,14837,14839,14837,2,-2
2022-07-28 15:32:08.110,14837,14839,14837,1,-1
2022-07-28 15:32:08.886,14837,14839,14837,2,-2
2022-07-28 15:32:11.014,14837,14839,14837,1,-1
2022-07-28 15:32:17.496,14836,14838,14838,2,2
2022-07-28 15:32:17.497,14836,14838,14838,3,3
2022-07-28 15:32:17.820,14837,14839,14837,2,-2
2022-07-28 15:32:21.449,14837,14838,14837,1,-1
2022-07-28 15:32:21.983,14837,14838,14837,1,-1
2022-07-28 15:32:22.091,14836,14837,14837,1,1
2022-07-28 15:32:23.756,14836,14837,14836,1,-1
2022-07-28 15:32:23.766,14836,14837,14836,1,-1
2022-07-28 15:32:23.766,14836,14837,14836,3,-3
2022-07-28 15:32:26.623,14835,14836,14835,1,-1
2022-07-28 15:32:27.594,14835,14836,14835,1,-1
2022-07-28 15:32:30.746,14835,14836,14835,1,-1
2022-07-28 15:32:32.160,14835,14836,14835,1,-1
2022-07-28 15:32:34.413,14835,14836,14835,1,-1
2022-07-28 15:32:36.437,14835,14836,14835,3,-3
2022-07-28 15:32:37.053,14835,14836,14835,1,-1
2022-07-28 15:32:38.875,14835,14836,14835,1,-1
2022-07-28 15:32:38.931,14835,14836,14835,2,-2
2022-07-28 15:32:39.986,14835,14836,14835,2,-2
2022-07-28 15:32:40.184,14835,14836,14835,2,-2
2022-07-28 15:32:41.128,14835,14836,14835,1,-1
2022-07-28 15:32:41.537,14835,14836,14835,1,-1
2022-07-28 15:32:41.998,14835,14836,14835,3,-3
2022-07-28 15:32:41.998,14835,14836,14835,2,-2
2022-07-28 15:32:42.978,14834,14835,14834,3,-3
2022-07-28 15:32:42.978,14834,14835,14834,2,-2
2022-07-28 15:32:42.980,14834,14835,14834,1,-1
2022-07-28 15:32:43.309,14833,14834,14833,1,-1
2022-07-28 15:32:50.253,14833,14834,14833,1,-1
2022-07-28 15:32:50.819,14833,14834,14833,2,-2
2022-07-28 15:32:51.070,14833,14834,14833,1,-1
2022-07-28 15:32:51.262,14833,14834,14833,3,-3
2022-07-28 15:32:52.874,14833,14834,14833,1,-1
2022-07-28 15:32:53.099,14833,14834,14833,1,-1
2022-07-28 15:32:53.402,14833,14834,14834,1,1
2022-07-28 15:32:53.831,14833,14834,14833,1,-1
2022-07-28 15:32:55.577,14833,14834,14833,3,-3
2022-07-28 15:32:57.377,14833,14834,14833,2,-2
2022-07-28 15:32:57.667,14833,14834,14833,1,-1
2022-07-28 15:32:59.446,14833,14834,14834,2,2
2022-07-28 15:32:59.448,14833,14834,14834,1,1
2022-07-28 15:32:59.640,14834,14835,14834,1,-1
2022-07-28 15:32:59.724,14834,14835,14834,1,-1
2022-07-28 15:32:59.724,14834,14835,14834,1,-1
2022-07-28 15:32:59.987,14834,14835,14834,2,-2
2022-07-28 15:33:00.189,14834,14835,14834,1,-1
2022-07-28 15:33:00.226,14834,14835,14834,5,-5
2022-07-28 15:33:00.299,14834,14835,14834,1,-1
2022-07-28 15:33:00.931,14834,14835,14835,1,1
2022-07-28 15:33:00.931,14834,14835,14835,1,1
2022-07-28 15:33:00.932,14834,14835,14835,1,1
2022-07-28 15:33:00.932,14834,14835,14835,1,1
2022-07-28 15:33:00.932,14834,14835,14835,1,1
2022-07-28 15:33:00.932,14834,14835,14835,1,1
2022-07-28 15:33:00.932,14834,14835,14835,1,1
2022-07-28 15:33:00.932,14834,14835,14835,1,1
2022-07-28 15:33:00.932,14834,14835,14835,1,1
2022-07-28 15:33:00.932,14834,14835,14835,1,1
2022-07-28 15:33:00.932,14834,14835,14835,1,1
2022-07-28 15:33:00.932,14834,14835,14835,3,3
2022-07-28 15:33:00.932,14834,14835,14835,3,3
2022-07-28 15:33:04.072,14835,14836,14836,2,2
2022-07-28 15:33:06.345,14835,14836,14836,1,1
2022-07-28 15:33:08.886,14835,14837,14836,1,1
2022-07-28 15:33:09.113,14836,14837,14837,2,2
2022-07-28 15:33:09.113,14836,14837,14837,2,2
2022-07-28 15:33:11.986,14836,14837,14837,1,1
2022-07-28 15:33:14.375,14835,14837,14837,1,1
2022-07-28 15:33:18.787,14835,14837,14835,1,-1
2022-07-28 15:33:28.374,14835,14836,14835,1,-1
2022-07-28 15:33:28.641,14835,14836,14836,1,1
2022-07-28 15:33:37.776,14835,14836,14836,1,1
2022-07-28 15:33:42.156,14835,14836,14836,1,1
2022-07-28 15:33:46.286,14835,14836,14836,1,1
2022-07-28 15:33:47.874,14836,14837,14836,1,-1
2022-07-28 15:33:53.599,14837,14838,14837,4,-4
2022-07-28 15:34:04.637,14836,14837,14837,1,1
2022-07-28 15:34:04.667,14836,14838,14838,1,1
2022-07-28 15:34:04.667,14836,14838,14838,3,3
2022-07-28 15:34:04.667,14836,14838,14838,4,4
2022-07-28 15:34:04.667,14836,14838,14838,1,1
2022-07-28 15:34:04.667,14836,14838,14838,2,2
2022-07-28 15:34:07.615,14836,14837,14837,1,1
2022-07-28 15:34:07.667,14836,14838,14838,1,1
2022-07-28 15:34:09.119,14837,14838,14837,1,-1
2022-07-28 15:34:09.166,14836,14838,14838,1,1
2022-07-28 15:34:09.166,14836,14838,14838,1,1
2022-07-28 15:34:09.172,14836,14838,14838,1,1
2022-07-28 15:34:16.124,14836,14838,14838,1,1
2022-07-28 15:34:20.909,14837,14838,14838,1,1
2022-07-28 15:34:20.925,14837,14839,14839,1,1
2022-07-28 15:34:21.077,14837,14839,14839,1,1
2022-07-28 15:34:23.044,14838,14839,14838,1,-1
2022-07-28 15:34:29.142,14838,14839,14838,1,-1
2022-07-28 15:34:35.224,14837,14839,14837,2,-2
2022-07-28 15:34:35.291,14836,14838,14838,1,1
2022-07-28 15:34:36.016,14837,14839,14837,2,-2
2022-07-28 15:34:36.041,14837,14839,14839,1,1
2022-07-28 15:34:37.247,14837,14839,14839,1,1
2022-07-28 15:34:37.941,14838,14839,14839,1,1
2022-07-28 15:34:38.192,14838,14839,14839,1,1
2022-07-28 15:34:38.329,14838,14839,14839,1,1
2022-07-28 15:34:39.156,14838,14839,14839,1,1
2022-07-28 15:34:39.156,14838,14839,14839,1,1
2022-07-28 15:34:39.156,14838,14839,14839,2,2
2022-07-28 15:34:39.156,14838,14839,14839,1,1
2022-07-28 15:34:51.360,14838,14839,14839,1,1
2022-07-28 15:35:01.409,14839,14840,14840,3,3
2022-07-28 15:35:01.411,14839,14840,14840,8,8
2022-07-28 15:35:03.378,14839,14841,14840,1,1
2022-07-28 15:35:10.095,14840,14841,14841,2,2
2022-07-28 15:35:10.102,14840,14841,14842,2,2
2022-07-28 15:35:14.951,14840,14842,14842,1,1
2022-07-28 15:35:22.537,14840,14841,14841,1,1
2022-07-28 15:35:23.957,14840,14841,14840,4,-4
2022-07-28 15:35:23.958,14840,14841,14840,1,-1
2022-07-28 15:35:24.996,14839,14840,14839,3,-3
2022-07-28 15:35:27.858,14839,14841,14839,2,-2
2022-07-28 15:35:28.857,14838,14840,14838,3,-3
2022-07-28 15:35:34.701,14839,14841,14839,1,-1
2022-07-28 15:35:42.376,14839,14841,14839,1,-1
2022-07-28 15:35:44.866,14839,14840,14839,1,-1
2022-07-28 15:35:46.113,14838,14839,14838,1,-1
2022-07-28 15:35:46.877,14837,14839,14839,2,2
2022-07-28 15:35:47.143,14837,14839,14839,1,1
2022-07-28 15:35:51.072,14838,14839,14838,1,-1
2022-07-28 15:35:51.176,14836,14838,14836,1,-1
2022-07-28 15:35:59.919,14836,14837,14837,1,1
2022-07-28 15:36:00.184,14836,14838,14836,1,-1
2022-07-28 15:36:05.160,14837,14838,14838,1,1
2022-07-28 15:36:16.427,14837,14838,14837,1,-1
2022-07-28 15:36:25.198,14837,14838,14838,1,1
2022-07-28 15:36:27.357,14838,14839,14839,1,1
2022-07-28 15:36:27.357,14838,14839,14839,1,1
2022-07-28 15:36:27.770,14839,14840,14839,1,-1
2022-07-28 15:36:37.792,14839,14840,14839,1,-1
2022-07-28 15:36:38.112,14839,14840,14840,4,4
2022-07-28 15:36:41.239,14840,14841,14840,4,-4
2022-07-28 15:36:41.240,14840,14841,14840,3,-3
2022-07-28 15:36:43.865,14840,14841,14841,1,1
2022-07-28 15:36:44.395,14840,14841,14840,1,-1
2022-07-28 15:36:59.733,14840,14841,14841,1,1
2022-07-28 15:37:05.195,14840,14841,14841,2,2
2022-07-28 15:37:08.564,14841,14842,14842,1,1
2022-07-28 15:37:08.564,14841,14842,14842,1,1
2022-07-28 15:37:08.564,14841,14842,14842,2,2
2022-07-28 15:37:26.175,14841,14842,14841,1,-1
2022-07-28 15:37:34.041,14841,14842,14841,1,-1
2022-07-28 15:37:40.351,14841,14842,14841,3,-3
2022-07-28 15:37:40.494,14841,14842,14842,8,8
2022-07-28 15:37:43.762,14842,14843,14842,1,-1
2022-07-28 15:37:43.762,14842,14843,14843,3,3
2022-07-28 15:37:46.455,14842,14843,14843,1,1
2022-07-28 15:37:53.365,14842,14843,14843,3,3
2022-07-28 15:37:53.570,14842,14844,14844,2,2
2022-07-28 15:37:56.694,14842,14844,14842,1,-1
2022-07-28 15:37:59.223,14843,14844,14843,1,-1
2022-07-28 15:38:00.690,14841,14843,14843,3,3
2022-07-28 15:38:03.278,14841,14843,14841,1,-1
2022-07-28 15:38:07.048,14841,14842,14841,1,-1
2022-07-28 15:38:07.610,14840,14842,14842,1,1
2022-07-28 15:38:11.654,14840,14841,14841,1,1
2022-07-28 15:38:13.977,14840,14841,14841,1,1
2022-07-28 15:38:17.332,14840,14842,14840,1,-1
2022-07-28 15:38:18.025,14840,14841,14840,5,-5
2022-07-28 15:38:28.439,14839,14840,14839,1,-1
2022-07-28 15:38:29.869,14838,14840,14838,1,-1
2022-07-28 15:38:37.591,14838,14839,14838,1,-1
2022-07-28 15:38:38.062,14838,14839,14838,1,-1
2022-07-28 15:38:44.551,14838,14839,14838,2,-2
2022-07-28 15:38:46.154,14838,14839,14839,1,1
2022-07-28 15:38:46.157,14838,14839,14839,1,1
2022-07-28 15:39:05.559,14840,14842,14840,1,-1
2022-07-28 15:39:07.267,14840,14842,14841,1,-1
2022-07-28 15:39:11.626,14840,14842,14840,1,-1
2022-07-28 15:39:36.293,14838,14839,14838,1,-1
2022-07-28 15:39:37.304,14837,14838,14838,1,1
2022-07-28 15:39:45.572,14837,14838,14838,1,1
2022-07-28 15:39:56.540,14838,14839,14838,1,-1
2022-07-28 15:40:00.183,14837,14838,14837,1,-1
2022-07-28 15:40:02.226,14837,14838,14838,1,1
2022-07-28 15:40:04.301,14837,14839,14839,1,1
2022-07-28 15:40:05.344,14838,14839,14839,1,1
2022-07-28 15:40:05.344,14838,14839,14839,7,7
2022-07-28 15:40:05.345,14838,14839,14839,1,1
2022-07-28 15:40:05.345,14838,14839,14839,4,4
2022-07-28 15:40:09.517,14837,14839,14837,1,-1
2022-07-28 15:40:12.145,14837,14839,14839,1,1
2022-07-28 15:40:13.585,14837,14839,14839,1,1
2022-07-28 15:40:18.603,14838,14840,14840,3,3
2022-07-28 15:40:23.665,14840,14841,14841,1,1
2022-07-28 15:40:23.678,14840,14841,14842,1,1
2022-07-28 15:40:23.679,14840,14841,14842,2,2
2022-07-28 15:40:26.513,14841,14843,14843,1,1
2022-07-28 15:40:37.651,14841,14843,14843,2,2
2022-07-28 15:40:39.041,14841,14843,14843,2,2
2022-07-28 15:40:39.848,14842,14844,14844,5,5
2022-07-28 15:40:59.406,14843,14844,14844,1,1
2022-07-28 15:41:01.300,14843,14844,14844,1,1
2022-07-28 15:41:03.373,14843,14844,14844,1,1
2022-07-28 15:41:14.710,14843,14844,14844,1,1
2022-07-28 15:41:17.313,14843,14844,14843,2,-2
2022-07-28 15:41:19.277,14843,14844,14843,1,-1
2022-07-28 15:41:19.277,14843,14844,14842,2,-2
2022-07-28 15:41:25.174,14843,14845,14843,1,-1
2022-07-28 15:41:26.752,14844,14845,14844,1,-1
2022-07-28 15:41:31.411,14843,14844,14843,3,-3
2022-07-28 15:41:31.411,14843,14844,14843,2,-2
2022-07-28 15:41:31.411,14843,14844,14843,2,-2
2022-07-28 15:41:31.411,14843,14844,14843,2,-2
2022-07-28 15:41:32.303,14842,14843,14842,2,-2
2022-07-28 15:41:39.789,14842,14843,14843,1,1
2022-07-28 15:41:43.772,14842,14844,14843,5,5
2022-07-28 15:41:50.912,14842,14844,14843,1,1
2022-07-28 15:42:01.323,14843,14844,14844,1,1
2022-07-28 15:42:02.488,14843,14844,14843,2,-2
2022-07-28 15:42:03.602,14842,14844,14842,1,-1
2022-07-28 15:42:10.297,14843,14845,14843,1,-1
2022-07-28 15:42:17.383,14844,14845,14845,13,13
2022-07-28 15:42:17.385,14844,14845,14846,4,4
2022-07-28 15:42:17.416,14846,14847,14847,1,1
2022-07-28 15:42:30.133,14843,14844,14843,1,-1
2022-07-28 15:42:30.133,14843,14844,14843,5,-5
2022-07-28 15:42:30.166,14842,14843,14843,1,1
2022-07-28 15:42:30.166,14842,14843,14843,1,1
2022-07-28 15:42:30.555,14842,14844,14844,3,3
2022-07-28 15:42:31.975,14842,14844,14842,1,-1
2022-07-28 15:42:32.048,14842,14843,14842,1,-1
2022-07-28 15:42:32.162,14842,14843,14841,3,-3
2022-07-28 15:43:00.300,14840,14841,14841,3,3
2022-07-28 15:43:00.863,14840,14841,14841,1,1
2022-07-28 15:43:00.863,14840,14841,14841,1,1
2022-07-28 15:43:08.173,14841,14842,14841,2,-2
2022-07-28 15:43:11.418,14841,14842,14842,3,3
2022-07-28 15:43:11.973,14842,14844,14842,1,-1
2022-07-28 15:43:19.747,14841,14842,14841,2,-2
2022-07-28 15:43:34.389,14842,14843,14842,1,-1
2022-07-28 15:43:38.282,14841,14842,14841,3,-3
2022-07-28 15:43:38.283,14841,14842,14840,1,-1
2022-07-28 15:43:38.304,14840,14841,14840,1,-1
2022-07-28 15:43:49.067,14840,14841,14840,7,-7
2022-07-28 15:43:51.746,14838,14840,14838,1,-1
2022-07-28 15:43:53.133,14838,14839,14839,1,1
2022-07-28 15:43:57.265,14839,14840,14839,2,-2
2022-07-28 15:43:58.019,14838,14840,14840,1,1
2022-07-28 15:44:25.147,14839,14840,14839,1,-1
2022-07-28 15:44:25.147,14839,14840,14839,1,-1
2022-07-28 15:44:31.194,14838,14839,14839,1,1
2022-07-28 15:44:45.588,14838,14839,14838,8,-8
2022-07-28 15:44:47.630,14837,14838,14838,2,2
2022-07-28 15:44:55.457,14838,14839,14838,1,-1
2022-07-28 15:45:02.443,14838,14839,14839,2,2
2022-07-28 15:45:03.219,14839,14840,14839,1,-1
2022-07-28 15:45:03.709,14839,14840,14839,2,-2
2022-07-28 15:45:09.108,14839,14840,14840,2,2
2022-07-28 15:45:09.344,14839,14840,14840,1,1
2022-07-28 15:45:09.344,14839,14840,14840,6,6
2022-07-28 15:45:09.345,14839,14840,14840,1,1
2022-07-28 15:45:09.345,14839,14840,14840,3,3
2022-07-28 15:45:09.345,14839,14840,14840,2,2
2022-07-28 15:45:09.345,14839,14840,14840,4,4
2022-07-28 15:45:09.345,14839,14840,14840,1,1
2022-07-28 15:45:09.345,14839,14840,14840,1,1
2022-07-28 15:45:13.432,14839,14841,14841,2,2
2022-07-28 15:45:27.515,14840,14841,14841,1,1
2022-07-28 15:45:33.038,14840,14841,14840,1,-1
2022-07-28 15:45:39.440,14841,14842,14841,1,-1
2022-07-28 15:45:40.310,14840,14842,14842,1,1
2022-07-28 15:45:45.976,14841,14843,14841,6,-6
2022-07-28 15:45:45.976,14841,14843,14840,4,-4
2022-07-28 15:45:55.636,14841,14842,14841,1,-1
2022-07-28 15:46:03.961,14841,14842,14841,1,-1
2022-07-28 15:46:04.043,14841,14842,14842,1,1
2022-07-28 15:46:04.043,14841,14842,14843,1,1
2022-07-28 15:46:04.166,14841,14843,14843,1,1
2022-07-28 15:46:04.166,14841,14843,14843,1,1
2022-07-28 15:46:04.167,14841,14843,14843,3,3
2022-07-28 15:46:04.172,14841,14843,14844,1,1
2022-07-28 15:46:04.243,14841,14843,14844,1,1
2022-07-28 15:46:04.801,14842,14844,14842,2,-2
2022-07-28 15:46:07.064,14841,14842,14842,1,1
2022-07-28 15:46:26.514,14842,14843,14842,1,-1
2022-07-28 15:46:32.478,14842,14843,14843,2,2
2022-07-28 15:46:32.542,14842,14844,14844,1,1
2022-07-28 15:46:36.102,14842,14844,14842,1,-1
2022-07-28 15:46:44.271,14841,14843,14841,3,-3
2022-07-28 15:46:44.296,14841,14843,14843,1,1
2022-07-28 15:47:26.662,14840,14841,14841,1,1
2022-07-28 15:47:26.667,14840,14842,14842,1,1
2022-07-28 15:47:26.841,14840,14842,14842,1,1
2022-07-28 15:47:30.849,14840,14842,14840,1,-1
2022-07-28 15:47:49.687,14839,14840,14839,2,-2
2022-07-28 15:47:49.688,14839,14840,14839,1,-1
2022-07-28 15:47:49.688,14839,14840,14839,2,-2
2022-07-28 15:47:49.688,14839,14840,14839,1,-1
2022-07-28 15:47:58.153,14838,14839,14839,1,1
2022-07-28 15:48:01.490,14838,14839,14839,1,1
2022-07-28 15:48:17.913,14839,14840,14840,1,1
2022-07-28 15:48:17.913,14839,14840,14840,1,1
2022-07-28 15:48:17.913,14839,14840,14840,1,1
2022-07-28 15:48:31.546,14840,14841,14841,1,1
2022-07-28 15:48:42.496,14840,14841,14840,2,-2
2022-07-28 15:48:51.618,14839,14840,14840,1,1
2022-07-28 15:48:52.631,14839,14840,14840,1,1
2022-07-28 15:49:12.538,14840,14842,14840,1,-1
2022-07-28 15:49:27.094,14840,14841,14841,1,1
2022-07-28 15:50:18.306,14840,14841,14840,1,-1
2022-07-28 15:50:18.306,14840,14841,14840,4,-4
2022-07-28 15:50:18.311,14840,14841,14840,6,-6
2022-07-28 15:50:24.445,14839,14840,14839,1,-1
2022-07-28 15:50:37.752,14839,14840,14839,1,-1
2022-07-28 15:50:38.537,14839,14840,14839,1,-1
2022-07-28 15:50:46.016,14839,14840,14840,1,1
2022-07-28 15:50:49.575,14839,14841,14840,1,1
2022-07-28 15:51:01.739,14840,14841,14840,1,-1
2022-07-28 15:51:02.055,14840,14841,14841,2,2
2022-07-28 15:51:20.854,14840,14842,14842,1,1
2022-07-28 15:51:39.029,14841,14842,14841,1,-1
2022-07-28 15:51:40.826,14841,14842,14841,1,-1
2022-07-28 15:51:42.775,14841,14842,14841,1,-1
2022-07-28 15:51:44.599,14841,14842,14841,3,-3
2022-07-28 15:51:44.599,14841,14842,14840,1,-1
2022-07-28 15:51:45.870,14840,14842,14840,4,-4
2022-07-28 15:51:47.806,14840,14842,14840,1,-1
2022-07-28 15:52:10.941,14840,14841,14840,2,-2
2022-07-28 15:52:22.114,14839,14840,14839,5,-5
2022-07-28 15:52:38.021,14839,14840,14840,2,2
2022-07-28 15:52:55.174,14839,14840,14840,1,1
2022-07-28 15:53:04.732,14840,14841,14840,1,-1
2022-07-28 15:53:21.179,14840,14841,14841,3,3
2022-07-28 15:53:37.274,14840,14841,14840,1,-1
2022-07-28 15:53:37.787,14840,14841,14840,1,-1
2022-07-28 15:53:39.358,14839,14840,14839,2,-2
2022-07-28 15:53:40.455,14838,14839,14838,1,-1
2022-07-28 15:53:40.472,14838,14839,14838,1,-1
2022-07-28 15:53:41.950,14838,14839,14839,3,3
2022-07-28 15:53:42.824,14838,14839,14838,1,-1
2022-07-28 15:53:42.911,14838,14839,14837,1,-1
2022-07-28 15:53:42.961,14837,14838,14837,1,-1
2022-07-28 15:53:57.688,14837,14838,14838,1,1
2022-07-28 15:54:01.194,14837,14838,14838,1,1
2022-07-28 15:54:07.563,14837,14838,14837,1,-1
2022-07-28 15:54:07.575,14837,14838,14837,25,-25
2022-07-28 15:54:07.650,14837,14838,14836,2,-2
2022-07-28 15:54:07.650,14837,14838,14836,1,-1
2022-07-28 15:54:07.717,14835,14836,14835,2,-2
2022-07-28 15:54:07.829,14835,14836,14835,1,-1
2022-07-28 15:54:07.829,14835,14836,14835,1,-1
2022-07-28 15:54:08.006,14835,14836,14835,1,-1
2022-07-28 15:54:11.318,14835,14836,14836,2,2
2022-07-28 15:54:15.981,14836,14837,14837,1,1
2022-07-28 15:54:15.981,14836,14837,14837,1,1
2022-07-28 15:54:27.479,14836,14837,14837,1,1
2022-07-28 15:54:27.479,14836,14837,14837,1,1
2022-07-28 15:54:27.853,14837,14838,14837,1,-1
2022-07-28 15:54:31.202,14837,14838,14837,1,-1
2022-07-28 15:54:31.202,14837,14838,14838,1,1
2022-07-28 15:54:32.734,14837,14839,14837,2,-2
2022-07-28 15:54:33.101,14837,14839,14837,3,-3
2022-07-28 15:54:35.114,14837,14839,14838,1,-1
2022-07-28 15:54:41.575,14836,14837,14837,1,1
2022-07-28 15:54:43.768,14836,14838,14838,2,2
2022-07-28 15:55:00.694,14837,14838,14837,1,-1
2022-07-28 15:55:16.487,14836,14837,14836,1,-1
2022-07-28 15:55:16.487,14836,14837,14836,1,-1
2022-07-28 15:55:16.504,14836,14837,14835,1,-1
2022-07-28 15:55:16.504,14836,14837,14835,6,-6
2022-07-28 15:55:16.900,14834,14835,14834,3,-3
2022-07-28 15:55:22.142,14834,14836,14834,2,-2
2022-07-28 15:55:22.154,14834,14836,14834,2,-2
2022-07-28 15:55:25.850,14833,14834,14833,2,-2
2022-07-28 15:55:28.297,14833,14834,14834,1,1
2022-07-28 15:55:28.498,14834,14835,14834,1,-1
2022-07-28 15:55:28.498,14834,14835,14833,1,-1
2022-07-28 15:55:30.601,14833,14834,14834,1,1
2022-07-28 15:55:33.959,14834,14835,14834,1,-1
2022-07-28 15:55:33.959,14834,14835,14834,2,-2
2022-07-28 15:55:42.511,14834,14835,14835,4,4
2022-07-28 15:55:45.810,14834,14836,14835,1,1
2022-07-28 15:56:01.386,14834,14835,14834,4,-4
2022-07-28 15:56:01.658,14833,14835,14835,1,1
2022-07-28 15:56:02.018,14833,14835,14833,2,-2
2022-07-28 15:56:02.200,14833,14834,14834,1,1
2022-07-28 15:56:18.670,14833,14834,14834,1,1
2022-07-28 15:56:19.975,14833,14834,14834,1,1
2022-07-28 15:56:23.254,14834,14835,14835,5,5
2022-07-28 15:56:29.415,14836,14837,14836,1,-1
2022-07-28 15:56:33.811,14835,14836,14835,1,-1
2022-07-28 15:56:38.406,14834,14835,14834,2,-2
2022-07-28 15:56:43.401,14834,14835,14835,1,1
2022-07-28 15:56:50.928,14835,14836,14835,1,-1
2022-07-28 15:57:00.970,14834,14835,14835,1,1
2022-07-28 15:57:01.208,14834,14835,14835,1,1
2022-07-28 15:57:01.209,14834,14835,14835,1,1
2022-07-28 15:57:01.801,14835,14836,14836,2,2
2022-07-28 15:57:01.801,14835,14836,14836,1,1
2022-07-28 15:57:03.464,14836,14837,14837,1,1
2022-07-28 15:57:03.464,14836,14837,14837,2,2
2022-07-28 15:57:04.096,14837,14838,14837,1,-1
2022-07-28 15:57:12.254,14836,14837,14836,1,-1
2022-07-28 15:57:12.761,14835,14836,14835,1,-1
2022-07-28 15:57:13.437,14835,14836,14836,1,1
2022-07-28 15:57:14.410,14835,14836,14835,1,-1
2022-07-28 15:57:16.230,14835,14836,14836,10,10
2022-07-28 15:57:21.217,14836,14837,14836,2,-2
2022-07-28 15:57:31.062,14835,14836,14836,1,1
2022-07-28 15:57:34.667,14835,14836,14835,1,-1
2022-07-28 15:57:35.430,14835,14836,14835,1,-1
2022-07-28 15:57:50.164,14834,14835,14835,1,1
2022-07-28 15:58:01.188,14834,14835,14835,1,1
2022-07-28 15:58:02.785,14835,14836,14835,1,-1
2022-07-28 15:58:07.597,14834,14835,14834,3,-3
2022-07-28 15:58:10.801,14833,14834,14833,1,-1
2022-07-28 15:58:10.802,14833,14834,14833,1,-1
2022-07-28 15:58:10.802,14833,14834,14833,1,-1
2022-07-28 15:58:10.802,14833,14834,14833,2,-2
2022-07-28 15:58:10.802,14833,14834,14833,3,-3
2022-07-28 15:58:10.802,14833,14834,14833,1,-1
2022-07-28 15:58:10.802,14833,14834,14833,1,-1
2022-07-28 15:58:10.802,14833,14834,14833,1,-1
2022-07-28 15:58:18.931,14832,14833,14833,1,1
2022-07-28 15:58:23.448,14832,14833,14833,1,1
2022-07-28 15:58:25.244,14832,14834,14834,2,2
2022-07-28 15:58:25.924,14832,14834,14832,1,-1
2022-07-28 15:58:26.125,14832,14834,14832,1,-1
2022-07-28 15:58:26.127,14832,14834,14832,1,-1
2022-07-28 15:58:26.228,14832,14834,14832,1,-1
2022-07-28 15:58:28.396,14832,14833,14832,1,-1
2022-07-28 15:58:31.548,14832,14833,14832,1,-1
2022-07-28 15:58:33.820,14832,14833,14832,2,-2
2022-07-28 15:58:42.652,14832,14833,14832,1,-1
2022-07-28 15:58:46.433,14832,14833,14833,1,1
2022-07-28 15:58:49.230,14832,14833,14832,1,-1
2022-07-28 15:59:02.433,14832,14833,14833,5,5
2022-07-28 15:59:10.257,14832,14833,14832,1,-1
2022-07-28 15:59:10.257,14832,14833,14832,1,-1
2022-07-28 15:59:10.257,14832,14833,14832,1,-1
2022-07-28 15:59:10.257,14832,14833,14832,1,-1
2022-07-28 15:59:10.257,14832,14833,14832,6,-6
2022-07-28 15:59:10.257,14832,14833,14832,6,-6
2022-07-28 15:59:10.257,14832,14833,14832,5,-5
2022-07-28 15:59:10.257,14832,14833,14832,1,-1
2022-07-28 15:59:10.257,14832,14833,14832,2,-2
2022-07-28 15:59:13.641,14831,14832,14831,28,-28
2022-07-28 15:59:13.650,14831,14832,14830,5,-5
2022-07-28 15:59:13.760,14830,14831,14830,1,-1
2022-07-28 15:59:14.731,14830,14831,14830,4,-4
2022-07-28 15:59:18.755,14830,14831,14830,1,-1
2022-07-28 15:59:18.991,14830,14831,14830,1,-1
2022-07-28 15:59:19.423,14830,14831,14830,5,-5
2022-07-28 15:59:19.846,14829,14831,14830,1,-1
2022-07-28 15:59:20.025,14829,14831,14831,1,1
2022-07-28 15:59:24.773,14829,14830,14830,1,1
2022-07-28 15:59:24.773,14829,14830,14830,1,1
2022-07-28 15:59:24.773,14829,14830,14830,8,8
2022-07-28 15:59:24.773,14829,14830,14830,1,1
2022-07-28 15:59:25.010,14830,14831,14830,2,-2
2022-07-28 15:59:34.336,14830,14832,14830,8,-8
2022-07-28 15:59:38.333,14831,14832,14831,3,-3
2022-07-28 15:59:38.333,14831,14832,14830,1,-1
2022-07-28 15:59:39.309,14830,14832,14830,1,-1
2022-07-28 15:59:40.754,14831,14833,14831,1,-1
2022-07-28 15:59:51.239,14831,14832,14832,1,1
2022-07-28 15:59:53.304,14831,14832,14832,1,1
2022-07-28 15:59:53.304,14831,14832,14832,1,1
2022-07-28 15:59:53.342,14831,14832,14833,1,1
2022-07-28 15:59:55.090,14832,14834,14832,7,-7
2022-07-28 15:59:55.090,14832,14834,14831,8,-8
2022-07-28 16:00:03.818,14831,14832,14831,1,-1
2022-07-28 16:00:03.818,14831,14832,14831,1,-1
2022-07-28 16:00:03.818,14831,14832,14831,1,-1
2022-07-28 16:00:04.089,14830,14832,14830,3,-3
2022-07-28 16:00:04.209,14830,14832,14830,7,-7
2022-07-28 16:00:04.209,14830,14832,14829,1,-1
2022-07-28 16:00:04.432,14829,14830,14829,8,-8
2022-07-28 16:00:04.743,14828,14829,14828,1,-1
2022-07-28 16:00:04.752,14828,14829,14828,3,-3
2022-07-28 16:00:04.797,14828,14829,14828,5,-5
2022-07-28 16:00:04.797,14828,14829,14827,2,-2
2022-07-28 16:00:05.000,14827,14829,14827,1,-1
2022-07-28 16:00:05.359,14828,14830,14830,1,1
2022-07-28 16:00:07.871,14828,14830,14830,5,5
2022-07-28 16:00:20.440,14830,14833,14831,1,-1
2022-07-28 16:00:22.472,14832,14834,14834,1,1
2022-07-28 16:00:22.472,14832,14834,14834,2,2
2022-07-28 16:00:24.816,14834,14835,14834,1,-1
2022-07-28 16:00:27.069,14833,14834,14834,1,1
2022-07-28 16:00:37.440,14833,14834,14834,1,1
2022-07-28 16:00:39.199,14834,14835,14834,2,-2
2022-07-28 16:00:40.706,14834,14835,14834,1,-1
2022-07-28 16:00:42.279,14834,14835,14834,1,-1
2022-07-28 16:00:54.803,14833,14834,14833,2,-2
2022-07-28 16:01:00.600,14833,14834,14833,10,-10
2022-07-28 16:01:00.667,14832,14834,14834,2,2
2022-07-28 16:01:00.667,14832,14834,14834,1,1
2022-07-28 16:01:00.668,14832,14834,14834,1,1
2022-07-28 16:01:00.668,14832,14834,14834,1,1
2022-07-28 16:01:00.668,14832,14834,14834,1,1
2022-07-28 16:01:00.668,14832,14834,14834,1,1
2022-07-28 16:01:07.900,14832,14833,14833,1,1
2022-07-28 16:01:07.900,14832,14833,14833,2,2
2022-07-28 16:01:07.916,14833,14834,14834,1,1
2022-07-28 16:01:07.916,14833,14834,14834,1,1
2022-07-28 16:01:07.916,14833,14834,14834,1,1
2022-07-28 16:01:09.816,14833,14835,14833,2,-2
2022-07-28 16:01:19.198,14832,14833,14833,1,1
2022-07-28 16:01:29.746,14833,14834,14833,1,-1
2022-07-28 16:01:29.746,14833,14834,14832,2,-2
2022-07-28 16:01:29.792,14832,14834,14834,1,1
2022-07-28 16:01:39.722,14833,14834,14834,1,1
2022-07-28 16:01:39.791,14834,14835,14835,1,1
2022-07-28 16:01:39.791,14834,14835,14835,1,1
2022-07-28 16:01:39.795,14834,14835,14835,1,1
2022-07-28 16:01:39.796,14834,14835,14835,2,2
2022-07-28 16:01:42.422,14834,14836,14836,1,1
2022-07-28 16:01:50.293,14834,14835,14834,1,-1
2022-07-28 16:01:50.296,14834,14835,14834,1,-1
2022-07-28 16:01:55.600,14833,14834,14833,3,-3
2022-07-28 16:01:59.391,14832,14834,14834,1,1
2022-07-28 16:02:01.755,14832,14833,14833,1,1
2022-07-28 16:02:01.952,14832,14833,14832,3,-3
2022-07-28 16:02:11.738,14832,14833,14832,1,-1
2022-07-28 16:02:13.492,14831,14833,14831,3,-3
2022-07-28 16:02:19.429,14831,14832,14831,1,-1
2022-07-28 16:02:19.740,14831,14832,14832,1,1
2022-07-28 16:02:22.926,14831,14832,14831,1,-1
2022-07-28 16:02:22.926,14831,14832,14831,4,-4
2022-07-28 16:02:22.926,14831,14832,14831,2,-2
2022-07-28 16:02:23.260,14830,14831,14831,1,1
2022-07-28 16:02:26.048,14830,14831,14830,4,-4
2022-07-28 16:02:28.668,14828,14830,14828,5,-5
2022-07-28 16:02:32.684,14829,14830,14829,2,-2
2022-07-28 16:02:37.403,14828,14829,14828,11,-11
2022-07-28 16:02:40.898,14828,14829,14828,1,-1
2022-07-28 16:02:44.860,14827,14828,14827,1,-1
2022-07-28 16:02:47.468,14827,14828,14828,1,1
2022-07-28 16:02:47.740,14828,14829,14828,1,-1
2022-07-28 16:02:50.495,14827,14829,14827,1,-1
2022-07-28 16:02:53.605,14828,14829,14828,5,-5
2022-07-28 16:02:56.189,14828,14829,14829,1,1
2022-07-28 16:02:56.190,14828,14829,14829,1,1
2022-07-28 16:02:57.411,14828,14829,14828,1,-1
2022-07-28 16:02:57.641,14828,14829,14828,1,-1
2022-07-28 16:02:57.940,14828,14829,14829,1,1
2022-07-28 16:02:58.129,14828,14830,14828,1,-1
2022-07-28 16:03:02.831,14829,14830,14830,1,1
2022-07-28 16:03:04.746,14829,14831,14831,1,1
2022-07-28 16:03:05.605,14829,14830,14830,1,1
2022-07-28 16:03:06.429,14829,14831,14831,4,4
2022-07-28 16:03:06.449,14829,14831,14829,1,-1
2022-07-28 16:03:07.653,14829,14831,14831,4,4
2022-07-28 16:03:10.625,14828,14830,14830,1,1
2022-07-28 16:03:19.543,14830,14831,14831,2,2
2022-07-28 16:03:22.972,14831,14832,14831,2,-2
2022-07-28 16:03:31.835,14830,14831,14831,1,1
2022-07-28 16:03:40.360,14831,14832,14831,1,-1
2022-07-28 16:03:41.098,14831,14832,14832,4,4
2022-07-28 16:03:45.244,14832,14833,14832,2,-2
2022-07-28 16:03:45.535,14832,14833,14833,2,2
2022-07-28 16:04:17.599,14830,14831,14830,1,-1
2022-07-28 16:04:17.599,14830,14831,14830,2,-2
2022-07-28 16:04:17.600,14830,14831,14830,1,-1
2022-07-28 16:04:17.600,14830,14831,14830,1,-1
2022-07-28 16:04:19.838,14828,14829,14829,1,1
2022-07-28 16:04:24.297,14828,14829,14829,1,1
2022-07-28 16:04:24.913,14828,14829,14829,1,1
2022-07-28 16:04:34.986,14829,14830,14829,5,-5
2022-07-28 16:04:34.987,14829,14830,14829,1,-1
2022-07-28 16:04:39.722,14829,14830,14830,1,1
2022-07-28 16:04:39.722,14829,14830,14830,1,1
2022-07-28 16:04:48.255,14829,14830,14830,1,1
2022-07-28 16:05:10.834,14830,14831,14831,1,1
2022-07-28 16:05:11.215,14830,14831,14830,1,-1
