2022-08-08 15:00:00.015,14955,14956,14960,104,104
2022-08-08 15:00:00.018,14955,14956,14959,9,9
2022-08-08 15:00:00.136,14958,14960,14960,2,2
2022-08-08 15:00:00.161,14958,14960,14960,1,1
2022-08-08 15:00:00.260,14958,14960,14959,1,1
2022-08-08 15:00:00.285,14958,14960,14959,1,1
2022-08-08 15:00:00.322,14958,14959,14959,4,4
2022-08-08 15:00:00.322,14958,14959,14960,15,15
2022-08-08 15:00:00.323,14958,14959,14960,1,1
2022-08-08 15:00:00.323,14958,14959,14960,20,20
2022-08-08 15:00:00.409,14958,14959,14958,1,-1
2022-08-08 15:00:00.534,14958,14961,14960,1,1
2022-08-08 15:00:00.789,14958,14960,14960,4,4
2022-08-08 15:00:00.800,14958,14960,14958,1,-1
2022-08-08 15:00:00.922,14958,14960,14960,2,2
2022-08-08 15:00:00.985,14958,14960,14960,2,2
2022-08-08 15:00:01.009,14958,14960,14960,1,1
2022-08-08 15:00:01.022,14958,14960,14958,6,-6
2022-08-08 15:00:01.078,14957,14959,14959,2,2
2022-08-08 15:00:01.130,14957,14959,14959,2,2
2022-08-08 15:00:01.131,14957,14959,14957,7,-7
2022-08-08 15:00:01.185,14957,14959,14959,2,2
2022-08-08 15:00:01.308,14957,14959,14959,1,1
2022-08-08 15:00:01.323,14957,14959,14959,1,1
2022-08-08 15:00:01.363,14957,14959,14957,2,-2
2022-08-08 15:00:01.571,14956,14958,14958,1,1
2022-08-08 15:00:01.571,14956,14958,14959,1,1
2022-08-08 15:00:01.577,14956,14958,14959,2,2
2022-08-08 15:00:01.581,14956,14958,14957,1,1
2022-08-08 15:00:01.968,14957,14959,14959,2,2
2022-08-08 15:00:02.295,14956,14958,14958,2,2
2022-08-08 15:00:02.295,14956,14958,14959,2,2
2022-08-08 15:00:02.650,14956,14958,14956,1,-1
2022-08-08 15:00:03.301,14956,14958,14958,5,5
2022-08-08 15:00:04.165,14956,14957,14956,1,-1
2022-08-08 15:00:04.512,14955,14957,14957,1,1
2022-08-08 15:00:04.801,14955,14956,14956,1,1
2022-08-08 15:00:04.801,14955,14956,14957,1,1
2022-08-08 15:00:05.265,14955,14956,14955,3,-3
2022-08-08 15:00:05.427,14954,14956,14956,1,1
2022-08-08 15:00:05.471,14954,14956,14954,2,-2
2022-08-08 15:00:05.558,14954,14956,14954,2,-2
2022-08-08 15:00:05.691,14954,14956,14954,1,-1
2022-08-08 15:00:05.704,14954,14956,14956,1,1
2022-08-08 15:00:05.768,14954,14956,14956,1,1
2022-08-08 15:00:05.768,14954,14956,14956,1,1
2022-08-08 15:00:05.771,14954,14956,14956,13,13
2022-08-08 15:00:05.786,14956,14957,14956,1,-1
2022-08-08 15:00:05.837,14956,14957,14955,4,-4
2022-08-08 15:00:05.837,14956,14957,14954,4,-4
2022-08-08 15:00:05.837,14956,14957,14954,7,-7
2022-08-08 15:00:05.837,14956,14957,14953,1,-1
2022-08-08 15:00:06.047,14954,14955,14954,2,-2
2022-08-08 15:00:06.058,14954,14955,14955,1,1
2022-08-08 15:00:06.147,14954,14955,14955,1,1
2022-08-08 15:00:06.177,14955,14956,14955,1,-1
2022-08-08 15:00:06.188,14955,14956,14954,2,-2
2022-08-08 15:00:06.302,14954,14955,14955,1,1
2022-08-08 15:00:06.304,14954,14955,14955,2,2
2022-08-08 15:00:06.516,14955,14956,14955,2,-2
2022-08-08 15:00:06.521,14955,14956,14955,1,-1
2022-08-08 15:00:06.827,14955,14956,14955,2,-2
2022-08-08 15:00:06.827,14955,14956,14954,2,-2
2022-08-08 15:00:07.291,14954,14956,14954,1,-1
2022-08-08 15:00:07.961,14954,14956,14956,1,1
2022-08-08 15:00:08.171,14955,14956,14955,1,-1
2022-08-08 15:00:08.691,14955,14956,14956,3,3
2022-08-08 15:00:08.710,14955,14956,14956,11,11
2022-08-08 15:00:08.763,14955,14956,14957,1,1
2022-08-08 15:00:08.830,14955,14957,14955,1,-1
2022-08-08 15:00:08.830,14955,14957,14955,1,-1
2022-08-08 15:00:09.470,14955,14957,14957,1,1
2022-08-08 15:00:09.472,14955,14957,14956,1,1
2022-08-08 15:00:09.544,14955,14957,14955,5,-5
2022-08-08 15:00:09.544,14955,14957,14954,3,-3
2022-08-08 15:00:09.825,14953,14955,14953,2,-2
2022-08-08 15:00:09.825,14953,14955,14953,2,-2
2022-08-08 15:00:10.091,14953,14955,14955,1,1
2022-08-08 15:00:10.632,14953,14955,14955,1,1
2022-08-08 15:00:10.995,14953,14955,14955,1,1
2022-08-08 15:00:11.709,14954,14955,14955,1,1
2022-08-08 15:00:12.351,14954,14956,14954,5,-5
2022-08-08 15:00:12.678,14955,14956,14955,1,-1
2022-08-08 15:00:12.878,14955,14956,14955,2,-2
2022-08-08 15:00:14.344,14955,14956,14956,1,1
2022-08-08 15:00:14.493,14955,14956,14956,1,1
2022-08-08 15:00:14.533,14955,14956,14956,1,1
2022-08-08 15:00:14.720,14955,14956,14956,1,1
2022-08-08 15:00:14.810,14955,14956,14956,1,1
2022-08-08 15:00:15.184,14955,14956,14955,1,-1
2022-08-08 15:00:15.622,14955,14956,14955,1,-1
2022-08-08 15:00:16.002,14954,14955,14955,1,1
2022-08-08 15:00:16.108,14955,14956,14955,1,-1
2022-08-08 15:00:16.446,14954,14956,14954,4,-4
2022-08-08 15:00:16.608,14954,14955,14954,1,-1
2022-08-08 15:00:16.808,14953,14955,14953,1,-1
2022-08-08 15:00:16.897,14953,14955,14953,1,-1
2022-08-08 15:00:17.228,14953,14955,14955,1,1
2022-08-08 15:00:17.354,14953,14954,14954,1,1
2022-08-08 15:00:17.445,14953,14954,14953,1,-1
2022-08-08 15:00:17.512,14953,14954,14953,1,-1
2022-08-08 15:00:17.558,14953,14954,14953,1,-1
2022-08-08 15:00:17.558,14953,14954,14953,2,-2
2022-08-08 15:00:17.681,14952,14954,14952,1,-1
2022-08-08 15:00:17.802,14952,14954,14952,1,-1
2022-08-08 15:00:18.000,14952,14954,14954,1,1
2022-08-08 15:00:18.038,14952,14954,14954,1,1
2022-08-08 15:00:18.348,14953,14954,14953,3,-3
2022-08-08 15:00:18.445,14953,14954,14953,1,-1
2022-08-08 15:00:18.445,14953,14954,14952,2,-2
2022-08-08 15:00:18.610,14952,14954,14952,4,-4
2022-08-08 15:00:19.600,14953,14954,14954,1,1
2022-08-08 15:00:19.611,14953,14954,14953,1,-1
2022-08-08 15:00:20.126,14953,14954,14953,1,-1
2022-08-08 15:00:20.188,14952,14954,14954,1,1
2022-08-08 15:00:20.277,14952,14954,14955,5,5
2022-08-08 15:00:20.299,14954,14956,14956,1,1
2022-08-08 15:00:20.497,14954,14956,14955,1,1
2022-08-08 15:00:20.610,14954,14956,14954,3,-3
2022-08-08 15:00:20.617,14954,14956,14954,3,-3
2022-08-08 15:00:20.658,14954,14956,14954,1,-1
2022-08-08 15:00:20.658,14954,14956,14953,2,-2
2022-08-08 15:00:21.290,14954,14955,14954,1,-1
2022-08-08 15:00:21.327,14954,14955,14955,1,1
2022-08-08 15:00:21.659,14954,14955,14954,1,-1
2022-08-08 15:00:22.660,14954,14955,14954,3,-3
2022-08-08 15:00:22.935,14954,14955,14955,1,1
2022-08-08 15:00:22.936,14954,14955,14955,3,3
2022-08-08 15:00:23.220,14954,14956,14956,2,2
2022-08-08 15:00:23.661,14954,14956,14954,2,-2
2022-08-08 15:00:23.749,14954,14956,14955,1,-1
2022-08-08 15:00:23.948,14954,14956,14955,1,-1
2022-08-08 15:00:24.426,14955,14956,14955,2,-2
2022-08-08 15:00:25.185,14955,14956,14956,1,1
2022-08-08 15:00:25.365,14955,14956,14956,1,1
2022-08-08 15:00:25.365,14955,14956,14957,1,1
2022-08-08 15:00:26.526,14955,14957,14955,2,-2
2022-08-08 15:00:28.022,14955,14957,14955,1,-1
2022-08-08 15:00:28.241,14955,14957,14957,1,1
2022-08-08 15:00:28.301,14955,14957,14955,4,-4
2022-08-08 15:00:29.290,14955,14957,14955,1,-1
2022-08-08 15:00:30.890,14956,14957,14956,1,-1
2022-08-08 15:00:31.550,14955,14957,14956,1,-1
2022-08-08 15:00:31.822,14955,14957,14957,5,5
2022-08-08 15:00:32.022,14956,14958,14956,1,-1
2022-08-08 15:00:32.355,14956,14958,14958,7,7
2022-08-08 15:00:33.524,14957,14959,14959,1,1
2022-08-08 15:00:34.248,14958,14959,14958,1,-1
2022-08-08 15:00:35.051,14958,14959,14958,3,-3
2022-08-08 15:00:35.084,14958,14959,14957,1,-1
2022-08-08 15:00:35.930,14958,14959,14959,2,2
2022-08-08 15:00:36.269,14958,14959,14958,1,-1
2022-08-08 15:00:36.329,14958,14959,14958,3,-3
2022-08-08 15:00:36.329,14958,14959,14957,1,-1
2022-08-08 15:00:37.735,14958,14959,14958,1,-1
2022-08-08 15:00:37.735,14958,14959,14957,3,-3
2022-08-08 15:00:39.223,14956,14958,14956,3,-3
2022-08-08 15:00:40.031,14956,14958,14958,2,2
2022-08-08 15:00:40.249,14956,14958,14958,1,1
2022-08-08 15:00:40.249,14956,14958,14959,3,3
2022-08-08 15:00:40.264,14956,14958,14959,1,1
2022-08-08 15:00:40.316,14957,14959,14959,2,2
2022-08-08 15:00:41.057,14958,14959,14958,1,-1
2022-08-08 15:00:42.456,14958,14959,14959,1,1
2022-08-08 15:00:42.639,14958,14959,14959,2,2
2022-08-08 15:00:42.995,14958,14959,14959,1,1
2022-08-08 15:00:43.921,14958,14959,14959,1,1
2022-08-08 15:00:45.228,14958,14959,14959,5,5
2022-08-08 15:00:45.228,14958,14959,14960,1,1
2022-08-08 15:00:45.292,14958,14959,14958,2,-2
2022-08-08 15:00:45.323,14958,14959,14959,1,1
2022-08-08 15:00:45.566,14958,14959,14959,1,1
2022-08-08 15:00:45.675,14958,14959,14959,1,1
2022-08-08 15:00:45.675,14958,14959,14960,1,1
2022-08-08 15:00:46.358,14958,14960,14958,1,-1
2022-08-08 15:00:46.571,14958,14959,14958,3,-3
2022-08-08 15:00:47.067,14957,14959,14959,1,1
2022-08-08 15:00:48.414,14958,14959,14959,1,1
2022-08-08 15:00:48.693,14958,14959,14959,3,3
2022-08-08 15:00:48.807,14959,14960,14959,2,-2
2022-08-08 15:00:49.385,14959,14960,14960,1,1
2022-08-08 15:00:49.936,14959,14960,14959,2,-2
2022-08-08 15:00:49.936,14959,14960,14958,2,-2
2022-08-08 15:00:50.144,14958,14960,14959,1,-1
2022-08-08 15:00:50.144,14958,14960,14960,5,5
2022-08-08 15:00:50.614,14958,14960,14960,1,1
2022-08-08 15:00:50.679,14958,14960,14960,2,2
2022-08-08 15:00:50.825,14959,14961,14959,1,-1
2022-08-08 15:00:51.964,14959,14961,14959,1,-1
2022-08-08 15:00:52.190,14959,14961,14961,1,1
2022-08-08 15:00:53.425,14960,14961,14960,1,-1
2022-08-08 15:00:53.671,14959,14960,14959,1,-1
2022-08-08 15:00:53.671,14959,14960,14959,1,-1
2022-08-08 15:00:53.702,14959,14960,14960,1,1
2022-08-08 15:00:53.702,14959,14960,14960,1,1
2022-08-08 15:00:53.880,14959,14960,14960,1,1
2022-08-08 15:00:53.946,14959,14960,14960,3,3
2022-08-08 15:00:54.225,14959,14960,14960,1,1
2022-08-08 15:00:54.225,14959,14960,14960,1,1
2022-08-08 15:00:54.615,14959,14961,14959,2,-2
2022-08-08 15:00:55.276,14959,14961,14961,4,4
2022-08-08 15:00:57.071,14960,14961,14960,1,-1
2022-08-08 15:00:57.247,14959,14960,14959,4,-4
2022-08-08 15:00:57.347,14958,14960,14960,1,1
2022-08-08 15:00:57.347,14958,14960,14960,1,1
2022-08-08 15:00:57.850,14958,14959,14959,2,2
2022-08-08 15:00:58.203,14958,14960,14959,1,1
2022-08-08 15:00:58.306,14958,14960,14960,1,1
2022-08-08 15:00:58.423,14958,14960,14959,1,1
2022-08-08 15:01:00.068,14958,14960,14958,4,-4
2022-08-08 15:01:00.076,14958,14960,14958,2,-2
2022-08-08 15:01:00.088,14958,14960,14957,3,-3
2022-08-08 15:01:00.088,14958,14960,14956,2,-2
2022-08-08 15:01:00.090,14958,14960,14956,1,-1
2022-08-08 15:01:00.097,14958,14960,14955,1,-1
2022-08-08 15:01:00.098,14958,14960,14955,1,-1
2022-08-08 15:01:00.105,14958,14960,14955,1,-1
2022-08-08 15:01:00.116,14958,14960,14955,1,-1
2022-08-08 15:01:00.183,14955,14957,14957,1,1
2022-08-08 15:01:00.188,14955,14957,14957,5,5
2022-08-08 15:01:00.188,14955,14957,14958,5,5
2022-08-08 15:01:00.322,14956,14958,14956,1,-1
2022-08-08 15:01:00.349,14956,14958,14958,1,1
2022-08-08 15:01:00.361,14956,14958,14958,1,1
2022-08-08 15:01:00.385,14956,14958,14956,3,-3
2022-08-08 15:01:00.407,14956,14958,14958,1,1
2022-08-08 15:01:00.516,14956,14958,14956,9,-9
2022-08-08 15:01:00.516,14956,14958,14955,4,-4
2022-08-08 15:01:00.701,14955,14957,14957,6,6
2022-08-08 15:01:01.083,14956,14958,14958,1,1
2022-08-08 15:01:01.774,14956,14958,14956,1,-1
2022-08-08 15:01:03.124,14956,14958,14957,1,-1
2022-08-08 15:01:03.600,14956,14958,14958,10,10
2022-08-08 15:01:03.731,14957,14959,14957,8,-8
2022-08-08 15:01:07.106,14957,14958,14957,1,-1
2022-08-08 15:01:08.117,14957,14958,14957,1,-1
2022-08-08 15:01:09.621,14957,14958,14957,1,-1
2022-08-08 15:01:10.554,14957,14958,14957,1,-1
2022-08-08 15:01:13.067,14957,14958,14957,1,-1
2022-08-08 15:01:13.606,14957,14958,14957,2,-2
2022-08-08 15:01:18.380,14956,14958,14957,3,-3
2022-08-08 15:01:18.461,14956,14958,14958,1,1
2022-08-08 15:01:20.187,14957,14958,14958,10,10
2022-08-08 15:01:20.240,14957,14958,14958,3,3
2022-08-08 15:01:21.222,14957,14958,14958,1,1
2022-08-08 15:01:21.574,14957,14958,14958,1,1
2022-08-08 15:01:21.873,14957,14958,14958,1,1
2022-08-08 15:01:21.930,14957,14958,14958,1,1
2022-08-08 15:01:22.146,14957,14959,14959,1,1
2022-08-08 15:01:22.204,14957,14959,14959,1,1
2022-08-08 15:01:22.204,14957,14959,14959,1,1
2022-08-08 15:01:23.494,14958,14960,14959,1,1
2022-08-08 15:01:23.529,14958,14960,14959,1,1
2022-08-08 15:01:25.256,14958,14960,14958,6,-6
2022-08-08 15:01:27.217,14958,14959,14959,2,2
2022-08-08 15:01:29.055,14958,14959,14958,2,-2
2022-08-08 15:01:30.252,14958,14959,14958,1,-1
2022-08-08 15:01:30.676,14958,14959,14958,1,-1
2022-08-08 15:01:30.676,14958,14959,14958,6,-6
2022-08-08 15:01:31.275,14957,14959,14958,1,-1
2022-08-08 15:01:31.783,14957,14958,14958,1,1
2022-08-08 15:01:32.005,14957,14959,14958,1,1
2022-08-08 15:01:32.285,14957,14958,14958,1,1
2022-08-08 15:01:32.788,14957,14958,14957,1,-1
2022-08-08 15:01:35.385,14957,14958,14957,1,-1
2022-08-08 15:01:37.977,14957,14958,14958,1,1
2022-08-08 15:01:39.383,14957,14958,14958,1,1
2022-08-08 15:01:40.681,14958,14959,14958,3,-3
2022-08-08 15:01:40.725,14958,14959,14959,10,10
2022-08-08 15:01:40.725,14958,14959,14960,20,20
2022-08-08 15:01:40.725,14958,14959,14961,70,70
2022-08-08 15:01:40.789,14959,14961,14961,1,1
2022-08-08 15:01:42.483,14960,14961,14960,1,-1
2022-08-08 15:01:42.483,14960,14961,14959,2,-2
2022-08-08 15:01:43.162,14959,14961,14961,2,2
2022-08-08 15:01:48.407,14959,14961,14960,1,1
2022-08-08 15:01:48.417,14959,14961,14961,4,4
2022-08-08 15:01:50.127,14959,14961,14959,1,-1
2022-08-08 15:01:50.598,14959,14961,14959,4,-4
2022-08-08 15:01:51.713,14959,14961,14959,4,-4
2022-08-08 15:01:51.803,14959,14961,14959,10,-10
2022-08-08 15:01:51.804,14959,14961,14959,2,-2
2022-08-08 15:01:51.804,14959,14961,14959,2,-2
2022-08-08 15:01:51.886,14959,14961,14960,1,-1
2022-08-08 15:01:55.277,14958,14960,14960,5,5
2022-08-08 15:02:00.277,14958,14960,14960,1,1
2022-08-08 15:02:00.277,14958,14960,14960,1,1
2022-08-08 15:02:00.495,14959,14960,14959,1,-1
2022-08-08 15:02:00.762,14959,14960,14959,2,-2
2022-08-08 15:02:01.652,14959,14960,14960,9,9
2022-08-08 15:02:01.702,14959,14961,14961,23,23
2022-08-08 15:02:01.702,14959,14961,14961,5,5
2022-08-08 15:02:01.702,14959,14961,14961,8,8
2022-08-08 15:02:01.702,14959,14961,14961,4,4
2022-08-08 15:02:01.702,14959,14961,14961,4,4
2022-08-08 15:02:01.702,14959,14961,14961,1,1
2022-08-08 15:02:01.702,14959,14961,14961,2,2
2022-08-08 15:02:01.702,14959,14961,14961,1,1
2022-08-08 15:02:01.703,14959,14961,14961,2,2
2022-08-08 15:02:01.703,14959,14961,14961,1,1
2022-08-08 15:02:01.753,14959,14961,14961,31,31
2022-08-08 15:02:01.754,14959,14961,14962,1,1
2022-08-08 15:02:01.934,14961,14962,14962,2,2
2022-08-08 15:02:03.181,14961,14962,14962,1,1
2022-08-08 15:02:05.542,14961,14962,14962,1,1
2022-08-08 15:02:06.488,14961,14962,14962,1,1
2022-08-08 15:02:07.111,14961,14962,14962,1,1
2022-08-08 15:02:07.400,14961,14962,14962,1,1
2022-08-08 15:02:09.445,14961,14962,14962,1,1
2022-08-08 15:02:13.363,14961,14962,14962,1,1
2022-08-08 15:02:15.276,14961,14962,14962,7,7
2022-08-08 15:02:15.551,14961,14962,14962,1,1
2022-08-08 15:02:16.375,14961,14962,14961,1,-1
2022-08-08 15:02:17.114,14961,14962,14962,1,1
2022-08-08 15:02:18.712,14962,14963,14962,1,-1
2022-08-08 15:02:20.185,14962,14963,14963,5,5
2022-08-08 15:02:24.832,14962,14963,14962,4,-4
2022-08-08 15:02:24.832,14962,14963,14961,6,-6
2022-08-08 15:02:25.633,14961,14963,14961,1,-1
2022-08-08 15:02:30.111,14961,14962,14962,3,3
2022-08-08 15:02:30.295,14962,14963,14962,1,-1
2022-08-08 15:02:30.381,14962,14963,14962,1,-1
2022-08-08 15:02:31.948,14962,14963,14962,2,-2
2022-08-08 15:02:33.757,14962,14963,14962,2,-2
2022-08-08 15:02:34.882,14962,14963,14963,1,1
2022-08-08 15:02:35.001,14962,14963,14963,3,3
2022-08-08 15:02:35.002,14962,14963,14963,25,25
2022-08-08 15:02:35.101,14963,14964,14964,5,5
2022-08-08 15:02:35.853,14963,14965,14963,5,-5
2022-08-08 15:02:36.640,14963,14964,14964,1,1
2022-08-08 15:02:37.869,14964,14965,14965,1,1
2022-08-08 15:02:38.505,14964,14965,14965,1,1
2022-08-08 15:02:40.186,14964,14965,14965,6,6
2022-08-08 15:02:41.249,14964,14965,14965,1,1
2022-08-08 15:02:41.643,14964,14965,14964,1,-1
2022-08-08 15:02:41.837,14964,14965,14965,1,1
2022-08-08 15:02:43.624,14965,14966,14966,5,5
2022-08-08 15:02:43.624,14965,14966,14966,2,2
2022-08-08 15:02:43.624,14965,14966,14966,1,1
2022-08-08 15:02:43.624,14965,14966,14966,2,2
2022-08-08 15:02:43.624,14965,14966,14966,1,1
2022-08-08 15:02:43.625,14965,14966,14966,1,1
2022-08-08 15:02:43.627,14965,14966,14966,1,1
2022-08-08 15:02:43.670,14965,14966,14965,1,-1
2022-08-08 15:02:43.811,14965,14966,14966,1,1
2022-08-08 15:02:44.062,14966,14967,14967,9,9
2022-08-08 15:02:44.266,14967,14968,14968,1,1
2022-08-08 15:02:44.515,14967,14968,14967,1,-1
2022-08-08 15:02:44.519,14967,14968,14967,12,-12
2022-08-08 15:02:44.519,14967,14968,14967,8,-8
2022-08-08 15:02:44.802,14966,14967,14967,5,5
2022-08-08 15:02:45.008,14966,14967,14967,4,4
2022-08-08 15:02:45.422,14967,14968,14967,1,-1
2022-08-08 15:02:45.422,14967,14968,14966,9,-9
2022-08-08 15:02:46.019,14967,14968,14967,1,-1
2022-08-08 15:02:46.206,14966,14967,14967,1,1
2022-08-08 15:02:49.556,14966,14967,14966,1,-1
2022-08-08 15:02:49.572,14966,14967,14966,1,-1
2022-08-08 15:02:49.741,14965,14966,14966,1,1
2022-08-08 15:02:50.617,14965,14966,14966,1,1
2022-08-08 15:02:51.133,14965,14966,14966,1,1
2022-08-08 15:02:51.395,14965,14966,14966,2,2
2022-08-08 15:02:51.964,14965,14966,14966,1,1
2022-08-08 15:02:51.984,14965,14966,14965,1,-1
2022-08-08 15:02:55.035,14965,14966,14966,3,3
2022-08-08 15:02:55.035,14965,14966,14967,14,14
2022-08-08 15:02:55.693,14966,14967,14966,2,-2
2022-08-08 15:02:56.429,14966,14967,14966,1,-1
2022-08-08 15:02:56.962,14966,14967,14966,2,-2
2022-08-08 15:02:58.223,14966,14967,14966,2,-2
2022-08-08 15:02:58.344,14966,14967,14967,4,4
2022-08-08 15:03:01.355,14965,14966,14965,7,-7
2022-08-08 15:03:05.209,14965,14966,14966,4,4
2022-08-08 15:03:05.209,14965,14966,14967,1,1
2022-08-08 15:03:05.289,14965,14967,14967,1,1
2022-08-08 15:03:10.200,14966,14967,14966,1,-1
2022-08-08 15:03:11.927,14966,14967,14966,1,-1
2022-08-08 15:03:14.501,14965,14966,14965,2,-2
2022-08-08 15:03:18.836,14964,14965,14964,1,-1
2022-08-08 15:03:19.070,14964,14965,14965,1,1
2022-08-08 15:03:19.183,14964,14965,14964,1,-1
2022-08-08 15:03:21.107,14962,14964,14964,1,1
2022-08-08 15:03:21.756,14962,14964,14962,1,-1
2022-08-08 15:03:22.827,14963,14964,14964,1,1
2022-08-08 15:03:25.566,14964,14965,14965,1,1
2022-08-08 15:03:26.923,14964,14965,14964,1,-1
2022-08-08 15:03:30.097,14964,14965,14965,1,1
2022-08-08 15:03:30.097,14964,14965,14965,1,1
2022-08-08 15:03:30.097,14964,14965,14965,1,1
2022-08-08 15:03:30.097,14964,14965,14965,2,2
2022-08-08 15:03:30.494,14964,14966,14965,1,1
2022-08-08 15:03:30.673,14965,14966,14965,1,-1
2022-08-08 15:03:31.495,14965,14966,14966,7,7
2022-08-08 15:03:32.330,14965,14967,14965,1,-1
2022-08-08 15:03:32.547,14965,14967,14965,1,-1
2022-08-08 15:03:33.826,14966,14967,14967,2,2
2022-08-08 15:03:34.583,14966,14967,14966,1,-1
2022-08-08 15:03:35.995,14966,14967,14966,1,-1
2022-08-08 15:03:36.451,14966,14967,14967,1,1
2022-08-08 15:03:36.452,14966,14967,14967,16,16
2022-08-08 15:03:38.631,14967,14968,14968,2,2
2022-08-08 15:03:38.834,14967,14968,14967,1,-1
2022-08-08 15:03:39.825,14967,14968,14967,1,-1
2022-08-08 15:03:40.186,14967,14968,14968,5,5
2022-08-08 15:03:40.186,14967,14968,14967,1,-1
2022-08-08 15:03:40.997,14967,14968,14967,1,-1
2022-08-08 15:03:42.296,14967,14968,14967,2,-2
2022-08-08 15:03:42.296,14967,14968,14966,1,-1
2022-08-08 15:03:45.087,14967,14968,14967,1,-1
2022-08-08 15:03:45.638,14966,14968,14966,5,-5
2022-08-08 15:03:46.211,14966,14967,14967,2,2
2022-08-08 15:03:47.627,14966,14968,14968,1,1
2022-08-08 15:03:50.028,14967,14968,14968,1,1
2022-08-08 15:03:50.585,14967,14968,14968,8,8
2022-08-08 15:03:51.436,14968,14969,14968,1,-1
2022-08-08 15:03:51.709,14967,14968,14968,1,1
2022-08-08 15:03:53.784,14967,14968,14968,1,1
2022-08-08 15:03:55.003,14967,14969,14969,1,1
2022-08-08 15:03:55.084,14967,14969,14969,11,11
2022-08-08 15:03:56.176,14969,14970,14969,1,-1
2022-08-08 15:03:56.220,14969,14970,14969,1,-1
2022-08-08 15:03:58.111,14969,14970,14970,2,2
2022-08-08 15:04:00.184,14969,14970,14970,3,3
2022-08-08 15:04:00.289,14969,14970,14970,1,1
2022-08-08 15:04:00.512,14969,14970,14970,1,1
2022-08-08 15:04:00.575,14969,14970,14970,1,1
2022-08-08 15:04:00.699,14969,14970,14970,1,1
2022-08-08 15:04:01.006,14969,14970,14969,3,-3
2022-08-08 15:04:01.006,14969,14970,14969,6,-6
2022-08-08 15:04:01.290,14968,14969,14969,4,4
2022-08-08 15:04:04.495,14968,14969,14969,1,1
2022-08-08 15:04:04.553,14968,14969,14969,1,1
2022-08-08 15:04:04.766,14968,14969,14969,1,1
2022-08-08 15:04:07.102,14968,14969,14969,1,1
2022-08-08 15:04:07.473,14968,14969,14969,1,1
2022-08-08 15:04:08.347,14968,14969,14968,1,-1
2022-08-08 15:04:08.455,14968,14969,14968,4,-4
2022-08-08 15:04:08.618,14967,14968,14967,1,-1
2022-08-08 15:04:08.734,14967,14968,14968,1,1
2022-08-08 15:04:08.734,14967,14968,14968,1,1
2022-08-08 15:04:09.055,14967,14968,14968,1,1
2022-08-08 15:04:09.565,14967,14968,14968,1,1
2022-08-08 15:04:15.717,14967,14968,14967,1,-1
2022-08-08 15:04:17.437,14967,14968,14967,1,-1
2022-08-08 15:04:17.437,14967,14968,14967,1,-1
2022-08-08 15:04:17.717,14966,14967,14967,1,1
2022-08-08 15:04:17.717,14966,14967,14967,1,1
2022-08-08 15:04:17.992,14966,14967,14967,1,1
2022-08-08 15:04:18.270,14966,14967,14967,1,1
2022-08-08 15:04:18.795,14966,14967,14967,2,2
2022-08-08 15:04:19.071,14966,14967,14967,1,1
2022-08-08 15:04:25.298,14967,14968,14968,1,1
2022-08-08 15:04:25.356,14967,14968,14967,1,-1
2022-08-08 15:04:27.777,14967,14968,14968,1,1
2022-08-08 15:04:28.663,14967,14968,14968,7,7
2022-08-08 15:04:31.949,14967,14968,14968,1,1
2022-08-08 15:04:35.596,14967,14968,14968,1,1
2022-08-08 15:04:37.807,14967,14968,14968,6,6
2022-08-08 15:04:37.907,14967,14968,14969,1,1
2022-08-08 15:04:37.907,14967,14968,14969,1,1
2022-08-08 15:04:38.029,14968,14970,14970,5,5
2022-08-08 15:04:38.029,14968,14970,14970,8,8
2022-08-08 15:04:38.328,14970,14971,14971,12,12
2022-08-08 15:04:38.343,14970,14971,14971,1,1
2022-08-08 15:04:38.344,14970,14971,14971,1,1
2022-08-08 15:04:38.344,14970,14971,14971,1,1
2022-08-08 15:04:38.693,14971,14972,14972,2,2
2022-08-08 15:04:41.033,14969,14970,14970,1,1
2022-08-08 15:04:42.984,14970,14971,14970,1,-1
2022-08-08 15:04:43.480,14969,14970,14970,1,1
2022-08-08 15:04:44.319,14970,14971,14971,2,2
2022-08-08 15:04:45.383,14970,14971,14971,2,2
2022-08-08 15:04:46.497,14970,14971,14970,2,-2
2022-08-08 15:04:46.567,14969,14970,14970,1,1
2022-08-08 15:04:47.185,14969,14970,14969,1,-1
2022-08-08 15:04:49.396,14969,14970,14969,1,-1
2022-08-08 15:04:49.417,14969,14970,14969,1,-1
2022-08-08 15:04:50.006,14968,14970,14970,5,5
2022-08-08 15:04:51.627,14968,14969,14969,1,1
2022-08-08 15:04:51.839,14968,14969,14969,1,1
2022-08-08 15:04:51.884,14968,14969,14969,2,2
2022-08-08 15:04:51.888,14968,14969,14969,1,1
2022-08-08 15:04:52.464,14969,14970,14970,1,1
2022-08-08 15:04:52.732,14969,14970,14969,1,-1
2022-08-08 15:04:54.015,14968,14970,14970,1,1
2022-08-08 15:04:58.842,14969,14970,14970,1,1
2022-08-08 15:04:59.812,14969,14970,14970,2,2
2022-08-08 15:05:00.181,14969,14970,14970,1,1
2022-08-08 15:05:00.641,14969,14970,14970,4,4
2022-08-08 15:05:01.641,14970,14971,14971,3,3
2022-08-08 15:05:03.699,14970,14972,14972,5,5
2022-08-08 15:05:03.976,14970,14971,14971,5,5
2022-08-08 15:05:05.447,14970,14971,14970,1,-1
2022-08-08 15:05:05.804,14970,14971,14970,3,-3
2022-08-08 15:05:05.808,14970,14971,14970,1,-1
2022-08-08 15:05:08.007,14970,14971,14970,2,-2
2022-08-08 15:05:08.867,14970,14971,14970,1,-1
2022-08-08 15:05:10.123,14970,14971,14970,1,-1
2022-08-08 15:05:13.545,14970,14971,14970,1,-1
2022-08-08 15:05:14.082,14970,14971,14970,2,-2
2022-08-08 15:05:15.138,14970,14971,14970,1,-1
2022-08-08 15:05:19.455,14970,14971,14970,1,-1
2022-08-08 15:05:19.731,14968,14970,14970,1,1
2022-08-08 15:05:20.540,14969,14971,14971,10,10
2022-08-08 15:05:20.715,14971,14972,14972,13,13
2022-08-08 15:05:21.143,14970,14972,14972,2,2
2022-08-08 15:05:21.143,14970,14972,14973,5,5
2022-08-08 15:05:22.153,14971,14972,14972,1,1
2022-08-08 15:05:26.896,14970,14972,14971,1,1
2022-08-08 15:05:27.175,14970,14972,14972,1,1
2022-08-08 15:05:29.983,14970,14971,14970,1,-1
2022-08-08 15:05:30.005,14970,14971,14970,1,-1
2022-08-08 15:05:34.405,14969,14970,14970,1,1
2022-08-08 15:05:35.150,14969,14970,14969,1,-1
2022-08-08 15:05:35.411,14968,14969,14968,1,-1
2022-08-08 15:05:35.720,14968,14969,14969,1,1
2022-08-08 15:05:36.455,14968,14969,14968,13,-13
2022-08-08 15:05:55.815,14968,14969,14968,5,-5
2022-08-08 15:05:57.134,14968,14969,14968,2,-2
2022-08-08 15:05:59.709,14967,14968,14968,8,8
2022-08-08 15:06:03.860,14968,14969,14969,2,2
2022-08-08 15:06:04.428,14968,14969,14968,1,-1
2022-08-08 15:06:04.565,14968,14969,14968,4,-4
2022-08-08 15:06:07.377,14968,14969,14968,5,-5
2022-08-08 15:06:11.211,14967,14968,14968,1,1
2022-08-08 15:06:11.446,14967,14968,14967,1,-1
2022-08-08 15:06:11.612,14967,14968,14968,1,1
2022-08-08 15:06:11.917,14968,14969,14968,2,-2
2022-08-08 15:06:13.080,14967,14968,14967,1,-1
2022-08-08 15:06:13.986,14967,14968,14968,7,7
2022-08-08 15:06:18.723,14968,14969,14968,1,-1
2022-08-08 15:06:20.189,14968,14969,14969,2,2
2022-08-08 15:06:21.734,14968,14969,14968,1,-1
2022-08-08 15:06:28.158,14967,14968,14967,11,-11
2022-08-08 15:06:30.899,14966,14967,14966,1,-1
2022-08-08 15:06:37.839,14966,14967,14967,1,1
2022-08-08 15:06:38.733,14966,14967,14966,2,-2
2022-08-08 15:06:39.188,14966,14967,14966,1,-1
2022-08-08 15:06:40.173,14966,14967,14966,2,-2
2022-08-08 15:06:40.204,14966,14967,14966,2,-2
2022-08-08 15:06:46.390,14966,14967,14966,1,-1
2022-08-08 15:06:46.580,14966,14967,14966,1,-1
2022-08-08 15:06:46.899,14966,14967,14966,1,-1
2022-08-08 15:06:49.329,14966,14967,14966,1,-1
2022-08-08 15:06:52.963,14966,14967,14966,1,-1
2022-08-08 15:06:53.471,14966,14967,14967,2,2
2022-08-08 15:06:55.724,14967,14968,14968,5,5
2022-08-08 15:06:55.724,14967,14968,14968,2,2
2022-08-08 15:06:59.326,14967,14968,14968,1,1
2022-08-08 15:07:00.484,14967,14968,14968,2,2
2022-08-08 15:07:02.056,14967,14968,14968,1,1
2022-08-08 15:07:02.191,14967,14969,14969,1,1
2022-08-08 15:07:03.547,14967,14969,14967,1,-1
2022-08-08 15:07:03.825,14967,14968,14968,1,1
2022-08-08 15:07:08.244,14968,14969,14968,1,-1
2022-08-08 15:07:10.226,14967,14968,14967,2,-2
2022-08-08 15:07:10.856,14966,14967,14966,7,-7
2022-08-08 15:07:12.294,14965,14967,14967,1,1
2022-08-08 15:07:12.463,14965,14966,14966,1,1
2022-08-08 15:07:14.883,14965,14966,14965,1,-1
2022-08-08 15:07:14.883,14965,14966,14965,3,-3
2022-08-08 15:07:14.884,14965,14966,14965,1,-1
2022-08-08 15:07:14.884,14965,14966,14965,2,-2
2022-08-08 15:07:14.884,14965,14966,14965,1,-1
2022-08-08 15:07:14.884,14965,14966,14965,1,-1
2022-08-08 15:07:15.763,14964,14966,14964,1,-1
2022-08-08 15:07:17.029,14964,14966,14964,1,-1
2022-08-08 15:07:17.514,14964,14966,14966,2,2
2022-08-08 15:07:19.043,14964,14966,14964,1,-1
2022-08-08 15:07:19.509,14964,14965,14964,2,-2
2022-08-08 15:07:20.998,14963,14965,14965,1,1
2022-08-08 15:07:23.196,14964,14965,14964,2,-2
2022-08-08 15:07:27.239,14964,14965,14965,1,1
2022-08-08 15:07:38.142,14964,14965,14965,1,1
2022-08-08 15:07:40.090,14964,14965,14964,1,-1
2022-08-08 15:07:42.650,14964,14965,14965,3,3
2022-08-08 15:07:44.065,14964,14965,14965,1,1
2022-08-08 15:07:44.065,14964,14965,14965,5,5
2022-08-08 15:07:44.065,14964,14965,14965,3,3
2022-08-08 15:07:44.343,14965,14966,14966,6,6
2022-08-08 15:07:58.135,14964,14966,14966,1,1
2022-08-08 15:07:58.135,14964,14966,14966,1,1
2022-08-08 15:08:01.432,14964,14965,14965,2,2
2022-08-08 15:08:01.432,14964,14965,14966,3,3
2022-08-08 15:08:08.851,14964,14966,14966,1,1
2022-08-08 15:08:16.858,14964,14965,14965,1,1
2022-08-08 15:08:18.220,14964,14966,14966,1,1
2022-08-08 15:08:25.473,14964,14966,14966,6,6
2022-08-08 15:08:25.664,14966,14967,14966,2,-2
2022-08-08 15:08:31.805,14966,14967,14967,2,2
2022-08-08 15:08:36.077,14967,14968,14968,3,3
2022-08-08 15:08:36.077,14967,14968,14969,1,1
2022-08-08 15:08:37.468,14967,14969,14969,1,1
2022-08-08 15:08:38.375,14967,14969,14967,1,-1
2022-08-08 15:08:42.719,14967,14969,14969,3,3
2022-08-08 15:08:45.627,14968,14969,14969,7,7
2022-08-08 15:08:45.697,14968,14970,14969,1,1
2022-08-08 15:09:00.187,14968,14969,14969,1,1
2022-08-08 15:09:00.192,14968,14969,14969,1,1
2022-08-08 15:09:01.099,14968,14969,14968,1,-1
2022-08-08 15:09:04.840,14968,14969,14968,1,-1
2022-08-08 15:09:04.840,14968,14969,14968,1,-1
2022-08-08 15:09:06.474,14967,14968,14968,2,2
2022-08-08 15:09:08.900,14967,14968,14968,1,1
2022-08-08 15:09:22.780,14967,14968,14968,3,3
2022-08-08 15:09:22.780,14967,14968,14968,2,2
2022-08-08 15:09:27.175,14968,14969,14968,1,-1
2022-08-08 15:09:30.194,14968,14969,14968,1,-1
2022-08-08 15:09:38.327,14967,14968,14968,1,1
2022-08-08 15:09:43.248,14967,14968,14968,1,1
2022-08-08 15:09:47.152,14967,14968,14968,1,1
2022-08-08 15:09:49.732,14967,14968,14967,1,-1
2022-08-08 15:09:55.080,14967,14968,14967,1,-1
2022-08-08 15:09:56.392,14967,14968,14967,2,-2
2022-08-08 15:09:58.100,14967,14968,14967,1,-1
2022-08-08 15:09:59.769,14966,14968,14968,3,3
2022-08-08 15:10:00.058,14968,14969,14967,1,-1
2022-08-08 15:10:01.069,14968,14969,14968,1,-1
2022-08-08 15:10:14.723,14968,14969,14969,3,3
2022-08-08 15:10:17.350,14968,14969,14969,1,1
2022-08-08 15:10:17.350,14968,14969,14969,1,1
2022-08-08 15:10:17.350,14968,14969,14969,3,3
2022-08-08 15:10:17.350,14968,14969,14969,1,1
2022-08-08 15:10:17.350,14968,14969,14969,3,3
2022-08-08 15:10:17.351,14968,14969,14969,4,4
2022-08-08 15:10:17.351,14968,14969,14969,1,1
2022-08-08 15:10:17.352,14968,14969,14969,1,1
2022-08-08 15:10:17.423,14969,14970,14969,1,-1
2022-08-08 15:10:17.483,14969,14970,14969,1,-1
2022-08-08 15:10:17.873,14968,14969,14969,1,1
2022-08-08 15:10:17.943,14968,14970,14969,1,1
2022-08-08 15:10:18.003,14968,14970,14969,1,1
2022-08-08 15:10:29.668,14969,14970,14970,3,3
2022-08-08 15:10:29.750,14969,14970,14969,1,-1
2022-08-08 15:10:32.160,14969,14970,14970,1,1
2022-08-08 15:10:32.506,14969,14970,14969,3,-3
2022-08-08 15:10:38.826,14968,14969,14969,1,1
2022-08-08 15:10:40.186,14968,14969,14969,3,3
2022-08-08 15:10:40.899,14968,14970,14970,15,15
2022-08-08 15:10:41.078,14970,14971,14971,1,1
2022-08-08 15:10:41.388,14970,14971,14971,1,1
2022-08-08 15:10:42.128,14970,14971,14971,1,1
2022-08-08 15:10:42.313,14970,14971,14971,1,1
2022-08-08 15:10:42.364,14970,14971,14970,1,-1
2022-08-08 15:10:42.423,14970,14971,14971,1,1
2022-08-08 15:10:42.424,14970,14971,14971,1,1
2022-08-08 15:10:42.921,14971,14972,14972,2,2
2022-08-08 15:10:42.971,14971,14972,14971,1,-1
2022-08-08 15:10:43.033,14971,14972,14971,1,-1
2022-08-08 15:10:43.093,14971,14972,14971,1,-1
2022-08-08 15:10:44.398,14970,14971,14971,1,1
2022-08-08 15:10:45.617,14970,14971,14971,1,1
2022-08-08 15:10:48.156,14970,14971,14971,1,1
2022-08-08 15:10:51.414,14970,14971,14971,1,1
2022-08-08 15:10:57.152,14971,14972,14971,5,-5
2022-08-08 15:10:57.152,14971,14972,14971,1,-1
2022-08-08 15:10:57.152,14971,14972,14971,1,-1
2022-08-08 15:10:57.152,14971,14972,14971,2,-2
2022-08-08 15:10:57.152,14971,14972,14971,2,-2
2022-08-08 15:10:58.379,14970,14971,14970,7,-7
2022-08-08 15:10:59.131,14969,14970,14970,1,1
2022-08-08 15:11:00.612,14969,14970,14970,1,1
2022-08-08 15:11:15.900,14969,14970,14970,3,3
2022-08-08 15:11:37.622,14969,14970,14970,2,2
2022-08-08 15:11:37.942,14969,14970,14970,2,2
2022-08-08 15:11:38.302,14969,14970,14970,2,2
2022-08-08 15:11:38.623,14969,14970,14970,2,2
2022-08-08 15:11:38.919,14969,14970,14970,2,2
2022-08-08 15:11:39.260,14969,14970,14970,2,2
2022-08-08 15:11:39.592,14969,14970,14970,2,2
2022-08-08 15:11:39.908,14969,14970,14970,2,2
2022-08-08 15:11:39.959,14969,14970,14970,5,5
2022-08-08 15:11:42.981,14970,14971,14971,2,2
2022-08-08 15:11:42.982,14970,14971,14971,1,1
2022-08-08 15:11:43.349,14970,14971,14971,2,2
2022-08-08 15:11:43.350,14970,14971,14971,7,7
2022-08-08 15:11:51.191,14971,14972,14972,2,2
2022-08-08 15:11:51.268,14971,14972,14971,1,-1
2022-08-08 15:11:51.334,14971,14972,14971,1,-1
2022-08-08 15:11:51.478,14970,14971,14970,1,-1
2022-08-08 15:11:51.512,14970,14971,14971,1,1
2022-08-08 15:11:51.512,14970,14971,14972,1,1
2022-08-08 15:11:52.933,14970,14971,14971,1,1
2022-08-08 15:11:52.998,14970,14971,14971,1,1
2022-08-08 15:11:54.989,14970,14971,14970,4,-4
2022-08-08 15:11:58.062,14970,14971,14971,2,2
2022-08-08 15:12:00.154,14971,14972,14971,1,-1
2022-08-08 15:12:02.538,14971,14972,14971,1,-1
2022-08-08 15:12:10.620,14970,14971,14971,1,1
2022-08-08 15:12:14.591,14970,14971,14971,2,2
2022-08-08 15:12:14.887,14970,14971,14971,2,2
2022-08-08 15:12:15.099,14970,14971,14971,1,1
2022-08-08 15:12:16.244,14971,14972,14971,1,-1
2022-08-08 15:12:19.007,14971,14972,14971,2,-2
2022-08-08 15:12:19.615,14971,14972,14971,1,-1
2022-08-08 15:12:19.615,14971,14972,14971,2,-2
2022-08-08 15:12:19.814,14970,14971,14970,1,-1
2022-08-08 15:12:21.234,14970,14971,14971,2,2
2022-08-08 15:12:21.510,14970,14971,14971,2,2
2022-08-08 15:12:23.251,14970,14971,14971,2,2
2022-08-08 15:12:24.165,14970,14971,14970,2,-2
2022-08-08 15:12:24.547,14970,14971,14970,1,-1
2022-08-08 15:12:24.566,14970,14971,14970,20,-20
2022-08-08 15:12:24.597,14970,14971,14970,1,-1
2022-08-08 15:12:26.497,14969,14971,14971,1,1
2022-08-08 15:12:26.838,14969,14971,14971,2,2
2022-08-08 15:12:27.173,14969,14971,14971,2,2
2022-08-08 15:12:28.102,14970,14971,14971,2,2
2022-08-08 15:12:28.103,14970,14971,14971,4,4
2022-08-08 15:12:32.650,14971,14972,14972,2,2
2022-08-08 15:12:32.997,14971,14972,14972,2,2
2022-08-08 15:12:33.307,14971,14972,14972,2,2
2022-08-08 15:12:33.637,14971,14972,14972,2,2
2022-08-08 15:12:34.512,14971,14972,14971,2,-2
2022-08-08 15:12:34.512,14971,14972,14971,4,-4
2022-08-08 15:12:35.697,14970,14971,14971,2,2
2022-08-08 15:12:36.398,14970,14971,14971,2,2
2022-08-08 15:12:36.742,14970,14971,14971,2,2
2022-08-08 15:12:37.395,14970,14971,14971,2,2
2022-08-08 15:12:42.769,14970,14971,14970,1,-1
2022-08-08 15:12:43.115,14970,14971,14970,4,-4
2022-08-08 15:12:47.058,14970,14971,14970,1,-1
2022-08-08 15:12:49.602,14970,14971,14971,2,2
2022-08-08 15:13:06.018,14969,14970,14969,1,-1
2022-08-08 15:13:06.018,14969,14970,14969,5,-5
2022-08-08 15:13:11.949,14969,14970,14969,1,-1
2022-08-08 15:13:12.306,14968,14970,14969,1,-1
2022-08-08 15:13:16.427,14968,14969,14969,1,1
2022-08-08 15:13:20.326,14968,14969,14969,1,1
2022-08-08 15:13:27.546,14969,14970,14969,1,-1
2022-08-08 15:13:54.121,14969,14970,14969,1,-1
2022-08-08 15:14:06.211,14968,14969,14968,1,-1
2022-08-08 15:14:06.308,14968,14969,14968,1,-1
2022-08-08 15:14:08.223,14968,14969,14969,3,3
2022-08-08 15:14:11.193,14968,14969,14968,1,-1
2022-08-08 15:14:12.261,14968,14969,14968,4,-4
2022-08-08 15:14:13.610,14967,14969,14968,1,-1
2022-08-08 15:14:16.786,14968,14969,14968,1,-1
2022-08-08 15:14:17.314,14967,14968,14968,1,1
2022-08-08 15:14:28.088,14967,14968,14967,2,-2
2022-08-08 15:14:28.089,14967,14968,14967,1,-1
2022-08-08 15:14:32.051,14967,14968,14967,1,-1
2022-08-08 15:14:39.893,14967,14968,14967,2,-2
2022-08-08 15:14:45.814,14966,14967,14967,1,1
2022-08-08 15:14:46.510,14966,14967,14967,1,1
2022-08-08 15:14:47.750,14967,14968,14967,1,-1
2022-08-08 15:14:55.862,14966,14967,14966,8,-8
2022-08-08 15:15:00.517,14966,14967,14966,1,-1
2022-08-08 15:15:02.637,14966,14967,14966,2,-2
2022-08-08 15:15:02.664,14966,14967,14966,1,-1
2022-08-08 15:15:04.144,14966,14967,14966,2,-2
2022-08-08 15:15:06.104,14965,14967,14967,1,1
2022-08-08 15:15:07.266,14965,14967,14965,2,-2
2022-08-08 15:15:07.288,14965,14967,14965,1,-1
2022-08-08 15:15:07.288,14965,14967,14965,1,-1
2022-08-08 15:15:07.288,14965,14967,14965,1,-1
2022-08-08 15:15:07.288,14965,14967,14965,1,-1
2022-08-08 15:15:07.289,14965,14967,14965,1,-1
2022-08-08 15:15:07.292,14965,14967,14965,1,-1
2022-08-08 15:15:07.319,14965,14967,14965,1,-1
2022-08-08 15:15:07.319,14965,14967,14965,1,-1
2022-08-08 15:15:11.655,14965,14966,14965,1,-1
2022-08-08 15:15:19.157,14965,14966,14965,10,-10
2022-08-08 15:15:19.187,14965,14966,14965,1,-1
2022-08-08 15:15:19.634,14965,14966,14965,5,-5
2022-08-08 15:15:25.209,14964,14965,14965,1,1
2022-08-08 15:15:30.432,14965,14966,14965,2,-2
2022-08-08 15:15:33.195,14964,14965,14965,7,7
2022-08-08 15:15:33.196,14964,14965,14965,2,2
2022-08-08 15:15:35.828,14965,14966,14965,2,-2
2022-08-08 15:15:40.282,14965,14966,14965,1,-1
2022-08-08 15:15:43.250,14965,14966,14965,1,-1
2022-08-08 15:15:48.951,14964,14965,14965,5,5
2022-08-08 15:15:52.206,14965,14966,14966,3,3
2022-08-08 15:16:01.425,14965,14966,14966,1,1
2022-08-08 15:16:19.234,14965,14966,14965,1,-1
2022-08-08 15:16:26.665,14965,14966,14965,2,-2
2022-08-08 15:16:35.979,14965,14966,14965,1,-1
2022-08-08 15:16:35.979,14965,14966,14965,3,-3
2022-08-08 15:16:35.979,14965,14966,14965,3,-3
2022-08-08 15:16:40.392,14964,14965,14965,2,2
2022-08-08 15:16:40.640,14964,14965,14965,2,2
2022-08-08 15:16:40.802,14964,14965,14964,1,-1
2022-08-08 15:16:40.802,14964,14965,14964,2,-2
2022-08-08 15:16:40.802,14964,14965,14964,1,-1
2022-08-08 15:16:40.802,14964,14965,14964,9,-9
2022-08-08 15:16:40.802,14964,14965,14964,8,-8
2022-08-08 15:16:42.329,14964,14965,14965,2,2
2022-08-08 15:16:42.696,14964,14965,14965,2,2
2022-08-08 15:16:43.347,14964,14965,14965,2,2
2022-08-08 15:16:43.679,14964,14965,14965,2,2
2022-08-08 15:16:44.064,14964,14965,14965,1,1
2022-08-08 15:16:44.065,14964,14965,14965,1,1
2022-08-08 15:16:45.468,14964,14965,14965,2,2
2022-08-08 15:16:49.633,14965,14966,14965,1,-1
2022-08-08 15:16:50.327,14965,14966,14966,2,2
2022-08-08 15:16:52.895,14965,14966,14965,7,-7
2022-08-08 15:16:58.279,14964,14965,14965,1,1
2022-08-08 15:17:00.187,14964,14965,14964,1,-1
2022-08-08 15:17:00.943,14964,14965,14964,1,-1
2022-08-08 15:17:04.197,14964,14965,14964,1,-1
2022-08-08 15:17:08.795,14963,14964,14963,1,-1
2022-08-08 15:17:09.053,14963,14964,14963,1,-1
2022-08-08 15:17:10.225,14963,14964,14963,1,-1
2022-08-08 15:17:10.536,14963,14964,14963,1,-1
2022-08-08 15:17:13.956,14963,14964,14963,1,-1
2022-08-08 15:17:13.957,14963,14964,14963,2,-2
2022-08-08 15:17:14.391,14962,14963,14962,1,-1
2022-08-08 15:17:14.594,14962,14963,14963,1,1
2022-08-08 15:17:15.376,14963,14964,14963,1,-1
2022-08-08 15:17:16.403,14963,14964,14963,1,-1
2022-08-08 15:17:18.933,14962,14963,14963,1,1
2022-08-08 15:17:19.469,14962,14964,14962,2,-2
2022-08-08 15:17:21.092,14963,14964,14963,4,-4
2022-08-08 15:17:21.092,14963,14964,14962,13,-13
2022-08-08 15:17:22.165,14963,14964,14963,1,-1
2022-08-08 15:17:22.838,14963,14964,14963,1,-1
2022-08-08 15:17:23.311,14963,14964,14963,1,-1
2022-08-08 15:17:24.699,14963,14964,14963,3,-3
2022-08-08 15:17:24.700,14963,14964,14963,3,-3
2022-08-08 15:17:24.819,14963,14964,14964,2,2
2022-08-08 15:17:25.096,14963,14964,14964,2,2
2022-08-08 15:17:26.511,14963,14964,14964,1,1
2022-08-08 15:17:27.236,14964,14965,14964,1,-1
2022-08-08 15:17:27.681,14964,14965,14965,1,1
2022-08-08 15:17:27.828,14964,14966,14964,14,-14
2022-08-08 15:17:27.828,14964,14966,14963,1,-1
2022-08-08 15:17:30.085,14964,14965,14964,1,-1
2022-08-08 15:17:30.886,14963,14965,14965,2,2
2022-08-08 15:17:32.660,14963,14964,14963,4,-4
2022-08-08 15:17:32.660,14963,14964,14962,6,-6
2022-08-08 15:17:33.347,14962,14964,14964,1,1
2022-08-08 15:17:33.356,14962,14964,14964,1,1
2022-08-08 15:17:33.601,14963,14964,14964,1,1
2022-08-08 15:17:35.605,14963,14964,14963,4,-4
2022-08-08 15:17:36.302,14963,14964,14964,2,2
2022-08-08 15:17:36.545,14963,14964,14964,2,2
2022-08-08 15:17:37.326,14963,14964,14964,1,1
2022-08-08 15:17:40.579,14964,14965,14964,1,-1
2022-08-08 15:17:40.957,14964,14965,14964,2,-2
2022-08-08 15:17:41.420,14963,14964,14963,1,-1
2022-08-08 15:17:41.424,14963,14964,14963,1,-1
2022-08-08 15:17:45.767,14963,14964,14964,2,2
2022-08-08 15:17:46.009,14963,14964,14964,2,2
2022-08-08 15:17:46.462,14963,14964,14964,1,1
2022-08-08 15:17:47.459,14964,14965,14965,2,2
2022-08-08 15:17:47.798,14964,14965,14965,2,2
2022-08-08 15:17:49.169,14964,14965,14964,1,-1
2022-08-08 15:17:49.169,14964,14965,14963,3,-3
2022-08-08 15:17:52.955,14964,14965,14964,1,-1
2022-08-08 15:17:54.873,14964,14965,14964,2,-2
2022-08-08 15:18:00.191,14964,14965,14964,1,-1
2022-08-08 15:18:00.364,14964,14965,14964,1,-1
2022-08-08 15:18:03.988,14964,14965,14965,2,2
2022-08-08 15:18:04.959,14964,14965,14965,2,2
2022-08-08 15:18:05.154,14964,14965,14965,2,2
2022-08-08 15:18:05.914,14964,14965,14964,1,-1
2022-08-08 15:18:06.008,14964,14965,14965,2,2
2022-08-08 15:18:07.021,14964,14965,14965,2,2
2022-08-08 15:18:07.246,14964,14965,14965,1,1
2022-08-08 15:18:16.699,14965,14966,14965,1,-1
2022-08-08 15:18:18.309,14965,14966,14965,1,-1
2022-08-08 15:18:29.787,14964,14966,14965,1,-1
2022-08-08 15:18:48.476,14965,14966,14965,1,-1
2022-08-08 15:18:50.019,14965,14966,14966,24,24
2022-08-08 15:18:50.019,14965,14966,14966,1,1
2022-08-08 15:18:54.068,14965,14967,14967,1,1
2022-08-08 15:19:03.628,14965,14967,14967,1,1
2022-08-08 15:19:07.177,14965,14966,14966,1,1
2022-08-08 15:19:10.930,14965,14966,14966,1,1
2022-08-08 15:19:20.849,14965,14966,14965,1,-1
2022-08-08 15:19:33.863,14964,14965,14964,1,-1
2022-08-08 15:19:33.863,14964,14965,14964,5,-5
2022-08-08 15:19:47.791,14964,14965,14965,1,1
2022-08-08 15:19:49.123,14964,14965,14965,1,1
2022-08-08 15:20:03.653,14964,14965,14965,1,1
2022-08-08 15:20:13.597,14963,14964,14964,1,1
2022-08-08 15:20:18.628,14964,14965,14964,1,-1
2022-08-08 15:20:20.198,14964,14965,14964,2,-2
2022-08-08 15:20:26.332,14963,14965,14963,1,-1
2022-08-08 15:20:30.548,14963,14964,14964,1,1
2022-08-08 15:20:30.785,14964,14965,14964,10,-10
2022-08-08 15:20:51.456,14964,14965,14964,1,-1
2022-08-08 15:20:59.336,14964,14965,14965,1,1
2022-08-08 15:21:01.629,14964,14965,14964,1,-1
2022-08-08 15:21:10.614,14963,14964,14964,2,2
2022-08-08 15:21:14.964,14964,14965,14965,1,1
2022-08-08 15:21:15.116,14964,14965,14964,1,-1
2022-08-08 15:21:18.894,14964,14965,14964,1,-1
2022-08-08 15:21:18.905,14964,14965,14963,1,-1
2022-08-08 15:21:30.384,14963,14964,14964,1,1
2022-08-08 15:21:33.091,14963,14965,14964,5,5
2022-08-08 15:21:36.884,14963,14964,14964,1,1
2022-08-08 15:21:38.168,14963,14964,14964,1,1
2022-08-08 15:21:38.168,14963,14964,14964,1,1
2022-08-08 15:21:38.168,14963,14964,14964,1,1
2022-08-08 15:21:39.599,14963,14965,14963,1,-1
2022-08-08 15:21:49.052,14963,14964,14964,1,1
2022-08-08 15:21:49.922,14963,14964,14963,1,-1
2022-08-08 15:21:51.178,14963,14964,14963,1,-1
2022-08-08 15:21:54.879,14963,14964,14963,2,-2
2022-08-08 15:21:57.062,14963,14964,14963,2,-2
2022-08-08 15:22:00.660,14963,14964,14963,3,-3
2022-08-08 15:22:03.699,14963,14964,14963,1,-1
2022-08-08 15:22:10.519,14963,14964,14963,2,-2
2022-08-08 15:22:10.542,14962,14963,14962,2,-2
2022-08-08 15:22:10.743,14962,14963,14963,1,1
2022-08-08 15:22:17.444,14962,14963,14963,1,1
2022-08-08 15:22:18.734,14962,14963,14962,4,-4
2022-08-08 15:22:19.717,14961,14963,14961,6,-6
2022-08-08 15:22:19.798,14961,14963,14963,1,1
2022-08-08 15:22:29.713,14961,14962,14961,2,-2
2022-08-08 15:22:36.643,14962,14963,14962,1,-1
2022-08-08 15:22:36.643,14962,14963,14961,1,-1
2022-08-08 15:22:37.540,14961,14963,14962,1,-1
2022-08-08 15:22:37.824,14961,14962,14962,1,1
2022-08-08 15:22:38.102,14962,14963,14963,15,15
2022-08-08 15:22:41.294,14962,14963,14962,1,-1
2022-08-08 15:22:46.784,14962,14963,14962,1,-1
2022-08-08 15:22:47.430,14962,14963,14962,1,-1
2022-08-08 15:22:50.700,14962,14963,14962,1,-1
2022-08-08 15:22:53.298,14961,14962,14961,2,-2
2022-08-08 15:22:54.259,14961,14962,14962,1,1
2022-08-08 15:23:02.044,14962,14963,14962,1,-1
2022-08-08 15:23:05.929,14961,14963,14961,2,-2
2022-08-08 15:23:09.021,14961,14962,14961,1,-1
2022-08-08 15:23:09.021,14961,14962,14961,1,-1
2022-08-08 15:23:09.021,14961,14962,14961,1,-1
2022-08-08 15:23:09.021,14961,14962,14961,2,-2
2022-08-08 15:23:09.021,14961,14962,14961,4,-4
2022-08-08 15:23:09.021,14961,14962,14961,1,-1
2022-08-08 15:23:09.021,14961,14962,14961,2,-2
2022-08-08 15:23:09.022,14961,14962,14961,8,-8
2022-08-08 15:23:14.155,14960,14961,14960,1,-1
2022-08-08 15:23:14.249,14960,14961,14960,2,-2
2022-08-08 15:23:14.950,14960,14961,14960,1,-1
2022-08-08 15:23:15.805,14960,14961,14960,1,-1
2022-08-08 15:23:15.956,14960,14961,14960,1,-1
2022-08-08 15:23:20.871,14960,14961,14960,1,-1
2022-08-08 15:23:25.563,14960,14961,14960,1,-1
2022-08-08 15:23:26.639,14960,14961,14960,2,-2
2022-08-08 15:23:27.737,14960,14961,14960,1,-1
2022-08-08 15:23:40.280,14960,14961,14960,2,-2
2022-08-08 15:23:41.544,14960,14961,14960,2,-2
2022-08-08 15:23:43.687,14960,14961,14960,1,-1
2022-08-08 15:23:45.772,14960,14961,14961,5,5
2022-08-08 15:23:47.157,14960,14961,14961,1,1
2022-08-08 15:23:50.397,14960,14961,14961,2,2
2022-08-08 15:23:58.786,14960,14961,14960,3,-3
2022-08-08 15:23:58.846,14960,14961,14960,2,-2
2022-08-08 15:23:58.912,14960,14961,14960,2,-2
2022-08-08 15:23:58.973,14960,14961,14960,1,-1
2022-08-08 15:23:59.042,14960,14961,14960,1,-1
2022-08-08 15:23:59.103,14960,14961,14960,1,-1
2022-08-08 15:23:59.172,14960,14961,14960,1,-1
2022-08-08 15:23:59.233,14960,14961,14960,1,-1
2022-08-08 15:23:59.302,14960,14961,14960,1,-1
2022-08-08 15:23:59.363,14960,14961,14960,1,-1
2022-08-08 15:23:59.432,14960,14961,14960,1,-1
2022-08-08 15:23:59.493,14960,14961,14960,1,-1
2022-08-08 15:23:59.562,14960,14961,14960,1,-1
2022-08-08 15:23:59.623,14960,14961,14960,1,-1
2022-08-08 15:23:59.692,14960,14961,14960,1,-1
2022-08-08 15:23:59.753,14960,14961,14960,1,-1
2022-08-08 15:24:07.626,14960,14961,14961,11,11
2022-08-08 15:24:08.564,14961,14963,14963,1,1
2022-08-08 15:24:15.574,14961,14962,14961,1,-1
2022-08-08 15:24:40.190,14961,14962,14961,1,-1
2022-08-08 15:25:02.637,14961,14962,14962,1,1
2022-08-08 15:25:02.637,14961,14962,14962,5,5
2022-08-08 15:25:04.878,14961,14963,14961,1,-1
2022-08-08 15:25:07.751,14961,14962,14961,6,-6
2022-08-08 15:25:07.812,14960,14961,14961,1,1
2022-08-08 15:25:14.247,14961,14962,14961,1,-1
2022-08-08 15:25:14.247,14961,14962,14961,1,-1
2022-08-08 15:25:17.091,14960,14961,14961,1,1
2022-08-08 15:25:20.190,14960,14961,14960,1,-1
2022-08-08 15:25:22.784,14960,14961,14960,2,-2
2022-08-08 15:25:23.635,14960,14961,14961,1,1
2022-08-08 15:25:23.635,14960,14961,14961,1,1
2022-08-08 15:25:34.755,14960,14961,14961,1,1
2022-08-08 15:25:38.124,14961,14962,14961,1,-1
2022-08-08 15:25:44.136,14960,14961,14961,1,1
2022-08-08 15:26:04.553,14960,14961,14960,2,-2
2022-08-08 15:26:10.549,14960,14961,14961,3,3
2022-08-08 15:26:20.831,14961,14962,14961,1,-1
2022-08-08 15:26:25.874,14961,14962,14961,1,-1
2022-08-08 15:26:28.757,14961,14962,14961,1,-1
2022-08-08 15:26:28.788,14961,14962,14961,1,-1
2022-08-08 15:26:29.353,14960,14961,14961,1,1
2022-08-08 15:26:29.489,14960,14961,14961,1,1
2022-08-08 15:26:29.901,14960,14961,14961,1,1
2022-08-08 15:26:33.605,14960,14961,14961,1,1
2022-08-08 15:26:34.501,14960,14962,14960,2,-2
2022-08-08 15:26:37.523,14960,14962,14962,2,2
2022-08-08 15:26:39.343,14960,14961,14961,1,1
2022-08-08 15:26:40.003,14960,14961,14961,1,1
2022-08-08 15:26:54.552,14960,14961,14961,2,2
2022-08-08 15:26:57.742,14960,14961,14961,1,1
2022-08-08 15:26:58.900,14960,14961,14961,1,1
2022-08-08 15:26:59.120,14960,14961,14961,1,1
2022-08-08 15:27:03.178,14960,14961,14960,2,-2
2022-08-08 15:27:06.216,14960,14961,14960,1,-1
2022-08-08 15:27:11.770,14960,14961,14960,3,-3
2022-08-08 15:27:13.692,14960,14961,14960,46,-46
2022-08-08 15:27:13.694,14960,14961,14959,1,-1
2022-08-08 15:27:13.694,14960,14961,14959,1,-1
2022-08-08 15:27:13.694,14960,14961,14959,1,-1
2022-08-08 15:27:16.086,14958,14959,14959,1,1
2022-08-08 15:27:19.845,14959,14960,14959,1,-1
2022-08-08 15:27:19.845,14959,14960,14959,1,-1
2022-08-08 15:27:28.410,14959,14960,14959,1,-1
2022-08-08 15:27:38.963,14958,14959,14958,1,-1
2022-08-08 15:27:41.122,14958,14959,14958,1,-1
2022-08-08 15:27:41.123,14958,14959,14958,2,-2
2022-08-08 15:27:42.220,14958,14959,14958,3,-3
2022-08-08 15:27:43.472,14958,14959,14959,1,1
2022-08-08 15:27:43.472,14958,14959,14960,4,4
2022-08-08 15:27:50.147,14958,14959,14958,2,-2
2022-08-08 15:28:01.042,14958,14959,14959,4,4
2022-08-08 15:28:02.065,14959,14960,14959,1,-1
2022-08-08 15:28:04.080,14959,14960,14960,3,3
2022-08-08 15:28:20.506,14958,14959,14959,1,1
2022-08-08 15:28:29.098,14958,14959,14959,2,2
2022-08-08 15:28:30.806,14959,14960,14959,10,-10
2022-08-08 15:28:31.009,14958,14960,14960,5,5
2022-08-08 15:28:36.141,14958,14960,14960,10,10
2022-08-08 15:28:37.636,14959,14960,14959,1,-1
2022-08-08 15:28:46.770,14959,14960,14960,4,4
2022-08-08 15:28:46.770,14959,14960,14960,2,2
2022-08-08 15:28:57.591,14960,14961,14960,1,-1
2022-08-08 15:29:04.887,14960,14961,14960,2,-2
2022-08-08 15:29:07.876,14960,14961,14960,5,-5
2022-08-08 15:29:08.406,14960,14961,14960,1,-1
2022-08-08 15:29:16.189,14960,14961,14961,1,1
2022-08-08 15:29:19.267,14960,14961,14960,2,-2
2022-08-08 15:29:19.329,14960,14961,14960,2,-2
2022-08-08 15:29:19.389,14960,14961,14960,2,-2
2022-08-08 15:29:19.459,14960,14961,14960,1,-1
2022-08-08 15:29:19.519,14960,14961,14960,1,-1
2022-08-08 15:29:19.589,14960,14961,14960,1,-1
2022-08-08 15:29:19.649,14960,14961,14960,1,-1
2022-08-08 15:29:19.719,14960,14961,14960,1,-1
2022-08-08 15:29:19.779,14960,14961,14960,1,-1
2022-08-08 15:29:19.849,14959,14961,14960,1,-1
2022-08-08 15:29:20.122,14960,14961,14961,3,3
2022-08-08 15:29:20.122,14960,14961,14961,2,2
2022-08-08 15:29:20.123,14960,14961,14961,2,2
2022-08-08 15:29:20.123,14960,14961,14961,3,3
2022-08-08 15:29:20.123,14960,14961,14961,2,2
2022-08-08 15:29:20.123,14960,14961,14961,3,3
2022-08-08 15:29:22.525,14960,14961,14961,2,2
2022-08-08 15:29:22.585,14960,14961,14961,2,2
2022-08-08 15:29:22.657,14960,14961,14961,2,2
2022-08-08 15:29:22.717,14960,14961,14961,1,1
2022-08-08 15:29:22.717,14960,14961,14961,11,11
2022-08-08 15:29:22.718,14960,14961,14961,1,1
2022-08-08 15:29:22.718,14960,14961,14961,10,10
2022-08-08 15:29:26.574,14961,14962,14962,1,1
2022-08-08 15:29:30.221,14961,14962,14962,1,1
2022-08-08 15:29:31.917,14961,14962,14961,2,-2
2022-08-08 15:29:31.977,14961,14962,14961,1,-1
2022-08-08 15:29:32.043,14960,14961,14961,1,1
2022-08-08 15:29:36.885,14961,14962,14961,1,-1
2022-08-08 15:29:38.469,14961,14962,14961,1,-1
2022-08-08 15:29:44.856,14961,14962,14961,1,-1
2022-08-08 15:29:52.536,14960,14961,14961,1,1
2022-08-08 15:30:00.816,14960,14961,14961,1,1
2022-08-08 15:30:00.816,14960,14961,14961,1,1
2022-08-08 15:30:00.816,14960,14961,14961,1,1
2022-08-08 15:30:00.816,14960,14961,14961,1,1
2022-08-08 15:30:00.927,14961,14962,14962,1,1
2022-08-08 15:30:01.337,14962,14963,14962,2,-2
2022-08-08 15:30:01.337,14962,14963,14961,3,-3
2022-08-08 15:30:01.352,14962,14963,14961,1,-1
2022-08-08 15:30:07.265,14961,14962,14961,1,-1
2022-08-08 15:30:26.430,14961,14962,14962,1,1
2022-08-08 15:30:26.430,14961,14962,14962,2,2
2022-08-08 15:30:27.540,14961,14962,14962,2,2
2022-08-08 15:30:27.540,14961,14962,14962,2,2
2022-08-08 15:30:27.540,14961,14962,14962,1,1
2022-08-08 15:30:27.540,14961,14962,14962,2,2
2022-08-08 15:30:27.541,14961,14962,14962,3,3
2022-08-08 15:30:32.890,14962,14963,14963,1,1
2022-08-08 15:30:34.288,14962,14963,14963,1,1
2022-08-08 15:30:35.513,14962,14963,14963,1,1
2022-08-08 15:30:38.443,14962,14964,14962,1,-1
2022-08-08 15:30:40.644,14962,14964,14963,1,-1
2022-08-08 15:30:40.648,14962,14964,14963,11,-11
2022-08-08 15:30:45.623,14963,14964,14964,2,2
2022-08-08 15:30:49.231,14963,14964,14964,1,1
2022-08-08 15:30:53.969,14963,14964,14964,1,1
2022-08-08 15:30:55.570,14963,14964,14964,1,1
2022-08-08 15:30:59.224,14963,14964,14964,1,1
2022-08-08 15:31:02.096,14963,14964,14964,1,1
2022-08-08 15:31:06.972,14964,14965,14964,1,-1
2022-08-08 15:31:11.239,14964,14965,14964,1,-1
2022-08-08 15:31:14.841,14963,14964,14963,1,-1
2022-08-08 15:31:14.841,14963,14964,14963,3,-3
2022-08-08 15:31:25.068,14961,14962,14962,1,1
2022-08-08 15:31:36.888,14961,14962,14962,1,1
2022-08-08 15:31:40.193,14961,14962,14961,2,-2
2022-08-08 15:31:42.991,14961,14962,14961,1,-1
2022-08-08 15:31:42.991,14961,14962,14961,2,-2
2022-08-08 15:31:45.745,14960,14962,14962,19,19
2022-08-08 15:31:46.038,14962,14963,14963,1,1
2022-08-08 15:31:50.680,14961,14962,14961,1,-1
2022-08-08 15:32:16.161,14962,14964,14962,1,-1
2022-08-08 15:32:19.011,14962,14964,14962,1,-1
2022-08-08 15:32:25.322,14962,14963,14962,4,-4
2022-08-08 15:32:36.986,14963,14964,14964,1,1
2022-08-08 15:32:39.542,14963,14964,14963,2,-2
2022-08-08 15:32:47.341,14962,14963,14963,2,2
2022-08-08 15:32:49.357,14962,14963,14963,1,1
2022-08-08 15:32:50.145,14962,14964,14962,1,-1
2022-08-08 15:32:51.827,14962,14963,14962,11,-11
2022-08-08 15:32:52.454,14961,14962,14961,1,-1
2022-08-08 15:32:53.107,14961,14962,14961,9,-9
2022-08-08 15:33:20.195,14961,14962,14961,1,-1
2022-08-08 15:33:25.052,14961,14962,14961,1,-1
2022-08-08 15:33:27.352,14960,14961,14961,1,1
2022-08-08 15:33:29.286,14960,14961,14960,17,-17
2022-08-08 15:33:29.910,14959,14960,14960,1,1
2022-08-08 15:33:31.424,14959,14960,14959,1,-1
2022-08-08 15:33:31.424,14959,14960,14959,1,-1
2022-08-08 15:33:31.425,14959,14960,14959,2,-2
2022-08-08 15:33:40.192,14958,14960,14958,4,-4
2022-08-08 15:33:46.032,14959,14960,14959,2,-2
2022-08-08 15:33:46.279,14959,14960,14959,1,-1
2022-08-08 15:33:47.116,14959,14960,14960,1,1
2022-08-08 15:33:50.667,14959,14960,14960,2,2
2022-08-08 15:33:52.172,14959,14960,14960,1,1
2022-08-08 15:33:52.173,14959,14960,14960,1,1
2022-08-08 15:33:56.714,14960,14961,14960,1,-1
2022-08-08 15:33:59.438,14959,14960,14960,1,1
2022-08-08 15:34:04.933,14959,14960,14959,1,-1
2022-08-08 15:34:10.932,14958,14959,14959,1,1
2022-08-08 15:34:15.958,14958,14959,14959,1,1
2022-08-08 15:34:15.958,14958,14959,14960,1,1
2022-08-08 15:34:22.037,14959,14960,14960,2,2
2022-08-08 15:34:52.780,14959,14960,14959,1,-1
2022-08-08 15:34:53.144,14959,14960,14959,1,-1
2022-08-08 15:34:54.482,14959,14960,14959,1,-1
2022-08-08 15:35:07.326,14959,14960,14959,1,-1
2022-08-08 15:35:20.191,14958,14959,14958,1,-1
2022-08-08 15:35:20.473,14958,14959,14959,1,1
2022-08-08 15:35:29.029,14958,14959,14959,1,1
2022-08-08 15:35:31.653,14959,14960,14959,1,-1
2022-08-08 15:35:35.542,14959,14960,14960,2,2
2022-08-08 15:35:38.375,14959,14960,14960,1,1
2022-08-08 15:36:08.718,14959,14960,14959,3,-3
2022-08-08 15:36:08.977,14958,14959,14959,1,1
2022-08-08 15:36:11.741,14958,14960,14958,1,-1
2022-08-08 15:36:14.961,14958,14960,14959,1,-1
2022-08-08 15:36:15.391,14958,14960,14958,1,-1
2022-08-08 15:36:34.250,14959,14960,14959,5,-5
2022-08-08 15:36:34.251,14959,14960,14959,2,-2
2022-08-08 15:36:34.251,14959,14960,14959,2,-2
2022-08-08 15:36:34.251,14959,14960,14959,2,-2
2022-08-08 15:36:36.387,14958,14959,14958,2,-2
2022-08-08 15:36:36.387,14958,14959,14958,11,-11
2022-08-08 15:36:36.387,14958,14959,14958,1,-1
2022-08-08 15:36:40.190,14957,14958,14957,1,-1
2022-08-08 15:36:40.348,14957,14959,14957,1,-1
2022-08-08 15:36:42.122,14957,14958,14957,1,-1
2022-08-08 15:36:48.797,14957,14958,14957,7,-7
2022-08-08 15:36:50.072,14956,14957,14956,1,-1
2022-08-08 15:36:53.770,14956,14957,14956,1,-1
2022-08-08 15:36:56.201,14956,14957,14956,1,-1
2022-08-08 15:36:59.695,14956,14957,14956,2,-2
2022-08-08 15:37:00.522,14956,14957,14956,2,-2
2022-08-08 15:37:01.606,14956,14957,14957,1,1
2022-08-08 15:37:02.223,14956,14957,14956,1,-1
2022-08-08 15:37:15.753,14957,14958,14957,3,-3
2022-08-08 15:37:18.944,14957,14958,14957,1,-1
2022-08-08 15:37:21.825,14956,14957,14956,1,-1
2022-08-08 15:37:22.851,14956,14957,14957,1,1
2022-08-08 15:37:30.545,14956,14957,14956,1,-1
2022-08-08 15:37:37.606,14956,14957,14956,1,-1
2022-08-08 15:37:37.901,14956,14957,14956,1,-1
2022-08-08 15:37:39.069,14956,14957,14956,2,-2
2022-08-08 15:37:40.628,14956,14957,14956,1,-1
2022-08-08 15:37:41.331,14956,14957,14956,1,-1
2022-08-08 15:37:45.816,14956,14957,14956,3,-3
2022-08-08 15:37:47.302,14956,14957,14956,1,-1
2022-08-08 15:37:52.006,14956,14957,14956,1,-1
2022-08-08 15:38:12.745,14956,14957,14956,1,-1
2022-08-08 15:38:15.426,14956,14957,14957,1,1
2022-08-08 15:38:16.282,14956,14957,14956,1,-1
2022-08-08 15:38:25.984,14956,14957,14956,1,-1
2022-08-08 15:38:26.281,14956,14957,14956,3,-3
2022-08-08 15:38:34.542,14956,14957,14956,1,-1
2022-08-08 15:38:35.973,14956,14957,14956,1,-1
2022-08-08 15:38:36.347,14956,14957,14956,1,-1
2022-08-08 15:38:38.947,14955,14956,14956,1,1
2022-08-08 15:38:41.431,14955,14957,14956,1,1
2022-08-08 15:38:45.145,14955,14956,14956,1,1
2022-08-08 15:38:54.971,14955,14956,14955,1,-1
2022-08-08 15:38:54.971,14955,14956,14955,1,-1
2022-08-08 15:38:54.971,14955,14956,14955,5,-5
2022-08-08 15:38:54.971,14955,14956,14955,2,-2
2022-08-08 15:38:54.971,14955,14956,14955,1,-1
2022-08-08 15:38:54.971,14955,14956,14955,1,-1
2022-08-08 15:38:54.971,14955,14956,14955,1,-1
2022-08-08 15:38:54.971,14955,14956,14955,12,-12
2022-08-08 15:38:55.122,14954,14955,14955,1,1
2022-08-08 15:38:55.140,14954,14955,14954,1,-1
2022-08-08 15:38:59.485,14954,14955,14954,1,-1
2022-08-08 15:38:59.591,14954,14955,14954,1,-1
2022-08-08 15:39:00.190,14954,14955,14954,1,-1
2022-08-08 15:39:00.675,14954,14955,14954,1,-1
2022-08-08 15:39:00.675,14954,14955,14954,1,-1
2022-08-08 15:39:01.826,14954,14955,14954,3,-3
2022-08-08 15:39:05.047,14953,14954,14953,1,-1
2022-08-08 15:39:08.973,14953,14954,14953,1,-1
2022-08-08 15:39:10.609,14953,14954,14953,2,-2
2022-08-08 15:39:11.827,14953,14954,14954,2,2
2022-08-08 15:39:14.097,14953,14954,14954,1,1
2022-08-08 15:39:16.829,14953,14954,14954,2,2
2022-08-08 15:39:22.119,14954,14955,14955,1,1
2022-08-08 15:39:22.119,14954,14955,14955,2,2
2022-08-08 15:39:23.113,14954,14956,14955,1,1
2022-08-08 15:39:48.648,14954,14955,14955,1,1
2022-08-08 15:39:51.908,14954,14955,14955,1,1
2022-08-08 15:39:52.396,14954,14955,14955,17,17
2022-08-08 15:39:52.396,14954,14955,14955,4,4
2022-08-08 15:39:52.397,14954,14955,14955,1,1
2022-08-08 15:39:56.276,14955,14956,14955,1,-1
2022-08-08 15:39:56.882,14954,14956,14954,1,-1
2022-08-08 15:40:01.612,14954,14955,14955,1,1
2022-08-08 15:40:12.510,14954,14955,14955,1,1
2022-08-08 15:40:20.237,14954,14955,14954,4,-4
2022-08-08 15:40:20.238,14954,14955,14954,2,-2
2022-08-08 15:40:20.238,14954,14955,14954,2,-2
2022-08-08 15:40:21.440,14953,14954,14953,12,-12
2022-08-08 15:40:22.719,14952,14953,14952,1,-1
2022-08-08 15:40:22.814,14952,14954,14952,1,-1
2022-08-08 15:40:22.817,14952,14954,14952,5,-5
2022-08-08 15:40:22.849,14952,14954,14952,1,-1
2022-08-08 15:40:22.939,14952,14953,14952,3,-3
2022-08-08 15:40:22.948,14952,14953,14952,1,-1
2022-08-08 15:40:22.949,14952,14953,14952,1,-1
2022-08-08 15:40:22.957,14952,14953,14952,1,-1
2022-08-08 15:40:22.964,14952,14953,14952,1,-1
2022-08-08 15:40:23.113,14952,14953,14952,1,-1
2022-08-08 15:40:23.138,14952,14953,14952,1,-1
2022-08-08 15:40:36.696,14952,14954,14952,2,-2
2022-08-08 15:40:37.407,14952,14954,14952,2,-2
2022-08-08 15:40:38.105,14952,14954,14952,1,-1
2022-08-08 15:40:41.305,14952,14953,14953,1,1
2022-08-08 15:40:41.679,14952,14954,14952,2,-2
2022-08-08 15:40:44.536,14952,14954,14952,2,-2
2022-08-08 15:40:44.915,14952,14953,14952,2,-2
2022-08-08 15:40:45.502,14951,14953,14951,2,-2
2022-08-08 15:40:45.562,14951,14953,14951,5,-5
2022-08-08 15:40:45.564,14951,14953,14950,2,-2
2022-08-08 15:40:45.788,14950,14952,14950,5,-5
2022-08-08 15:40:45.905,14950,14952,14950,1,-1
2022-08-08 15:40:46.560,14950,14952,14950,2,-2
2022-08-08 15:40:46.581,14950,14952,14950,2,-2
2022-08-08 15:40:47.099,14950,14952,14950,2,-2
2022-08-08 15:40:47.208,14950,14952,14950,1,-1
2022-08-08 15:40:47.828,14950,14952,14950,2,-2
2022-08-08 15:40:48.701,14950,14951,14950,2,-2
2022-08-08 15:40:50.820,14950,14951,14950,15,-15
2022-08-08 15:40:50.835,14950,14951,14949,2,-2
2022-08-08 15:40:50.917,14949,14950,14949,3,-3
2022-08-08 15:40:51.005,14949,14950,14949,2,-2
2022-08-08 15:40:54.549,14949,14951,14949,1,-1
2022-08-08 15:40:55.486,14949,14951,14949,1,-1
2022-08-08 15:40:56.189,14949,14951,14950,2,-2
2022-08-08 15:40:57.488,14949,14951,14950,1,-1
2022-08-08 15:40:58.601,14950,14951,14950,3,-3
2022-08-08 15:40:58.601,14950,14951,14950,2,-2
2022-08-08 15:40:59.328,14949,14951,14951,1,1
2022-08-08 15:40:59.438,14950,14951,14950,1,-1
2022-08-08 15:41:00.738,14949,14950,14950,1,1
2022-08-08 15:41:04.702,14950,14951,14950,3,-3
2022-08-08 15:41:04.703,14950,14951,14950,17,-17
2022-08-08 15:41:05.906,14949,14951,14951,1,1
2022-08-08 15:41:07.154,14950,14951,14951,1,1
2022-08-08 15:41:07.391,14950,14951,14950,1,-1
2022-08-08 15:41:07.391,14950,14951,14949,1,-1
2022-08-08 15:41:07.970,14950,14951,14950,1,-1
2022-08-08 15:41:10.503,14950,14951,14950,1,-1
2022-08-08 15:41:10.891,14949,14951,14949,1,-1
2022-08-08 15:41:16.521,14949,14950,14949,15,-15
2022-08-08 15:41:16.521,14949,14950,14948,15,-15
2022-08-08 15:41:16.523,14949,14950,14948,9,-9
2022-08-08 15:41:16.523,14949,14950,14948,12,-12
2022-08-08 15:41:16.571,14948,14949,14948,1,-1
2022-08-08 15:41:16.819,14948,14949,14950,2,2
2022-08-08 15:41:16.819,14948,14949,14949,8,8
2022-08-08 15:41:16.921,14947,14949,14947,2,-2
2022-08-08 15:41:17.145,14947,14949,14949,1,1
2022-08-08 15:41:17.182,14949,14950,14949,3,-3
2022-08-08 15:41:23.755,14949,14950,14950,3,3
2022-08-08 15:41:24.496,14949,14950,14950,1,1
2022-08-08 15:41:48.358,14949,14950,14950,1,1
2022-08-08 15:41:48.561,14949,14950,14949,2,-2
2022-08-08 15:41:54.161,14949,14950,14950,2,2
2022-08-08 15:41:55.847,14949,14950,14949,1,-1
2022-08-08 15:41:59.870,14949,14950,14949,1,-1
2022-08-08 15:42:06.930,14949,14950,14949,5,-5
2022-08-08 15:42:09.300,14949,14950,14950,2,2
2022-08-08 15:42:13.188,14949,14950,14950,1,1
2022-08-08 15:42:13.463,14949,14950,14950,4,4
2022-08-08 15:42:22.508,14950,14951,14950,1,-1
2022-08-08 15:42:27.599,14950,14951,14950,6,-6
2022-08-08 15:42:27.599,14950,14951,14950,1,-1
2022-08-08 15:42:35.189,14950,14951,14950,2,-2
2022-08-08 15:42:38.315,14950,14951,14950,6,-6
2022-08-08 15:42:38.315,14950,14951,14950,1,-1
2022-08-08 15:42:40.633,14949,14950,14950,1,1
2022-08-08 15:42:40.889,14949,14950,14950,1,1
2022-08-08 15:42:41.191,14949,14950,14950,2,2
2022-08-08 15:42:45.804,14949,14950,14949,1,-1
2022-08-08 15:42:45.804,14949,14950,14949,1,-1
2022-08-08 15:42:45.804,14949,14950,14949,1,-1
2022-08-08 15:42:45.804,14949,14950,14949,1,-1
2022-08-08 15:42:45.804,14949,14950,14949,1,-1
2022-08-08 15:42:45.804,14949,14950,14949,4,-4
2022-08-08 15:42:45.804,14949,14950,14949,2,-2
2022-08-08 15:42:45.804,14949,14950,14949,2,-2
2022-08-08 15:42:45.805,14949,14950,14949,1,-1
2022-08-08 15:42:45.805,14949,14950,14949,1,-1
2022-08-08 15:42:45.805,14949,14950,14949,2,-2
2022-08-08 15:42:48.616,14948,14949,14949,1,1
2022-08-08 15:42:48.731,14948,14949,14949,1,1
2022-08-08 15:42:49.060,14948,14949,14949,3,3
2022-08-08 15:42:55.152,14948,14949,14948,6,-6
2022-08-08 15:43:01.146,14947,14948,14948,1,1
2022-08-08 15:43:03.138,14947,14948,14947,12,-12
2022-08-08 15:43:03.138,14947,14948,14947,1,-1
2022-08-08 15:43:05.598,14946,14948,14946,1,-1
2022-08-08 15:43:05.680,14946,14948,14946,1,-1
2022-08-08 15:43:05.708,14946,14948,14946,1,-1
2022-08-08 15:43:05.853,14946,14947,14946,1,-1
2022-08-08 15:43:06.149,14946,14947,14947,1,1
2022-08-08 15:43:07.458,14946,14947,14946,1,-1
2022-08-08 15:43:11.022,14946,14947,14946,1,-1
2022-08-08 15:43:11.061,14946,14947,14946,1,-1
2022-08-08 15:43:11.061,14946,14947,14946,1,-1
2022-08-08 15:43:11.061,14946,14947,14946,1,-1
2022-08-08 15:43:11.061,14946,14947,14946,1,-1
2022-08-08 15:43:11.062,14946,14947,14946,3,-3
2022-08-08 15:43:14.983,14945,14946,14946,1,1
2022-08-08 15:43:15.054,14945,14946,14945,2,-2
2022-08-08 15:43:15.302,14945,14946,14945,2,-2
2022-08-08 15:43:15.303,14945,14946,14945,12,-12
2022-08-08 15:43:15.304,14945,14946,14945,6,-6
2022-08-08 15:43:15.305,14945,14946,14945,1,-1
2022-08-08 15:43:15.340,14945,14946,14944,1,-1
2022-08-08 15:43:15.539,14944,14946,14944,1,-1
2022-08-08 15:43:15.627,14944,14946,14944,1,-1
2022-08-08 15:43:16.665,14945,14946,14946,2,2
2022-08-08 15:43:18.193,14946,14947,14946,1,-1
2022-08-08 15:43:20.500,14946,14947,14946,2,-2
2022-08-08 15:43:22.554,14944,14946,14944,4,-4
2022-08-08 15:43:27.285,14944,14945,14944,1,-1
2022-08-08 15:43:27.839,14944,14945,14944,1,-1
2022-08-08 15:43:30.547,14944,14945,14944,1,-1
2022-08-08 15:43:30.753,14944,14945,14944,1,-1
2022-08-08 15:43:31.709,14944,14945,14945,1,1
2022-08-08 15:43:31.711,14944,14945,14945,2,2
2022-08-08 15:43:34.074,14945,14946,14945,1,-1
2022-08-08 15:43:34.126,14945,14946,14944,1,-1
2022-08-08 15:43:36.760,14945,14946,14945,1,-1
2022-08-08 15:43:37.384,14945,14946,14945,1,-1
2022-08-08 15:43:37.384,14945,14946,14944,2,-2
2022-08-08 15:43:37.884,14944,14946,14945,2,-2
2022-08-08 15:43:38.141,14945,14946,14945,1,-1
2022-08-08 15:43:41.126,14944,14946,14945,1,-1
2022-08-08 15:43:41.126,14944,14946,14944,1,-1
2022-08-08 15:43:42.126,14944,14946,14945,1,-1
2022-08-08 15:43:42.827,14944,14945,14945,1,1
2022-08-08 15:43:44.785,14944,14946,14944,1,-1
2022-08-08 15:43:45.962,14944,14945,14945,1,1
2022-08-08 15:43:50.773,14945,14946,14946,3,3
2022-08-08 15:43:52.194,14945,14947,14945,4,-4
2022-08-08 15:43:52.830,14945,14947,14945,2,-2
2022-08-08 15:43:53.473,14945,14947,14947,1,1
2022-08-08 15:44:00.977,14946,14947,14947,1,1
2022-08-08 15:44:01.162,14946,14947,14947,1,1
2022-08-08 15:44:03.207,14946,14947,14946,2,-2
2022-08-08 15:44:03.387,14946,14947,14946,2,-2
2022-08-08 15:44:04.437,14946,14947,14947,3,3
2022-08-08 15:44:04.548,14946,14947,14947,1,1
2022-08-08 15:44:05.115,14946,14947,14946,1,-1
2022-08-08 15:44:08.591,14945,14946,14945,1,-1
2022-08-08 15:44:14.007,14945,14946,14946,1,1
2022-08-08 15:44:14.428,14945,14946,14945,5,-5
2022-08-08 15:44:15.723,14945,14946,14945,1,-1
2022-08-08 15:44:16.941,14945,14946,14946,2,2
2022-08-08 15:44:17.703,14946,14947,14946,3,-3
2022-08-08 15:44:17.781,14946,14947,14945,4,-4
2022-08-08 15:44:18.198,14945,14946,14945,1,-1
2022-08-08 15:44:18.775,14945,14946,14945,2,-2
2022-08-08 15:44:23.111,14945,14946,14945,1,-1
2022-08-08 15:44:23.111,14945,14946,14945,4,-4
2022-08-08 15:44:23.111,14945,14946,14945,1,-1
2022-08-08 15:44:23.111,14945,14946,14945,1,-1
2022-08-08 15:44:23.111,14945,14946,14945,2,-2
2022-08-08 15:44:23.733,14944,14946,14945,1,-1
2022-08-08 15:44:28.509,14945,14946,14945,3,-3
2022-08-08 15:44:31.978,14945,14946,14945,1,-1
2022-08-08 15:44:36.593,14944,14945,14945,3,3
2022-08-08 15:44:36.694,14944,14946,14944,2,-2
2022-08-08 15:44:39.542,14944,14946,14944,1,-1
2022-08-08 15:44:43.836,14944,14945,14945,1,1
2022-08-08 15:44:47.747,14944,14945,14944,1,-1
2022-08-08 15:44:48.539,14944,14945,14944,10,-10
2022-08-08 15:44:59.250,14944,14945,14945,4,4
2022-08-08 15:44:59.976,14944,14945,14944,2,-2
2022-08-08 15:45:00.314,14945,14946,14945,1,-1
2022-08-08 15:45:00.723,14944,14946,14944,1,-1
2022-08-08 15:45:00.757,14944,14946,14944,1,-1
2022-08-08 15:45:00.765,14944,14946,14944,1,-1
2022-08-08 15:45:00.771,14944,14946,14944,1,-1
2022-08-08 15:45:00.795,14944,14946,14944,1,-1
2022-08-08 15:45:00.801,14944,14946,14944,1,-1
2022-08-08 15:45:00.802,14944,14946,14944,1,-1
2022-08-08 15:45:00.807,14944,14946,14944,1,-1
2022-08-08 15:45:00.808,14944,14946,14944,2,-2
2022-08-08 15:45:00.808,14944,14946,14943,3,-3
2022-08-08 15:45:00.808,14944,14946,14943,5,-5
2022-08-08 15:45:00.810,14944,14946,14943,1,-1
2022-08-08 15:45:00.860,14944,14946,14943,1,-1
2022-08-08 15:45:00.861,14944,14946,14943,1,-1
2022-08-08 15:45:00.883,14944,14946,14943,1,-1
2022-08-08 15:45:00.883,14944,14946,14943,1,-1
2022-08-08 15:45:00.888,14944,14946,14943,1,-1
2022-08-08 15:45:00.909,14944,14946,14943,1,-1
2022-08-08 15:45:00.910,14943,14945,14943,1,-1
2022-08-08 15:45:00.961,14943,14945,14943,1,-1
2022-08-08 15:45:01.036,14943,14945,14943,1,-1
2022-08-08 15:45:01.549,14943,14944,14944,1,1
2022-08-08 15:45:03.540,14944,14945,14945,1,1
2022-08-08 15:45:04.033,14944,14946,14944,2,-2
2022-08-08 15:45:08.402,14944,14946,14944,12,-12
2022-08-08 15:45:08.402,14944,14946,14943,17,-17
2022-08-08 15:45:08.402,14944,14946,14942,8,-8
2022-08-08 15:45:08.434,14943,14945,14943,1,-1
2022-08-08 15:45:08.874,14943,14945,14945,2,2
2022-08-08 15:45:08.879,14943,14945,14944,4,4
2022-08-08 15:45:15.827,14943,14945,14945,1,1
2022-08-08 15:45:18.023,14944,14945,14945,1,1
2022-08-08 15:45:22.721,14944,14945,14945,3,3
2022-08-08 15:45:23.016,14944,14945,14945,10,10
2022-08-08 15:45:24.048,14945,14946,14946,1,1
2022-08-08 15:45:25.583,14945,14946,14946,1,1
2022-08-08 15:45:31.892,14945,14946,14946,7,7
2022-08-08 15:45:32.103,14946,14947,14946,1,-1
2022-08-08 15:45:32.103,14946,14947,14946,1,-1
2022-08-08 15:45:33.506,14946,14947,14947,2,2
2022-08-08 15:45:33.507,14946,14947,14947,1,1
2022-08-08 15:45:36.715,14946,14947,14947,1,1
2022-08-08 15:45:42.362,14946,14947,14946,1,-1
2022-08-08 15:45:42.419,14946,14947,14947,2,2
2022-08-08 15:45:44.164,14946,14947,14947,1,1
2022-08-08 15:45:47.024,14946,14947,14947,1,1
2022-08-08 15:45:51.461,14946,14947,14947,1,1
2022-08-08 15:45:52.622,14946,14947,14947,1,1
2022-08-08 15:45:53.120,14946,14947,14947,1,1
2022-08-08 15:45:56.415,14946,14947,14947,1,1
2022-08-08 15:46:01.052,14946,14947,14947,2,2
2022-08-08 15:46:01.703,14946,14947,14947,1,1
2022-08-08 15:46:05.367,14946,14947,14947,1,1
2022-08-08 15:46:07.908,14946,14947,14947,1,1
2022-08-08 15:46:16.006,14946,14947,14947,1,1
2022-08-08 15:46:16.543,14946,14947,14947,1,1
2022-08-08 15:46:17.684,14946,14947,14947,1,1
2022-08-08 15:46:20.274,14946,14947,14947,1,1
2022-08-08 15:46:26.433,14947,14948,14948,1,1
2022-08-08 15:46:34.726,14947,14948,14947,1,-1
2022-08-08 15:46:34.727,14947,14948,14947,1,-1
2022-08-08 15:46:34.727,14947,14948,14947,1,-1
2022-08-08 15:46:34.727,14947,14948,14947,1,-1
2022-08-08 15:46:34.728,14947,14948,14947,1,-1
2022-08-08 15:46:35.135,14946,14948,14948,1,1
2022-08-08 15:46:35.886,14946,14947,14947,2,2
2022-08-08 15:46:42.753,14946,14948,14948,1,1
2022-08-08 15:46:46.048,14946,14948,14948,1,1
2022-08-08 15:46:57.835,14947,14948,14948,1,1
2022-08-08 15:47:05.040,14947,14948,14948,1,1
2022-08-08 15:47:17.807,14948,14949,14948,1,-1
2022-08-08 15:47:18.196,14948,14949,14948,1,-1
2022-08-08 15:47:18.197,14948,14949,14948,1,-1
2022-08-08 15:47:30.565,14948,14949,14948,3,-3
2022-08-08 15:47:31.174,14947,14948,14948,1,1
2022-08-08 15:47:31.342,14947,14948,14948,1,1
2022-08-08 15:47:37.905,14947,14948,14948,1,1
2022-08-08 15:47:38.001,14947,14949,14949,1,1
2022-08-08 15:47:38.044,14947,14949,14949,2,2
2022-08-08 15:47:38.184,14948,14949,14949,2,2
2022-08-08 15:48:05.281,14948,14949,14949,1,1
2022-08-08 15:48:05.526,14948,14949,14948,1,-1
2022-08-08 15:48:06.891,14948,14949,14948,1,-1
2022-08-08 15:48:07.268,14948,14949,14949,1,1
2022-08-08 15:48:08.499,14948,14949,14948,1,-1
2022-08-08 15:48:10.341,14948,14949,14948,1,-1
2022-08-08 15:48:10.579,14948,14949,14948,1,-1
2022-08-08 15:48:11.486,14947,14949,14947,2,-2
2022-08-08 15:48:13.117,14947,14948,14947,1,-1
2022-08-08 15:48:31.662,14947,14948,14947,1,-1
2022-08-08 15:48:33.076,14947,14948,14947,1,-1
2022-08-08 15:48:33.323,14947,14948,14947,1,-1
2022-08-08 15:48:33.818,14947,14948,14948,1,1
2022-08-08 15:48:33.818,14947,14948,14948,1,1
2022-08-08 15:48:33.903,14947,14948,14949,1,1
2022-08-08 15:48:33.956,14948,14949,14949,3,3
2022-08-08 15:48:34.296,14949,14950,14950,6,6
2022-08-08 15:48:34.378,14949,14950,14950,2,2
2022-08-08 15:48:35.249,14949,14950,14950,1,1
2022-08-08 15:48:35.305,14949,14950,14950,5,5
2022-08-08 15:48:40.421,14949,14950,14950,2,2
2022-08-08 15:48:40.476,14949,14950,14950,3,3
2022-08-08 15:48:43.824,14949,14950,14950,1,1
2022-08-08 15:48:45.837,14949,14950,14950,1,1
2022-08-08 15:48:47.335,14949,14950,14950,1,1
2022-08-08 15:48:48.698,14949,14950,14950,1,1
2022-08-08 15:48:50.235,14949,14950,14950,1,1
2022-08-08 15:48:53.654,14949,14950,14950,1,1
2022-08-08 15:48:56.770,14949,14950,14950,5,5
2022-08-08 15:48:56.770,14949,14950,14950,2,2
2022-08-08 15:48:56.770,14949,14950,14950,1,1
2022-08-08 15:48:56.771,14949,14950,14950,7,7
2022-08-08 15:48:56.771,14949,14950,14950,3,3
2022-08-08 15:48:56.771,14949,14950,14950,4,4
2022-08-08 15:48:57.038,14949,14951,14951,4,4
2022-08-08 15:49:00.672,14950,14951,14950,2,-2
2022-08-08 15:49:00.674,14950,14951,14949,1,-1
2022-08-08 15:49:00.674,14950,14951,14949,1,-1
2022-08-08 15:49:00.674,14950,14951,14949,2,-2
2022-08-08 15:49:00.674,14950,14951,14949,3,-3
2022-08-08 15:49:01.867,14948,14949,14949,1,1
2022-08-08 15:49:02.096,14948,14949,14949,1,1
2022-08-08 15:49:05.981,14948,14949,14949,1,1
2022-08-08 15:49:07.914,14948,14950,14950,1,1
2022-08-08 15:49:13.340,14948,14950,14950,1,1
2022-08-08 15:49:16.530,14949,14950,14950,1,1
2022-08-08 15:49:16.840,14949,14950,14949,2,-2
2022-08-08 15:49:17.884,14948,14950,14948,2,-2
2022-08-08 15:49:36.840,14948,14949,14949,1,1
2022-08-08 15:49:38.256,14948,14950,14950,1,1
2022-08-08 15:49:38.350,14948,14950,14950,1,1
2022-08-08 15:49:38.406,14948,14950,14950,4,4
2022-08-08 15:49:42.493,14948,14950,14950,1,1
2022-08-08 15:49:44.406,14948,14949,14949,1,1
2022-08-08 15:49:44.484,14948,14949,14949,2,2
2022-08-08 15:49:45.511,14948,14949,14949,1,1
2022-08-08 15:49:47.774,14948,14949,14948,1,-1
2022-08-08 15:49:47.774,14948,14949,14948,1,-1
2022-08-08 15:49:47.775,14948,14949,14948,1,-1
2022-08-08 15:49:47.775,14948,14949,14948,5,-5
2022-08-08 15:49:47.775,14948,14949,14948,2,-2
2022-08-08 15:49:47.775,14948,14949,14948,6,-6
2022-08-08 15:49:48.623,14947,14948,14947,2,-2
2022-08-08 15:50:01.268,14947,14948,14947,1,-1
2022-08-08 15:50:02.176,14946,14947,14947,1,1
2022-08-08 15:50:02.384,14947,14949,14949,1,1
2022-08-08 15:50:06.890,14947,14949,14947,1,-1
2022-08-08 15:50:06.890,14947,14949,14946,1,-1
2022-08-08 15:50:06.930,14947,14948,14948,1,1
2022-08-08 15:50:10.037,14947,14948,14948,1,1
2022-08-08 15:50:14.203,14948,14949,14948,1,-1
2022-08-08 15:50:28.857,14946,14948,14946,1,-1
2022-08-08 15:50:33.663,14946,14948,14948,3,3
2022-08-08 15:50:34.485,14947,14948,14947,1,-1
2022-08-08 15:50:36.137,14946,14948,14946,2,-2
2022-08-08 15:50:40.374,14946,14947,14947,1,1
2022-08-08 15:50:41.684,14946,14947,14947,6,6
2022-08-08 15:50:43.373,14947,14948,14948,1,1
2022-08-08 15:50:46.284,14947,14948,14947,5,-5
2022-08-08 15:50:46.284,14947,14948,14947,1,-1
2022-08-08 15:50:47.467,14947,14948,14947,1,-1
2022-08-08 15:50:48.423,14947,14948,14948,1,1
2022-08-08 15:50:56.076,14947,14948,14947,4,-4
2022-08-08 15:50:56.077,14947,14948,14947,1,-1
2022-08-08 15:50:56.077,14947,14948,14947,1,-1
2022-08-08 15:50:56.077,14947,14948,14947,2,-2
2022-08-08 15:51:03.802,14947,14948,14947,1,-1
2022-08-08 15:51:09.510,14947,14948,14948,1,1
2022-08-08 15:51:11.535,14947,14949,14947,1,-1
2022-08-08 15:51:21.691,14947,14948,14947,1,-1
2022-08-08 15:51:21.691,14947,14948,14946,23,-23
2022-08-08 15:51:22.229,14945,14947,14946,1,-1
2022-08-08 15:51:33.699,14945,14946,14946,1,1
2022-08-08 15:51:35.512,14945,14947,14945,1,-1
2022-08-08 15:51:40.672,14946,14947,14946,3,-3
2022-08-08 15:51:41.050,14945,14947,14945,1,-1
2022-08-08 15:51:48.321,14946,14948,14946,2,-2
2022-08-08 15:51:53.643,14946,14948,14946,1,-1
2022-08-08 15:51:54.871,14946,14948,14946,1,-1
2022-08-08 15:52:07.922,14947,14948,14947,1,-1
2022-08-08 15:52:08.070,14947,14948,14947,1,-1
2022-08-08 15:52:22.669,14946,14947,14947,1,1
2022-08-08 15:52:28.086,14947,14948,14947,1,-1
2022-08-08 15:52:29.379,14946,14947,14947,1,1
2022-08-08 15:52:46.669,14946,14947,14947,1,1
2022-08-08 15:52:55.539,14946,14947,14947,1,1
2022-08-08 15:52:57.569,14946,14947,14947,1,1
2022-08-08 15:53:14.434,14947,14948,14948,2,2
2022-08-08 15:53:16.786,14947,14948,14948,1,1
2022-08-08 15:53:19.606,14947,14948,14948,1,1
2022-08-08 15:53:26.863,14947,14948,14948,1,1
2022-08-08 15:53:41.493,14947,14948,14947,1,-1
2022-08-08 15:53:43.376,14947,14948,14947,3,-3
2022-08-08 15:53:51.236,14946,14947,14947,3,3
2022-08-08 15:53:57.530,14947,14948,14948,5,5
2022-08-08 15:54:14.308,14948,14949,14949,1,1
2022-08-08 15:54:23.620,14948,14949,14949,1,1
2022-08-08 15:54:25.669,14948,14949,14949,2,2
2022-08-08 15:54:26.698,14948,14949,14949,1,1
2022-08-08 15:54:31.075,14948,14950,14950,2,2
2022-08-08 15:54:35.672,14949,14950,14950,1,1
2022-08-08 15:54:36.212,14949,14950,14950,3,3
2022-08-08 15:54:51.597,14949,14950,14950,1,1
2022-08-08 15:55:08.284,14949,14950,14949,1,-1
2022-08-08 15:55:08.681,14949,14950,14949,4,-4
2022-08-08 15:55:26.576,14949,14950,14949,2,-2
2022-08-08 15:55:27.002,14948,14950,14950,2,2
2022-08-08 15:55:32.217,14949,14950,14949,1,-1
2022-08-08 15:55:34.570,14948,14949,14949,1,1
2022-08-08 15:55:37.143,14949,14950,14949,1,-1
2022-08-08 15:55:43.953,14949,14950,14949,1,-1
2022-08-08 15:55:51.656,14949,14950,14949,1,-1
2022-08-08 15:55:51.657,14949,14950,14949,1,-1
2022-08-08 15:56:00.174,14949,14950,14950,2,2
2022-08-08 15:56:03.756,14949,14950,14950,2,2
2022-08-08 15:56:14.204,14949,14950,14949,2,-2
2022-08-08 15:56:17.537,14948,14949,14949,1,1
2022-08-08 15:56:20.665,14948,14949,14949,3,3
2022-08-08 15:56:25.206,14948,14949,14949,1,1
2022-08-08 15:56:27.282,14948,14949,14949,3,3
2022-08-08 15:56:28.765,14949,14950,14949,1,-1
2022-08-08 15:56:31.552,14948,14949,14948,2,-2
2022-08-08 15:56:42.992,14948,14949,14948,1,-1
2022-08-08 15:57:04.005,14948,14949,14948,1,-1
2022-08-08 15:57:04.006,14948,14949,14948,8,-8
2022-08-08 15:57:15.310,14947,14949,14947,1,-1
2022-08-08 15:57:27.530,14947,14949,14947,1,-1
2022-08-08 15:57:29.062,14947,14949,14947,1,-1
2022-08-08 15:57:36.179,14947,14948,14948,1,1
2022-08-08 15:57:59.474,14948,14949,14948,1,-1
2022-08-08 15:58:02.085,14948,14949,14949,9,9
2022-08-08 15:58:04.309,14949,14950,14949,2,-2
2022-08-08 15:58:05.180,14949,14950,14949,1,-1
2022-08-08 15:58:11.350,14949,14950,14949,1,-1
2022-08-08 15:58:12.965,14948,14950,14950,1,1
2022-08-08 15:58:23.119,14949,14950,14949,5,-5
2022-08-08 15:58:26.752,14949,14950,14950,1,1
2022-08-08 15:58:29.941,14949,14950,14950,1,1
2022-08-08 15:58:35.595,14949,14950,14949,1,-1
2022-08-08 15:58:38.487,14948,14949,14949,1,1
2022-08-08 15:58:40.925,14948,14950,14948,1,-1
2022-08-08 15:58:50.724,14948,14950,14948,1,-1
2022-08-08 15:59:09.828,14948,14949,14948,2,-2
2022-08-08 15:59:14.815,14947,14948,14948,1,1
2022-08-08 15:59:14.815,14947,14948,14948,1,1
2022-08-08 15:59:14.815,14947,14948,14948,1,1
2022-08-08 15:59:25.387,14947,14948,14948,5,5
2022-08-08 15:59:26.819,14947,14948,14947,1,-1
2022-08-08 15:59:26.819,14947,14948,14947,5,-5
2022-08-08 15:59:48.420,14947,14948,14947,4,-4
2022-08-08 15:59:48.435,14947,14948,14946,3,-3
2022-08-08 15:59:48.999,14946,14947,14947,1,1
2022-08-08 15:59:52.824,14947,14948,14947,1,-1
2022-08-08 15:59:52.825,14947,14948,14947,1,-1
2022-08-08 15:59:52.839,14947,14948,14946,6,-6
2022-08-08 15:59:55.066,14945,14947,14947,1,1
2022-08-08 16:00:01.264,14945,14947,14946,3,3
2022-08-08 16:00:01.330,14946,14947,14946,3,-3
2022-08-08 16:00:01.380,14946,14947,14946,3,-3
2022-08-08 16:00:01.823,14945,14947,14945,1,-1
2022-08-08 16:00:02.247,14945,14947,14945,1,-1
2022-08-08 16:00:02.814,14945,14946,14946,1,1
2022-08-08 16:00:02.826,14945,14946,14946,1,1
2022-08-08 16:00:08.638,14946,14948,14946,2,-2
2022-08-08 16:00:08.638,14946,14948,14945,3,-3
2022-08-08 16:00:14.426,14945,14946,14945,1,-1
2022-08-08 16:00:14.426,14945,14946,14945,1,-1
2022-08-08 16:00:14.426,14945,14946,14945,1,-1
2022-08-08 16:00:14.426,14945,14946,14945,1,-1
2022-08-08 16:00:14.426,14945,14946,14945,1,-1
2022-08-08 16:00:14.985,14944,14945,14944,5,-5
2022-08-08 16:00:19.262,14944,14945,14945,1,1
2022-08-08 16:00:36.238,14944,14945,14945,1,1
2022-08-08 16:00:51.603,14944,14945,14945,4,4
2022-08-08 16:00:52.514,14945,14946,14946,2,2
2022-08-08 16:00:52.515,14945,14946,14946,1,1
2022-08-08 16:00:53.611,14946,14948,14946,3,-3
2022-08-08 16:00:53.611,14946,14948,14946,6,-6
2022-08-08 16:00:58.155,14945,14947,14945,1,-1
2022-08-08 16:01:00.125,14945,14946,14945,3,-3
2022-08-08 16:01:15.813,14945,14946,14945,1,-1
2022-08-08 16:01:20.783,14945,14946,14945,1,-1
2022-08-08 16:01:22.759,14944,14945,14945,2,2
2022-08-08 16:01:23.850,14944,14945,14945,1,1
2022-08-08 16:01:25.270,14944,14945,14945,1,1
2022-08-08 16:01:28.107,14944,14945,14944,11,-11
2022-08-08 16:01:28.107,14944,14945,14944,6,-6
2022-08-08 16:01:31.898,14943,14944,14943,2,-2
2022-08-08 16:01:31.898,14943,14944,14943,2,-2
2022-08-08 16:01:32.119,14942,14944,14943,1,-1
2022-08-08 16:01:32.119,14942,14944,14942,12,-12
2022-08-08 16:01:32.184,14942,14943,14942,1,-1
2022-08-08 16:01:32.232,14942,14943,14942,2,-2
2022-08-08 16:01:32.241,14942,14943,14942,2,-2
2022-08-08 16:01:32.293,14942,14943,14942,1,-1
2022-08-08 16:01:32.344,14942,14943,14942,1,-1
2022-08-08 16:01:32.345,14942,14943,14942,10,-10
2022-08-08 16:01:32.390,14942,14943,14941,1,-1
2022-08-08 16:01:32.403,14942,14943,14943,1,1
2022-08-08 16:01:32.405,14942,14943,14941,1,-1
2022-08-08 16:01:32.406,14942,14943,14941,8,-8
2022-08-08 16:01:32.407,14942,14943,14941,1,-1
2022-08-08 16:01:32.408,14942,14943,14941,1,-1
2022-08-08 16:01:32.423,14940,14941,14940,2,-2
2022-08-08 16:01:32.435,14940,14941,14940,1,-1
2022-08-08 16:01:32.446,14940,14941,14940,1,-1
2022-08-08 16:01:32.477,14940,14941,14940,1,-1
2022-08-08 16:01:32.503,14940,14941,14940,2,-2
2022-08-08 16:01:32.522,14940,14941,14941,1,1
2022-08-08 16:01:32.549,14940,14941,14940,1,-1
2022-08-08 16:01:32.556,14940,14941,14940,1,-1
2022-08-08 16:01:32.697,14940,14941,14940,5,-5
2022-08-08 16:01:32.702,14940,14941,14941,2,2
2022-08-08 16:01:32.722,14940,14941,14941,1,1
2022-08-08 16:01:32.943,14941,14943,14941,1,-1
2022-08-08 16:01:33.026,14941,14943,14940,1,-1
2022-08-08 16:01:33.026,14941,14943,14940,2,-2
2022-08-08 16:01:33.457,14940,14942,14942,1,1
2022-08-08 16:01:40.617,14940,14942,14940,3,-3
2022-08-08 16:01:42.252,14940,14941,14941,1,1
2022-08-08 16:01:43.966,14940,14941,14940,2,-2
2022-08-08 16:01:45.754,14940,14942,14940,1,-1
2022-08-08 16:01:45.885,14940,14942,14942,1,1
2022-08-08 16:01:48.929,14941,14942,14942,1,1
2022-08-08 16:01:51.304,14941,14942,14942,3,3
2022-08-08 16:01:51.747,14941,14943,14941,2,-2
2022-08-08 16:01:53.182,14941,14942,14942,1,1
2022-08-08 16:01:53.182,14941,14942,14943,1,1
2022-08-08 16:01:59.286,14941,14942,14942,1,1
2022-08-08 16:02:00.134,14941,14943,14943,15,15
2022-08-08 16:02:00.417,14942,14944,14944,2,2
2022-08-08 16:02:00.732,14942,14944,14942,9,-9
2022-08-08 16:02:04.039,14941,14943,14942,1,-1
2022-08-08 16:02:05.040,14942,14944,14944,1,1
2022-08-08 16:02:07.208,14942,14943,14942,1,-1
2022-08-08 16:02:07.343,14942,14943,14943,1,1
2022-08-08 16:02:07.450,14942,14943,14942,3,-3
2022-08-08 16:02:07.450,14942,14943,14942,2,-2
2022-08-08 16:02:08.777,14942,14943,14942,2,-2
2022-08-08 16:02:10.486,14942,14943,14942,5,-5
2022-08-08 16:02:10.636,14942,14943,14942,1,-1
2022-08-08 16:02:11.540,14942,14943,14942,2,-2
2022-08-08 16:02:11.540,14942,14943,14941,3,-3
2022-08-08 16:02:12.650,14941,14943,14941,5,-5
2022-08-08 16:02:14.319,14941,14942,14941,1,-1
2022-08-08 16:02:14.319,14941,14942,14940,4,-4
2022-08-08 16:02:15.007,14940,14942,14940,2,-2
2022-08-08 16:02:15.036,14940,14942,14940,1,-1
2022-08-08 16:02:16.040,14940,14942,14940,1,-1
2022-08-08 16:02:16.139,14940,14942,14940,5,-5
2022-08-08 16:02:16.770,14940,14942,14940,3,-3
2022-08-08 16:02:16.837,14940,14942,14940,1,-1
2022-08-08 16:02:17.264,14940,14942,14940,1,-1
2022-08-08 16:02:17.685,14940,14942,14940,1,-1
2022-08-08 16:02:17.778,14940,14942,14942,1,1
2022-08-08 16:02:18.143,14940,14942,14940,1,-1
2022-08-08 16:02:19.341,14941,14942,14941,1,-1
2022-08-08 16:02:19.341,14941,14942,14940,2,-2
2022-08-08 16:02:21.042,14941,14942,14941,1,-1
2022-08-08 16:02:21.991,14941,14942,14941,1,-1
2022-08-08 16:02:22.457,14941,14942,14941,2,-2
2022-08-08 16:02:30.508,14940,14941,14941,1,1
2022-08-08 16:02:31.903,14940,14942,14940,1,-1
2022-08-08 16:02:32.673,14940,14942,14940,7,-7
2022-08-08 16:02:32.674,14940,14942,14940,3,-3
2022-08-08 16:02:33.973,14940,14941,14941,7,7
2022-08-08 16:02:33.974,14940,14941,14941,1,1
2022-08-08 16:02:37.777,14940,14942,14941,1,1
2022-08-08 16:02:38.258,14941,14942,14942,1,1
2022-08-08 16:02:38.259,14941,14942,14942,1,1
2022-08-08 16:02:40.569,14941,14942,14941,1,-1
2022-08-08 16:02:42.769,14941,14942,14942,1,1
2022-08-08 16:02:43.102,14941,14943,14941,8,-8
2022-08-08 16:02:53.220,14942,14943,14943,1,1
2022-08-08 16:02:59.379,14942,14943,14943,1,1
2022-08-08 16:03:01.346,14942,14943,14943,12,12
2022-08-08 16:03:02.828,14943,14944,14944,1,1
2022-08-08 16:03:02.828,14943,14944,14944,2,2
2022-08-08 16:03:02.828,14943,14944,14944,1,1
2022-08-08 16:03:02.829,14943,14944,14944,1,1
2022-08-08 16:03:03.481,14944,14945,14945,3,3
2022-08-08 16:03:06.556,14944,14946,14945,1,1
2022-08-08 16:03:06.560,14944,14946,14945,1,1
2022-08-08 16:03:07.263,14944,14946,14944,1,-1
2022-08-08 16:03:07.293,14944,14946,14946,2,2
2022-08-08 16:03:08.574,14944,14946,14946,1,1
2022-08-08 16:03:09.922,14944,14946,14945,1,1
2022-08-08 16:03:17.337,14945,14946,14946,2,2
2022-08-08 16:03:22.929,14947,14948,14948,17,17
2022-08-08 16:03:23.178,14948,14949,14949,2,2
2022-08-08 16:03:23.464,14948,14949,14949,1,1
2022-08-08 16:03:23.473,14948,14949,14949,6,6
2022-08-08 16:03:23.661,14949,14950,14949,1,-1
2022-08-08 16:03:24.835,14948,14950,14950,5,5
2022-08-08 16:03:26.684,14948,14950,14950,1,1
2022-08-08 16:03:26.769,14948,14950,14950,1,1
2022-08-08 16:03:29.577,14947,14949,14949,1,1
2022-08-08 16:03:33.259,14947,14949,14949,1,1
2022-08-08 16:03:35.898,14948,14949,14948,1,-1
2022-08-08 16:03:35.932,14948,14949,14949,1,1
2022-08-08 16:03:36.163,14948,14949,14949,1,1
2022-08-08 16:03:42.518,14949,14950,14949,1,-1
2022-08-08 16:03:46.592,14949,14950,14950,1,1
2022-08-08 16:03:47.718,14949,14950,14950,1,1
2022-08-08 16:03:49.300,14949,14950,14950,1,1
2022-08-08 16:03:49.865,14949,14950,14950,1,1
2022-08-08 16:03:54.484,14949,14950,14950,5,5
2022-08-08 16:03:55.210,14949,14950,14950,2,2
2022-08-08 16:03:58.586,14949,14950,14950,1,1
2022-08-08 16:03:58.705,14949,14950,14949,6,-6
2022-08-08 16:03:59.513,14949,14950,14950,1,1
2022-08-08 16:04:02.107,14949,14950,14950,1,1
2022-08-08 16:04:02.923,14949,14950,14949,1,-1
2022-08-08 16:04:05.787,14948,14949,14949,1,1
2022-08-08 16:04:31.546,14948,14949,14948,1,-1
2022-08-08 16:04:31.546,14948,14949,14948,4,-4
2022-08-08 16:04:31.546,14948,14949,14948,1,-1
2022-08-08 16:04:32.789,14947,14948,14948,1,1
2022-08-08 16:04:41.606,14947,14948,14948,1,1
2022-08-08 16:04:43.381,14947,14948,14948,1,1
2022-08-08 16:04:57.161,14947,14948,14948,1,1
2022-08-08 16:05:06.401,14947,14948,14947,1,-1
2022-08-08 16:05:06.401,14947,14948,14947,1,-1
2022-08-08 16:05:06.401,14947,14948,14947,1,-1
2022-08-08 16:05:06.401,14947,14948,14947,1,-1
2022-08-08 16:05:10.065,14946,14947,14946,1,-1
2022-08-08 16:05:25.271,14946,14947,14946,5,-5
2022-08-08 16:05:29.721,14945,14946,14945,1,-1
2022-08-08 16:05:29.721,14945,14946,14945,1,-1
2022-08-08 16:05:30.013,14944,14946,14945,1,-1
2022-08-08 16:05:32.791,14944,14945,14945,1,1
2022-08-08 16:05:43.603,14944,14945,14945,1,1
2022-08-08 16:05:49.098,14944,14945,14944,2,-2
2022-08-08 16:05:54.155,14944,14945,14945,3,3
2022-08-08 16:05:54.157,14944,14945,14945,1,1
2022-08-08 16:06:02.096,14944,14946,14945,1,1
2022-08-08 16:06:02.577,14944,14946,14944,1,-1
2022-08-08 16:06:02.577,14944,14946,14944,2,-2
2022-08-08 16:06:05.407,14944,14945,14945,2,2
2022-08-08 16:06:05.470,14944,14946,14946,1,1
2022-08-08 16:06:05.726,14944,14946,14946,2,2
2022-08-08 16:06:22.189,14944,14946,14946,2,2
2022-08-08 16:06:24.773,14944,14946,14944,1,-1
2022-08-08 16:06:26.613,14944,14945,14944,1,-1
2022-08-08 16:06:27.416,14944,14945,14944,1,-1
2022-08-08 16:06:27.416,14944,14945,14944,8,-8
2022-08-08 16:06:30.822,14943,14944,14944,1,1
2022-08-08 16:06:32.142,14943,14944,14944,1,1
2022-08-08 16:06:32.566,14943,14944,14944,1,1
2022-08-08 16:06:33.429,14943,14944,14944,1,1
2022-08-08 16:06:36.156,14943,14945,14945,1,1
2022-08-08 16:06:36.789,14944,14945,14945,1,1
2022-08-08 16:06:37.539,14944,14945,14945,1,1
2022-08-08 16:06:37.648,14944,14945,14944,1,-1
2022-08-08 16:06:42.831,14945,14946,14945,1,-1
2022-08-08 16:06:46.330,14944,14945,14944,1,-1
2022-08-08 16:06:49.940,14944,14945,14944,1,-1
2022-08-08 16:06:49.940,14944,14945,14944,1,-1
2022-08-08 16:06:49.940,14944,14945,14944,4,-4
2022-08-08 16:06:56.102,14943,14944,14943,2,-2
2022-08-08 16:06:56.103,14943,14944,14943,16,-16
2022-08-08 16:06:56.310,14942,14943,14943,1,1
2022-08-08 16:06:56.317,14942,14943,14943,1,1
2022-08-08 16:06:56.318,14942,14943,14943,1,1
2022-08-08 16:06:56.326,14942,14943,14943,1,1
2022-08-08 16:06:57.105,14942,14943,14942,2,-2
2022-08-08 16:07:00.272,14942,14943,14942,1,-1
2022-08-08 16:07:03.376,14942,14943,14942,2,-2
2022-08-08 16:07:09.748,14942,14943,14942,5,-5
2022-08-08 16:07:12.026,14942,14943,14942,1,-1
2022-08-08 16:07:12.364,14942,14943,14942,1,-1
2022-08-08 16:07:17.891,14942,14943,14942,8,-8
2022-08-08 16:07:19.065,14941,14942,14942,1,1
2022-08-08 16:07:20.017,14941,14942,14941,1,-1
2022-08-08 16:07:20.017,14941,14942,14941,1,-1
2022-08-08 16:07:20.017,14941,14942,14941,3,-3
2022-08-08 16:07:27.518,14940,14941,14941,1,1
2022-08-08 16:07:27.564,14940,14941,14941,1,1
2022-08-08 16:07:28.658,14940,14941,14940,23,-23
2022-08-08 16:07:28.659,14940,14941,14939,1,-1
2022-08-08 16:07:28.660,14939,14940,14939,5,-5
2022-08-08 16:07:28.689,14939,14940,14938,1,-1
2022-08-08 16:07:28.827,14938,14939,14938,1,-1
2022-08-08 16:07:29.065,14938,14939,14938,2,-2
2022-08-08 16:07:29.076,14938,14939,14938,2,-2
2022-08-08 16:07:29.077,14938,14939,14938,24,-24
2022-08-08 16:07:29.077,14938,14939,14938,2,-2
2022-08-08 16:07:29.077,14938,14939,14938,2,-2
2022-08-08 16:07:29.272,14937,14938,14937,1,-1
2022-08-08 16:07:29.272,14937,14938,14937,1,-1
2022-08-08 16:07:29.300,14937,14938,14937,1,-1
2022-08-08 16:07:29.301,14937,14938,14937,16,-16
2022-08-08 16:07:29.324,14937,14938,14936,1,-1
2022-08-08 16:07:29.334,14937,14938,14936,1,-1
2022-08-08 16:07:29.374,14937,14938,14936,1,-1
2022-08-08 16:07:29.386,14937,14938,14936,1,-1
2022-08-08 16:07:29.416,14936,14937,14936,1,-1
2022-08-08 16:07:29.427,14936,14937,14936,1,-1
2022-08-08 16:07:29.432,14936,14937,14936,1,-1
2022-08-08 16:07:29.432,14936,14937,14936,1,-1
2022-08-08 16:07:29.483,14936,14937,14936,1,-1
2022-08-08 16:07:29.600,14935,14936,14935,1,-1
2022-08-08 16:07:29.653,14935,14936,14935,1,-1
2022-08-08 16:07:29.657,14935,14936,14935,1,-1
2022-08-08 16:07:29.661,14935,14936,14935,1,-1
2022-08-08 16:07:29.662,14935,14936,14935,1,-1
2022-08-08 16:07:29.712,14935,14936,14935,1,-1
2022-08-08 16:07:29.759,14935,14936,14936,5,5
2022-08-08 16:07:29.761,14935,14936,14936,2,2
2022-08-08 16:07:29.809,14936,14937,14936,2,-2
2022-08-08 16:07:29.822,14936,14937,14937,1,1
2022-08-08 16:07:29.917,14936,14937,14937,1,1
2022-08-08 16:07:29.965,14936,14937,14936,1,-1
2022-08-08 16:07:30.165,14936,14938,14936,1,-1
2022-08-08 16:07:30.215,14936,14938,14936,1,-1
2022-08-08 16:07:30.268,14936,14938,14936,1,-1
2022-08-08 16:07:30.269,14936,14938,14936,1,-1
2022-08-08 16:07:30.317,14936,14937,14937,1,1
2022-08-08 16:07:30.341,14936,14937,14936,1,-1
2022-08-08 16:07:30.390,14936,14937,14936,1,-1
2022-08-08 16:07:30.416,14936,14937,14936,1,-1
2022-08-08 16:07:30.466,14936,14937,14936,1,-1
2022-08-08 16:07:30.502,14936,14937,14935,1,-1
2022-08-08 16:07:30.768,14935,14937,14935,1,-1
2022-08-08 16:07:30.839,14935,14937,14935,1,-1
2022-08-08 16:07:30.850,14935,14937,14935,1,-1
2022-08-08 16:07:30.878,14935,14937,14935,2,-2
2022-08-08 16:07:34.399,14935,14936,14935,1,-1
2022-08-08 16:07:34.634,14935,14936,14936,1,1
2022-08-08 16:07:34.762,14936,14937,14937,1,1
2022-08-08 16:07:34.873,14936,14937,14937,1,1
2022-08-08 16:07:34.939,14936,14938,14936,4,-4
2022-08-08 16:07:34.942,14936,14938,14938,1,1
2022-08-08 16:07:34.946,14936,14938,14938,1,1
2022-08-08 16:07:35.215,14936,14938,14938,1,1
2022-08-08 16:07:35.302,14936,14938,14938,1,1
2022-08-08 16:07:38.289,14936,14937,14937,4,4
2022-08-08 16:07:38.865,14936,14938,14938,4,4
2022-08-08 16:07:41.398,14936,14937,14937,2,2
2022-08-08 16:07:41.446,14936,14937,14937,1,1
2022-08-08 16:07:41.523,14936,14937,14937,1,1
2022-08-08 16:07:41.948,14936,14937,14937,1,1
2022-08-08 16:07:42.302,14936,14937,14936,1,-1
2022-08-08 16:07:42.800,14936,14937,14937,1,1
2022-08-08 16:07:47.137,14936,14937,14937,1,1
2022-08-08 16:07:47.188,14936,14937,14936,1,-1
2022-08-08 16:07:47.457,14936,14937,14937,1,1
2022-08-08 16:07:47.544,14936,14937,14937,3,3
2022-08-08 16:07:53.780,14937,14938,14937,5,-5
2022-08-08 16:07:54.290,14936,14937,14937,2,2
2022-08-08 16:07:59.876,14937,14938,14937,1,-1
2022-08-08 16:08:00.117,14937,14938,14937,1,-1
2022-08-08 16:08:00.165,14936,14938,14936,1,-1
2022-08-08 16:08:00.165,14936,14938,14936,1,-1
2022-08-08 16:08:00.165,14936,14938,14936,1,-1
2022-08-08 16:08:00.165,14936,14938,14936,1,-1
2022-08-08 16:08:00.169,14936,14938,14936,1,-1
2022-08-08 16:08:00.434,14936,14937,14937,1,1
2022-08-08 16:08:01.504,14936,14937,14937,1,1
2022-08-08 16:08:04.716,14936,14937,14937,7,7
2022-08-08 16:08:06.760,14936,14937,14936,3,-3
2022-08-08 16:08:07.260,14935,14936,14935,17,-17
2022-08-08 16:08:07.275,14935,14936,14934,2,-2
2022-08-08 16:08:07.362,14933,14934,14933,1,-1
2022-08-08 16:08:07.371,14933,14934,14933,1,-1
2022-08-08 16:08:07.506,14933,14934,14933,1,-1
2022-08-08 16:08:07.509,14933,14934,14934,1,1
2022-08-08 16:08:07.518,14933,14934,14934,1,1
2022-08-08 16:08:07.646,14934,14935,14935,1,1
2022-08-08 16:08:07.739,14935,14936,14935,1,-1
2022-08-08 16:08:07.939,14935,14936,14935,1,-1
2022-08-08 16:08:07.990,14935,14936,14935,1,-1
2022-08-08 16:08:08.190,14935,14936,14935,1,-1
2022-08-08 16:08:08.278,14935,14936,14934,1,-1
2022-08-08 16:08:08.304,14934,14936,14934,1,-1
2022-08-08 16:08:08.849,14934,14936,14936,1,1
2022-08-08 16:08:09.398,14934,14936,14935,1,1
2022-08-08 16:08:10.243,14934,14935,14935,1,1
2022-08-08 16:08:10.508,14934,14935,14935,2,2
2022-08-08 16:08:11.185,14935,14937,14936,1,1
2022-08-08 16:08:12.534,14935,14936,14936,1,1
2022-08-08 16:08:14.910,14935,14936,14935,1,-1
2022-08-08 16:08:16.412,14935,14936,14936,1,1
2022-08-08 16:08:18.961,14935,14936,14935,2,-2
2022-08-08 16:08:20.189,14935,14936,14935,1,-1
2022-08-08 16:08:20.259,14935,14936,14936,1,1
2022-08-08 16:08:20.293,14935,14936,14935,1,-1
2022-08-08 16:08:20.674,14935,14936,14936,1,1
2022-08-08 16:08:20.924,14935,14936,14936,1,1
2022-08-08 16:08:22.372,14935,14936,14935,3,-3
2022-08-08 16:08:27.448,14935,14936,14936,1,1
2022-08-08 16:08:27.448,14935,14936,14936,3,3
2022-08-08 16:08:27.521,14935,14936,14937,1,1
2022-08-08 16:08:27.773,14936,14937,14936,1,-1
2022-08-08 16:08:28.920,14936,14937,14937,1,1
2022-08-08 16:08:39.015,14937,14938,14938,2,2
2022-08-08 16:08:40.985,14937,14938,14937,1,-1
2022-08-08 16:08:54.879,14937,14938,14937,1,-1
2022-08-08 16:08:55.169,14936,14937,14937,1,1
2022-08-08 16:08:55.600,14936,14938,14937,1,1
2022-08-08 16:08:56.321,14936,14937,14937,1,1
2022-08-08 16:08:59.395,14937,14938,14937,1,-1
2022-08-08 16:09:00.419,14936,14938,14936,1,-1
2022-08-08 16:09:09.090,14937,14938,14937,1,-1
2022-08-08 16:09:09.944,14936,14937,14937,1,1
2022-08-08 16:09:17.403,14936,14937,14937,1,1
2022-08-08 16:09:17.637,14936,14937,14936,6,-6
2022-08-08 16:09:18.860,14935,14936,14936,2,2
2022-08-08 16:09:20.194,14935,14936,14935,2,-2
2022-08-08 16:09:22.685,14935,14936,14936,1,1
2022-08-08 16:09:27.745,14935,14936,14936,2,2
2022-08-08 16:09:31.999,14935,14936,14936,1,1
2022-08-08 16:09:37.061,14935,14936,14936,6,6
2022-08-08 16:09:39.192,14935,14936,14935,1,-1
2022-08-08 16:09:39.192,14935,14936,14935,9,-9
2022-08-08 16:09:39.192,14935,14936,14935,1,-1
2022-08-08 16:09:39.192,14935,14936,14935,1,-1
2022-08-08 16:09:39.192,14935,14936,14935,1,-1
2022-08-08 16:09:40.188,14934,14935,14934,1,-1
2022-08-08 16:09:41.790,14934,14935,14935,1,1
2022-08-08 16:09:42.592,14934,14935,14935,1,1
2022-08-08 16:09:45.002,14934,14935,14934,1,-1
2022-08-08 16:09:48.297,14934,14935,14934,1,-1
2022-08-08 16:09:49.862,14934,14935,14934,1,-1
2022-08-08 16:09:49.862,14934,14935,14934,1,-1
2022-08-08 16:09:51.310,14933,14935,14933,1,-1
2022-08-08 16:09:52.278,14933,14934,14934,2,2
2022-08-08 16:09:52.297,14933,14934,14934,1,1
2022-08-08 16:09:52.314,14933,14934,14934,1,1
2022-08-08 16:09:53.465,14934,14935,14934,1,-1
2022-08-08 16:09:54.213,14934,14935,14934,1,-1
2022-08-08 16:09:54.264,14934,14935,14934,1,-1
2022-08-08 16:09:55.616,14933,14934,14934,1,1
2022-08-08 16:09:55.637,14933,14934,14934,1,1
2022-08-08 16:09:55.647,14933,14934,14934,1,1
2022-08-08 16:10:02.807,14934,14935,14934,13,-13
2022-08-08 16:10:03.457,14933,14934,14933,14,-14
2022-08-08 16:10:03.457,14933,14934,14932,36,-36
2022-08-08 16:10:03.457,14933,14934,14931,35,-35
2022-08-08 16:10:03.457,14933,14934,14930,15,-15
2022-08-08 16:10:03.460,14933,14934,14931,1,-1
2022-08-08 16:10:03.586,14930,14931,14930,1,-1
2022-08-08 16:10:03.615,14930,14931,14930,1,-1
2022-08-08 16:10:03.733,14930,14931,14930,1,-1
2022-08-08 16:10:03.757,14930,14931,14931,4,4
2022-08-08 16:10:03.758,14930,14931,14931,14,14
2022-08-08 16:10:03.759,14930,14931,14931,2,2
2022-08-08 16:10:03.762,14930,14931,14931,1,1
2022-08-08 16:10:03.795,14931,14932,14931,1,-1
2022-08-08 16:10:03.816,14931,14932,14932,1,1
2022-08-08 16:10:03.819,14931,14932,14931,1,-1
2022-08-08 16:10:03.821,14931,14932,14931,1,-1
2022-08-08 16:10:03.824,14931,14932,14931,1,-1
2022-08-08 16:10:03.825,14931,14932,14931,3,-3
2022-08-08 16:10:03.949,14931,14932,14932,1,1
2022-08-08 16:10:04.035,14931,14932,14930,1,-1
2022-08-08 16:10:04.167,14930,14932,14930,2,-2
2022-08-08 16:10:04.339,14930,14932,14930,2,-2
2022-08-08 16:10:05.179,14930,14932,14931,3,-3
2022-08-08 16:10:05.189,14930,14932,14931,1,-1
2022-08-08 16:10:05.819,14930,14932,14930,1,-1
2022-08-08 16:10:06.168,14930,14932,14930,1,-1
2022-08-08 16:10:06.688,14930,14932,14930,3,-3
2022-08-08 16:10:06.787,14930,14931,14930,1,-1
2022-08-08 16:10:07.338,14930,14931,14930,1,-1
2022-08-08 16:10:07.837,14930,14931,14931,1,1
2022-08-08 16:10:08.060,14931,14932,14931,1,-1
2022-08-08 16:10:09.545,14931,14932,14931,4,-4
2022-08-08 16:10:09.545,14931,14932,14930,21,-21
2022-08-08 16:10:09.547,14931,14932,14929,1,-1
2022-08-08 16:10:09.548,14931,14932,14929,1,-1
2022-08-08 16:10:09.548,14931,14932,14929,1,-1
2022-08-08 16:10:09.737,14929,14930,14929,1,-1
2022-08-08 16:10:09.794,14929,14930,14929,1,-1
2022-08-08 16:10:12.290,14929,14930,14929,1,-1
2022-08-08 16:10:14.006,14929,14930,14929,1,-1
2022-08-08 16:10:15.448,14929,14930,14929,1,-1
2022-08-08 16:10:17.163,14929,14930,14930,2,2
2022-08-08 16:10:17.163,14929,14930,14930,1,1
2022-08-08 16:10:17.164,14929,14930,14930,5,5
2022-08-08 16:10:17.164,14929,14930,14930,1,1
2022-08-08 16:10:17.164,14929,14930,14930,1,1
2022-08-08 16:10:17.164,14929,14930,14930,1,1
2022-08-08 16:10:17.164,14929,14930,14930,2,2
2022-08-08 16:10:17.164,14929,14930,14930,1,1
2022-08-08 16:10:17.164,14929,14930,14930,16,16
2022-08-08 16:10:17.487,14930,14931,14930,1,-1
2022-08-08 16:10:19.755,14929,14930,14930,1,1
2022-08-08 16:10:20.191,14930,14931,14930,1,-1
2022-08-08 16:10:21.729,14930,14931,14930,1,-1
2022-08-08 16:10:22.609,14929,14931,14929,1,-1
2022-08-08 16:10:24.398,14930,14931,14931,1,1
2022-08-08 16:10:24.399,14930,14931,14931,2,2
2022-08-08 16:10:25.656,14930,14932,14932,1,1
2022-08-08 16:10:25.903,14930,14932,14932,2,2
2022-08-08 16:10:26.623,14930,14932,14930,1,-1
2022-08-08 16:10:27.234,14930,14932,14932,1,1
2022-08-08 16:10:27.719,14930,14932,14932,1,1
2022-08-08 16:10:27.912,14930,14932,14932,1,1
2022-08-08 16:10:30.148,14931,14932,14932,4,4
2022-08-08 16:10:31.194,14932,14933,14932,10,-10
2022-08-08 16:10:31.194,14932,14933,14931,12,-12
2022-08-08 16:10:31.194,14932,14933,14930,18,-18
2022-08-08 16:10:31.196,14932,14933,14930,1,-1
2022-08-08 16:10:31.196,14932,14933,14930,9,-9
2022-08-08 16:10:31.196,14932,14933,14929,1,-1
2022-08-08 16:10:31.197,14932,14933,14930,1,-1
2022-08-08 16:10:31.197,14932,14933,14930,2,-2
2022-08-08 16:10:32.007,14929,14930,14929,4,-4
2022-08-08 16:10:32.007,14929,14930,14929,1,-1
2022-08-08 16:10:32.007,14929,14930,14929,1,-1
2022-08-08 16:10:32.292,14928,14929,14929,3,3
2022-08-08 16:10:32.604,14929,14930,14930,1,1
2022-08-08 16:10:36.779,14930,14931,14932,1,1
2022-08-08 16:10:36.933,14930,14932,14932,2,2
2022-08-08 16:10:37.556,14931,14933,14931,2,-2
2022-08-08 16:10:37.915,14931,14932,14932,1,1
2022-08-08 16:10:40.213,14931,14933,14931,9,-9
2022-08-08 16:10:40.213,14931,14933,14930,16,-16
2022-08-08 16:10:43.410,14928,14930,14929,1,-1
2022-08-08 16:10:43.665,14928,14930,14930,3,3
2022-08-08 16:10:45.346,14929,14930,14929,1,-1
2022-08-08 16:10:45.991,14929,14930,14929,1,-1
2022-08-08 16:10:46.788,14929,14930,14929,1,-1
2022-08-08 16:10:49.423,14928,14929,14929,1,1
2022-08-08 16:10:51.550,14928,14930,14928,1,-1
2022-08-08 16:10:51.681,14928,14930,14928,1,-1
2022-08-08 16:10:51.773,14928,14930,14928,1,-1
2022-08-08 16:10:51.790,14928,14930,14928,1,-1
