2023-05-26 15:00:00,16456,16456,16456,226,0
2023-05-26 15:00:00,16455,16455,16455,2,-2
2023-05-26 15:00:00,16455,16455,16455,2,0
2023-05-26 15:00:00,16455,16455,16455,20,0
2023-05-26 15:00:00,16455,16455,16455,4,0
2023-05-26 15:00:00,16455,16455,16455,4,0
2023-05-26 15:00:00,16455,16455,16455,2,0
2023-05-26 15:00:00,16455,16455,16455,2,0
2023-05-26 15:00:00,16456,16456,16456,2,2
2023-05-26 15:00:00,16456,16456,16456,2,0
2023-05-26 15:00:00,16456,16456,16456,2,0
2023-05-26 15:00:00,16456,16456,16456,2,0
2023-05-26 15:00:00,16455,16455,16455,2,-2
2023-05-26 15:00:00,16455,16455,16455,2,0
2023-05-26 15:00:00,16454,16454,16454,2,-2
2023-05-26 15:00:00,16453,16453,16453,2,-2
2023-05-26 15:00:00,16453,16453,16453,2,0
2023-05-26 15:00:00,16453,16453,16453,2,0
2023-05-26 15:00:00,16456,16456,16456,4,4
2023-05-26 15:00:00,16455,16455,16455,2,-2
2023-05-26 15:00:00,16455,16455,16455,2,0
2023-05-26 15:00:00,16455,16455,16455,2,0
2023-05-26 15:00:00,16456,16456,16456,6,6
2023-05-26 15:00:00,16457,16457,16457,4,4
2023-05-26 15:00:00,16457,16457,16457,4,0
2023-05-26 15:00:00,16457,16457,16457,2,0
2023-05-26 15:00:00,16457,16457,16457,2,0
2023-05-26 15:00:00,16457,16457,16457,2,0
2023-05-26 15:00:00,16457,16457,16457,4,0
2023-05-26 15:00:00,16457,16457,16457,4,0
2023-05-26 15:00:00,16453,16453,16453,2,-2
2023-05-26 15:00:00,16453,16453,16453,2,0
2023-05-26 15:00:00,16452,16452,16452,2,-2
2023-05-26 15:00:00,16452,16452,16452,2,0
2023-05-26 15:00:00,16454,16454,16454,2,2
2023-05-26 15:00:00,16453,16453,16453,2,-2
2023-05-26 15:00:01,16453,16453,16453,4,0
2023-05-26 15:00:01,16454,16454,16454,2,2
2023-05-26 15:00:01,16453,16453,16453,2,-2
2023-05-26 15:00:01,16453,16453,16453,4,0
2023-05-26 15:00:01,16454,16454,16454,6,6
2023-05-26 15:00:01,16454,16454,16454,2,0
2023-05-26 15:00:01,16452,16452,16452,6,-6
2023-05-26 15:00:01,16453,16453,16453,2,2
2023-05-26 15:00:01,16453,16453,16453,2,0
2023-05-26 15:00:02,16451,16451,16451,2,-2
2023-05-26 15:00:02,16451,16451,16451,2,0
2023-05-26 15:00:02,16452,16452,16452,2,2
2023-05-26 15:00:02,16451,16451,16451,2,-2
2023-05-26 15:00:02,16451,16451,16451,2,0
2023-05-26 15:00:02,16451,16451,16451,2,0
2023-05-26 15:00:02,16451,16451,16451,12,0
2023-05-26 15:00:02,16451,16451,16451,2,0
2023-05-26 15:00:03,16452,16452,16452,2,2
2023-05-26 15:00:04,16451,16451,16451,2,-2
2023-05-26 15:00:04,16452,16452,16452,2,2
2023-05-26 15:00:04,16451,16451,16451,2,-2
2023-05-26 15:00:05,16452,16452,16452,2,2
2023-05-26 15:00:05,16451,16451,16451,2,-2
2023-05-26 15:00:06,16451,16451,16451,2,0
2023-05-26 15:00:06,16450,16450,16450,2,-2
2023-05-26 15:00:06,16450,16450,16450,2,0
2023-05-26 15:00:06,16450,16450,16450,2,0
2023-05-26 15:00:06,16450,16450,16450,4,0
2023-05-26 15:00:06,16450,16450,16450,2,0
2023-05-26 15:00:06,16450,16450,16450,8,0
2023-05-26 15:00:06,16450,16450,16450,4,0
2023-05-26 15:00:06,16450,16450,16450,2,0
2023-05-26 15:00:06,16450,16450,16450,2,0
2023-05-26 15:00:06,16449,16449,16449,4,-4
2023-05-26 15:00:06,16449,16449,16449,4,0
2023-05-26 15:00:06,16449,16449,16449,2,0
2023-05-26 15:00:06,16449,16449,16449,2,0
2023-05-26 15:00:06,16449,16449,16449,4,0
2023-05-26 15:00:06,16449,16449,16449,8,0
2023-05-26 15:00:08,16450,16450,16450,2,2
2023-05-26 15:00:08,16449,16449,16449,2,-2
2023-05-26 15:00:08,16449,16449,16449,2,0
2023-05-26 15:00:13,16448,16448,16448,4,-4
2023-05-26 15:00:13,16448,16448,16448,2,0
2023-05-26 15:00:13,16448,16448,16448,2,0
2023-05-26 15:00:13,16448,16448,16448,2,0
2023-05-26 15:00:13,16448,16448,16448,2,0
2023-05-26 15:00:13,16448,16448,16448,30,0
2023-05-26 15:00:13,16448,16448,16448,4,0
2023-05-26 15:00:13,16448,16448,16448,4,0
2023-05-26 15:00:13,16448,16448,16448,2,0
2023-05-26 15:00:14,16449,16449,16449,2,2
2023-05-26 15:00:14,16449,16449,16449,2,0
2023-05-26 15:00:14,16449,16449,16449,6,0
2023-05-26 15:00:14,16449,16449,16449,2,0
2023-05-26 15:00:14,16449,16449,16449,2,0
2023-05-26 15:00:15,16447,16447,16447,2,-2
2023-05-26 15:00:15,16447,16447,16447,4,0
2023-05-26 15:00:16,16447,16447,16447,2,0
2023-05-26 15:00:16,16447,16447,16447,2,0
2023-05-26 15:00:16,16447,16447,16447,2,0
2023-05-26 15:00:16,16447,16447,16447,2,0
2023-05-26 15:00:17,16448,16448,16448,2,2
2023-05-26 15:00:17,16447,16447,16447,2,-2
2023-05-26 15:00:17,16447,16447,16447,2,0
2023-05-26 15:00:17,16447,16447,16447,2,0
2023-05-26 15:00:17,16447,16447,16447,2,0
2023-05-26 15:00:17,16447,16447,16447,2,0
2023-05-26 15:00:18,16447,16447,16447,2,0
2023-05-26 15:00:18,16447,16447,16447,2,0
2023-05-26 15:00:19,16448,16448,16448,12,12
2023-05-26 15:00:20,16447,16447,16447,2,-2
2023-05-26 15:00:21,16447,16447,16447,2,0
2023-05-26 15:00:21,16447,16447,16447,2,0
2023-05-26 15:00:23,16448,16448,16448,2,2
2023-05-26 15:00:23,16448,16448,16448,2,0
2023-05-26 15:00:24,16449,16449,16449,16,16
2023-05-26 15:00:24,16449,16449,16449,2,0
2023-05-26 15:00:24,16449,16449,16449,4,0
2023-05-26 15:00:24,16449,16449,16449,2,0
2023-05-26 15:00:24,16449,16449,16449,10,0
2023-05-26 15:00:24,16449,16449,16449,2,0
2023-05-26 15:00:25,16449,16449,16449,2,0
2023-05-26 15:00:25,16449,16449,16449,2,0
2023-05-26 15:00:25,16448,16448,16448,4,-4
2023-05-26 15:00:25,16448,16448,16448,2,0
2023-05-26 15:00:25,16448,16448,16448,2,0
2023-05-26 15:00:25,16448,16448,16448,2,0
2023-05-26 15:00:25,16448,16448,16448,2,0
2023-05-26 15:00:25,16448,16448,16448,2,0
2023-05-26 15:00:25,16448,16448,16448,2,0
2023-05-26 15:00:27,16449,16449,16449,2,2
2023-05-26 15:00:27,16449,16449,16449,2,0
2023-05-26 15:00:27,16449,16449,16449,4,0
2023-05-26 15:00:28,16449,16449,16449,6,0
2023-05-26 15:00:28,16449,16449,16449,6,0
2023-05-26 15:00:30,16450,16450,16450,2,2
2023-05-26 15:00:32,16450,16450,16450,2,0
2023-05-26 15:00:33,16449,16449,16449,2,-2
2023-05-26 15:00:33,16450,16450,16450,2,2
2023-05-26 15:00:36,16449,16449,16449,2,-2
2023-05-26 15:00:36,16448,16448,16448,2,-2
2023-05-26 15:00:37,16449,16449,16449,2,2
2023-05-26 15:00:40,16448,16448,16448,4,-4
2023-05-26 15:00:40,16448,16448,16448,34,0
2023-05-26 15:00:44,16448,16448,16448,2,0
2023-05-26 15:00:46,16448,16448,16448,2,0
2023-05-26 15:00:46,16448,16448,16448,2,0
2023-05-26 15:00:46,16449,16449,16449,6,6
2023-05-26 15:00:46,16448,16448,16448,20,-20
2023-05-26 15:00:46,16448,16448,16448,2,0
2023-05-26 15:00:46,16448,16448,16448,2,0
2023-05-26 15:00:46,16448,16448,16448,2,0
2023-05-26 15:00:46,16448,16448,16448,8,0
2023-05-26 15:00:46,16448,16448,16448,4,0
2023-05-26 15:00:46,16448,16448,16448,2,0
2023-05-26 15:00:46,16448,16448,16448,2,0
2023-05-26 15:00:46,16448,16448,16448,2,0
2023-05-26 15:00:46,16448,16448,16448,4,0
2023-05-26 15:00:48,16448,16448,16448,2,0
2023-05-26 15:00:48,16448,16448,16448,2,0
2023-05-26 15:00:48,16448,16448,16448,2,0
2023-05-26 15:00:50,16447,16447,16447,2,-2
2023-05-26 15:00:50,16447,16447,16447,2,0
2023-05-26 15:00:50,16448,16448,16448,2,2
2023-05-26 15:00:52,16447,16447,16447,2,-2
2023-05-26 15:00:52,16447,16447,16447,4,0
2023-05-26 15:00:52,16447,16447,16447,2,0
2023-05-26 15:00:52,16447,16447,16447,2,0
2023-05-26 15:00:52,16447,16447,16447,2,0
2023-05-26 15:00:52,16447,16447,16447,2,0
2023-05-26 15:00:53,16448,16448,16448,4,4
2023-05-26 15:00:53,16448,16448,16448,2,0
2023-05-26 15:00:53,16447,16447,16447,2,-2
2023-05-26 15:00:55,16447,16447,16447,4,0
2023-05-26 15:00:58,16447,16447,16447,2,0
2023-05-26 15:00:59,16448,16448,16448,6,6
2023-05-26 15:00:59,16448,16448,16448,50,0
2023-05-26 15:00:59,16449,16449,16449,2,2
2023-05-26 15:00:59,16449,16449,16449,8,0
2023-05-26 15:01:00,16448,16448,16448,2,-2
2023-05-26 15:01:00,16448,16448,16448,2,0
2023-05-26 15:01:00,16448,16448,16448,2,0
2023-05-26 15:01:00,16449,16449,16449,6,6
2023-05-26 15:01:00,16449,16449,16449,8,0
2023-05-26 15:01:00,16448,16448,16448,4,-4
2023-05-26 15:01:00,16448,16448,16448,2,0
2023-05-26 15:01:00,16448,16448,16448,4,0
2023-05-26 15:01:00,16448,16448,16448,4,0
2023-05-26 15:01:00,16448,16448,16448,2,0
2023-05-26 15:01:00,16449,16449,16449,2,2
2023-05-26 15:01:01,16449,16449,16449,8,0
2023-05-26 15:01:01,16450,16450,16450,2,2
2023-05-26 15:01:01,16448,16448,16448,2,-2
2023-05-26 15:01:01,16448,16448,16448,2,0
2023-05-26 15:01:01,16448,16448,16448,6,0
2023-05-26 15:01:01,16448,16448,16448,2,0
2023-05-26 15:01:01,16448,16448,16448,6,0
2023-05-26 15:01:01,16448,16448,16448,4,0
2023-05-26 15:01:01,16448,16448,16448,2,0
2023-05-26 15:01:01,16448,16448,16448,4,0
2023-05-26 15:01:01,16448,16448,16448,2,0
2023-05-26 15:01:01,16448,16448,16448,4,0
2023-05-26 15:01:02,16449,16449,16449,2,2
2023-05-26 15:01:03,16450,16450,16450,2,2
2023-05-26 15:01:03,16449,16449,16449,2,-2
2023-05-26 15:01:04,16449,16449,16449,6,0
2023-05-26 15:01:04,16449,16449,16449,2,0
2023-05-26 15:01:05,16450,16450,16450,2,2
2023-05-26 15:01:05,16450,16450,16450,2,0
2023-05-26 15:01:05,16450,16450,16450,18,0
2023-05-26 15:01:06,16450,16450,16450,2,0
2023-05-26 15:01:07,16451,16451,16451,2,2
2023-05-26 15:01:07,16450,16450,16450,2,-2
2023-05-26 15:01:07,16450,16450,16450,2,0
2023-05-26 15:01:07,16450,16450,16450,2,0
2023-05-26 15:01:08,16451,16451,16451,2,2
2023-05-26 15:01:08,16451,16451,16451,6,0
2023-05-26 15:01:08,16451,16451,16451,4,0
2023-05-26 15:01:08,16452,16452,16452,8,8
2023-05-26 15:01:10,16452,16452,16452,2,0
2023-05-26 15:01:12,16452,16452,16452,2,0
2023-05-26 15:01:12,16450,16450,16450,2,-2
2023-05-26 15:01:13,16450,16450,16450,2,0
2023-05-26 15:01:14,16452,16452,16452,4,4
2023-05-26 15:01:15,16451,16451,16451,2,-2
2023-05-26 15:01:15,16452,16452,16452,2,2
2023-05-26 15:01:17,16451,16451,16451,2,-2
2023-05-26 15:01:17,16452,16452,16452,6,6
2023-05-26 15:01:18,16452,16452,16452,2,0
2023-05-26 15:01:18,16452,16452,16452,2,0
2023-05-26 15:01:21,16451,16451,16451,2,-2
2023-05-26 15:01:22,16452,16452,16452,4,4
2023-05-26 15:01:22,16453,16453,16453,12,12
2023-05-26 15:01:23,16452,16452,16452,2,-2
2023-05-26 15:01:23,16452,16452,16452,2,0
2023-05-26 15:01:24,16452,16452,16452,2,0
2023-05-26 15:01:24,16453,16453,16453,2,2
2023-05-26 15:01:24,16453,16453,16453,16,0
2023-05-26 15:01:30,16453,16453,16453,2,0
2023-05-26 15:01:32,16454,16454,16454,4,4
2023-05-26 15:01:34,16453,16453,16453,4,-4
2023-05-26 15:01:34,16453,16453,16453,2,0
2023-05-26 15:01:34,16453,16453,16453,2,0
2023-05-26 15:01:35,16454,16454,16454,2,2
2023-05-26 15:01:42,16454,16454,16454,2,0
2023-05-26 15:01:44,16454,16454,16454,6,0
2023-05-26 15:01:44,16453,16453,16453,2,-2
2023-05-26 15:01:47,16453,16453,16453,4,0
2023-05-26 15:01:47,16453,16453,16453,18,0
2023-05-26 15:01:51,16453,16453,16453,2,0
2023-05-26 15:01:51,16453,16453,16453,2,0
2023-05-26 15:01:52,16453,16453,16453,2,0
2023-05-26 15:01:54,16454,16454,16454,2,2
2023-05-26 15:01:55,16454,16454,16454,2,0
2023-05-26 15:01:59,16454,16454,16454,6,0
2023-05-26 15:02:00,16453,16453,16453,2,-2
2023-05-26 15:02:01,16453,16453,16453,2,0
2023-05-26 15:02:03,16454,16454,16454,2,2
2023-05-26 15:02:03,16454,16454,16454,2,0
2023-05-26 15:02:03,16453,16453,16453,2,-2
2023-05-26 15:02:03,16453,16453,16453,2,0
2023-05-26 15:02:03,16453,16453,16453,4,0
2023-05-26 15:02:04,16453,16453,16453,2,0
2023-05-26 15:02:05,16453,16453,16453,2,0
2023-05-26 15:02:08,16454,16454,16454,2,2
2023-05-26 15:02:09,16454,16454,16454,2,0
2023-05-26 15:02:10,16454,16454,16454,2,0
2023-05-26 15:02:10,16454,16454,16454,2,0
2023-05-26 15:02:10,16454,16454,16454,6,0
2023-05-26 15:02:10,16453,16453,16453,2,-2
2023-05-26 15:02:11,16454,16454,16454,2,2
2023-05-26 15:02:15,16453,16453,16453,2,-2
2023-05-26 15:02:15,16453,16453,16453,2,0
2023-05-26 15:02:15,16453,16453,16453,2,0
2023-05-26 15:02:15,16453,16453,16453,4,0
2023-05-26 15:02:15,16453,16453,16453,4,0
2023-05-26 15:02:15,16453,16453,16453,2,0
2023-05-26 15:02:15,16453,16453,16453,2,0
2023-05-26 15:02:15,16453,16453,16453,2,0
2023-05-26 15:02:15,16453,16453,16453,2,0
2023-05-26 15:02:19,16453,16453,16453,2,0
2023-05-26 15:02:20,16454,16454,16454,2,2
2023-05-26 15:02:24,16453,16453,16453,2,-2
2023-05-26 15:02:31,16453,16453,16453,2,0
2023-05-26 15:02:32,16453,16453,16453,2,0
2023-05-26 15:02:34,16453,16453,16453,2,0
2023-05-26 15:02:36,16454,16454,16454,8,8
2023-05-26 15:02:38,16454,16454,16454,2,0
2023-05-26 15:02:38,16454,16454,16454,2,0
2023-05-26 15:02:38,16454,16454,16454,6,0
2023-05-26 15:02:38,16454,16454,16454,2,0
2023-05-26 15:02:38,16454,16454,16454,2,0
2023-05-26 15:02:38,16454,16454,16454,4,0
2023-05-26 15:02:38,16454,16454,16454,8,0
2023-05-26 15:02:38,16454,16454,16454,4,0
2023-05-26 15:02:38,16454,16454,16454,6,0
2023-05-26 15:02:38,16454,16454,16454,2,0
2023-05-26 15:02:38,16454,16454,16454,2,0
2023-05-26 15:02:38,16454,16454,16454,2,0
2023-05-26 15:02:39,16454,16454,16454,2,0
2023-05-26 15:02:41,16455,16455,16455,2,2
2023-05-26 15:02:43,16454,16454,16454,2,-2
2023-05-26 15:02:43,16454,16454,16454,2,0
2023-05-26 15:02:43,16454,16454,16454,2,0
2023-05-26 15:02:43,16453,16453,16453,4,-4
2023-05-26 15:02:43,16453,16453,16453,2,0
2023-05-26 15:02:43,16453,16453,16453,4,0
2023-05-26 15:02:43,16453,16453,16453,4,0
2023-05-26 15:02:44,16454,16454,16454,2,2
2023-05-26 15:02:48,16455,16455,16455,2,2
2023-05-26 15:02:54,16455,16455,16455,2,0
2023-05-26 15:02:55,16454,16454,16454,4,-4
2023-05-26 15:02:55,16454,16454,16454,2,0
2023-05-26 15:02:55,16454,16454,16454,2,0
2023-05-26 15:02:56,16453,16453,16453,2,-2
2023-05-26 15:02:57,16454,16454,16454,2,2
2023-05-26 15:02:58,16453,16453,16453,4,-4
2023-05-26 15:03:00,16454,16454,16454,2,2
2023-05-26 15:03:00,16454,16454,16454,2,0
2023-05-26 15:03:00,16454,16454,16454,2,0
2023-05-26 15:03:00,16454,16454,16454,2,0
2023-05-26 15:03:00,16454,16454,16454,4,0
2023-05-26 15:03:00,16453,16453,16453,2,-2
2023-05-26 15:03:00,16453,16453,16453,2,0
2023-05-26 15:03:00,16453,16453,16453,2,0
2023-05-26 15:03:00,16453,16453,16453,2,0
2023-05-26 15:03:01,16453,16453,16453,2,0
2023-05-26 15:03:01,16453,16453,16453,2,0
2023-05-26 15:03:04,16453,16453,16453,2,0
2023-05-26 15:03:04,16453,16453,16453,2,0
2023-05-26 15:03:04,16453,16453,16453,4,0
2023-05-26 15:03:04,16453,16453,16453,2,0
2023-05-26 15:03:04,16453,16453,16453,2,0
2023-05-26 15:03:04,16453,16453,16453,2,0
2023-05-26 15:03:04,16452,16452,16452,2,-2
2023-05-26 15:03:04,16452,16452,16452,2,0
2023-05-26 15:03:04,16452,16452,16452,2,0
2023-05-26 15:03:05,16452,16452,16452,2,0
2023-05-26 15:03:06,16451,16451,16451,2,-2
2023-05-26 15:03:06,16451,16451,16451,6,0
2023-05-26 15:03:06,16451,16451,16451,2,0
2023-05-26 15:03:06,16451,16451,16451,6,0
2023-05-26 15:03:06,16451,16451,16451,2,0
2023-05-26 15:03:06,16451,16451,16451,2,0
2023-05-26 15:03:06,16451,16451,16451,2,0
2023-05-26 15:03:06,16451,16451,16451,2,0
2023-05-26 15:03:06,16451,16451,16451,2,0
2023-05-26 15:03:09,16450,16450,16450,2,-2
2023-05-26 15:03:10,16451,16451,16451,2,2
2023-05-26 15:03:14,16451,16451,16451,2,0
2023-05-26 15:03:15,16450,16450,16450,2,-2
2023-05-26 15:03:16,16450,16450,16450,2,0
2023-05-26 15:03:20,16451,16451,16451,2,2
2023-05-26 15:03:23,16451,16451,16451,2,0
2023-05-26 15:03:28,16451,16451,16451,2,0
2023-05-26 15:03:30,16450,16450,16450,2,-2
2023-05-26 15:03:30,16450,16450,16450,2,0
2023-05-26 15:03:31,16451,16451,16451,2,2
2023-05-26 15:03:34,16450,16450,16450,2,-2
2023-05-26 15:03:34,16451,16451,16451,2,2
2023-05-26 15:03:35,16451,16451,16451,4,0
2023-05-26 15:03:35,16450,16450,16450,2,-2
2023-05-26 15:03:36,16451,16451,16451,2,2
2023-05-26 15:03:38,16450,16450,16450,2,-2
2023-05-26 15:03:40,16450,16450,16450,4,0
2023-05-26 15:03:40,16450,16450,16450,2,0
2023-05-26 15:03:40,16450,16450,16450,2,0
2023-05-26 15:03:43,16450,16450,16450,2,0
2023-05-26 15:03:43,16450,16450,16450,2,0
2023-05-26 15:03:44,16450,16450,16450,2,0
2023-05-26 15:03:45,16451,16451,16451,2,2
2023-05-26 15:03:46,16450,16450,16450,2,-2
2023-05-26 15:03:48,16451,16451,16451,6,6
2023-05-26 15:04:05,16451,16451,16451,2,0
2023-05-26 15:04:08,16451,16451,16451,2,0
2023-05-26 15:04:09,16450,16450,16450,2,-2
2023-05-26 15:04:09,16450,16450,16450,4,0
2023-05-26 15:04:09,16450,16450,16450,2,0
2023-05-26 15:04:09,16450,16450,16450,2,0
2023-05-26 15:04:09,16450,16450,16450,2,0
2023-05-26 15:04:09,16450,16450,16450,2,0
2023-05-26 15:04:09,16450,16450,16450,2,0
2023-05-26 15:04:09,16450,16450,16450,8,0
2023-05-26 15:04:09,16450,16450,16450,2,0
2023-05-26 15:04:09,16450,16450,16450,2,0
2023-05-26 15:04:09,16450,16450,16450,2,0
2023-05-26 15:04:10,16450,16450,16450,2,0
2023-05-26 15:04:10,16449,16449,16449,2,-2
2023-05-26 15:04:13,16450,16450,16450,2,2
2023-05-26 15:04:24,16449,16449,16449,4,-4
2023-05-26 15:04:24,16449,16449,16449,2,0
2023-05-26 15:04:24,16449,16449,16449,2,0
2023-05-26 15:04:24,16449,16449,16449,2,0
2023-05-26 15:04:24,16449,16449,16449,2,0
2023-05-26 15:04:24,16449,16449,16449,2,0
2023-05-26 15:04:24,16449,16449,16449,2,0
2023-05-26 15:04:24,16449,16449,16449,2,0
2023-05-26 15:04:24,16449,16449,16449,2,0
2023-05-26 15:04:24,16449,16449,16449,2,0
2023-05-26 15:04:24,16449,16449,16449,6,0
2023-05-26 15:04:24,16449,16449,16449,2,0
2023-05-26 15:04:30,16449,16449,16449,2,0
2023-05-26 15:04:31,16450,16450,16450,2,2
2023-05-26 15:04:32,16449,16449,16449,2,-2
2023-05-26 15:04:32,16449,16449,16449,2,0
2023-05-26 15:04:32,16449,16449,16449,2,0
2023-05-26 15:04:36,16449,16449,16449,2,0
2023-05-26 15:04:37,16449,16449,16449,2,0
2023-05-26 15:04:40,16449,16449,16449,2,0
2023-05-26 15:04:46,16449,16449,16449,6,0
2023-05-26 15:04:52,16448,16448,16448,2,-2
2023-05-26 15:04:56,16448,16448,16448,2,0
2023-05-26 15:04:56,16448,16448,16448,2,0
2023-05-26 15:04:56,16448,16448,16448,6,0
2023-05-26 15:04:56,16448,16448,16448,4,0
2023-05-26 15:04:57,16448,16448,16448,2,0
2023-05-26 15:04:57,16448,16448,16448,2,0
2023-05-26 15:04:57,16448,16448,16448,2,0
2023-05-26 15:04:57,16448,16448,16448,2,0
2023-05-26 15:04:57,16448,16448,16448,2,0
2023-05-26 15:04:57,16448,16448,16448,4,0
2023-05-26 15:04:58,16448,16448,16448,2,0
2023-05-26 15:05:00,16447,16447,16447,4,-4
2023-05-26 15:05:00,16447,16447,16447,4,0
2023-05-26 15:05:00,16447,16447,16447,2,0
2023-05-26 15:05:00,16447,16447,16447,2,0
2023-05-26 15:05:00,16447,16447,16447,2,0
2023-05-26 15:05:00,16447,16447,16447,2,0
2023-05-26 15:05:00,16447,16447,16447,2,0
2023-05-26 15:05:00,16447,16447,16447,12,0
2023-05-26 15:05:01,16447,16447,16447,2,0
2023-05-26 15:05:01,16448,16448,16448,2,2
2023-05-26 15:05:01,16448,16448,16448,2,0
2023-05-26 15:05:02,16447,16447,16447,2,-2
2023-05-26 15:05:02,16447,16447,16447,2,0
2023-05-26 15:05:02,16447,16447,16447,2,0
2023-05-26 15:05:02,16446,16446,16446,2,-2
2023-05-26 15:05:03,16446,16446,16446,2,0
2023-05-26 15:05:04,16447,16447,16447,2,2
2023-05-26 15:05:05,16447,16447,16447,2,0
2023-05-26 15:05:05,16446,16446,16446,2,-2
2023-05-26 15:05:05,16446,16446,16446,2,0
2023-05-26 15:05:05,16446,16446,16446,2,0
2023-05-26 15:05:05,16446,16446,16446,6,0
2023-05-26 15:05:05,16446,16446,16446,6,0
2023-05-26 15:05:05,16446,16446,16446,2,0
2023-05-26 15:05:05,16446,16446,16446,2,0
2023-05-26 15:05:05,16446,16446,16446,2,0
2023-05-26 15:05:05,16446,16446,16446,4,0
2023-05-26 15:05:05,16446,16446,16446,2,0
2023-05-26 15:05:08,16446,16446,16446,2,0
2023-05-26 15:05:08,16445,16445,16445,2,-2
2023-05-26 15:05:08,16445,16445,16445,6,0
2023-05-26 15:05:08,16445,16445,16445,2,0
2023-05-26 15:05:08,16445,16445,16445,2,0
2023-05-26 15:05:08,16445,16445,16445,2,0
2023-05-26 15:05:08,16445,16445,16445,2,0
2023-05-26 15:05:09,16444,16444,16444,2,-2
2023-05-26 15:05:12,16446,16446,16446,2,2
2023-05-26 15:05:13,16445,16445,16445,2,-2
2023-05-26 15:05:13,16444,16444,16444,2,-2
2023-05-26 15:05:13,16445,16445,16445,4,4
2023-05-26 15:05:14,16444,16444,16444,2,-2
2023-05-26 15:05:14,16444,16444,16444,2,0
2023-05-26 15:05:14,16444,16444,16444,4,0
2023-05-26 15:05:14,16444,16444,16444,6,0
2023-05-26 15:05:15,16444,16444,16444,2,0
2023-05-26 15:05:19,16443,16443,16443,2,-2
2023-05-26 15:05:19,16443,16443,16443,2,0
2023-05-26 15:05:19,16443,16443,16443,2,0
2023-05-26 15:05:19,16443,16443,16443,2,0
2023-05-26 15:05:19,16443,16443,16443,2,0
2023-05-26 15:05:19,16443,16443,16443,4,0
2023-05-26 15:05:20,16442,16442,16442,2,-2
2023-05-26 15:05:21,16444,16444,16444,2,2
2023-05-26 15:05:23,16444,16444,16444,4,0
2023-05-26 15:05:23,16443,16443,16443,2,-2
2023-05-26 15:05:23,16443,16443,16443,2,0
2023-05-26 15:05:25,16444,16444,16444,10,10
2023-05-26 15:05:26,16445,16445,16445,2,2
2023-05-26 15:05:26,16445,16445,16445,2,0
2023-05-26 15:05:26,16445,16445,16445,2,0
2023-05-26 15:05:26,16445,16445,16445,4,0
2023-05-26 15:05:26,16445,16445,16445,2,0
2023-05-26 15:05:26,16445,16445,16445,2,0
2023-05-26 15:05:28,16446,16446,16446,2,2
2023-05-26 15:05:29,16446,16446,16446,10,0
2023-05-26 15:05:30,16445,16445,16445,2,-2
2023-05-26 15:05:32,16445,16445,16445,2,0
2023-05-26 15:05:33,16447,16447,16447,2,2
2023-05-26 15:05:33,16447,16447,16447,4,0
2023-05-26 15:05:34,16447,16447,16447,6,0
2023-05-26 15:05:36,16445,16445,16445,2,-2
2023-05-26 15:05:36,16446,16446,16446,2,2
2023-05-26 15:05:38,16446,16446,16446,10,0
2023-05-26 15:05:41,16445,16445,16445,2,-2
2023-05-26 15:05:41,16445,16445,16445,2,0
2023-05-26 15:05:44,16445,16445,16445,2,0
2023-05-26 15:05:44,16445,16445,16445,2,0
2023-05-26 15:05:46,16445,16445,16445,4,0
2023-05-26 15:05:50,16445,16445,16445,10,0
2023-05-26 15:06:06,16446,16446,16446,10,10
2023-05-26 15:06:06,16444,16444,16444,2,-2
2023-05-26 15:06:06,16446,16446,16446,2,2
2023-05-26 15:06:13,16445,16445,16445,2,-2
2023-05-26 15:06:13,16445,16445,16445,2,0
2023-05-26 15:06:14,16445,16445,16445,2,0
2023-05-26 15:06:20,16444,16444,16444,2,-2
2023-05-26 15:06:25,16446,16446,16446,20,20
2023-05-26 15:06:35,16446,16446,16446,4,0
2023-05-26 15:06:37,16446,16446,16446,2,0
2023-05-26 15:06:37,16445,16445,16445,2,-2
2023-05-26 15:06:42,16445,16445,16445,2,0
2023-05-26 15:06:47,16445,16445,16445,2,0
2023-05-26 15:06:47,16446,16446,16446,20,20
2023-05-26 15:06:49,16446,16446,16446,2,0
2023-05-26 15:06:49,16446,16446,16446,2,0
2023-05-26 15:06:49,16447,16447,16447,2,2
2023-05-26 15:06:55,16447,16447,16447,2,0
2023-05-26 15:07:00,16448,16448,16448,20,20
2023-05-26 15:07:10,16448,16448,16448,2,0
2023-05-26 15:07:18,16448,16448,16448,2,0
2023-05-26 15:07:18,16448,16448,16448,2,0
2023-05-26 15:07:18,16449,16449,16449,2,2
2023-05-26 15:07:24,16447,16447,16447,2,-2
2023-05-26 15:07:24,16447,16447,16447,2,0
2023-05-26 15:07:24,16447,16447,16447,2,0
2023-05-26 15:07:24,16447,16447,16447,2,0
2023-05-26 15:07:37,16448,16448,16448,2,2
2023-05-26 15:07:38,16447,16447,16447,2,-2
2023-05-26 15:07:38,16447,16447,16447,2,0
2023-05-26 15:07:38,16447,16447,16447,2,0
2023-05-26 15:07:41,16447,16447,16447,2,0
2023-05-26 15:07:48,16447,16447,16447,2,0
2023-05-26 15:07:48,16447,16447,16447,2,0
2023-05-26 15:07:48,16446,16446,16446,2,-2
2023-05-26 15:07:49,16446,16446,16446,2,0
2023-05-26 15:07:55,16448,16448,16448,2,2
2023-05-26 15:07:55,16448,16448,16448,2,0
2023-05-26 15:08:04,16448,16448,16448,2,0
2023-05-26 15:08:08,16448,16448,16448,2,0
2023-05-26 15:08:10,16448,16448,16448,2,0
2023-05-26 15:08:11,16448,16448,16448,2,0
2023-05-26 15:08:20,16448,16448,16448,2,0
2023-05-26 15:08:22,16449,16449,16449,4,4
2023-05-26 15:08:27,16449,16449,16449,2,0
2023-05-26 15:08:35,16448,16448,16448,2,-2
2023-05-26 15:08:41,16448,16448,16448,2,0
2023-05-26 15:08:43,16448,16448,16448,2,0
2023-05-26 15:08:47,16448,16448,16448,4,0
2023-05-26 15:08:47,16448,16448,16448,20,0
2023-05-26 15:08:47,16448,16448,16448,2,0
2023-05-26 15:08:47,16448,16448,16448,2,0
2023-05-26 15:08:47,16448,16448,16448,2,0
2023-05-26 15:08:47,16448,16448,16448,2,0
2023-05-26 15:08:49,16447,16447,16447,2,-2
2023-05-26 15:08:49,16447,16447,16447,2,0
2023-05-26 15:08:49,16447,16447,16447,2,0
2023-05-26 15:08:52,16448,16448,16448,2,2
2023-05-26 15:08:58,16448,16448,16448,2,0
2023-05-26 15:09:08,16448,16448,16448,2,0
2023-05-26 15:09:10,16448,16448,16448,2,0
2023-05-26 15:09:11,16447,16447,16447,2,-2
2023-05-26 15:09:11,16447,16447,16447,2,0
2023-05-26 15:09:12,16447,16447,16447,2,0
2023-05-26 15:09:12,16447,16447,16447,24,0
2023-05-26 15:09:18,16447,16447,16447,2,0
2023-05-26 15:09:21,16447,16447,16447,2,0
2023-05-26 15:09:22,16447,16447,16447,2,0
2023-05-26 15:09:34,16447,16447,16447,6,0
2023-05-26 15:09:34,16447,16447,16447,10,0
2023-05-26 15:09:34,16447,16447,16447,6,0
2023-05-26 15:09:34,16447,16447,16447,2,0
2023-05-26 15:09:34,16447,16447,16447,2,0
2023-05-26 15:09:35,16447,16447,16447,10,0
2023-05-26 15:09:41,16447,16447,16447,4,0
2023-05-26 15:09:41,16447,16447,16447,2,0
2023-05-26 15:09:44,16447,16447,16447,2,0
2023-05-26 15:09:46,16446,16446,16446,2,-2
2023-05-26 15:09:47,16446,16446,16446,10,0
2023-05-26 15:09:47,16446,16446,16446,10,0
2023-05-26 15:09:48,16446,16446,16446,2,0
2023-05-26 15:09:48,16446,16446,16446,6,0
2023-05-26 15:09:48,16446,16446,16446,2,0
2023-05-26 15:09:48,16446,16446,16446,2,0
2023-05-26 15:10:00,16447,16447,16447,2,2
2023-05-26 15:10:01,16447,16447,16447,6,0
2023-05-26 15:10:02,16447,16447,16447,4,0
2023-05-26 15:10:03,16446,16446,16446,2,-2
2023-05-26 15:10:07,16448,16448,16448,2,2
2023-05-26 15:10:07,16448,16448,16448,2,0
2023-05-26 15:10:07,16448,16448,16448,2,0
2023-05-26 15:10:07,16448,16448,16448,2,0
2023-05-26 15:10:07,16448,16448,16448,6,0
2023-05-26 15:10:07,16448,16448,16448,2,0
2023-05-26 15:10:07,16448,16448,16448,8,0
2023-05-26 15:10:07,16448,16448,16448,4,0
2023-05-26 15:10:08,16449,16449,16449,2,2
2023-05-26 15:10:08,16449,16449,16449,2,0
2023-05-26 15:10:12,16450,16450,16450,4,4
2023-05-26 15:10:14,16450,16450,16450,2,0
2023-05-26 15:10:18,16450,16450,16450,8,0
2023-05-26 15:10:19,16450,16450,16450,2,0
2023-05-26 15:10:22,16450,16450,16450,2,0
2023-05-26 15:10:24,16450,16450,16450,2,0
2023-05-26 15:10:26,16450,16450,16450,2,0
2023-05-26 15:10:28,16450,16450,16450,2,0
2023-05-26 15:10:32,16451,16451,16451,10,10
2023-05-26 15:10:33,16451,16451,16451,10,0
2023-05-26 15:10:34,16451,16451,16451,4,0
2023-05-26 15:10:34,16451,16451,16451,2,0
2023-05-26 15:10:34,16451,16451,16451,2,0
2023-05-26 15:10:34,16451,16451,16451,2,0
2023-05-26 15:10:34,16451,16451,16451,4,0
2023-05-26 15:10:34,16451,16451,16451,2,0
2023-05-26 15:10:36,16451,16451,16451,2,0
2023-05-26 15:10:39,16451,16451,16451,2,0
2023-05-26 15:10:43,16452,16452,16452,4,4
2023-05-26 15:10:45,16452,16452,16452,2,0
2023-05-26 15:10:48,16452,16452,16452,4,0
2023-05-26 15:10:48,16452,16452,16452,2,0
2023-05-26 15:10:48,16452,16452,16452,6,0
2023-05-26 15:10:50,16452,16452,16452,2,0
2023-05-26 15:10:50,16452,16452,16452,2,0
2023-05-26 15:10:51,16453,16453,16453,2,2
2023-05-26 15:10:53,16453,16453,16453,4,0
2023-05-26 15:10:55,16453,16453,16453,2,0
2023-05-26 15:10:56,16452,16452,16452,2,-2
2023-05-26 15:10:56,16452,16452,16452,2,0
2023-05-26 15:10:56,16452,16452,16452,10,0
2023-05-26 15:10:56,16452,16452,16452,2,0
2023-05-26 15:10:56,16452,16452,16452,2,0
2023-05-26 15:10:56,16452,16452,16452,4,0
2023-05-26 15:10:56,16452,16452,16452,2,0
2023-05-26 15:10:56,16452,16452,16452,4,0
2023-05-26 15:10:56,16452,16452,16452,2,0
2023-05-26 15:10:56,16452,16452,16452,2,0
2023-05-26 15:10:56,16452,16452,16452,2,0
2023-05-26 15:10:56,16452,16452,16452,2,0
2023-05-26 15:10:58,16452,16452,16452,4,0
2023-05-26 15:11:00,16452,16452,16452,2,0
2023-05-26 15:11:02,16451,16451,16451,2,-2
2023-05-26 15:11:05,16452,16452,16452,2,2
2023-05-26 15:11:07,16452,16452,16452,2,0
2023-05-26 15:11:08,16452,16452,16452,4,0
2023-05-26 15:11:11,16452,16452,16452,2,0
2023-05-26 15:11:11,16451,16451,16451,2,-2
2023-05-26 15:11:16,16452,16452,16452,14,14
2023-05-26 15:11:17,16452,16452,16452,2,0
2023-05-26 15:11:18,16452,16452,16452,2,0
2023-05-26 15:11:27,16453,16453,16453,4,4
2023-05-26 15:11:27,16453,16453,16453,2,0
2023-05-26 15:11:27,16453,16453,16453,8,0
2023-05-26 15:11:34,16454,16454,16454,2,2
2023-05-26 15:11:35,16454,16454,16454,2,0
2023-05-26 15:11:37,16454,16454,16454,2,0
2023-05-26 15:11:37,16454,16454,16454,2,0
2023-05-26 15:11:39,16454,16454,16454,2,0
2023-05-26 15:11:41,16454,16454,16454,2,0
2023-05-26 15:11:41,16454,16454,16454,2,0
2023-05-26 15:11:43,16454,16454,16454,2,0
2023-05-26 15:11:45,16454,16454,16454,2,0
2023-05-26 15:11:49,16455,16455,16455,6,6
2023-05-26 15:11:49,16454,16454,16454,2,-2
2023-05-26 15:11:50,16454,16454,16454,2,0
2023-05-26 15:11:50,16455,16455,16455,8,8
2023-05-26 15:11:53,16454,16454,16454,2,-2
2023-05-26 15:11:54,16455,16455,16455,2,2
2023-05-26 15:11:57,16455,16455,16455,2,0
2023-05-26 15:11:57,16454,16454,16454,2,-2
2023-05-26 15:12:00,16454,16454,16454,2,0
2023-05-26 15:12:00,16454,16454,16454,2,0
2023-05-26 15:12:00,16454,16454,16454,2,0
2023-05-26 15:12:00,16454,16454,16454,2,0
2023-05-26 15:12:02,16455,16455,16455,2,2
2023-05-26 15:12:03,16455,16455,16455,2,0
2023-05-26 15:12:03,16455,16455,16455,8,0
2023-05-26 15:12:03,16455,16455,16455,2,0
2023-05-26 15:12:03,16455,16455,16455,4,0
2023-05-26 15:12:04,16455,16455,16455,4,0
2023-05-26 15:12:05,16455,16455,16455,26,0
2023-05-26 15:12:06,16456,16456,16456,2,2
2023-05-26 15:12:06,16455,16455,16455,4,-4
2023-05-26 15:12:06,16455,16455,16455,2,0
2023-05-26 15:12:09,16454,16454,16454,2,-2
2023-05-26 15:12:09,16455,16455,16455,2,2
2023-05-26 15:12:10,16455,16455,16455,2,0
2023-05-26 15:12:10,16456,16456,16456,2,2
2023-05-26 15:12:11,16456,16456,16456,2,0
2023-05-26 15:12:12,16455,16455,16455,2,-2
2023-05-26 15:12:13,16456,16456,16456,2,2
2023-05-26 15:12:15,16456,16456,16456,2,0
2023-05-26 15:12:16,16456,16456,16456,2,0
2023-05-26 15:12:17,16455,16455,16455,2,-2
2023-05-26 15:12:19,16455,16455,16455,2,0
2023-05-26 15:12:21,16455,16455,16455,2,0
2023-05-26 15:12:21,16455,16455,16455,2,0
2023-05-26 15:12:21,16455,16455,16455,2,0
2023-05-26 15:12:21,16455,16455,16455,2,0
2023-05-26 15:12:22,16455,16455,16455,2,0
2023-05-26 15:12:22,16456,16456,16456,2,2
2023-05-26 15:12:23,16456,16456,16456,28,0
2023-05-26 15:12:23,16457,16457,16457,6,6
2023-05-26 15:12:23,16457,16457,16457,6,0
2023-05-26 15:12:23,16457,16457,16457,2,0
2023-05-26 15:12:23,16458,16458,16458,6,6
2023-05-26 15:12:23,16459,16459,16459,2,2
2023-05-26 15:12:23,16459,16459,16459,2,0
2023-05-26 15:12:23,16459,16459,16459,2,0
2023-05-26 15:12:23,16459,16459,16459,4,0
2023-05-26 15:12:23,16459,16459,16459,2,0
2023-05-26 15:12:23,16459,16459,16459,4,0
2023-05-26 15:12:25,16458,16458,16458,2,-2
2023-05-26 15:12:25,16458,16458,16458,2,0
2023-05-26 15:12:25,16458,16458,16458,2,0
2023-05-26 15:12:25,16458,16458,16458,10,0
2023-05-26 15:12:25,16458,16458,16458,4,0
2023-05-26 15:12:25,16458,16458,16458,2,0
2023-05-26 15:12:26,16457,16457,16457,2,-2
2023-05-26 15:12:26,16457,16457,16457,2,0
2023-05-26 15:12:26,16459,16459,16459,14,14
2023-05-26 15:12:27,16457,16457,16457,2,-2
2023-05-26 15:12:27,16457,16457,16457,6,0
2023-05-26 15:12:27,16457,16457,16457,6,0
2023-05-26 15:12:27,16457,16457,16457,2,0
2023-05-26 15:12:27,16457,16457,16457,4,0
2023-05-26 15:12:27,16457,16457,16457,2,0
2023-05-26 15:12:27,16457,16457,16457,2,0
2023-05-26 15:12:27,16459,16459,16459,2,2
2023-05-26 15:12:29,16457,16457,16457,2,-2
2023-05-26 15:12:30,16457,16457,16457,2,0
2023-05-26 15:12:30,16457,16457,16457,6,0
2023-05-26 15:12:30,16457,16457,16457,6,0
2023-05-26 15:12:30,16457,16457,16457,4,0
2023-05-26 15:12:30,16457,16457,16457,2,0
2023-05-26 15:12:30,16457,16457,16457,2,0
2023-05-26 15:12:30,16457,16457,16457,2,0
2023-05-26 15:12:31,16458,16458,16458,20,20
2023-05-26 15:12:32,16459,16459,16459,2,2
2023-05-26 15:12:33,16458,16458,16458,2,-2
2023-05-26 15:12:34,16459,16459,16459,10,10
2023-05-26 15:12:34,16459,16459,16459,2,0
2023-05-26 15:12:34,16459,16459,16459,2,0
2023-05-26 15:12:35,16459,16459,16459,4,0
2023-05-26 15:12:35,16458,16458,16458,2,-2
2023-05-26 15:12:35,16458,16458,16458,2,0
2023-05-26 15:12:36,16458,16458,16458,2,0
2023-05-26 15:12:37,16458,16458,16458,2,0
2023-05-26 15:12:37,16458,16458,16458,2,0
2023-05-26 15:12:37,16458,16458,16458,2,0
2023-05-26 15:12:39,16459,16459,16459,12,12
2023-05-26 15:12:39,16460,16460,16460,4,4
2023-05-26 15:12:39,16460,16460,16460,2,0
2023-05-26 15:12:39,16460,16460,16460,2,0
2023-05-26 15:12:39,16460,16460,16460,2,0
2023-05-26 15:12:39,16459,16459,16459,2,-2
2023-05-26 15:12:39,16459,16459,16459,4,0
2023-05-26 15:12:39,16459,16459,16459,2,0
2023-05-26 15:12:39,16459,16459,16459,2,0
2023-05-26 15:12:40,16460,16460,16460,36,36
2023-05-26 15:12:40,16461,16461,16461,6,6
2023-05-26 15:12:40,16461,16461,16461,2,0
2023-05-26 15:12:41,16461,16461,16461,12,0
2023-05-26 15:12:41,16461,16461,16461,2,0
2023-05-26 15:12:41,16460,16460,16460,2,-2
2023-05-26 15:12:41,16460,16460,16460,2,0
2023-05-26 15:12:41,16462,16462,16462,2,2
2023-05-26 15:12:41,16462,16462,16462,2,0
2023-05-26 15:12:41,16460,16460,16460,2,-2
2023-05-26 15:12:41,16460,16460,16460,2,0
2023-05-26 15:12:41,16460,16460,16460,2,0
2023-05-26 15:12:42,16462,16462,16462,4,4
2023-05-26 15:12:42,16462,16462,16462,2,0
2023-05-26 15:12:42,16462,16462,16462,2,0
2023-05-26 15:12:42,16462,16462,16462,2,0
2023-05-26 15:12:44,16462,16462,16462,2,0
2023-05-26 15:12:45,16461,16461,16461,2,-2
2023-05-26 15:12:45,16462,16462,16462,4,4
2023-05-26 15:12:46,16461,16461,16461,2,-2
2023-05-26 15:12:46,16461,16461,16461,2,0
2023-05-26 15:12:46,16461,16461,16461,2,0
2023-05-26 15:12:49,16461,16461,16461,2,0
2023-05-26 15:12:49,16461,16461,16461,2,0
2023-05-26 15:12:49,16461,16461,16461,4,0
2023-05-26 15:12:49,16461,16461,16461,2,0
2023-05-26 15:12:52,16462,16462,16462,6,6
2023-05-26 15:12:52,16463,16463,16463,6,6
2023-05-26 15:12:52,16463,16463,16463,2,0
2023-05-26 15:12:53,16462,16462,16462,2,-2
2023-05-26 15:12:54,16463,16463,16463,4,4
2023-05-26 15:12:54,16463,16463,16463,4,0
2023-05-26 15:12:55,16464,16464,16464,4,4
2023-05-26 15:12:55,16464,16464,16464,10,0
2023-05-26 15:12:55,16465,16465,16465,2,2
2023-05-26 15:12:55,16465,16465,16465,2,0
2023-05-26 15:12:56,16465,16465,16465,4,0
2023-05-26 15:12:57,16464,16464,16464,4,-4
2023-05-26 15:12:57,16463,16463,16463,2,-2
2023-05-26 15:12:57,16464,16464,16464,4,4
2023-05-26 15:12:58,16464,16464,16464,2,0
2023-05-26 15:12:58,16464,16464,16464,2,0
2023-05-26 15:12:58,16464,16464,16464,2,0
2023-05-26 15:12:59,16464,16464,16464,2,0
2023-05-26 15:12:59,16464,16464,16464,2,0
2023-05-26 15:13:00,16464,16464,16464,2,0
2023-05-26 15:13:00,16464,16464,16464,2,0
2023-05-26 15:13:00,16464,16464,16464,4,0
2023-05-26 15:13:02,16464,16464,16464,2,0
2023-05-26 15:13:03,16464,16464,16464,2,0
2023-05-26 15:13:04,16464,16464,16464,2,0
2023-05-26 15:13:04,16464,16464,16464,2,0
2023-05-26 15:13:05,16464,16464,16464,6,0
2023-05-26 15:13:05,16465,16465,16465,2,2
2023-05-26 15:13:06,16464,16464,16464,2,-2
2023-05-26 15:13:06,16465,16465,16465,4,4
2023-05-26 15:13:09,16465,16465,16465,2,0
2023-05-26 15:13:10,16465,16465,16465,2,0
2023-05-26 15:13:10,16465,16465,16465,2,0
2023-05-26 15:13:10,16466,16466,16466,2,2
2023-05-26 15:13:10,16466,16466,16466,2,0
2023-05-26 15:13:10,16466,16466,16466,2,0
2023-05-26 15:13:11,16465,16465,16465,4,-4
2023-05-26 15:13:11,16465,16465,16465,2,0
2023-05-26 15:13:11,16465,16465,16465,4,0
2023-05-26 15:13:11,16464,16464,16464,2,-2
2023-05-26 15:13:11,16464,16464,16464,2,0
2023-05-26 15:13:11,16464,16464,16464,4,0
2023-05-26 15:13:11,16464,16464,16464,6,0
2023-05-26 15:13:12,16466,16466,16466,2,2
2023-05-26 15:13:12,16465,16465,16465,2,-2
2023-05-26 15:13:13,16465,16465,16465,2,0
2023-05-26 15:13:14,16466,16466,16466,6,6
2023-05-26 15:13:14,16466,16466,16466,4,0
2023-05-26 15:13:14,16466,16466,16466,6,0
2023-05-26 15:13:16,16467,16467,16467,2,2
2023-05-26 15:13:16,16466,16466,16466,2,-2
2023-05-26 15:13:16,16466,16466,16466,2,0
2023-05-26 15:13:17,16467,16467,16467,4,4
2023-05-26 15:13:18,16467,16467,16467,2,0
2023-05-26 15:13:19,16468,16468,16468,2,2
2023-05-26 15:13:19,16468,16468,16468,2,0
2023-05-26 15:13:19,16468,16468,16468,2,0
2023-05-26 15:13:19,16467,16467,16467,2,-2
2023-05-26 15:13:19,16467,16467,16467,6,0
2023-05-26 15:13:19,16467,16467,16467,6,0
2023-05-26 15:13:19,16467,16467,16467,2,0
2023-05-26 15:13:20,16468,16468,16468,2,2
2023-05-26 15:13:20,16468,16468,16468,4,0
2023-05-26 15:13:20,16468,16468,16468,12,0
2023-05-26 15:13:20,16469,16469,16469,2,2
2023-05-26 15:13:21,16469,16469,16469,2,0
2023-05-26 15:13:21,16469,16469,16469,6,0
2023-05-26 15:13:22,16470,16470,16470,4,4
2023-05-26 15:13:22,16468,16468,16468,2,-2
2023-05-26 15:13:22,16470,16470,16470,4,4
2023-05-26 15:13:22,16470,16470,16470,2,0
2023-05-26 15:13:22,16470,16470,16470,2,0
2023-05-26 15:13:22,16469,16469,16469,4,-4
2023-05-26 15:13:23,16468,16468,16468,4,-4
2023-05-26 15:13:24,16470,16470,16470,2,2
2023-05-26 15:13:24,16470,16470,16470,2,0
2023-05-26 15:13:26,16470,16470,16470,2,0
2023-05-26 15:13:27,16470,16470,16470,2,0
2023-05-26 15:13:27,16471,16471,16471,4,4
2023-05-26 15:13:27,16471,16471,16471,4,0
2023-05-26 15:13:27,16471,16471,16471,2,0
2023-05-26 15:13:27,16471,16471,16471,2,0
2023-05-26 15:13:27,16471,16471,16471,20,0
2023-05-26 15:13:27,16472,16472,16472,4,4
2023-05-26 15:13:28,16470,16470,16470,2,-2
2023-05-26 15:13:28,16471,16471,16471,2,2
2023-05-26 15:13:28,16471,16471,16471,2,0
2023-05-26 15:13:28,16471,16471,16471,2,0
2023-05-26 15:13:29,16471,16471,16471,4,0
2023-05-26 15:13:29,16471,16471,16471,2,0
2023-05-26 15:13:29,16471,16471,16471,2,0
2023-05-26 15:13:29,16471,16471,16471,2,0
2023-05-26 15:13:30,16470,16470,16470,2,-2
2023-05-26 15:13:30,16470,16470,16470,2,0
2023-05-26 15:13:30,16471,16471,16471,2,2
2023-05-26 15:13:30,16471,16471,16471,2,0
2023-05-26 15:13:30,16471,16471,16471,2,0
2023-05-26 15:13:32,16471,16471,16471,2,0
2023-05-26 15:13:33,16471,16471,16471,2,0
2023-05-26 15:13:33,16471,16471,16471,2,0
2023-05-26 15:13:33,16471,16471,16471,2,0
2023-05-26 15:13:34,16472,16472,16472,2,2
2023-05-26 15:13:35,16472,16472,16472,2,0
2023-05-26 15:13:35,16472,16472,16472,2,0
2023-05-26 15:13:35,16472,16472,16472,2,0
2023-05-26 15:13:36,16473,16473,16473,2,2
2023-05-26 15:13:36,16473,16473,16473,6,0
2023-05-26 15:13:38,16473,16473,16473,2,0
2023-05-26 15:13:39,16472,16472,16472,2,-2
2023-05-26 15:13:39,16472,16472,16472,2,0
2023-05-26 15:13:39,16472,16472,16472,2,0
2023-05-26 15:13:39,16471,16471,16471,2,-2
2023-05-26 15:13:39,16471,16471,16471,2,0
2023-05-26 15:13:39,16471,16471,16471,4,0
2023-05-26 15:13:39,16471,16471,16471,4,0
2023-05-26 15:13:40,16473,16473,16473,2,2
2023-05-26 15:13:41,16472,16472,16472,2,-2
2023-05-26 15:13:41,16472,16472,16472,2,0
2023-05-26 15:13:42,16473,16473,16473,6,6
2023-05-26 15:13:42,16472,16472,16472,2,-2
2023-05-26 15:13:43,16473,16473,16473,2,2
2023-05-26 15:13:43,16473,16473,16473,2,0
2023-05-26 15:13:43,16473,16473,16473,2,0
2023-05-26 15:13:43,16473,16473,16473,2,0
2023-05-26 15:13:46,16473,16473,16473,2,0
2023-05-26 15:13:46,16472,16472,16472,2,-2
2023-05-26 15:13:46,16473,16473,16473,10,10
2023-05-26 15:13:46,16473,16473,16473,2,0
2023-05-26 15:13:47,16473,16473,16473,2,0
2023-05-26 15:13:48,16472,16472,16472,2,-2
2023-05-26 15:13:48,16472,16472,16472,2,0
2023-05-26 15:13:48,16473,16473,16473,2,2
2023-05-26 15:13:49,16473,16473,16473,2,0
2023-05-26 15:13:49,16473,16473,16473,2,0
2023-05-26 15:13:49,16473,16473,16473,4,0
2023-05-26 15:13:49,16474,16474,16474,2,2
2023-05-26 15:13:49,16473,16473,16473,6,-6
2023-05-26 15:13:49,16473,16473,16473,4,0
2023-05-26 15:13:49,16473,16473,16473,6,0
2023-05-26 15:13:49,16473,16473,16473,2,0
2023-05-26 15:13:49,16473,16473,16473,6,0
2023-05-26 15:13:49,16473,16473,16473,4,0
2023-05-26 15:13:49,16473,16473,16473,2,0
2023-05-26 15:13:49,16472,16472,16472,6,-6
2023-05-26 15:13:49,16472,16472,16472,6,0
2023-05-26 15:13:49,16472,16472,16472,4,0
2023-05-26 15:13:49,16472,16472,16472,2,0
2023-05-26 15:13:49,16472,16472,16472,2,0
2023-05-26 15:13:49,16472,16472,16472,6,0
2023-05-26 15:13:49,16472,16472,16472,2,0
2023-05-26 15:13:49,16472,16472,16472,2,0
2023-05-26 15:13:49,16472,16472,16472,2,0
2023-05-26 15:13:49,16472,16472,16472,4,0
2023-05-26 15:13:49,16472,16472,16472,2,0
2023-05-26 15:13:50,16472,16472,16472,2,0
2023-05-26 15:13:50,16473,16473,16473,2,2
2023-05-26 15:13:51,16473,16473,16473,4,0
2023-05-26 15:13:51,16473,16473,16473,2,0
2023-05-26 15:13:52,16473,16473,16473,20,0
2023-05-26 15:13:53,16472,16472,16472,8,-8
2023-05-26 15:13:53,16472,16472,16472,4,0
2023-05-26 15:13:53,16472,16472,16472,4,0
2023-05-26 15:13:53,16472,16472,16472,2,0
2023-05-26 15:13:53,16472,16472,16472,2,0
2023-05-26 15:13:53,16472,16472,16472,2,0
2023-05-26 15:13:53,16472,16472,16472,2,0
2023-05-26 15:13:54,16473,16473,16473,4,4
2023-05-26 15:13:55,16473,16473,16473,2,0
2023-05-26 15:13:55,16472,16472,16472,2,-2
2023-05-26 15:13:56,16473,16473,16473,2,2
2023-05-26 15:13:56,16472,16472,16472,2,-2
2023-05-26 15:13:57,16472,16472,16472,2,0
2023-05-26 15:13:57,16472,16472,16472,2,0
2023-05-26 15:13:57,16472,16472,16472,2,0
2023-05-26 15:13:59,16472,16472,16472,4,0
2023-05-26 15:13:59,16471,16471,16471,2,-2
2023-05-26 15:13:59,16471,16471,16471,4,0
2023-05-26 15:13:59,16471,16471,16471,4,0
2023-05-26 15:13:59,16471,16471,16471,2,0
2023-05-26 15:13:59,16471,16471,16471,2,0
2023-05-26 15:13:59,16471,16471,16471,2,0
2023-05-26 15:13:59,16471,16471,16471,16,0
2023-05-26 15:13:59,16471,16471,16471,2,0
2023-05-26 15:13:59,16471,16471,16471,2,0
2023-05-26 15:13:59,16471,16471,16471,4,0
2023-05-26 15:13:59,16471,16471,16471,2,0
2023-05-26 15:14:00,16471,16471,16471,2,0
2023-05-26 15:14:00,16471,16471,16471,2,0
2023-05-26 15:14:01,16470,16470,16470,2,-2
2023-05-26 15:14:02,16470,16470,16470,2,0
2023-05-26 15:14:02,16470,16470,16470,4,0
2023-05-26 15:14:03,16470,16470,16470,10,0
2023-05-26 15:14:03,16470,16470,16470,2,0
2023-05-26 15:14:03,16470,16470,16470,16,0
2023-05-26 15:14:03,16470,16470,16470,20,0
2023-05-26 15:14:03,16470,16470,16470,2,0
2023-05-26 15:14:03,16470,16470,16470,2,0
2023-05-26 15:14:03,16470,16470,16470,2,0
2023-05-26 15:14:03,16470,16470,16470,2,0
2023-05-26 15:14:03,16470,16470,16470,2,0
2023-05-26 15:14:05,16469,16469,16469,2,-2
2023-05-26 15:14:07,16469,16469,16469,2,0
2023-05-26 15:14:07,16469,16469,16469,6,0
2023-05-26 15:14:07,16469,16469,16469,2,0
2023-05-26 15:14:07,16469,16469,16469,2,0
2023-05-26 15:14:08,16468,16468,16468,2,-2
2023-05-26 15:14:09,16468,16468,16468,2,0
2023-05-26 15:14:09,16468,16468,16468,2,0
2023-05-26 15:14:09,16468,16468,16468,4,0
2023-05-26 15:14:10,16468,16468,16468,6,0
2023-05-26 15:14:10,16468,16468,16468,6,0
2023-05-26 15:14:10,16469,16469,16469,4,4
2023-05-26 15:14:11,16468,16468,16468,2,-2
2023-05-26 15:14:11,16468,16468,16468,4,0
2023-05-26 15:14:11,16468,16468,16468,4,0
2023-05-26 15:14:11,16468,16468,16468,2,0
2023-05-26 15:14:11,16467,16467,16467,6,-6
2023-05-26 15:14:11,16468,16468,16468,4,4
2023-05-26 15:14:12,16468,16468,16468,4,0
2023-05-26 15:14:14,16470,16470,16470,16,16
2023-05-26 15:14:14,16468,16468,16468,6,-6
2023-05-26 15:14:15,16468,16468,16468,2,0
2023-05-26 15:14:18,16468,16468,16468,4,0
2023-05-26 15:14:19,16469,16469,16469,10,10
2023-05-26 15:14:19,16470,16470,16470,4,4
2023-05-26 15:14:20,16468,16468,16468,2,-2
2023-05-26 15:14:20,16468,16468,16468,2,0
2023-05-26 15:14:20,16468,16468,16468,2,0
2023-05-26 15:14:20,16468,16468,16468,4,0
2023-05-26 15:14:20,16468,16468,16468,4,0
2023-05-26 15:14:20,16468,16468,16468,2,0
2023-05-26 15:14:20,16468,16468,16468,2,0
2023-05-26 15:14:20,16468,16468,16468,6,0
2023-05-26 15:14:20,16468,16468,16468,6,0
2023-05-26 15:14:20,16468,16468,16468,2,0
2023-05-26 15:14:20,16468,16468,16468,2,0
2023-05-26 15:14:20,16468,16468,16468,2,0
2023-05-26 15:14:20,16468,16468,16468,8,0
2023-05-26 15:14:20,16468,16468,16468,4,0
2023-05-26 15:14:20,16468,16468,16468,4,0
2023-05-26 15:14:20,16468,16468,16468,2,0
2023-05-26 15:14:20,16468,16468,16468,6,0
2023-05-26 15:14:20,16468,16468,16468,4,0
2023-05-26 15:14:21,16468,16468,16468,2,0
2023-05-26 15:14:21,16468,16468,16468,2,0
2023-05-26 15:14:22,16469,16469,16469,2,2
2023-05-26 15:14:22,16470,16470,16470,2,2
2023-05-26 15:14:24,16468,16468,16468,2,-2
2023-05-26 15:14:26,16470,16470,16470,2,2
2023-05-26 15:14:27,16468,16468,16468,2,-2
2023-05-26 15:14:27,16468,16468,16468,2,0
2023-05-26 15:14:27,16468,16468,16468,4,0
2023-05-26 15:14:27,16468,16468,16468,6,0
2023-05-26 15:14:27,16468,16468,16468,2,0
2023-05-26 15:14:27,16468,16468,16468,2,0
2023-05-26 15:14:27,16468,16468,16468,2,0
2023-05-26 15:14:27,16468,16468,16468,2,0
2023-05-26 15:14:27,16468,16468,16468,4,0
2023-05-26 15:14:27,16468,16468,16468,2,0
2023-05-26 15:14:27,16468,16468,16468,2,0
2023-05-26 15:14:27,16468,16468,16468,2,0
2023-05-26 15:14:27,16468,16468,16468,6,0
2023-05-26 15:14:27,16468,16468,16468,2,0
2023-05-26 15:14:27,16468,16468,16468,6,0
2023-05-26 15:14:28,16469,16469,16469,2,2
2023-05-26 15:14:28,16469,16469,16469,2,0
2023-05-26 15:14:30,16469,16469,16469,16,0
2023-05-26 15:14:30,16469,16469,16469,4,0
2023-05-26 15:14:31,16468,16468,16468,2,-2
2023-05-26 15:14:33,16468,16468,16468,4,0
2023-05-26 15:14:33,16468,16468,16468,2,0
2023-05-26 15:14:33,16468,16468,16468,4,0
2023-05-26 15:14:33,16468,16468,16468,2,0
2023-05-26 15:14:34,16468,16468,16468,2,0
2023-05-26 15:14:38,16468,16468,16468,2,0
2023-05-26 15:14:38,16469,16469,16469,2,2
2023-05-26 15:14:42,16469,16469,16469,6,0
2023-05-26 15:14:45,16469,16469,16469,2,0
2023-05-26 15:14:45,16469,16469,16469,4,0
2023-05-26 15:14:46,16469,16469,16469,2,0
2023-05-26 15:14:46,16468,16468,16468,2,-2
2023-05-26 15:14:49,16469,16469,16469,2,2
2023-05-26 15:14:49,16468,16468,16468,2,-2
2023-05-26 15:14:49,16468,16468,16468,4,0
2023-05-26 15:14:49,16468,16468,16468,2,0
2023-05-26 15:14:50,16468,16468,16468,2,0
2023-05-26 15:14:52,16468,16468,16468,4,0
2023-05-26 15:14:54,16468,16468,16468,2,0
2023-05-26 15:14:57,16468,16468,16468,2,0
2023-05-26 15:14:57,16468,16468,16468,2,0
2023-05-26 15:14:57,16468,16468,16468,2,0
2023-05-26 15:15:00,16469,16469,16469,2,2
2023-05-26 15:15:00,16469,16469,16469,2,0
2023-05-26 15:15:00,16469,16469,16469,2,0
2023-05-26 15:15:00,16469,16469,16469,2,0
2023-05-26 15:15:00,16469,16469,16469,2,0
2023-05-26 15:15:00,16469,16469,16469,4,0
2023-05-26 15:15:00,16469,16469,16469,10,0
2023-05-26 15:15:00,16469,16469,16469,2,0
2023-05-26 15:15:00,16470,16470,16470,2,2
2023-05-26 15:15:00,16470,16470,16470,2,0
2023-05-26 15:15:00,16470,16470,16470,2,0
2023-05-26 15:15:00,16470,16470,16470,2,0
2023-05-26 15:15:01,16470,16470,16470,12,0
2023-05-26 15:15:01,16469,16469,16469,2,-2
2023-05-26 15:15:02,16470,16470,16470,36,36
2023-05-26 15:15:02,16472,16472,16472,2,2
2023-05-26 15:15:02,16470,16470,16470,2,-2
2023-05-26 15:15:05,16472,16472,16472,2,2
2023-05-26 15:15:05,16472,16472,16472,6,0
2023-05-26 15:15:06,16472,16472,16472,2,0
2023-05-26 15:15:07,16473,16473,16473,4,4
2023-05-26 15:15:07,16472,16472,16472,2,-2
2023-05-26 15:15:07,16472,16472,16472,2,0
2023-05-26 15:15:08,16472,16472,16472,10,0
2023-05-26 15:15:08,16472,16472,16472,2,0
2023-05-26 15:15:09,16473,16473,16473,2,2
2023-05-26 15:15:11,16473,16473,16473,2,0
2023-05-26 15:15:13,16472,16472,16472,2,-2
2023-05-26 15:15:16,16472,16472,16472,4,0
2023-05-26 15:15:16,16471,16471,16471,4,-4
2023-05-26 15:15:16,16471,16471,16471,2,0
2023-05-26 15:15:16,16471,16471,16471,2,0
2023-05-26 15:15:17,16471,16471,16471,2,0
2023-05-26 15:15:17,16470,16470,16470,4,-4
2023-05-26 15:15:17,16470,16470,16470,4,0
2023-05-26 15:15:17,16470,16470,16470,6,0
2023-05-26 15:15:17,16470,16470,16470,4,0
2023-05-26 15:15:17,16472,16472,16472,8,8
2023-05-26 15:15:18,16472,16472,16472,4,0
2023-05-26 15:15:19,16472,16472,16472,2,0
2023-05-26 15:15:19,16472,16472,16472,10,0
2023-05-26 15:15:20,16472,16472,16472,4,0
2023-05-26 15:15:20,16471,16471,16471,2,-2
2023-05-26 15:15:20,16471,16471,16471,4,0
2023-05-26 15:15:23,16471,16471,16471,2,0
2023-05-26 15:15:24,16471,16471,16471,2,0
2023-05-26 15:15:24,16471,16471,16471,2,0
2023-05-26 15:15:24,16472,16472,16472,2,2
2023-05-26 15:15:25,16471,16471,16471,2,-2
2023-05-26 15:15:26,16470,16470,16470,2,-2
2023-05-26 15:15:26,16470,16470,16470,2,0
2023-05-26 15:15:26,16470,16470,16470,10,0
2023-05-26 15:15:26,16470,16470,16470,2,0
2023-05-26 15:15:26,16470,16470,16470,2,0
2023-05-26 15:15:26,16470,16470,16470,2,0
2023-05-26 15:15:30,16470,16470,16470,2,0
2023-05-26 15:15:32,16470,16470,16470,2,0
2023-05-26 15:15:32,16470,16470,16470,2,0
2023-05-26 15:15:33,16470,16470,16470,2,0
2023-05-26 15:15:33,16470,16470,16470,2,0
2023-05-26 15:15:33,16470,16470,16470,6,0
2023-05-26 15:15:34,16470,16470,16470,4,0
2023-05-26 15:15:34,16471,16471,16471,2,2
2023-05-26 15:15:35,16469,16469,16469,2,-2
2023-05-26 15:15:36,16470,16470,16470,2,2
2023-05-26 15:15:36,16470,16470,16470,4,0
2023-05-26 15:15:37,16470,16470,16470,2,0
2023-05-26 15:15:37,16471,16471,16471,8,8
2023-05-26 15:15:38,16471,16471,16471,2,0
2023-05-26 15:15:41,16470,16470,16470,2,-2
2023-05-26 15:15:42,16470,16470,16470,2,0
2023-05-26 15:15:42,16470,16470,16470,2,0
2023-05-26 15:15:46,16470,16470,16470,4,0
2023-05-26 15:15:50,16470,16470,16470,4,0
2023-05-26 15:15:50,16470,16470,16470,2,0
2023-05-26 15:15:50,16469,16469,16469,8,-8
2023-05-26 15:15:50,16469,16469,16469,6,0
2023-05-26 15:15:50,16469,16469,16469,6,0
2023-05-26 15:15:53,16470,16470,16470,2,2
2023-05-26 15:15:56,16470,16470,16470,4,0
2023-05-26 15:15:56,16470,16470,16470,2,0
2023-05-26 15:15:57,16470,16470,16470,6,0
2023-05-26 15:15:59,16471,16471,16471,2,2
2023-05-26 15:16:00,16471,16471,16471,22,0
2023-05-26 15:16:00,16472,16472,16472,2,2
2023-05-26 15:16:00,16472,16472,16472,2,0
2023-05-26 15:16:00,16473,16473,16473,2,2
2023-05-26 15:16:00,16471,16471,16471,2,-2
2023-05-26 15:16:01,16471,16471,16471,2,0
2023-05-26 15:16:01,16473,16473,16473,2,2
2023-05-26 15:16:01,16471,16471,16471,2,-2
2023-05-26 15:16:04,16473,16473,16473,4,4
2023-05-26 15:16:07,16472,16472,16472,2,-2
2023-05-26 15:16:07,16473,16473,16473,2,2
2023-05-26 15:16:12,16474,16474,16474,2,2
2023-05-26 15:16:12,16474,16474,16474,12,0
2023-05-26 15:16:12,16474,16474,16474,2,0
2023-05-26 15:16:12,16474,16474,16474,2,0
2023-05-26 15:16:12,16474,16474,16474,6,0
2023-05-26 15:16:12,16475,16475,16475,2,2
2023-05-26 15:16:12,16475,16475,16475,2,0
2023-05-26 15:16:12,16475,16475,16475,2,0
2023-05-26 15:16:13,16475,16475,16475,2,0
2023-05-26 15:16:13,16475,16475,16475,2,0
2023-05-26 15:16:13,16475,16475,16475,2,0
2023-05-26 15:16:13,16475,16475,16475,2,0
2023-05-26 15:16:13,16475,16475,16475,2,0
2023-05-26 15:16:13,16475,16475,16475,2,0
2023-05-26 15:16:13,16475,16475,16475,2,0
2023-05-26 15:16:13,16475,16475,16475,2,0
2023-05-26 15:16:13,16475,16475,16475,2,0
2023-05-26 15:16:13,16475,16475,16475,2,0
2023-05-26 15:16:13,16475,16475,16475,2,0
2023-05-26 15:16:13,16475,16475,16475,2,0
2023-05-26 15:16:13,16475,16475,16475,2,0
2023-05-26 15:16:13,16474,16474,16474,2,-2
2023-05-26 15:16:13,16474,16474,16474,2,0
2023-05-26 15:16:13,16475,16475,16475,4,4
2023-05-26 15:16:16,16473,16473,16473,2,-2
2023-05-26 15:16:16,16473,16473,16473,4,0
2023-05-26 15:16:16,16474,16474,16474,2,2
2023-05-26 15:16:17,16475,16475,16475,4,4
2023-05-26 15:16:19,16474,16474,16474,2,-2
2023-05-26 15:16:20,16474,16474,16474,2,0
2023-05-26 15:16:20,16475,16475,16475,2,2
2023-05-26 15:16:21,16475,16475,16475,4,0
2023-05-26 15:16:22,16474,16474,16474,2,-2
2023-05-26 15:16:23,16475,16475,16475,4,4
2023-05-26 15:16:25,16475,16475,16475,4,0
2023-05-26 15:16:25,16475,16475,16475,2,0
2023-05-26 15:16:27,16475,16475,16475,2,0
2023-05-26 15:16:27,16475,16475,16475,2,0
2023-05-26 15:16:28,16475,16475,16475,4,0
2023-05-26 15:16:28,16475,16475,16475,2,0
2023-05-26 15:16:28,16475,16475,16475,2,0
2023-05-26 15:16:29,16475,16475,16475,2,0
2023-05-26 15:16:29,16475,16475,16475,2,0
2023-05-26 15:16:29,16475,16475,16475,2,0
2023-05-26 15:16:29,16474,16474,16474,2,-2
2023-05-26 15:16:30,16474,16474,16474,8,0
2023-05-26 15:16:33,16475,16475,16475,6,6
2023-05-26 15:16:33,16475,16475,16475,10,0
2023-05-26 15:16:33,16475,16475,16475,2,0
2023-05-26 15:16:36,16475,16475,16475,2,0
2023-05-26 15:16:37,16475,16475,16475,2,0
2023-05-26 15:16:37,16476,16476,16476,10,10
2023-05-26 15:16:37,16477,16477,16477,2,2
2023-05-26 15:16:37,16477,16477,16477,4,0
2023-05-26 15:16:37,16477,16477,16477,2,0
2023-05-26 15:16:38,16477,16477,16477,8,0
2023-05-26 15:16:38,16477,16477,16477,2,0
2023-05-26 15:16:38,16477,16477,16477,2,0
2023-05-26 15:16:38,16477,16477,16477,2,0
2023-05-26 15:16:39,16476,16476,16476,2,-2
2023-05-26 15:16:39,16476,16476,16476,2,0
2023-05-26 15:16:41,16476,16476,16476,2,0
2023-05-26 15:16:42,16476,16476,16476,2,0
2023-05-26 15:16:43,16475,16475,16475,2,-2
2023-05-26 15:16:43,16476,16476,16476,2,2
2023-05-26 15:16:45,16475,16475,16475,2,-2
2023-05-26 15:16:45,16476,16476,16476,2,2
2023-05-26 15:16:47,16476,16476,16476,2,0
2023-05-26 15:16:47,16476,16476,16476,2,0
2023-05-26 15:16:52,16476,16476,16476,2,0
2023-05-26 15:16:52,16476,16476,16476,2,0
2023-05-26 15:16:53,16476,16476,16476,2,0
2023-05-26 15:16:53,16476,16476,16476,10,0
2023-05-26 15:16:55,16476,16476,16476,4,0
2023-05-26 15:16:56,16475,16475,16475,2,-2
2023-05-26 15:16:56,16475,16475,16475,4,0
2023-05-26 15:16:56,16475,16475,16475,2,0
2023-05-26 15:16:56,16475,16475,16475,2,0
2023-05-26 15:16:56,16475,16475,16475,4,0
2023-05-26 15:17:00,16475,16475,16475,2,0
2023-05-26 15:17:00,16475,16475,16475,2,0
2023-05-26 15:17:03,16475,16475,16475,2,0
2023-05-26 15:17:06,16475,16475,16475,2,0
2023-05-26 15:17:06,16475,16475,16475,2,0
2023-05-26 15:17:06,16475,16475,16475,2,0
2023-05-26 15:17:08,16475,16475,16475,2,0
2023-05-26 15:17:09,16475,16475,16475,2,0
2023-05-26 15:17:13,16474,16474,16474,2,-2
2023-05-26 15:17:14,16475,16475,16475,2,2
2023-05-26 15:17:19,16475,16475,16475,2,0
2023-05-26 15:17:27,16475,16475,16475,2,0
2023-05-26 15:17:28,16474,16474,16474,66,-66
2023-05-26 15:17:28,16474,16474,16474,2,0
2023-05-26 15:17:28,16474,16474,16474,2,0
2023-05-26 15:17:28,16474,16474,16474,2,0
2023-05-26 15:17:28,16474,16474,16474,20,0
2023-05-26 15:17:28,16474,16474,16474,2,0
2023-05-26 15:17:28,16474,16474,16474,2,0
2023-05-26 15:17:28,16474,16474,16474,2,0
2023-05-26 15:17:28,16474,16474,16474,4,0
2023-05-26 15:17:28,16474,16474,16474,2,0
2023-05-26 15:17:28,16474,16474,16474,4,0
2023-05-26 15:17:28,16473,16473,16473,2,-2
2023-05-26 15:17:28,16473,16473,16473,2,0
2023-05-26 15:17:28,16473,16473,16473,2,0
2023-05-26 15:17:28,16473,16473,16473,2,0
2023-05-26 15:17:28,16473,16473,16473,2,0
2023-05-26 15:17:28,16473,16473,16473,2,0
2023-05-26 15:17:28,16473,16473,16473,8,0
2023-05-26 15:17:28,16473,16473,16473,4,0
2023-05-26 15:17:28,16473,16473,16473,2,0
2023-05-26 15:17:28,16473,16473,16473,2,0
2023-05-26 15:17:28,16473,16473,16473,4,0
2023-05-26 15:17:28,16472,16472,16472,2,-2
2023-05-26 15:17:29,16472,16472,16472,2,0
2023-05-26 15:17:32,16472,16472,16472,2,0
2023-05-26 15:17:36,16473,16473,16473,10,10
2023-05-26 15:17:36,16473,16473,16473,2,0
2023-05-26 15:17:38,16472,16472,16472,2,-2
2023-05-26 15:17:38,16473,16473,16473,2,2
2023-05-26 15:17:41,16474,16474,16474,2,2
2023-05-26 15:17:44,16474,16474,16474,2,0
2023-05-26 15:17:45,16473,16473,16473,2,-2
2023-05-26 15:17:46,16474,16474,16474,2,2
2023-05-26 15:17:46,16475,16475,16475,2,2
2023-05-26 15:17:49,16475,16475,16475,2,0
2023-05-26 15:17:52,16475,16475,16475,6,0
2023-05-26 15:17:54,16474,16474,16474,2,-2
2023-05-26 15:17:55,16473,16473,16473,2,-2
2023-05-26 15:17:55,16474,16474,16474,2,2
2023-05-26 15:17:57,16474,16474,16474,2,0
2023-05-26 15:17:57,16475,16475,16475,4,4
2023-05-26 15:18:00,16474,16474,16474,2,-2
2023-05-26 15:18:00,16474,16474,16474,2,0
2023-05-26 15:18:04,16474,16474,16474,2,0
2023-05-26 15:18:07,16474,16474,16474,2,0
2023-05-26 15:18:10,16474,16474,16474,2,0
2023-05-26 15:18:10,16473,16473,16473,2,-2
2023-05-26 15:18:11,16474,16474,16474,2,2
2023-05-26 15:18:15,16474,16474,16474,10,0
2023-05-26 15:18:15,16475,16475,16475,82,82
2023-05-26 15:18:15,16476,16476,16476,2,2
2023-05-26 15:18:18,16476,16476,16476,6,0
2023-05-26 15:18:20,16475,16475,16475,4,-4
2023-05-26 15:18:21,16476,16476,16476,2,2
2023-05-26 15:18:22,16475,16475,16475,2,-2
2023-05-26 15:18:23,16475,16475,16475,2,0
2023-05-26 15:18:23,16476,16476,16476,2,2
2023-05-26 15:18:24,16476,16476,16476,2,0
2023-05-26 15:18:31,16475,16475,16475,2,-2
2023-05-26 15:18:31,16475,16475,16475,2,0
2023-05-26 15:18:31,16475,16475,16475,6,0
2023-05-26 15:18:31,16475,16475,16475,2,0
2023-05-26 15:18:31,16475,16475,16475,20,0
2023-05-26 15:18:31,16475,16475,16475,2,0
2023-05-26 15:18:31,16475,16475,16475,2,0
2023-05-26 15:18:31,16475,16475,16475,2,0
2023-05-26 15:18:31,16475,16475,16475,2,0
2023-05-26 15:18:31,16475,16475,16475,2,0
2023-05-26 15:18:31,16475,16475,16475,4,0
2023-05-26 15:18:32,16473,16473,16473,2,-2
2023-05-26 15:18:36,16473,16473,16473,2,0
2023-05-26 15:18:36,16473,16473,16473,2,0
2023-05-26 15:18:41,16473,16473,16473,2,0
2023-05-26 15:18:43,16474,16474,16474,24,24
2023-05-26 15:18:43,16474,16474,16474,14,0
2023-05-26 15:18:46,16475,16475,16475,2,2
2023-05-26 15:18:48,16475,16475,16475,2,0
2023-05-26 15:18:49,16475,16475,16475,2,0
2023-05-26 15:18:50,16474,16474,16474,4,-4
2023-05-26 15:18:50,16475,16475,16475,2,2
2023-05-26 15:18:53,16474,16474,16474,2,-2
2023-05-26 15:18:56,16475,16475,16475,2,2
2023-05-26 15:18:57,16474,16474,16474,6,-6
2023-05-26 15:18:57,16474,16474,16474,4,0
2023-05-26 15:18:59,16474,16474,16474,2,0
2023-05-26 15:19:01,16474,16474,16474,6,0
2023-05-26 15:19:01,16474,16474,16474,2,0
2023-05-26 15:19:01,16474,16474,16474,2,0
2023-05-26 15:19:01,16474,16474,16474,2,0
2023-05-26 15:19:01,16474,16474,16474,2,0
2023-05-26 15:19:03,16475,16475,16475,2,2
2023-05-26 15:19:04,16474,16474,16474,2,-2
2023-05-26 15:19:06,16473,16473,16473,2,-2
2023-05-26 15:19:07,16473,16473,16473,2,0
2023-05-26 15:19:07,16474,16474,16474,2,2
2023-05-26 15:19:11,16474,16474,16474,2,0
2023-05-26 15:19:14,16473,16473,16473,2,-2
2023-05-26 15:19:18,16473,16473,16473,2,0
2023-05-26 15:19:21,16473,16473,16473,2,0
2023-05-26 15:19:31,16473,16473,16473,2,0
2023-05-26 15:19:31,16473,16473,16473,2,0
2023-05-26 15:19:31,16473,16473,16473,2,0
2023-05-26 15:19:31,16473,16473,16473,2,0
2023-05-26 15:19:31,16473,16473,16473,4,0
2023-05-26 15:19:31,16473,16473,16473,2,0
2023-05-26 15:19:32,16474,16474,16474,2,2
2023-05-26 15:19:40,16473,16473,16473,2,-2
2023-05-26 15:19:41,16473,16473,16473,2,0
2023-05-26 15:19:41,16473,16473,16473,2,0
2023-05-26 15:19:50,16473,16473,16473,2,0
2023-05-26 15:19:50,16473,16473,16473,4,0
2023-05-26 15:19:50,16473,16473,16473,6,0
2023-05-26 15:19:50,16473,16473,16473,2,0
2023-05-26 15:19:50,16473,16473,16473,2,0
2023-05-26 15:19:50,16474,16474,16474,2,2
2023-05-26 15:19:55,16474,16474,16474,2,0
2023-05-26 15:19:56,16474,16474,16474,6,0
2023-05-26 15:19:56,16474,16474,16474,6,0
2023-05-26 15:19:57,16474,16474,16474,6,0
2023-05-26 15:19:57,16474,16474,16474,6,0
2023-05-26 15:19:57,16474,16474,16474,4,0
2023-05-26 15:19:57,16474,16474,16474,4,0
2023-05-26 15:19:57,16474,16474,16474,2,0
2023-05-26 15:20:00,16474,16474,16474,4,0
2023-05-26 15:20:00,16475,16475,16475,2,2
2023-05-26 15:20:02,16475,16475,16475,10,0
2023-05-26 15:20:02,16475,16475,16475,4,0
2023-05-26 15:20:02,16475,16475,16475,2,0
2023-05-26 15:20:02,16475,16475,16475,12,0
2023-05-26 15:20:02,16475,16475,16475,4,0
2023-05-26 15:20:02,16475,16475,16475,2,0
2023-05-26 15:20:06,16476,16476,16476,30,30
2023-05-26 15:20:06,16477,16477,16477,20,20
2023-05-26 15:20:06,16477,16477,16477,2,0
2023-05-26 15:20:06,16477,16477,16477,2,0
2023-05-26 15:20:06,16477,16477,16477,2,0
2023-05-26 15:20:06,16477,16477,16477,4,0
2023-05-26 15:20:06,16476,16476,16476,2,-2
2023-05-26 15:20:06,16478,16478,16478,2,2
2023-05-26 15:20:06,16478,16478,16478,2,0
2023-05-26 15:20:06,16478,16478,16478,2,0
2023-05-26 15:20:06,16478,16478,16478,2,0
2023-05-26 15:20:06,16478,16478,16478,2,0
2023-05-26 15:20:09,16478,16478,16478,4,0
2023-05-26 15:20:11,16478,16478,16478,2,0
2023-05-26 15:20:13,16477,16477,16477,2,-2
2023-05-26 15:20:13,16477,16477,16477,4,0
2023-05-26 15:20:15,16478,16478,16478,2,2
2023-05-26 15:20:16,16478,16478,16478,2,0
2023-05-26 15:20:16,16478,16478,16478,50,0
2023-05-26 15:20:16,16479,16479,16479,50,50
2023-05-26 15:20:17,16479,16479,16479,2,0
2023-05-26 15:20:17,16478,16478,16478,2,-2
2023-05-26 15:20:18,16478,16478,16478,2,0
2023-05-26 15:20:18,16478,16478,16478,2,0
2023-05-26 15:20:18,16478,16478,16478,2,0
2023-05-26 15:20:20,16478,16478,16478,2,0
2023-05-26 15:20:26,16478,16478,16478,2,0
2023-05-26 15:20:26,16478,16478,16478,2,0
2023-05-26 15:20:26,16478,16478,16478,6,0
2023-05-26 15:20:26,16478,16478,16478,2,0
2023-05-26 15:20:27,16477,16477,16477,2,-2
2023-05-26 15:20:29,16478,16478,16478,2,2
2023-05-26 15:20:30,16478,16478,16478,2,0
2023-05-26 15:20:31,16478,16478,16478,2,0
2023-05-26 15:20:32,16478,16478,16478,8,0
2023-05-26 15:20:33,16478,16478,16478,8,0
2023-05-26 15:20:34,16478,16478,16478,2,0
2023-05-26 15:20:37,16478,16478,16478,2,0
2023-05-26 15:20:40,16477,16477,16477,2,-2
2023-05-26 15:20:42,16477,16477,16477,2,0
2023-05-26 15:20:42,16478,16478,16478,4,4
2023-05-26 15:20:43,16477,16477,16477,2,-2
2023-05-26 15:20:43,16477,16477,16477,2,0
2023-05-26 15:20:45,16477,16477,16477,4,0
2023-05-26 15:20:45,16477,16477,16477,2,0
2023-05-26 15:20:47,16478,16478,16478,2,2
2023-05-26 15:20:47,16478,16478,16478,6,0
2023-05-26 15:20:47,16478,16478,16478,8,0
2023-05-26 15:20:47,16478,16478,16478,6,0
2023-05-26 15:20:47,16478,16478,16478,2,0
2023-05-26 15:20:51,16479,16479,16479,2,2
2023-05-26 15:20:54,16478,16478,16478,2,-2
2023-05-26 15:20:55,16479,16479,16479,4,4
2023-05-26 15:20:56,16479,16479,16479,2,0
2023-05-26 15:20:56,16478,16478,16478,2,-2
2023-05-26 15:20:57,16477,16477,16477,2,-2
2023-05-26 15:20:57,16479,16479,16479,2,2
2023-05-26 15:20:58,16478,16478,16478,2,-2
2023-05-26 15:21:03,16479,16479,16479,2,2
2023-05-26 15:21:03,16479,16479,16479,2,0
2023-05-26 15:21:03,16479,16479,16479,2,0
2023-05-26 15:21:03,16479,16479,16479,14,0
2023-05-26 15:21:03,16479,16479,16479,4,0
2023-05-26 15:21:03,16479,16479,16479,6,0
2023-05-26 15:21:03,16479,16479,16479,2,0
2023-05-26 15:21:03,16480,16480,16480,2,2
2023-05-26 15:21:03,16480,16480,16480,2,0
2023-05-26 15:21:05,16479,16479,16479,2,-2
2023-05-26 15:21:05,16480,16480,16480,2,2
2023-05-26 15:21:05,16480,16480,16480,4,0
2023-05-26 15:21:06,16480,16480,16480,6,0
2023-05-26 15:21:06,16480,16480,16480,2,0
2023-05-26 15:21:09,16480,16480,16480,2,0
2023-05-26 15:21:12,16480,16480,16480,4,0
2023-05-26 15:21:12,16479,16479,16479,2,-2
2023-05-26 15:21:13,16480,16480,16480,8,8
2023-05-26 15:21:13,16480,16480,16480,14,0
2023-05-26 15:21:14,16480,16480,16480,4,0
2023-05-26 15:21:15,16480,16480,16480,2,0
2023-05-26 15:21:17,16481,16481,16481,2,2
2023-05-26 15:21:17,16480,16480,16480,2,-2
2023-05-26 15:21:18,16479,16479,16479,2,-2
2023-05-26 15:21:18,16479,16479,16479,2,0
2023-05-26 15:21:19,16480,16480,16480,2,2
2023-05-26 15:21:19,16480,16480,16480,2,0
2023-05-26 15:21:19,16480,16480,16480,6,0
2023-05-26 15:21:21,16480,16480,16480,2,0
2023-05-26 15:21:21,16481,16481,16481,2,2
2023-05-26 15:21:22,16481,16481,16481,2,0
2023-05-26 15:21:23,16480,16480,16480,2,-2
2023-05-26 15:21:24,16479,16479,16479,2,-2
2023-05-26 15:21:24,16479,16479,16479,6,0
2023-05-26 15:21:24,16479,16479,16479,4,0
2023-05-26 15:21:24,16479,16479,16479,2,0
2023-05-26 15:21:24,16479,16479,16479,4,0
2023-05-26 15:21:24,16479,16479,16479,2,0
2023-05-26 15:21:27,16480,16480,16480,2,2
2023-05-26 15:21:27,16480,16480,16480,2,0
2023-05-26 15:21:28,16480,16480,16480,2,0
2023-05-26 15:21:28,16481,16481,16481,2,2
2023-05-26 15:21:32,16481,16481,16481,2,0
2023-05-26 15:21:34,16481,16481,16481,16,0
2023-05-26 15:21:34,16481,16481,16481,2,0
2023-05-26 15:21:35,16480,16480,16480,2,-2
2023-05-26 15:21:35,16480,16480,16480,2,0
2023-05-26 15:21:35,16480,16480,16480,2,0
2023-05-26 15:21:36,16480,16480,16480,2,0
2023-05-26 15:21:37,16481,16481,16481,2,2
2023-05-26 15:21:38,16481,16481,16481,2,0
2023-05-26 15:21:41,16480,16480,16480,4,-4
2023-05-26 15:21:43,16480,16480,16480,2,0
2023-05-26 15:21:44,16480,16480,16480,2,0
2023-05-26 15:21:44,16480,16480,16480,2,0
2023-05-26 15:21:44,16480,16480,16480,2,0
2023-05-26 15:21:45,16480,16480,16480,2,0
2023-05-26 15:21:46,16481,16481,16481,2,2
2023-05-26 15:21:47,16481,16481,16481,2,0
2023-05-26 15:21:48,16481,16481,16481,8,0
2023-05-26 15:21:52,16481,16481,16481,2,0
2023-05-26 15:21:52,16481,16481,16481,2,0
2023-05-26 15:21:53,16480,16480,16480,12,-12
2023-05-26 15:21:57,16481,16481,16481,2,2
2023-05-26 15:22:01,16480,16480,16480,4,-4
2023-05-26 15:22:01,16481,16481,16481,6,6
2023-05-26 15:22:02,16481,16481,16481,2,0
2023-05-26 15:22:02,16481,16481,16481,2,0
2023-05-26 15:22:02,16481,16481,16481,2,0
2023-05-26 15:22:09,16481,16481,16481,2,0
2023-05-26 15:22:14,16481,16481,16481,4,0
2023-05-26 15:22:14,16480,16480,16480,8,-8
2023-05-26 15:22:14,16480,16480,16480,4,0
2023-05-26 15:22:14,16480,16480,16480,2,0
2023-05-26 15:22:14,16480,16480,16480,2,0
2023-05-26 15:22:14,16480,16480,16480,4,0
2023-05-26 15:22:14,16480,16480,16480,2,0
2023-05-26 15:22:14,16480,16480,16480,2,0
2023-05-26 15:22:14,16480,16480,16480,2,0
2023-05-26 15:22:14,16480,16480,16480,2,0
2023-05-26 15:22:14,16480,16480,16480,2,0
2023-05-26 15:22:14,16480,16480,16480,8,0
2023-05-26 15:22:14,16480,16480,16480,2,0
2023-05-26 15:22:14,16480,16480,16480,2,0
2023-05-26 15:22:14,16480,16480,16480,4,0
2023-05-26 15:22:14,16480,16480,16480,2,0
2023-05-26 15:22:14,16480,16480,16480,2,0
2023-05-26 15:22:14,16480,16480,16480,4,0
2023-05-26 15:22:14,16480,16480,16480,2,0
2023-05-26 15:22:14,16480,16480,16480,28,0
2023-05-26 15:22:14,16481,16481,16481,100,100
2023-05-26 15:22:14,16482,16482,16482,32,32
2023-05-26 15:22:14,16480,16480,16480,4,-4
2023-05-26 15:22:14,16480,16480,16480,2,0
2023-05-26 15:22:14,16480,16480,16480,2,0
2023-05-26 15:22:14,16480,16480,16480,2,0
2023-05-26 15:22:14,16480,16480,16480,2,0
2023-05-26 15:22:15,16481,16481,16481,2,2
2023-05-26 15:22:18,16481,16481,16481,2,0
2023-05-26 15:22:20,16480,16480,16480,2,-2
2023-05-26 15:22:20,16480,16480,16480,2,0
2023-05-26 15:22:20,16480,16480,16480,6,0
2023-05-26 15:22:20,16480,16480,16480,6,0
2023-05-26 15:22:22,16480,16480,16480,2,0
2023-05-26 15:22:24,16479,16479,16479,2,-2
2023-05-26 15:22:25,16479,16479,16479,2,0
2023-05-26 15:22:27,16479,16479,16479,2,0
2023-05-26 15:22:27,16479,16479,16479,2,0
2023-05-26 15:22:27,16479,16479,16479,2,0
2023-05-26 15:22:29,16479,16479,16479,2,0
2023-05-26 15:22:31,16480,16480,16480,14,14
2023-05-26 15:22:32,16479,16479,16479,4,-4
2023-05-26 15:22:32,16479,16479,16479,2,0
2023-05-26 15:22:32,16480,16480,16480,2,2
2023-05-26 15:22:34,16480,16480,16480,2,0
2023-05-26 15:22:35,16479,16479,16479,2,-2
2023-05-26 15:22:35,16479,16479,16479,2,0
2023-05-26 15:22:35,16479,16479,16479,4,0
2023-05-26 15:22:35,16479,16479,16479,2,0
2023-05-26 15:22:35,16479,16479,16479,2,0
2023-05-26 15:22:35,16479,16479,16479,2,0
2023-05-26 15:22:35,16479,16479,16479,4,0
2023-05-26 15:22:35,16478,16478,16478,2,-2
2023-05-26 15:22:35,16478,16478,16478,2,0
2023-05-26 15:22:35,16478,16478,16478,2,0
2023-05-26 15:22:35,16478,16478,16478,2,0
2023-05-26 15:22:35,16478,16478,16478,2,0
2023-05-26 15:22:35,16478,16478,16478,2,0
2023-05-26 15:22:37,16477,16477,16477,2,-2
2023-05-26 15:22:37,16477,16477,16477,4,0
2023-05-26 15:22:38,16477,16477,16477,2,0
2023-05-26 15:22:40,16477,16477,16477,4,0
2023-05-26 15:22:40,16477,16477,16477,2,0
2023-05-26 15:22:40,16477,16477,16477,2,0
2023-05-26 15:22:40,16477,16477,16477,2,0
2023-05-26 15:22:40,16477,16477,16477,4,0
2023-05-26 15:22:40,16477,16477,16477,6,0
2023-05-26 15:22:40,16477,16477,16477,4,0
2023-05-26 15:22:40,16477,16477,16477,2,0
2023-05-26 15:22:40,16477,16477,16477,2,0
2023-05-26 15:22:43,16476,16476,16476,2,-2
2023-05-26 15:22:43,16476,16476,16476,2,0
2023-05-26 15:22:45,16476,16476,16476,2,0
2023-05-26 15:22:46,16475,16475,16475,2,-2
2023-05-26 15:22:47,16476,16476,16476,2,2
2023-05-26 15:22:48,16476,16476,16476,2,0
2023-05-26 15:22:50,16475,16475,16475,6,-6
2023-05-26 15:22:50,16476,16476,16476,2,2
2023-05-26 15:22:50,16475,16475,16475,2,-2
2023-05-26 15:22:51,16475,16475,16475,2,0
2023-05-26 15:22:51,16475,16475,16475,2,0
2023-05-26 15:22:51,16475,16475,16475,2,0
2023-05-26 15:22:51,16475,16475,16475,2,0
2023-05-26 15:22:51,16475,16475,16475,2,0
2023-05-26 15:22:51,16475,16475,16475,2,0
2023-05-26 15:22:51,16475,16475,16475,2,0
2023-05-26 15:22:53,16475,16475,16475,2,0
2023-05-26 15:22:54,16475,16475,16475,2,0
2023-05-26 15:22:55,16475,16475,16475,2,0
2023-05-26 15:22:55,16475,16475,16475,4,0
2023-05-26 15:22:55,16474,16474,16474,2,-2
2023-05-26 15:22:58,16474,16474,16474,2,0
2023-05-26 15:22:59,16474,16474,16474,4,0
2023-05-26 15:22:59,16474,16474,16474,4,0
2023-05-26 15:23:00,16475,16475,16475,2,2
2023-05-26 15:23:00,16474,16474,16474,2,-2
2023-05-26 15:23:00,16475,16475,16475,2,2
2023-05-26 15:23:00,16475,16475,16475,2,0
2023-05-26 15:23:02,16474,16474,16474,2,-2
2023-05-26 15:23:04,16475,16475,16475,2,2
2023-05-26 15:23:06,16474,16474,16474,2,-2
2023-05-26 15:23:06,16474,16474,16474,2,0
2023-05-26 15:23:06,16474,16474,16474,2,0
2023-05-26 15:23:06,16474,16474,16474,2,0
2023-05-26 15:23:06,16475,16475,16475,4,4
2023-05-26 15:23:07,16475,16475,16475,2,0
2023-05-26 15:23:11,16475,16475,16475,2,0
2023-05-26 15:23:11,16475,16475,16475,4,0
2023-05-26 15:23:11,16475,16475,16475,4,0
2023-05-26 15:23:11,16475,16475,16475,2,0
2023-05-26 15:23:15,16475,16475,16475,2,0
2023-05-26 15:23:16,16475,16475,16475,2,0
2023-05-26 15:23:17,16475,16475,16475,2,0
2023-05-26 15:23:17,16475,16475,16475,2,0
2023-05-26 15:23:17,16475,16475,16475,2,0
2023-05-26 15:23:18,16475,16475,16475,2,0
2023-05-26 15:23:18,16475,16475,16475,2,0
2023-05-26 15:23:18,16475,16475,16475,2,0
2023-05-26 15:23:20,16475,16475,16475,2,0
2023-05-26 15:23:23,16475,16475,16475,2,0
2023-05-26 15:23:23,16475,16475,16475,2,0
2023-05-26 15:23:24,16474,16474,16474,2,-2
2023-05-26 15:23:27,16474,16474,16474,2,0
2023-05-26 15:23:27,16474,16474,16474,2,0
2023-05-26 15:23:27,16474,16474,16474,2,0
2023-05-26 15:23:27,16474,16474,16474,2,0
2023-05-26 15:23:27,16474,16474,16474,4,0
2023-05-26 15:23:27,16474,16474,16474,12,0
2023-05-26 15:23:27,16474,16474,16474,4,0
2023-05-26 15:23:30,16474,16474,16474,2,0
2023-05-26 15:23:31,16474,16474,16474,14,0
2023-05-26 15:23:31,16474,16474,16474,4,0
2023-05-26 15:23:31,16474,16474,16474,2,0
2023-05-26 15:23:36,16473,16473,16473,2,-2
2023-05-26 15:23:36,16473,16473,16473,2,0
2023-05-26 15:23:37,16474,16474,16474,4,4
2023-05-26 15:23:38,16473,16473,16473,2,-2
2023-05-26 15:23:39,16473,16473,16473,2,0
2023-05-26 15:23:40,16473,16473,16473,2,0
2023-05-26 15:23:45,16473,16473,16473,2,0
2023-05-26 15:23:45,16474,16474,16474,4,4
2023-05-26 15:23:47,16474,16474,16474,2,0
2023-05-26 15:23:47,16474,16474,16474,10,0
2023-05-26 15:23:47,16474,16474,16474,2,0
2023-05-26 15:23:47,16474,16474,16474,4,0
2023-05-26 15:23:49,16474,16474,16474,2,0
2023-05-26 15:23:52,16473,16473,16473,2,-2
2023-05-26 15:23:56,16474,16474,16474,2,2
2023-05-26 15:23:56,16473,16473,16473,2,-2
2023-05-26 15:23:58,16474,16474,16474,2,2
2023-05-26 15:24:00,16473,16473,16473,2,-2
2023-05-26 15:24:00,16474,16474,16474,6,6
2023-05-26 15:24:04,16473,16473,16473,2,-2
2023-05-26 15:24:06,16473,16473,16473,2,0
2023-05-26 15:24:08,16473,16473,16473,2,0
2023-05-26 15:24:08,16473,16473,16473,2,0
2023-05-26 15:24:08,16473,16473,16473,2,0
2023-05-26 15:24:08,16473,16473,16473,2,0
2023-05-26 15:24:08,16473,16473,16473,2,0
2023-05-26 15:24:08,16473,16473,16473,6,0
2023-05-26 15:24:08,16473,16473,16473,2,0
2023-05-26 15:24:08,16473,16473,16473,2,0
2023-05-26 15:24:08,16473,16473,16473,2,0
2023-05-26 15:24:08,16473,16473,16473,2,0
2023-05-26 15:24:08,16473,16473,16473,6,0
2023-05-26 15:24:08,16473,16473,16473,4,0
2023-05-26 15:24:09,16473,16473,16473,2,0
2023-05-26 15:24:09,16473,16473,16473,2,0
2023-05-26 15:24:09,16473,16473,16473,4,0
2023-05-26 15:24:09,16473,16473,16473,2,0
2023-05-26 15:24:09,16473,16473,16473,2,0
2023-05-26 15:24:09,16473,16473,16473,2,0
2023-05-26 15:24:11,16474,16474,16474,10,10
2023-05-26 15:24:12,16474,16474,16474,2,0
2023-05-26 15:24:14,16474,16474,16474,2,0
2023-05-26 15:24:15,16475,16475,16475,8,8
2023-05-26 15:24:16,16476,16476,16476,8,8
2023-05-26 15:24:17,16475,16475,16475,2,-2
2023-05-26 15:24:17,16475,16475,16475,2,0
2023-05-26 15:24:19,16475,16475,16475,2,0
2023-05-26 15:24:19,16475,16475,16475,2,0
2023-05-26 15:24:19,16475,16475,16475,2,0
2023-05-26 15:24:19,16475,16475,16475,6,0
2023-05-26 15:24:19,16475,16475,16475,6,0
2023-05-26 15:24:19,16475,16475,16475,2,0
2023-05-26 15:24:21,16477,16477,16477,2,2
2023-05-26 15:24:25,16477,16477,16477,2,0
2023-05-26 15:24:27,16477,16477,16477,2,0
2023-05-26 15:24:30,16477,16477,16477,4,0
2023-05-26 15:24:31,16477,16477,16477,2,0
2023-05-26 15:24:41,16476,16476,16476,2,-2
2023-05-26 15:24:47,16475,16475,16475,2,-2
2023-05-26 15:24:49,16475,16475,16475,2,0
2023-05-26 15:24:55,16476,16476,16476,2,2
2023-05-26 15:24:56,16475,16475,16475,2,-2
2023-05-26 15:24:56,16475,16475,16475,2,0
2023-05-26 15:24:56,16475,16475,16475,2,0
2023-05-26 15:24:56,16475,16475,16475,8,0
2023-05-26 15:24:56,16475,16475,16475,2,0
2023-05-26 15:25:00,16475,16475,16475,2,0
2023-05-26 15:25:04,16475,16475,16475,2,0
2023-05-26 15:25:07,16476,16476,16476,2,2
2023-05-26 15:25:08,16475,16475,16475,2,-2
2023-05-26 15:25:08,16475,16475,16475,2,0
2023-05-26 15:25:09,16475,16475,16475,2,0
2023-05-26 15:25:11,16475,16475,16475,2,0
2023-05-26 15:25:19,16474,16474,16474,2,-2
2023-05-26 15:25:20,16474,16474,16474,2,0
2023-05-26 15:25:20,16474,16474,16474,2,0
2023-05-26 15:25:21,16474,16474,16474,2,0
2023-05-26 15:25:21,16474,16474,16474,2,0
2023-05-26 15:25:22,16473,16473,16473,2,-2
2023-05-26 15:25:31,16473,16473,16473,40,0
2023-05-26 15:25:31,16473,16473,16473,2,0
2023-05-26 15:25:31,16473,16473,16473,2,0
2023-05-26 15:25:31,16473,16473,16473,2,0
2023-05-26 15:25:31,16473,16473,16473,2,0
2023-05-26 15:25:33,16473,16473,16473,2,0
2023-05-26 15:25:35,16473,16473,16473,6,0
2023-05-26 15:25:37,16473,16473,16473,2,0
2023-05-26 15:25:40,16472,16472,16472,2,-2
2023-05-26 15:25:40,16472,16472,16472,2,0
2023-05-26 15:25:40,16472,16472,16472,2,0
2023-05-26 15:25:40,16472,16472,16472,2,0
2023-05-26 15:25:40,16472,16472,16472,2,0
2023-05-26 15:25:40,16472,16472,16472,2,0
2023-05-26 15:25:40,16472,16472,16472,2,0
2023-05-26 15:25:40,16472,16472,16472,2,0
2023-05-26 15:25:40,16472,16472,16472,2,0
2023-05-26 15:25:40,16472,16472,16472,20,0
2023-05-26 15:25:40,16472,16472,16472,2,0
2023-05-26 15:25:40,16472,16472,16472,10,0
2023-05-26 15:25:40,16472,16472,16472,2,0
2023-05-26 15:25:40,16472,16472,16472,2,0
2023-05-26 15:25:40,16472,16472,16472,2,0
2023-05-26 15:25:40,16472,16472,16472,2,0
2023-05-26 15:25:40,16472,16472,16472,2,0
2023-05-26 15:25:40,16472,16472,16472,2,0
2023-05-26 15:25:40,16471,16471,16471,2,-2
2023-05-26 15:25:42,16471,16471,16471,2,0
2023-05-26 15:25:42,16471,16471,16471,2,0
2023-05-26 15:25:42,16471,16471,16471,2,0
2023-05-26 15:25:42,16471,16471,16471,2,0
2023-05-26 15:25:42,16471,16471,16471,4,0
2023-05-26 15:25:42,16471,16471,16471,6,0
2023-05-26 15:25:42,16471,16471,16471,2,0
2023-05-26 15:25:42,16472,16472,16472,2,2
2023-05-26 15:25:43,16470,16470,16470,2,-2
2023-05-26 15:25:44,16471,16471,16471,2,2
2023-05-26 15:25:45,16471,16471,16471,2,0
2023-05-26 15:25:45,16471,16471,16471,2,0
2023-05-26 15:25:45,16471,16471,16471,2,0
2023-05-26 15:25:45,16471,16471,16471,2,0
2023-05-26 15:25:46,16472,16472,16472,2,2
2023-05-26 15:25:46,16472,16472,16472,18,0
2023-05-26 15:25:46,16472,16472,16472,2,0
2023-05-26 15:25:47,16472,16472,16472,2,0
2023-05-26 15:25:48,16473,16473,16473,2,2
2023-05-26 15:25:48,16473,16473,16473,2,0
2023-05-26 15:25:48,16473,16473,16473,4,0
2023-05-26 15:25:48,16473,16473,16473,2,0
2023-05-26 15:25:48,16473,16473,16473,2,0
2023-05-26 15:25:48,16473,16473,16473,2,0
2023-05-26 15:25:57,16473,16473,16473,2,0
2023-05-26 15:25:57,16472,16472,16472,4,-4
2023-05-26 15:25:57,16472,16472,16472,2,0
2023-05-26 15:25:57,16472,16472,16472,6,0
2023-05-26 15:25:57,16472,16472,16472,4,0
2023-05-26 15:25:57,16472,16472,16472,2,0
2023-05-26 15:26:05,16472,16472,16472,2,0
2023-05-26 15:26:07,16473,16473,16473,2,2
2023-05-26 15:26:08,16472,16472,16472,2,-2
2023-05-26 15:26:08,16472,16472,16472,2,0
2023-05-26 15:26:12,16472,16472,16472,2,0
2023-05-26 15:26:12,16472,16472,16472,2,0
2023-05-26 15:26:12,16471,16471,16471,2,-2
2023-05-26 15:26:14,16471,16471,16471,2,0
2023-05-26 15:26:23,16471,16471,16471,2,0
2023-05-26 15:26:25,16471,16471,16471,2,0
2023-05-26 15:26:25,16471,16471,16471,4,0
2023-05-26 15:26:29,16471,16471,16471,2,0
2023-05-26 15:26:45,16472,16472,16472,8,8
2023-05-26 15:26:45,16472,16472,16472,4,0
2023-05-26 15:26:45,16472,16472,16472,2,0
2023-05-26 15:26:45,16472,16472,16472,2,0
2023-05-26 15:26:45,16472,16472,16472,2,0
2023-05-26 15:26:45,16472,16472,16472,2,0
2023-05-26 15:26:46,16473,16473,16473,2,2
2023-05-26 15:26:48,16471,16471,16471,2,-2
2023-05-26 15:26:48,16471,16471,16471,2,0
2023-05-26 15:26:57,16471,16471,16471,2,0
2023-05-26 15:26:59,16472,16472,16472,6,6
2023-05-26 15:27:00,16472,16472,16472,6,0
2023-05-26 15:27:01,16473,16473,16473,10,10
2023-05-26 15:27:01,16474,16474,16474,4,4
2023-05-26 15:27:02,16473,16473,16473,4,-4
2023-05-26 15:27:02,16473,16473,16473,2,0
2023-05-26 15:27:02,16473,16473,16473,2,0
2023-05-26 15:27:02,16473,16473,16473,6,0
2023-05-26 15:27:02,16473,16473,16473,6,0
2023-05-26 15:27:02,16473,16473,16473,2,0
2023-05-26 15:27:02,16473,16473,16473,2,0
2023-05-26 15:27:02,16472,16472,16472,2,-2
2023-05-26 15:27:02,16472,16472,16472,4,0
2023-05-26 15:27:02,16472,16472,16472,2,0
2023-05-26 15:27:02,16472,16472,16472,2,0
2023-05-26 15:27:02,16472,16472,16472,2,0
2023-05-26 15:27:02,16472,16472,16472,4,0
2023-05-26 15:27:03,16472,16472,16472,2,0
2023-05-26 15:27:08,16473,16473,16473,2,2
2023-05-26 15:27:20,16472,16472,16472,2,-2
2023-05-26 15:27:23,16473,16473,16473,10,10
2023-05-26 15:27:24,16472,16472,16472,2,-2
2023-05-26 15:27:31,16472,16472,16472,2,0
2023-05-26 15:27:40,16471,16471,16471,2,-2
2023-05-26 15:27:40,16471,16471,16471,2,0
2023-05-26 15:27:40,16471,16471,16471,2,0
2023-05-26 15:27:40,16471,16471,16471,2,0
2023-05-26 15:27:48,16471,16471,16471,2,0
2023-05-26 15:27:55,16470,16470,16470,2,-2
2023-05-26 15:27:55,16470,16470,16470,2,0
2023-05-26 15:27:56,16471,16471,16471,2,2
2023-05-26 15:27:56,16471,16471,16471,2,0
2023-05-26 15:27:56,16471,16471,16471,2,0
2023-05-26 15:27:57,16471,16471,16471,2,0
2023-05-26 15:27:57,16471,16471,16471,2,0
2023-05-26 15:27:58,16471,16471,16471,2,0
2023-05-26 15:28:02,16471,16471,16471,2,0
2023-05-26 15:28:02,16471,16471,16471,4,0
2023-05-26 15:28:02,16471,16471,16471,2,0
2023-05-26 15:28:02,16472,16472,16472,2,2
2023-05-26 15:28:03,16472,16472,16472,2,0
2023-05-26 15:28:03,16472,16472,16472,2,0
2023-05-26 15:28:03,16472,16472,16472,2,0
2023-05-26 15:28:03,16472,16472,16472,6,0
2023-05-26 15:28:13,16472,16472,16472,2,0
2023-05-26 15:28:15,16472,16472,16472,2,0
2023-05-26 15:28:20,16471,16471,16471,2,-2
2023-05-26 15:28:22,16471,16471,16471,2,0
2023-05-26 15:28:35,16471,16471,16471,2,0
2023-05-26 15:28:44,16471,16471,16471,4,0
2023-05-26 15:28:51,16471,16471,16471,2,0
2023-05-26 15:28:54,16471,16471,16471,2,0
2023-05-26 15:28:54,16471,16471,16471,2,0
2023-05-26 15:29:05,16471,16471,16471,2,0
2023-05-26 15:29:06,16472,16472,16472,2,2
2023-05-26 15:29:09,16471,16471,16471,2,-2
2023-05-26 15:29:10,16471,16471,16471,2,0
2023-05-26 15:29:11,16472,16472,16472,4,4
2023-05-26 15:29:11,16472,16472,16472,20,0
2023-05-26 15:29:11,16472,16472,16472,4,0
2023-05-26 15:29:11,16472,16472,16472,2,0
2023-05-26 15:29:11,16472,16472,16472,2,0
2023-05-26 15:29:11,16472,16472,16472,20,0
2023-05-26 15:29:11,16473,16473,16473,2,2
2023-05-26 15:29:11,16472,16472,16472,2,-2
2023-05-26 15:29:11,16472,16472,16472,2,0
2023-05-26 15:29:26,16472,16472,16472,2,0
2023-05-26 15:29:26,16472,16472,16472,2,0
2023-05-26 15:29:31,16473,16473,16473,2,2
2023-05-26 15:29:31,16473,16473,16473,4,0
2023-05-26 15:29:31,16473,16473,16473,2,0
2023-05-26 15:29:31,16473,16473,16473,2,0
2023-05-26 15:29:32,16473,16473,16473,2,0
2023-05-26 15:29:39,16474,16474,16474,10,10
2023-05-26 15:29:39,16473,16473,16473,2,-2
2023-05-26 15:29:41,16474,16474,16474,2,2
2023-05-26 15:29:43,16474,16474,16474,4,0
2023-05-26 15:29:48,16474,16474,16474,2,0
2023-05-26 15:29:48,16474,16474,16474,2,0
2023-05-26 15:29:49,16474,16474,16474,2,0
2023-05-26 15:29:52,16474,16474,16474,2,0
2023-05-26 15:29:52,16474,16474,16474,2,0
2023-05-26 15:29:52,16474,16474,16474,2,0
2023-05-26 15:29:56,16474,16474,16474,2,0
2023-05-26 15:29:56,16474,16474,16474,2,0
2023-05-26 15:30:00,16474,16474,16474,2,0
2023-05-26 15:30:01,16475,16475,16475,6,6
2023-05-26 15:30:01,16475,16475,16475,6,0
2023-05-26 15:30:01,16475,16475,16475,2,0
2023-05-26 15:30:01,16475,16475,16475,10,0
2023-05-26 15:30:01,16476,16476,16476,4,4
2023-05-26 15:30:01,16476,16476,16476,2,0
2023-05-26 15:30:01,16474,16474,16474,2,-2
2023-05-26 15:30:01,16474,16474,16474,2,0
2023-05-26 15:30:01,16476,16476,16476,4,4
2023-05-26 15:30:05,16474,16474,16474,2,-2
2023-05-26 15:30:06,16476,16476,16476,2,2
2023-05-26 15:30:07,16476,16476,16476,2,0
2023-05-26 15:30:07,16475,16475,16475,4,-4
2023-05-26 15:30:08,16475,16475,16475,2,0
2023-05-26 15:30:10,16476,16476,16476,2,2
2023-05-26 15:30:10,16476,16476,16476,6,0
2023-05-26 15:30:13,16476,16476,16476,2,0
2023-05-26 15:30:14,16477,16477,16477,4,4
2023-05-26 15:30:14,16477,16477,16477,22,0
2023-05-26 15:30:15,16478,16478,16478,2,2
2023-05-26 15:30:18,16478,16478,16478,4,0
2023-05-26 15:30:19,16478,16478,16478,2,0
2023-05-26 15:30:25,16478,16478,16478,2,0
2023-05-26 15:30:31,16478,16478,16478,2,0
2023-05-26 15:30:32,16477,16477,16477,2,-2
2023-05-26 15:30:34,16478,16478,16478,2,2
2023-05-26 15:30:37,16478,16478,16478,2,0
2023-05-26 15:30:42,16478,16478,16478,2,0
2023-05-26 15:30:48,16477,16477,16477,2,-2
2023-05-26 15:30:48,16477,16477,16477,2,0
2023-05-26 15:30:48,16477,16477,16477,2,0
2023-05-26 15:30:48,16477,16477,16477,2,0
2023-05-26 15:30:48,16477,16477,16477,2,0
2023-05-26 15:30:48,16477,16477,16477,2,0
2023-05-26 15:30:48,16476,16476,16476,2,-2
2023-05-26 15:30:48,16476,16476,16476,6,0
2023-05-26 15:30:48,16476,16476,16476,2,0
2023-05-26 15:30:48,16476,16476,16476,6,0
2023-05-26 15:30:48,16476,16476,16476,4,0
2023-05-26 15:30:48,16476,16476,16476,4,0
2023-05-26 15:30:48,16476,16476,16476,2,0
2023-05-26 15:30:48,16476,16476,16476,2,0
2023-05-26 15:30:48,16476,16476,16476,6,0
2023-05-26 15:30:48,16476,16476,16476,2,0
2023-05-26 15:30:48,16476,16476,16476,2,0
2023-05-26 15:30:48,16476,16476,16476,2,0
2023-05-26 15:30:48,16476,16476,16476,2,0
2023-05-26 15:30:51,16476,16476,16476,2,0
2023-05-26 15:30:51,16477,16477,16477,2,2
2023-05-26 15:30:53,16476,16476,16476,2,-2
2023-05-26 15:30:53,16477,16477,16477,2,2
2023-05-26 15:30:56,16477,16477,16477,32,0
2023-05-26 15:30:56,16478,16478,16478,18,18
2023-05-26 15:30:58,16477,16477,16477,2,-2
2023-05-26 15:30:58,16478,16478,16478,2,2
2023-05-26 15:31:03,16477,16477,16477,8,-8
2023-05-26 15:31:08,16477,16477,16477,2,0
2023-05-26 15:31:09,16476,16476,16476,2,-2
2023-05-26 15:31:09,16476,16476,16476,2,0
2023-05-26 15:31:09,16476,16476,16476,2,0
2023-05-26 15:31:15,16476,16476,16476,2,0
2023-05-26 15:31:20,16477,16477,16477,2,2
2023-05-26 15:31:30,16476,16476,16476,2,-2
2023-05-26 15:31:35,16476,16476,16476,2,0
2023-05-26 15:31:35,16476,16476,16476,2,0
2023-05-26 15:31:35,16476,16476,16476,2,0
2023-05-26 15:31:35,16476,16476,16476,2,0
2023-05-26 15:31:35,16476,16476,16476,2,0
2023-05-26 15:31:35,16476,16476,16476,6,0
2023-05-26 15:31:35,16476,16476,16476,4,0
2023-05-26 15:31:35,16476,16476,16476,2,0
2023-05-26 15:31:35,16476,16476,16476,2,0
2023-05-26 15:31:35,16476,16476,16476,2,0
2023-05-26 15:31:35,16476,16476,16476,2,0
2023-05-26 15:31:35,16476,16476,16476,2,0
2023-05-26 15:31:35,16476,16476,16476,2,0
2023-05-26 15:31:47,16476,16476,16476,2,0
2023-05-26 15:31:48,16477,16477,16477,2,2
2023-05-26 15:31:48,16476,16476,16476,2,-2
2023-05-26 15:31:49,16477,16477,16477,2,2
2023-05-26 15:31:54,16477,16477,16477,32,0
2023-05-26 15:31:54,16477,16477,16477,8,0
2023-05-26 15:32:00,16476,16476,16476,2,-2
2023-05-26 15:32:05,16476,16476,16476,2,0
2023-05-26 15:32:05,16476,16476,16476,2,0
2023-05-26 15:32:05,16476,16476,16476,2,0
2023-05-26 15:32:11,16475,16475,16475,2,-2
2023-05-26 15:32:11,16475,16475,16475,2,0
2023-05-26 15:32:25,16475,16475,16475,2,0
2023-05-26 15:32:25,16475,16475,16475,12,0
2023-05-26 15:32:36,16475,16475,16475,2,0
2023-05-26 15:32:40,16475,16475,16475,4,0
2023-05-26 15:32:40,16475,16475,16475,2,0
2023-05-26 15:32:47,16475,16475,16475,2,0
2023-05-26 15:32:48,16475,16475,16475,2,0
2023-05-26 15:32:49,16475,16475,16475,2,0
2023-05-26 15:32:52,16475,16475,16475,2,0
2023-05-26 15:32:54,16475,16475,16475,2,0
2023-05-26 15:33:03,16475,16475,16475,2,0
2023-05-26 15:33:04,16474,16474,16474,2,-2
2023-05-26 15:33:06,16474,16474,16474,2,0
2023-05-26 15:33:13,16474,16474,16474,2,0
2023-05-26 15:33:13,16474,16474,16474,2,0
2023-05-26 15:33:13,16474,16474,16474,2,0
2023-05-26 15:33:13,16474,16474,16474,2,0
2023-05-26 15:33:13,16474,16474,16474,2,0
2023-05-26 15:33:13,16474,16474,16474,2,0
2023-05-26 15:33:13,16474,16474,16474,2,0
2023-05-26 15:33:13,16474,16474,16474,4,0
2023-05-26 15:33:14,16473,16473,16473,2,-2
2023-05-26 15:33:14,16473,16473,16473,2,0
2023-05-26 15:33:16,16475,16475,16475,2,2
2023-05-26 15:33:20,16473,16473,16473,2,-2
2023-05-26 15:33:23,16474,16474,16474,2,2
2023-05-26 15:33:23,16474,16474,16474,2,0
2023-05-26 15:33:23,16474,16474,16474,2,0
2023-05-26 15:33:23,16474,16474,16474,2,0
2023-05-26 15:33:26,16473,16473,16473,2,-2
2023-05-26 15:33:48,16475,16475,16475,2,2
2023-05-26 15:34:09,16475,16475,16475,2,0
2023-05-26 15:34:10,16474,16474,16474,2,-2
2023-05-26 15:34:10,16474,16474,16474,4,0
2023-05-26 15:34:10,16474,16474,16474,6,0
2023-05-26 15:34:11,16473,16473,16473,2,-2
2023-05-26 15:34:11,16473,16473,16473,2,0
2023-05-26 15:34:11,16473,16473,16473,2,0
2023-05-26 15:34:15,16473,16473,16473,2,0
2023-05-26 15:34:17,16475,16475,16475,36,36
2023-05-26 15:34:23,16474,16474,16474,4,-4
2023-05-26 15:34:23,16475,16475,16475,6,6
2023-05-26 15:34:31,16473,16473,16473,2,-2
2023-05-26 15:34:45,16473,16473,16473,2,0
2023-05-26 15:34:46,16473,16473,16473,2,0
2023-05-26 15:34:46,16473,16473,16473,2,0
2023-05-26 15:34:47,16473,16473,16473,2,0
2023-05-26 15:34:49,16473,16473,16473,2,0
2023-05-26 15:34:49,16473,16473,16473,2,0
2023-05-26 15:34:49,16473,16473,16473,10,0
2023-05-26 15:34:49,16473,16473,16473,2,0
2023-05-26 15:34:53,16472,16472,16472,2,-2
2023-05-26 15:34:53,16472,16472,16472,4,0
2023-05-26 15:34:53,16472,16472,16472,2,0
2023-05-26 15:34:53,16472,16472,16472,2,0
2023-05-26 15:34:54,16472,16472,16472,2,0
2023-05-26 15:34:55,16472,16472,16472,2,0
2023-05-26 15:34:55,16472,16472,16472,2,0
2023-05-26 15:34:55,16472,16472,16472,4,0
2023-05-26 15:35:00,16471,16471,16471,2,-2
2023-05-26 15:35:00,16471,16471,16471,2,0
2023-05-26 15:35:00,16471,16471,16471,2,0
2023-05-26 15:35:00,16471,16471,16471,2,0
2023-05-26 15:35:00,16471,16471,16471,2,0
2023-05-26 15:35:11,16472,16472,16472,6,6
2023-05-26 15:35:13,16473,16473,16473,6,6
2023-05-26 15:35:13,16472,16472,16472,2,-2
2023-05-26 15:35:13,16472,16472,16472,2,0
2023-05-26 15:35:17,16472,16472,16472,2,0
2023-05-26 15:35:25,16472,16472,16472,2,0
2023-05-26 15:35:27,16472,16472,16472,2,0
2023-05-26 15:35:27,16472,16472,16472,2,0
2023-05-26 15:35:27,16472,16472,16472,2,0
2023-05-26 15:35:33,16472,16472,16472,2,0
2023-05-26 15:35:47,16472,16472,16472,2,0
2023-05-26 15:35:48,16472,16472,16472,2,0
2023-05-26 15:35:50,16472,16472,16472,2,0
2023-05-26 15:35:50,16472,16472,16472,2,0
2023-05-26 15:35:50,16472,16472,16472,2,0
2023-05-26 15:35:50,16472,16472,16472,2,0
2023-05-26 15:35:54,16471,16471,16471,2,-2
2023-05-26 15:35:54,16472,16472,16472,2,2
2023-05-26 15:36:00,16471,16471,16471,2,-2
2023-05-26 15:36:06,16472,16472,16472,2,2
2023-05-26 15:36:20,16471,16471,16471,2,-2
2023-05-26 15:36:20,16471,16471,16471,2,0
2023-05-26 15:36:24,16472,16472,16472,2,2
2023-05-26 15:36:31,16471,16471,16471,2,-2
2023-05-26 15:36:34,16472,16472,16472,2,2
2023-05-26 15:36:37,16471,16471,16471,2,-2
2023-05-26 15:36:37,16471,16471,16471,2,0
2023-05-26 15:36:40,16471,16471,16471,2,0
2023-05-26 15:36:40,16471,16471,16471,16,0
2023-05-26 15:36:40,16471,16471,16471,4,0
2023-05-26 15:36:40,16471,16471,16471,2,0
2023-05-26 15:36:40,16471,16471,16471,2,0
2023-05-26 15:36:40,16471,16471,16471,4,0
2023-05-26 15:36:40,16471,16471,16471,2,0
2023-05-26 15:36:40,16471,16471,16471,2,0
2023-05-26 15:36:40,16471,16471,16471,4,0
2023-05-26 15:36:40,16470,16470,16470,2,-2
2023-05-26 15:36:40,16470,16470,16470,4,0
2023-05-26 15:36:40,16470,16470,16470,2,0
2023-05-26 15:36:40,16470,16470,16470,4,0
2023-05-26 15:36:40,16470,16470,16470,2,0
2023-05-26 15:36:40,16470,16470,16470,2,0
2023-05-26 15:36:40,16470,16470,16470,2,0
2023-05-26 15:36:40,16470,16470,16470,10,0
2023-05-26 15:36:40,16470,16470,16470,2,0
2023-05-26 15:36:40,16470,16470,16470,6,0
2023-05-26 15:36:40,16470,16470,16470,6,0
2023-05-26 15:36:40,16470,16470,16470,2,0
2023-05-26 15:36:40,16470,16470,16470,2,0
2023-05-26 15:36:40,16470,16470,16470,4,0
2023-05-26 15:36:40,16470,16470,16470,4,0
2023-05-26 15:36:40,16470,16470,16470,2,0
2023-05-26 15:36:40,16470,16470,16470,2,0
2023-05-26 15:36:40,16470,16470,16470,4,0
2023-05-26 15:36:40,16470,16470,16470,2,0
2023-05-26 15:36:40,16470,16470,16470,2,0
2023-05-26 15:36:40,16470,16470,16470,2,0
2023-05-26 15:36:40,16470,16470,16470,2,0
2023-05-26 15:36:40,16469,16469,16469,2,-2
2023-05-26 15:36:40,16469,16469,16469,2,0
2023-05-26 15:36:40,16469,16469,16469,2,0
2023-05-26 15:36:40,16469,16469,16469,2,0
2023-05-26 15:36:41,16469,16469,16469,2,0
2023-05-26 15:36:41,16469,16469,16469,2,0
2023-05-26 15:36:43,16469,16469,16469,2,0
2023-05-26 15:36:45,16469,16469,16469,2,0
2023-05-26 15:36:47,16468,16468,16468,2,-2
2023-05-26 15:36:47,16468,16468,16468,2,0
2023-05-26 15:36:47,16468,16468,16468,2,0
2023-05-26 15:36:47,16468,16468,16468,2,0
2023-05-26 15:36:47,16468,16468,16468,2,0
2023-05-26 15:36:48,16468,16468,16468,2,0
2023-05-26 15:36:48,16468,16468,16468,2,0
2023-05-26 15:36:48,16468,16468,16468,2,0
2023-05-26 15:36:49,16468,16468,16468,2,0
2023-05-26 15:36:50,16469,16469,16469,2,2
2023-05-26 15:36:52,16468,16468,16468,2,-2
2023-05-26 15:36:52,16468,16468,16468,4,0
2023-05-26 15:36:53,16468,16468,16468,4,0
2023-05-26 15:36:53,16469,16469,16469,2,2
2023-05-26 15:36:55,16468,16468,16468,2,-2
2023-05-26 15:36:55,16468,16468,16468,2,0
2023-05-26 15:36:55,16468,16468,16468,2,0
2023-05-26 15:36:55,16468,16468,16468,2,0
2023-05-26 15:36:55,16468,16468,16468,2,0
2023-05-26 15:36:55,16468,16468,16468,2,0
2023-05-26 15:36:55,16468,16468,16468,2,0
2023-05-26 15:36:55,16468,16468,16468,2,0
2023-05-26 15:36:55,16468,16468,16468,2,0
2023-05-26 15:36:55,16468,16468,16468,8,0
2023-05-26 15:36:55,16468,16468,16468,2,0
2023-05-26 15:36:55,16468,16468,16468,2,0
2023-05-26 15:36:55,16468,16468,16468,2,0
2023-05-26 15:36:55,16468,16468,16468,2,0
2023-05-26 15:36:55,16468,16468,16468,2,0
2023-05-26 15:36:55,16468,16468,16468,2,0
2023-05-26 15:36:55,16467,16467,16467,2,-2
2023-05-26 15:36:55,16468,16468,16468,4,4
2023-05-26 15:36:55,16468,16468,16468,4,0
2023-05-26 15:36:55,16468,16468,16468,2,0
2023-05-26 15:36:56,16468,16468,16468,2,0
2023-05-26 15:36:57,16469,16469,16469,2,2
2023-05-26 15:36:57,16467,16467,16467,2,-2
2023-05-26 15:36:57,16467,16467,16467,2,0
2023-05-26 15:36:58,16468,16468,16468,2,2
2023-05-26 15:37:00,16468,16468,16468,2,0
2023-05-26 15:37:02,16468,16468,16468,2,0
2023-05-26 15:37:03,16468,16468,16468,2,0
2023-05-26 15:37:05,16468,16468,16468,2,0
2023-05-26 15:37:06,16469,16469,16469,2,2
2023-05-26 15:37:07,16468,16468,16468,2,-2
2023-05-26 15:37:07,16468,16468,16468,2,0
2023-05-26 15:37:07,16467,16467,16467,2,-2
2023-05-26 15:37:08,16468,16468,16468,4,4
2023-05-26 15:37:08,16467,16467,16467,4,-4
2023-05-26 15:37:09,16467,16467,16467,2,0
2023-05-26 15:37:10,16468,16468,16468,2,2
2023-05-26 15:37:17,16467,16467,16467,4,-4
2023-05-26 15:37:19,16467,16467,16467,2,0
2023-05-26 15:37:19,16467,16467,16467,10,0
2023-05-26 15:37:19,16467,16467,16467,2,0
2023-05-26 15:37:19,16467,16467,16467,2,0
2023-05-26 15:37:19,16467,16467,16467,2,0
2023-05-26 15:37:19,16467,16467,16467,2,0
2023-05-26 15:37:19,16467,16467,16467,2,0
2023-05-26 15:37:19,16467,16467,16467,4,0
2023-05-26 15:37:19,16467,16467,16467,2,0
2023-05-26 15:37:19,16467,16467,16467,2,0
2023-05-26 15:37:19,16467,16467,16467,2,0
2023-05-26 15:37:19,16467,16467,16467,2,0
2023-05-26 15:37:19,16467,16467,16467,2,0
2023-05-26 15:37:19,16467,16467,16467,2,0
2023-05-26 15:37:19,16467,16467,16467,2,0
2023-05-26 15:37:20,16466,16466,16466,2,-2
2023-05-26 15:37:20,16466,16466,16466,2,0
2023-05-26 15:37:20,16466,16466,16466,2,0
2023-05-26 15:37:20,16466,16466,16466,2,0
2023-05-26 15:37:20,16467,16467,16467,2,2
2023-05-26 15:37:20,16466,16466,16466,2,-2
2023-05-26 15:37:20,16466,16466,16466,2,0
2023-05-26 15:37:20,16466,16466,16466,2,0
2023-05-26 15:37:20,16466,16466,16466,2,0
2023-05-26 15:37:20,16466,16466,16466,2,0
2023-05-26 15:37:20,16466,16466,16466,2,0
2023-05-26 15:37:20,16466,16466,16466,2,0
2023-05-26 15:37:20,16466,16466,16466,2,0
2023-05-26 15:37:22,16466,16466,16466,2,0
2023-05-26 15:37:22,16466,16466,16466,2,0
2023-05-26 15:37:23,16466,16466,16466,2,0
2023-05-26 15:37:24,16466,16466,16466,2,0
2023-05-26 15:37:24,16466,16466,16466,2,0
2023-05-26 15:37:25,16466,16466,16466,2,0
2023-05-26 15:37:25,16466,16466,16466,2,0
2023-05-26 15:37:27,16466,16466,16466,2,0
2023-05-26 15:37:32,16466,16466,16466,2,0
2023-05-26 15:37:33,16465,16465,16465,2,-2
2023-05-26 15:37:33,16465,16465,16465,2,0
2023-05-26 15:37:33,16465,16465,16465,2,0
2023-05-26 15:37:33,16465,16465,16465,2,0
2023-05-26 15:37:33,16465,16465,16465,2,0
2023-05-26 15:37:33,16465,16465,16465,2,0
2023-05-26 15:37:33,16465,16465,16465,2,0
2023-05-26 15:37:33,16465,16465,16465,2,0
2023-05-26 15:37:33,16465,16465,16465,4,0
2023-05-26 15:37:37,16465,16465,16465,2,0
2023-05-26 15:37:39,16465,16465,16465,2,0
2023-05-26 15:37:40,16465,16465,16465,2,0
2023-05-26 15:37:40,16465,16465,16465,2,0
2023-05-26 15:37:42,16465,16465,16465,2,0
2023-05-26 15:37:42,16465,16465,16465,2,0
2023-05-26 15:37:42,16465,16465,16465,2,0
2023-05-26 15:37:42,16465,16465,16465,2,0
2023-05-26 15:37:42,16465,16465,16465,2,0
2023-05-26 15:37:42,16465,16465,16465,2,0
2023-05-26 15:37:42,16465,16465,16465,2,0
2023-05-26 15:37:42,16465,16465,16465,6,0
2023-05-26 15:37:44,16465,16465,16465,2,0
2023-05-26 15:37:45,16465,16465,16465,2,0
2023-05-26 15:37:48,16464,16464,16464,2,-2
2023-05-26 15:37:52,16464,16464,16464,2,0
2023-05-26 15:37:52,16464,16464,16464,2,0
2023-05-26 15:37:53,16465,16465,16465,2,2
2023-05-26 15:37:54,16464,16464,16464,6,-6
2023-05-26 15:37:54,16464,16464,16464,2,0
2023-05-26 15:37:54,16464,16464,16464,2,0
2023-05-26 15:37:54,16464,16464,16464,2,0
2023-05-26 15:37:54,16464,16464,16464,4,0
2023-05-26 15:37:54,16464,16464,16464,2,0
2023-05-26 15:37:54,16464,16464,16464,4,0
2023-05-26 15:37:54,16464,16464,16464,8,0
2023-05-26 15:37:54,16464,16464,16464,2,0
2023-05-26 15:37:56,16463,16463,16463,2,-2
2023-05-26 15:37:56,16465,16465,16465,2,2
2023-05-26 15:38:00,16464,16464,16464,2,-2
2023-05-26 15:38:01,16464,16464,16464,2,0
2023-05-26 15:38:02,16465,16465,16465,2,2
2023-05-26 15:38:05,16464,16464,16464,2,-2
2023-05-26 15:38:05,16464,16464,16464,2,0
2023-05-26 15:38:06,16464,16464,16464,2,0
2023-05-26 15:38:06,16464,16464,16464,2,0
2023-05-26 15:38:08,16463,16463,16463,2,-2
2023-05-26 15:38:08,16463,16463,16463,2,0
2023-05-26 15:38:08,16463,16463,16463,2,0
2023-05-26 15:38:08,16463,16463,16463,2,0
2023-05-26 15:38:08,16463,16463,16463,2,0
2023-05-26 15:38:08,16463,16463,16463,8,0
2023-05-26 15:38:08,16463,16463,16463,2,0
2023-05-26 15:38:08,16463,16463,16463,2,0
2023-05-26 15:38:10,16463,16463,16463,2,0
2023-05-26 15:38:10,16463,16463,16463,2,0
2023-05-26 15:38:10,16462,16462,16462,4,-4
2023-05-26 15:38:10,16462,16462,16462,2,0
2023-05-26 15:38:11,16462,16462,16462,2,0
2023-05-26 15:38:11,16462,16462,16462,2,0
2023-05-26 15:38:13,16462,16462,16462,2,0
2023-05-26 15:38:15,16463,16463,16463,2,2
2023-05-26 15:38:17,16462,16462,16462,4,-4
2023-05-26 15:38:17,16462,16462,16462,2,0
2023-05-26 15:38:17,16462,16462,16462,2,0
2023-05-26 15:38:17,16462,16462,16462,2,0
2023-05-26 15:38:17,16462,16462,16462,2,0
2023-05-26 15:38:17,16462,16462,16462,2,0
2023-05-26 15:38:18,16462,16462,16462,2,0
2023-05-26 15:38:18,16462,16462,16462,2,0
2023-05-26 15:38:19,16462,16462,16462,2,0
2023-05-26 15:38:19,16462,16462,16462,2,0
2023-05-26 15:38:20,16462,16462,16462,2,0
2023-05-26 15:38:20,16462,16462,16462,2,0
2023-05-26 15:38:21,16462,16462,16462,2,0
2023-05-26 15:38:21,16462,16462,16462,2,0
2023-05-26 15:38:21,16462,16462,16462,4,0
2023-05-26 15:38:21,16462,16462,16462,6,0
2023-05-26 15:38:25,16463,16463,16463,2,2
2023-05-26 15:38:30,16463,16463,16463,2,0
2023-05-26 15:38:33,16462,16462,16462,2,-2
2023-05-26 15:38:34,16462,16462,16462,2,0
2023-05-26 15:38:34,16462,16462,16462,2,0
2023-05-26 15:38:36,16462,16462,16462,2,0
2023-05-26 15:38:36,16462,16462,16462,2,0
2023-05-26 15:38:36,16462,16462,16462,2,0
2023-05-26 15:38:42,16462,16462,16462,2,0
2023-05-26 15:38:43,16463,16463,16463,2,2
2023-05-26 15:38:44,16462,16462,16462,2,-2
2023-05-26 15:38:46,16462,16462,16462,2,0
2023-05-26 15:38:47,16462,16462,16462,2,0
2023-05-26 15:38:48,16461,16461,16461,4,-4
2023-05-26 15:38:48,16461,16461,16461,2,0
2023-05-26 15:38:48,16461,16461,16461,2,0
2023-05-26 15:38:48,16461,16461,16461,2,0
2023-05-26 15:38:48,16461,16461,16461,2,0
2023-05-26 15:38:48,16461,16461,16461,2,0
2023-05-26 15:38:48,16461,16461,16461,2,0
2023-05-26 15:38:50,16461,16461,16461,2,0
2023-05-26 15:38:53,16461,16461,16461,4,0
2023-05-26 15:38:54,16461,16461,16461,2,0
2023-05-26 15:38:57,16461,16461,16461,2,0
2023-05-26 15:38:57,16461,16461,16461,2,0
2023-05-26 15:38:57,16461,16461,16461,4,0
2023-05-26 15:38:57,16461,16461,16461,6,0
2023-05-26 15:38:57,16461,16461,16461,4,0
2023-05-26 15:38:57,16461,16461,16461,6,0
2023-05-26 15:38:57,16461,16461,16461,2,0
2023-05-26 15:38:57,16461,16461,16461,2,0
2023-05-26 15:38:57,16461,16461,16461,2,0
2023-05-26 15:38:59,16461,16461,16461,2,0
2023-05-26 15:39:00,16461,16461,16461,2,0
2023-05-26 15:39:00,16461,16461,16461,4,0
2023-05-26 15:39:00,16461,16461,16461,2,0
2023-05-26 15:39:00,16461,16461,16461,2,0
2023-05-26 15:39:00,16461,16461,16461,4,0
2023-05-26 15:39:00,16461,16461,16461,2,0
2023-05-26 15:39:00,16461,16461,16461,4,0
2023-05-26 15:39:00,16461,16461,16461,2,0
2023-05-26 15:39:00,16461,16461,16461,4,0
2023-05-26 15:39:00,16461,16461,16461,4,0
2023-05-26 15:39:00,16461,16461,16461,4,0
2023-05-26 15:39:00,16461,16461,16461,2,0
2023-05-26 15:39:01,16460,16460,16460,4,-4
2023-05-26 15:39:01,16460,16460,16460,2,0
2023-05-26 15:39:01,16460,16460,16460,2,0
2023-05-26 15:39:01,16460,16460,16460,2,0
2023-05-26 15:39:03,16460,16460,16460,2,0
2023-05-26 15:39:03,16460,16460,16460,4,0
2023-05-26 15:39:03,16461,16461,16461,2,2
2023-05-26 15:39:06,16460,16460,16460,2,-2
2023-05-26 15:39:06,16460,16460,16460,2,0
2023-05-26 15:39:07,16461,16461,16461,2,2
2023-05-26 15:39:08,16460,16460,16460,2,-2
2023-05-26 15:39:08,16460,16460,16460,2,0
2023-05-26 15:39:08,16461,16461,16461,6,6
2023-05-26 15:39:09,16460,16460,16460,2,-2
2023-05-26 15:39:13,16460,16460,16460,2,0
2023-05-26 15:39:13,16460,16460,16460,2,0
2023-05-26 15:39:13,16460,16460,16460,2,0
2023-05-26 15:39:13,16460,16460,16460,2,0
2023-05-26 15:39:17,16460,16460,16460,2,0
2023-05-26 15:39:17,16460,16460,16460,2,0
2023-05-26 15:39:17,16460,16460,16460,2,0
2023-05-26 15:39:17,16460,16460,16460,2,0
2023-05-26 15:39:17,16460,16460,16460,2,0
2023-05-26 15:39:17,16460,16460,16460,2,0
2023-05-26 15:39:17,16460,16460,16460,2,0
2023-05-26 15:39:17,16460,16460,16460,2,0
2023-05-26 15:39:17,16459,16459,16459,2,-2
2023-05-26 15:39:19,16459,16459,16459,2,0
2023-05-26 15:39:19,16459,16459,16459,2,0
2023-05-26 15:39:19,16459,16459,16459,2,0
2023-05-26 15:39:19,16459,16459,16459,4,0
2023-05-26 15:39:19,16459,16459,16459,6,0
2023-05-26 15:39:19,16459,16459,16459,2,0
2023-05-26 15:39:19,16459,16459,16459,2,0
2023-05-26 15:39:19,16459,16459,16459,6,0
2023-05-26 15:39:19,16459,16459,16459,2,0
2023-05-26 15:39:19,16459,16459,16459,2,0
2023-05-26 15:39:20,16458,16458,16458,2,-2
2023-05-26 15:39:23,16458,16458,16458,2,0
2023-05-26 15:39:23,16458,16458,16458,2,0
2023-05-26 15:39:23,16459,16459,16459,4,4
2023-05-26 15:39:23,16458,16458,16458,4,-4
2023-05-26 15:39:24,16458,16458,16458,2,0
2023-05-26 15:39:24,16458,16458,16458,2,0
2023-05-26 15:39:25,16459,16459,16459,10,10
2023-05-26 15:39:26,16458,16458,16458,2,-2
