2019-10-30 15:00:00.014,11340,11341,11340,48,-48
2019-10-30 15:00:00.097,11339,11340,11340,3,3
2019-10-30 15:00:00.128,11339,11341,11339,1,-1
2019-10-30 15:00:00.314,11339,11341,11339,4,-4
2019-10-30 15:00:00.332,11339,11341,11339,3,-3
2019-10-30 15:00:00.362,11338,11339,11339,1,1
2019-10-30 15:00:00.651,11338,11339,11338,2,-2
2019-10-30 15:00:00.779,11338,11339,11338,3,-3
2019-10-30 15:00:01.187,11338,11339,11339,1,1
2019-10-30 15:00:01.962,11338,11339,11338,2,-2
2019-10-30 15:00:02.366,11338,11339,11338,2,-2
2019-10-30 15:00:02.485,11338,11339,11338,2,-2
2019-10-30 15:00:02.490,11338,11339,11338,2,-2
2019-10-30 15:00:03.949,11338,11339,11339,1,1
2019-10-30 15:00:06.116,11338,11339,11339,6,6
2019-10-30 15:00:06.139,11338,11339,11339,1,1
2019-10-30 15:00:06.144,11338,11339,11339,1,1
2019-10-30 15:00:06.228,11338,11339,11339,1,1
2019-10-30 15:00:15.726,11338,11339,11339,1,1
2019-10-30 15:00:15.730,11338,11339,11339,2,2
2019-10-30 15:00:16.068,11339,11340,11340,1,1
2019-10-30 15:00:17.288,11339,11340,11340,2,2
2019-10-30 15:00:17.288,11339,11340,11341,18,18
2019-10-30 15:00:20.875,11340,11341,11341,1,1
2019-10-30 15:00:21.354,11340,11341,11341,1,1
2019-10-30 15:00:21.809,11340,11341,11341,1,1
2019-10-30 15:00:22.218,11340,11341,11340,1,-1
2019-10-30 15:00:26.639,11340,11341,11340,1,-1
2019-10-30 15:00:28.648,11340,11341,11341,4,4
2019-10-30 15:00:28.711,11340,11341,11340,1,-1
2019-10-30 15:00:28.762,11340,11341,11341,3,3
2019-10-30 15:00:30.775,11340,11341,11340,9,-9
2019-10-30 15:00:31.535,11340,11341,11340,1,-1
2019-10-30 15:00:34.614,11340,11341,11340,2,-2
2019-10-30 15:00:34.858,11339,11340,11340,1,1
2019-10-30 15:00:36.362,11339,11340,11339,1,-1
2019-10-30 15:00:36.894,11339,11340,11339,1,-1
2019-10-30 15:00:38.831,11339,11340,11340,1,1
2019-10-30 15:00:41.313,11340,11341,11340,1,-1
2019-10-30 15:00:41.875,11340,11341,11341,3,3
2019-10-30 15:00:44.801,11340,11341,11340,2,-2
2019-10-30 15:00:45.578,11339,11340,11340,1,1
2019-10-30 15:00:50.508,11339,11340,11340,2,2
2019-10-30 15:00:51.651,11339,11340,11340,1,1
2019-10-30 15:00:53.496,11339,11340,11340,4,4
2019-10-30 15:00:54.776,11339,11340,11340,1,1
2019-10-30 15:00:54.776,11339,11340,11340,1,1
2019-10-30 15:00:55.333,11340,11341,11340,1,-1
2019-10-30 15:00:57.885,11339,11340,11340,1,1
2019-10-30 15:01:00.017,11339,11340,11340,1,1
2019-10-30 15:01:00.021,11339,11340,11340,1,1
2019-10-30 15:01:00.123,11340,11341,11340,1,-1
2019-10-30 15:01:00.919,11339,11340,11340,1,1
2019-10-30 15:01:01.967,11339,11340,11339,24,-24
2019-10-30 15:01:02.264,11338,11340,11339,2,-2
2019-10-30 15:01:06.490,11338,11340,11339,1,-1
2019-10-30 15:01:13.175,11338,11340,11339,1,-1
2019-10-30 15:01:13.862,11338,11340,11339,1,-1
2019-10-30 15:01:16.833,11338,11339,11339,3,3
2019-10-30 15:01:19.893,11338,11339,11338,10,-10
2019-10-30 15:01:22.972,11338,11339,11339,2,2
2019-10-30 15:01:25.813,11338,11339,11339,1,1
2019-10-30 15:01:31.906,11338,11339,11339,1,1
2019-10-30 15:01:34.116,11338,11339,11338,1,-1
2019-10-30 15:01:42.069,11338,11339,11338,1,-1
2019-10-30 15:01:42.113,11338,11339,11339,2,2
2019-10-30 15:01:56.864,11338,11339,11338,5,-5
2019-10-30 15:01:56.980,11338,11339,11338,17,-17
2019-10-30 15:01:56.980,11338,11339,11338,6,-6
2019-10-30 15:01:58.051,11337,11338,11337,2,-2
2019-10-30 15:02:01.705,11337,11338,11337,1,-1
2019-10-30 15:02:02.361,11337,11338,11338,10,10
2019-10-30 15:02:02.552,11337,11338,11338,1,1
2019-10-30 15:02:04.613,11337,11338,11338,19,19
2019-10-30 15:02:06.502,11337,11338,11338,1,1
2019-10-30 15:02:10.943,11337,11338,11338,5,5
2019-10-30 15:02:16.756,11338,11339,11338,1,-1
2019-10-30 15:02:17.357,11338,11339,11338,9,-9
2019-10-30 15:02:25.516,11337,11338,11338,6,6
2019-10-30 15:02:27.576,11337,11338,11338,1,1
2019-10-30 15:02:44.217,11337,11338,11338,2,2
2019-10-30 15:02:46.390,11337,11338,11338,2,2
2019-10-30 15:03:02.262,11337,11338,11338,1,1
2019-10-30 15:03:04.845,11337,11338,11338,1,1
2019-10-30 15:03:10.296,11337,11338,11338,1,1
2019-10-30 15:03:10.916,11337,11338,11337,1,-1
2019-10-30 15:03:13.191,11337,11338,11337,1,-1
2019-10-30 15:03:14.677,11337,11338,11338,1,1
2019-10-30 15:03:14.771,11337,11338,11337,1,-1
2019-10-30 15:03:15.285,11337,11338,11337,1,-1
2019-10-30 15:03:15.867,11337,11338,11337,1,-1
2019-10-30 15:03:16.243,11337,11338,11337,1,-1
2019-10-30 15:03:19.748,11337,11338,11337,5,-5
2019-10-30 15:03:20.638,11337,11338,11338,12,12
2019-10-30 15:03:20.662,11337,11338,11337,2,-2
2019-10-30 15:03:22.893,11337,11338,11337,1,-1
2019-10-30 15:03:25.019,11336,11337,11337,1,1
2019-10-30 15:03:57.158,11336,11337,11336,2,-2
2019-10-30 15:03:57.843,11336,11337,11337,1,1
2019-10-30 15:04:03.068,11336,11337,11336,2,-2
2019-10-30 15:04:03.936,11336,11337,11336,2,-2
2019-10-30 15:04:04.192,11336,11337,11336,1,-1
2019-10-30 15:04:04.236,11336,11337,11336,1,-1
2019-10-30 15:04:04.251,11336,11337,11336,1,-1
2019-10-30 15:04:04.261,11336,11337,11336,1,-1
2019-10-30 15:04:04.615,11336,11337,11336,2,-2
2019-10-30 15:04:05.440,11336,11337,11337,1,1
2019-10-30 15:04:05.711,11336,11337,11336,2,-2
2019-10-30 15:04:10.551,11336,11337,11336,1,-1
2019-10-30 15:04:10.758,11336,11337,11336,1,-1
2019-10-30 15:04:11.621,11336,11337,11336,1,-1
2019-10-30 15:04:12.250,11336,11337,11336,2,-2
2019-10-30 15:04:13.867,11336,11337,11336,1,-1
2019-10-30 15:04:16.011,11336,11337,11337,5,5
2019-10-30 15:04:17.182,11336,11337,11336,6,-6
2019-10-30 15:04:40.934,11336,11337,11336,1,-1
2019-10-30 15:04:41.780,11336,11337,11337,1,1
2019-10-30 15:04:44.517,11336,11337,11337,3,3
2019-10-30 15:04:44.730,11336,11337,11337,5,5
2019-10-30 15:04:50.430,11337,11338,11338,1,1
2019-10-30 15:04:54.322,11337,11338,11338,1,1
2019-10-30 15:04:56.309,11337,11338,11337,1,-1
2019-10-30 15:04:56.310,11337,11338,11337,1,-1
2019-10-30 15:05:01.922,11337,11338,11338,1,1
2019-10-30 15:05:04.023,11337,11338,11337,1,-1
2019-10-30 15:05:11.989,11337,11338,11337,3,-3
2019-10-30 15:05:11.991,11337,11338,11337,1,-1
2019-10-30 15:05:18.619,11337,11338,11337,1,-1
2019-10-30 15:05:28.986,11337,11338,11337,1,-1
2019-10-30 15:05:34.161,11337,11338,11337,1,-1
2019-10-30 15:05:37.867,11337,11338,11337,1,-1
2019-10-30 15:05:56.561,11337,11338,11337,1,-1
2019-10-30 15:05:56.938,11337,11338,11338,1,1
2019-10-30 15:06:05.641,11337,11338,11338,1,1
2019-10-30 15:06:26.929,11337,11338,11337,1,-1
2019-10-30 15:06:35.439,11337,11338,11337,1,-1
2019-10-30 15:06:35.928,11337,11338,11337,4,-4
2019-10-30 15:06:39.681,11337,11338,11337,3,-3
2019-10-30 15:06:45.086,11337,11338,11337,1,-1
2019-10-30 15:06:46.545,11337,11338,11337,5,-5
2019-10-30 15:06:46.602,11337,11338,11337,1,-1
2019-10-30 15:06:48.350,11337,11338,11337,1,-1
2019-10-30 15:06:53.860,11337,11338,11337,7,-7
2019-10-30 15:06:55.412,11337,11338,11337,1,-1
2019-10-30 15:06:56.873,11337,11338,11337,1,-1
2019-10-30 15:06:57.887,11337,11338,11337,1,-1
2019-10-30 15:06:58.150,11337,11338,11337,2,-2
2019-10-30 15:07:02.356,11336,11337,11337,1,1
2019-10-30 15:07:11.703,11336,11337,11336,1,-1
2019-10-30 15:07:14.868,11336,11337,11337,1,1
2019-10-30 15:07:17.935,11336,11337,11336,1,-1
2019-10-30 15:07:19.248,11336,11337,11336,5,-5
2019-10-30 15:07:20.563,11336,11337,11336,5,-5
2019-10-30 15:07:23.811,11336,11337,11336,1,-1
2019-10-30 15:07:24.519,11336,11337,11336,2,-2
2019-10-30 15:07:26.705,11336,11337,11336,1,-1
2019-10-30 15:07:30.633,11336,11337,11336,1,-1
2019-10-30 15:07:35.352,11336,11337,11336,1,-1
2019-10-30 15:07:42.739,11336,11337,11336,1,-1
2019-10-30 15:07:43.587,11336,11337,11336,1,-1
2019-10-30 15:07:47.215,11336,11337,11336,1,-1
2019-10-30 15:07:48.298,11336,11337,11336,1,-1
2019-10-30 15:07:50.134,11336,11337,11337,1,1
2019-10-30 15:07:50.919,11336,11337,11337,1,1
2019-10-30 15:07:51.776,11336,11337,11337,1,1
2019-10-30 15:08:04.212,11336,11337,11336,2,-2
2019-10-30 15:08:15.232,11336,11337,11336,1,-1
2019-10-30 15:08:18.718,11336,11337,11336,2,-2
2019-10-30 15:08:32.988,11336,11337,11336,2,-2
2019-10-30 15:08:38.638,11336,11337,11337,2,2
2019-10-30 15:08:45.885,11336,11337,11336,1,-1
2019-10-30 15:08:53.601,11336,11337,11336,5,-5
2019-10-30 15:08:55.816,11336,11337,11336,5,-5
2019-10-30 15:08:55.816,11336,11337,11336,3,-3
2019-10-30 15:09:10.777,11335,11336,11336,1,1
2019-10-30 15:09:20.782,11335,11336,11336,10,10
2019-10-30 15:09:20.855,11335,11336,11336,1,1
2019-10-30 15:09:22.329,11336,11337,11336,1,-1
2019-10-30 15:09:29.151,11336,11337,11336,1,-1
2019-10-30 15:09:32.542,11336,11337,11336,2,-2
2019-10-30 15:09:32.733,11336,11337,11336,2,-2
2019-10-30 15:09:42.868,11336,11337,11336,1,-1
2019-10-30 15:09:44.899,11336,11337,11336,1,-1
2019-10-30 15:09:46.206,11336,11337,11336,1,-1
2019-10-30 15:09:48.481,11336,11337,11336,1,-1
2019-10-30 15:09:48.617,11336,11337,11336,1,-1
2019-10-30 15:09:51.495,11336,11337,11336,1,-1
2019-10-30 15:09:54.725,11336,11337,11336,2,-2
2019-10-30 15:10:02.317,11335,11336,11336,2,2
2019-10-30 15:10:07.063,11335,11336,11336,2,2
2019-10-30 15:10:14.101,11336,11337,11336,2,-2
2019-10-30 15:10:21.892,11336,11337,11336,1,-1
2019-10-30 15:11:02.197,11336,11337,11337,1,1
2019-10-30 15:11:05.490,11336,11337,11336,1,-1
2019-10-30 15:11:06.808,11336,11337,11336,3,-3
2019-10-30 15:11:31.897,11336,11337,11336,1,-1
2019-10-30 15:11:32.816,11336,11337,11336,1,-1
2019-10-30 15:11:47.140,11336,11337,11336,2,-2
2019-10-30 15:11:47.925,11336,11337,11336,5,-5
2019-10-30 15:11:56.841,11336,11337,11336,3,-3
2019-10-30 15:11:58.873,11336,11337,11336,1,-1
2019-10-30 15:12:01.801,11336,11337,11336,1,-1
2019-10-30 15:12:02.345,11336,11337,11337,2,2
2019-10-30 15:12:03.856,11336,11337,11336,1,-1
2019-10-30 15:12:21.567,11336,11337,11337,3,3
2019-10-30 15:12:24.749,11336,11337,11336,1,-1
2019-10-30 15:12:31.253,11336,11337,11336,1,-1
2019-10-30 15:12:33.122,11336,11337,11336,2,-2
2019-10-30 15:12:57.693,11336,11337,11337,4,4
2019-10-30 15:12:59.750,11336,11337,11337,1,1
2019-10-30 15:13:02.275,11336,11337,11337,2,2
2019-10-30 15:13:08.445,11336,11337,11337,1,1
2019-10-30 15:13:11.069,11336,11337,11336,1,-1
2019-10-30 15:13:12.391,11336,11337,11337,1,1
2019-10-30 15:13:19.314,11336,11337,11336,1,-1
2019-10-30 15:13:22.984,11336,11337,11337,1,1
2019-10-30 15:13:31.675,11336,11337,11336,1,-1
2019-10-30 15:13:56.702,11336,11337,11336,1,-1
2019-10-30 15:14:02.157,11336,11337,11337,1,1
2019-10-30 15:14:16.090,11336,11337,11337,20,20
2019-10-30 15:14:18.072,11336,11337,11337,2,2
2019-10-30 15:14:18.657,11336,11337,11337,1,1
2019-10-30 15:14:21.667,11337,11338,11337,3,-3
2019-10-30 15:14:33.892,11336,11337,11337,4,4
2019-10-30 15:14:39.261,11336,11337,11337,1,1
2019-10-30 15:14:48.272,11336,11337,11336,1,-1
2019-10-30 15:14:53.258,11336,11337,11337,1,1
2019-10-30 15:14:58.400,11336,11337,11337,3,3
2019-10-30 15:15:18.615,11337,11338,11337,1,-1
2019-10-30 15:15:27.296,11337,11338,11337,3,-3
2019-10-30 15:15:27.885,11337,11338,11337,2,-2
2019-10-30 15:15:34.541,11337,11338,11337,1,-1
2019-10-30 15:15:39.642,11337,11338,11337,1,-1
2019-10-30 15:15:40.150,11337,11338,11338,12,12
2019-10-30 15:15:40.231,11337,11338,11338,12,12
2019-10-30 15:15:41.702,11337,11339,11338,1,-1
2019-10-30 15:15:41.702,11337,11339,11337,1,-1
2019-10-30 15:15:48.771,11338,11339,11338,1,1
2019-10-30 15:15:57.499,11338,11339,11338,1,-1
2019-10-30 15:16:01.647,11338,11339,11339,2,2
2019-10-30 15:16:14.356,11338,11339,11339,4,4
2019-10-30 15:16:27.356,11338,11339,11339,2,2
2019-10-30 15:16:28.975,11338,11339,11339,17,17
2019-10-30 15:16:28.980,11338,11339,11339,7,7
2019-10-30 15:16:28.980,11338,11339,11339,2,2
2019-10-30 15:16:28.980,11338,11339,11339,2,2
2019-10-30 15:16:34.495,11339,11340,11340,2,2
2019-10-30 15:16:34.846,11339,11340,11340,2,2
2019-10-30 15:16:36.115,11339,11340,11340,3,3
2019-10-30 15:16:40.059,11339,11340,11340,1,1
2019-10-30 15:16:44.486,11339,11340,11340,1,1
2019-10-30 15:16:51.393,11339,11340,11340,1,1
2019-10-30 15:16:51.455,11339,11340,11340,1,1
2019-10-30 15:16:54.001,11339,11340,11340,2,2
2019-10-30 15:16:54.590,11339,11340,11340,3,3
2019-10-30 15:17:02.753,11339,11340,11339,34,-34
2019-10-30 15:17:02.753,11339,11340,11338,7,-7
2019-10-30 15:17:06.629,11338,11339,11339,1,1
2019-10-30 15:17:13.916,11338,11339,11339,1,1
2019-10-30 15:17:27.395,11338,11339,11339,5,5
2019-10-30 15:17:38.796,11338,11339,11339,1,1
2019-10-30 15:17:39.330,11338,11339,11338,1,-1
2019-10-30 15:17:39.469,11338,11339,11338,1,-1
2019-10-30 15:17:39.612,11338,11339,11338,1,-1
2019-10-30 15:17:39.713,11338,11339,11338,1,-1
2019-10-30 15:17:39.822,11338,11339,11338,1,-1
2019-10-30 15:17:41.824,11338,11339,11338,1,-1
2019-10-30 15:17:41.963,11338,11339,11338,1,-1
2019-10-30 15:17:42.088,11338,11339,11338,1,-1
2019-10-30 15:17:43.370,11338,11339,11338,1,-1
2019-10-30 15:17:43.497,11338,11339,11338,1,-1
2019-10-30 15:17:43.636,11338,11339,11338,1,-1
2019-10-30 15:17:43.748,11338,11339,11338,1,-1
2019-10-30 15:17:44.692,11338,11339,11339,1,1
2019-10-30 15:17:45.575,11338,11339,11338,1,-1
2019-10-30 15:18:14.220,11338,11339,11338,4,-4
2019-10-30 15:18:14.345,11338,11339,11339,1,1
2019-10-30 15:18:14.851,11338,11339,11338,1,-1
2019-10-30 15:18:22.429,11338,11339,11338,1,-1
2019-10-30 15:18:23.798,11338,11339,11338,1,-1
2019-10-30 15:18:24.518,11338,11339,11338,1,-1
2019-10-30 15:18:24.605,11338,11339,11338,1,-1
2019-10-30 15:18:29.176,11338,11339,11338,5,-5
2019-10-30 15:18:34.873,11338,11339,11338,1,-1
2019-10-30 15:18:51.743,11338,11339,11338,1,-1
2019-10-30 15:18:59.860,11338,11339,11338,2,-2
2019-10-30 15:19:00.390,11337,11338,11338,1,1
2019-10-30 15:19:03.584,11337,11338,11338,1,1
2019-10-30 15:19:18.650,11337,11338,11337,3,-3
2019-10-30 15:19:21.611,11337,11338,11338,1,1
2019-10-30 15:19:23.396,11337,11338,11337,1,-1
2019-10-30 15:19:25.655,11337,11338,11337,1,-1
2019-10-30 15:19:54.712,11337,11338,11338,1,1
2019-10-30 15:19:54.942,11337,11338,11338,1,1
2019-10-30 15:20:28.762,11337,11338,11338,2,2
2019-10-30 15:20:29.182,11337,11338,11338,2,2
2019-10-30 15:20:29.298,11337,11338,11338,2,2
2019-10-30 15:20:29.328,11337,11338,11338,1,1
2019-10-30 15:20:35.734,11337,11338,11338,2,2
2019-10-30 15:20:36.353,11337,11339,11339,1,1
2019-10-30 15:20:36.395,11337,11339,11339,2,2
2019-10-30 15:20:36.437,11337,11339,11339,1,1
2019-10-30 15:20:36.485,11337,11339,11339,2,2
2019-10-30 15:20:36.538,11337,11339,11339,2,2
2019-10-30 15:20:36.575,11337,11339,11339,1,1
2019-10-30 15:20:37.079,11338,11339,11339,2,2
2019-10-30 15:20:37.107,11338,11339,11339,1,1
2019-10-30 15:20:47.926,11338,11339,11339,2,2
2019-10-30 15:20:48.231,11338,11339,11339,2,2
2019-10-30 15:20:48.356,11338,11339,11339,11,11
2019-10-30 15:21:01.637,11339,11340,11340,1,1
2019-10-30 15:21:11.334,11339,11340,11340,1,1
2019-10-30 15:21:11.784,11339,11340,11340,5,5
2019-10-30 15:21:18.412,11339,11340,11339,1,-1
2019-10-30 15:21:50.470,11339,11340,11339,8,-8
2019-10-30 15:21:50.470,11339,11340,11338,32,-32
2019-10-30 15:21:50.480,11338,11339,11338,1,-1
2019-10-30 15:21:50.608,11338,11339,11338,3,-3
2019-10-30 15:21:52.909,11337,11339,11337,4,-4
2019-10-30 15:21:53.994,11337,11339,11337,3,-3
2019-10-30 15:21:54.743,11337,11339,11337,2,-2
2019-10-30 15:22:07.555,11337,11339,11337,1,-1
2019-10-30 15:22:16.255,11338,11339,11338,1,1
2019-10-30 15:22:17.818,11338,11339,11338,1,-1
2019-10-30 15:22:19.631,11338,11339,11338,1,-1
2019-10-30 15:23:12.361,11337,11338,11338,1,1
2019-10-30 15:23:25.717,11337,11338,11338,1,1
2019-10-30 15:23:25.730,11337,11338,11338,5,5
2019-10-30 15:23:45.204,11338,11339,11338,1,-1
2019-10-30 15:24:12.610,11338,11339,11338,1,-1
2019-10-30 15:24:28.342,11337,11338,11338,1,1
2019-10-30 15:24:39.122,11337,11338,11338,1,1
2019-10-30 15:25:08.247,11338,11339,11338,1,-1
2019-10-30 15:25:08.778,11337,11339,11339,1,1
2019-10-30 15:25:09.621,11337,11339,11339,1,1
2019-10-30 15:25:09.663,11337,11339,11339,1,1
2019-10-30 15:25:09.718,11337,11339,11339,1,1
2019-10-30 15:25:09.750,11337,11339,11339,1,1
2019-10-30 15:25:21.951,11338,11339,11338,1,-1
2019-10-30 15:25:26.080,11338,11339,11338,2,-2
2019-10-30 15:25:43.064,11337,11338,11338,1,1
2019-10-30 15:28:50.680,11338,11339,11338,2,-2
2019-10-30 15:28:54.241,11338,11339,11338,1,-1
2019-10-30 15:28:59.203,11338,11339,11338,1,-1
2019-10-30 15:29:54.279,11338,11339,11338,1,-1
2019-10-30 15:29:54.279,11338,11339,11338,1,-1
2019-10-30 15:29:54.279,11338,11339,11338,2,-2
2019-10-30 15:29:54.279,11338,11339,11338,1,-1
2019-10-30 15:29:54.279,11338,11339,11338,1,-1
2019-10-30 15:29:54.279,11338,11339,11338,1,-1
2019-10-30 15:29:54.355,11338,11339,11338,7,-7
2019-10-30 15:29:54.355,11338,11339,11338,1,-1
2019-10-30 15:29:54.409,11338,11339,11339,1,1
2019-10-30 15:30:02.727,11337,11339,11337,1,-1
2019-10-30 15:30:08.975,11337,11338,11338,2,2
2019-10-30 15:31:11.115,11337,11338,11338,1,1
2019-10-30 15:31:11.140,11337,11338,11338,1,1
2019-10-30 15:31:11.165,11337,11338,11338,1,1
2019-10-30 15:31:11.191,11337,11338,11338,1,1
2019-10-30 15:31:11.216,11337,11338,11338,1,1
2019-10-30 15:31:11.230,11337,11338,11338,1,1
2019-10-30 15:31:11.256,11337,11338,11338,1,1
2019-10-30 15:31:11.281,11337,11338,11338,1,1
2019-10-30 15:31:42.447,11337,11338,11337,2,-2
2019-10-30 15:31:44.202,11337,11338,11338,1,1
2019-10-30 15:32:29.073,11337,11338,11338,1,1
2019-10-30 15:32:37.218,11337,11338,11338,1,1
2019-10-30 15:32:39.181,11337,11338,11338,1,1
2019-10-30 15:32:40.054,11337,11338,11338,2,2
2019-10-30 15:32:40.323,11338,11339,11338,1,-1
2019-10-30 15:32:40.355,11337,11338,11338,1,1
2019-10-30 15:32:49.498,11338,11339,11338,2,-2
2019-10-30 15:32:53.823,11338,11339,11338,1,-1
2019-10-30 15:33:48.623,11338,11339,11339,5,5
2019-10-30 15:33:59.385,11338,11339,11339,1,1
2019-10-30 15:33:59.677,11338,11339,11339,1,1
2019-10-30 15:34:23.829,11339,11340,11339,1,-1
2019-10-30 15:34:32.932,11339,11340,11339,1,-1
2019-10-30 15:35:13.365,11339,11340,11339,2,-2
2019-10-30 15:35:15.623,11338,11339,11339,1,1
2019-10-30 15:35:15.648,11338,11339,11339,1,1
2019-10-30 15:35:15.648,11338,11339,11339,1,1
2019-10-30 15:35:19.686,11338,11339,11339,1,1
2019-10-30 15:35:24.100,11338,11339,11339,1,1
2019-10-30 15:35:58.466,11338,11339,11339,4,4
2019-10-30 15:35:58.480,11338,11339,11339,6,6
2019-10-30 15:36:05.975,11339,11340,11339,1,-1
2019-10-30 15:36:36.022,11338,11339,11339,1,1
2019-10-30 15:36:51.622,11338,11340,11340,1,1
2019-10-30 15:36:51.786,11338,11340,11340,4,4
2019-10-30 15:36:57.663,11338,11339,11339,1,1
2019-10-30 15:37:38.348,11339,11340,11339,1,-1
2019-10-30 15:38:01.684,11339,11340,11339,1,-1
2019-10-30 15:38:14.981,11339,11340,11340,2,2
2019-10-30 15:38:19.628,11339,11340,11340,1,1
2019-10-30 15:38:21.332,11339,11340,11340,1,1
2019-10-30 15:38:38.664,11339,11340,11340,13,13
2019-10-30 15:38:41.911,11339,11340,11340,1,1
2019-10-30 15:38:51.243,11339,11340,11340,1,1
2019-10-30 15:38:59.687,11339,11340,11340,13,13
2019-10-30 15:39:09.336,11340,11341,11340,3,-3
2019-10-30 15:39:09.338,11340,11341,11340,2,-2
2019-10-30 15:39:09.340,11340,11341,11340,2,-2
2019-10-30 15:39:09.342,11340,11341,11340,1,-1
2019-10-30 15:39:09.345,11340,11341,11340,1,-1
2019-10-30 15:39:09.358,11339,11340,11340,1,1
2019-10-30 15:39:54.672,11340,11341,11341,1,1
2019-10-30 15:39:56.708,11340,11341,11341,1,1
2019-10-30 15:39:58.446,11340,11341,11341,1,1
2019-10-30 15:40:00.409,11340,11341,11341,2,2
2019-10-30 15:40:18.088,11340,11341,11341,19,19
2019-10-30 15:40:18.088,11340,11341,11341,1,1
2019-10-30 15:40:23.335,11341,11342,11341,1,-1
2019-10-30 15:40:27.181,11341,11342,11342,1,1
2019-10-30 15:40:40.984,11341,11342,11341,2,-2
2019-10-30 15:40:44.582,11341,11342,11341,3,-3
2019-10-30 15:40:54.484,11341,11342,11341,1,-1
2019-10-30 15:41:06.862,11341,11342,11341,2,-2
2019-10-30 15:41:12.585,11341,11342,11341,3,-3
2019-10-30 15:41:17.135,11341,11342,11342,1,1
2019-10-30 15:41:19.029,11341,11342,11341,1,-1
2019-10-30 15:41:25.170,11341,11342,11342,2,2
2019-10-30 15:41:33.536,11341,11342,11341,1,-1
2019-10-30 15:41:33.561,11341,11342,11341,3,-3
2019-10-30 15:41:52.264,11341,11342,11341,1,-1
2019-10-30 15:41:57.923,11341,11342,11341,1,-1
2019-10-30 15:41:58.019,11341,11342,11341,1,-1
2019-10-30 15:41:58.167,11341,11342,11341,2,-2
2019-10-30 15:41:58.231,11341,11342,11341,4,-4
2019-10-30 15:42:02.030,11341,11342,11341,1,-1
2019-10-30 15:42:02.105,11341,11342,11341,9,-9
2019-10-30 15:42:02.160,11341,11342,11341,2,-2
2019-10-30 15:42:10.900,11340,11341,11340,1,-1
2019-10-30 15:42:15.331,11340,11341,11340,1,-1
2019-10-30 15:42:15.720,11340,11341,11340,1,-1
2019-10-30 15:42:15.720,11340,11341,11340,1,-1
2019-10-30 15:42:15.720,11340,11341,11340,1,-1
2019-10-30 15:42:15.720,11340,11341,11340,2,-2
2019-10-30 15:42:15.720,11340,11341,11340,2,-2
2019-10-30 15:42:15.725,11340,11341,11340,1,-1
2019-10-30 15:42:26.790,11339,11340,11340,2,2
2019-10-30 15:42:55.497,11339,11340,11339,2,-2
2019-10-30 15:42:56.079,11339,11340,11339,2,-2
2019-10-30 15:42:57.348,11339,11340,11339,1,-1
2019-10-30 15:43:05.520,11339,11340,11339,1,-1
2019-10-30 15:43:10.686,11339,11340,11339,7,-7
2019-10-30 15:43:21.719,11338,11339,11339,1,1
2019-10-30 15:43:23.554,11338,11339,11339,1,1
2019-10-30 15:43:26.334,11338,11339,11339,5,5
2019-10-30 15:43:26.334,11338,11339,11339,1,1
2019-10-30 15:43:27.259,11339,11340,11339,15,-15
2019-10-30 15:43:27.259,11339,11340,11338,61,-61
2019-10-30 15:43:27.260,11339,11340,11338,5,-5
2019-10-30 15:43:27.260,11339,11340,11338,9,-9
2019-10-30 15:43:27.260,11339,11340,11338,3,-3
2019-10-30 15:43:27.355,11338,11339,11338,8,-8
2019-10-30 15:43:27.356,11338,11339,11338,15,-15
2019-10-30 15:43:27.356,11338,11339,11338,12,-12
2019-10-30 15:43:27.356,11338,11339,11339,1,1
2019-10-30 15:43:27.356,11338,11339,11338,3,-3
2019-10-30 15:43:27.396,11338,11339,11339,1,1
2019-10-30 15:43:59.691,11338,11339,11338,2,-2
2019-10-30 15:44:00.398,11338,11339,11338,2,-2
2019-10-30 15:44:01.621,11338,11339,11338,1,-1
2019-10-30 15:44:04.616,11338,11339,11338,1,-1
2019-10-30 15:44:10.022,11338,11339,11338,1,-1
2019-10-30 15:44:10.315,11338,11339,11338,1,-1
2019-10-30 15:44:13.639,11338,11339,11339,8,8
2019-10-30 15:44:13.730,11338,11339,11339,1,1
2019-10-30 15:44:13.730,11338,11339,11339,1,1
2019-10-30 15:44:19.443,11339,11340,11339,5,-5
2019-10-30 15:44:57.195,11339,11340,11339,1,-1
2019-10-30 15:45:25.161,11339,11340,11339,1,-1
2019-10-30 15:45:34.230,11339,11340,11339,3,-3
2019-10-30 15:46:03.396,11339,11340,11340,1,1
2019-10-30 15:46:24.725,11339,11340,11339,3,-3
2019-10-30 15:46:39.013,11339,11340,11339,1,-1
2019-10-30 15:47:00.176,11339,11340,11339,1,-1
2019-10-30 15:47:10.992,11339,11340,11339,2,-2
2019-10-30 15:47:18.727,11339,11340,11339,1,-1
2019-10-30 15:47:19.186,11339,11340,11339,2,-2
2019-10-30 15:47:23.946,11338,11339,11338,1,-1
2019-10-30 15:47:29.871,11338,11339,11339,1,1
2019-10-30 15:47:48.966,11338,11339,11339,3,3
2019-10-30 15:48:09.732,11338,11339,11339,1,1
2019-10-30 15:48:56.484,11338,11339,11339,1,1
2019-10-30 15:49:07.315,11338,11339,11339,1,1
2019-10-30 15:49:31.305,11338,11339,11339,1,1
2019-10-30 15:50:02.037,11338,11339,11339,1,1
2019-10-30 15:50:03.462,11338,11339,11339,2,2
2019-10-30 15:50:05.145,11338,11339,11339,1,1
2019-10-30 15:50:06.690,11338,11339,11339,1,1
2019-10-30 15:50:11.809,11338,11339,11339,1,1
2019-10-30 15:50:11.855,11338,11339,11339,1,1
2019-10-30 15:50:11.855,11338,11339,11339,4,4
2019-10-30 15:50:21.447,11339,11340,11339,1,-1
2019-10-30 15:50:43.085,11339,11340,11339,1,-1
2019-10-30 15:50:53.891,11339,11340,11339,1,-1
2019-10-30 15:51:06.781,11339,11340,11339,1,-1
2019-10-30 15:51:10.333,11339,11340,11339,2,-2
2019-10-30 15:51:11.598,11339,11340,11339,1,-1
2019-10-30 15:51:24.281,11338,11339,11339,2,2
2019-10-30 15:51:31.424,11338,11339,11338,2,-2
2019-10-30 15:51:41.646,11338,11339,11338,1,-1
2019-10-30 15:51:56.737,11338,11339,11338,1,-1
2019-10-30 15:52:04.937,11338,11339,11339,1,1
2019-10-30 15:52:45.355,11338,11339,11338,1,-1
2019-10-30 15:52:45.363,11338,11339,11338,3,-3
2019-10-30 15:52:45.480,11338,11339,11338,3,-3
2019-10-30 15:52:45.480,11338,11339,11338,13,-13
2019-10-30 15:52:56.072,11338,11339,11338,1,-1
2019-10-30 15:53:34.753,11338,11339,11339,6,6
2019-10-30 15:53:34.753,11338,11339,11339,3,3
2019-10-30 15:54:22.496,11339,11340,11339,1,-1
2019-10-30 15:55:37.153,11339,11340,11340,4,4
2019-10-30 15:55:39.124,11339,11340,11340,7,7
2019-10-30 15:55:39.655,11340,11341,11340,2,-2
2019-10-30 15:55:42.763,11340,11341,11341,1,1
2019-10-30 15:55:44.171,11340,11341,11341,1,1
2019-10-30 15:55:50.366,11340,11341,11340,1,-1
2019-10-30 15:56:24.272,11340,11341,11340,5,-5
2019-10-30 15:56:47.062,11340,11341,11340,1,-1
2019-10-30 15:57:32.687,11340,11341,11340,3,-3
2019-10-30 15:57:33.513,11340,11341,11340,1,-1
2019-10-30 15:57:51.728,11340,11341,11340,2,-2
2019-10-30 15:57:57.039,11340,11341,11340,5,-5
2019-10-30 15:57:57.572,11340,11341,11340,1,-1
2019-10-30 15:57:57.605,11339,11340,11340,1,1
2019-10-30 15:57:57.837,11339,11341,11340,2,-2
2019-10-30 15:58:18.136,11340,11341,11341,31,31
2019-10-30 15:58:19.356,11341,11342,11342,5,5
2019-10-30 15:58:19.673,11341,11342,11342,1,1
2019-10-30 15:58:24.566,11341,11342,11342,1,1
2019-10-30 15:58:41.657,11341,11342,11341,1,-1
2019-10-30 15:58:47.727,11341,11342,11342,1,1
2019-10-30 15:58:49.323,11341,11342,11341,1,-1
2019-10-30 15:59:16.856,11341,11342,11341,1,-1
2019-10-30 15:59:34.112,11341,11342,11341,1,-1
2019-10-30 15:59:43.828,11341,11342,11341,1,-1
2019-10-30 15:59:47.541,11341,11342,11341,5,-5
2019-10-30 15:59:51.814,11341,11342,11341,1,-1
2019-10-30 15:59:59.329,11341,11342,11342,6,6
2019-10-30 15:59:59.355,11341,11342,11342,25,25
2019-10-30 15:59:59.368,11341,11342,11342,1,1
2019-10-30 15:59:59.452,11341,11342,11342,1,1
2019-10-30 15:59:59.480,11341,11342,11342,2,2
2019-10-30 15:59:59.480,11341,11342,11342,3,3
2019-10-30 16:00:03.793,11342,11343,11342,1,-1
2019-10-30 16:00:04.447,11342,11343,11343,1,1
2019-10-30 16:00:04.531,11342,11343,11343,1,1
2019-10-30 16:00:04.817,11342,11343,11343,1,1
2019-10-30 16:00:04.950,11342,11343,11343,1,1
2019-10-30 16:00:05.029,11342,11343,11343,3,3
2019-10-30 16:00:05.536,11342,11343,11343,1,1
2019-10-30 16:00:05.551,11342,11343,11343,1,1
2019-10-30 16:00:06.416,11342,11343,11343,1,1
2019-10-30 16:00:08.019,11342,11343,11343,10,10
2019-10-30 16:00:08.126,11342,11343,11343,1,1
2019-10-30 16:00:08.127,11342,11343,11343,2,2
2019-10-30 16:00:08.230,11342,11343,11343,6,6
2019-10-30 16:00:08.356,11342,11343,11343,22,22
2019-10-30 16:00:08.725,11343,11344,11343,2,-2
2019-10-30 16:00:08.725,11343,11344,11343,5,-5
2019-10-30 16:00:11.623,11343,11344,11343,2,-2
2019-10-30 16:00:20.976,11343,11344,11343,1,-1
2019-10-30 16:00:24.378,11342,11343,11343,1,1
2019-10-30 16:00:27.464,11342,11343,11342,1,-1
2019-10-30 16:00:28.744,11342,11343,11342,1,-1
2019-10-30 16:00:35.655,11342,11343,11343,1,1
2019-10-30 16:00:38.358,11342,11343,11342,1,-1
2019-10-30 16:00:42.097,11342,11343,11343,1,1
2019-10-30 16:00:48.545,11342,11343,11343,3,3
2019-10-30 16:00:50.462,11342,11343,11343,5,5
2019-10-30 16:00:51.134,11342,11343,11343,1,1
2019-10-30 16:00:53.127,11342,11343,11342,1,-1
2019-10-30 16:00:59.770,11342,11343,11342,1,-1
2019-10-30 16:01:04.917,11342,11343,11342,1,-1
2019-10-30 16:01:05.744,11342,11343,11343,1,1
2019-10-30 16:01:11.630,11342,11343,11343,3,3
2019-10-30 16:01:13.248,11342,11343,11343,1,1
2019-10-30 16:01:15.398,11342,11343,11342,1,-1
2019-10-30 16:01:25.820,11342,11343,11342,1,-1
2019-10-30 16:01:28.232,11342,11343,11343,1,1
2019-10-30 16:01:32.000,11342,11343,11342,1,-1
2019-10-30 16:01:33.862,11342,11343,11343,1,1
2019-10-30 16:01:34.509,11342,11343,11343,1,1
2019-10-30 16:01:35.401,11342,11344,11344,1,1
2019-10-30 16:01:35.501,11342,11344,11342,1,-1
2019-10-30 16:01:35.738,11342,11344,11344,1,1
2019-10-30 16:01:35.744,11342,11344,11344,1,1
2019-10-30 16:01:35.767,11342,11344,11344,1,1
2019-10-30 16:01:35.857,11342,11343,11343,1,1
2019-10-30 16:01:37.521,11343,11344,11343,1,-1
2019-10-30 16:01:41.143,11342,11343,11343,1,1
2019-10-30 16:01:44.382,11342,11343,11343,1,1
2019-10-30 16:01:51.606,11342,11343,11343,1,1
2019-10-30 16:02:03.135,11342,11343,11343,1,1
2019-10-30 16:02:05.990,11342,11343,11343,1,1
2019-10-30 16:02:35.200,11342,11343,11343,1,1
2019-10-30 16:02:36.215,11342,11343,11343,4,4
2019-10-30 16:02:37.811,11342,11343,11343,1,1
2019-10-30 16:02:42.247,11342,11343,11343,1,1
2019-10-30 16:02:43.021,11342,11343,11343,2,2
2019-10-30 16:02:48.214,11342,11343,11343,2,2
2019-10-30 16:02:58.389,11342,11343,11343,4,4
2019-10-30 16:03:01.701,11342,11343,11343,2,2
2019-10-30 16:03:02.788,11342,11343,11343,1,1
2019-10-30 16:03:02.999,11342,11343,11343,2,2
2019-10-30 16:03:08.739,11342,11343,11342,1,-1
2019-10-30 16:03:09.323,11342,11343,11343,1,1
2019-10-30 16:03:12.090,11343,11344,11343,1,-1
2019-10-30 16:03:14.554,11343,11344,11343,1,-1
2019-10-30 16:03:18.371,11343,11344,11343,1,-1
2019-10-30 16:03:23.120,11343,11344,11344,1,1
2019-10-30 16:03:24.371,11343,11344,11344,1,1
2019-10-30 16:03:25.559,11343,11344,11344,1,1
2019-10-30 16:03:26.860,11343,11344,11344,1,1
2019-10-30 16:03:43.893,11343,11344,11344,1,1
2019-10-30 16:03:52.505,11343,11344,11344,1,1
2019-10-30 16:03:52.937,11343,11344,11344,6,6
2019-10-30 16:03:55.180,11343,11344,11344,1,1
2019-10-30 16:03:56.558,11343,11344,11344,1,1
2019-10-30 16:04:00.080,11343,11344,11344,1,1
2019-10-30 16:04:01.814,11343,11344,11344,1,1
2019-10-30 16:04:02.587,11343,11344,11343,1,-1
2019-10-30 16:04:03.413,11343,11344,11344,1,1
2019-10-30 16:04:03.950,11343,11344,11344,1,1
2019-10-30 16:04:05.039,11343,11344,11344,1,1
2019-10-30 16:04:06.429,11343,11344,11344,1,1
2019-10-30 16:04:09.577,11343,11344,11343,1,-1
2019-10-30 16:04:11.141,11343,11344,11344,2,2
2019-10-30 16:04:11.346,11343,11344,11344,7,7
2019-10-30 16:04:12.913,11343,11344,11343,1,-1
2019-10-30 16:04:16.449,11343,11344,11344,1,1
2019-10-30 16:04:20.495,11343,11344,11343,1,-1
2019-10-30 16:04:31.940,11343,11344,11343,1,-1
2019-10-30 16:04:32.618,11343,11344,11344,1,1
2019-10-30 16:04:32.848,11343,11344,11343,1,-1
2019-10-30 16:04:39.424,11343,11344,11343,1,-1
2019-10-30 16:04:39.466,11343,11344,11343,1,-1
2019-10-30 16:04:39.498,11343,11344,11343,1,-1
2019-10-30 16:04:39.502,11343,11344,11343,1,-1
2019-10-30 16:04:39.515,11343,11344,11343,4,-4
2019-10-30 16:04:39.605,11343,11344,11343,22,-22
2019-10-30 16:04:39.605,11343,11344,11343,2,-2
2019-10-30 16:04:39.605,11343,11344,11343,2,-2
2019-10-30 16:04:39.605,11343,11344,11343,17,-17
2019-10-30 16:04:39.605,11343,11344,11343,3,-3
2019-10-30 16:04:39.605,11343,11344,11343,3,-3
2019-10-30 16:04:39.605,11343,11344,11343,1,-1
2019-10-30 16:04:39.605,11343,11344,11343,6,-6
2019-10-30 16:04:39.606,11343,11344,11343,2,-2
2019-10-30 16:04:40.404,11342,11343,11342,8,-8
2019-10-30 16:04:42.508,11342,11343,11342,5,-5
2019-10-30 16:04:47.476,11342,11343,11342,2,-2
2019-10-30 16:04:47.641,11342,11343,11342,2,-2
2019-10-30 16:05:05.000,11342,11343,11342,1,-1
2019-10-30 16:05:06.145,11342,11343,11342,1,-1
2019-10-30 16:05:10.731,11342,11343,11342,1,-1
2019-10-30 16:05:20.226,11342,11343,11342,4,-4
2019-10-30 16:05:20.587,11342,11343,11342,1,-1
2019-10-30 16:05:24.219,11342,11343,11342,2,-2
2019-10-30 16:05:28.906,11342,11343,11342,2,-2
2019-10-30 16:05:35.959,11341,11342,11342,3,3
2019-10-30 16:05:46.398,11342,11343,11343,2,2
2019-10-30 16:05:47.403,11342,11343,11343,11,11
2019-10-30 16:05:54.763,11343,11344,11343,1,-1
2019-10-30 16:05:58.407,11343,11344,11344,1,1
2019-10-30 16:06:05.750,11343,11344,11343,4,-4
2019-10-30 16:06:14.507,11342,11343,11343,1,1
2019-10-30 16:06:23.215,11342,11343,11343,4,4
2019-10-30 16:06:24.070,11343,11344,11343,1,-1
2019-10-30 16:06:56.197,11343,11344,11343,1,-1
2019-10-30 16:07:07.201,11343,11344,11343,8,-8
2019-10-30 16:07:07.202,11343,11344,11343,10,-10
2019-10-30 16:07:07.202,11343,11344,11343,4,-4
2019-10-30 16:07:07.202,11343,11344,11343,2,-2
2019-10-30 16:07:09.358,11342,11343,11342,1,-1
2019-10-30 16:07:13.840,11342,11343,11342,2,-2
2019-10-30 16:07:14.746,11342,11343,11342,2,-2
2019-10-30 16:07:23.711,11342,11343,11343,1,1
2019-10-30 16:07:49.104,11342,11343,11343,1,1
2019-10-30 16:07:49.514,11342,11343,11343,1,1
2019-10-30 16:07:50.891,11342,11343,11343,1,1
2019-10-30 16:08:01.802,11342,11343,11343,1,1
2019-10-30 16:08:14.193,11342,11343,11343,1,1
2019-10-30 16:08:33.427,11342,11343,11343,14,14
2019-10-30 16:09:37.910,11343,11344,11344,20,20
2019-10-30 16:09:37.980,11343,11344,11344,1,1
2019-10-30 16:09:39.747,11344,11345,11344,1,-1
2019-10-30 16:09:50.979,11344,11345,11345,5,5
2019-10-30 16:09:50.997,11344,11345,11345,5,5
2019-10-30 16:09:51.257,11344,11345,11345,1,1
2019-10-30 16:09:51.337,11344,11345,11344,4,-4
2019-10-30 16:09:51.341,11344,11345,11345,1,1
2019-10-30 16:09:56.390,11344,11345,11345,10,10
2019-10-30 16:09:56.738,11344,11345,11344,1,-1
2019-10-30 16:09:57.443,11344,11345,11344,6,-6
2019-10-30 16:10:01.123,11344,11345,11345,1,1
2019-10-30 16:10:05.096,11344,11345,11345,1,1
2019-10-30 16:10:07.830,11344,11345,11345,1,1
2019-10-30 16:10:11.320,11344,11345,11345,1,1
2019-10-30 16:10:14.685,11344,11345,11345,1,1
2019-10-30 16:10:15.243,11344,11345,11345,1,1
2019-10-30 16:10:18.287,11344,11345,11344,2,-2
2019-10-30 16:10:18.697,11344,11345,11345,1,1
2019-10-30 16:10:20.275,11344,11345,11344,1,-1
2019-10-30 16:10:28.097,11344,11345,11344,1,-1
2019-10-30 16:10:39.449,11344,11345,11344,1,-1
2019-10-30 16:11:00.968,11344,11345,11344,6,-6
2019-10-30 16:11:06.205,11343,11344,11344,3,3
2019-10-30 16:11:06.448,11343,11344,11344,1,1
2019-10-30 16:11:09.929,11343,11344,11344,1,1
2019-10-30 16:11:14.393,11343,11344,11344,1,1
2019-10-30 16:11:17.437,11343,11344,11344,1,1
2019-10-30 16:11:20.234,11343,11344,11344,2,2
2019-10-30 16:11:21.798,11343,11344,11344,1,1
2019-10-30 16:11:24.664,11343,11344,11344,1,1
2019-10-30 16:11:54.435,11343,11344,11344,1,1
2019-10-30 16:12:13.212,11343,11344,11344,1,1
2019-10-30 16:12:16.409,11343,11344,11343,2,-2
2019-10-30 16:12:18.644,11343,11344,11343,2,-2
2019-10-30 16:13:03.348,11343,11344,11343,8,-8
2019-10-30 16:13:05.928,11343,11344,11343,1,-1
2019-10-30 16:13:18.590,11343,11344,11343,1,-1
2019-10-30 16:13:24.379,11343,11344,11343,1,-1
2019-10-30 16:13:47.029,11343,11344,11343,1,-1
2019-10-30 16:13:56.853,11343,11344,11343,2,-2
2019-10-30 16:14:01.745,11343,11344,11343,2,-2
2019-10-30 16:14:05.841,11343,11344,11343,3,-3
2019-10-30 16:14:11.239,11342,11343,11343,2,2
2019-10-30 16:14:46.502,11342,11343,11343,1,1
2019-10-30 16:14:49.107,11342,11343,11342,1,-1
2019-10-30 16:14:53.742,11342,11343,11342,2,-2
2019-10-30 16:15:04.083,11342,11343,11343,2,2
2019-10-30 16:15:04.117,11342,11343,11342,1,-1
2019-10-30 16:15:08.070,11342,11343,11342,2,-2
2019-10-30 16:15:24.879,11342,11343,11342,1,-1
2019-10-30 16:15:42.861,11342,11343,11343,1,1
2019-10-30 16:16:01.643,11342,11343,11342,1,-1
2019-10-30 16:16:07.308,11342,11343,11343,2,2
2019-10-30 16:16:07.923,11342,11343,11343,2,2
2019-10-30 16:16:19.669,11342,11343,11342,1,-1
2019-10-30 16:16:20.577,11342,11343,11342,1,-1
2019-10-30 16:16:47.777,11342,11343,11343,1,1
2019-10-30 16:16:48.763,11342,11343,11342,3,-3
2019-10-30 16:17:20.097,11342,11343,11342,2,-2
2019-10-30 16:17:20.340,11342,11343,11342,1,-1
2019-10-30 16:17:21.884,11342,11343,11342,2,-2
2019-10-30 16:17:22.600,11342,11343,11342,2,-2
2019-10-30 16:17:43.049,11342,11343,11343,1,1
2019-10-30 16:17:45.995,11342,11343,11342,1,-1
2019-10-30 16:17:51.759,11341,11343,11341,1,-1
2019-10-30 16:17:56.181,11342,11343,11342,1,1
2019-10-30 16:17:56.206,11342,11343,11342,1,-1
2019-10-30 16:17:56.230,11341,11342,11342,1,1
2019-10-30 16:17:56.255,11341,11342,11342,1,1
2019-10-30 16:18:11.063,11342,11343,11342,1,-1
2019-10-30 16:18:11.597,11342,11343,11342,1,-1
2019-10-30 16:18:12.518,11342,11343,11342,1,-1
2019-10-30 16:18:12.664,11342,11343,11342,2,-2
2019-10-30 16:18:17.180,11342,11343,11342,1,-1
2019-10-30 16:18:17.206,11342,11343,11342,1,-1
2019-10-30 16:18:17.217,11342,11343,11342,1,-1
2019-10-30 16:18:17.217,11342,11343,11342,2,-2
2019-10-30 16:18:40.009,11341,11342,11342,2,2
2019-10-30 16:18:50.551,11341,11342,11342,1,1
2019-10-30 16:19:05.486,11341,11342,11342,8,8
2019-10-30 16:19:05.605,11341,11342,11342,2,2
2019-10-30 16:19:07.052,11342,11343,11342,1,-1
2019-10-30 16:19:22.393,11341,11342,11342,1,1
2019-10-30 16:20:08.908,11341,11342,11341,9,-9
2019-10-30 16:20:08.980,11341,11342,11341,2,-2
2019-10-30 16:20:09.105,11341,11342,11341,1,-1
2019-10-30 16:20:12.138,11340,11341,11341,2,2
2019-10-30 16:20:16.262,11340,11341,11341,1,1
2019-10-30 16:20:16.288,11340,11341,11341,1,1
2019-10-30 16:20:16.313,11340,11341,11341,1,1
2019-10-30 16:20:16.338,11340,11341,11341,1,1
2019-10-30 16:20:16.355,11340,11341,11341,1,1
2019-10-30 16:20:16.380,11340,11341,11341,1,1
2019-10-30 16:20:34.415,11340,11341,11341,2,2
2019-10-30 16:20:36.355,11340,11341,11341,2,2
2019-10-30 16:20:52.230,11340,11341,11341,3,3
2019-10-30 16:20:52.794,11341,11342,11341,2,-2
2019-10-30 16:21:51.562,11341,11342,11342,1,1
2019-10-30 16:22:06.935,11341,11342,11342,1,1
2019-10-30 16:22:26.579,11341,11342,11342,1,1
2019-10-30 16:22:26.579,11341,11342,11342,2,2
2019-10-30 16:22:26.579,11341,11342,11342,4,4
2019-10-30 16:22:26.579,11341,11342,11342,2,2
2019-10-30 16:22:38.074,11342,11343,11342,1,-1
2019-10-30 16:22:47.275,11342,11343,11342,2,-2
2019-10-30 16:23:26.384,11342,11343,11342,1,-1
2019-10-30 16:23:44.027,11342,11343,11343,1,1
2019-10-30 16:23:58.430,11342,11343,11343,1,1
2019-10-30 16:24:08.231,11342,11343,11343,1,1
2019-10-30 16:24:15.168,11342,11343,11343,2,2
2019-10-30 16:24:15.169,11342,11343,11343,4,4
2019-10-30 16:24:15.169,11342,11343,11343,4,4
2019-10-30 16:24:45.585,11343,11344,11344,2,2
2019-10-30 16:24:55.988,11343,11344,11343,1,-1
2019-10-30 16:24:59.516,11343,11344,11343,1,-1
2019-10-30 16:25:23.246,11343,11344,11344,5,5
2019-10-30 16:25:35.962,11343,11344,11343,4,-4
2019-10-30 16:25:35.963,11343,11344,11343,2,-2
2019-10-30 16:25:37.135,11342,11343,11343,1,1
2019-10-30 16:25:44.871,11342,11343,11343,1,1
2019-10-30 16:25:49.950,11343,11344,11343,1,-1
2019-10-30 16:26:02.148,11343,11344,11344,1,1
2019-10-30 16:26:14.871,11343,11344,11344,1,1
2019-10-30 16:26:29.476,11343,11344,11343,1,-1
2019-10-30 16:26:30.375,11343,11344,11343,1,-1
2019-10-30 16:26:32.043,11343,11344,11343,1,-1
2019-10-30 16:26:40.702,11343,11344,11343,3,-3
2019-10-30 16:27:17.698,11342,11343,11343,1,1
2019-10-30 16:27:20.469,11342,11343,11343,1,1
2019-10-30 16:27:23.487,11342,11343,11343,2,2
2019-10-30 16:27:46.355,11342,11343,11343,5,5
2019-10-30 16:27:46.480,11342,11343,11343,4,4
2019-10-30 16:27:54.806,11343,11344,11343,1,-1
2019-10-30 16:28:12.787,11342,11343,11343,1,1
2019-10-30 16:28:34.056,11342,11343,11343,1,1
2019-10-30 16:28:36.195,11342,11343,11343,1,1
2019-10-30 16:28:44.068,11342,11343,11343,3,3
2019-10-30 16:28:59.016,11342,11343,11343,1,1
2019-10-30 16:29:02.168,11343,11344,11344,1,1
2019-10-30 16:29:12.714,11343,11344,11343,1,-1
2019-10-30 16:29:25.963,11343,11344,11343,2,-2
2019-10-30 16:29:34.956,11343,11344,11343,1,-1
2019-10-30 16:29:40.848,11342,11343,11342,1,-1
2019-10-30 16:30:02.230,11342,11343,11343,3,3
2019-10-30 16:30:02.320,11342,11343,11343,1,1
2019-10-30 16:30:07.242,11342,11343,11342,1,-1
2019-10-30 16:30:20.893,11342,11343,11343,3,3
2019-10-30 16:30:23.855,11342,11343,11342,1,-1
2019-10-30 16:30:32.030,11342,11343,11342,3,-3
2019-10-30 16:30:54.308,11342,11343,11342,20,-20
2019-10-30 16:31:07.075,11342,11343,11342,1,-1
2019-10-30 16:31:43.914,11342,11343,11342,1,-1
2019-10-30 16:31:50.286,11342,11343,11342,1,-1
2019-10-30 16:31:53.826,11342,11343,11342,1,-1
2019-10-30 16:32:31.606,11342,11343,11342,1,-1
2019-10-30 16:32:52.134,11342,11343,11342,1,-1
2019-10-30 16:33:18.054,11342,11343,11342,1,-1
2019-10-30 16:34:03.206,11342,11343,11342,2,-2
2019-10-30 16:34:10.703,11342,11343,11342,1,-1
2019-10-30 16:34:13.344,11342,11343,11342,3,-3
2019-10-30 16:34:19.506,11342,11343,11342,5,-5
2019-10-30 16:34:36.872,11342,11343,11342,1,-1
2019-10-30 16:34:43.525,11342,11343,11342,2,-2
2019-10-30 16:34:56.196,11342,11343,11342,3,-3
2019-10-30 16:35:07.478,11342,11343,11342,5,-5
2019-10-30 16:35:07.480,11342,11343,11342,1,-1
2019-10-30 16:35:07.480,11342,11343,11342,2,-2
2019-10-30 16:35:07.641,11341,11342,11342,2,2
2019-10-30 16:35:07.845,11341,11342,11342,1,1
2019-10-30 16:35:07.855,11341,11343,11342,1,-1
2019-10-30 16:35:07.880,11341,11343,11342,1,-1
2019-10-30 16:35:07.980,11342,11343,11342,1,-1
2019-10-30 16:35:08.355,11342,11343,11342,1,-1
2019-10-30 16:35:20.485,11341,11342,11342,1,1
2019-10-30 16:35:24.426,11341,11342,11342,1,1
2019-10-30 16:35:24.713,11341,11342,11341,1,-1
2019-10-30 16:35:31.722,11341,11342,11342,1,1
2019-10-30 16:35:40.534,11341,11342,11341,1,-1
2019-10-30 16:36:02.211,11341,11342,11342,2,2
2019-10-30 16:36:11.024,11341,11342,11341,1,-1
2019-10-30 16:36:50.027,11341,11342,11341,2,-2
2019-10-30 16:36:52.607,11341,11342,11342,1,1
2019-10-30 16:37:06.028,11341,11342,11341,1,-1
2019-10-30 16:38:01.424,11341,11342,11341,6,-6
2019-10-30 16:38:04.527,11341,11342,11341,1,-1
2019-10-30 16:38:22.254,11341,11342,11341,1,-1
2019-10-30 16:38:24.818,11341,11342,11341,1,-1
2019-10-30 16:38:29.629,11341,11342,11341,5,-5
2019-10-30 16:38:29.966,11341,11342,11341,1,-1
2019-10-30 16:38:31.178,11341,11342,11341,1,-1
2019-10-30 16:38:32.721,11341,11342,11341,2,-2
2019-10-30 16:38:49.250,11341,11342,11341,1,-1
2019-10-30 16:38:56.772,11341,11342,11341,1,-1
2019-10-30 16:38:56.797,11341,11342,11341,1,-1
2019-10-30 16:38:56.855,11341,11342,11341,1,-1
2019-10-30 16:38:56.880,11341,11342,11341,1,-1
2019-10-30 16:38:56.912,11341,11342,11341,1,-1
2019-10-30 16:38:56.980,11341,11342,11341,1,-1
2019-10-30 16:38:57.005,11341,11342,11341,1,-1
2019-10-30 16:39:05.964,11341,11342,11341,1,-1
2019-10-30 16:39:42.971,11340,11341,11340,1,-1
2019-10-30 16:39:43.002,11340,11341,11341,1,1
2019-10-30 16:39:43.027,11340,11341,11341,1,1
2019-10-30 16:39:43.053,11340,11341,11341,1,1
2019-10-30 16:39:43.078,11340,11341,11341,1,1
2019-10-30 16:39:43.103,11340,11341,11341,1,1
2019-10-30 16:39:43.103,11340,11341,11340,1,-1
2019-10-30 16:39:43.105,11340,11341,11341,1,1
2019-10-30 16:39:43.131,11340,11341,11341,1,1
2019-10-30 16:40:07.787,11341,11342,11341,1,-1
2019-10-30 16:40:08.127,11340,11342,11342,2,2
2019-10-30 16:40:19.869,11340,11341,11341,1,1
2019-10-30 16:40:20.467,11340,11341,11340,1,-1
2019-10-30 16:40:30.193,11340,11341,11340,5,-5
2019-10-30 16:40:35.263,11340,11341,11341,1,1
2019-10-30 16:40:45.615,11340,11341,11340,10,-10
2019-10-30 16:40:46.721,11340,11341,11341,1,1
2019-10-30 16:40:57.807,11340,11341,11340,1,-1
2019-10-30 16:41:02.216,11340,11341,11341,1,1
2019-10-30 16:41:36.335,11340,11341,11341,1,1
2019-10-30 16:41:40.875,11340,11341,11341,1,1
2019-10-30 16:42:02.434,11340,11341,11341,3,3
2019-10-30 16:42:10.204,11340,11341,11341,2,2
2019-10-30 16:42:16.914,11340,11341,11340,1,-1
2019-10-30 16:42:26.425,11340,11341,11340,1,-1
2019-10-30 16:42:32.737,11340,11341,11340,1,-1
2019-10-30 16:42:43.245,11340,11341,11341,1,1
2019-10-30 16:42:56.471,11340,11341,11341,1,1
2019-10-30 16:43:16.450,11340,11341,11340,5,-5
2019-10-30 16:43:47.053,11340,11341,11340,1,-1
2019-10-30 16:43:58.436,11340,11341,11340,2,-2
2019-10-30 16:44:18.813,11340,11341,11340,5,-5
2019-10-30 16:44:54.883,11340,11341,11340,4,-4
2019-10-30 16:45:14.084,11340,11341,11340,1,-1
2019-10-30 16:45:14.805,11340,11341,11340,2,-2
2019-10-30 16:45:15.441,11340,11341,11340,2,-2
2019-10-30 16:45:15.464,11340,11341,11340,2,-2
2019-10-30 16:45:15.464,11340,11341,11339,3,-3
2019-10-30 16:45:15.725,11339,11341,11339,2,-2
2019-10-30 16:45:16.269,11339,11340,11339,1,-1
2019-10-30 16:45:53.781,11339,11340,11340,1,1
2019-10-30 16:45:56.907,11339,11340,11339,1,-1
2019-10-30 16:46:00.340,11339,11340,11340,1,1
2019-10-30 16:46:18.007,11339,11340,11340,5,5
2019-10-30 16:46:18.206,11339,11340,11340,4,4
2019-10-30 16:46:23.100,11339,11340,11340,1,1
2019-10-30 16:46:25.048,11339,11340,11340,1,1
2019-10-30 16:46:27.083,11339,11340,11340,2,2
2019-10-30 16:47:33.485,11339,11340,11340,1,1
2019-10-30 16:47:39.702,11339,11340,11340,1,1
2019-10-30 16:47:54.891,11339,11340,11340,1,1
2019-10-30 16:48:52.353,11339,11340,11340,1,1
2019-10-30 16:49:02.507,11339,11340,11340,2,2
2019-10-30 16:49:02.512,11339,11340,11340,2,2
2019-10-30 16:49:16.730,11339,11340,11340,2,2
2019-10-30 16:49:49.639,11340,11341,11340,1,-1
2019-10-30 16:49:54.493,11340,11341,11340,5,-5
2019-10-30 16:50:21.540,11339,11340,11339,1,-1
2019-10-30 16:50:31.979,11339,11340,11340,1,1
2019-10-30 16:51:34.323,11339,11340,11339,2,-2
2019-10-30 16:51:34.356,11339,11340,11339,26,-26
2019-10-30 16:52:10.967,11338,11339,11339,1,1
2019-10-30 16:52:11.266,11338,11339,11339,2,2
2019-10-30 16:52:11.355,11338,11339,11339,1,1
2019-10-30 16:52:33.111,11338,11339,11338,30,-30
2019-10-30 16:52:33.236,11338,11339,11338,2,-2
2019-10-30 16:52:33.236,11338,11339,11338,2,-2
2019-10-30 16:52:33.256,11338,11339,11339,1,1
2019-10-30 16:52:33.282,11338,11339,11339,1,1
2019-10-30 16:52:33.288,11338,11339,11337,1,-1
2019-10-30 16:52:33.307,11338,11339,11339,1,1
2019-10-30 16:52:33.332,11338,11339,11339,1,1
2019-10-30 16:52:33.709,11338,11339,11339,1,1
2019-10-30 16:52:33.935,11338,11339,11338,1,-1
2019-10-30 16:52:40.312,11338,11339,11339,5,5
2019-10-30 16:52:51.641,11338,11339,11339,1,1
2019-10-30 16:53:04.288,11338,11339,11339,1,1
2019-10-30 16:53:40.349,11338,11339,11338,4,-4
2019-10-30 16:54:00.774,11338,11339,11338,1,-1
2019-10-30 16:54:14.811,11338,11339,11338,1,-1
2019-10-30 16:54:35.501,11338,11339,11338,1,-1
2019-10-30 16:54:35.501,11338,11339,11339,2,2
2019-10-30 16:54:47.401,11338,11339,11338,13,-13
2019-10-30 16:54:57.145,11338,11339,11338,1,-1
2019-10-30 16:55:09.725,11338,11339,11338,1,-1
2019-10-30 16:55:10.327,11338,11339,11338,1,-1
2019-10-30 16:55:11.486,11338,11339,11338,1,-1
2019-10-30 16:55:33.793,11337,11338,11338,1,1
2019-10-30 16:55:48.344,11337,11338,11338,2,2
2019-10-30 16:55:48.349,11337,11338,11338,1,1
2019-10-30 16:55:49.138,11338,11339,11338,1,-1
2019-10-30 16:56:15.148,11338,11339,11338,1,-1
2019-10-30 16:56:17.612,11338,11339,11339,1,1
2019-10-30 16:56:19.706,11338,11339,11339,1,1
2019-10-30 16:56:34.930,11338,11339,11338,1,-1
2019-10-30 16:56:44.515,11338,11339,11338,1,-1
2019-10-30 16:56:47.500,11338,11339,11338,6,-6
2019-10-30 16:56:47.807,11338,11339,11339,10,10
2019-10-30 16:56:57.605,11338,11339,11339,13,13
2019-10-30 16:57:09.955,11338,11339,11339,15,15
2019-10-30 16:57:09.980,11338,11339,11339,11,11
2019-10-30 16:57:09.980,11338,11339,11339,7,7
2019-10-30 16:57:10.360,11339,11340,11340,1,1
2019-10-30 16:57:11.152,11339,11340,11339,1,-1
2019-10-30 16:57:20.235,11339,11340,11340,2,2
2019-10-30 16:58:35.366,11339,11340,11339,3,-3
2019-10-30 16:59:35.501,11339,11340,11339,8,-8
2019-10-30 16:59:36.501,11339,11340,11339,1,-1
2019-10-30 16:59:36.501,11339,11340,11339,2,-2
2019-10-30 16:59:40.552,11339,11340,11339,1,-1
2019-10-30 16:59:43.129,11339,11340,11339,1,-1
2019-10-30 16:59:46.378,11339,11340,11339,1,-1
2019-10-30 17:00:39.449,11339,11340,11339,1,-1
2019-10-30 17:00:40.105,11339,11340,11339,5,-5
2019-10-30 17:00:44.802,11339,11340,11339,1,-1
2019-10-30 17:00:45.092,11339,11340,11339,1,-1
2019-10-30 17:00:45.112,11339,11340,11339,1,-1
2019-10-30 17:00:45.230,11339,11340,11339,1,-1
2019-10-30 17:00:55.038,11339,11340,11339,2,-2
2019-10-30 17:01:02.307,11338,11339,11339,1,1
2019-10-30 17:01:06.106,11338,11339,11339,2,2
2019-10-30 17:01:06.217,11338,11339,11339,1,1
2019-10-30 17:02:05.437,11338,11339,11339,1,1
2019-10-30 17:02:51.616,11338,11339,11339,1,1
2019-10-30 17:02:56.989,11338,11339,11338,1,-1
2019-10-30 17:03:00.964,11338,11339,11339,1,1
2019-10-30 17:03:01.123,11338,11339,11339,1,1
2019-10-30 17:03:04.057,11338,11339,11339,2,2
2019-10-30 17:03:04.057,11338,11339,11340,8,8
2019-10-30 17:03:06.573,11339,11340,11339,1,-1
2019-10-30 17:03:10.757,11339,11340,11340,6,6
2019-10-30 17:03:15.371,11339,11340,11339,10,-10
2019-10-30 17:03:24.290,11339,11340,11339,1,-1
2019-10-30 17:03:37.588,11339,11340,11339,2,-2
2019-10-30 17:03:49.826,11339,11340,11340,10,10
2019-10-30 17:04:40.656,11339,11340,11339,7,-7
2019-10-30 17:05:32.703,11338,11339,11339,1,1
2019-10-30 17:05:48.398,11338,11339,11338,5,-5
2019-10-30 17:05:50.105,11338,11339,11339,1,1
2019-10-30 17:05:55.601,11338,11339,11338,2,-2
2019-10-30 17:06:09.884,11338,11339,11339,1,1
2019-10-30 17:06:14.648,11338,11339,11339,1,1
2019-10-30 17:06:45.902,11338,11339,11339,1,1
2019-10-30 17:06:54.966,11338,11339,11339,1,1
2019-10-30 17:08:02.951,11338,11339,11339,2,2
2019-10-30 17:08:24.551,11338,11339,11339,1,1
2019-10-30 17:08:31.086,11338,11339,11339,1,1
2019-10-30 17:08:55.118,11338,11339,11339,1,1
2019-10-30 17:09:24.996,11338,11339,11339,3,3
2019-10-30 17:10:09.341,11338,11339,11339,1,1
2019-10-30 17:10:39.006,11338,11339,11339,1,1
2019-10-30 17:10:46.910,11338,11339,11339,1,1
2019-10-30 17:11:15.346,11338,11339,11338,1,-1
2019-10-30 17:11:28.789,11338,11339,11338,7,-7
2019-10-30 17:11:58.861,11338,11339,11338,1,-1
2019-10-30 17:12:32.478,11338,11339,11339,1,1
2019-10-30 17:12:43.165,11338,11339,11339,1,1
2019-10-30 17:12:50.931,11338,11339,11338,1,-1
2019-10-30 17:14:07.102,11338,11339,11339,1,1
2019-10-30 17:14:19.348,11338,11339,11339,1,1
2019-10-30 17:14:39.600,11338,11339,11339,1,1
2019-10-30 17:14:46.735,11338,11339,11339,1,1
2019-10-30 17:15:10.534,11338,11339,11339,1,1
2019-10-30 17:15:35.181,11338,11339,11339,3,3
2019-10-30 17:15:35.287,11338,11339,11339,1,1
2019-10-30 17:15:42.883,11338,11339,11339,1,1
2019-10-30 17:15:48.887,11338,11339,11339,1,1
2019-10-30 17:16:01.009,11338,11339,11339,1,1
2019-10-30 17:16:01.405,11339,11340,11339,1,-1
2019-10-30 17:16:01.524,11339,11340,11339,1,-1
2019-10-30 17:16:02.024,11339,11340,11339,1,-1
2019-10-30 17:16:21.713,11338,11340,11339,1,-1
2019-10-30 17:16:21.713,11338,11340,11338,2,-2
2019-10-30 17:17:03.953,11338,11339,11339,1,1
2019-10-30 17:17:41.671,11338,11339,11339,1,1
2019-10-30 17:18:14.436,11338,11339,11339,1,1
2019-10-30 17:18:39.607,11338,11339,11339,1,1
2019-10-30 17:18:39.607,11338,11339,11339,2,2
2019-10-30 17:18:39.984,11339,11340,11339,1,-1
2019-10-30 17:18:39.991,11339,11340,11339,2,-2
2019-10-30 17:18:40.365,11339,11340,11339,1,-1
2019-10-30 17:18:42.675,11338,11339,11339,1,1
2019-10-30 17:19:15.179,11339,11340,11339,1,-1
2019-10-30 17:19:36.093,11338,11340,11338,1,-1
2019-10-30 17:19:37.349,11338,11340,11338,1,-1
2019-10-30 17:19:39.079,11338,11340,11338,1,-1
2019-10-30 17:19:39.971,11338,11340,11338,1,-1
2019-10-30 17:20:16.202,11338,11339,11339,1,1
2019-10-30 17:20:57.755,11339,11340,11339,1,-1
2019-10-30 17:21:01.175,11338,11340,11340,3,3
2019-10-30 17:22:59.304,11339,11340,11340,3,3
2019-10-30 17:22:59.304,11339,11340,11340,1,1
2019-10-30 17:22:59.304,11339,11340,11340,2,2
2019-10-30 17:22:59.304,11339,11340,11340,2,2
2019-10-30 17:22:59.305,11339,11340,11340,2,2
2019-10-30 17:22:59.305,11339,11340,11340,1,1
2019-10-30 17:22:59.524,11340,11341,11340,1,-1
2019-10-30 17:22:59.616,11340,11341,11340,1,-1
2019-10-30 17:23:12.730,11340,11341,11340,1,-1
2019-10-30 17:24:23.730,11339,11340,11339,1,-1
2019-10-30 17:24:25.240,11339,11340,11340,1,1
2019-10-30 17:24:35.950,11339,11340,11340,1,1
2019-10-30 17:24:50.523,11339,11341,11339,2,-2
2019-10-30 17:25:17.233,11339,11340,11339,1,-1
2019-10-30 17:25:58.510,11339,11340,11339,1,-1
2019-10-30 17:29:15.533,11339,11340,11339,2,-2
2019-10-30 17:29:15.614,11339,11340,11339,5,-5
2019-10-30 17:29:16.514,11339,11340,11339,2,-2
2019-10-30 17:29:16.751,11339,11340,11339,1,-1
2019-10-30 17:29:19.825,11338,11340,11340,1,1
2019-10-30 17:29:21.806,11339,11340,11339,1,-1
2019-10-30 17:29:28.711,11338,11339,11339,1,1
2019-10-30 17:29:33.598,11338,11339,11339,3,3
2019-10-30 17:29:53.224,11339,11340,11339,2,-2
2019-10-30 17:29:54.480,11339,11340,11339,2,-2
2019-10-30 17:29:58.152,11339,11340,11339,1,-1
2019-10-30 17:30:38.530,11338,11339,11339,2,2
2019-10-30 17:30:38.605,11338,11339,11339,5,5
2019-10-30 17:30:38.733,11339,11340,11339,1,-1
2019-10-30 17:30:38.847,11339,11340,11339,5,-5
2019-10-30 17:31:10.232,11339,11340,11339,1,-1
2019-10-30 17:31:22.726,11339,11340,11340,11,11
2019-10-30 17:31:23.855,11340,11341,11340,1,-1
2019-10-30 17:31:55.923,11339,11340,11340,1,1
2019-10-30 17:32:07.853,11339,11340,11339,3,-3
2019-10-30 17:32:17.743,11338,11339,11339,1,1
2019-10-30 17:32:37.347,11338,11340,11338,1,-1
2019-10-30 17:33:49.576,11338,11339,11339,1,1
2019-10-30 17:34:06.840,11338,11339,11339,1,1
2019-10-30 17:35:24.366,11338,11339,11339,2,2
2019-10-30 17:35:24.936,11338,11339,11339,2,2
2019-10-30 17:35:35.844,11338,11339,11338,1,-1
2019-10-30 17:36:10.607,11338,11339,11338,1,-1
2019-10-30 17:36:10.607,11338,11339,11338,1,-1
2019-10-30 17:36:26.033,11338,11339,11339,1,1
2019-10-30 17:36:35.167,11338,11339,11339,1,1
2019-10-30 17:36:57.181,11338,11339,11339,3,3
2019-10-30 17:37:23.735,11339,11340,11339,1,-1
2019-10-30 17:38:20.389,11339,11340,11339,10,-10
2019-10-30 17:38:55.124,11338,11339,11339,1,1
2019-10-30 17:39:50.390,11339,11340,11340,1,1
2019-10-30 17:40:37.669,11339,11340,11339,1,-1
2019-10-30 17:41:10.190,11339,11340,11339,12,-12
2019-10-30 17:41:10.190,11339,11340,11338,3,-3
2019-10-30 17:41:22.523,11339,11340,11339,1,1
2019-10-30 17:41:34.343,11338,11339,11339,2,2
2019-10-30 17:41:55.482,11339,11340,11339,1,-1
2019-10-30 17:42:02.373,11339,11340,11339,6,-6
2019-10-30 17:42:33.562,11339,11340,11339,1,-1
2019-10-30 17:42:49.232,11338,11340,11338,1,-1
2019-10-30 17:43:01.001,11338,11339,11339,1,1
2019-10-30 17:43:18.281,11338,11339,11339,2,2
2019-10-30 17:43:28.481,11339,11340,11339,6,-6
2019-10-30 17:43:28.481,11339,11340,11338,4,-4
2019-10-30 17:44:35.732,11338,11339,11338,1,-1
2019-10-30 17:45:03.110,11338,11339,11338,3,-3
2019-10-30 17:45:08.718,11338,11339,11338,3,-3
2019-10-30 17:45:23.431,11338,11339,11339,2,2
2019-10-30 17:45:29.085,11338,11339,11339,2,2
2019-10-30 17:45:39.018,11338,11339,11339,2,2
2019-10-30 17:45:49.866,11339,11340,11340,8,8
2019-10-30 17:45:50.127,11339,11340,11340,2,2
2019-10-30 17:45:50.127,11339,11340,11340,5,5
2019-10-30 17:46:12.728,11339,11340,11340,3,3
2019-10-30 17:46:25.804,11340,11341,11340,1,-1
2019-10-30 17:46:27.230,11340,11341,11340,1,-1
2019-10-30 17:46:37.982,11340,11341,11340,1,-1
2019-10-30 17:46:50.399,11340,11341,11341,1,1
2019-10-30 17:47:50.755,11340,11341,11341,2,2
2019-10-30 17:47:51.421,11340,11341,11341,2,2
2019-10-30 17:47:51.480,11340,11341,11341,2,2
2019-10-30 17:47:54.410,11341,11342,11341,1,-1
2019-10-30 17:47:55.477,11341,11342,11341,1,-1
2019-10-30 17:47:57.102,11341,11342,11341,1,-1
2019-10-30 17:48:03.867,11341,11342,11341,1,-1
2019-10-30 17:49:02.233,11341,11342,11341,1,-1
2019-10-30 17:49:24.134,11341,11342,11341,1,-1
2019-10-30 17:49:45.394,11341,11342,11341,1,-1
2019-10-30 17:49:49.008,11341,11342,11341,1,-1
2019-10-30 17:49:54.386,11341,11342,11341,9,-9
2019-10-30 17:49:54.907,11340,11341,11341,1,1
2019-10-30 17:49:54.907,11340,11341,11342,3,3
2019-10-30 17:50:25.560,11341,11342,11342,1,1
2019-10-30 17:50:39.117,11341,11342,11341,2,-2
2019-10-30 17:51:07.052,11341,11342,11341,3,-3
2019-10-30 17:52:09.470,11340,11341,11341,1,1
2019-10-30 17:52:53.496,11340,11341,11341,1,1
2019-10-30 17:52:54.857,11340,11341,11340,1,-1
2019-10-30 17:52:55.115,11340,11341,11341,1,1
2019-10-30 17:52:57.604,11340,11341,11341,1,1
2019-10-30 17:53:36.868,11340,11341,11340,1,-1
2019-10-30 17:53:46.898,11340,11341,11341,1,1
2019-10-30 17:54:05.723,11340,11341,11341,2,2
2019-10-30 17:54:10.982,11340,11341,11340,1,-1
2019-10-30 17:54:12.236,11340,11341,11341,2,2
2019-10-30 17:54:54.230,11340,11341,11340,14,-14
2019-10-30 17:55:51.230,11339,11340,11340,1,1
2019-10-30 17:55:57.769,11339,11340,11340,1,1
2019-10-30 17:56:28.679,11339,11340,11340,4,4
2019-10-30 17:56:46.063,11340,11341,11340,1,-1
2019-10-30 17:56:46.105,11340,11341,11340,3,-3
2019-10-30 17:56:46.113,11340,11341,11340,1,-1
2019-10-30 17:57:12.936,11340,11341,11340,1,-1
2019-10-30 17:57:12.980,11340,11341,11340,1,-1
2019-10-30 17:57:15.810,11340,11341,11340,1,-1
2019-10-30 17:57:27.298,11339,11340,11340,1,1
2019-10-30 17:57:44.315,11339,11340,11340,1,1
2019-10-30 17:58:40.700,11339,11340,11340,1,1
2019-10-30 17:59:31.733,11339,11340,11339,1,-1
2019-10-30 17:59:35.500,11339,11340,11339,6,-6
2019-10-30 17:59:36.500,11339,11340,11339,1,-1
2019-10-30 17:59:50.214,11339,11340,11339,1,-1
2019-10-30 18:00:51.608,11339,11340,11339,1,-1
2019-10-30 18:00:55.355,11339,11340,11339,2,-2
2019-10-30 18:00:55.355,11339,11340,11339,1,-1
2019-10-30 18:00:55.356,11339,11340,11339,3,-3
2019-10-30 18:00:55.480,11339,11340,11339,1,-1
2019-10-30 18:00:56.995,11339,11340,11339,1,-1
2019-10-30 18:01:02.983,11339,11340,11339,1,-1
2019-10-30 18:01:04.568,11339,11340,11339,1,-1
2019-10-30 18:01:15.449,11339,11340,11339,1,-1
2019-10-30 18:01:28.983,11339,11340,11339,1,-1
2019-10-30 18:01:42.824,11339,11340,11339,2,-2
2019-10-30 18:01:56.440,11339,11340,11340,1,1
2019-10-30 18:02:02.278,11339,11340,11340,1,1
2019-10-30 18:02:02.278,11339,11340,11340,4,4
2019-10-30 18:02:03.409,11339,11341,11341,4,4
2019-10-30 18:02:04.553,11339,11341,11339,1,-1
2019-10-30 18:02:18.300,11339,11341,11339,1,-1
2019-10-30 18:02:30.810,11339,11341,11339,1,-1
2019-10-30 18:02:56.605,11340,11341,11340,1,1
2019-10-30 18:03:28.137,11340,11341,11340,1,-1
2019-10-30 18:03:33.194,11339,11340,11340,1,1
2019-10-30 18:03:36.536,11339,11340,11340,1,1
2019-10-30 18:03:45.972,11339,11340,11340,1,1
2019-10-30 18:03:47.346,11339,11340,11340,1,1
2019-10-30 18:03:51.547,11339,11340,11340,1,1
2019-10-30 18:04:06.811,11339,11340,11340,1,1
2019-10-30 18:04:43.589,11339,11340,11340,4,4
2019-10-30 18:04:43.589,11339,11340,11341,6,6
2019-10-30 18:04:44.918,11339,11341,11341,1,1
2019-10-30 18:05:47.104,11340,11341,11340,1,-1
2019-10-30 18:05:47.107,11339,11340,11339,1,-1
2019-10-30 18:05:48.661,11339,11340,11340,1,1
2019-10-30 18:06:03.570,11339,11340,11340,1,1
2019-10-30 18:06:40.769,11340,11341,11341,1,1
2019-10-30 18:06:41.607,11340,11341,11340,1,-1
2019-10-30 18:06:47.814,11340,11341,11341,1,1
2019-10-30 18:07:17.675,11340,11341,11341,1,1
2019-10-30 18:07:18.241,11340,11341,11341,1,1
2019-10-30 18:07:34.919,11340,11341,11340,14,-14
2019-10-30 18:07:34.919,11340,11341,11339,36,-36
2019-10-30 18:07:34.920,11340,11341,11340,1,1
2019-10-30 18:07:34.920,11340,11341,11340,1,-1
2019-10-30 18:07:34.980,11339,11340,11339,5,-5
2019-10-30 18:07:58.745,11340,11341,11340,1,1
2019-10-30 18:09:13.028,11340,11341,11340,1,-1
2019-10-30 18:09:46.384,11340,11341,11341,1,1
2019-10-30 18:10:20.232,11340,11341,11341,1,1
2019-10-30 18:10:23.404,11340,11341,11341,6,6
2019-10-30 18:10:23.480,11340,11341,11341,2,2
2019-10-30 18:11:03.605,11340,11341,11341,1,1
2019-10-30 18:11:16.769,11340,11341,11341,6,6
2019-10-30 18:11:18.513,11340,11341,11341,1,1
2019-10-30 18:12:15.232,11340,11341,11340,1,-1
2019-10-30 18:12:17.763,11340,11341,11341,1,1
2019-10-30 18:12:33.671,11340,11341,11340,1,-1
2019-10-30 18:12:45.077,11340,11341,11341,1,1
2019-10-30 18:12:45.077,11340,11341,11341,1,1
2019-10-30 18:13:24.107,11341,11342,11341,1,-1
2019-10-30 18:13:34.696,11341,11342,11341,3,-3
2019-10-30 18:13:34.696,11341,11342,11341,1,-1
2019-10-30 18:13:50.399,11341,11342,11341,1,-1
2019-10-30 18:14:03.963,11340,11341,11340,2,-2
2019-10-30 18:14:03.963,11340,11341,11340,4,-4
2019-10-30 18:14:03.963,11340,11341,11340,4,-4
2019-10-30 18:14:03.964,11340,11341,11340,6,-6
2019-10-30 18:14:43.280,11339,11340,11339,1,-1
2019-10-30 18:14:43.928,11339,11340,11339,1,-1
2019-10-30 18:14:45.913,11339,11340,11339,1,-1
2019-10-30 18:14:47.169,11339,11340,11339,1,-1
2019-10-30 18:15:43.879,11339,11340,11340,1,1
2019-10-30 18:15:50.260,11340,11341,11340,1,-1
2019-10-30 18:15:52.955,11340,11341,11340,1,-1
2019-10-30 18:16:10.333,11340,11341,11340,1,-1
2019-10-30 18:16:30.335,11340,11341,11340,2,-2
2019-10-30 18:17:01.982,11340,11341,11340,1,-1
2019-10-30 18:17:49.166,11340,11341,11340,2,-2
2019-10-30 18:17:51.357,11340,11341,11340,1,-1
2019-10-30 18:18:11.062,11340,11341,11341,1,1
2019-10-30 18:20:41.038,11340,11341,11341,2,2
2019-10-30 18:20:41.108,11340,11341,11340,1,-1
2019-10-30 18:20:41.108,11340,11341,11340,1,-1
2019-10-30 18:20:57.042,11340,11341,11341,1,1
2019-10-30 18:21:06.310,11340,11341,11341,1,1
2019-10-30 18:23:39.483,11340,11341,11340,1,-1
2019-10-30 18:24:40.134,11340,11341,11340,1,-1
2019-10-30 18:24:40.233,11340,11341,11340,1,-1
2019-10-30 18:25:59.107,11340,11341,11340,1,-1
2019-10-30 18:26:06.720,11340,11341,11341,1,1
2019-10-30 18:28:05.867,11340,11341,11341,1,1
2019-10-30 18:28:06.575,11340,11341,11340,1,-1
2019-10-30 18:28:07.413,11340,11341,11340,1,-1
2019-10-30 18:28:13.876,11340,11341,11341,15,15
2019-10-30 18:28:39.982,11340,11341,11340,1,-1
2019-10-30 18:31:15.357,11340,11341,11340,1,-1
2019-10-30 18:31:16.762,11340,11341,11340,1,-1
2019-10-30 18:31:38.943,11340,11341,11341,4,4
2019-10-30 18:31:53.462,11341,11342,11341,3,-3
2019-10-30 18:31:53.696,11341,11342,11341,1,-1
2019-10-30 18:32:09.982,11340,11341,11340,1,-1
2019-10-30 18:32:37.887,11340,11341,11340,2,-2
2019-10-30 18:33:25.996,11340,11341,11341,1,1
2019-10-30 18:33:46.043,11340,11341,11340,1,-1
2019-10-30 18:33:46.763,11340,11341,11340,1,-1
2019-10-30 18:34:14.608,11340,11341,11340,1,-1
2019-10-30 18:34:57.480,11340,11341,11340,1,-1
2019-10-30 18:34:57.480,11340,11341,11340,2,-2
2019-10-30 18:34:57.480,11340,11341,11340,1,-1
2019-10-30 18:34:57.481,11340,11341,11340,2,-2
2019-10-30 18:34:57.481,11340,11341,11340,4,-4
2019-10-30 18:34:57.552,11340,11341,11340,4,-4
2019-10-30 18:34:57.605,11340,11341,11340,2,-2
2019-10-30 18:34:58.205,11340,11341,11340,1,-1
2019-10-30 18:34:58.206,11340,11341,11340,1,-1
2019-10-30 18:35:08.621,11339,11340,11340,1,1
2019-10-30 18:35:24.333,11339,11340,11340,1,1
2019-10-30 18:35:41.112,11339,11340,11339,1,-1
2019-10-30 18:35:41.890,11339,11340,11339,1,-1
2019-10-30 18:35:43.415,11339,11340,11339,1,-1
2019-10-30 18:35:44.906,11339,11340,11339,1,-1
2019-10-30 18:35:59.732,11339,11340,11339,1,-1
2019-10-30 18:36:00.257,11339,11340,11340,1,1
2019-10-30 18:36:26.199,11339,11340,11339,1,-1
2019-10-30 18:36:34.355,11339,11340,11339,2,-2
2019-10-30 18:36:36.730,11339,11340,11339,2,-2
2019-10-30 18:36:57.482,11339,11340,11339,1,-1
2019-10-30 18:37:00.896,11339,11340,11339,1,-1
2019-10-30 18:37:24.896,11339,11340,11340,1,1
2019-10-30 18:37:24.980,11339,11340,11340,4,4
2019-10-30 18:37:25.105,11339,11340,11340,6,6
2019-10-30 18:38:31.096,11340,11341,11340,1,-1
2019-10-30 18:39:03.998,11340,11341,11341,1,1
2019-10-30 18:39:42.458,11340,11341,11341,1,1
2019-10-30 18:39:46.243,11340,11341,11341,1,1
2019-10-30 18:39:46.355,11340,11341,11341,1,1
2019-10-30 18:40:38.537,11341,11342,11341,1,-1
2019-10-30 18:42:35.607,11341,11342,11341,1,-1
2019-10-30 18:42:42.182,11341,11342,11341,2,-2
2019-10-30 18:42:56.971,11341,11342,11342,1,1
2019-10-30 18:42:57.383,11341,11342,11342,5,5
2019-10-30 18:42:58.751,11341,11342,11342,1,1
2019-10-30 18:42:58.752,11341,11342,11342,1,1
2019-10-30 18:42:58.754,11341,11342,11342,1,1
2019-10-30 18:43:34.503,11341,11342,11342,2,2
2019-10-30 18:43:40.239,11341,11342,11341,1,-1
2019-10-30 18:43:40.373,11341,11342,11342,1,1
2019-10-30 18:43:44.483,11341,11342,11341,1,-1
2019-10-30 18:43:54.694,11341,11342,11341,1,-1
2019-10-30 18:44:06.696,11341,11342,11342,1,1
2019-10-30 18:44:18.143,11341,11342,11342,1,1
2019-10-30 18:44:19.613,11341,11342,11341,2,-2
2019-10-30 18:44:29.039,11341,11342,11342,1,1
2019-10-30 18:44:47.106,11341,11342,11342,3,3
2019-10-30 18:44:47.978,11341,11342,11342,1,1
2019-10-30 18:44:48.150,11341,11342,11342,1,1
2019-10-30 18:44:51.562,11341,11342,11342,1,1
2019-10-30 18:44:54.634,11341,11342,11342,2,2
2019-10-30 18:45:01.932,11341,11342,11342,5,5
2019-10-30 18:45:02.233,11342,11343,11342,2,-2
2019-10-30 18:45:02.364,11342,11343,11342,1,-1
2019-10-30 18:45:03.932,11341,11342,11342,1,1
2019-10-30 18:45:18.301,11341,11342,11342,1,1
2019-10-30 18:45:33.193,11341,11342,11342,2,2
2019-10-30 18:45:59.145,11341,11342,11342,1,1
2019-10-30 18:46:12.377,11341,11342,11342,3,3
2019-10-30 18:46:14.328,11342,11343,11343,1,1
2019-10-30 18:46:18.808,11342,11343,11343,13,13
2019-10-30 18:46:18.966,11342,11343,11342,1,-1
2019-10-30 18:46:23.052,11342,11343,11343,1,1
2019-10-30 18:46:46.362,11342,11343,11343,2,2
2019-10-30 18:47:02.059,11342,11343,11342,1,-1
2019-10-30 18:47:52.851,11342,11343,11343,1,1
2019-10-30 18:47:58.192,11342,11343,11342,1,-1
2019-10-30 18:47:58.967,11342,11343,11343,1,1
2019-10-30 18:47:59.107,11342,11343,11342,1,-1
2019-10-30 18:49:58.043,11342,11343,11343,1,1
2019-10-30 18:49:59.098,11342,11343,11342,1,-1
2019-10-30 18:50:37.982,11342,11343,11342,1,-1
2019-10-30 18:51:17.358,11342,11343,11342,1,-1
2019-10-30 18:51:17.358,11342,11343,11342,1,-1
2019-10-30 18:51:43.250,11342,11343,11342,3,-3
2019-10-30 18:51:56.190,11342,11343,11342,1,-1
2019-10-30 18:52:46.463,11342,11343,11342,2,-2
2019-10-30 18:52:50.617,11341,11342,11342,1,1
2019-10-30 18:53:02.137,11341,11342,11341,1,-1
2019-10-30 18:53:06.272,11341,11342,11341,15,-15
2019-10-30 18:53:25.426,11341,11342,11341,2,-2
2019-10-30 18:53:27.857,11341,11342,11341,1,-1
2019-10-30 18:54:00.331,11341,11342,11341,12,-12
2019-10-30 18:54:02.284,11340,11341,11340,1,-1
2019-10-30 18:54:24.332,11340,11341,11341,3,3
2019-10-30 18:55:03.460,11340,11341,11341,2,2
2019-10-30 18:55:13.828,11340,11341,11341,1,1
2019-10-30 18:55:17.258,11340,11341,11341,1,1
2019-10-30 18:55:44.607,11341,11342,11342,1,1
2019-10-30 18:56:07.482,11341,11342,11341,1,-1
2019-10-30 18:56:10.993,11341,11342,11342,1,1
2019-10-30 18:56:43.462,11341,11342,11342,1,1
2019-10-30 18:57:15.690,11341,11342,11342,1,1
2019-10-30 18:57:17.978,11341,11342,11342,1,1
2019-10-30 18:57:18.282,11341,11342,11342,1,1
2019-10-30 18:57:18.284,11341,11342,11342,1,1
2019-10-30 18:57:18.355,11341,11342,11342,1,1
2019-10-30 18:58:14.927,11341,11342,11342,1,1
2019-10-30 18:58:39.648,11341,11342,11342,4,4
2019-10-30 18:59:17.982,11342,11343,11342,1,-1
2019-10-30 18:59:41.094,11341,11342,11342,3,3
2019-10-30 18:59:52.221,11342,11343,11342,1,-1
2019-10-30 18:59:52.221,11342,11343,11342,1,-1
2019-10-30 18:59:52.230,11342,11343,11342,2,-2
2019-10-30 19:00:02.332,11341,11342,11342,1,1
2019-10-30 19:00:02.761,11342,11343,11343,1,1
2019-10-30 19:00:21.836,11342,11343,11343,2,2
2019-10-30 19:00:25.525,11342,11343,11342,1,-1
2019-10-30 19:01:15.765,11342,11343,11342,1,-1
2019-10-30 19:01:36.592,11342,11343,11343,1,1
2019-10-30 19:01:41.562,11342,11343,11342,1,-1
2019-10-30 19:01:42.539,11342,11343,11342,1,-1
2019-10-30 19:01:50.482,11342,11343,11342,1,-1
2019-10-30 19:02:55.107,11342,11343,11342,1,-1
2019-10-30 19:03:32.750,11342,11343,11342,5,-5
2019-10-30 19:03:41.936,11342,11343,11342,2,-2
2019-10-30 19:04:26.858,11342,11343,11342,1,-1
2019-10-30 19:05:06.712,11342,11343,11342,1,-1
2019-10-30 19:05:42.253,11342,11343,11343,2,2
2019-10-30 19:05:52.364,11342,11343,11343,7,7
2019-10-30 19:06:03.279,11343,11344,11343,1,-1
2019-10-30 19:06:04.357,11343,11344,11343,1,-1
2019-10-30 19:06:37.791,11343,11344,11344,15,15
2019-10-30 19:06:38.487,11343,11344,11344,1,1
2019-10-30 19:06:38.568,11343,11344,11344,3,3
2019-10-30 19:06:50.145,11343,11344,11344,2,2
2019-10-30 19:06:52.284,11343,11344,11344,1,1
2019-10-30 19:07:05.729,11343,11344,11344,1,1
2019-10-30 19:07:29.298,11343,11344,11344,3,3
2019-10-30 19:07:53.219,11343,11344,11344,1,1
2019-10-30 19:07:53.370,11343,11344,11344,1,1
2019-10-30 19:08:00.690,11343,11344,11343,1,-1
2019-10-30 19:08:40.865,11343,11344,11343,1,-1
2019-10-30 19:09:03.052,11343,11344,11343,1,-1
2019-10-30 19:09:03.956,11343,11344,11344,2,2
2019-10-30 19:09:12.990,11343,11344,11344,1,1
2019-10-30 19:09:17.362,11343,11344,11344,2,2
2019-10-30 19:09:25.530,11343,11344,11344,1,1
2019-10-30 19:09:26.668,11343,11344,11344,1,1
2019-10-30 19:09:33.642,11343,11344,11344,1,1
2019-10-30 19:09:46.591,11343,11344,11344,7,7
2019-10-30 19:09:48.091,11343,11344,11344,1,1
2019-10-30 19:09:49.400,11343,11344,11344,11,11
2019-10-30 19:09:56.232,11343,11344,11343,1,-1
2019-10-30 19:10:05.553,11343,11344,11344,1,1
2019-10-30 19:10:05.831,11343,11344,11344,1,1
2019-10-30 19:10:12.978,11343,11344,11344,1,1
2019-10-30 19:10:12.982,11343,11344,11343,1,-1
2019-10-30 19:11:04.211,11343,11344,11344,2,2
2019-10-30 19:11:29.834,11343,11344,11344,3,3
2019-10-30 19:11:33.386,11343,11344,11344,1,1
2019-10-30 19:11:33.463,11343,11344,11344,5,5
2019-10-30 19:11:36.871,11343,11344,11344,1,1
2019-10-30 19:11:42.552,11343,11344,11344,1,1
2019-10-30 19:11:43.093,11343,11344,11344,1,1
2019-10-30 19:11:45.303,11343,11344,11344,2,2
2019-10-30 19:11:54.249,11343,11344,11344,1,1
2019-10-30 19:11:57.619,11344,11345,11344,1,-1
2019-10-30 19:12:17.254,11343,11344,11344,1,1
2019-10-30 19:12:18.627,11343,11344,11344,1,1
2019-10-30 19:12:18.661,11343,11344,11344,1,1
2019-10-30 19:12:18.663,11343,11344,11344,1,1
2019-10-30 19:12:18.666,11343,11344,11344,1,1
2019-10-30 19:12:18.673,11343,11344,11344,1,1
2019-10-30 19:12:28.779,11343,11344,11344,1,1
2019-10-30 19:12:36.545,11343,11344,11344,3,3
2019-10-30 19:12:36.826,11343,11344,11344,1,1
2019-10-30 19:12:58.203,11343,11345,11343,1,-1
2019-10-30 19:12:59.079,11343,11344,11343,1,-1
2019-10-30 19:13:03.686,11343,11344,11343,1,-1
2019-10-30 19:13:05.197,11343,11344,11343,1,-1
2019-10-30 19:13:10.639,11343,11344,11344,1,1
2019-10-30 19:13:11.490,11343,11344,11344,1,1
2019-10-30 19:13:43.611,11344,11345,11344,1,-1
2019-10-30 19:13:54.420,11344,11345,11344,1,-1
2019-10-30 19:13:54.430,11344,11345,11344,1,-1
2019-10-30 19:15:31.357,11343,11344,11343,1,-1
2019-10-30 19:16:02.687,11343,11344,11344,1,1
2019-10-30 19:16:35.209,11343,11344,11343,1,-1
2019-10-30 19:16:42.841,11343,11344,11344,1,1
2019-10-30 19:16:46.445,11343,11344,11343,1,-1
2019-10-30 19:16:47.225,11343,11344,11343,1,-1
2019-10-30 19:16:48.921,11343,11344,11343,1,-1
2019-10-30 19:16:50.453,11343,11344,11343,1,-1
2019-10-30 19:17:35.982,11343,11344,11343,1,-1
2019-10-30 19:17:40.468,11343,11344,11343,7,-7
2019-10-30 19:17:43.089,11343,11344,11343,1,-1
2019-10-30 19:18:13.357,11343,11344,11343,1,-1
2019-10-30 19:18:33.307,11343,11344,11344,5,5
2019-10-30 19:19:29.632,11343,11344,11343,1,-1
2019-10-30 19:20:23.458,11343,11344,11343,1,-1
2019-10-30 19:20:23.882,11343,11344,11344,4,4
2019-10-30 19:20:24.285,11343,11344,11344,2,2
2019-10-30 19:20:49.425,11343,11344,11344,1,1
2019-10-30 19:21:00.593,11343,11344,11344,1,1
2019-10-30 19:21:11.100,11343,11344,11344,1,1
2019-10-30 19:21:23.835,11343,11344,11344,1,1
2019-10-30 19:21:25.545,11343,11344,11343,1,-1
2019-10-30 19:21:26.569,11343,11344,11343,1,-1
2019-10-30 19:21:26.931,11343,11344,11344,1,1
2019-10-30 19:21:30.579,11343,11344,11343,1,-1
2019-10-30 19:21:32.233,11343,11344,11343,1,-1
2019-10-30 19:21:39.130,11343,11344,11344,1,1
2019-10-30 19:21:44.908,11343,11344,11344,1,1
2019-10-30 19:21:47.066,11343,11344,11344,1,1
2019-10-30 19:21:48.724,11343,11344,11344,1,1
2019-10-30 19:21:51.647,11343,11344,11344,1,1
2019-10-30 19:21:54.033,11343,11344,11344,1,1
2019-10-30 19:21:55.965,11343,11344,11344,1,1
2019-10-30 19:21:58.127,11343,11344,11344,1,1
2019-10-30 19:21:59.976,11343,11344,11344,1,1
2019-10-30 19:22:02.067,11343,11344,11344,1,1
2019-10-30 19:22:38.976,11343,11344,11344,1,1
2019-10-30 19:22:41.347,11343,11344,11344,1,1
2019-10-30 19:22:44.612,11343,11344,11344,1,1
2019-10-30 19:22:45.795,11343,11344,11344,1,1
2019-10-30 19:22:46.155,11343,11344,11344,1,1
2019-10-30 19:23:24.992,11343,11344,11344,1,1
2019-10-30 19:23:25.807,11343,11344,11344,2,2
2019-10-30 19:23:52.607,11343,11344,11343,1,-1
2019-10-30 19:24:15.421,11343,11344,11344,1,1
2019-10-30 19:25:27.607,11343,11344,11343,1,-1
2019-10-30 19:26:06.631,11343,11344,11343,3,-3
2019-10-30 19:26:07.006,11343,11344,11343,1,-1
2019-10-30 19:26:12.005,11343,11344,11343,1,-1
2019-10-30 19:26:50.983,11343,11344,11343,1,-1
2019-10-30 19:27:53.994,11343,11344,11344,2,2
2019-10-30 19:28:57.319,11343,11344,11344,2,2
2019-10-30 19:28:59.379,11343,11344,11344,3,3
2019-10-30 19:28:59.379,11343,11344,11344,1,1
2019-10-30 19:29:04.538,11343,11344,11344,2,2
2019-10-30 19:29:05.613,11343,11344,11344,1,1
2019-10-30 19:29:10.382,11343,11344,11344,1,1
2019-10-30 19:29:19.930,11343,11344,11344,2,2
2019-10-30 19:29:24.860,11343,11344,11344,1,1
2019-10-30 19:30:01.672,11344,11345,11344,1,-1
2019-10-30 19:30:02.074,11344,11345,11345,1,1
2019-10-30 19:30:02.077,11344,11345,11345,1,1
2019-10-30 19:30:02.129,11344,11345,11345,3,3
2019-10-30 19:30:02.167,11344,11345,11345,1,1
2019-10-30 19:30:02.262,11344,11345,11345,2,2
2019-10-30 19:30:02.317,11344,11345,11345,1,1
2019-10-30 19:30:02.375,11344,11345,11345,4,4
2019-10-30 19:30:02.594,11344,11345,11345,3,3
2019-10-30 19:30:02.601,11344,11345,11345,1,1
2019-10-30 19:30:02.859,11344,11345,11345,1,1
2019-10-30 19:30:02.987,11344,11345,11345,2,2
2019-10-30 19:30:02.987,11344,11345,11345,2,2
2019-10-30 19:30:02.987,11344,11345,11345,1,1
2019-10-30 19:30:02.997,11344,11345,11345,2,2
2019-10-30 19:30:02.997,11344,11345,11345,1,1
2019-10-30 19:30:04.438,11344,11345,11345,1,1
2019-10-30 19:30:08.077,11344,11345,11345,1,1
2019-10-30 19:30:08.077,11344,11345,11345,12,12
2019-10-30 19:30:08.079,11344,11345,11345,4,4
2019-10-30 19:30:08.105,11344,11345,11345,2,2
2019-10-30 19:30:08.105,11344,11345,11345,1,1
2019-10-30 19:30:08.105,11344,11345,11345,2,2
2019-10-30 19:30:08.105,11344,11345,11345,3,3
2019-10-30 19:30:08.105,11344,11345,11345,2,2
2019-10-30 19:30:08.105,11344,11345,11345,1,1
2019-10-30 19:30:08.113,11344,11345,11345,3,3
2019-10-30 19:30:08.231,11344,11345,11345,4,4
2019-10-30 19:30:12.096,11345,11346,11345,1,-1
2019-10-30 19:30:21.507,11345,11346,11345,2,-2
2019-10-30 19:30:26.927,11345,11346,11345,1,-1
2019-10-30 19:30:39.541,11345,11346,11345,1,-1
2019-10-30 19:30:48.320,11345,11346,11345,3,-3
2019-10-30 19:30:49.055,11345,11346,11345,3,-3
2019-10-30 19:30:49.150,11345,11346,11346,2,2
2019-10-30 19:30:49.333,11345,11346,11346,1,1
2019-10-30 19:30:49.383,11345,11346,11346,1,1
2019-10-30 19:30:49.403,11345,11346,11346,1,1
2019-10-30 19:30:53.374,11345,11346,11345,2,-2
2019-10-30 19:30:55.409,11345,11346,11346,2,2
2019-10-30 19:30:55.710,11345,11346,11345,2,-2
2019-10-30 19:31:09.222,11345,11346,11346,3,3
2019-10-30 19:31:11.785,11345,11346,11346,2,2
2019-10-30 19:31:12.871,11345,11346,11346,1,1
2019-10-30 19:31:14.153,11345,11346,11345,4,-4
2019-10-30 19:31:20.892,11345,11346,11346,1,1
2019-10-30 19:31:23.042,11345,11346,11346,1,1
2019-10-30 19:31:29.118,11345,11346,11346,1,1
2019-10-30 19:31:41.717,11345,11346,11346,1,1
2019-10-30 19:31:43.253,11345,11346,11345,2,-2
2019-10-30 19:31:54.013,11345,11346,11346,1,1
2019-10-30 19:31:59.232,11345,11346,11345,1,-1
2019-10-30 19:32:05.048,11345,11346,11345,10,-10
2019-10-30 19:32:32.366,11345,11346,11346,1,1
2019-10-30 19:32:37.852,11345,11346,11345,2,-2
2019-10-30 19:32:50.857,11345,11346,11345,1,-1
2019-10-30 19:33:14.956,11345,11346,11345,1,-1
2019-10-30 19:33:48.000,11345,11346,11346,1,1
2019-10-30 19:33:51.772,11345,11346,11346,1,1
2019-10-30 19:34:00.799,11345,11346,11345,1,-1
2019-10-30 19:34:14.286,11345,11346,11345,1,-1
2019-10-30 19:34:17.893,11345,11346,11346,1,1
2019-10-30 19:34:18.943,11345,11346,11346,1,1
2019-10-30 19:34:19.246,11345,11346,11346,1,1
2019-10-30 19:34:29.663,11345,11346,11346,1,1
2019-10-30 19:34:42.608,11345,11346,11346,1,1
2019-10-30 19:34:45.482,11345,11346,11345,1,-1
2019-10-30 19:34:48.756,11345,11346,11346,1,1
2019-10-30 19:34:49.696,11345,11346,11346,1,1
2019-10-30 19:34:49.873,11345,11346,11346,1,1
2019-10-30 19:34:51.483,11345,11346,11346,1,1
2019-10-30 19:34:52.596,11345,11346,11346,1,1
2019-10-30 19:35:02.995,11345,11346,11346,1,1
2019-10-30 19:35:05.152,11345,11346,11346,1,1
2019-10-30 19:35:14.694,11345,11346,11346,1,1
2019-10-30 19:35:17.395,11345,11346,11346,1,1
2019-10-30 19:35:20.312,11345,11346,11346,1,1
2019-10-30 19:35:22.094,11345,11346,11346,1,1
2019-10-30 19:35:22.106,11345,11346,11346,1,1
2019-10-30 19:35:23.202,11346,11347,11346,1,-1
2019-10-30 19:35:45.488,11346,11347,11346,1,-1
2019-10-30 19:36:04.661,11346,11347,11346,1,-1
2019-10-30 19:36:18.398,11346,11347,11347,1,1
2019-10-30 19:36:18.489,11346,11347,11347,1,1
2019-10-30 19:36:18.630,11346,11347,11347,1,1
2019-10-30 19:36:18.657,11346,11347,11347,1,1
2019-10-30 19:36:19.507,11346,11347,11347,1,1
2019-10-30 19:36:28.307,11346,11347,11347,1,1
2019-10-30 19:36:31.197,11346,11347,11347,1,1
2019-10-30 19:36:36.354,11346,11347,11347,3,3
2019-10-30 19:36:39.074,11346,11347,11347,19,19
2019-10-30 19:36:39.105,11346,11347,11347,3,3
2019-10-30 19:36:43.524,11347,11348,11347,1,-1
2019-10-30 19:36:47.369,11347,11348,11347,2,-2
2019-10-30 19:36:50.836,11347,11348,11347,1,-1
2019-10-30 19:36:53.851,11347,11348,11348,1,1
2019-10-30 19:36:53.915,11347,11348,11348,8,8
2019-10-30 19:36:53.920,11347,11348,11348,1,1
2019-10-30 19:36:53.971,11347,11348,11348,4,4
2019-10-30 19:36:53.989,11347,11348,11348,1,1
2019-10-30 19:36:54.121,11347,11348,11348,1,1
2019-10-30 19:36:54.149,11347,11348,11348,2,2
2019-10-30 19:36:54.342,11347,11348,11348,2,2
2019-10-30 19:36:54.545,11347,11348,11348,12,12
2019-10-30 19:36:54.773,11347,11348,11348,1,1
2019-10-30 19:36:54.891,11347,11348,11348,3,3
2019-10-30 19:36:55.039,11347,11348,11348,1,1
2019-10-30 19:36:58.925,11347,11348,11348,3,3
2019-10-30 19:36:59.831,11347,11348,11347,1,-1
2019-10-30 19:37:00.877,11347,11348,11348,2,2
2019-10-30 19:37:01.648,11347,11348,11347,1,-1
2019-10-30 19:37:14.324,11347,11348,11347,7,-7
2019-10-30 19:37:18.649,11346,11347,11347,2,2
2019-10-30 19:37:19.066,11346,11347,11347,1,1
2019-10-30 19:37:20.693,11346,11347,11347,1,1
2019-10-30 19:37:25.927,11346,11347,11347,3,3
2019-10-30 19:37:29.603,11346,11347,11347,1,1
2019-10-30 19:37:36.436,11346,11347,11346,1,-1
2019-10-30 19:37:36.474,11346,11347,11347,1,1
2019-10-30 19:37:38.802,11346,11347,11347,1,1
2019-10-30 19:37:48.865,11347,11348,11347,4,-4
2019-10-30 19:37:55.139,11346,11347,11346,1,-1
2019-10-30 19:37:55.852,11346,11347,11346,1,-1
2019-10-30 19:37:57.747,11346,11347,11346,1,-1
2019-10-30 19:37:58.470,11346,11347,11346,1,-1
2019-10-30 19:38:46.900,11346,11347,11346,1,-1
2019-10-30 19:39:06.656,11346,11347,11347,1,1
2019-10-30 19:39:09.489,11346,11347,11347,1,1
2019-10-30 19:39:28.501,11346,11347,11347,1,1
2019-10-30 19:39:37.102,11346,11347,11346,1,-1
2019-10-30 19:39:55.532,11346,11347,11347,1,1
2019-10-30 19:39:59.784,11346,11347,11347,1,1
2019-10-30 19:40:06.991,11346,11347,11347,1,1
2019-10-30 19:40:14.713,11346,11347,11347,1,1
2019-10-30 19:40:24.847,11346,11347,11346,1,-1
2019-10-30 19:40:32.147,11346,11347,11346,1,-1
2019-10-30 19:40:34.264,11346,11347,11346,1,-1
2019-10-30 19:40:39.098,11346,11347,11347,3,3
2019-10-30 19:40:42.522,11346,11347,11346,1,-1
2019-10-30 19:40:45.193,11346,11347,11346,1,-1
2019-10-30 19:40:47.182,11346,11347,11346,1,-1
2019-10-30 19:40:48.817,11346,11347,11347,2,2
2019-10-30 19:40:49.115,11346,11347,11346,1,-1
2019-10-30 19:40:50.766,11346,11347,11347,1,1
2019-10-30 19:40:51.567,11346,11347,11346,1,-1
2019-10-30 19:40:51.732,11346,11347,11346,1,-1
2019-10-30 19:40:51.734,11346,11347,11346,1,-1
2019-10-30 19:41:02.389,11346,11347,11346,7,-7
2019-10-30 19:41:11.906,11346,11347,11346,1,-1
2019-10-30 19:41:13.229,11346,11347,11347,1,1
2019-10-30 19:41:25.743,11346,11347,11346,4,-4
2019-10-30 19:41:26.367,11346,11347,11347,3,3
2019-10-30 19:41:30.523,11346,11347,11347,1,1
2019-10-30 19:41:53.178,11346,11347,11347,3,3
2019-10-30 19:42:02.258,11346,11347,11346,10,-10
2019-10-30 19:42:02.446,11346,11347,11346,2,-2
2019-10-30 19:42:51.655,11346,11347,11346,1,-1
2019-10-30 19:42:59.226,11346,11347,11346,1,-1
2019-10-30 19:43:02.160,11346,11347,11346,5,-5
2019-10-30 19:43:06.733,11346,11347,11346,1,-1
2019-10-30 19:43:11.125,11346,11347,11346,2,-2
2019-10-30 19:43:13.469,11346,11347,11346,2,-2
2019-10-30 19:43:15.622,11346,11347,11346,2,-2
2019-10-30 19:43:17.239,11346,11347,11346,1,-1
2019-10-30 19:43:20.560,11346,11347,11346,2,-2
2019-10-30 19:43:27.710,11346,11347,11346,1,-1
2019-10-30 19:43:39.580,11346,11347,11346,2,-2
2019-10-30 19:43:39.581,11346,11347,11346,4,-4
2019-10-30 19:43:39.650,11346,11347,11346,1,-1
2019-10-30 19:43:39.650,11346,11347,11346,1,-1
2019-10-30 19:43:39.730,11346,11347,11346,10,-10
2019-10-30 19:44:21.606,11345,11346,11345,1,-1
2019-10-30 19:44:32.107,11345,11346,11345,1,-1
2019-10-30 19:44:47.403,11345,11346,11345,4,-4
2019-10-30 19:44:52.027,11345,11346,11345,1,-1
2019-10-30 19:45:26.399,11345,11346,11345,1,-1
2019-10-30 19:45:35.357,11345,11346,11345,1,-1
2019-10-30 19:45:42.461,11345,11346,11346,1,1
2019-10-30 19:45:46.819,11345,11346,11345,1,-1
2019-10-30 19:45:51.606,11345,11346,11345,15,-15
2019-10-30 19:45:51.730,11345,11346,11345,17,-17
2019-10-30 19:46:37.824,11344,11345,11345,11,11
2019-10-30 19:46:40.988,11345,11346,11345,10,-10
2019-10-30 19:46:44.497,11345,11346,11345,1,-1
2019-10-30 19:46:45.637,11345,11346,11345,1,-1
2019-10-30 19:46:46.278,11345,11346,11345,1,-1
2019-10-30 19:46:46.372,11345,11346,11345,1,-1
2019-10-30 19:46:47.223,11345,11346,11345,1,-1
2019-10-30 19:46:47.702,11345,11346,11345,1,-1
2019-10-30 19:46:48.481,11345,11346,11346,6,6
2019-10-30 19:46:54.877,11345,11346,11346,4,4
2019-10-30 19:47:01.612,11345,11346,11346,1,1
2019-10-30 19:47:18.298,11345,11346,11346,1,1
2019-10-30 19:47:19.285,11345,11347,11347,1,1
2019-10-30 19:47:27.848,11345,11347,11347,4,4
2019-10-30 19:47:34.240,11346,11347,11347,10,10
2019-10-30 19:47:36.403,11346,11347,11347,2,2
2019-10-30 19:47:39.790,11346,11347,11347,2,2
2019-10-30 19:47:52.054,11346,11347,11347,3,3
2019-10-30 19:47:53.787,11346,11347,11347,2,2
2019-10-30 19:47:55.252,11346,11347,11347,1,1
2019-10-30 19:48:14.439,11346,11347,11346,2,-2
2019-10-30 19:48:24.108,11346,11347,11346,1,-1
2019-10-30 19:48:39.232,11346,11347,11346,1,-1
2019-10-30 19:49:08.060,11346,11347,11347,5,5
2019-10-30 19:49:18.831,11346,11347,11346,1,-1
2019-10-30 19:49:24.124,11346,11347,11346,2,-2
2019-10-30 19:50:18.490,11346,11347,11346,1,-1
2019-10-30 19:50:21.837,11346,11347,11346,8,-8
2019-10-30 19:51:08.307,11345,11346,11346,1,1
2019-10-30 19:51:08.307,11345,11346,11346,1,1
2019-10-30 19:51:20.233,11345,11347,11346,1,-1
2019-10-30 19:51:22.758,11345,11346,11346,1,1
2019-10-30 19:51:25.291,11346,11347,11346,1,-1
2019-10-30 19:51:27.232,11346,11347,11346,1,-1
2019-10-30 19:52:35.561,11345,11346,11346,1,1
2019-10-30 19:53:01.936,11345,11346,11345,12,-12
2019-10-30 19:53:02.419,11345,11346,11345,1,-1
2019-10-30 19:53:02.419,11345,11346,11345,8,-8
2019-10-30 19:53:18.017,11344,11345,11345,3,3
2019-10-30 19:53:22.640,11344,11345,11345,1,1
2019-10-30 19:53:27.354,11344,11345,11345,1,1
2019-10-30 19:53:48.470,11344,11345,11345,1,1
2019-10-30 19:53:53.275,11345,11346,11345,1,-1
2019-10-30 19:53:53.275,11345,11346,11345,1,-1
2019-10-30 19:53:57.338,11345,11346,11345,1,-1
2019-10-30 19:53:59.535,11344,11345,11344,1,-1
2019-10-30 19:54:00.029,11344,11345,11344,1,-1
2019-10-30 19:54:02.350,11344,11345,11344,4,-4
2019-10-30 19:54:20.978,11344,11345,11344,1,-1
2019-10-30 19:54:25.503,11344,11345,11344,2,-2
2019-10-30 19:54:32.214,11344,11345,11344,3,-3
2019-10-30 19:54:34.943,11344,11345,11345,1,1
2019-10-30 19:55:11.217,11344,11345,11345,1,1
2019-10-30 19:55:20.127,11344,11345,11345,1,1
2019-10-30 19:55:25.319,11344,11345,11345,1,1
2019-10-30 19:56:00.232,11344,11345,11344,1,-1
2019-10-30 19:56:27.979,11344,11345,11344,1,-1
2019-10-30 19:56:32.627,11344,11345,11344,1,-1
2019-10-30 19:56:34.606,11344,11345,11344,6,-6
2019-10-30 19:56:34.731,11344,11345,11344,13,-13
2019-10-30 19:56:51.325,11343,11344,11343,1,-1
2019-10-30 19:56:51.482,11343,11344,11343,1,-1
2019-10-30 19:56:51.545,11343,11344,11343,1,-1
2019-10-30 19:56:58.904,11343,11344,11344,1,1
2019-10-30 19:57:00.020,11343,11344,11343,1,-1
2019-10-30 19:57:29.060,11343,11344,11344,1,1
2019-10-30 19:58:01.375,11343,11344,11344,1,1
2019-10-30 19:59:34.097,11343,11344,11343,1,-1
2019-10-30 19:59:34.107,11343,11344,11343,1,-1
2019-10-30 19:59:35.116,11343,11344,11343,1,-1
2019-10-30 19:59:41.485,11343,11344,11343,5,-5
2019-10-30 19:59:41.607,11343,11344,11343,1,-1
2019-10-30 19:59:41.607,11343,11344,11343,2,-2
2019-10-30 19:59:41.608,11343,11344,11343,1,-1
2019-10-30 19:59:53.343,11343,11344,11343,1,-1
2019-10-30 19:59:54.870,11343,11344,11343,1,-1
2019-10-30 19:59:59.965,11343,11344,11343,1,-1
2019-10-30 20:00:00.820,11343,11344,11344,2,2
2019-10-30 20:00:06.772,11343,11344,11343,1,-1
2019-10-30 20:00:07.197,11343,11344,11343,12,-12
2019-10-30 20:00:13.244,11343,11344,11343,1,-1
2019-10-30 20:00:13.356,11343,11344,11343,3,-3
2019-10-30 20:00:13.481,11343,11344,11343,2,-2
2019-10-30 20:00:17.730,11342,11343,11343,1,1
2019-10-30 20:00:34.990,11343,11344,11343,1,-1
2019-10-30 20:00:39.965,11343,11344,11343,2,-2
2019-10-30 20:00:43.416,11343,11344,11343,1,-1
2019-10-30 20:00:44.311,11343,11344,11343,1,-1
2019-10-30 20:00:54.683,11343,11344,11343,5,-5
2019-10-30 20:01:41.952,11343,11344,11343,1,-1
2019-10-30 20:01:41.981,11343,11344,11343,9,-9
2019-10-30 20:01:45.251,11343,11344,11343,1,-1
2019-10-30 20:01:49.662,11342,11343,11342,1,-1
2019-10-30 20:01:55.480,11342,11343,11342,1,-1
2019-10-30 20:01:55.480,11342,11343,11342,1,-1
2019-10-30 20:01:56.535,11342,11343,11343,2,2
2019-10-30 20:02:06.293,11342,11343,11342,1,-1
2019-10-30 20:02:16.673,11342,11343,11342,1,-1
2019-10-30 20:02:18.413,11342,11343,11342,1,-1
2019-10-30 20:02:26.963,11342,11343,11342,1,-1
2019-10-30 20:02:27.660,11342,11343,11342,1,-1
2019-10-30 20:02:27.775,11342,11343,11342,1,-1
2019-10-30 20:02:28.492,11342,11343,11342,1,-1
2019-10-30 20:02:29.918,11342,11343,11342,1,-1
2019-10-30 20:02:31.607,11342,11343,11342,1,-1
2019-10-30 20:02:31.625,11342,11343,11343,1,1
2019-10-30 20:02:32.034,11342,11343,11342,2,-2
2019-10-30 20:02:32.976,11342,11343,11342,1,-1
2019-10-30 20:02:40.804,11342,11343,11342,1,-1
2019-10-30 20:02:43.323,11342,11343,11342,2,-2
2019-10-30 20:02:55.077,11342,11343,11342,1,-1
2019-10-30 20:02:59.442,11342,11343,11342,1,-1
2019-10-30 20:03:02.814,11342,11343,11342,2,-2
2019-10-30 20:03:06.042,11342,11343,11342,1,-1
2019-10-30 20:03:06.911,11342,11343,11342,1,-1
2019-10-30 20:03:08.567,11342,11343,11342,1,-1
2019-10-30 20:03:09.753,11342,11343,11342,1,-1
2019-10-30 20:03:10.102,11342,11343,11342,1,-1
2019-10-30 20:03:14.844,11342,11343,11342,3,-3
2019-10-30 20:03:15.311,11342,11343,11342,1,-1
2019-10-30 20:03:39.257,11342,11343,11342,1,-1
2019-10-30 20:03:54.607,11342,11343,11342,1,-1
2019-10-30 20:04:13.530,11342,11343,11342,1,-1
2019-10-30 20:04:25.803,11342,11343,11342,2,-2
2019-10-30 20:04:55.091,11342,11343,11342,2,-2
2019-10-30 20:04:59.234,11342,11343,11342,3,-3
2019-10-30 20:05:07.039,11341,11342,11342,1,1
2019-10-30 20:05:07.351,11341,11342,11341,1,-1
2019-10-30 20:05:08.607,11341,11342,11341,1,-1
2019-10-30 20:05:11.004,11341,11342,11341,1,-1
2019-10-30 20:05:14.387,11341,11342,11342,1,1
2019-10-30 20:05:43.805,11341,11342,11341,1,-1
2019-10-30 20:05:46.560,11341,11342,11341,1,-1
2019-10-30 20:05:47.384,11341,11342,11341,1,-1
2019-10-30 20:05:48.624,11341,11342,11341,1,-1
2019-10-30 20:05:50.759,11341,11342,11341,5,-5
2019-10-30 20:05:51.177,11341,11342,11341,2,-2
2019-10-30 20:05:55.474,11341,11342,11341,1,-1
2019-10-30 20:06:00.284,11341,11342,11341,1,-1
2019-10-30 20:06:01.682,11341,11342,11342,15,15
2019-10-30 20:06:02.420,11341,11343,11341,4,-4
2019-10-30 20:06:03.923,11341,11342,11341,1,-1
2019-10-30 20:06:16.677,11341,11342,11342,1,1
2019-10-30 20:06:24.364,11341,11342,11342,1,1
2019-10-30 20:06:30.634,11341,11342,11342,1,1
2019-10-30 20:06:40.237,11341,11342,11342,1,1
2019-10-30 20:06:46.552,11342,11343,11342,1,-1
2019-10-30 20:07:08.177,11342,11343,11342,1,-1
2019-10-30 20:07:11.232,11342,11343,11342,1,-1
2019-10-30 20:07:36.182,11342,11343,11342,1,-1
2019-10-30 20:08:01.186,11342,11343,11342,1,-1
2019-10-30 20:08:02.243,11342,11343,11342,2,-2
2019-10-30 20:08:02.431,11342,11343,11342,1,-1
2019-10-30 20:08:15.409,11341,11342,11342,1,1
2019-10-30 20:08:44.642,11341,11342,11342,1,1
2019-10-30 20:08:51.682,11341,11342,11342,1,1
2019-10-30 20:09:21.537,11342,11343,11342,3,-3
2019-10-30 20:10:04.112,11342,11343,11342,4,-4
2019-10-30 20:10:10.847,11342,11343,11342,1,-1
2019-10-30 20:10:28.232,11342,11343,11342,1,-1
2019-10-30 20:10:36.974,11342,11343,11342,1,-1
2019-10-30 20:10:38.000,11342,11343,11342,1,-1
2019-10-30 20:10:39.913,11342,11343,11342,1,-1
2019-10-30 20:10:45.835,11342,11343,11342,1,-1
2019-10-30 20:10:46.813,11342,11343,11342,1,-1
2019-10-30 20:10:48.189,11342,11343,11342,1,-1
2019-10-30 20:10:52.338,11342,11343,11342,2,-2
2019-10-30 20:11:02.732,11342,11343,11342,1,-1
2019-10-30 20:11:04.233,11342,11343,11342,1,-1
2019-10-30 20:11:08.156,11342,11343,11342,1,-1
2019-10-30 20:11:08.230,11342,11343,11342,1,-1
2019-10-30 20:11:12.593,11342,11343,11342,1,-1
2019-10-30 20:11:14.064,11342,11343,11342,1,-1
2019-10-30 20:11:16.060,11341,11343,11342,1,-1
2019-10-30 20:11:23.088,11342,11343,11342,1,-1
2019-10-30 20:11:51.017,11341,11342,11342,4,4
2019-10-30 20:11:51.468,11342,11343,11342,2,-2
2019-10-30 20:12:04.944,11341,11342,11342,1,1
2019-10-30 20:12:05.106,11341,11342,11342,3,3
2019-10-30 20:12:27.789,11342,11343,11342,1,-1
2019-10-30 20:12:37.176,11341,11342,11342,1,1
2019-10-30 20:12:45.956,11342,11343,11342,2,-2
2019-10-30 20:13:03.381,11341,11342,11342,1,1
2019-10-30 20:13:08.754,11341,11343,11343,1,1
2019-10-30 20:13:21.695,11342,11343,11343,23,23
2019-10-30 20:13:21.732,11343,11344,11343,2,-2
2019-10-30 20:14:03.396,11342,11343,11342,1,-1
2019-10-30 20:14:09.426,11342,11343,11342,1,-1
2019-10-30 20:14:10.113,11342,11343,11342,14,-14
2019-10-30 20:14:10.480,11342,11343,11342,4,-4
2019-10-30 20:14:17.340,11342,11343,11342,2,-2
2019-10-30 20:14:18.948,11342,11343,11342,1,-1
2019-10-30 20:14:25.705,11342,11343,11343,4,4
2019-10-30 20:14:25.705,11342,11343,11343,1,1
2019-10-30 20:14:30.000,11343,11344,11344,4,4
2019-10-30 20:14:30.043,11343,11344,11344,4,4
2019-10-30 20:14:30.085,11343,11344,11344,4,4
2019-10-30 20:14:30.127,11343,11344,11344,4,4
2019-10-30 20:14:30.169,11343,11344,11344,2,2
2019-10-30 20:14:30.211,11343,11344,11345,2,2
2019-10-30 20:14:30.253,11343,11345,11345,2,2
2019-10-30 20:14:31.014,11343,11345,11343,3,-3
2019-10-30 20:14:32.540,11343,11345,11343,1,-1
2019-10-30 20:14:35.501,11343,11345,11345,2,2
2019-10-30 20:14:55.538,11343,11344,11344,1,1
2019-10-30 20:15:02.804,11343,11344,11343,1,-1
2019-10-30 20:15:03.736,11343,11344,11343,1,-1
2019-10-30 20:15:05.380,11343,11344,11343,1,-1
2019-10-30 20:15:10.492,11343,11344,11344,2,2
2019-10-30 20:15:23.581,11344,11345,11344,1,-1
2019-10-30 20:15:34.179,11343,11344,11344,1,1
2019-10-30 20:15:34.230,11343,11345,11344,1,-1
2019-10-30 20:15:55.236,11344,11345,11344,2,-2
2019-10-30 20:16:08.257,11343,11344,11344,1,1
2019-10-30 20:16:11.357,11343,11344,11343,1,-1
2019-10-30 20:16:39.106,11343,11344,11343,3,-3
2019-10-30 20:16:43.550,11343,11344,11343,1,-1
2019-10-30 20:17:20.900,11342,11343,11342,1,-1
2019-10-30 20:17:29.240,11342,11343,11342,1,-1
2019-10-30 20:17:32.454,11342,11343,11342,1,-1
2019-10-30 20:17:33.512,11342,11343,11342,1,-1
2019-10-30 20:17:34.677,11342,11343,11343,2,2
2019-10-30 20:17:36.158,11342,11343,11343,1,1
2019-10-30 20:17:37.249,11343,11344,11344,2,2
2019-10-30 20:17:37.704,11343,11344,11344,2,2
2019-10-30 20:17:37.963,11343,11344,11344,2,2
2019-10-30 20:17:38.162,11343,11344,11344,2,2
2019-10-30 20:17:38.655,11343,11344,11344,1,1
2019-10-30 20:17:41.571,11343,11344,11344,2,2
2019-10-30 20:17:41.803,11343,11344,11344,2,2
2019-10-30 20:17:42.049,11343,11344,11344,2,2
2019-10-30 20:17:42.438,11344,11345,11344,2,-2
2019-10-30 20:17:42.453,11344,11345,11344,2,-2
2019-10-30 20:17:43.035,11344,11345,11344,4,-4
2019-10-30 20:17:52.242,11344,11345,11344,1,-1
2019-10-30 20:19:07.768,11344,11345,11345,1,1
2019-10-30 20:19:07.857,11344,11345,11344,1,-1
2019-10-30 20:19:07.858,11344,11345,11344,1,-1
2019-10-30 20:20:29.488,11344,11345,11345,2,2
2019-10-30 20:20:30.094,11344,11345,11345,2,2
2019-10-30 20:20:30.323,11344,11345,11345,2,2
2019-10-30 20:20:30.570,11344,11345,11345,2,2
2019-10-30 20:20:30.763,11344,11345,11345,2,2
2019-10-30 20:20:30.946,11344,11345,11345,2,2
2019-10-30 20:20:31.045,11344,11345,11345,1,1
2019-10-30 20:20:31.138,11344,11345,11345,2,2
2019-10-30 20:20:31.577,11344,11345,11344,1,-1
2019-10-30 20:20:51.904,11344,11345,11345,2,2
2019-10-30 20:20:51.980,11344,11345,11345,9,9
2019-10-30 20:20:51.980,11344,11345,11345,2,2
2019-10-30 20:21:01.533,11345,11346,11345,1,-1
2019-10-30 20:21:03.201,11345,11346,11345,1,-1
2019-10-30 20:21:25.912,11345,11346,11346,1,1
2019-10-30 20:21:26.910,11345,11346,11345,1,-1
2019-10-30 20:21:27.040,11345,11346,11346,1,1
2019-10-30 20:21:30.664,11345,11346,11346,1,1
2019-10-30 20:21:48.672,11345,11346,11345,1,-1
2019-10-30 20:22:55.881,11345,11346,11345,1,-1
2019-10-30 20:22:56.777,11345,11346,11345,1,-1
2019-10-30 20:23:11.944,11345,11346,11345,1,-1
2019-10-30 20:23:18.974,11345,11346,11345,10,-10
2019-10-30 20:23:25.115,11345,11346,11345,1,-1
2019-10-30 20:24:02.870,11345,11346,11345,1,-1
2019-10-30 20:24:03.867,11345,11346,11346,1,1
2019-10-30 20:24:03.869,11345,11346,11346,1,1
2019-10-30 20:24:04.209,11345,11346,11346,2,2
2019-10-30 20:24:22.621,11345,11346,11345,5,-5
2019-10-30 20:24:30.390,11345,11346,11345,1,-1
2019-10-30 20:24:31.732,11345,11346,11345,1,-1
2019-10-30 20:24:36.210,11345,11346,11345,1,-1
2019-10-30 20:24:45.515,11345,11346,11346,2,2
2019-10-30 20:25:06.077,11345,11346,11346,2,2
2019-10-30 20:25:34.777,11345,11346,11346,2,2
2019-10-30 20:25:39.463,11345,11346,11345,3,-3
2019-10-30 20:25:41.410,11345,11346,11345,1,-1
2019-10-30 20:25:46.902,11345,11346,11345,1,-1
2019-10-30 20:25:57.925,11344,11345,11345,1,1
2019-10-30 20:26:08.416,11344,11345,11345,1,1
2019-10-30 20:26:17.487,11344,11345,11345,1,1
2019-10-30 20:26:22.612,11345,11346,11345,1,-1
2019-10-30 20:26:24.102,11345,11346,11346,1,1
2019-10-30 20:26:27.275,11345,11346,11345,1,-1
2019-10-30 20:26:28.092,11345,11346,11345,1,-1
2019-10-30 20:26:29.605,11345,11346,11345,1,-1
2019-10-30 20:26:31.686,11345,11346,11345,1,-1
2019-10-30 20:26:33.167,11345,11346,11345,1,-1
2019-10-30 20:27:12.857,11344,11345,11344,1,-1
2019-10-30 20:27:14.482,11344,11345,11344,2,-2
2019-10-30 20:27:17.003,11344,11345,11345,1,1
2019-10-30 20:30:01.511,11344,11345,11345,2,2
2019-10-30 20:30:01.511,11344,11345,11345,6,6
2019-10-30 20:30:01.511,11344,11345,11345,7,7
2019-10-30 20:30:01.511,11344,11345,11345,2,2
2019-10-30 20:30:01.607,11345,11346,11345,1,-1
2019-10-30 20:30:02.279,11345,11346,11346,1,1
2019-10-30 20:30:03.540,11345,11346,11346,2,2
2019-10-30 20:30:04.157,11345,11346,11346,2,2
2019-10-30 20:30:11.591,11345,11346,11345,2,-2
2019-10-30 20:30:12.026,11344,11346,11346,11,11
2019-10-30 20:30:33.738,11344,11345,11344,2,-2
2019-10-30 20:30:33.856,11344,11345,11344,5,-5
2019-10-30 20:30:34.116,11344,11345,11344,8,-8
2019-10-30 20:30:34.117,11344,11345,11344,5,-5
2019-10-30 20:30:37.233,11343,11344,11344,1,1
2019-10-30 20:30:42.646,11344,11345,11344,1,-1
2019-10-30 20:30:45.379,11344,11345,11344,1,-1
2019-10-30 20:30:46.711,11344,11345,11344,1,-1
2019-10-30 20:31:09.168,11343,11344,11343,2,-2
2019-10-30 20:31:12.213,11343,11344,11343,1,-1
2019-10-30 20:31:12.213,11343,11344,11343,2,-2
2019-10-30 20:31:38.412,11342,11343,11343,2,2
2019-10-30 20:31:38.573,11342,11343,11343,1,1
2019-10-30 20:31:39.731,11343,11344,11344,1,1
2019-10-30 20:31:43.368,11343,11344,11344,2,2
2019-10-30 20:31:45.533,11343,11344,11344,1,1
2019-10-30 20:31:45.533,11343,11344,11344,1,1
2019-10-30 20:31:53.247,11344,11345,11345,1,1
2019-10-30 20:32:13.443,11344,11345,11345,2,2
2019-10-30 20:32:22.280,11345,11346,11345,2,-2
2019-10-30 20:32:27.692,11345,11346,11345,1,-1
2019-10-30 20:32:30.274,11345,11346,11346,1,1
2019-10-30 20:32:31.790,11345,11346,11346,1,1
2019-10-30 20:32:33.229,11345,11346,11346,1,1
2019-10-30 20:32:51.680,11345,11346,11345,1,-1
2019-10-30 20:32:53.482,11345,11346,11345,1,-1
2019-10-30 20:32:55.167,11345,11346,11346,1,1
2019-10-30 20:33:07.536,11345,11346,11345,1,-1
2019-10-30 20:33:08.271,11345,11346,11345,1,-1
2019-10-30 20:33:40.142,11345,11346,11345,1,-1
2019-10-30 20:34:02.607,11345,11346,11345,1,-1
2019-10-30 20:34:10.773,11345,11346,11345,1,-1
2019-10-30 20:34:41.349,11345,11346,11345,1,-1
2019-10-30 20:34:55.850,11345,11346,11345,1,-1
2019-10-30 20:35:01.549,11345,11346,11345,1,-1
2019-10-30 20:35:06.548,11345,11346,11346,1,1
2019-10-30 20:35:24.357,11345,11346,11345,1,-1
2019-10-30 20:35:40.784,11345,11346,11345,1,-1
2019-10-30 20:35:43.166,11345,11346,11345,1,-1
2019-10-30 20:35:59.543,11345,11346,11345,2,-2
2019-10-30 20:35:59.543,11345,11346,11345,1,-1
2019-10-30 20:35:59.605,11345,11346,11345,1,-1
2019-10-30 20:36:07.292,11345,11346,11345,2,-2
2019-10-30 20:36:07.298,11345,11346,11345,1,-1
2019-10-30 20:36:07.859,11345,11346,11345,1,-1
2019-10-30 20:36:24.325,11345,11346,11345,5,-5
2019-10-30 20:36:40.605,11344,11345,11344,1,-1
2019-10-30 20:36:40.605,11344,11345,11344,2,-2
2019-10-30 20:36:40.730,11344,11345,11344,2,-2
2019-10-30 20:36:52.221,11343,11344,11344,2,2
2019-10-30 20:37:52.152,11344,11345,11344,1,-1
2019-10-30 20:38:11.858,11344,11345,11344,1,-1
2019-10-30 20:38:12.486,11344,11345,11344,2,-2
2019-10-30 20:38:14.239,11344,11345,11344,2,-2
2019-10-30 20:38:14.355,11344,11345,11344,2,-2
2019-10-30 20:38:14.355,11344,11345,11344,2,-2
2019-10-30 20:38:14.356,11344,11345,11344,1,-1
2019-10-30 20:38:14.481,11344,11345,11344,1,-1
2019-10-30 20:38:15.699,11343,11344,11344,16,16
2019-10-30 20:38:16.331,11344,11345,11344,2,-2
2019-10-30 20:38:31.299,11344,11345,11344,2,-2
2019-10-30 20:38:31.355,11344,11345,11344,1,-1
2019-10-30 20:38:31.355,11344,11345,11344,4,-4
2019-10-30 20:38:36.278,11343,11344,11344,2,2
2019-10-30 20:39:47.779,11343,11344,11344,1,1
2019-10-30 20:39:47.779,11343,11344,11345,44,44
2019-10-30 20:39:48.089,11345,11346,11345,1,-1
2019-10-30 20:39:48.322,11345,11346,11346,5,5
2019-10-30 20:39:57.823,11345,11346,11345,1,-1
2019-10-30 20:40:02.314,11345,11346,11345,6,-6
2019-10-30 20:40:03.102,11345,11346,11345,1,-1
2019-10-30 20:40:44.982,11344,11345,11344,1,-1
2019-10-30 20:41:04.107,11344,11345,11344,1,-1
2019-10-30 20:41:11.205,11344,11345,11344,4,-4
2019-10-30 20:41:22.607,11344,11345,11344,1,-1
2019-10-30 20:41:23.725,11344,11345,11344,1,-1
2019-10-30 20:41:26.537,11344,11345,11345,1,1
2019-10-30 20:41:39.532,11344,11345,11345,1,1
2019-10-30 20:41:48.548,11344,11345,11345,2,2
2019-10-30 20:43:32.243,11345,11346,11345,2,-2
2019-10-30 20:44:09.686,11345,11346,11345,1,-1
2019-10-30 20:44:39.445,11345,11346,11345,5,-5
2019-10-30 20:45:06.368,11344,11345,11345,2,2
2019-10-30 20:46:02.603,11344,11345,11345,2,2
2019-10-30 20:46:02.608,11344,11346,11344,1,-1
2019-10-30 20:46:20.857,11344,11345,11344,1,-1
2019-10-30 20:46:32.294,11344,11345,11345,1,1
2019-10-30 20:46:57.462,11344,11345,11345,1,1
2019-10-30 20:47:36.803,11344,11345,11345,1,1
2019-10-30 20:47:43.227,11344,11345,11345,1,1
2019-10-30 20:48:26.258,11344,11345,11345,1,1
2019-10-30 20:48:31.378,11344,11345,11345,2,2
2019-10-30 20:48:31.410,11344,11345,11346,8,8
2019-10-30 20:48:31.443,11344,11345,11346,2,2
2019-10-30 20:48:31.448,11344,11345,11346,1,1
2019-10-30 20:48:31.448,11344,11345,11346,5,5
2019-10-30 20:48:31.480,11345,11346,11346,24,24
2019-10-30 20:48:31.772,11346,11347,11346,1,-1
2019-10-30 20:48:31.796,11346,11347,11346,1,-1
2019-10-30 20:48:35.852,11346,11347,11346,1,-1
2019-10-30 20:48:47.805,11345,11346,11346,5,5
2019-10-30 20:48:56.509,11346,11347,11346,3,-3
2019-10-30 20:49:18.482,11346,11347,11346,1,-1
2019-10-30 20:49:24.760,11346,11347,11346,1,-1
2019-10-30 20:50:05.048,11346,11347,11346,1,-1
2019-10-30 20:50:16.717,11346,11347,11346,1,-1
2019-10-30 20:50:24.836,11346,11347,11346,1,-1
2019-10-30 20:51:29.663,11346,11347,11346,1,-1
2019-10-30 20:51:33.377,11346,11347,11346,1,-1
2019-10-30 20:51:42.829,11346,11347,11346,1,-1
2019-10-30 20:52:08.857,11346,11347,11346,1,-1
2019-10-30 20:52:13.994,11346,11347,11346,15,-15
2019-10-30 20:52:48.124,11345,11346,11346,1,1
2019-10-30 20:52:55.732,11345,11346,11345,2,-2
2019-10-30 20:53:02.699,11345,11346,11345,4,-4
2019-10-30 20:53:02.699,11345,11346,11345,1,-1
2019-10-30 20:53:07.440,11344,11345,11345,1,1
2019-10-30 20:53:15.749,11344,11345,11345,1,1
2019-10-30 20:53:21.446,11344,11345,11345,1,1
2019-10-30 20:54:40.107,11344,11345,11344,1,-1
2019-10-30 20:54:45.788,11344,11345,11344,1,-1
2019-10-30 20:55:06.232,11344,11345,11344,1,-1
2019-10-30 20:55:17.137,11344,11345,11344,1,-1
2019-10-30 20:55:31.990,11344,11345,11344,11,-11
2019-10-30 20:56:32.191,11343,11344,11344,1,1
