2021-02-03 15:00:00.087,15771,15772,15771,45,-45
2021-02-03 15:00:00.105,15770,15771,15771,2,2
2021-02-03 15:00:00.179,15770,15772,15772,2,2
2021-02-03 15:00:00.248,15770,15772,15770,1,-1
2021-02-03 15:00:00.248,15770,15772,15769,1,-1
2021-02-03 15:00:00.254,15770,15772,15769,1,-1
2021-02-03 15:00:00.264,15770,15772,15768,1,-1
2021-02-03 15:00:00.293,15770,15772,15772,1,1
2021-02-03 15:00:00.293,15770,15772,15773,1,1
2021-02-03 15:00:00.298,15770,15772,15768,3,-3
2021-02-03 15:00:00.298,15770,15772,15767,1,-1
2021-02-03 15:00:00.431,15767,15774,15768,1,1
2021-02-03 15:00:00.443,15767,15773,15772,2,2
2021-02-03 15:00:00.453,15767,15773,15767,2,-2
2021-02-03 15:00:00.453,15767,15773,15766,1,-1
2021-02-03 15:00:00.507,15767,15773,15767,1,1
2021-02-03 15:00:00.507,15767,15773,15766,1,-1
2021-02-03 15:00:00.511,15767,15773,15766,2,-2
2021-02-03 15:00:00.515,15767,15773,15766,1,-1
2021-02-03 15:00:00.517,15767,15773,15766,1,-1
2021-02-03 15:00:00.529,15767,15773,15766,1,-1
2021-02-03 15:00:00.566,15765,15773,15765,1,-1
2021-02-03 15:00:00.593,15765,15773,15765,1,-1
2021-02-03 15:00:00.594,15765,15773,15765,1,-1
2021-02-03 15:00:00.607,15765,15773,15765,1,-1
2021-02-03 15:00:00.650,15765,15773,15764,2,-2
2021-02-03 15:00:00.650,15765,15773,15763,1,-1
2021-02-03 15:00:00.700,15763,15773,15773,1,1
2021-02-03 15:00:00.704,15763,15773,15764,1,-1
2021-02-03 15:00:00.710,15763,15773,15763,1,-1
2021-02-03 15:00:00.741,15763,15773,15773,1,1
2021-02-03 15:00:00.760,15763,15773,15764,1,-1
2021-02-03 15:00:00.764,15763,15773,15763,1,-1
2021-02-03 15:00:00.836,15762,15773,15762,3,-3
2021-02-03 15:00:00.838,15762,15773,15762,1,-1
2021-02-03 15:00:00.842,15762,15773,15762,2,-2
2021-02-03 15:00:00.842,15762,15773,15761,1,-1
2021-02-03 15:00:00.892,15762,15773,15761,2,-2
2021-02-03 15:00:00.905,15762,15773,15761,4,-4
2021-02-03 15:00:00.920,15762,15773,15761,1,-1
2021-02-03 15:00:00.966,15761,15773,15761,3,-3
2021-02-03 15:00:01.020,15761,15773,15761,1,-1
2021-02-03 15:00:01.292,15761,15772,15761,4,-4
2021-02-03 15:00:01.392,15760,15772,15771,1,1
2021-02-03 15:00:01.471,15763,15772,15770,1,-1
2021-02-03 15:00:01.481,15763,15772,15763,1,-1
2021-02-03 15:00:01.481,15763,15772,15762,1,-1
2021-02-03 15:00:01.481,15763,15772,15760,1,-1
2021-02-03 15:00:01.559,15763,15772,15760,1,-1
2021-02-03 15:00:01.620,15760,15771,15760,1,-1
2021-02-03 15:00:01.722,15760,15771,15771,1,1
2021-02-03 15:00:01.722,15760,15771,15772,2,2
2021-02-03 15:00:01.965,15762,15771,15763,1,-1
2021-02-03 15:00:01.965,15762,15771,15762,2,-2
2021-02-03 15:00:01.965,15762,15771,15761,1,-1
2021-02-03 15:00:02.012,15762,15771,15761,1,-1
2021-02-03 15:00:02.162,15761,15770,15769,1,1
2021-02-03 15:00:02.242,15761,15769,15766,2,-2
2021-02-03 15:00:02.311,15763,15767,15767,5,5
2021-02-03 15:00:02.312,15763,15767,15770,1,1
2021-02-03 15:00:02.637,15766,15771,15771,1,1
2021-02-03 15:00:02.637,15766,15771,15772,2,2
2021-02-03 15:00:02.637,15766,15771,15773,1,1
2021-02-03 15:00:02.709,15767,15772,15769,1,-1
2021-02-03 15:00:02.944,15767,15772,15767,1,-1
2021-02-03 15:00:03.356,15768,15770,15770,1,1
2021-02-03 15:00:03.356,15768,15770,15771,2,2
2021-02-03 15:00:03.360,15768,15770,15768,4,-4
2021-02-03 15:00:03.360,15768,15770,15766,1,-1
2021-02-03 15:00:03.360,15768,15770,15765,1,-1
2021-02-03 15:00:03.392,15768,15770,15765,3,-3
2021-02-03 15:00:03.392,15768,15770,15764,1,-1
2021-02-03 15:00:03.392,15768,15770,15763,2,-2
2021-02-03 15:00:04.437,15766,15770,15770,1,1
2021-02-03 15:00:04.437,15766,15770,15771,2,2
2021-02-03 15:00:04.437,15766,15770,15771,1,1
2021-02-03 15:00:04.682,15766,15771,15766,1,-1
2021-02-03 15:00:04.682,15766,15771,15765,1,-1
2021-02-03 15:00:04.811,15765,15768,15768,1,1
2021-02-03 15:00:04.911,15765,15768,15769,2,2
2021-02-03 15:00:05.955,15768,15770,15770,1,1
2021-02-03 15:00:05.983,15768,15770,15769,1,-1
2021-02-03 15:00:07.160,15770,15771,15770,4,4
2021-02-03 15:00:07.373,15769,15770,15769,1,-1
2021-02-03 15:00:07.969,15767,15769,15768,1,-1
2021-02-03 15:00:08.210,15767,15770,15770,2,2
2021-02-03 15:00:08.213,15767,15770,15767,1,-1
2021-02-03 15:00:08.473,15767,15770,15767,1,-1
2021-02-03 15:00:09.489,15768,15769,15768,1,1
2021-02-03 15:00:09.611,15768,15769,15769,5,5
2021-02-03 15:00:11.478,15769,15770,15770,6,6
2021-02-03 15:00:11.744,15769,15771,15769,1,-1
2021-02-03 15:00:13.162,15768,15770,15768,1,-1
2021-02-03 15:00:13.174,15768,15770,15770,1,1
2021-02-03 15:00:14.785,15768,15770,15769,1,-1
2021-02-03 15:00:14.955,15768,15770,15770,2,2
2021-02-03 15:00:16.459,15768,15770,15768,1,-1
2021-02-03 15:00:16.480,15768,15770,15767,1,-1
2021-02-03 15:00:17.066,15766,15768,15766,2,-2
2021-02-03 15:00:17.246,15766,15767,15767,1,1
2021-02-03 15:00:20.604,15766,15768,15766,5,-5
2021-02-03 15:00:22.583,15765,15767,15767,1,1
2021-02-03 15:00:24.364,15765,15767,15765,1,-1
2021-02-03 15:00:24.424,15765,15767,15765,2,-2
2021-02-03 15:00:24.424,15765,15767,15764,1,-1
2021-02-03 15:00:24.710,15764,15767,15764,1,-1
2021-02-03 15:00:24.828,15764,15767,15767,2,2
2021-02-03 15:00:24.828,15764,15767,15768,3,3
2021-02-03 15:00:25.070,15765,15768,15768,5,5
2021-02-03 15:00:25.521,15765,15768,15765,1,-1
2021-02-03 15:00:25.521,15765,15768,15764,11,-11
2021-02-03 15:00:25.521,15765,15768,15763,6,-6
2021-02-03 15:00:25.522,15765,15768,15763,13,-13
2021-02-03 15:00:25.686,15763,15766,15766,1,1
2021-02-03 15:00:25.688,15763,15766,15766,1,1
2021-02-03 15:00:27.248,15764,15767,15764,3,-3
2021-02-03 15:00:28.686,15765,15766,15766,1,1
2021-02-03 15:00:30.723,15765,15767,15765,1,-1
2021-02-03 15:00:30.723,15765,15767,15764,1,-1
2021-02-03 15:00:31.189,15764,15767,15767,1,1
2021-02-03 15:00:31.561,15764,15766,15766,1,1
2021-02-03 15:00:32.311,15764,15766,15766,1,1
2021-02-03 15:00:32.868,15764,15767,15764,2,-2
2021-02-03 15:00:33.450,15763,15767,15767,1,1
2021-02-03 15:00:33.518,15763,15767,15764,1,-1
2021-02-03 15:00:33.519,15763,15767,15764,4,-4
2021-02-03 15:00:34.436,15764,15766,15766,1,1
2021-02-03 15:00:34.512,15764,15766,15764,3,-3
2021-02-03 15:00:34.643,15764,15766,15764,2,-2
2021-02-03 15:00:34.845,15764,15766,15764,1,-1
2021-02-03 15:00:36.436,15764,15765,15765,3,3
2021-02-03 15:00:38.056,15764,15766,15765,1,-1
2021-02-03 15:00:41.982,15764,15765,15765,1,1
2021-02-03 15:00:42.163,15764,15765,15764,2,-2
2021-02-03 15:00:43.637,15763,15764,15763,1,-1
2021-02-03 15:00:43.996,15762,15764,15762,6,-6
2021-02-03 15:00:43.996,15762,15764,15761,4,-4
2021-02-03 15:00:43.997,15762,15764,15762,1,1
2021-02-03 15:00:44.220,15761,15763,15761,1,-1
2021-02-03 15:00:44.475,15761,15763,15763,1,1
2021-02-03 15:00:46.988,15761,15763,15763,1,1
2021-02-03 15:00:46.988,15761,15763,15764,1,1
2021-02-03 15:00:48.810,15761,15763,15761,1,-1
2021-02-03 15:00:49.937,15761,15763,15761,7,-7
2021-02-03 15:00:49.939,15761,15763,15761,3,-3
2021-02-03 15:00:52.043,15761,15763,15763,2,2
2021-02-03 15:00:52.061,15761,15763,15763,4,4
2021-02-03 15:00:54.921,15762,15764,15763,1,-1
2021-02-03 15:00:54.921,15762,15764,15762,1,-1
2021-02-03 15:00:54.936,15762,15764,15764,1,1
2021-02-03 15:00:55.811,15762,15764,15764,1,1
2021-02-03 15:00:57.816,15762,15765,15764,1,-1
2021-02-03 15:00:57.936,15763,15765,15765,5,5
2021-02-03 15:00:58.061,15764,15766,15766,2,2
2021-02-03 15:00:58.186,15765,15767,15767,2,2
2021-02-03 15:00:58.936,15764,15766,15766,1,1
2021-02-03 15:01:00.112,15764,15767,15765,1,-1
2021-02-03 15:01:00.143,15764,15767,15765,1,-1
2021-02-03 15:01:00.143,15764,15767,15764,6,-6
2021-02-03 15:01:03.472,15763,15766,15764,1,-1
2021-02-03 15:01:03.564,15763,15766,15766,1,1
2021-02-03 15:01:03.564,15763,15766,15766,1,1
2021-02-03 15:01:03.565,15763,15766,15766,1,1
2021-02-03 15:01:03.565,15763,15766,15766,1,1
2021-02-03 15:01:08.547,15764,15766,15764,1,-1
2021-02-03 15:01:09.145,15764,15766,15766,1,1
2021-02-03 15:01:09.187,15764,15766,15766,1,1
2021-02-03 15:01:09.188,15764,15766,15766,1,1
2021-02-03 15:01:09.188,15764,15766,15766,1,1
2021-02-03 15:01:09.879,15765,15766,15765,1,-1
2021-02-03 15:01:14.111,15763,15765,15763,5,-5
2021-02-03 15:01:14.640,15763,15765,15765,4,4
2021-02-03 15:01:14.640,15763,15765,15766,1,1
2021-02-03 15:01:16.573,15765,15766,15765,1,-1
2021-02-03 15:01:16.882,15763,15766,15763,2,-2
2021-02-03 15:01:21.191,15764,15766,15766,1,1
2021-02-03 15:01:21.312,15764,15766,15766,1,1
2021-02-03 15:01:21.314,15764,15766,15766,1,1
2021-02-03 15:01:21.897,15764,15766,15766,2,2
2021-02-03 15:01:25.528,15765,15766,15766,1,1
2021-02-03 15:01:26.704,15765,15766,15766,1,1
2021-02-03 15:01:27.299,15765,15766,15766,1,1
2021-02-03 15:01:27.312,15765,15766,15766,1,1
2021-02-03 15:01:27.313,15765,15766,15766,1,1
2021-02-03 15:01:27.313,15765,15766,15766,1,1
2021-02-03 15:01:27.313,15765,15766,15766,1,1
2021-02-03 15:01:27.313,15765,15766,15766,1,1
2021-02-03 15:01:27.314,15765,15766,15767,1,1
2021-02-03 15:01:29.160,15765,15767,15767,1,1
2021-02-03 15:01:31.598,15767,15768,15767,4,-4
2021-02-03 15:01:31.600,15767,15768,15766,1,-1
2021-02-03 15:01:32.021,15766,15767,15767,1,1
2021-02-03 15:01:32.940,15766,15767,15767,15,15
2021-02-03 15:01:34.184,15767,15768,15768,2,2
2021-02-03 15:01:35.692,15768,15769,15768,1,-1
2021-02-03 15:01:36.563,15768,15769,15768,1,-1
2021-02-03 15:01:41.164,15768,15769,15768,1,-1
2021-02-03 15:01:41.188,15768,15769,15769,1,1
2021-02-03 15:01:41.188,15768,15769,15769,1,1
2021-02-03 15:01:41.188,15768,15769,15769,1,1
2021-02-03 15:01:41.189,15768,15769,15769,1,1
2021-02-03 15:01:41.189,15768,15769,15770,1,1
2021-02-03 15:01:41.189,15768,15769,15770,1,1
2021-02-03 15:01:41.429,15768,15770,15770,1,1
2021-02-03 15:01:42.068,15768,15770,15768,1,-1
2021-02-03 15:01:42.168,15768,15770,15768,2,-2
2021-02-03 15:01:42.567,15768,15770,15770,1,1
2021-02-03 15:01:43.672,15768,15769,15769,1,1
2021-02-03 15:01:44.185,15768,15770,15768,1,-1
2021-02-03 15:01:44.318,15768,15770,15770,1,1
2021-02-03 15:01:45.228,15768,15770,15770,1,1
2021-02-03 15:01:47.413,15768,15769,15769,1,1
2021-02-03 15:01:47.989,15768,15770,15770,1,1
2021-02-03 15:01:52.629,15768,15770,15770,1,1
2021-02-03 15:01:53.117,15768,15770,15770,1,1
2021-02-03 15:01:53.749,15768,15770,15770,1,1
2021-02-03 15:01:53.827,15769,15770,15770,20,20
2021-02-03 15:01:53.827,15769,15770,15770,1,1
2021-02-03 15:01:53.827,15769,15770,15770,2,2
2021-02-03 15:01:53.827,15769,15770,15770,1,1
2021-02-03 15:01:53.827,15769,15770,15770,1,1
2021-02-03 15:01:53.827,15769,15770,15770,2,2
2021-02-03 15:01:53.827,15769,15770,15770,1,1
2021-02-03 15:01:53.827,15769,15770,15770,1,1
2021-02-03 15:01:53.827,15769,15770,15770,4,4
2021-02-03 15:01:53.827,15769,15770,15770,1,1
2021-02-03 15:01:53.827,15769,15770,15770,1,1
2021-02-03 15:01:53.827,15769,15770,15770,14,14
2021-02-03 15:01:53.828,15769,15770,15770,1,1
2021-02-03 15:01:53.828,15769,15770,15770,1,1
2021-02-03 15:01:53.828,15769,15770,15770,2,2
2021-02-03 15:01:53.828,15769,15770,15770,12,12
2021-02-03 15:01:53.830,15769,15770,15771,1,1
2021-02-03 15:01:53.845,15769,15770,15772,3,3
2021-02-03 15:01:54.396,15772,15773,15773,1,1
2021-02-03 15:01:54.396,15772,15773,15773,1,1
2021-02-03 15:01:55.715,15772,15773,15773,1,1
2021-02-03 15:01:55.716,15772,15773,15773,1,1
2021-02-03 15:02:00.038,15772,15773,15773,1,1
2021-02-03 15:02:00.038,15772,15773,15772,1,-1
2021-02-03 15:02:00.041,15772,15773,15772,1,-1
2021-02-03 15:02:00.041,15772,15773,15772,1,-1
2021-02-03 15:02:00.062,15771,15773,15771,8,-8
2021-02-03 15:02:00.309,15770,15772,15773,1,1
2021-02-03 15:02:02.564,15771,15772,15771,2,-2
2021-02-03 15:02:02.565,15771,15772,15771,1,-1
2021-02-03 15:02:02.967,15771,15772,15772,1,1
2021-02-03 15:02:04.378,15771,15772,15771,1,-1
2021-02-03 15:02:04.378,15771,15772,15771,1,-1
2021-02-03 15:02:05.041,15770,15772,15772,1,1
2021-02-03 15:02:07.957,15770,15771,15771,1,1
2021-02-03 15:02:07.957,15770,15771,15772,1,1
2021-02-03 15:02:10.103,15770,15771,15771,1,1
2021-02-03 15:02:10.660,15770,15772,15770,2,-2
2021-02-03 15:02:10.951,15770,15771,15771,1,1
2021-02-03 15:02:11.663,15770,15772,15772,1,1
2021-02-03 15:02:12.468,15770,15772,15772,1,1
2021-02-03 15:02:12.899,15770,15771,15771,1,1
2021-02-03 15:02:14.613,15769,15772,15772,1,1
2021-02-03 15:02:20.521,15770,15771,15771,1,1
2021-02-03 15:02:22.050,15770,15771,15770,1,-1
2021-02-03 15:02:22.436,15770,15771,15770,2,-2
2021-02-03 15:02:24.178,15769,15771,15769,1,-1
2021-02-03 15:02:36.966,15769,15770,15769,1,-1
2021-02-03 15:02:42.767,15768,15769,15769,1,1
2021-02-03 15:02:57.525,15768,15769,15768,1,-1
2021-02-03 15:03:01.563,15768,15769,15769,1,1
2021-02-03 15:03:02.963,15768,15769,15768,1,-1
2021-02-03 15:03:03.972,15768,15769,15769,1,1
2021-02-03 15:03:07.934,15768,15769,15769,1,1
2021-02-03 15:03:08.361,15768,15770,15769,1,-1
2021-02-03 15:03:09.361,15768,15770,15768,1,-1
2021-02-03 15:03:13.805,15769,15770,15770,1,1
2021-02-03 15:03:14.525,15769,15770,15770,1,1
2021-02-03 15:03:24.431,15769,15770,15770,1,1
2021-02-03 15:03:24.431,15769,15770,15770,1,1
2021-02-03 15:03:28.541,15769,15771,15771,3,3
2021-02-03 15:03:39.883,15769,15771,15770,1,-1
2021-02-03 15:03:55.258,15770,15771,15771,1,1
2021-02-03 15:03:58.581,15770,15771,15770,3,-3
2021-02-03 15:03:58.581,15770,15771,15769,2,-2
2021-02-03 15:04:18.760,15769,15770,15769,5,-5
2021-02-03 15:04:19.515,15768,15770,15768,1,-1
2021-02-03 15:04:25.748,15768,15769,15768,1,-1
2021-02-03 15:04:28.448,15767,15768,15767,3,-3
2021-02-03 15:04:28.448,15767,15768,15767,1,-1
2021-02-03 15:04:28.448,15767,15768,15767,1,-1
2021-02-03 15:04:28.448,15767,15768,15767,1,-1
2021-02-03 15:04:28.548,15767,15768,15766,3,-3
2021-02-03 15:04:31.002,15766,15767,15766,1,-1
2021-02-03 15:04:32.747,15766,15767,15766,1,-1
2021-02-03 15:04:33.988,15766,15767,15766,1,-1
2021-02-03 15:04:34.258,15766,15767,15766,1,-1
2021-02-03 15:04:36.925,15766,15767,15766,1,-1
2021-02-03 15:04:37.660,15766,15767,15766,1,-1
2021-02-03 15:04:38.268,15766,15767,15766,1,-1
2021-02-03 15:04:38.612,15765,15767,15766,1,-1
2021-02-03 15:04:42.135,15765,15766,15766,1,1
2021-02-03 15:04:44.509,15765,15766,15766,3,3
2021-02-03 15:04:51.550,15766,15767,15766,1,-1
2021-02-03 15:04:52.382,15766,15767,15766,1,-1
2021-02-03 15:04:56.396,15765,15766,15766,1,1
2021-02-03 15:04:59.986,15766,15767,15766,1,-1
2021-02-03 15:05:00.214,15765,15766,15766,1,1
2021-02-03 15:05:00.214,15765,15766,15766,1,1
2021-02-03 15:05:07.822,15765,15767,15765,1,-1
2021-02-03 15:05:09.175,15765,15767,15765,1,-1
2021-02-03 15:05:10.025,15765,15766,15766,1,1
2021-02-03 15:05:15.089,15765,15766,15766,1,1
2021-02-03 15:05:16.417,15765,15766,15766,1,1
2021-02-03 15:05:21.010,15766,15767,15766,1,-1
2021-02-03 15:05:21.848,15765,15766,15766,1,1
2021-02-03 15:05:22.201,15765,15766,15766,1,1
2021-02-03 15:05:29.301,15765,15766,15765,4,-4
2021-02-03 15:05:29.302,15765,15766,15765,7,-7
2021-02-03 15:05:37.827,15764,15765,15765,1,1
2021-02-03 15:05:39.904,15764,15765,15764,1,-1
2021-02-03 15:05:41.627,15764,15765,15764,1,-1
2021-02-03 15:05:42.379,15763,15764,15764,1,1
2021-02-03 15:05:43.863,15764,15765,15764,1,-1
2021-02-03 15:05:49.678,15763,15764,15764,2,2
2021-02-03 15:05:50.001,15763,15764,15764,1,1
2021-02-03 15:05:58.026,15763,15764,15764,1,1
2021-02-03 15:05:59.963,15763,15764,15763,10,-10
2021-02-03 15:06:04.179,15762,15763,15763,1,1
2021-02-03 15:06:04.345,15762,15763,15762,3,-3
2021-02-03 15:06:04.346,15762,15763,15762,2,-2
2021-02-03 15:06:04.353,15762,15763,15761,28,-28
2021-02-03 15:06:04.353,15762,15763,15760,2,-2
2021-02-03 15:06:04.370,15762,15763,15760,13,-13
2021-02-03 15:06:04.370,15762,15763,15759,2,-2
2021-02-03 15:06:04.371,15762,15763,15759,1,-1
2021-02-03 15:06:04.532,15758,15760,15758,2,-2
2021-02-03 15:06:05.031,15758,15760,15758,1,-1
2021-02-03 15:06:08.425,15758,15760,15758,3,-3
2021-02-03 15:06:09.938,15759,15760,15760,1,1
2021-02-03 15:06:10.367,15759,15761,15759,1,-1
2021-02-03 15:06:12.884,15758,15759,15759,1,1
2021-02-03 15:06:13.334,15758,15759,15758,5,-5
2021-02-03 15:06:13.334,15758,15759,15757,2,-2
2021-02-03 15:06:13.745,15757,15759,15757,1,-1
2021-02-03 15:06:14.112,15758,15759,15758,1,1
2021-02-03 15:06:15.822,15757,15759,15758,1,-1
2021-02-03 15:06:18.205,15757,15758,15758,1,1
2021-02-03 15:06:18.613,15757,15758,15757,3,-3
2021-02-03 15:06:18.660,15757,15758,15757,1,-1
2021-02-03 15:06:18.862,15756,15758,15758,1,1
2021-02-03 15:06:19.782,15757,15758,15758,1,1
2021-02-03 15:06:20.052,15757,15758,15758,2,2
2021-02-03 15:06:25.006,15758,15759,15758,2,-2
2021-02-03 15:06:25.008,15758,15759,15758,4,-4
2021-02-03 15:06:27.211,15758,15759,15759,1,1
2021-02-03 15:06:30.894,15758,15759,15758,1,-1
2021-02-03 15:06:31.385,15758,15759,15758,1,-1
2021-02-03 15:06:32.411,15758,15759,15759,1,1
2021-02-03 15:06:32.559,15758,15759,15759,1,1
2021-02-03 15:06:35.020,15758,15759,15759,6,6
2021-02-03 15:06:35.224,15758,15760,15758,1,-1
2021-02-03 15:06:35.236,15758,15760,15759,1,1
2021-02-03 15:06:39.084,15758,15759,15758,1,-1
2021-02-03 15:06:39.264,15757,15759,15759,1,1
2021-02-03 15:06:40.022,15758,15759,15759,1,1
2021-02-03 15:06:40.457,15758,15760,15758,1,-1
2021-02-03 15:06:42.760,15758,15759,15759,1,1
2021-02-03 15:06:43.463,15758,15760,15758,1,-1
2021-02-03 15:06:43.464,15758,15760,15758,4,-4
2021-02-03 15:06:45.762,15757,15759,15758,1,-1
2021-02-03 15:06:47.019,15757,15759,15757,1,-1
2021-02-03 15:06:47.780,15757,15758,15758,1,1
2021-02-03 15:06:49.027,15758,15759,15758,1,-1
2021-02-03 15:06:49.028,15758,15759,15758,1,-1
2021-02-03 15:06:50.764,15757,15758,15758,1,1
2021-02-03 15:06:50.872,15757,15759,15758,1,-1
2021-02-03 15:06:51.045,15757,15759,15757,2,-2
2021-02-03 15:06:54.692,15758,15759,15758,1,1
2021-02-03 15:06:56.777,15757,15759,15758,1,-1
2021-02-03 15:07:00.366,15757,15759,15759,1,1
2021-02-03 15:07:00.637,15757,15759,15758,1,-1
2021-02-03 15:07:02.592,15757,15759,15759,1,1
2021-02-03 15:07:04.720,15758,15760,15758,1,-1
2021-02-03 15:07:05.264,15757,15760,15757,1,-1
2021-02-03 15:07:06.044,15757,15760,15760,1,1
2021-02-03 15:07:08.748,15758,15760,15760,14,14
2021-02-03 15:07:08.749,15758,15760,15760,1,1
2021-02-03 15:07:08.967,15759,15761,15761,2,2
2021-02-03 15:07:11.686,15760,15761,15761,3,3
2021-02-03 15:07:19.763,15761,15762,15762,1,1
2021-02-03 15:07:23.658,15761,15764,15764,1,1
2021-02-03 15:07:23.687,15761,15764,15761,1,-1
2021-02-03 15:07:23.688,15761,15764,15761,1,-1
2021-02-03 15:07:23.688,15761,15764,15761,1,-1
2021-02-03 15:07:23.689,15761,15764,15761,1,-1
2021-02-03 15:07:23.689,15761,15764,15761,1,-1
2021-02-03 15:07:23.689,15761,15764,15760,1,-1
2021-02-03 15:07:23.950,15760,15762,15762,1,1
2021-02-03 15:07:24.589,15760,15763,15763,1,1
2021-02-03 15:07:27.220,15761,15763,15761,1,-1
2021-02-03 15:07:33.569,15760,15762,15760,1,-1
2021-02-03 15:07:56.825,15761,15763,15761,3,3
2021-02-03 15:07:56.825,15761,15763,15760,1,-1
2021-02-03 15:08:07.399,15760,15763,15763,1,1
2021-02-03 15:08:08.404,15761,15763,15761,1,-1
2021-02-03 15:08:12.807,15761,15762,15762,1,1
2021-02-03 15:08:13.343,15761,15763,15761,1,-1
2021-02-03 15:08:19.071,15761,15762,15761,1,-1
2021-02-03 15:08:25.525,15761,15762,15761,1,-1
2021-02-03 15:08:35.939,15761,15762,15761,1,-1
2021-02-03 15:08:42.383,15760,15761,15760,1,-1
2021-02-03 15:08:44.621,15760,15761,15761,1,1
2021-02-03 15:08:48.325,15760,15761,15761,1,1
2021-02-03 15:09:09.392,15761,15762,15761,2,-2
2021-02-03 15:09:10.120,15761,15762,15761,1,-1
2021-02-03 15:09:11.517,15761,15762,15761,1,-1
2021-02-03 15:09:15.658,15761,15762,15762,1,1
2021-02-03 15:09:15.659,15761,15762,15762,2,2
2021-02-03 15:09:17.965,15762,15763,15763,1,1
2021-02-03 15:09:20.143,15762,15763,15763,1,1
2021-02-03 15:09:29.411,15762,15764,15764,1,1
2021-02-03 15:09:29.626,15762,15764,15762,3,-3
2021-02-03 15:09:35.084,15762,15764,15762,2,-2
2021-02-03 15:09:49.329,15762,15763,15762,1,-1
2021-02-03 15:09:52.050,15762,15763,15762,1,-1
2021-02-03 15:09:55.564,15762,15763,15762,1,-1
2021-02-03 15:09:56.644,15762,15763,15762,1,-1
2021-02-03 15:10:02.844,15762,15763,15763,2,2
2021-02-03 15:10:08.308,15763,15764,15764,5,5
2021-02-03 15:10:08.309,15763,15764,15764,1,1
2021-02-03 15:10:08.309,15763,15764,15764,1,1
2021-02-03 15:10:08.309,15763,15764,15764,2,2
2021-02-03 15:10:13.980,15764,15765,15765,5,5
2021-02-03 15:10:13.981,15764,15765,15765,1,1
2021-02-03 15:10:13.981,15764,15765,15765,6,6
2021-02-03 15:10:13.985,15764,15765,15766,1,1
2021-02-03 15:10:14.088,15764,15766,15764,1,-1
2021-02-03 15:10:14.373,15765,15766,15765,2,2
2021-02-03 15:10:16.745,15764,15765,15765,1,1
2021-02-03 15:10:16.885,15764,15766,15766,5,5
2021-02-03 15:10:20.237,15765,15767,15767,5,5
2021-02-03 15:10:20.922,15765,15767,15766,1,-1
2021-02-03 15:10:20.923,15765,15767,15766,1,-1
2021-02-03 15:10:24.364,15765,15767,15767,6,6
2021-02-03 15:10:26.312,15765,15768,15768,6,6
2021-02-03 15:10:26.668,15766,15768,15766,1,-1
2021-02-03 15:10:28.549,15766,15767,15767,1,1
2021-02-03 15:10:28.549,15766,15767,15768,1,1
2021-02-03 15:10:31.092,15766,15768,15768,3,3
2021-02-03 15:10:31.092,15766,15768,15769,2,2
2021-02-03 15:10:31.249,15767,15769,15767,1,-1
2021-02-03 15:10:33.789,15767,15768,15767,1,-1
2021-02-03 15:10:36.607,15767,15768,15768,1,1
2021-02-03 15:10:39.936,15767,15768,15768,1,1
2021-02-03 15:10:41.249,15767,15768,15768,2,2
2021-02-03 15:10:43.293,15767,15768,15767,4,-4
2021-02-03 15:10:45.740,15766,15768,15768,7,7
2021-02-03 15:10:45.740,15766,15768,15769,9,9
2021-02-03 15:10:46.925,15766,15768,15768,1,1
2021-02-03 15:10:47.008,15766,15768,15767,1,-1
2021-02-03 15:10:48.381,15766,15768,15767,3,-3
2021-02-03 15:10:48.562,15766,15768,15768,1,1
2021-02-03 15:10:50.335,15767,15769,15769,1,1
2021-02-03 15:10:53.998,15768,15769,15769,1,1
2021-02-03 15:10:54.061,15768,15769,15769,2,2
2021-02-03 15:10:54.120,15768,15769,15768,1,-1
2021-02-03 15:10:55.561,15768,15769,15769,1,1
2021-02-03 15:10:58.480,15769,15770,15769,2,-2
2021-02-03 15:11:00.686,15768,15769,15769,1,1
2021-02-03 15:11:00.828,15768,15770,15770,3,3
2021-02-03 15:11:00.936,15768,15770,15770,1,1
2021-02-03 15:11:02.942,15769,15771,15771,1,1
2021-02-03 15:11:09.224,15770,15771,15771,1,1
2021-02-03 15:11:09.341,15770,15771,15771,1,1
2021-02-03 15:11:09.341,15770,15771,15771,2,2
2021-02-03 15:11:12.473,15770,15771,15771,1,1
2021-02-03 15:11:12.939,15770,15771,15770,2,-2
2021-02-03 15:11:14.399,15770,15771,15770,1,-1
2021-02-03 15:11:14.704,15770,15771,15771,1,1
2021-02-03 15:11:14.811,15770,15771,15771,2,2
2021-02-03 15:11:15.186,15770,15771,15771,1,1
2021-02-03 15:11:20.414,15771,15772,15771,1,-1
2021-02-03 15:11:20.591,15771,15772,15772,1,1
2021-02-03 15:11:21.885,15771,15772,15772,1,1
2021-02-03 15:11:22.615,15771,15772,15772,1,1
2021-02-03 15:11:22.813,15771,15772,15772,1,1
2021-02-03 15:11:23.068,15771,15772,15772,1,1
2021-02-03 15:11:24.815,15771,15772,15772,1,1
2021-02-03 15:11:25.494,15771,15772,15772,1,1
2021-02-03 15:11:25.630,15771,15772,15772,1,1
2021-02-03 15:11:25.745,15771,15772,15772,1,1
2021-02-03 15:11:27.457,15772,15773,15772,1,-1
2021-02-03 15:11:27.457,15772,15773,15772,1,-1
2021-02-03 15:11:27.457,15772,15773,15772,1,-1
2021-02-03 15:11:27.457,15772,15773,15772,1,-1
2021-02-03 15:11:28.833,15771,15773,15773,1,1
2021-02-03 15:11:28.955,15771,15773,15773,1,1
2021-02-03 15:11:29.239,15771,15773,15772,1,-1
2021-02-03 15:11:33.123,15771,15772,15772,2,2
2021-02-03 15:11:33.441,15771,15772,15772,4,4
2021-02-03 15:11:33.441,15771,15772,15773,11,11
2021-02-03 15:11:34.796,15772,15773,15772,1,-1
2021-02-03 15:11:34.963,15771,15772,15772,1,1
2021-02-03 15:11:34.963,15771,15772,15773,1,1
2021-02-03 15:11:39.492,15772,15773,15772,2,-2
2021-02-03 15:11:39.495,15772,15773,15772,1,-1
2021-02-03 15:11:42.735,15772,15773,15772,1,-1
2021-02-03 15:11:44.269,15771,15773,15772,1,-1
2021-02-03 15:11:46.886,15772,15773,15772,2,-2
2021-02-03 15:11:47.130,15771,15772,15771,14,-14
2021-02-03 15:11:47.267,15770,15772,15772,1,1
2021-02-03 15:11:50.330,15770,15772,15772,2,2
2021-02-03 15:11:59.260,15770,15772,15770,2,-2
2021-02-03 15:11:59.336,15770,15772,15772,1,1
2021-02-03 15:11:59.897,15770,15772,15772,1,1
2021-02-03 15:12:08.939,15770,15771,15771,1,1
2021-02-03 15:12:09.665,15770,15771,15770,1,-1
2021-02-03 15:12:10.019,15770,15771,15770,1,-1
2021-02-03 15:12:10.020,15770,15771,15770,1,-1
2021-02-03 15:12:10.021,15770,15771,15770,1,-1
2021-02-03 15:12:10.021,15770,15771,15770,1,-1
2021-02-03 15:12:10.641,15769,15770,15769,1,-1
2021-02-03 15:12:10.642,15769,15770,15769,2,-2
2021-02-03 15:12:10.642,15769,15770,15769,2,-2
2021-02-03 15:12:19.688,15768,15769,15769,1,1
2021-02-03 15:12:28.831,15769,15770,15770,8,8
2021-02-03 15:12:28.936,15770,15771,15771,2,2
2021-02-03 15:12:28.938,15770,15771,15770,1,-1
2021-02-03 15:12:28.938,15770,15771,15770,1,-1
2021-02-03 15:12:32.686,15771,15772,15772,1,1
2021-02-03 15:12:32.812,15771,15772,15771,1,-1
2021-02-03 15:12:33.184,15771,15772,15772,2,2
2021-02-03 15:12:33.184,15771,15772,15772,5,5
2021-02-03 15:12:33.945,15772,15773,15772,2,-2
2021-02-03 15:12:43.543,15771,15772,15772,1,1
2021-02-03 15:12:48.251,15771,15772,15772,1,1
2021-02-03 15:12:48.251,15771,15772,15772,1,1
2021-02-03 15:12:51.800,15772,15773,15772,1,-1
2021-02-03 15:12:57.920,15772,15773,15772,1,-1
2021-02-03 15:12:57.943,15771,15772,15772,1,1
2021-02-03 15:12:57.957,15771,15772,15772,1,1
2021-02-03 15:12:57.957,15771,15772,15773,16,16
2021-02-03 15:12:57.957,15771,15772,15774,3,3
2021-02-03 15:12:58.037,15771,15772,15772,1,1
2021-02-03 15:13:01.473,15773,15774,15774,1,1
2021-02-03 15:13:01.742,15773,15774,15774,2,2
2021-02-03 15:13:02.738,15773,15775,15775,3,3
2021-02-03 15:13:02.738,15773,15775,15775,1,1
2021-02-03 15:13:02.909,15773,15775,15775,1,1
2021-02-03 15:13:02.909,15773,15775,15775,1,1
2021-02-03 15:13:04.086,15773,15775,15774,2,-2
2021-02-03 15:13:04.763,15773,15775,15775,3,3
2021-02-03 15:13:04.763,15773,15775,15776,2,2
2021-02-03 15:13:08.023,15773,15775,15775,1,1
2021-02-03 15:13:19.688,15773,15775,15774,3,-3
2021-02-03 15:13:22.154,15773,15775,15773,1,-1
2021-02-03 15:13:22.194,15773,15775,15773,1,-1
2021-02-03 15:13:22.631,15773,15774,15773,1,-1
2021-02-03 15:13:24.197,15772,15773,15772,1,-1
2021-02-03 15:13:24.927,15772,15773,15772,1,-1
2021-02-03 15:13:30.127,15771,15772,15771,3,-3
2021-02-03 15:13:37.349,15770,15772,15772,1,1
2021-02-03 15:13:49.891,15771,15772,15771,1,-1
2021-02-03 15:13:53.748,15770,15772,15772,6,6
2021-02-03 15:14:00.355,15771,15772,15772,1,1
2021-02-03 15:14:04.320,15771,15773,15771,2,-2
2021-02-03 15:14:10.818,15771,15772,15771,1,-1
2021-02-03 15:14:17.625,15771,15772,15771,5,-5
2021-02-03 15:14:18.147,15770,15771,15771,1,1
2021-02-03 15:14:20.486,15770,15771,15771,2,2
2021-02-03 15:14:20.486,15770,15771,15772,1,1
2021-02-03 15:14:33.394,15770,15772,15770,1,-1
2021-02-03 15:14:33.696,15770,15772,15770,1,-1
2021-02-03 15:14:35.175,15770,15772,15772,1,1
2021-02-03 15:14:38.180,15770,15772,15771,1,-1
2021-02-03 15:14:52.704,15770,15771,15770,1,-1
2021-02-03 15:14:54.299,15770,15771,15770,1,-1
2021-02-03 15:14:55.138,15769,15771,15769,13,-13
2021-02-03 15:14:58.685,15768,15769,15768,5,-5
2021-02-03 15:15:00.451,15767,15769,15769,3,3
2021-02-03 15:15:00.774,15767,15769,15767,3,-3
2021-02-03 15:15:00.774,15767,15769,15767,2,-2
2021-02-03 15:15:00.876,15767,15769,15767,3,-3
2021-02-03 15:15:01.268,15766,15768,15766,5,-5
2021-02-03 15:15:01.312,15766,15767,15767,1,1
2021-02-03 15:15:05.139,15766,15767,15767,1,1
2021-02-03 15:15:06.027,15766,15768,15768,1,1
2021-02-03 15:15:11.647,15767,15768,15767,1,-1
2021-02-03 15:15:11.688,15767,15768,15768,1,1
2021-02-03 15:15:11.688,15767,15768,15768,1,1
2021-02-03 15:15:13.112,15767,15768,15767,1,-1
2021-02-03 15:15:20.221,15766,15767,15767,1,1
2021-02-03 15:15:22.501,15766,15767,15766,1,-1
2021-02-03 15:15:22.562,15766,15767,15767,1,1
2021-02-03 15:15:22.563,15766,15767,15767,1,1
2021-02-03 15:15:22.563,15766,15767,15768,1,1
2021-02-03 15:15:22.564,15766,15767,15768,1,1
2021-02-03 15:15:22.564,15766,15767,15769,1,1
2021-02-03 15:15:22.564,15766,15767,15769,1,1
2021-02-03 15:15:23.238,15767,15769,15767,1,-1
2021-02-03 15:15:25.446,15767,15769,15767,2,-2
2021-02-03 15:15:25.446,15767,15769,15766,3,-3
2021-02-03 15:15:42.961,15766,15767,15766,1,-1
2021-02-03 15:15:45.109,15766,15767,15766,3,-3
2021-02-03 15:15:46.373,15766,15767,15767,1,1
2021-02-03 15:15:46.548,15766,15767,15766,1,-1
2021-02-03 15:15:46.685,15766,15767,15767,1,1
2021-02-03 15:15:46.706,15766,15767,15766,1,-1
2021-02-03 15:15:50.543,15766,15767,15767,1,1
2021-02-03 15:16:03.976,15766,15768,15767,1,-1
2021-02-03 15:16:08.879,15767,15768,15768,4,4
2021-02-03 15:16:08.937,15768,15769,15769,1,1
2021-02-03 15:16:08.939,15768,15769,15769,1,1
2021-02-03 15:16:25.062,15768,15769,15768,1,-1
2021-02-03 15:16:25.187,15768,15769,15769,1,1
2021-02-03 15:16:25.188,15768,15769,15769,1,1
2021-02-03 15:16:25.188,15768,15769,15769,1,1
2021-02-03 15:16:25.190,15768,15769,15769,1,1
2021-02-03 15:16:25.190,15768,15769,15769,4,4
2021-02-03 15:16:27.568,15769,15770,15770,1,1
2021-02-03 15:16:27.689,15769,15771,15771,1,1
2021-02-03 15:16:41.705,15770,15771,15770,5,-5
2021-02-03 15:16:41.813,15769,15771,15771,1,1
2021-02-03 15:16:41.813,15769,15771,15771,1,1
2021-02-03 15:16:51.000,15770,15771,15771,1,1
2021-02-03 15:16:51.063,15770,15771,15771,1,1
2021-02-03 15:16:51.064,15770,15771,15771,1,1
2021-02-03 15:16:51.064,15770,15771,15771,5,5
2021-02-03 15:17:08.502,15771,15772,15771,1,-1
2021-02-03 15:17:11.574,15770,15771,15771,1,1
2021-02-03 15:17:11.575,15770,15771,15771,1,1
2021-02-03 15:17:11.575,15770,15771,15771,1,1
2021-02-03 15:17:11.575,15770,15771,15771,1,1
2021-02-03 15:17:11.575,15770,15771,15771,1,1
2021-02-03 15:17:18.969,15770,15772,15772,3,3
2021-02-03 15:17:34.649,15771,15772,15772,2,2
2021-02-03 15:17:39.816,15771,15772,15772,1,1
2021-02-03 15:17:43.022,15771,15772,15771,1,-1
2021-02-03 15:17:43.022,15771,15772,15771,1,-1
2021-02-03 15:17:43.040,15771,15772,15770,10,-10
2021-02-03 15:17:46.869,15769,15770,15770,2,2
2021-02-03 15:17:52.064,15769,15770,15769,1,-1
2021-02-03 15:18:21.457,15769,15770,15769,1,-1
2021-02-03 15:18:21.457,15769,15770,15769,2,-2
2021-02-03 15:18:21.457,15769,15770,15769,5,-5
2021-02-03 15:18:21.457,15769,15770,15769,1,-1
2021-02-03 15:18:21.457,15769,15770,15769,1,-1
2021-02-03 15:19:07.046,15768,15769,15769,1,1
2021-02-03 15:19:10.476,15768,15769,15768,1,-1
2021-02-03 15:19:10.561,15768,15769,15768,5,-5
2021-02-03 15:19:33.713,15767,15768,15767,2,-2
2021-02-03 15:19:35.934,15766,15767,15766,1,-1
2021-02-03 15:19:35.934,15766,15767,15766,1,-1
2021-02-03 15:19:35.934,15766,15767,15766,1,-1
2021-02-03 15:19:35.934,15766,15767,15766,4,-4
2021-02-03 15:19:37.882,15765,15767,15767,1,1
2021-02-03 15:19:41.133,15765,15766,15765,1,-1
2021-02-03 15:19:41.261,15765,15766,15765,1,-1
2021-02-03 15:19:41.320,15765,15766,15766,1,1
2021-02-03 15:19:41.874,15765,15766,15766,1,1
2021-02-03 15:19:44.474,15765,15766,15765,1,-1
2021-02-03 15:19:46.399,15765,15766,15765,1,-1
2021-02-03 15:19:51.038,15765,15766,15765,1,-1
2021-02-03 15:19:52.360,15765,15766,15765,1,-1
2021-02-03 15:19:54.491,15765,15766,15765,1,-1
2021-02-03 15:19:57.767,15765,15766,15765,1,-1
2021-02-03 15:20:09.025,15764,15766,15765,1,-1
2021-02-03 15:20:12.346,15765,15766,15765,2,-2
2021-02-03 15:20:14.126,15764,15765,15764,1,-1
2021-02-03 15:20:17.265,15764,15765,15765,2,2
2021-02-03 15:20:20.293,15764,15765,15765,1,1
2021-02-03 15:20:20.346,15764,15765,15764,1,-1
2021-02-03 15:20:21.143,15764,15765,15765,7,7
2021-02-03 15:20:21.186,15765,15766,15766,5,5
2021-02-03 15:20:21.187,15765,15766,15766,1,1
2021-02-03 15:20:21.187,15765,15766,15766,1,1
2021-02-03 15:20:21.187,15765,15766,15766,1,1
2021-02-03 15:20:36.337,15766,15767,15766,1,-1
2021-02-03 15:20:45.234,15765,15767,15767,1,1
2021-02-03 15:20:48.701,15766,15767,15766,1,-1
2021-02-03 15:20:49.629,15766,15767,15767,2,2
2021-02-03 15:21:10.610,15766,15767,15767,1,1
2021-02-03 15:21:15.088,15766,15767,15767,1,1
2021-02-03 15:21:24.764,15767,15768,15767,2,-2
2021-02-03 15:21:24.764,15767,15768,15767,5,-5
2021-02-03 15:21:45.004,15767,15768,15768,1,1
2021-02-03 15:22:02.352,15767,15768,15768,1,1
2021-02-03 15:22:05.781,15767,15768,15768,1,1
2021-02-03 15:22:05.781,15767,15768,15768,1,1
2021-02-03 15:22:11.899,15768,15769,15768,3,-3
2021-02-03 15:22:17.500,15767,15768,15767,1,-1
2021-02-03 15:22:17.928,15766,15768,15768,1,1
2021-02-03 15:22:48.011,15766,15767,15767,1,1
2021-02-03 15:22:57.382,15766,15767,15767,1,1
2021-02-03 15:23:44.670,15766,15767,15767,3,3
2021-02-03 15:23:47.686,15766,15768,15768,2,2
2021-02-03 15:23:47.866,15767,15768,15768,5,5
2021-02-03 15:23:47.867,15767,15768,15768,1,1
2021-02-03 15:23:47.867,15767,15768,15768,2,2
2021-02-03 15:23:48.089,15767,15769,15769,5,5
2021-02-03 15:23:48.163,15767,15769,15769,2,2
2021-02-03 15:23:48.163,15767,15769,15769,5,5
2021-02-03 15:23:48.203,15768,15770,15770,2,2
2021-02-03 15:23:48.697,15769,15770,15770,1,1
2021-02-03 15:23:48.936,15769,15770,15770,1,1
2021-02-03 15:24:00.407,15769,15770,15769,1,-1
2021-02-03 15:24:12.738,15769,15770,15769,1,-1
2021-02-03 15:24:15.342,15769,15770,15770,1,1
2021-02-03 15:24:15.342,15769,15770,15770,1,1
2021-02-03 15:24:15.342,15769,15770,15770,6,6
2021-02-03 15:24:25.125,15770,15771,15770,1,-1
2021-02-03 15:24:25.495,15770,15771,15770,1,-1
2021-02-03 15:24:32.621,15770,15771,15770,1,-1
2021-02-03 15:24:32.733,15769,15771,15770,1,-1
2021-02-03 15:25:01.240,15770,15771,15771,1,1
2021-02-03 15:25:01.844,15770,15771,15770,1,-1
2021-02-03 15:25:02.778,15770,15771,15771,1,1
2021-02-03 15:25:04.829,15770,15771,15771,1,1
2021-02-03 15:25:07.147,15770,15771,15771,1,1
2021-02-03 15:25:07.148,15770,15771,15771,12,12
2021-02-03 15:25:22.708,15771,15772,15771,3,-3
2021-02-03 15:25:22.776,15771,15772,15772,1,1
2021-02-03 15:25:29.253,15770,15772,15771,1,-1
2021-02-03 15:25:31.285,15770,15772,15772,1,1
2021-02-03 15:25:34.119,15770,15771,15770,12,-12
2021-02-03 15:25:52.145,15769,15770,15770,1,1
2021-02-03 15:25:57.363,15769,15770,15769,1,-1
2021-02-03 15:26:13.281,15769,15770,15769,1,-1
2021-02-03 15:26:17.223,15769,15770,15769,1,-1
2021-02-03 15:26:17.224,15769,15770,15769,1,-1
2021-02-03 15:26:22.425,15768,15769,15769,4,4
2021-02-03 15:26:22.425,15768,15769,15770,1,1
2021-02-03 15:26:36.739,15769,15770,15769,1,-1
2021-02-03 15:26:49.424,15769,15770,15770,2,2
2021-02-03 15:26:49.425,15769,15770,15770,4,4
2021-02-03 15:26:58.575,15769,15771,15771,4,4
2021-02-03 15:27:08.499,15771,15772,15771,1,-1
2021-02-03 15:27:09.555,15770,15772,15772,1,1
2021-02-03 15:27:10.839,15770,15772,15772,1,1
2021-02-03 15:27:13.528,15770,15771,15771,1,1
2021-02-03 15:27:29.440,15771,15772,15772,2,2
2021-02-03 15:27:29.441,15771,15772,15772,8,8
2021-02-03 15:27:29.617,15771,15773,15773,2,2
2021-02-03 15:27:29.955,15771,15773,15773,2,2
2021-02-03 15:27:33.932,15771,15773,15771,1,-1
2021-02-03 15:27:58.954,15771,15772,15772,1,1
2021-02-03 15:28:15.740,15771,15772,15772,3,3
2021-02-03 15:28:19.652,15771,15772,15771,1,-1
2021-02-03 15:28:28.507,15771,15772,15772,1,1
2021-02-03 15:28:29.318,15771,15772,15772,1,1
2021-02-03 15:28:29.318,15771,15772,15772,1,1
2021-02-03 15:28:29.318,15771,15772,15772,4,4
2021-02-03 15:28:29.318,15771,15772,15772,4,4
2021-02-03 15:28:51.200,15772,15773,15772,1,-1
2021-02-03 15:29:08.355,15772,15773,15772,1,-1
2021-02-03 15:29:15.933,15772,15773,15772,1,-1
2021-02-03 15:29:30.880,15772,15773,15772,1,-1
2021-02-03 15:29:47.577,15772,15773,15773,1,1
2021-02-03 15:29:52.923,15772,15773,15772,1,-1
2021-02-03 15:29:57.174,15772,15773,15772,1,-1
2021-02-03 15:30:06.569,15772,15773,15772,7,-7
2021-02-03 15:30:07.014,15771,15773,15773,1,1
2021-02-03 15:30:07.014,15771,15773,15773,1,1
2021-02-03 15:30:07.031,15771,15773,15773,1,1
2021-02-03 15:30:07.062,15771,15773,15773,1,1
2021-02-03 15:30:10.023,15771,15772,15772,1,1
2021-02-03 15:30:10.898,15772,15773,15772,1,-1
2021-02-03 15:30:12.239,15771,15773,15772,1,-1
2021-02-03 15:30:12.533,15771,15773,15772,1,-1
2021-02-03 15:30:12.562,15772,15773,15772,1,-1
2021-02-03 15:30:13.563,15772,15773,15772,1,-1
2021-02-03 15:30:16.301,15772,15773,15772,1,-1
2021-02-03 15:30:16.487,15771,15773,15771,1,-1
2021-02-03 15:30:16.955,15771,15772,15772,2,2
2021-02-03 15:30:21.740,15772,15773,15772,1,-1
2021-02-03 15:30:24.016,15771,15772,15771,7,-7
2021-02-03 15:30:24.016,15771,15772,15771,2,-2
2021-02-03 15:30:30.993,15770,15771,15770,1,-1
2021-02-03 15:30:30.993,15770,15771,15770,5,-5
2021-02-03 15:30:33.112,15769,15771,15771,2,2
2021-02-03 15:30:40.376,15770,15771,15771,2,2
2021-02-03 15:30:50.734,15770,15771,15771,2,2
2021-02-03 15:30:58.775,15770,15771,15771,1,1
2021-02-03 15:31:04.006,15771,15772,15772,5,5
2021-02-03 15:31:23.370,15771,15773,15772,1,-1
2021-02-03 15:31:54.859,15771,15772,15772,1,1
2021-02-03 15:31:55.886,15771,15772,15772,1,1
2021-02-03 15:31:56.595,15771,15772,15772,1,1
2021-02-03 15:32:02.953,15771,15772,15772,1,1
2021-02-03 15:32:18.099,15772,15773,15773,4,4
2021-02-03 15:32:18.099,15772,15773,15773,1,1
2021-02-03 15:32:18.100,15772,15773,15773,6,6
2021-02-03 15:32:21.076,15772,15774,15774,3,3
2021-02-03 15:32:27.865,15773,15774,15774,1,1
2021-02-03 15:32:27.865,15773,15774,15774,4,4
2021-02-03 15:32:27.865,15773,15774,15774,1,1
2021-02-03 15:32:27.865,15773,15774,15774,2,2
2021-02-03 15:32:39.565,15773,15774,15774,1,1
2021-02-03 15:32:42.717,15773,15774,15774,1,1
2021-02-03 15:32:48.193,15773,15775,15775,2,2
2021-02-03 15:32:49.471,15773,15775,15774,1,-1
2021-02-03 15:32:49.611,15773,15775,15773,3,-3
2021-02-03 15:32:57.599,15773,15775,15774,1,1
2021-02-03 15:33:05.864,15774,15775,15774,1,-1
2021-02-03 15:33:06.131,15774,15775,15775,1,1
2021-02-03 15:33:12.668,15774,15775,15775,1,1
2021-02-03 15:33:13.888,15774,15775,15775,2,2
2021-02-03 15:33:13.889,15774,15775,15775,12,12
2021-02-03 15:33:18.108,15775,15776,15775,2,-2
2021-02-03 15:33:18.715,15775,15776,15776,1,1
2021-02-03 15:33:19.007,15775,15776,15776,1,1
2021-02-03 15:33:19.643,15775,15776,15776,4,4
2021-02-03 15:33:21.512,15775,15776,15776,1,1
2021-02-03 15:33:23.925,15775,15776,15776,3,3
2021-02-03 15:33:23.925,15775,15776,15776,9,9
2021-02-03 15:33:23.925,15775,15776,15776,1,1
2021-02-03 15:33:23.986,15776,15777,15776,1,-1
2021-02-03 15:33:24.152,15775,15777,15777,1,1
2021-02-03 15:33:24.206,15775,15777,15777,1,1
2021-02-03 15:33:24.342,15775,15777,15777,1,1
2021-02-03 15:33:24.389,15775,15777,15777,1,1
2021-02-03 15:33:24.439,15775,15777,15777,1,1
2021-02-03 15:33:24.527,15775,15777,15777,2,2
2021-02-03 15:33:24.528,15775,15777,15777,1,1
2021-02-03 15:33:24.826,15776,15777,15776,1,-1
2021-02-03 15:33:25.010,15776,15777,15776,1,-1
2021-02-03 15:33:28.792,15776,15777,15777,1,1
2021-02-03 15:33:31.572,15776,15777,15777,1,1
2021-02-03 15:33:32.740,15776,15777,15777,1,1
2021-02-03 15:33:34.835,15776,15777,15777,1,1
2021-02-03 15:33:34.835,15776,15777,15777,1,1
2021-02-03 15:33:37.253,15776,15777,15777,1,1
2021-02-03 15:33:37.405,15776,15778,15778,1,1
2021-02-03 15:33:38.273,15776,15778,15777,1,-1
2021-02-03 15:33:42.388,15776,15778,15778,1,1
2021-02-03 15:33:42.822,15776,15778,15778,1,1
2021-02-03 15:33:44.489,15776,15777,15777,1,1
2021-02-03 15:33:45.494,15776,15777,15777,1,1
2021-02-03 15:33:47.091,15777,15778,15777,1,-1
2021-02-03 15:33:47.091,15777,15778,15777,3,-3
2021-02-03 15:33:47.092,15777,15778,15777,8,-8
2021-02-03 15:33:47.183,15777,15778,15778,1,1
2021-02-03 15:33:51.645,15776,15778,15778,1,1
2021-02-03 15:33:58.174,15776,15777,15777,1,1
2021-02-03 15:34:24.856,15776,15778,15776,2,-2
2021-02-03 15:34:24.856,15776,15778,15776,10,-10
2021-02-03 15:34:24.857,15776,15778,15776,2,-2
2021-02-03 15:34:24.857,15776,15778,15776,1,-1
2021-02-03 15:34:24.857,15776,15778,15776,1,-1
2021-02-03 15:34:25.029,15775,15776,15775,9,-9
2021-02-03 15:34:25.979,15774,15775,15775,1,1
2021-02-03 15:34:32.408,15774,15775,15775,1,1
2021-02-03 15:34:32.737,15774,15775,15775,1,1
2021-02-03 15:34:37.601,15774,15776,15776,2,2
2021-02-03 15:34:41.393,15775,15776,15775,1,-1
2021-02-03 15:35:08.771,15774,15776,15775,1,-1
2021-02-03 15:35:25.650,15774,15775,15775,1,1
2021-02-03 15:35:32.550,15774,15775,15775,1,1
2021-02-03 15:35:32.550,15774,15775,15775,1,1
2021-02-03 15:35:40.443,15774,15775,15775,1,1
2021-02-03 15:35:42.247,15774,15775,15775,1,1
2021-02-03 15:35:54.725,15774,15776,15775,1,-1
2021-02-03 15:36:24.631,15774,15775,15775,1,1
2021-02-03 15:36:25.435,15774,15775,15774,2,-2
2021-02-03 15:36:30.425,15774,15775,15774,2,-2
2021-02-03 15:36:33.215,15773,15775,15773,1,-1
2021-02-03 15:36:35.868,15773,15774,15773,5,-5
2021-02-03 15:36:45.250,15772,15773,15773,1,1
2021-02-03 15:36:48.053,15772,15773,15772,1,-1
2021-02-03 15:36:48.053,15772,15773,15772,2,-2
2021-02-03 15:36:48.053,15772,15773,15772,1,-1
2021-02-03 15:36:55.758,15771,15772,15772,3,3
2021-02-03 15:36:59.613,15771,15773,15773,1,1
2021-02-03 15:37:01.585,15771,15773,15773,1,1
2021-02-03 15:37:16.733,15771,15772,15771,2,-2
2021-02-03 15:37:20.147,15771,15772,15772,1,1
2021-02-03 15:37:20.203,15771,15772,15771,1,-1
2021-02-03 15:37:20.244,15771,15772,15772,1,1
2021-02-03 15:37:25.763,15771,15772,15771,6,-6
2021-02-03 15:37:27.115,15770,15772,15772,1,1
2021-02-03 15:37:33.736,15771,15772,15772,2,2
2021-02-03 15:37:38.379,15771,15772,15772,3,3
2021-02-03 15:37:40.476,15771,15773,15773,1,1
2021-02-03 15:37:42.046,15771,15773,15773,1,1
2021-02-03 15:37:42.362,15772,15773,15773,1,1
2021-02-03 15:37:44.128,15772,15773,15773,1,1
2021-02-03 15:37:45.638,15772,15773,15773,1,1
2021-02-03 15:37:57.240,15772,15774,15774,1,1
2021-02-03 15:38:02.686,15773,15774,15774,1,1
2021-02-03 15:38:11.583,15773,15774,15773,1,-1
2021-02-03 15:38:13.307,15773,15774,15774,2,2
2021-02-03 15:38:15.759,15773,15774,15773,1,-1
2021-02-03 15:38:36.375,15772,15773,15772,9,-9
2021-02-03 15:38:44.630,15771,15772,15772,1,1
2021-02-03 15:38:44.630,15771,15772,15772,1,1
2021-02-03 15:38:44.630,15771,15772,15772,2,2
2021-02-03 15:38:44.630,15771,15772,15772,1,1
2021-02-03 15:38:45.295,15772,15773,15773,2,2
2021-02-03 15:39:01.016,15772,15773,15773,1,1
2021-02-03 15:39:01.061,15772,15773,15773,1,1
2021-02-03 15:39:13.676,15772,15773,15773,1,1
2021-02-03 15:39:24.409,15772,15773,15773,1,1
2021-02-03 15:39:50.002,15772,15773,15772,3,-3
2021-02-03 15:40:09.875,15771,15772,15771,6,-6
2021-02-03 15:40:09.875,15771,15772,15771,2,-2
2021-02-03 15:40:16.498,15770,15771,15770,2,-2
2021-02-03 15:40:16.654,15770,15771,15770,1,-1
2021-02-03 15:40:18.413,15770,15771,15770,3,-3
2021-02-03 15:40:22.540,15770,15771,15770,1,-1
2021-02-03 15:40:25.501,15770,15771,15770,13,-13
2021-02-03 15:40:25.621,15769,15770,15769,1,-1
2021-02-03 15:40:25.621,15769,15770,15769,1,-1
2021-02-03 15:40:25.621,15769,15770,15769,1,-1
2021-02-03 15:40:26.611,15769,15770,15769,1,-1
2021-02-03 15:40:26.658,15769,15770,15770,1,1
2021-02-03 15:40:29.152,15768,15770,15768,2,-2
2021-02-03 15:40:31.138,15768,15770,15768,1,-1
2021-02-03 15:40:32.319,15768,15770,15768,1,-1
2021-02-03 15:40:38.452,15768,15770,15769,1,1
2021-02-03 15:40:46.682,15769,15770,15769,1,-1
2021-02-03 15:40:46.682,15769,15770,15769,1,-1
2021-02-03 15:41:02.501,15768,15769,15769,3,3
2021-02-03 15:41:03.697,15769,15770,15769,1,-1
2021-02-03 15:41:30.801,15769,15770,15769,1,-1
2021-02-03 15:41:38.834,15769,15770,15770,7,7
2021-02-03 15:41:54.063,15770,15771,15771,1,1
2021-02-03 15:42:51.873,15770,15771,15770,1,-1
2021-02-03 15:42:52.277,15770,15771,15770,1,-1
2021-02-03 15:42:55.857,15770,15771,15770,1,-1
2021-02-03 15:42:59.144,15769,15771,15769,1,-1
2021-02-03 15:43:08.331,15769,15770,15769,1,-1
2021-02-03 15:43:16.258,15769,15770,15769,1,-1
2021-02-03 15:43:25.311,15769,15770,15770,1,1
2021-02-03 15:43:41.275,15770,15771,15770,2,-2
2021-02-03 15:44:38.145,15769,15770,15770,1,1
2021-02-03 15:44:45.658,15769,15770,15770,1,1
2021-02-03 15:44:45.658,15769,15770,15770,2,2
2021-02-03 15:44:45.659,15769,15770,15770,2,2
2021-02-03 15:44:55.104,15770,15771,15770,2,-2
2021-02-03 15:44:55.105,15770,15771,15770,1,-1
2021-02-03 15:45:17.950,15770,15771,15770,1,-1
2021-02-03 15:45:19.942,15770,15771,15770,1,-1
2021-02-03 15:45:27.811,15769,15770,15770,1,1
2021-02-03 15:45:33.205,15770,15771,15770,3,-3
2021-02-03 15:45:33.205,15770,15771,15770,1,-1
2021-02-03 15:45:33.205,15770,15771,15770,1,-1
2021-02-03 15:45:39.896,15770,15771,15770,1,-1
2021-02-03 15:45:45.098,15769,15770,15770,1,1
2021-02-03 15:45:45.098,15769,15770,15771,1,1
2021-02-03 15:45:46.746,15769,15771,15770,1,-1
2021-02-03 15:46:18.932,15770,15771,15770,1,-1
2021-02-03 15:47:05.936,15770,15771,15771,1,1
2021-02-03 15:47:15.987,15770,15771,15771,1,1
2021-02-03 15:47:29.901,15771,15772,15772,6,6
2021-02-03 15:47:32.312,15772,15773,15773,3,3
2021-02-03 15:48:03.236,15773,15774,15774,1,1
2021-02-03 15:48:06.334,15774,15775,15774,1,-1
2021-02-03 15:48:08.499,15774,15775,15774,5,-5
2021-02-03 15:48:12.532,15773,15774,15774,1,1
2021-02-03 15:48:14.238,15773,15774,15773,1,-1
2021-02-03 15:48:14.238,15773,15774,15773,3,-3
2021-02-03 15:48:14.239,15773,15774,15773,4,-4
2021-02-03 15:48:16.760,15772,15773,15772,3,-3
2021-02-03 15:48:20.145,15771,15773,15773,2,2
2021-02-03 15:48:28.179,15772,15773,15773,1,1
2021-02-03 15:48:30.276,15772,15773,15772,4,-4
2021-02-03 15:48:31.955,15772,15773,15773,1,1
2021-02-03 15:48:41.723,15773,15774,15773,2,-2
2021-02-03 15:48:41.851,15772,15773,15773,1,1
2021-02-03 15:49:04.148,15772,15773,15772,1,-1
2021-02-03 15:50:01.187,15772,15773,15773,2,2
2021-02-03 15:50:01.187,15772,15773,15773,4,4
2021-02-03 15:50:23.908,15773,15774,15773,2,-2
2021-02-03 15:50:45.467,15772,15773,15773,2,2
2021-02-03 15:50:45.467,15772,15773,15773,2,2
2021-02-03 15:51:24.165,15773,15774,15774,1,1
2021-02-03 15:51:24.165,15773,15774,15774,3,3
2021-02-03 15:51:31.057,15773,15775,15775,1,1
2021-02-03 15:51:54.032,15774,15775,15775,1,1
2021-02-03 15:51:54.033,15774,15775,15775,2,2
2021-02-03 15:51:54.033,15774,15775,15775,2,2
2021-02-03 15:51:54.033,15774,15775,15775,2,2
2021-02-03 15:51:54.033,15774,15775,15775,1,1
2021-02-03 15:51:54.033,15774,15775,15775,5,5
2021-02-03 15:51:54.437,15775,15776,15776,13,13
2021-02-03 15:52:01.424,15776,15777,15777,1,1
2021-02-03 15:52:01.719,15776,15777,15777,1,1
2021-02-03 15:52:01.730,15776,15777,15777,2,2
2021-02-03 15:52:01.730,15776,15777,15777,2,2
2021-02-03 15:52:03.222,15776,15777,15777,1,1
2021-02-03 15:52:03.222,15776,15777,15777,4,4
2021-02-03 15:52:03.222,15776,15777,15777,1,1
2021-02-03 15:52:03.222,15776,15777,15777,1,1
2021-02-03 15:52:03.222,15776,15777,15777,1,1
2021-02-03 15:52:03.222,15776,15777,15777,1,1
2021-02-03 15:52:03.222,15776,15777,15777,7,7
2021-02-03 15:52:10.025,15777,15778,15778,2,2
2021-02-03 15:52:16.699,15777,15778,15777,1,-1
2021-02-03 15:52:19.992,15777,15778,15777,3,-3
2021-02-03 15:52:20.062,15777,15778,15778,1,1
2021-02-03 15:52:20.064,15777,15778,15778,1,1
2021-02-03 15:52:20.064,15777,15778,15778,1,1
2021-02-03 15:52:20.064,15777,15778,15778,1,1
2021-02-03 15:52:20.066,15777,15778,15778,1,1
2021-02-03 15:52:20.066,15777,15778,15778,1,1
2021-02-03 15:52:20.067,15777,15778,15778,1,1
2021-02-03 15:52:20.067,15777,15778,15778,1,1
2021-02-03 15:52:21.027,15777,15778,15777,2,-2
2021-02-03 15:52:24.289,15776,15778,15778,2,2
2021-02-03 15:52:24.342,15776,15778,15778,10,10
2021-02-03 15:52:29.331,15778,15779,15779,1,1
2021-02-03 15:52:29.332,15778,15779,15779,1,1
2021-02-03 15:52:29.332,15778,15779,15779,2,2
2021-02-03 15:52:29.332,15778,15779,15779,2,2
2021-02-03 15:52:30.474,15779,15780,15780,8,8
2021-02-03 15:52:30.475,15779,15780,15780,2,2
2021-02-03 15:52:30.475,15779,15780,15780,12,12
2021-02-03 15:52:30.564,15780,15781,15781,1,1
2021-02-03 15:52:30.682,15780,15781,15780,1,-1
2021-02-03 15:52:31.229,15780,15781,15781,1,1
2021-02-03 15:52:31.230,15780,15781,15781,2,2
2021-02-03 15:52:31.232,15780,15781,15781,15,15
2021-02-03 15:52:31.232,15780,15781,15781,1,1
2021-02-03 15:52:31.548,15781,15782,15782,11,11
2021-02-03 15:52:31.575,15782,15783,15783,1,1
2021-02-03 15:52:31.637,15782,15783,15783,1,1
2021-02-03 15:52:31.637,15782,15783,15783,1,1
2021-02-03 15:52:31.637,15782,15783,15783,7,7
2021-02-03 15:52:31.720,15783,15784,15784,3,3
2021-02-03 15:52:31.753,15783,15784,15784,1,1
2021-02-03 15:52:31.886,15782,15784,15784,1,1
2021-02-03 15:52:32.157,15782,15784,15784,1,1
2021-02-03 15:52:32.340,15782,15784,15784,1,1
2021-02-03 15:52:32.473,15782,15784,15784,1,1
2021-02-03 15:52:32.506,15782,15784,15784,1,1
2021-02-03 15:52:32.562,15782,15784,15782,1,-1
2021-02-03 15:52:32.637,15782,15784,15782,1,-1
2021-02-03 15:52:33.285,15781,15783,15783,1,1
2021-02-03 15:52:33.326,15781,15784,15784,1,1
2021-02-03 15:52:33.412,15781,15784,15784,1,1
2021-02-03 15:52:33.455,15782,15784,15784,1,1
2021-02-03 15:52:35.531,15782,15783,15783,1,1
2021-02-03 15:52:35.798,15782,15783,15782,1,-1
2021-02-03 15:52:36.843,15782,15783,15783,1,1
2021-02-03 15:52:36.844,15782,15783,15783,2,2
2021-02-03 15:52:37.009,15782,15784,15784,2,2
2021-02-03 15:52:40.664,15783,15784,15783,1,-1
2021-02-03 15:52:41.017,15782,15784,15784,1,1
2021-02-03 15:52:42.358,15783,15785,15785,1,1
2021-02-03 15:52:45.268,15783,15784,15784,3,3
2021-02-03 15:52:46.573,15783,15785,15783,5,-5
2021-02-03 15:52:49.090,15782,15784,15784,2,2
2021-02-03 15:52:49.187,15782,15784,15784,1,1
2021-02-03 15:52:51.632,15782,15784,15783,5,-5
2021-02-03 15:52:52.826,15782,15784,15782,1,-1
2021-02-03 15:52:54.892,15783,15784,15783,1,1
2021-02-03 15:53:04.040,15782,15783,15782,2,-2
2021-02-03 15:53:04.040,15782,15783,15781,2,-2
2021-02-03 15:53:04.256,15781,15782,15782,1,1
2021-02-03 15:53:04.357,15782,15783,15783,1,1
2021-02-03 15:53:04.558,15782,15784,15784,2,2
2021-02-03 15:53:05.475,15782,15783,15783,2,2
2021-02-03 15:53:05.962,15782,15783,15783,1,1
2021-02-03 15:53:09.698,15782,15783,15783,1,1
2021-02-03 15:53:12.242,15782,15783,15783,1,1
2021-02-03 15:53:12.313,15782,15783,15783,1,1
2021-02-03 15:53:12.313,15782,15783,15783,1,1
2021-02-03 15:53:13.339,15782,15783,15782,7,-7
2021-02-03 15:53:13.754,15781,15782,15781,1,-1
2021-02-03 15:53:14.976,15780,15782,15782,1,1
2021-02-03 15:53:22.456,15782,15783,15783,4,4
2021-02-03 15:53:22.456,15782,15783,15784,2,2
2021-02-03 15:53:25.344,15782,15784,15784,1,1
2021-02-03 15:53:25.438,15782,15784,15784,1,1
2021-02-03 15:53:25.439,15782,15784,15784,1,1
2021-02-03 15:53:25.439,15782,15784,15784,1,1
2021-02-03 15:53:25.439,15782,15784,15784,1,1
2021-02-03 15:53:25.440,15782,15784,15784,1,1
2021-02-03 15:53:27.578,15783,15784,15784,1,1
2021-02-03 15:53:28.580,15783,15784,15784,1,1
2021-02-03 15:53:28.687,15783,15784,15784,1,1
2021-02-03 15:53:28.689,15783,15784,15784,1,1
2021-02-03 15:53:29.002,15783,15784,15784,1,1
2021-02-03 15:53:32.766,15783,15784,15784,1,1
2021-02-03 15:53:33.358,15783,15784,15783,3,-3
2021-02-03 15:53:33.994,15782,15784,15784,2,2
2021-02-03 15:53:38.495,15782,15783,15783,1,1
2021-02-03 15:53:40.591,15782,15783,15782,1,-1
2021-02-03 15:53:43.235,15782,15783,15782,1,-1
2021-02-03 15:53:46.474,15782,15783,15782,1,-1
2021-02-03 15:53:48.382,15782,15783,15783,1,1
2021-02-03 15:53:50.211,15782,15783,15783,1,1
2021-02-03 15:53:50.453,15782,15784,15784,2,2
2021-02-03 15:53:50.712,15782,15784,15784,1,1
2021-02-03 15:53:50.931,15782,15783,15783,1,1
2021-02-03 15:53:52.276,15782,15783,15783,2,2
2021-02-03 15:53:54.299,15782,15783,15783,1,1
2021-02-03 15:54:04.555,15782,15783,15782,1,-1
2021-02-03 15:54:07.762,15782,15783,15783,1,1
2021-02-03 15:54:10.686,15782,15783,15783,1,1
2021-02-03 15:54:10.813,15783,15784,15784,1,1
2021-02-03 15:54:10.813,15783,15784,15784,1,1
2021-02-03 15:54:11.826,15783,15784,15784,1,1
2021-02-03 15:54:12.074,15783,15784,15784,1,1
2021-02-03 15:54:13.129,15783,15784,15783,1,-1
2021-02-03 15:54:15.842,15783,15784,15784,1,1
2021-02-03 15:54:22.623,15783,15784,15784,2,2
2021-02-03 15:54:33.217,15783,15784,15784,4,4
2021-02-03 15:54:39.278,15783,15784,15784,2,2
2021-02-03 15:54:40.232,15784,15785,15784,2,-2
2021-02-03 15:54:43.171,15783,15785,15784,1,-1
2021-02-03 15:54:43.497,15783,15785,15784,1,-1
2021-02-03 15:54:44.756,15784,15785,15785,1,1
2021-02-03 15:54:44.756,15784,15785,15785,5,5
2021-02-03 15:54:44.757,15784,15785,15785,11,11
2021-02-03 15:54:44.975,15785,15786,15785,1,-1
2021-02-03 15:54:45.589,15784,15786,15786,2,2
2021-02-03 15:54:46.854,15785,15786,15786,1,1
2021-02-03 15:54:47.250,15785,15786,15786,3,3
2021-02-03 15:54:48.844,15785,15786,15786,3,3
2021-02-03 15:54:48.844,15785,15786,15786,1,1
2021-02-03 15:54:48.844,15785,15786,15786,1,1
2021-02-03 15:54:48.844,15785,15786,15786,3,3
2021-02-03 15:54:48.969,15785,15787,15785,1,-1
2021-02-03 15:54:50.036,15785,15787,15787,1,1
2021-02-03 15:54:50.241,15785,15787,15787,1,1
2021-02-03 15:54:50.941,15785,15787,15787,2,2
2021-02-03 15:54:51.006,15785,15787,15787,1,1
2021-02-03 15:54:54.123,15786,15787,15787,2,2
2021-02-03 15:54:54.124,15786,15787,15787,1,1
2021-02-03 15:54:55.891,15787,15788,15788,14,14
2021-02-03 15:54:55.891,15787,15788,15788,2,2
2021-02-03 15:54:55.891,15787,15788,15788,2,2
2021-02-03 15:54:55.891,15787,15788,15788,1,1
2021-02-03 15:54:55.947,15787,15789,15789,3,3
2021-02-03 15:54:56.060,15787,15789,15788,1,-1
2021-02-03 15:54:56.083,15787,15789,15789,6,6
2021-02-03 15:54:56.085,15787,15789,15789,14,14
2021-02-03 15:54:56.085,15787,15789,15789,1,1
2021-02-03 15:54:56.092,15787,15789,15790,1,1
2021-02-03 15:54:56.224,15787,15790,15790,1,1
2021-02-03 15:54:56.240,15787,15790,15790,1,1
2021-02-03 15:54:57.339,15787,15789,15787,1,-1
2021-02-03 15:55:00.761,15787,15788,15788,1,1
2021-02-03 15:55:02.466,15787,15789,15787,1,-1
2021-02-03 15:55:06.853,15787,15788,15788,1,1
2021-02-03 15:55:07.419,15787,15788,15788,1,1
2021-02-03 15:55:09.023,15788,15789,15789,3,3
2021-02-03 15:55:09.653,15788,15789,15788,1,-1
2021-02-03 15:55:11.883,15788,15789,15789,5,5
2021-02-03 15:55:11.883,15788,15789,15790,10,10
2021-02-03 15:55:13.288,15788,15790,15790,1,1
2021-02-03 15:55:14.214,15789,15790,15790,2,2
2021-02-03 15:55:15.312,15789,15790,15790,2,2
2021-02-03 15:55:16.307,15789,15790,15790,1,1
2021-02-03 15:55:19.998,15789,15790,15790,1,1
2021-02-03 15:55:22.924,15789,15790,15790,2,2
2021-02-03 15:55:22.924,15789,15790,15790,1,1
2021-02-03 15:55:22.924,15789,15790,15790,4,4
2021-02-03 15:55:23.584,15789,15791,15790,1,-1
2021-02-03 15:55:25.061,15789,15791,15789,1,-1
2021-02-03 15:55:26.964,15790,15791,15790,1,1
2021-02-03 15:55:28.587,15789,15790,15789,8,-8
2021-02-03 15:55:29.003,15788,15789,15789,2,2
2021-02-03 15:55:29.003,15788,15789,15789,1,1
2021-02-03 15:55:29.029,15788,15789,15790,3,3
2021-02-03 15:55:30.237,15788,15790,15789,2,-2
2021-02-03 15:55:30.967,15788,15790,15790,1,1
2021-02-03 15:55:31.357,15788,15790,15790,2,2
2021-02-03 15:55:33.175,15788,15790,15790,3,3
2021-02-03 15:55:34.862,15788,15789,15789,2,2
2021-02-03 15:55:34.862,15788,15789,15789,1,1
2021-02-03 15:55:36.066,15788,15790,15789,1,-1
2021-02-03 15:55:36.711,15788,15790,15788,1,-1
2021-02-03 15:55:37.779,15788,15789,15788,1,-1
2021-02-03 15:55:38.938,15788,15789,15788,1,-1
2021-02-03 15:55:39.263,15787,15789,15788,1,-1
2021-02-03 15:55:41.841,15787,15788,15787,1,-1
2021-02-03 15:55:41.927,15787,15788,15788,3,3
2021-02-03 15:55:41.927,15787,15788,15789,2,2
2021-02-03 15:55:43.769,15787,15789,15788,1,-1
2021-02-03 15:55:45.432,15787,15788,15788,1,1
2021-02-03 15:55:48.631,15789,15790,15790,2,2
2021-02-03 15:55:48.631,15789,15790,15791,4,4
2021-02-03 15:55:48.723,15789,15791,15791,1,1
2021-02-03 15:55:48.723,15789,15791,15791,1,1
2021-02-03 15:55:48.723,15789,15791,15791,1,1
2021-02-03 15:55:48.878,15790,15792,15792,3,3
2021-02-03 15:55:49.089,15790,15792,15790,1,-1
2021-02-03 15:55:49.376,15789,15792,15792,1,1
2021-02-03 15:55:50.115,15790,15792,15792,1,1
2021-02-03 15:55:50.133,15790,15792,15792,1,1
2021-02-03 15:55:50.267,15790,15792,15792,1,1
2021-02-03 15:55:50.326,15790,15792,15792,1,1
2021-02-03 15:55:50.463,15790,15792,15792,2,2
2021-02-03 15:55:50.465,15790,15792,15792,4,4
2021-02-03 15:55:54.631,15792,15793,15793,4,4
2021-02-03 15:55:54.631,15792,15793,15793,5,5
2021-02-03 15:55:55.839,15793,15794,15793,6,-6
2021-02-03 15:55:56.868,15792,15794,15792,2,-2
2021-02-03 15:55:57.262,15792,15794,15794,2,2
2021-02-03 15:55:57.961,15792,15793,15793,1,1
2021-02-03 15:55:58.255,15792,15794,15794,6,6
2021-02-03 15:55:58.758,15793,15794,15794,1,1
2021-02-03 15:56:00.418,15793,15794,15794,2,2
2021-02-03 15:56:00.440,15794,15795,15795,1,1
2021-02-03 15:56:00.440,15794,15795,15795,1,1
2021-02-03 15:56:00.440,15794,15795,15795,1,1
2021-02-03 15:56:00.559,15794,15795,15795,2,2
2021-02-03 15:56:01.110,15794,15795,15795,1,1
2021-02-03 15:56:01.187,15794,15795,15795,2,2
2021-02-03 15:56:01.188,15794,15795,15795,1,1
2021-02-03 15:56:01.189,15794,15795,15795,1,1
2021-02-03 15:56:01.756,15794,15795,15795,1,1
2021-02-03 15:56:02.032,15794,15795,15794,4,-4
2021-02-03 15:56:02.196,15793,15795,15795,1,1
2021-02-03 15:56:03.690,15793,15794,15794,1,1
2021-02-03 15:56:03.690,15793,15794,15795,5,5
2021-02-03 15:56:03.894,15793,15795,15795,2,2
2021-02-03 15:56:04.787,15793,15795,15795,2,2
2021-02-03 15:56:05.008,15793,15795,15795,1,1
2021-02-03 15:56:05.940,15794,15795,15795,1,1
2021-02-03 15:56:06.109,15793,15795,15795,1,1
2021-02-03 15:56:06.895,15793,15795,15795,1,1
2021-02-03 15:56:08.380,15794,15795,15795,2,2
2021-02-03 15:56:08.382,15794,15795,15795,3,3
2021-02-03 15:56:08.437,15794,15796,15796,2,2
2021-02-03 15:56:08.438,15794,15796,15796,1,1
2021-02-03 15:56:08.438,15794,15796,15796,1,1
2021-02-03 15:56:08.438,15794,15796,15796,1,1
2021-02-03 15:56:08.438,15794,15796,15796,1,1
2021-02-03 15:56:08.440,15794,15796,15796,1,1
2021-02-03 15:56:08.440,15794,15796,15796,1,1
2021-02-03 15:56:08.441,15794,15796,15796,1,1
2021-02-03 15:56:08.441,15794,15796,15796,1,1
2021-02-03 15:56:08.441,15794,15796,15796,1,1
2021-02-03 15:56:08.441,15794,15796,15796,1,1
2021-02-03 15:56:08.442,15794,15796,15796,1,1
2021-02-03 15:56:08.443,15794,15796,15796,1,1
2021-02-03 15:56:08.443,15794,15796,15796,1,1
2021-02-03 15:56:08.594,15795,15796,15795,1,-1
2021-02-03 15:56:09.054,15794,15796,15794,1,-1
2021-02-03 15:56:09.054,15794,15796,15794,1,-1
2021-02-03 15:56:09.055,15794,15796,15794,1,-1
2021-02-03 15:56:09.055,15794,15796,15794,5,-5
2021-02-03 15:56:09.055,15794,15796,15794,2,-2
2021-02-03 15:56:09.592,15793,15795,15795,3,3
2021-02-03 15:56:09.593,15793,15795,15795,3,3
2021-02-03 15:56:11.193,15793,15795,15795,1,1
2021-02-03 15:56:12.130,15793,15795,15793,1,-1
2021-02-03 15:56:12.130,15793,15795,15793,2,-2
2021-02-03 15:56:12.130,15793,15795,15793,2,-2
2021-02-03 15:56:12.131,15793,15795,15793,2,-2
2021-02-03 15:56:12.132,15793,15795,15794,4,4
2021-02-03 15:56:12.680,15792,15794,15794,1,1
2021-02-03 15:56:14.699,15792,15794,15792,5,-5
2021-02-03 15:56:14.865,15791,15793,15793,1,1
2021-02-03 15:56:15.027,15792,15793,15794,1,1
2021-02-03 15:56:15.742,15793,15794,15794,1,1
2021-02-03 15:56:15.972,15793,15795,15795,1,1
2021-02-03 15:56:17.699,15793,15794,15794,1,1
2021-02-03 15:56:17.777,15793,15794,15793,1,-1
2021-02-03 15:56:20.251,15793,15794,15794,1,1
2021-02-03 15:56:20.313,15793,15794,15794,2,2
2021-02-03 15:56:20.313,15793,15794,15794,1,1
2021-02-03 15:56:20.313,15793,15794,15795,1,1
2021-02-03 15:56:20.313,15793,15794,15795,1,1
2021-02-03 15:56:20.313,15793,15794,15795,1,1
2021-02-03 15:56:20.313,15793,15794,15795,1,1
2021-02-03 15:56:20.313,15793,15794,15795,1,1
2021-02-03 15:56:20.314,15793,15794,15795,1,1
2021-02-03 15:56:20.314,15793,15794,15795,1,1
2021-02-03 15:56:20.314,15793,15794,15796,1,1
2021-02-03 15:56:20.435,15793,15794,15795,6,6
2021-02-03 15:56:22.417,15794,15795,15795,1,1
2021-02-03 15:56:22.991,15794,15796,15796,3,3
2021-02-03 15:56:22.991,15794,15796,15797,1,1
2021-02-03 15:56:24.047,15795,15797,15795,1,-1
2021-02-03 15:56:24.947,15795,15796,15796,2,2
2021-02-03 15:56:25.455,15795,15797,15795,6,-6
2021-02-03 15:56:25.558,15795,15797,15797,1,1
2021-02-03 15:56:26.069,15795,15797,15795,1,-1
2021-02-03 15:56:29.003,15795,15797,15797,1,1
2021-02-03 15:56:29.062,15795,15797,15797,2,2
2021-02-03 15:56:29.063,15795,15797,15797,1,1
2021-02-03 15:56:29.063,15795,15797,15797,1,1
2021-02-03 15:56:29.063,15795,15797,15797,1,1
2021-02-03 15:56:29.064,15795,15797,15797,1,1
2021-02-03 15:56:29.064,15795,15797,15797,1,1
2021-02-03 15:56:29.065,15795,15797,15798,1,1
2021-02-03 15:56:29.066,15795,15797,15798,1,1
2021-02-03 15:56:30.183,15796,15798,15798,2,2
2021-02-03 15:56:32.937,15796,15797,15796,1,-1
2021-02-03 15:56:33.629,15795,15797,15796,1,-1
2021-02-03 15:56:34.967,15795,15797,15797,1,1
2021-02-03 15:56:35.593,15796,15797,15797,1,1
2021-02-03 15:56:36.817,15796,15797,15796,1,-1
2021-02-03 15:56:37.075,15796,15797,15797,4,4
2021-02-03 15:56:37.187,15797,15798,15798,1,1
2021-02-03 15:56:37.188,15797,15798,15798,1,1
2021-02-03 15:56:37.189,15797,15798,15798,1,1
2021-02-03 15:56:37.939,15797,15798,15797,1,-1
2021-02-03 15:56:40.409,15797,15798,15798,3,3
2021-02-03 15:56:40.410,15797,15798,15798,2,2
2021-02-03 15:56:40.410,15797,15798,15798,2,2
2021-02-03 15:56:40.410,15797,15798,15798,1,1
2021-02-03 15:56:40.410,15797,15798,15798,2,2
2021-02-03 15:56:45.149,15797,15799,15798,1,-1
2021-02-03 15:56:45.561,15798,15799,15798,1,-1
2021-02-03 15:56:45.650,15798,15799,15798,1,-1
2021-02-03 15:56:46.827,15797,15799,15799,1,1
2021-02-03 15:56:46.992,15797,15799,15799,9,9
2021-02-03 15:56:48.165,15798,15799,15798,1,-1
2021-02-03 15:56:48.186,15798,15799,15798,1,-1
2021-02-03 15:56:48.188,15798,15799,15799,1,1
2021-02-03 15:56:48.188,15798,15799,15799,1,1
2021-02-03 15:56:51.260,15798,15799,15799,1,1
2021-02-03 15:56:51.289,15798,15799,15799,1,1
2021-02-03 15:56:51.541,15798,15799,15799,1,1
2021-02-03 15:56:52.568,15798,15799,15798,1,-1
2021-02-03 15:56:54.380,15797,15798,15798,2,2
2021-02-03 15:56:58.434,15797,15799,15798,1,-1
2021-02-03 15:56:59.942,15797,15799,15797,20,-20
2021-02-03 15:56:59.943,15797,15799,15796,1,-1
2021-02-03 15:56:59.943,15797,15799,15796,1,-1
2021-02-03 15:56:59.944,15797,15799,15795,1,-1
2021-02-03 15:56:59.944,15797,15799,15795,1,-1
2021-02-03 15:56:59.944,15797,15799,15795,1,-1
2021-02-03 15:56:59.944,15797,15799,15795,1,-1
2021-02-03 15:56:59.945,15797,15799,15795,1,-1
2021-02-03 15:56:59.945,15797,15799,15795,1,-1
2021-02-03 15:56:59.945,15797,15799,15795,1,-1
2021-02-03 15:57:00.062,15795,15796,15795,1,-1
2021-02-03 15:57:00.543,15795,15796,15796,2,2
2021-02-03 15:57:00.785,15795,15797,15797,2,2
2021-02-03 15:57:01.044,15795,15798,15798,4,4
2021-02-03 15:57:01.066,15796,15798,15798,2,2
2021-02-03 15:57:01.066,15796,15798,15799,2,2
2021-02-03 15:57:01.266,15797,15799,15799,5,5
2021-02-03 15:57:01.266,15797,15799,15800,2,2
2021-02-03 15:57:01.351,15798,15800,15800,1,1
2021-02-03 15:57:01.388,15798,15800,15800,2,2
2021-02-03 15:57:01.429,15798,15800,15800,2,2
2021-02-03 15:57:04.786,15798,15800,15799,3,-3
2021-02-03 15:57:05.557,15798,15800,15798,1,-1
2021-02-03 15:57:11.052,15798,15799,15798,2,-2
2021-02-03 15:57:11.297,15797,15799,15799,2,2
2021-02-03 15:57:15.255,15798,15800,15800,1,1
2021-02-03 15:57:16.913,15798,15800,15798,4,-4
2021-02-03 15:57:18.212,15798,15799,15798,6,-6
2021-02-03 15:57:18.313,15797,15799,15799,1,1
2021-02-03 15:57:18.313,15797,15799,15799,1,1
2021-02-03 15:57:20.532,15797,15799,15798,1,-1
2021-02-03 15:57:23.457,15797,15799,15798,1,-1
2021-02-03 15:57:23.929,15797,15800,15800,5,5
2021-02-03 15:57:27.065,15797,15799,15799,1,1
2021-02-03 15:57:27.617,15797,15799,15799,3,3
2021-02-03 15:57:27.617,15797,15799,15800,2,2
2021-02-03 15:57:28.383,15797,15800,15797,5,-5
2021-02-03 15:57:29.340,15797,15799,15797,1,-1
2021-02-03 15:57:29.351,15797,15799,15798,4,4
2021-02-03 15:57:29.724,15796,15799,15799,1,1
2021-02-03 15:57:33.701,15798,15799,15797,5,-5
2021-02-03 15:57:38.910,15797,15799,15798,1,1
2021-02-03 15:57:43.430,15797,15799,15797,1,-1
2021-02-03 15:57:43.438,15797,15799,15799,1,1
2021-02-03 15:57:47.032,15797,15799,15797,2,-2
2021-02-03 15:57:47.729,15797,15799,15797,4,-4
2021-02-03 15:57:48.698,15797,15798,15797,2,-2
2021-02-03 15:57:49.924,15796,15798,15798,1,1
2021-02-03 15:57:53.166,15797,15799,15797,1,-1
2021-02-03 15:57:55.334,15797,15798,15797,1,-1
2021-02-03 15:57:55.633,15796,15798,15796,1,-1
2021-02-03 15:57:55.741,15796,15798,15796,3,-3
2021-02-03 15:57:55.741,15796,15798,15795,1,-1
2021-02-03 15:57:55.975,15795,15797,15797,2,2
2021-02-03 15:57:56.514,15796,15798,15797,1,-1
2021-02-03 15:57:56.574,15796,15798,15796,1,-1
2021-02-03 15:58:01.872,15796,15797,15796,1,-1
2021-02-03 15:58:03.426,15795,15796,15795,1,-1
2021-02-03 15:58:06.193,15795,15796,15795,1,-1
2021-02-03 15:58:09.374,15795,15796,15795,2,-2
2021-02-03 15:58:12.274,15795,15796,15795,1,-1
2021-02-03 15:58:13.843,15795,15796,15796,3,3
2021-02-03 15:58:13.843,15795,15796,15797,4,4
2021-02-03 15:58:15.758,15796,15797,15796,1,-1
2021-02-03 15:58:20.033,15796,15797,15797,4,4
2021-02-03 15:58:23.625,15796,15798,15796,1,-1
2021-02-03 15:58:23.625,15796,15798,15795,3,-3
2021-02-03 15:58:24.277,15796,15797,15797,1,1
2021-02-03 15:58:28.507,15796,15798,15796,1,-1
2021-02-03 15:58:30.505,15796,15798,15798,2,2
2021-02-03 15:58:30.563,15796,15798,15798,1,1
2021-02-03 15:58:31.104,15797,15798,15797,1,-1
2021-02-03 15:58:35.953,15797,15798,15797,1,-1
2021-02-03 15:58:38.831,15797,15798,15797,1,-1
2021-02-03 15:58:40.263,15796,15798,15798,1,1
2021-02-03 15:58:41.919,15797,15799,15798,1,-1
2021-02-03 15:58:42.019,15798,15799,15799,2,2
2021-02-03 15:58:42.283,15798,15799,15799,1,1
2021-02-03 15:58:42.283,15798,15799,15799,4,4
2021-02-03 15:58:42.283,15798,15799,15799,1,1
2021-02-03 15:58:42.856,15799,15800,15799,1,-1
2021-02-03 15:58:43.612,15798,15800,15800,7,7
2021-02-03 15:58:43.614,15798,15800,15800,1,1
2021-02-03 15:58:45.106,15799,15800,15800,1,1
2021-02-03 15:58:46.327,15799,15800,15799,1,-1
2021-02-03 15:58:49.145,15799,15800,15799,1,-1
2021-02-03 15:58:49.319,15799,15800,15799,1,-1
2021-02-03 15:58:52.632,15798,15800,15800,1,1
2021-02-03 15:58:54.746,15798,15799,15799,1,1
2021-02-03 15:58:57.034,15799,15800,15800,8,8
2021-02-03 15:58:57.035,15799,15800,15800,18,18
2021-02-03 15:58:57.035,15799,15800,15800,2,2
2021-02-03 15:58:57.035,15799,15800,15800,1,1
2021-02-03 15:58:57.035,15799,15800,15800,2,2
2021-02-03 15:58:57.035,15799,15800,15800,10,10
2021-02-03 15:58:57.035,15799,15800,15800,4,4
2021-02-03 15:58:57.036,15799,15800,15800,1,1
2021-02-03 15:58:57.045,15799,15800,15801,10,10
2021-02-03 15:58:57.045,15799,15800,15801,1,1
2021-02-03 15:58:57.046,15799,15800,15801,1,1
2021-02-03 15:58:57.046,15799,15800,15801,4,4
2021-02-03 15:58:57.046,15799,15800,15801,2,2
2021-02-03 15:58:57.046,15799,15800,15801,1,1
2021-02-03 15:58:57.046,15799,15800,15801,1,1
2021-02-03 15:58:57.046,15799,15800,15801,12,12
2021-02-03 15:58:57.057,15799,15800,15801,2,2
2021-02-03 15:58:57.254,15800,15802,15802,1,1
2021-02-03 15:58:57.307,15800,15802,15802,4,4
2021-02-03 15:58:57.436,15800,15802,15802,2,2
2021-02-03 15:58:57.436,15800,15802,15802,2,2
2021-02-03 15:58:57.436,15800,15802,15802,1,1
2021-02-03 15:58:57.767,15801,15802,15801,1,-1
2021-02-03 15:58:58.691,15799,15800,15800,1,1
2021-02-03 15:59:01.058,15799,15801,15801,1,1
2021-02-03 15:59:01.818,15800,15801,15800,1,-1
2021-02-03 15:59:03.942,15800,15802,15802,1,1
2021-02-03 15:59:06.119,15801,15802,15801,1,-1
2021-02-03 15:59:06.949,15800,15801,15800,1,-1
2021-02-03 15:59:06.950,15800,15801,15800,4,-4
2021-02-03 15:59:07.309,15799,15801,15801,1,1
2021-02-03 15:59:08.499,15799,15801,15801,5,5
2021-02-03 15:59:08.946,15799,15801,15801,1,1
2021-02-03 15:59:09.591,15799,15801,15801,3,3
2021-02-03 15:59:09.591,15799,15801,15802,2,2
2021-02-03 15:59:11.162,15800,15801,15800,3,-3
2021-02-03 15:59:11.162,15800,15801,15800,1,-1
2021-02-03 15:59:12.175,15800,15801,15800,3,-3
2021-02-03 15:59:12.795,15799,15800,15800,1,1
2021-02-03 15:59:16.463,15800,15801,15801,1,1
2021-02-03 15:59:18.492,15800,15802,15800,1,-1
2021-02-03 15:59:18.519,15800,15802,15800,1,-1
2021-02-03 15:59:21.437,15800,15801,15800,1,-1
2021-02-03 15:59:21.934,15800,15801,15801,1,1
2021-02-03 15:59:22.521,15800,15801,15800,1,-1
2021-02-03 15:59:23.229,15800,15801,15800,1,-1
2021-02-03 15:59:25.669,15799,15800,15800,2,2
2021-02-03 15:59:25.669,15799,15800,15801,1,1
2021-02-03 15:59:26.399,15799,15801,15799,1,-1
2021-02-03 15:59:30.412,15799,15800,15799,5,-5
2021-02-03 15:59:33.528,15799,15800,15799,2,-2
2021-02-03 15:59:33.924,15799,15800,15799,1,-1
2021-02-03 15:59:35.205,15799,15800,15800,1,1
2021-02-03 15:59:43.312,15799,15800,15799,4,-4
2021-02-03 15:59:52.716,15798,15800,15799,1,-1
2021-02-03 15:59:52.833,15798,15799,15798,13,-13
2021-02-03 15:59:53.007,15797,15798,15797,2,-2
2021-02-03 16:00:00.164,15796,15797,15796,2,-2
2021-02-03 16:00:00.190,15795,15797,15797,2,2
2021-02-03 16:00:00.190,15795,15797,15797,2,2
2021-02-03 16:00:00.191,15795,15797,15797,1,1
2021-02-03 16:00:00.837,15795,15797,15795,1,-1
2021-02-03 16:00:00.991,15795,15797,15797,1,1
2021-02-03 16:00:01.080,15795,15797,15797,1,1
2021-02-03 16:00:01.187,15796,15798,15798,2,2
2021-02-03 16:00:01.188,15796,15798,15798,1,1
2021-02-03 16:00:01.189,15796,15798,15798,1,1
2021-02-03 16:00:01.189,15796,15798,15798,1,1
2021-02-03 16:00:01.189,15796,15798,15798,1,1
2021-02-03 16:00:01.189,15796,15798,15798,1,1
2021-02-03 16:00:01.189,15796,15798,15799,1,1
2021-02-03 16:00:01.324,15798,15799,15798,1,-1
2021-02-03 16:00:01.324,15798,15799,15797,2,-2
2021-02-03 16:00:01.456,15797,15799,15799,1,1
2021-02-03 16:00:01.641,15797,15799,15799,1,1
2021-02-03 16:00:01.694,15798,15800,15800,1,1
2021-02-03 16:00:01.765,15798,15800,15798,2,-2
2021-02-03 16:00:02.279,15798,15800,15800,2,2
2021-02-03 16:00:02.311,15799,15800,15800,1,1
2021-02-03 16:00:02.312,15799,15800,15800,1,1
2021-02-03 16:00:05.729,15800,15801,15801,2,2
2021-02-03 16:00:05.729,15800,15801,15801,1,1
2021-02-03 16:00:05.729,15800,15801,15801,3,3
2021-02-03 16:00:05.996,15801,15802,15801,1,-1
2021-02-03 16:00:08.432,15801,15802,15801,1,-1
2021-02-03 16:00:11.959,15800,15802,15801,1,-1
2021-02-03 16:00:12.049,15800,15802,15801,1,-1
2021-02-03 16:00:12.062,15800,15802,15802,2,2
2021-02-03 16:00:12.063,15800,15802,15802,1,1
2021-02-03 16:00:12.063,15800,15802,15802,1,1
2021-02-03 16:00:12.063,15800,15802,15802,1,1
2021-02-03 16:00:12.063,15800,15802,15802,1,1
2021-02-03 16:00:12.064,15800,15802,15802,1,1
2021-02-03 16:00:12.064,15800,15802,15802,1,1
2021-02-03 16:00:12.064,15800,15802,15802,1,1
2021-02-03 16:00:12.065,15800,15802,15802,1,1
2021-02-03 16:00:12.065,15800,15802,15802,1,1
2021-02-03 16:00:12.065,15800,15802,15803,1,1
2021-02-03 16:00:12.303,15801,15803,15803,17,17
2021-02-03 16:00:12.303,15801,15803,15804,33,33
2021-02-03 16:00:12.303,15801,15803,15805,10,10
2021-02-03 16:00:12.304,15801,15803,15805,6,6
2021-02-03 16:00:12.305,15801,15803,15803,1,1
2021-02-03 16:00:12.311,15801,15803,15805,1,1
2021-02-03 16:00:12.320,15801,15803,15805,4,4
2021-02-03 16:00:12.320,15801,15803,15806,19,19
2021-02-03 16:00:12.320,15801,15803,15807,7,7
2021-02-03 16:00:12.464,15804,15806,15806,1,1
2021-02-03 16:00:12.514,15804,15806,15807,1,1
2021-02-03 16:00:12.573,15805,15807,15807,1,1
2021-02-03 16:00:12.815,15805,15807,15805,2,-2
2021-02-03 16:00:12.821,15805,15807,15806,4,4
2021-02-03 16:00:12.889,15805,15807,15807,1,1
2021-02-03 16:00:12.907,15805,15807,15807,2,2
2021-02-03 16:00:12.917,15805,15807,15807,2,2
2021-02-03 16:00:12.949,15805,15807,15805,2,-2
2021-02-03 16:00:13.469,15805,15807,15807,1,1
2021-02-03 16:00:13.510,15805,15807,15807,1,1
2021-02-03 16:00:13.729,15805,15807,15807,1,1
2021-02-03 16:00:13.756,15805,15807,15805,1,-1
2021-02-03 16:00:13.758,15805,15807,15805,1,-1
2021-02-03 16:00:13.891,15804,15807,15807,1,1
2021-02-03 16:00:13.997,15805,15807,15807,1,1
2021-02-03 16:00:14.662,15805,15807,15805,2,-2
2021-02-03 16:00:14.681,15805,15807,15805,1,-1
2021-02-03 16:00:15.158,15805,15807,15807,3,3
2021-02-03 16:00:15.445,15805,15807,15807,1,1
2021-02-03 16:00:15.525,15805,15807,15807,2,2
2021-02-03 16:00:15.525,15805,15807,15808,4,4
2021-02-03 16:00:15.583,15806,15808,15808,1,1
2021-02-03 16:00:19.015,15806,15807,15806,2,-2
2021-02-03 16:00:19.083,15805,15807,15807,1,1
2021-02-03 16:00:19.811,15806,15807,15806,1,-1
2021-02-03 16:00:20.982,15805,15807,15807,1,1
2021-02-03 16:00:21.062,15806,15807,15807,3,3
2021-02-03 16:00:21.063,15806,15807,15808,1,1
2021-02-03 16:00:21.063,15806,15807,15808,1,1
2021-02-03 16:00:21.064,15806,15807,15808,1,1
2021-02-03 16:00:21.064,15806,15807,15808,1,1
2021-02-03 16:00:21.064,15806,15807,15808,1,1
2021-02-03 16:00:22.154,15805,15808,15805,1,-1
2021-02-03 16:00:22.807,15805,15806,15805,2,-2
2021-02-03 16:00:23.263,15804,15805,15805,1,1
2021-02-03 16:00:23.284,15804,15805,15804,1,-1
2021-02-03 16:00:23.284,15804,15805,15804,8,-8
2021-02-03 16:00:24.075,15803,15805,15805,1,1
2021-02-03 16:00:24.521,15803,15805,15805,1,1
2021-02-03 16:00:24.521,15803,15805,15806,3,3
2021-02-03 16:00:24.979,15804,15806,15804,3,-3
2021-02-03 16:00:26.142,15803,15806,15806,1,1
2021-02-03 16:00:28.347,15803,15806,15806,1,1
2021-02-03 16:00:28.437,15803,15806,15806,2,2
2021-02-03 16:00:28.437,15803,15806,15807,1,1
2021-02-03 16:00:28.438,15803,15806,15807,1,1
2021-02-03 16:00:28.438,15803,15806,15807,1,1
2021-02-03 16:00:28.438,15803,15806,15807,1,1
2021-02-03 16:00:28.438,15803,15806,15808,1,1
2021-02-03 16:00:28.438,15803,15806,15808,1,1
2021-02-03 16:00:28.439,15803,15806,15808,1,1
2021-02-03 16:00:28.439,15803,15806,15808,1,1
2021-02-03 16:00:28.439,15803,15806,15808,1,1
2021-02-03 16:00:28.439,15803,15806,15808,1,1
2021-02-03 16:00:28.439,15803,15806,15808,1,1
2021-02-03 16:00:28.439,15803,15806,15808,1,1
2021-02-03 16:00:28.439,15803,15806,15808,1,1
2021-02-03 16:00:28.439,15803,15806,15808,1,1
2021-02-03 16:00:28.440,15803,15806,15808,1,1
2021-02-03 16:00:28.440,15803,15806,15806,1,1
2021-02-03 16:00:28.440,15803,15806,15808,1,1
2021-02-03 16:00:28.441,15803,15806,15809,1,1
2021-02-03 16:00:28.442,15803,15806,15809,1,1
2021-02-03 16:00:28.442,15803,15806,15809,1,1
2021-02-03 16:00:28.442,15803,15806,15809,1,1
2021-02-03 16:00:28.442,15803,15806,15809,1,1
2021-02-03 16:00:28.443,15803,15806,15809,1,1
2021-02-03 16:00:28.445,15803,15806,15809,1,1
2021-02-03 16:00:28.446,15803,15806,15810,1,1
2021-02-03 16:00:28.446,15803,15806,15810,1,1
2021-02-03 16:00:28.447,15803,15806,15810,1,1
2021-02-03 16:00:28.752,15808,15810,15808,1,-1
2021-02-03 16:00:28.920,15807,15810,15810,6,6
2021-02-03 16:00:28.925,15807,15810,15810,4,4
2021-02-03 16:00:28.925,15807,15810,15810,1,1
2021-02-03 16:00:28.930,15807,15810,15808,1,-1
2021-02-03 16:00:29.013,15808,15811,15811,6,6
2021-02-03 16:00:29.021,15808,15811,15811,1,1
2021-02-03 16:00:29.436,15809,15811,15809,1,-1
2021-02-03 16:00:29.438,15809,15811,15809,1,-1
2021-02-03 16:00:30.116,15808,15810,15808,4,-4
2021-02-03 16:00:30.223,15807,15809,15809,2,2
2021-02-03 16:00:34.281,15807,15809,15809,1,1
2021-02-03 16:00:34.292,15807,15809,15809,1,1
2021-02-03 16:00:36.713,15807,15808,15808,1,1
2021-02-03 16:00:36.713,15807,15808,15809,3,3
2021-02-03 16:00:37.330,15807,15810,15810,2,2
2021-02-03 16:00:37.437,15808,15810,15810,1,1
2021-02-03 16:00:37.658,15808,15810,15808,1,-1
2021-02-03 16:00:38.269,15807,15809,15807,1,-1
2021-02-03 16:00:39.078,15807,15809,15809,1,1
2021-02-03 16:00:39.664,15808,15809,15809,1,1
2021-02-03 16:00:39.936,15808,15809,15808,1,-1
2021-02-03 16:00:40.531,15808,15809,15808,1,-1
2021-02-03 16:00:42.660,15807,15809,15807,1,-1
2021-02-03 16:00:44.199,15807,15809,15809,1,1
2021-02-03 16:00:46.707,15807,15809,15807,1,-1
2021-02-03 16:00:47.287,15807,15809,15809,1,1
2021-02-03 16:00:49.802,15807,15808,15808,1,1
2021-02-03 16:00:49.804,15807,15808,15808,1,1
2021-02-03 16:00:50.706,15808,15809,15809,2,2
2021-02-03 16:00:50.707,15808,15809,15809,1,1
2021-02-03 16:00:50.707,15808,15809,15809,5,5
2021-02-03 16:00:53.977,15808,15810,15808,1,-1
2021-02-03 16:00:55.622,15808,15809,15808,4,-4
2021-02-03 16:01:04.137,15807,15809,15808,2,-2
2021-02-03 16:01:04.246,15807,15809,15807,4,-4
2021-02-03 16:01:04.311,15807,15809,15807,1,-1
2021-02-03 16:01:04.619,15807,15809,15809,5,5
2021-02-03 16:01:04.619,15807,15809,15810,1,1
2021-02-03 16:01:05.012,15807,15810,15810,1,1
2021-02-03 16:01:05.063,15807,15810,15810,1,1
2021-02-03 16:01:05.063,15807,15810,15810,1,1
2021-02-03 16:01:05.064,15807,15810,15810,1,1
2021-02-03 16:01:05.196,15807,15810,15810,4,4
2021-02-03 16:01:07.222,15807,15810,15810,1,1
2021-02-03 16:01:07.436,15808,15810,15808,1,-1
2021-02-03 16:01:08.093,15807,15810,15810,1,1
2021-02-03 16:01:08.189,15807,15810,15810,1,1
2021-02-03 16:01:09.126,15807,15810,15807,1,-1
2021-02-03 16:01:10.554,15807,15809,15808,1,1
2021-02-03 16:01:12.911,15807,15808,15807,1,-1
2021-02-03 16:01:13.793,15806,15808,15806,1,-1
2021-02-03 16:01:14.153,15806,15808,15808,5,5
2021-02-03 16:01:14.625,15806,15808,15808,4,4
2021-02-03 16:01:14.811,15807,15808,15807,1,-1
2021-02-03 16:01:15.092,15807,15808,15808,1,1
2021-02-03 16:01:17.600,15807,15808,15808,1,1
2021-02-03 16:01:19.405,15808,15809,15809,2,2
2021-02-03 16:01:19.437,15808,15810,15810,1,1
2021-02-03 16:01:19.438,15808,15810,15810,1,1
2021-02-03 16:01:21.668,15808,15810,15809,1,-1
2021-02-03 16:01:25.162,15807,15810,15810,2,2
2021-02-03 16:01:27.949,15807,15809,15807,1,-1
2021-02-03 16:01:32.057,15807,15809,15809,1,1
2021-02-03 16:01:34.062,15808,15809,15809,1,1
2021-02-03 16:01:36.479,15808,15810,15808,5,-5
2021-02-03 16:01:42.851,15809,15810,15810,20,20
2021-02-03 16:01:42.852,15809,15810,15811,6,6
2021-02-03 16:01:42.852,15809,15810,15811,10,10
2021-02-03 16:01:42.853,15809,15810,15811,1,1
2021-02-03 16:01:42.938,15811,15812,15812,1,1
2021-02-03 16:01:42.938,15811,15812,15812,1,1
2021-02-03 16:01:42.938,15811,15812,15812,16,16
2021-02-03 16:01:43.087,15812,15813,15813,1,1
2021-02-03 16:01:43.087,15812,15813,15813,1,1
2021-02-03 16:01:43.087,15812,15813,15813,7,7
2021-02-03 16:01:43.391,15813,15814,15814,1,1
2021-02-03 16:01:43.391,15813,15814,15814,8,8
2021-02-03 16:01:43.392,15813,15814,15815,1,1
2021-02-03 16:01:43.392,15813,15814,15815,1,1
2021-02-03 16:01:43.392,15813,15814,15815,1,1
2021-02-03 16:01:43.392,15813,15814,15815,2,2
2021-02-03 16:01:43.392,15813,15814,15815,1,1
2021-02-03 16:01:43.394,15813,15814,15815,1,1
2021-02-03 16:01:43.400,15813,15814,15816,4,4
2021-02-03 16:01:43.460,15814,15816,15816,1,1
2021-02-03 16:01:43.479,15814,15816,15816,1,1
2021-02-03 16:01:43.647,15814,15816,15815,1,-1
2021-02-03 16:01:43.647,15814,15816,15816,2,2
2021-02-03 16:01:43.647,15814,15816,15816,1,1
2021-02-03 16:01:43.850,15815,15817,15817,1,1
2021-02-03 16:01:43.981,15814,15817,15816,1,-1
2021-02-03 16:01:44.178,15814,15816,15815,2,-2
2021-02-03 16:01:44.957,15814,15816,15814,1,-1
2021-02-03 16:01:45.285,15814,15816,15816,3,3
2021-02-03 16:01:47.125,15814,15816,15814,2,-2
2021-02-03 16:01:47.449,15814,15816,15816,1,1
2021-02-03 16:01:47.581,15814,15817,15817,1,1
2021-02-03 16:01:47.754,15814,15817,15816,1,-1
2021-02-03 16:01:47.916,15814,15817,15816,1,-1
2021-02-03 16:01:48.085,15815,15817,15817,1,1
2021-02-03 16:01:48.404,15815,15817,15817,1,1
2021-02-03 16:01:48.436,15815,15817,15815,1,-1
2021-02-03 16:01:48.579,15815,15817,15817,1,1
2021-02-03 16:01:49.009,15815,15817,15817,1,1
2021-02-03 16:01:49.372,15815,15817,15817,1,1
2021-02-03 16:01:49.784,15815,15817,15817,1,1
2021-02-03 16:01:50.739,15814,15817,15814,1,-1
2021-02-03 16:01:51.066,15814,15817,15817,1,1
2021-02-03 16:01:51.266,15815,15817,15817,1,1
2021-02-03 16:01:52.421,15815,15817,15817,1,1
2021-02-03 16:01:52.552,15815,15817,15817,1,1
2021-02-03 16:01:53.561,15816,15817,15816,1,-1
2021-02-03 16:01:54.638,15815,15817,15817,2,2
2021-02-03 16:01:55.168,15816,15817,15816,1,-1
2021-02-03 16:01:55.168,15816,15817,15815,1,-1
2021-02-03 16:01:55.449,15815,15817,15817,1,1
2021-02-03 16:01:55.695,15816,15817,15816,1,-1
2021-02-03 16:01:55.695,15816,15817,15815,4,-4
2021-02-03 16:01:55.699,15816,15817,15815,1,-1
2021-02-03 16:01:56.330,15815,15817,15817,1,1
2021-02-03 16:01:58.811,15816,15817,15816,1,-1
2021-02-03 16:02:00.211,15815,15817,15816,1,-1
2021-02-03 16:02:00.988,15815,15816,15815,9,-9
2021-02-03 16:02:03.422,15814,15816,15813,1,-1
2021-02-03 16:02:03.439,15813,15815,15815,1,1
2021-02-03 16:02:06.044,15814,15816,15816,1,1
2021-02-03 16:02:06.049,15814,15816,15816,1,1
2021-02-03 16:02:06.049,15814,15816,15816,1,1
2021-02-03 16:02:09.379,15815,15816,15816,2,2
2021-02-03 16:02:09.381,15815,15816,15816,2,2
2021-02-03 16:02:09.438,15815,15817,15817,1,1
2021-02-03 16:02:09.439,15815,15817,15817,1,1
2021-02-03 16:02:11.207,15815,15817,15815,1,-1
2021-02-03 16:02:12.975,15815,15816,15816,1,1
2021-02-03 16:02:13.704,15815,15816,15815,4,-4
2021-02-03 16:02:17.930,15814,15816,15816,1,1
2021-02-03 16:02:21.028,15815,15817,15815,1,-1
2021-02-03 16:02:21.063,15815,15817,15817,1,1
2021-02-03 16:02:21.064,15815,15817,15817,1,1
2021-02-03 16:02:21.287,15815,15817,15815,1,-1
2021-02-03 16:02:21.811,15815,15817,15815,1,-1
2021-02-03 16:02:27.754,15815,15816,15815,2,-2
2021-02-03 16:02:29.081,15814,15815,15815,1,1
2021-02-03 16:02:29.187,15815,15816,15816,1,1
2021-02-03 16:02:29.188,15815,15816,15816,1,1
2021-02-03 16:02:29.188,15815,15816,15816,1,1
2021-02-03 16:02:32.102,15815,15817,15816,1,-1
2021-02-03 16:02:33.134,15815,15817,15815,1,-1
2021-02-03 16:02:33.831,15815,15816,15816,1,1
2021-02-03 16:02:34.007,15816,15817,15817,2,2
2021-02-03 16:02:34.007,15816,15817,15817,1,1
2021-02-03 16:02:34.008,15816,15817,15817,5,5
2021-02-03 16:02:34.223,15816,15818,15818,6,6
2021-02-03 16:02:34.223,15816,15818,15818,1,1
2021-02-03 16:02:34.224,15816,15818,15818,1,1
2021-02-03 16:02:34.224,15816,15818,15818,3,3
2021-02-03 16:02:34.224,15816,15818,15818,1,1
2021-02-03 16:02:34.464,15817,15819,15819,3,3
2021-02-03 16:02:34.513,15817,15819,15819,1,1
2021-02-03 16:02:34.590,15817,15819,15819,1,1
2021-02-03 16:02:34.617,15817,15819,15819,1,1
2021-02-03 16:02:34.932,15817,15819,15817,2,-2
2021-02-03 16:02:36.199,15816,15817,15817,1,1
2021-02-03 16:02:37.492,15816,15817,15816,1,-1
2021-02-03 16:02:37.563,15816,15817,15817,1,1
2021-02-03 16:02:38.531,15816,15818,15818,1,1
2021-02-03 16:02:40.080,15816,15817,15817,1,1
2021-02-03 16:02:40.657,15816,15817,15817,2,2
2021-02-03 16:02:41.018,15816,15817,15817,3,3
2021-02-03 16:02:41.019,15816,15817,15817,2,2
2021-02-03 16:02:41.324,15816,15818,15816,1,-1
2021-02-03 16:02:42.753,15816,15818,15818,1,1
2021-02-03 16:02:44.841,15816,15818,15818,2,2
2021-02-03 16:02:45.395,15817,15818,15818,1,1
2021-02-03 16:02:45.940,15817,15818,15817,1,-1
2021-02-03 16:02:46.941,15817,15818,15817,1,-1
2021-02-03 16:02:46.976,15817,15818,15817,1,-1
2021-02-03 16:02:47.283,15817,15818,15817,1,-1
2021-02-03 16:02:48.140,15817,15818,15817,5,-5
2021-02-03 16:02:50.553,15816,15818,15818,1,1
2021-02-03 16:02:50.749,15816,15818,15818,1,1
2021-02-03 16:02:53.003,15816,15818,15817,1,-1
2021-02-03 16:02:56.222,15816,15817,15816,4,-4
2021-02-03 16:02:56.311,15815,15816,15815,2,-2
2021-02-03 16:02:56.459,15814,15816,15816,1,1
2021-02-03 16:02:56.674,15814,15816,15816,1,1
2021-02-03 16:02:56.685,15814,15816,15817,2,2
2021-02-03 16:03:02.201,15815,15816,15816,4,4
2021-02-03 16:03:02.201,15815,15816,15816,1,1
2021-02-03 16:03:02.728,15815,15816,15816,1,1
2021-02-03 16:03:02.728,15815,15816,15817,5,5
2021-02-03 16:03:02.879,15816,15817,15817,1,1
2021-02-03 16:03:02.879,15816,15817,15818,7,7
2021-02-03 16:03:02.921,15816,15817,15818,1,1
2021-02-03 16:03:02.921,15816,15817,15819,7,7
2021-02-03 16:03:03.023,15817,15819,15819,1,1
2021-02-03 16:03:03.069,15817,15819,15819,2,2
2021-02-03 16:03:04.223,15818,15820,15818,1,-1
2021-02-03 16:03:10.377,15818,15819,15818,1,-1
2021-02-03 16:03:10.770,15818,15819,15818,1,-1
2021-02-03 16:03:10.770,15818,15819,15818,1,-1
2021-02-03 16:03:10.771,15818,15819,15818,1,-1
2021-02-03 16:03:12.726,15818,15819,15819,2,2
2021-02-03 16:03:12.726,15818,15819,15820,2,2
2021-02-03 16:03:12.842,15818,15820,15820,1,1
2021-02-03 16:03:13.798,15818,15820,15820,1,1
2021-02-03 16:03:14.418,15818,15820,15820,1,1
2021-02-03 16:03:15.157,15818,15819,15819,1,1
2021-02-03 16:03:16.189,15818,15819,15818,5,-5
2021-02-03 16:03:16.290,15818,15819,15817,2,-2
2021-02-03 16:03:18.316,15816,15818,15816,2,-2
2021-02-03 16:03:18.645,15815,15817,15817,1,1
2021-02-03 16:03:20.293,15815,15817,15817,1,1
2021-02-03 16:03:21.619,15815,15817,15815,1,-1
2021-02-03 16:03:22.925,15815,15817,15817,1,1
2021-02-03 16:03:24.014,15815,15817,15817,4,4
2021-02-03 16:03:27.166,15815,15817,15815,1,-1
2021-02-03 16:03:33.946,15816,15817,15817,1,1
2021-02-03 16:03:34.063,15816,15818,15818,1,1
2021-02-03 16:03:34.064,15816,15818,15818,1,1
2021-02-03 16:03:34.064,15816,15818,15818,1,1
2021-02-03 16:03:34.064,15816,15818,15818,1,1
2021-02-03 16:03:34.321,15817,15819,15817,1,-1
2021-02-03 16:03:37.695,15817,15819,15817,1,-1
2021-02-03 16:03:38.960,15817,15818,15818,1,1
2021-02-03 16:03:39.821,15818,15819,15819,5,5
2021-02-03 16:03:43.782,15818,15819,15819,2,2
2021-02-03 16:03:43.782,15818,15819,15819,2,2
2021-02-03 16:03:46.110,15818,15819,15819,1,1
2021-02-03 16:03:48.134,15818,15819,15819,1,1
2021-02-03 16:03:49.763,15818,15820,15820,1,1
2021-02-03 16:03:53.042,15818,15819,15818,9,-9
2021-02-03 16:03:53.064,15817,15818,15817,2,-2
2021-02-03 16:03:53.064,15817,15818,15817,1,-1
2021-02-03 16:03:53.064,15817,15818,15817,6,-6
2021-02-03 16:03:53.064,15817,15818,15817,1,-1
2021-02-03 16:03:53.077,15817,15818,15816,11,-11
2021-02-03 16:03:55.059,15815,15817,15817,2,2
2021-02-03 16:03:55.146,15815,15818,15818,1,1
2021-02-03 16:03:58.876,15816,15817,15816,2,-2
2021-02-03 16:04:01.664,15816,15818,15816,1,-1
2021-02-03 16:04:08.405,15816,15818,15816,3,-3
2021-02-03 16:04:08.406,15816,15818,15816,2,-2
2021-02-03 16:04:10.874,15815,15817,15817,1,1
2021-02-03 16:04:17.023,15815,15817,15817,1,1
2021-02-03 16:04:23.936,15815,15816,15816,1,1
2021-02-03 16:04:24.775,15815,15817,15815,1,-1
2021-02-03 16:04:26.746,15815,15817,15815,32,-32
2021-02-03 16:04:26.757,15815,15817,15814,11,-11
2021-02-03 16:04:26.757,15815,15817,15814,5,-5
2021-02-03 16:04:29.049,15814,15815,15814,1,-1
2021-02-03 16:04:29.062,15813,15815,15815,1,1
2021-02-03 16:04:29.575,15813,15815,15815,1,1
2021-02-03 16:04:30.719,15814,15816,15814,1,-1
2021-02-03 16:04:32.856,15814,15816,15814,2,-2
2021-02-03 16:04:33.000,15813,15815,15815,1,1
2021-02-03 16:04:33.000,15813,15815,15815,1,1
2021-02-03 16:04:37.586,15814,15816,15814,1,-1
2021-02-03 16:04:39.404,15814,15815,15814,1,-1
2021-02-03 16:04:39.439,15814,15815,15815,1,1
2021-02-03 16:04:39.542,15814,15815,15814,1,-1
2021-02-03 16:04:40.400,15814,15815,15814,1,-1
2021-02-03 16:04:41.560,15814,15815,15814,1,-1
2021-02-03 16:04:43.690,15813,15814,15814,2,2
2021-02-03 16:04:44.598,15814,15815,15814,1,-1
2021-02-03 16:04:48.278,15814,15815,15814,1,-1
2021-02-03 16:04:48.835,15813,15815,15815,1,1
2021-02-03 16:04:51.128,15813,15815,15813,1,-1
2021-02-03 16:04:51.287,15813,15815,15813,1,-1
2021-02-03 16:04:57.290,15814,15815,15815,13,13
2021-02-03 16:05:01.392,15815,15817,15815,2,-2
2021-02-03 16:05:02.023,15815,15817,15815,1,-1
2021-02-03 16:05:02.105,15815,15817,15817,3,3
2021-02-03 16:05:02.624,15815,15817,15817,1,1
2021-02-03 16:05:03.719,15815,15817,15815,1,-1
2021-02-03 16:05:06.872,15816,15817,15817,8,8
2021-02-03 16:05:06.936,15817,15818,15818,1,1
2021-02-03 16:05:07.180,15817,15818,15817,1,-1
2021-02-03 16:05:07.533,15817,15818,15817,1,-1
2021-02-03 16:05:10.979,15816,15818,15817,1,-1
2021-02-03 16:05:11.463,15816,15817,15816,22,-22
2021-02-03 16:05:11.464,15816,15817,15815,7,-7
2021-02-03 16:05:11.465,15816,15817,15815,1,-1
2021-02-03 16:05:11.600,15814,15816,15816,1,1
2021-02-03 16:05:12.686,15813,15815,15815,1,1
2021-02-03 16:05:14.969,15813,15815,15813,1,-1
2021-02-03 16:05:15.957,15813,15815,15815,1,1
2021-02-03 16:05:19.914,15814,15816,15814,1,-1
2021-02-03 16:05:19.914,15814,15816,15813,3,-3
2021-02-03 16:05:20.836,15813,15815,15814,1,1
2021-02-03 16:05:21.622,15814,15815,15815,1,1
2021-02-03 16:05:26.485,15813,15814,15813,1,-1
2021-02-03 16:05:27.774,15813,15814,15813,1,-1
2021-02-03 16:05:28.148,15813,15814,15813,1,-1
2021-02-03 16:05:28.148,15813,15814,15813,1,-1
2021-02-03 16:05:28.148,15813,15814,15813,1,-1
2021-02-03 16:05:28.148,15813,15814,15813,2,-2
2021-02-03 16:05:28.148,15813,15814,15813,1,-1
2021-02-03 16:05:28.148,15813,15814,15813,1,-1
2021-02-03 16:05:28.148,15813,15814,15813,1,-1
2021-02-03 16:05:28.149,15813,15814,15813,2,-2
2021-02-03 16:05:29.064,15812,15814,15812,1,-1
2021-02-03 16:05:29.405,15812,15814,15813,1,1
2021-02-03 16:05:30.178,15812,15814,15813,1,-1
2021-02-03 16:05:30.764,15812,15814,15813,1,-1
2021-02-03 16:05:31.186,15812,15813,15813,1,1
2021-02-03 16:05:32.141,15813,15814,15813,1,-1
2021-02-03 16:05:33.237,15812,15813,15812,1,-1
2021-02-03 16:05:34.676,15812,15813,15813,1,1
2021-02-03 16:05:36.232,15812,15813,15812,20,-20
2021-02-03 16:05:36.332,15811,15812,15811,1,-1
2021-02-03 16:05:36.333,15811,15812,15811,1,-1
2021-02-03 16:05:36.333,15811,15812,15811,1,-1
2021-02-03 16:05:36.333,15811,15812,15811,1,-1
2021-02-03 16:05:36.333,15811,15812,15811,3,-3
2021-02-03 16:05:36.333,15811,15812,15811,1,-1
2021-02-03 16:05:36.333,15811,15812,15811,2,-2
2021-02-03 16:05:36.623,15810,15811,15810,2,-2
2021-02-03 16:05:36.623,15810,15811,15809,2,-2
2021-02-03 16:05:36.726,15809,15810,15809,5,-5
2021-02-03 16:05:36.726,15809,15810,15809,2,-2
2021-02-03 16:05:36.866,15809,15810,15809,2,-2
2021-02-03 16:05:36.984,15808,15810,15808,1,-1
2021-02-03 16:05:36.984,15808,15810,15808,2,-2
2021-02-03 16:05:36.985,15808,15810,15808,1,-1
2021-02-03 16:05:36.985,15808,15810,15808,1,-1
2021-02-03 16:05:37.081,15807,15809,15809,1,1
2021-02-03 16:05:37.436,15807,15808,15808,1,1
2021-02-03 16:05:37.744,15807,15809,15809,1,1
2021-02-03 16:05:37.907,15807,15809,15807,1,-1
2021-02-03 16:05:37.907,15807,15809,15806,2,-2
2021-02-03 16:05:38.451,15806,15808,15806,1,-1
2021-02-03 16:05:38.722,15806,15808,15806,1,-1
2021-02-03 16:05:39.853,15806,15808,15808,1,1
2021-02-03 16:05:39.975,15806,15809,15806,1,-1
2021-02-03 16:05:41.551,15806,15808,15806,1,-1
2021-02-03 16:05:42.107,15807,15809,15807,1,1
2021-02-03 16:05:42.475,15807,15809,15807,1,-1
2021-02-03 16:05:42.521,15807,15809,15807,1,-1
2021-02-03 16:05:42.861,15808,15809,15808,1,1
2021-02-03 16:05:42.861,15808,15809,15807,4,-4
2021-02-03 16:05:43.198,15807,15809,15807,1,-1
2021-02-03 16:05:43.816,15808,15809,15808,1,1
2021-02-03 16:05:44.717,15808,15809,15809,1,1
2021-02-03 16:05:44.804,15808,15809,15808,1,-1
2021-02-03 16:05:44.811,15808,15810,15810,1,1
2021-02-03 16:05:46.030,15808,15810,15808,1,-1
2021-02-03 16:05:49.232,15808,15810,15808,1,-1
2021-02-03 16:05:51.272,15807,15809,15808,1,-1
2021-02-03 16:05:53.438,15807,15809,15807,1,-1
2021-02-03 16:05:53.536,15807,15809,15807,2,-2
2021-02-03 16:05:53.591,15807,15809,15807,2,-2
2021-02-03 16:05:54.398,15807,15809,15807,1,-1
2021-02-03 16:05:54.686,15807,15809,15809,1,1
2021-02-03 16:05:55.644,15807,15809,15809,2,2
2021-02-03 16:05:56.199,15808,15810,15808,1,-1
2021-02-03 16:05:56.955,15808,15809,15809,1,1
2021-02-03 16:06:02.192,15808,15810,15810,1,1
2021-02-03 16:06:02.304,15808,15810,15810,1,1
2021-02-03 16:06:02.304,15808,15810,15811,3,3
2021-02-03 16:06:02.837,15809,15811,15811,1,1
2021-02-03 16:06:02.847,15809,15811,15811,1,1
2021-02-03 16:06:10.550,15810,15812,15812,1,1
2021-02-03 16:06:10.564,15810,15812,15812,1,1
2021-02-03 16:06:10.564,15810,15812,15812,1,1
2021-02-03 16:06:10.686,15811,15812,15812,1,1
2021-02-03 16:06:10.733,15811,15812,15811,1,-1
2021-02-03 16:06:11.060,15811,15812,15812,1,1
2021-02-03 16:06:11.063,15811,15813,15813,1,1
2021-02-03 16:06:11.063,15811,15813,15813,1,1
2021-02-03 16:06:11.063,15811,15813,15813,1,1
2021-02-03 16:06:11.064,15811,15813,15813,1,1
2021-02-03 16:06:13.894,15811,15814,15811,1,-1
2021-02-03 16:06:14.431,15811,15813,15813,1,1
2021-02-03 16:06:26.944,15812,15813,15812,2,-2
2021-02-03 16:06:35.589,15810,15812,15810,2,-2
2021-02-03 16:06:35.687,15809,15811,15811,2,2
2021-02-03 16:06:35.688,15809,15811,15811,1,1
2021-02-03 16:06:35.688,15809,15811,15812,1,1
2021-02-03 16:06:35.688,15809,15811,15812,1,1
2021-02-03 16:06:35.689,15809,15811,15811,1,1
2021-02-03 16:06:35.689,15809,15811,15812,1,1
2021-02-03 16:06:35.689,15809,15811,15812,1,1
2021-02-03 16:06:38.296,15809,15811,15811,1,1
2021-02-03 16:06:39.925,15809,15811,15809,1,-1
2021-02-03 16:06:39.937,15809,15811,15811,1,1
2021-02-03 16:06:39.938,15809,15811,15811,1,1
2021-02-03 16:06:39.938,15809,15811,15811,1,1
2021-02-03 16:06:39.940,15809,15811,15812,1,1
2021-02-03 16:06:39.940,15809,15811,15812,1,1
2021-02-03 16:06:45.202,15810,15812,15812,1,1
2021-02-03 16:06:46.290,15810,15812,15810,2,-2
2021-02-03 16:06:47.254,15809,15811,15809,4,-4
2021-02-03 16:06:47.254,15809,15811,15808,1,-1
2021-02-03 16:06:47.254,15809,15811,15809,1,1
2021-02-03 16:06:48.403,15808,15810,15808,4,-4
2021-02-03 16:06:49.561,15807,15808,15808,1,1
2021-02-03 16:06:49.798,15807,15808,15808,1,1
2021-02-03 16:06:50.277,15807,15809,15807,6,-6
2021-02-03 16:06:50.278,15807,15809,15806,2,-2
2021-02-03 16:06:50.543,15806,15807,15807,2,2
2021-02-03 16:06:54.088,15807,15808,15808,1,1
2021-02-03 16:06:54.656,15807,15809,15807,1,-1
2021-02-03 16:06:56.907,15808,15810,15808,1,1
2021-02-03 16:07:00.945,15808,15810,15808,1,-1
2021-02-03 16:07:02.025,15808,15810,15810,4,4
2021-02-03 16:07:02.348,15809,15811,15809,3,-3
2021-02-03 16:07:02.411,15809,15811,15808,2,-2
2021-02-03 16:07:02.412,15809,15811,15808,2,-2
2021-02-03 16:07:02.441,15808,15809,15808,1,-1
2021-02-03 16:07:02.557,15808,15809,15807,1,-1
2021-02-03 16:07:02.575,15807,15808,15807,1,-1
2021-02-03 16:07:02.617,15807,15808,15808,2,2
2021-02-03 16:07:11.062,15808,15810,15808,2,-2
2021-02-03 16:07:11.735,15808,15810,15808,1,-1
2021-02-03 16:07:12.902,15808,15810,15808,1,-1
2021-02-03 16:07:14.046,15808,15810,15810,1,1
2021-02-03 16:07:14.046,15808,15810,15810,2,2
2021-02-03 16:07:14.526,15809,15811,15809,1,-1
2021-02-03 16:07:14.987,15809,15811,15809,1,-1
2021-02-03 16:07:15.692,15809,15812,15809,1,-1
2021-02-03 16:07:16.906,15809,15810,15810,2,2
2021-02-03 16:07:16.908,15809,15810,15810,2,2
2021-02-03 16:07:22.530,15810,15812,15812,9,9
2021-02-03 16:07:26.591,15810,15812,15812,1,1
2021-02-03 16:07:36.196,15811,15812,15811,1,-1
2021-02-03 16:07:42.907,15811,15812,15811,1,-1
2021-02-03 16:07:43.318,15810,15812,15810,1,-1
2021-02-03 16:07:45.460,15810,15811,15810,1,-1
2021-02-03 16:07:47.785,15810,15811,15810,1,-1
2021-02-03 16:07:47.797,15810,15811,15811,2,2
2021-02-03 16:07:49.826,15810,15811,15810,14,-14
2021-02-03 16:07:49.827,15810,15811,15809,11,-11
2021-02-03 16:07:49.968,15808,15809,15808,1,-1
2021-02-03 16:07:50.035,15808,15809,15808,2,-2
2021-02-03 16:07:55.601,15808,15809,15809,2,2
2021-02-03 16:07:55.986,15808,15809,15809,2,2
2021-02-03 16:07:57.529,15809,15810,15809,2,-2
2021-02-03 16:07:58.826,15809,15810,15809,2,-2
2021-02-03 16:07:58.827,15809,15810,15809,1,-1
2021-02-03 16:08:01.389,15809,15810,15809,2,-2
2021-02-03 16:08:01.637,15808,15809,15809,5,5
2021-02-03 16:08:04.268,15808,15810,15809,3,-3
2021-02-03 16:08:05.886,15809,15810,15809,2,-2
2021-02-03 16:08:06.086,15808,15810,15810,2,2
2021-02-03 16:08:11.136,15809,15810,15809,2,-2
2021-02-03 16:08:11.299,15808,15809,15808,1,-1
2021-02-03 16:08:14.105,15808,15810,15808,1,-1
2021-02-03 16:08:17.564,15809,15810,15810,2,2
2021-02-03 16:08:17.564,15809,15810,15810,1,1
2021-02-03 16:08:22.095,15810,15811,15810,1,-1
2021-02-03 16:08:25.081,15809,15810,15809,3,-3
2021-02-03 16:08:25.186,15808,15809,15808,11,-11
2021-02-03 16:08:25.212,15808,15809,15808,1,-1
2021-02-03 16:08:30.561,15808,15809,15809,1,1
2021-02-03 16:08:34.227,15807,15808,15808,1,1
2021-02-03 16:08:42.065,15808,15809,15809,4,4
2021-02-03 16:08:42.787,15809,15810,15809,2,-2
2021-02-03 16:08:46.154,15809,15810,15809,1,-1
2021-02-03 16:08:48.949,15809,15810,15810,2,2
2021-02-03 16:08:48.949,15809,15810,15810,4,4
2021-02-03 16:08:52.477,15809,15810,15810,2,2
2021-02-03 16:08:57.097,15810,15811,15810,1,-1
2021-02-03 16:08:58.587,15809,15811,15811,1,1
2021-02-03 16:09:00.722,15810,15811,15811,3,3
2021-02-03 16:09:11.336,15810,15812,15810,2,-2
2021-02-03 16:09:19.061,15810,15811,15811,1,1
2021-02-03 16:09:20.062,15810,15811,15810,1,-1
2021-02-03 16:09:21.057,15810,15812,15810,1,-1
2021-02-03 16:09:25.367,15809,15812,15810,1,-1
2021-02-03 16:09:33.912,15810,15811,15810,1,-1
2021-02-03 16:09:34.824,15809,15811,15810,1,-1
2021-02-03 16:09:36.126,15809,15811,15811,1,1
2021-02-03 16:09:38.981,15809,15811,15809,2,-2
2021-02-03 16:09:53.875,15808,15810,15808,1,-1
2021-02-03 16:09:59.272,15808,15810,15809,2,2
2021-02-03 16:09:59.272,15808,15810,15809,1,-1
2021-02-03 16:10:00.126,15808,15810,15808,1,-1
2021-02-03 16:10:00.953,15808,15810,15810,1,1
2021-02-03 16:10:01.022,15808,15810,15810,1,1
2021-02-03 16:10:01.093,15808,15810,15810,2,2
2021-02-03 16:10:01.619,15808,15810,15810,1,1
2021-02-03 16:10:01.974,15808,15810,15810,3,3
2021-02-03 16:10:02.041,15808,15810,15810,2,2
2021-02-03 16:10:09.670,15808,15809,15809,1,1
2021-02-03 16:10:19.790,15809,15810,15810,2,2
2021-02-03 16:10:19.790,15809,15810,15810,2,2
2021-02-03 16:10:20.576,15810,15811,15811,3,3
2021-02-03 16:10:21.027,15810,15812,15810,1,-1
2021-02-03 16:10:24.958,15809,15811,15810,1,-1
2021-02-03 16:10:32.144,15808,15811,15808,2,-2
2021-02-03 16:10:36.323,15809,15811,15809,1,1
2021-02-03 16:10:37.843,15809,15811,15810,1,1
2021-02-03 16:10:48.051,15808,15810,15808,4,-4
2021-02-03 16:10:53.514,15808,15809,15808,1,-1
2021-02-03 16:11:00.290,15808,15809,15808,1,-1
2021-02-03 16:11:01.030,15808,15809,15809,3,3
2021-02-03 16:11:06.469,15809,15810,15810,1,1
2021-02-03 16:11:06.497,15809,15810,15810,1,1
2021-02-03 16:11:18.599,15809,15810,15809,1,-1
2021-02-03 16:11:21.494,15809,15810,15809,1,-1
2021-02-03 16:11:21.531,15809,15810,15808,2,-2
2021-02-03 16:11:24.718,15807,15809,15808,1,-1
2021-02-03 16:11:25.073,15807,15809,15808,2,-2
2021-02-03 16:11:27.569,15807,15809,15809,1,1
2021-02-03 16:11:29.744,15807,15809,15809,4,4
2021-02-03 16:11:29.744,15807,15809,15809,1,1
2021-02-03 16:11:29.744,15807,15809,15809,1,1
2021-02-03 16:11:29.744,15807,15809,15809,1,1
2021-02-03 16:11:37.436,15808,15809,15808,2,-2
2021-02-03 16:11:37.592,15807,15809,15808,1,-1
2021-02-03 16:11:39.061,15807,15808,15807,10,-10
2021-02-03 16:11:39.083,15807,15808,15807,1,-1
2021-02-03 16:11:45.297,15806,15808,15807,1,-1
2021-02-03 16:11:46.747,15806,15808,15806,1,-1
2021-02-03 16:11:47.630,15806,15808,15807,1,1
2021-02-03 16:11:49.820,15806,15807,15806,2,-2
2021-02-03 16:11:50.438,15806,15807,15806,1,-1
2021-02-03 16:11:50.475,15806,15807,15807,1,1
2021-02-03 16:11:51.458,15806,15807,15806,5,-5
2021-02-03 16:11:51.632,15805,15807,15807,1,1
2021-02-03 16:11:51.700,15805,15807,15807,1,1
2021-02-03 16:11:57.286,15805,15807,15806,1,-1
2021-02-03 16:12:00.482,15805,15807,15805,1,-1
2021-02-03 16:12:05.841,15805,15807,15806,1,1
2021-02-03 16:12:06.311,15806,15807,15807,1,1
2021-02-03 16:12:06.311,15806,15807,15807,1,1
2021-02-03 16:12:06.586,15806,15808,15808,1,1
2021-02-03 16:12:07.926,15806,15808,15806,1,-1
2021-02-03 16:12:16.477,15807,15808,15807,1,1
2021-02-03 16:12:16.573,15807,15808,15808,4,4
2021-02-03 16:12:16.829,15807,15809,15807,1,-1
2021-02-03 16:12:21.156,15808,15809,15808,1,1
2021-02-03 16:12:25.599,15808,15809,15808,1,-1
2021-02-03 16:12:26.972,15808,15809,15808,1,-1
2021-02-03 16:12:46.850,15808,15809,15808,7,-7
2021-02-03 16:12:46.881,15808,15809,15807,1,-1
2021-02-03 16:12:48.042,15806,15808,15808,1,1
2021-02-03 16:12:48.042,15806,15808,15808,1,1
2021-02-03 16:12:48.110,15806,15808,15808,1,1
2021-02-03 16:12:51.687,15806,15807,15806,8,-8
2021-02-03 16:12:56.851,15805,15807,15805,2,-2
2021-02-03 16:12:57.502,15805,15807,15805,2,-2
2021-02-03 16:12:57.702,15805,15807,15805,2,-2
2021-02-03 16:12:57.702,15805,15807,15805,1,-1
2021-02-03 16:12:58.594,15805,15806,15805,1,-1
2021-02-03 16:12:58.594,15805,15806,15805,1,-1
2021-02-03 16:12:58.907,15804,15806,15804,2,-2
2021-02-03 16:12:59.550,15804,15806,15805,1,1
2021-02-03 16:13:00.107,15804,15806,15804,2,-2
2021-02-03 16:13:00.186,15804,15805,15805,1,1
2021-02-03 16:13:00.752,15804,15806,15805,1,-1
2021-02-03 16:13:01.186,15804,15805,15805,1,1
2021-02-03 16:13:01.686,15804,15805,15805,1,1
2021-02-03 16:13:04.092,15805,15806,15806,1,1
2021-02-03 16:13:06.563,15806,15808,15806,2,-2
2021-02-03 16:13:08.515,15806,15808,15806,2,-2
2021-02-03 16:13:11.884,15805,15807,15805,2,-2
2021-02-03 16:13:16.161,15806,15807,15806,1,1
2021-02-03 16:13:16.161,15806,15807,15805,1,-1
2021-02-03 16:13:17.969,15805,15807,15805,2,-2
2021-02-03 16:13:18.282,15805,15807,15805,1,-1
2021-02-03 16:13:18.284,15805,15807,15805,5,-5
2021-02-03 16:13:23.727,15805,15806,15805,2,-2
