2021-08-12 15:00:00.033,17157,17158,17155,50,-50
2021-08-12 15:00:00.034,17155,17156,17155,2,-2
2021-08-12 15:00:00.171,17154,17156,17156,1,1
2021-08-12 15:00:00.208,17154,17156,17156,2,2
2021-08-12 15:00:00.244,17154,17156,17156,2,2
2021-08-12 15:00:00.244,17154,17156,17157,3,3
2021-08-12 15:00:00.373,17154,17157,17157,1,1
2021-08-12 15:00:00.465,17155,17157,17155,1,-1
2021-08-12 15:00:00.465,17155,17157,17155,1,-1
2021-08-12 15:00:00.475,17155,17157,17155,1,-1
2021-08-12 15:00:00.475,17155,17157,17154,1,-1
2021-08-12 15:00:00.475,17155,17157,17153,1,-1
2021-08-12 15:00:00.476,17155,17157,17153,1,-1
2021-08-12 15:00:00.478,17155,17157,17153,1,-1
2021-08-12 15:00:00.479,17155,17157,17153,2,-2
2021-08-12 15:00:00.527,17155,17157,17153,1,-1
2021-08-12 15:00:00.527,17155,17157,17152,2,-2
2021-08-12 15:00:00.527,17155,17157,17151,5,-5
2021-08-12 15:00:00.558,17155,17157,17152,1,1
2021-08-12 15:00:00.597,17151,17157,17151,1,-1
2021-08-12 15:00:00.609,17151,17157,17151,1,-1
2021-08-12 15:00:00.615,17151,17157,17151,1,-1
2021-08-12 15:00:00.627,17151,17157,17154,1,1
2021-08-12 15:00:00.654,17151,17157,17154,1,-1
2021-08-12 15:00:00.748,17154,17157,17154,1,-1
2021-08-12 15:00:01.193,17155,17157,17155,2,2
2021-08-12 15:00:01.212,17155,17157,17155,1,-1
2021-08-12 15:00:01.318,17154,17157,17154,1,-1
2021-08-12 15:00:01.744,17153,17157,17155,1,1
2021-08-12 15:00:01.744,17153,17157,17157,3,3
2021-08-12 15:00:01.744,17153,17157,17158,1,1
2021-08-12 15:00:01.937,17154,17158,17157,2,-2
2021-08-12 15:00:01.937,17154,17158,17158,3,3
2021-08-12 15:00:02.107,17155,17158,17158,4,4
2021-08-12 15:00:02.107,17155,17158,17159,1,1
2021-08-12 15:00:02.420,17156,17159,17159,3,3
2021-08-12 15:00:02.420,17156,17159,17160,2,2
2021-08-12 15:00:02.721,17157,17160,17160,5,5
2021-08-12 15:00:03.424,17157,17160,17157,2,-2
2021-08-12 15:00:03.424,17157,17160,17156,1,-1
2021-08-12 15:00:03.535,17156,17159,17159,1,1
2021-08-12 15:00:04.301,17157,17160,17160,2,2
2021-08-12 15:00:05.399,17157,17160,17158,1,-1
2021-08-12 15:00:06.417,17157,17159,17159,1,1
2021-08-12 15:00:07.649,17158,17160,17158,1,-1
2021-08-12 15:00:07.921,17157,17159,17159,1,1
2021-08-12 15:00:08.290,17157,17158,17158,1,1
2021-08-12 15:00:09.304,17157,17160,17158,1,-1
2021-08-12 15:00:09.589,17157,17159,17159,1,1
2021-08-12 15:00:09.798,17157,17160,17159,1,-1
2021-08-12 15:00:11.553,17158,17159,17158,5,-5
2021-08-12 15:00:11.654,17157,17159,17159,1,1
2021-08-12 15:00:13.477,17157,17158,17157,3,-3
2021-08-12 15:00:13.852,17156,17158,17158,2,2
2021-08-12 15:00:14.360,17156,17158,17158,1,1
2021-08-12 15:00:15.714,17157,17159,17157,2,-2
2021-08-12 15:00:15.797,17157,17159,17159,1,1
2021-08-12 15:00:16.011,17156,17159,17159,1,1
2021-08-12 15:00:16.011,17156,17159,17156,3,-3
2021-08-12 15:00:16.333,17156,17159,17156,2,-2
2021-08-12 15:00:16.490,17157,17159,17157,1,1
2021-08-12 15:00:16.949,17155,17158,17155,3,-3
2021-08-12 15:00:18.140,17155,17157,17155,2,-2
2021-08-12 15:00:18.140,17155,17157,17154,3,-3
2021-08-12 15:00:18.666,17154,17156,17155,2,2
2021-08-12 15:00:20.510,17154,17157,17154,3,-3
2021-08-12 15:00:20.511,17154,17157,17154,3,-3
2021-08-12 15:00:22.810,17154,17156,17154,1,-1
2021-08-12 15:00:23.116,17154,17156,17156,1,1
2021-08-12 15:00:27.159,17156,17157,17156,1,-1
2021-08-12 15:00:29.675,17156,17157,17157,7,7
2021-08-12 15:00:29.756,17156,17158,17158,1,1
2021-08-12 15:00:31.885,17156,17158,17156,1,-1
2021-08-12 15:00:32.470,17157,17158,17158,9,9
2021-08-12 15:00:34.727,17157,17159,17159,4,4
2021-08-12 15:00:35.657,17158,17160,17158,1,-1
2021-08-12 15:00:36.845,17159,17160,17160,5,5
2021-08-12 15:00:36.845,17159,17160,17160,5,5
2021-08-12 15:00:37.728,17159,17161,17160,1,-1
2021-08-12 15:00:37.730,17159,17161,17160,1,-1
2021-08-12 15:00:38.345,17160,17161,17161,5,5
2021-08-12 15:00:38.345,17160,17161,17161,5,5
2021-08-12 15:00:38.513,17160,17162,17160,5,-5
2021-08-12 15:00:38.513,17160,17162,17159,1,-1
2021-08-12 15:00:38.714,17159,17160,17160,1,1
2021-08-12 15:00:38.782,17159,17160,17160,1,1
2021-08-12 15:00:38.783,17159,17160,17160,3,3
2021-08-12 15:00:40.043,17159,17162,17162,1,1
2021-08-12 15:00:41.318,17160,17161,17161,2,2
2021-08-12 15:00:42.405,17161,17162,17161,1,-1
2021-08-12 15:00:42.854,17161,17162,17162,1,1
2021-08-12 15:00:44.055,17161,17162,17161,1,-1
2021-08-12 15:00:45.558,17161,17162,17161,1,-1
2021-08-12 15:00:46.830,17161,17162,17161,1,-1
2021-08-12 15:00:46.985,17161,17162,17161,2,-2
2021-08-12 15:00:47.610,17160,17162,17160,1,-1
2021-08-12 15:00:48.250,17160,17161,17160,3,-3
2021-08-12 15:00:48.859,17159,17160,17160,1,1
2021-08-12 15:00:50.205,17159,17162,17161,1,1
2021-08-12 15:00:50.670,17160,17161,17161,1,1
2021-08-12 15:00:52.411,17160,17162,17160,1,-1
2021-08-12 15:00:54.091,17160,17161,17160,2,-2
2021-08-12 15:00:54.091,17160,17161,17159,1,-1
2021-08-12 15:00:57.119,17159,17160,17159,1,-1
2021-08-12 15:00:57.119,17159,17160,17159,2,-2
2021-08-12 15:01:01.753,17159,17160,17159,1,-1
2021-08-12 15:01:02.981,17159,17160,17160,1,1
2021-08-12 15:01:03.249,17159,17161,17159,2,-2
2021-08-12 15:01:06.373,17159,17161,17159,1,-1
2021-08-12 15:01:11.117,17159,17160,17160,1,1
2021-08-12 15:01:11.492,17159,17160,17160,3,3
2021-08-12 15:01:11.988,17160,17161,17160,1,-1
2021-08-12 15:01:12.347,17160,17161,17161,1,1
2021-08-12 15:01:12.347,17160,17161,17161,1,1
2021-08-12 15:01:12.347,17160,17161,17161,1,1
2021-08-12 15:01:12.347,17160,17161,17161,2,2
2021-08-12 15:01:12.347,17160,17161,17161,2,2
2021-08-12 15:01:12.347,17160,17161,17161,1,1
2021-08-12 15:01:12.347,17160,17161,17161,1,1
2021-08-12 15:01:12.347,17160,17161,17161,1,1
2021-08-12 15:01:12.390,17160,17161,17161,1,1
2021-08-12 15:01:12.669,17161,17162,17162,12,12
2021-08-12 15:01:14.738,17162,17163,17162,1,-1
2021-08-12 15:01:15.264,17162,17163,17162,1,-1
2021-08-12 15:01:17.936,17162,17163,17162,1,-1
2021-08-12 15:01:18.466,17162,17163,17162,1,-1
2021-08-12 15:01:18.568,17162,17163,17162,1,-1
2021-08-12 15:01:18.568,17162,17163,17162,1,-1
2021-08-12 15:01:18.568,17162,17163,17162,1,-1
2021-08-12 15:01:21.195,17161,17162,17162,1,1
2021-08-12 15:01:21.944,17161,17162,17161,1,-1
2021-08-12 15:01:25.533,17159,17160,17160,1,1
2021-08-12 15:01:26.146,17159,17161,17161,1,1
2021-08-12 15:01:29.313,17160,17161,17161,1,1
2021-08-12 15:01:31.422,17161,17162,17161,1,-1
2021-08-12 15:01:31.423,17161,17162,17161,1,-1
2021-08-12 15:01:36.090,17160,17162,17160,4,-4
2021-08-12 15:01:36.153,17160,17162,17160,3,-3
2021-08-12 15:01:38.678,17159,17161,17159,1,-1
2021-08-12 15:01:39.024,17159,17160,17160,1,1
2021-08-12 15:01:39.474,17159,17161,17159,1,-1
2021-08-12 15:01:41.907,17158,17160,17158,1,-1
2021-08-12 15:01:41.907,17158,17160,17158,2,-2
2021-08-12 15:01:41.907,17158,17160,17158,2,-2
2021-08-12 15:01:42.318,17159,17160,17159,1,1
2021-08-12 15:01:45.154,17157,17159,17159,3,3
2021-08-12 15:01:45.154,17157,17159,17160,3,3
2021-08-12 15:01:46.200,17158,17160,17158,2,-2
2021-08-12 15:01:51.167,17158,17159,17158,2,-2
2021-08-12 15:01:51.168,17158,17159,17158,2,-2
2021-08-12 15:01:54.637,17158,17159,17158,3,-3
2021-08-12 15:01:54.637,17158,17159,17158,1,-1
2021-08-12 15:01:57.717,17157,17158,17157,1,-1
2021-08-12 15:01:57.718,17157,17158,17157,11,-11
2021-08-12 15:02:00.248,17156,17158,17156,1,-1
2021-08-12 15:02:06.494,17156,17157,17156,10,-10
2021-08-12 15:02:06.494,17156,17157,17155,5,-5
2021-08-12 15:02:09.044,17154,17156,17154,2,-2
2021-08-12 15:02:09.160,17153,17156,17153,2,-2
2021-08-12 15:02:11.568,17152,17154,17152,1,-1
2021-08-12 15:02:12.601,17152,17155,17155,1,1
2021-08-12 15:02:13.614,17155,17156,17156,1,1
2021-08-12 15:02:17.671,17156,17157,17157,1,1
2021-08-12 15:02:22.803,17154,17155,17155,1,1
2021-08-12 15:02:24.894,17155,17157,17155,1,-1
2021-08-12 15:02:30.360,17155,17156,17155,1,-1
2021-08-12 15:02:37.334,17154,17155,17155,1,1
2021-08-12 15:02:46.512,17154,17155,17155,1,1
2021-08-12 15:02:46.975,17154,17155,17154,1,-1
2021-08-12 15:02:47.507,17154,17155,17155,2,2
2021-08-12 15:02:51.787,17155,17156,17156,1,1
2021-08-12 15:02:51.787,17155,17156,17156,1,1
2021-08-12 15:02:51.787,17155,17156,17156,1,1
2021-08-12 15:02:52.884,17155,17157,17155,1,-1
2021-08-12 15:02:55.484,17155,17157,17157,4,4
2021-08-12 15:02:58.236,17156,17158,17156,3,-3
2021-08-12 15:03:00.113,17155,17157,17157,1,1
2021-08-12 15:03:08.365,17155,17156,17156,1,1
2021-08-12 15:03:13.631,17156,17157,17156,2,-2
2021-08-12 15:03:14.899,17156,17157,17156,1,-1
2021-08-12 15:03:15.433,17155,17156,17156,1,1
2021-08-12 15:03:15.876,17155,17157,17157,1,1
2021-08-12 15:03:17.673,17156,17157,17156,2,-2
2021-08-12 15:03:17.814,17155,17157,17155,1,-1
2021-08-12 15:03:19.053,17155,17157,17157,1,1
2021-08-12 15:03:19.143,17155,17157,17155,8,-8
2021-08-12 15:03:19.143,17155,17157,17154,2,-2
2021-08-12 15:03:20.452,17154,17156,17156,1,1
2021-08-12 15:03:26.196,17154,17155,17154,1,-1
2021-08-12 15:03:27.559,17154,17155,17155,1,1
2021-08-12 15:03:27.559,17154,17155,17155,1,1
2021-08-12 15:03:30.179,17155,17156,17156,5,5
2021-08-12 15:03:30.451,17155,17157,17157,2,2
2021-08-12 15:03:32.572,17156,17157,17156,1,-1
2021-08-12 15:03:42.635,17156,17157,17156,5,-5
2021-08-12 15:03:42.636,17156,17157,17156,1,-1
2021-08-12 15:03:46.929,17156,17157,17156,1,-1
2021-08-12 15:03:46.929,17156,17157,17156,1,-1
2021-08-12 15:03:47.486,17155,17157,17155,1,-1
2021-08-12 15:03:47.550,17155,17157,17155,1,-1
2021-08-12 15:03:48.555,17155,17156,17156,1,1
2021-08-12 15:03:52.484,17155,17156,17156,1,1
2021-08-12 15:03:59.785,17155,17156,17156,1,1
2021-08-12 15:04:01.754,17155,17156,17156,1,1
2021-08-12 15:04:01.755,17155,17156,17156,1,1
2021-08-12 15:04:01.756,17155,17156,17157,1,1
2021-08-12 15:04:02.067,17156,17158,17156,2,-2
2021-08-12 15:04:03.488,17156,17158,17156,2,-2
2021-08-12 15:04:03.488,17156,17158,17155,2,-2
2021-08-12 15:04:03.816,17155,17157,17157,1,1
2021-08-12 15:04:04.530,17156,17158,17156,1,-1
2021-08-12 15:04:06.087,17156,17158,17157,1,1
2021-08-12 15:04:25.231,17157,17158,17158,1,1
2021-08-12 15:04:25.232,17157,17158,17158,10,10
2021-08-12 15:04:27.973,17158,17159,17158,1,-1
2021-08-12 15:04:32.473,17158,17159,17159,3,3
2021-08-12 15:04:34.248,17159,17160,17160,1,1
2021-08-12 15:04:34.900,17158,17160,17158,1,-1
2021-08-12 15:04:34.998,17158,17160,17160,1,1
2021-08-12 15:04:45.713,17158,17159,17158,1,-1
2021-08-12 15:04:48.479,17158,17159,17159,4,4
2021-08-12 15:04:48.479,17158,17159,17160,2,2
2021-08-12 15:04:59.977,17159,17160,17160,1,1
2021-08-12 15:05:00.332,17159,17160,17159,1,-1
2021-08-12 15:05:23.672,17158,17159,17158,3,-3
2021-08-12 15:05:24.063,17157,17158,17157,1,-1
2021-08-12 15:05:24.065,17157,17158,17157,1,-1
2021-08-12 15:05:24.065,17157,17158,17157,1,-1
2021-08-12 15:05:24.065,17157,17158,17157,1,-1
2021-08-12 15:05:24.065,17157,17158,17157,3,-3
2021-08-12 15:05:24.066,17157,17158,17156,1,-1
2021-08-12 15:05:24.066,17157,17158,17156,1,-1
2021-08-12 15:05:26.596,17155,17156,17156,1,1
2021-08-12 15:05:26.767,17155,17156,17155,1,-1
2021-08-12 15:05:26.767,17155,17156,17155,4,-4
2021-08-12 15:05:37.492,17154,17156,17155,1,-1
2021-08-12 15:05:39.612,17155,17156,17155,1,-1
2021-08-12 15:05:39.732,17154,17156,17156,1,1
2021-08-12 15:05:41.398,17154,17155,17155,1,1
2021-08-12 15:05:41.741,17154,17155,17154,1,-1
2021-08-12 15:05:45.308,17154,17155,17155,1,1
2021-08-12 15:05:54.375,17155,17156,17156,1,1
2021-08-12 15:05:58.726,17155,17156,17155,1,-1
2021-08-12 15:06:00.125,17155,17156,17155,3,-3
2021-08-12 15:06:01.584,17154,17155,17154,1,-1
2021-08-12 15:06:04.769,17155,17156,17155,1,1
2021-08-12 15:06:11.604,17154,17155,17155,1,1
2021-08-12 15:06:12.304,17154,17155,17155,1,1
2021-08-12 15:06:12.667,17154,17155,17155,2,2
2021-08-12 15:06:14.135,17154,17156,17156,1,1
2021-08-12 15:06:18.658,17154,17155,17154,10,-10
2021-08-12 15:06:18.703,17153,17154,17153,1,-1
2021-08-12 15:06:19.112,17153,17154,17153,3,-3
2021-08-12 15:06:19.742,17153,17154,17153,1,-1
2021-08-12 15:06:23.543,17152,17153,17152,1,-1
2021-08-12 15:06:27.131,17152,17153,17153,1,1
2021-08-12 15:06:30.524,17152,17153,17153,1,1
2021-08-12 15:06:31.227,17152,17153,17153,1,1
2021-08-12 15:06:32.735,17154,17156,17154,2,2
2021-08-12 15:06:35.469,17155,17156,17156,1,1
2021-08-12 15:06:38.248,17156,17157,17157,1,1
2021-08-12 15:06:40.963,17157,17158,17158,1,1
2021-08-12 15:06:40.963,17157,17158,17158,1,1
2021-08-12 15:06:41.595,17157,17159,17159,6,6
2021-08-12 15:06:42.657,17159,17160,17160,21,21
2021-08-12 15:06:42.658,17159,17160,17161,1,1
2021-08-12 15:06:42.658,17159,17160,17161,9,9
2021-08-12 15:06:42.860,17161,17162,17161,1,-1
2021-08-12 15:06:44.905,17161,17162,17161,1,-1
2021-08-12 15:06:47.660,17161,17162,17162,13,13
2021-08-12 15:06:47.661,17161,17162,17163,2,2
2021-08-12 15:06:47.770,17162,17164,17162,1,-1
2021-08-12 15:06:48.430,17162,17164,17162,3,-3
2021-08-12 15:06:48.739,17162,17164,17162,1,-1
2021-08-12 15:06:49.078,17162,17164,17162,1,-1
2021-08-12 15:06:52.936,17162,17164,17163,1,1
2021-08-12 15:06:53.695,17163,17164,17164,9,9
2021-08-12 15:06:53.697,17163,17164,17165,8,8
2021-08-12 15:06:53.854,17165,17166,17166,1,1
2021-08-12 15:06:53.980,17165,17166,17166,1,1
2021-08-12 15:06:53.997,17165,17166,17166,1,1
2021-08-12 15:06:53.997,17165,17166,17166,1,1
2021-08-12 15:06:56.602,17165,17166,17166,1,1
2021-08-12 15:06:57.765,17165,17166,17166,2,2
2021-08-12 15:06:57.943,17165,17166,17165,1,-1
2021-08-12 15:06:59.338,17165,17166,17165,1,-1
2021-08-12 15:07:02.430,17164,17165,17164,1,-1
2021-08-12 15:07:04.338,17162,17163,17163,1,1
2021-08-12 15:07:08.259,17162,17164,17164,1,1
2021-08-12 15:07:15.753,17161,17163,17163,1,1
2021-08-12 15:07:18.340,17162,17164,17162,1,-1
2021-08-12 15:07:20.057,17161,17163,17163,1,1
2021-08-12 15:07:21.862,17162,17163,17164,1,1
2021-08-12 15:07:30.848,17162,17164,17162,1,-1
2021-08-12 15:07:40.981,17161,17163,17163,1,1
2021-08-12 15:07:41.069,17161,17163,17163,1,1
2021-08-12 15:07:41.069,17161,17163,17163,1,1
2021-08-12 15:07:48.776,17162,17163,17162,1,-1
2021-08-12 15:07:57.185,17162,17163,17163,2,2
2021-08-12 15:08:07.991,17162,17163,17162,1,-1
2021-08-12 15:08:08.412,17162,17163,17162,1,-1
2021-08-12 15:08:08.441,17162,17163,17163,2,2
2021-08-12 15:08:08.497,17162,17163,17162,1,-1
2021-08-12 15:08:19.188,17162,17163,17162,1,-1
2021-08-12 15:08:19.407,17162,17163,17162,1,-1
2021-08-12 15:08:26.255,17162,17163,17162,1,-1
2021-08-12 15:08:27.287,17162,17163,17162,1,-1
2021-08-12 15:08:27.320,17161,17163,17163,1,1
2021-08-12 15:08:27.320,17161,17163,17163,1,1
2021-08-12 15:08:27.321,17161,17163,17163,1,1
2021-08-12 15:08:30.215,17162,17163,17163,1,1
2021-08-12 15:08:36.529,17162,17164,17162,1,-1
2021-08-12 15:08:44.660,17161,17163,17163,1,1
2021-08-12 15:08:44.694,17161,17164,17164,1,1
2021-08-12 15:09:03.779,17162,17163,17162,1,-1
2021-08-12 15:09:15.756,17162,17163,17163,5,5
2021-08-12 15:09:26.219,17162,17163,17163,1,1
2021-08-12 15:09:32.360,17162,17163,17163,5,5
2021-08-12 15:09:33.816,17162,17163,17163,1,1
2021-08-12 15:09:34.179,17162,17164,17164,1,1
2021-08-12 15:09:37.888,17162,17163,17162,1,-1
2021-08-12 15:09:38.714,17162,17163,17163,1,1
2021-08-12 15:09:40.443,17162,17163,17163,1,1
2021-08-12 15:09:51.763,17163,17164,17163,1,-1
2021-08-12 15:10:00.243,17162,17163,17163,1,1
2021-08-12 15:10:00.246,17162,17163,17164,2,2
2021-08-12 15:10:00.246,17162,17163,17164,2,2
2021-08-12 15:10:00.247,17162,17163,17164,3,3
2021-08-12 15:10:00.247,17162,17163,17164,1,1
2021-08-12 15:10:00.247,17162,17163,17164,3,3
2021-08-12 15:10:00.247,17162,17163,17164,1,1
2021-08-12 15:10:00.247,17162,17163,17164,1,1
2021-08-12 15:10:00.938,17164,17165,17164,1,-1
2021-08-12 15:10:08.240,17164,17165,17164,1,-1
2021-08-12 15:10:21.093,17163,17164,17164,1,1
2021-08-12 15:10:25.135,17164,17165,17165,14,14
2021-08-12 15:10:25.135,17164,17165,17166,19,19
2021-08-12 15:10:25.135,17164,17165,17167,14,14
2021-08-12 15:10:25.135,17164,17165,17168,42,42
2021-08-12 15:10:25.135,17164,17165,17169,11,11
2021-08-12 15:10:25.140,17164,17165,17168,1,1
2021-08-12 15:10:25.140,17164,17165,17169,2,2
2021-08-12 15:10:25.140,17164,17165,17168,1,1
2021-08-12 15:10:25.140,17164,17165,17168,1,1
2021-08-12 15:10:25.140,17164,17165,17169,2,2
2021-08-12 15:10:25.141,17164,17165,17169,1,1
2021-08-12 15:10:25.142,17164,17165,17169,1,1
2021-08-12 15:10:25.179,17164,17165,17169,1,1
2021-08-12 15:10:25.179,17164,17165,17169,1,1
2021-08-12 15:10:25.180,17164,17165,17169,1,1
2021-08-12 15:10:25.209,17168,17170,17170,1,1
2021-08-12 15:10:25.271,17168,17170,17170,31,31
2021-08-12 15:10:25.272,17168,17170,17171,8,8
2021-08-12 15:10:25.273,17168,17170,17171,1,1
2021-08-12 15:10:25.273,17168,17170,17171,2,2
2021-08-12 15:10:25.273,17168,17170,17171,8,8
2021-08-12 15:10:25.273,17168,17170,17171,3,3
2021-08-12 15:10:25.273,17168,17170,17171,1,1
2021-08-12 15:10:25.273,17168,17170,17171,1,1
2021-08-12 15:10:25.273,17168,17170,17171,1,1
2021-08-12 15:10:25.274,17168,17170,17172,1,1
2021-08-12 15:10:25.301,17168,17170,17171,1,1
2021-08-12 15:10:25.372,17170,17172,17172,3,3
2021-08-12 15:10:25.390,17170,17172,17171,2,-2
2021-08-12 15:10:25.432,17170,17172,17171,3,-3
2021-08-12 15:10:25.453,17170,17171,17171,2,2
2021-08-12 15:10:25.465,17170,17171,17171,3,3
2021-08-12 15:10:25.465,17170,17171,17172,1,1
2021-08-12 15:10:25.568,17170,17172,17172,2,2
2021-08-12 15:10:25.685,17170,17172,17171,2,-2
2021-08-12 15:10:25.685,17170,17172,17170,3,-3
2021-08-12 15:10:25.686,17170,17172,17170,1,-1
2021-08-12 15:10:25.687,17170,17172,17170,55,-55
2021-08-12 15:10:25.688,17170,17172,17170,7,-7
2021-08-12 15:10:25.688,17170,17172,17170,3,-3
2021-08-12 15:10:25.688,17170,17172,17169,1,-1
2021-08-12 15:10:25.688,17170,17172,17169,1,-1
2021-08-12 15:10:28.332,17167,17169,17169,1,1
2021-08-12 15:10:28.686,17168,17169,17170,1,1
2021-08-12 15:10:29.083,17169,17170,17170,1,1
2021-08-12 15:10:29.246,17169,17170,17169,2,-2
2021-08-12 15:10:30.669,17168,17169,17168,1,-1
2021-08-12 15:10:31.141,17167,17169,17167,2,-2
2021-08-12 15:10:31.141,17167,17169,17166,4,-4
2021-08-12 15:10:42.645,17166,17167,17167,1,1
2021-08-12 15:10:47.133,17166,17167,17166,3,-3
2021-08-12 15:10:50.482,17166,17167,17166,1,-1
2021-08-12 15:10:51.066,17165,17166,17166,1,1
2021-08-12 15:11:00.961,17166,17167,17166,7,-7
2021-08-12 15:11:00.962,17166,17167,17165,7,-7
2021-08-12 15:11:04.673,17164,17165,17165,4,4
2021-08-12 15:11:23.125,17165,17166,17165,1,-1
2021-08-12 15:11:23.126,17165,17166,17165,3,-3
2021-08-12 15:11:23.127,17165,17166,17164,3,-3
2021-08-12 15:11:23.494,17163,17165,17163,2,-2
2021-08-12 15:11:24.107,17163,17164,17163,1,-1
2021-08-12 15:11:24.107,17163,17164,17162,1,-1
2021-08-12 15:11:40.135,17163,17165,17164,2,2
2021-08-12 15:11:43.484,17164,17165,17164,1,-1
2021-08-12 15:11:45.162,17164,17165,17165,1,1
2021-08-12 15:11:45.162,17164,17165,17165,3,3
2021-08-12 15:11:45.164,17164,17165,17165,22,22
2021-08-12 15:11:46.902,17164,17165,17165,1,1
2021-08-12 15:11:57.973,17164,17166,17164,6,-6
2021-08-12 15:11:59.365,17163,17165,17163,1,-1
2021-08-12 15:12:03.803,17163,17165,17165,1,1
2021-08-12 15:12:04.515,17163,17165,17163,2,-2
2021-08-12 15:12:06.744,17163,17165,17165,2,2
2021-08-12 15:12:06.745,17163,17165,17163,6,-6
2021-08-12 15:12:15.984,17163,17164,17164,1,1
2021-08-12 15:12:34.238,17164,17165,17165,1,1
2021-08-12 15:13:14.920,17164,17165,17165,13,13
2021-08-12 15:13:15.002,17165,17166,17166,2,2
2021-08-12 15:13:15.003,17165,17166,17166,2,2
2021-08-12 15:13:15.406,17166,17167,17167,1,1
2021-08-12 15:13:15.571,17166,17167,17166,2,-2
2021-08-12 15:13:16.626,17166,17167,17166,1,-1
2021-08-12 15:13:16.908,17166,17167,17166,1,-1
2021-08-12 15:13:17.183,17166,17167,17166,1,-1
2021-08-12 15:13:17.472,17166,17167,17166,1,-1
2021-08-12 15:13:17.798,17166,17167,17166,1,-1
2021-08-12 15:13:18.101,17166,17167,17166,1,-1
2021-08-12 15:13:19.116,17166,17167,17166,1,-1
2021-08-12 15:13:19.422,17166,17167,17166,1,-1
2021-08-12 15:13:19.995,17166,17167,17167,6,6
2021-08-12 15:13:19.995,17166,17167,17167,1,1
2021-08-12 15:13:19.995,17166,17167,17167,2,2
2021-08-12 15:13:19.996,17166,17167,17167,1,1
2021-08-12 15:13:19.996,17166,17167,17167,1,1
2021-08-12 15:13:19.996,17166,17167,17167,1,1
2021-08-12 15:13:19.996,17166,17167,17167,1,1
2021-08-12 15:13:19.996,17166,17167,17167,1,1
2021-08-12 15:13:19.996,17166,17167,17167,1,1
2021-08-12 15:13:19.996,17166,17167,17167,1,1
2021-08-12 15:13:19.996,17166,17167,17167,1,1
2021-08-12 15:13:19.996,17166,17167,17167,8,8
2021-08-12 15:13:20.094,17167,17168,17167,1,-1
2021-08-12 15:13:21.217,17166,17168,17166,1,-1
2021-08-12 15:13:22.461,17166,17167,17167,1,1
2021-08-12 15:13:22.599,17167,17168,17168,1,1
2021-08-12 15:13:25.846,17167,17168,17167,1,-1
2021-08-12 15:13:26.413,17167,17168,17167,1,-1
2021-08-12 15:13:29.102,17167,17168,17167,1,-1
2021-08-12 15:13:32.775,17167,17168,17167,1,-1
2021-08-12 15:13:33.389,17167,17168,17168,4,4
2021-08-12 15:13:33.948,17168,17170,17168,1,-1
2021-08-12 15:13:34.127,17168,17170,17170,27,27
2021-08-12 15:13:34.127,17168,17170,17171,19,19
2021-08-12 15:13:34.127,17168,17170,17172,54,54
2021-08-12 15:13:34.130,17168,17170,17171,1,1
2021-08-12 15:13:34.130,17168,17170,17171,1,1
2021-08-12 15:13:34.130,17168,17170,17171,1,1
2021-08-12 15:13:34.130,17168,17170,17172,1,1
2021-08-12 15:13:34.131,17168,17170,17172,2,2
2021-08-12 15:13:34.229,17171,17172,17172,65,65
2021-08-12 15:13:34.230,17171,17172,17173,1,1
2021-08-12 15:13:34.230,17171,17172,17173,2,2
2021-08-12 15:13:34.230,17171,17172,17173,1,1
2021-08-12 15:13:34.230,17171,17172,17173,1,1
2021-08-12 15:13:34.230,17171,17172,17173,1,1
2021-08-12 15:13:34.231,17171,17172,17173,1,1
2021-08-12 15:13:34.231,17171,17172,17173,1,1
2021-08-12 15:13:34.231,17171,17172,17173,1,1
2021-08-12 15:13:34.231,17171,17172,17173,1,1
2021-08-12 15:13:34.342,17172,17173,17173,3,3
2021-08-12 15:13:34.520,17172,17173,17172,2,-2
2021-08-12 15:13:34.520,17172,17173,17172,1,-1
2021-08-12 15:13:34.520,17172,17173,17172,3,-3
2021-08-12 15:13:34.520,17172,17173,17172,2,-2
2021-08-12 15:13:34.520,17172,17173,17172,3,-3
2021-08-12 15:13:34.520,17172,17173,17172,6,-6
2021-08-12 15:13:34.520,17172,17173,17172,1,-1
2021-08-12 15:13:34.520,17172,17173,17172,1,-1
2021-08-12 15:13:34.520,17172,17173,17172,17,-17
2021-08-12 15:13:34.641,17170,17171,17170,1,-1
2021-08-12 15:13:36.236,17169,17171,17169,1,-1
2021-08-12 15:13:38.771,17168,17170,17170,1,1
2021-08-12 15:13:41.824,17169,17170,17170,8,8
2021-08-12 15:13:42.937,17170,17171,17171,1,1
2021-08-12 15:13:42.951,17170,17173,17170,9,-9
2021-08-12 15:13:43.729,17170,17172,17172,1,1
2021-08-12 15:13:44.077,17170,17172,17172,3,3
2021-08-12 15:13:45.465,17171,17172,17171,3,-3
2021-08-12 15:13:46.944,17170,17172,17172,4,4
2021-08-12 15:13:50.098,17172,17173,17172,17,-17
2021-08-12 15:13:50.193,17171,17172,17171,6,-6
2021-08-12 15:13:50.528,17170,17171,17172,1,1
2021-08-12 15:13:51.116,17170,17172,17172,1,1
2021-08-12 15:13:51.362,17170,17172,17172,5,5
2021-08-12 15:13:51.529,17170,17172,17172,5,5
2021-08-12 15:13:51.868,17170,17172,17172,2,2
2021-08-12 15:13:56.444,17171,17172,17172,2,2
2021-08-12 15:13:57.692,17172,17173,17173,2,2
2021-08-12 15:14:00.847,17172,17173,17173,1,1
2021-08-12 15:14:01.432,17172,17173,17173,1,1
2021-08-12 15:14:01.432,17172,17173,17173,5,5
2021-08-12 15:14:01.432,17172,17173,17174,55,55
2021-08-12 15:14:01.433,17172,17173,17174,1,1
2021-08-12 15:14:01.508,17173,17174,17173,1,-1
2021-08-12 15:14:02.471,17173,17174,17173,1,-1
2021-08-12 15:14:03.102,17173,17174,17174,2,2
2021-08-12 15:14:03.206,17173,17175,17173,1,-1
2021-08-12 15:14:05.893,17173,17174,17174,2,2
2021-08-12 15:14:08.349,17173,17174,17173,1,-1
2021-08-12 15:14:09.800,17173,17174,17173,1,-1
2021-08-12 15:14:10.615,17173,17174,17173,2,-2
2021-08-12 15:14:11.957,17172,17173,17173,2,2
2021-08-12 15:14:11.957,17172,17173,17174,2,2
2021-08-12 15:14:13.849,17173,17174,17173,1,-1
2021-08-12 15:14:19.306,17173,17174,17173,1,-1
2021-08-12 15:14:20.196,17173,17174,17174,35,35
2021-08-12 15:14:20.197,17173,17174,17175,1,1
2021-08-12 15:14:20.477,17174,17175,17175,1,1
2021-08-12 15:14:20.612,17174,17175,17174,2,-2
2021-08-12 15:14:20.825,17174,17175,17175,1,1
2021-08-12 15:14:24.839,17174,17175,17174,1,-1
2021-08-12 15:14:25.960,17174,17175,17174,5,-5
2021-08-12 15:14:27.085,17174,17175,17175,5,5
2021-08-12 15:14:30.849,17174,17175,17174,2,-2
2021-08-12 15:14:30.850,17174,17175,17174,6,-6
2021-08-12 15:14:31.767,17173,17174,17173,1,-1
2021-08-12 15:14:33.336,17173,17174,17174,1,1
2021-08-12 15:14:34.579,17173,17174,17173,1,-1
2021-08-12 15:14:34.579,17173,17174,17173,1,-1
2021-08-12 15:14:34.579,17173,17174,17173,1,-1
2021-08-12 15:14:37.108,17172,17174,17174,5,5
2021-08-12 15:14:43.651,17172,17173,17173,2,2
2021-08-12 15:14:46.615,17173,17174,17173,1,-1
2021-08-12 15:14:46.615,17173,17174,17172,1,-1
2021-08-12 15:14:48.969,17172,17173,17173,2,2
2021-08-12 15:14:49.537,17173,17174,17173,4,-4
2021-08-12 15:14:50.312,17172,17173,17173,1,1
2021-08-12 15:14:51.421,17172,17173,17173,1,1
2021-08-12 15:14:53.270,17172,17173,17172,1,-1
2021-08-12 15:14:53.270,17172,17173,17172,1,-1
2021-08-12 15:14:53.270,17172,17173,17172,1,-1
2021-08-12 15:14:53.270,17172,17173,17172,1,-1
2021-08-12 15:14:53.270,17172,17173,17172,1,-1
2021-08-12 15:14:53.271,17172,17173,17172,1,-1
2021-08-12 15:14:54.643,17172,17173,17172,4,-4
2021-08-12 15:14:57.416,17170,17172,17172,1,1
2021-08-12 15:15:00.832,17170,17172,17172,1,1
2021-08-12 15:15:00.949,17170,17173,17173,1,1
2021-08-12 15:15:01.006,17170,17173,17171,3,-3
2021-08-12 15:15:01.104,17170,17172,17170,2,-2
2021-08-12 15:15:01.114,17170,17172,17170,4,-4
2021-08-12 15:15:01.459,17170,17172,17172,3,3
2021-08-12 15:15:02.810,17170,17172,17171,1,-1
2021-08-12 15:15:06.305,17170,17171,17171,2,2
2021-08-12 15:15:06.305,17170,17171,17171,2,2
2021-08-12 15:15:09.223,17171,17172,17171,1,-1
2021-08-12 15:15:09.321,17171,17172,17172,1,1
2021-08-12 15:15:09.605,17171,17173,17171,1,-1
2021-08-12 15:15:13.550,17171,17172,17171,2,-2
2021-08-12 15:15:14.780,17171,17172,17171,2,-2
2021-08-12 15:15:17.998,17171,17172,17171,2,-2
2021-08-12 15:15:20.996,17171,17172,17172,1,1
2021-08-12 15:15:21.069,17171,17173,17173,1,1
2021-08-12 15:15:21.069,17171,17173,17173,1,1
2021-08-12 15:15:26.586,17171,17173,17173,1,1
2021-08-12 15:15:26.617,17171,17173,17172,1,-1
2021-08-12 15:15:34.399,17172,17173,17172,2,-2
2021-08-12 15:15:46.100,17171,17172,17172,1,1
2021-08-12 15:15:49.181,17172,17173,17172,1,-1
2021-08-12 15:15:49.194,17172,17173,17173,1,1
2021-08-12 15:15:49.194,17172,17173,17173,1,1
2021-08-12 15:15:49.194,17172,17173,17173,1,1
2021-08-12 15:15:56.221,17172,17173,17173,1,1
2021-08-12 15:15:57.128,17172,17173,17172,7,-7
2021-08-12 15:16:05.236,17171,17172,17171,2,-2
2021-08-12 15:16:07.799,17171,17172,17171,2,-2
2021-08-12 15:16:08.013,17171,17172,17172,1,1
2021-08-12 15:16:10.305,17171,17172,17171,1,-1
2021-08-12 15:16:13.373,17170,17171,17171,1,1
2021-08-12 15:16:13.675,17170,17172,17172,1,1
2021-08-12 15:16:14.216,17171,17172,17171,2,-2
2021-08-12 15:16:15.581,17170,17172,17171,1,-1
2021-08-12 15:16:19.147,17170,17171,17171,1,1
2021-08-12 15:16:22.826,17170,17171,17171,2,2
2021-08-12 15:16:30.688,17171,17172,17171,1,-1
2021-08-12 15:16:36.215,17171,17172,17172,1,1
2021-08-12 15:16:40.295,17171,17172,17172,3,3
2021-08-12 15:16:41.600,17171,17172,17172,10,10
2021-08-12 15:16:43.000,17171,17173,17173,4,4
2021-08-12 15:16:44.867,17173,17174,17174,4,4
2021-08-12 15:16:45.788,17173,17175,17173,1,-1
2021-08-12 15:16:46.019,17172,17174,17172,1,-1
2021-08-12 15:16:52.262,17173,17174,17173,1,1
2021-08-12 15:16:54.042,17173,17174,17173,1,-1
2021-08-12 15:16:57.806,17171,17173,17173,4,4
2021-08-12 15:16:57.806,17171,17173,17174,6,6
2021-08-12 15:17:01.742,17172,17173,17172,1,-1
2021-08-12 15:17:02.034,17171,17172,17173,3,3
2021-08-12 15:17:02.074,17171,17174,17174,1,1
2021-08-12 15:17:02.415,17171,17173,17173,5,5
2021-08-12 15:17:02.415,17171,17173,17174,5,5
2021-08-12 15:17:06.706,17171,17173,17173,1,1
2021-08-12 15:17:10.211,17172,17173,17173,10,10
2021-08-12 15:17:14.714,17172,17173,17173,1,1
2021-08-12 15:17:20.296,17173,17174,17174,1,1
2021-08-12 15:17:23.216,17173,17174,17174,1,1
2021-08-12 15:17:24.108,17173,17174,17174,1,1
2021-08-12 15:17:24.129,17173,17174,17174,1,1
2021-08-12 15:17:24.129,17173,17174,17174,5,5
2021-08-12 15:17:24.129,17173,17174,17174,1,1
2021-08-12 15:17:24.130,17173,17174,17174,1,1
2021-08-12 15:17:24.505,17173,17174,17174,1,1
2021-08-12 15:17:37.928,17174,17175,17175,10,10
2021-08-12 15:17:42.297,17174,17175,17175,2,2
2021-08-12 15:17:42.610,17174,17175,17175,10,10
2021-08-12 15:17:43.614,17174,17176,17174,1,-1
2021-08-12 15:17:47.059,17174,17175,17174,1,-1
2021-08-12 15:17:49.827,17174,17175,17174,1,-1
2021-08-12 15:17:49.911,17174,17175,17175,1,1
2021-08-12 15:17:50.913,17174,17175,17175,4,4
2021-08-12 15:17:51.140,17175,17176,17176,1,1
2021-08-12 15:17:51.259,17175,17176,17176,1,1
2021-08-12 15:17:54.020,17175,17176,17176,5,5
2021-08-12 15:17:54.265,17175,17176,17175,2,-2
2021-08-12 15:17:55.142,17175,17176,17176,13,13
2021-08-12 15:17:58.072,17175,17176,17175,3,-3
2021-08-12 15:18:00.476,17175,17176,17176,12,12
2021-08-12 15:18:00.571,17175,17177,17177,1,1
2021-08-12 15:18:00.571,17175,17177,17177,1,1
2021-08-12 15:18:00.579,17175,17177,17177,1,1
2021-08-12 15:18:00.885,17176,17177,17177,1,1
2021-08-12 15:18:03.964,17175,17177,17177,1,1
2021-08-12 15:18:04.546,17175,17177,17177,1,1
2021-08-12 15:18:05.119,17175,17177,17177,1,1
2021-08-12 15:18:05.370,17176,17177,17176,1,-1
2021-08-12 15:18:06.624,17175,17177,17175,1,-1
2021-08-12 15:18:08.349,17175,17177,17177,1,1
2021-08-12 15:18:08.445,17175,17177,17177,1,1
2021-08-12 15:18:08.445,17175,17177,17177,1,1
2021-08-12 15:18:08.445,17175,17177,17177,1,1
2021-08-12 15:18:08.445,17175,17177,17177,1,1
2021-08-12 15:18:08.445,17175,17177,17177,1,1
2021-08-12 15:18:08.445,17175,17177,17177,1,1
2021-08-12 15:18:08.446,17175,17177,17177,1,1
2021-08-12 15:18:08.446,17175,17177,17177,1,1
2021-08-12 15:18:08.446,17175,17177,17177,1,1
2021-08-12 15:18:15.501,17175,17176,17175,1,-1
2021-08-12 15:18:16.601,17175,17176,17176,1,1
2021-08-12 15:18:18.055,17175,17176,17176,1,1
2021-08-12 15:18:18.589,17176,17177,17176,2,-2
2021-08-12 15:18:18.589,17176,17177,17176,1,-1
2021-08-12 15:18:18.590,17176,17177,17176,2,-2
2021-08-12 15:18:22.002,17176,17177,17177,2,2
2021-08-12 15:18:22.219,17176,17177,17177,3,3
2021-08-12 15:18:24.692,17176,17177,17177,2,2
2021-08-12 15:18:25.991,17176,17177,17177,2,2
2021-08-12 15:18:28.108,17176,17177,17176,1,-1
2021-08-12 15:18:28.376,17176,17177,17177,3,3
2021-08-12 15:18:32.086,17176,17177,17177,6,6
2021-08-12 15:18:32.379,17177,17178,17177,2,-2
2021-08-12 15:18:40.482,17176,17177,17177,1,1
2021-08-12 15:18:40.774,17176,17177,17176,1,-1
2021-08-12 15:18:43.610,17176,17177,17177,3,3
2021-08-12 15:18:47.611,17177,17178,17177,2,-2
2021-08-12 15:18:48.449,17176,17177,17177,1,1
2021-08-12 15:19:00.805,17176,17177,17177,1,1
2021-08-12 15:19:10.207,17176,17177,17177,1,1
2021-08-12 15:19:11.068,17176,17177,17177,7,7
2021-08-12 15:19:11.307,17177,17178,17178,1,1
2021-08-12 15:19:11.340,17177,17178,17178,1,1
2021-08-12 15:19:11.363,17177,17178,17177,3,-3
2021-08-12 15:19:11.466,17176,17177,17177,13,13
2021-08-12 15:19:15.717,17176,17177,17177,1,1
2021-08-12 15:19:15.996,17176,17178,17178,1,1
2021-08-12 15:19:16.032,17176,17178,17178,3,3
2021-08-12 15:19:20.510,17177,17178,17177,5,-5
2021-08-12 15:19:24.120,17177,17178,17178,2,2
2021-08-12 15:19:26.271,17177,17178,17178,1,1
2021-08-12 15:19:29.978,17177,17178,17177,1,-1
2021-08-12 15:19:35.280,17177,17178,17177,2,-2
2021-08-12 15:19:35.373,17177,17178,17178,3,3
2021-08-12 15:19:36.845,17177,17178,17177,1,-1
2021-08-12 15:19:40.390,17177,17178,17177,3,-3
2021-08-12 15:19:40.611,17176,17177,17177,3,3
2021-08-12 15:19:40.660,17176,17177,17177,4,4
2021-08-12 15:19:40.660,17176,17177,17178,36,36
2021-08-12 15:19:40.660,17176,17177,17179,50,50
2021-08-12 15:19:40.660,17176,17177,17180,10,10
2021-08-12 15:19:40.663,17176,17177,17180,1,1
2021-08-12 15:19:40.664,17176,17177,17180,3,3
2021-08-12 15:19:40.664,17176,17177,17180,23,23
2021-08-12 15:19:40.665,17176,17177,17181,1,1
2021-08-12 15:19:40.665,17176,17177,17181,1,1
2021-08-12 15:19:40.666,17176,17177,17181,1,1
2021-08-12 15:19:40.666,17176,17177,17181,8,8
2021-08-12 15:19:40.666,17176,17177,17181,1,1
2021-08-12 15:19:40.666,17176,17177,17181,1,1
2021-08-12 15:19:40.666,17176,17177,17181,1,1
2021-08-12 15:19:40.666,17176,17177,17181,1,1
2021-08-12 15:19:40.666,17176,17177,17181,1,1
2021-08-12 15:19:40.666,17176,17177,17181,1,1
2021-08-12 15:19:40.666,17176,17177,17181,1,1
2021-08-12 15:19:40.666,17176,17177,17181,1,1
2021-08-12 15:19:40.714,17180,17182,17182,1,1
2021-08-12 15:19:40.715,17180,17182,17182,3,3
2021-08-12 15:19:40.812,17180,17182,17182,10,10
2021-08-12 15:19:40.812,17180,17182,17183,3,3
2021-08-12 15:19:40.853,17181,17183,17183,1,1
2021-08-12 15:19:40.874,17181,17183,17183,1,1
2021-08-12 15:19:40.919,17181,17183,17181,1,-1
2021-08-12 15:19:40.919,17181,17183,17181,1,-1
2021-08-12 15:19:40.919,17181,17183,17181,1,-1
2021-08-12 15:19:40.920,17181,17183,17181,1,-1
2021-08-12 15:19:40.931,17181,17183,17181,1,-1
2021-08-12 15:19:41.117,17179,17181,17181,1,1
2021-08-12 15:19:41.354,17179,17181,17179,3,-3
2021-08-12 15:19:42.701,17179,17181,17181,1,1
2021-08-12 15:19:45.608,17179,17181,17180,1,-1
2021-08-12 15:19:45.608,17179,17181,17180,1,-1
2021-08-12 15:19:48.296,17179,17181,17181,1,1
2021-08-12 15:19:49.084,17180,17181,17180,1,-1
2021-08-12 15:19:49.179,17180,17181,17180,1,-1
2021-08-12 15:19:49.179,17180,17181,17180,1,-1
2021-08-12 15:19:49.371,17179,17180,17180,1,1
2021-08-12 15:19:53.109,17179,17180,17180,2,2
2021-08-12 15:19:53.576,17179,17180,17179,1,-1
2021-08-12 15:19:53.576,17179,17180,17179,1,-1
2021-08-12 15:19:53.576,17179,17180,17179,1,-1
2021-08-12 15:19:53.577,17179,17180,17179,3,-3
2021-08-12 15:19:54.861,17177,17178,17177,2,-2
2021-08-12 15:19:56.159,17177,17178,17178,1,1
2021-08-12 15:19:56.266,17177,17178,17178,1,1
2021-08-12 15:19:56.266,17177,17178,17179,2,2
2021-08-12 15:20:02.747,17179,17180,17179,1,-1
2021-08-12 15:20:03.325,17179,17180,17180,1,1
2021-08-12 15:20:04.973,17179,17180,17180,4,4
2021-08-12 15:20:05.982,17180,17181,17181,1,1
2021-08-12 15:20:07.315,17180,17181,17181,2,2
2021-08-12 15:20:08.829,17180,17182,17180,1,-1
2021-08-12 15:20:09.887,17180,17181,17181,2,2
2021-08-12 15:20:13.193,17180,17181,17180,4,-4
2021-08-12 15:20:13.588,17179,17181,17181,5,5
2021-08-12 15:20:14.083,17180,17182,17182,1,1
2021-08-12 15:20:16.805,17181,17182,17181,1,-1
2021-08-12 15:20:18.048,17180,17182,17182,1,1
2021-08-12 15:20:18.069,17180,17182,17182,1,1
2021-08-12 15:20:19.215,17180,17181,17181,1,1
2021-08-12 15:20:23.598,17180,17181,17181,1,1
2021-08-12 15:20:23.605,17180,17181,17182,1,1
2021-08-12 15:20:23.605,17180,17181,17182,1,1
2021-08-12 15:20:23.607,17180,17181,17182,2,2
2021-08-12 15:20:23.607,17180,17181,17182,1,1
2021-08-12 15:20:24.688,17182,17183,17182,1,-1
2021-08-12 15:20:31.912,17181,17182,17182,3,3
2021-08-12 15:20:31.913,17181,17182,17182,2,2
2021-08-12 15:20:32.150,17181,17183,17183,1,1
2021-08-12 15:20:32.871,17181,17183,17183,1,1
2021-08-12 15:20:33.745,17182,17184,17182,2,-2
2021-08-12 15:20:33.745,17182,17184,17181,1,-1
2021-08-12 15:20:38.880,17182,17183,17182,2,2
2021-08-12 15:20:38.880,17182,17183,17182,4,-4
2021-08-12 15:20:40.521,17181,17182,17181,1,-1
2021-08-12 15:20:40.521,17181,17182,17181,5,-5
2021-08-12 15:20:40.521,17181,17182,17181,7,-7
2021-08-12 15:20:40.578,17180,17181,17181,5,5
2021-08-12 15:20:40.745,17180,17181,17181,1,1
2021-08-12 15:20:40.745,17180,17181,17182,2,2
2021-08-12 15:20:42.524,17180,17182,17180,1,-1
2021-08-12 15:20:46.051,17180,17182,17181,1,1
2021-08-12 15:20:47.387,17180,17181,17180,1,-1
2021-08-12 15:20:47.387,17180,17181,17180,5,-5
2021-08-12 15:20:47.436,17180,17181,17179,1,-1
2021-08-12 15:20:50.869,17179,17180,17180,3,3
2021-08-12 15:20:50.869,17179,17180,17181,7,7
2021-08-12 15:20:51.369,17179,17180,17179,1,-1
2021-08-12 15:20:56.476,17179,17181,17181,1,1
2021-08-12 15:21:00.578,17179,17181,17179,1,-1
2021-08-12 15:21:01.681,17179,17181,17180,1,1
2021-08-12 15:21:01.681,17179,17181,17180,6,-6
2021-08-12 15:21:01.681,17179,17181,17180,2,-2
2021-08-12 15:21:01.682,17179,17181,17180,1,-1
2021-08-12 15:21:05.903,17179,17180,17179,1,-1
2021-08-12 15:21:08.082,17178,17179,17179,1,1
2021-08-12 15:21:08.082,17178,17179,17180,9,9
2021-08-12 15:21:10.635,17178,17180,17180,1,1
2021-08-12 15:21:12.089,17179,17180,17180,2,2
2021-08-12 15:21:13.890,17179,17180,17180,10,10
2021-08-12 15:21:15.831,17179,17180,17180,2,2
2021-08-12 15:21:25.084,17179,17180,17180,1,1
2021-08-12 15:21:30.564,17179,17180,17179,1,-1
2021-08-12 15:21:34.321,17179,17180,17179,1,-1
2021-08-12 15:21:36.753,17179,17180,17179,4,-4
2021-08-12 15:21:36.934,17179,17180,17179,1,-1
2021-08-12 15:21:36.935,17179,17180,17179,2,-2
2021-08-12 15:21:38.503,17179,17180,17179,1,-1
2021-08-12 15:21:38.504,17179,17180,17179,1,-1
2021-08-12 15:21:38.504,17179,17180,17179,1,-1
2021-08-12 15:21:38.504,17179,17180,17179,1,-1
2021-08-12 15:21:38.504,17179,17180,17179,1,-1
2021-08-12 15:21:38.504,17179,17180,17179,1,-1
2021-08-12 15:21:43.140,17179,17180,17179,1,-1
2021-08-12 15:21:46.712,17178,17180,17178,1,-1
2021-08-12 15:21:47.028,17178,17180,17180,3,3
2021-08-12 15:21:52.978,17179,17180,17179,2,-2
2021-08-12 15:21:54.179,17179,17180,17179,1,-1
2021-08-12 15:22:00.145,17179,17180,17179,1,-1
2021-08-12 15:22:00.330,17179,17180,17179,1,-1
2021-08-12 15:22:00.461,17179,17180,17180,3,3
2021-08-12 15:22:02.123,17179,17180,17179,2,-2
2021-08-12 15:22:02.123,17179,17180,17179,1,-1
2021-08-12 15:22:06.751,17178,17179,17179,1,1
2021-08-12 15:22:11.516,17179,17180,17179,3,-3
2021-08-12 15:22:14.226,17179,17180,17180,3,3
2021-08-12 15:22:14.837,17179,17180,17180,15,15
2021-08-12 15:22:18.307,17179,17180,17180,1,1
2021-08-12 15:22:18.541,17179,17180,17180,1,1
2021-08-12 15:22:19.513,17179,17180,17180,7,7
2021-08-12 15:22:22.467,17180,17181,17180,1,-1
2021-08-12 15:22:30.322,17180,17181,17181,1,1
2021-08-12 15:22:32.195,17180,17181,17181,2,2
2021-08-12 15:22:34.684,17180,17181,17181,1,1
2021-08-12 15:22:35.935,17180,17181,17181,1,1
2021-08-12 15:22:37.823,17180,17181,17181,1,1
2021-08-12 15:22:38.509,17180,17181,17180,2,-2
2021-08-12 15:22:53.594,17180,17181,17180,6,-6
2021-08-12 15:23:02.418,17179,17180,17179,3,-3
2021-08-12 15:23:05.123,17179,17180,17179,1,-1
2021-08-12 15:23:07.101,17179,17180,17180,5,5
2021-08-12 15:23:17.062,17179,17180,17179,2,-2
2021-08-12 15:23:17.185,17178,17179,17178,1,-1
2021-08-12 15:23:17.388,17178,17179,17178,1,-1
2021-08-12 15:23:19.185,17178,17179,17178,1,-1
2021-08-12 15:23:23.149,17177,17179,17177,1,-1
2021-08-12 15:23:25.229,17177,17178,17177,3,-3
2021-08-12 15:23:25.762,17177,17178,17178,1,1
2021-08-12 15:23:27.030,17177,17178,17178,1,1
2021-08-12 15:23:28.594,17178,17179,17178,2,-2
2021-08-12 15:23:29.603,17178,17179,17178,2,-2
2021-08-12 15:23:29.876,17177,17179,17178,1,-1
2021-08-12 15:23:33.371,17178,17179,17179,1,1
2021-08-12 15:23:39.946,17177,17178,17178,3,3
2021-08-12 15:23:42.564,17178,17179,17178,1,-1
2021-08-12 15:23:47.169,17178,17179,17178,1,-1
2021-08-12 15:23:47.750,17177,17178,17178,1,1
2021-08-12 15:23:49.150,17178,17179,17178,1,-1
2021-08-12 15:24:00.967,17177,17178,17178,1,1
2021-08-12 15:24:03.467,17177,17178,17178,1,1
2021-08-12 15:24:04.271,17177,17179,17179,2,2
2021-08-12 15:24:15.869,17177,17178,17177,1,-1
2021-08-12 15:24:18.168,17177,17178,17177,1,-1
2021-08-12 15:24:18.168,17177,17178,17177,1,-1
2021-08-12 15:24:18.168,17177,17178,17177,2,-2
2021-08-12 15:24:18.168,17177,17178,17177,5,-5
2021-08-12 15:24:18.263,17176,17177,17176,1,-1
2021-08-12 15:24:24.731,17176,17177,17176,3,-3
2021-08-12 15:24:24.731,17176,17177,17176,1,-1
2021-08-12 15:24:25.923,17176,17177,17177,1,1
2021-08-12 15:24:27.190,17176,17177,17176,1,-1
2021-08-12 15:24:29.796,17175,17176,17176,1,1
2021-08-12 15:24:34.115,17175,17177,17175,2,-2
2021-08-12 15:24:34.288,17175,17177,17175,1,-1
2021-08-12 15:24:36.315,17175,17176,17175,1,-1
2021-08-12 15:24:37.680,17175,17176,17175,6,-6
2021-08-12 15:24:43.574,17174,17175,17174,1,-1
2021-08-12 15:24:43.802,17174,17175,17174,1,-1
2021-08-12 15:24:48.017,17174,17175,17174,1,-1
2021-08-12 15:24:51.538,17174,17175,17174,1,-1
2021-08-12 15:24:53.518,17174,17175,17174,1,-1
2021-08-12 15:24:57.361,17174,17175,17174,2,-2
2021-08-12 15:24:57.361,17174,17175,17173,12,-12
2021-08-12 15:24:57.362,17174,17175,17173,3,-3
2021-08-12 15:24:57.363,17174,17175,17173,1,-1
2021-08-12 15:24:57.633,17173,17175,17175,1,1
2021-08-12 15:24:57.732,17173,17175,17173,4,-4
2021-08-12 15:24:58.943,17173,17174,17174,1,1
2021-08-12 15:24:59.231,17174,17175,17174,1,-1
2021-08-12 15:24:59.652,17174,17175,17175,7,7
2021-08-12 15:24:59.924,17175,17176,17175,2,-2
2021-08-12 15:24:59.981,17175,17176,17175,1,-1
2021-08-12 15:25:04.542,17175,17176,17176,1,1
2021-08-12 15:25:06.835,17176,17177,17176,1,-1
2021-08-12 15:25:15.765,17176,17177,17177,11,11
2021-08-12 15:25:15.767,17176,17177,17178,4,4
2021-08-12 15:25:17.942,17178,17179,17179,1,1
2021-08-12 15:25:21.275,17179,17180,17179,2,-2
2021-08-12 15:25:22.931,17178,17180,17178,1,-1
2021-08-12 15:25:24.656,17178,17179,17178,2,-2
2021-08-12 15:25:30.692,17177,17178,17178,1,1
2021-08-12 15:25:35.920,17177,17178,17178,1,1
2021-08-12 15:25:36.014,17177,17178,17178,1,1
2021-08-12 15:25:38.133,17177,17179,17179,1,1
2021-08-12 15:25:42.962,17178,17179,17179,1,1
2021-08-12 15:25:44.972,17178,17179,17178,1,-1
2021-08-12 15:25:47.157,17177,17179,17178,2,-2
2021-08-12 15:25:50.724,17178,17179,17178,1,-1
2021-08-12 15:25:56.078,17178,17179,17178,1,-1
2021-08-12 15:25:58.549,17177,17178,17178,1,1
2021-08-12 15:26:00.671,17177,17178,17178,1,1
2021-08-12 15:26:00.696,17177,17178,17178,1,1
2021-08-12 15:26:00.701,17177,17178,17178,1,1
2021-08-12 15:26:00.701,17177,17178,17178,1,1
2021-08-12 15:26:05.761,17177,17178,17177,1,-1
2021-08-12 15:26:05.762,17177,17178,17177,1,-1
2021-08-12 15:26:05.762,17177,17178,17177,1,-1
2021-08-12 15:26:05.762,17177,17178,17177,1,-1
2021-08-12 15:26:05.762,17177,17178,17177,1,-1
2021-08-12 15:26:05.762,17177,17178,17177,1,-1
2021-08-12 15:26:05.762,17177,17178,17177,1,-1
2021-08-12 15:26:05.819,17177,17178,17178,1,1
2021-08-12 15:26:05.822,17177,17178,17178,1,1
2021-08-12 15:26:09.737,17177,17178,17177,5,-5
2021-08-12 15:26:12.618,17177,17178,17177,1,-1
2021-08-12 15:26:12.694,17177,17178,17178,1,1
2021-08-12 15:26:12.695,17177,17178,17178,1,1
2021-08-12 15:26:12.695,17177,17178,17178,1,1
2021-08-12 15:26:18.564,17177,17178,17177,5,-5
2021-08-12 15:26:18.565,17177,17178,17177,1,-1
2021-08-12 15:26:18.565,17177,17178,17177,1,-1
2021-08-12 15:26:18.566,17177,17178,17177,3,-3
2021-08-12 15:26:18.568,17177,17178,17177,2,-2
2021-08-12 15:26:19.082,17177,17178,17178,1,1
2021-08-12 15:26:19.194,17177,17178,17178,1,1
2021-08-12 15:26:19.194,17177,17178,17178,1,1
2021-08-12 15:26:19.194,17177,17178,17178,1,1
2021-08-12 15:26:19.195,17177,17178,17178,1,1
2021-08-12 15:26:29.736,17177,17178,17177,2,-2
2021-08-12 15:26:32.066,17177,17178,17177,2,-2
2021-08-12 15:26:32.069,17177,17178,17178,1,1
2021-08-12 15:26:32.070,17177,17178,17178,1,1
2021-08-12 15:26:32.378,17177,17178,17178,1,1
2021-08-12 15:26:32.882,17177,17178,17178,3,3
2021-08-12 15:26:37.608,17177,17178,17178,1,1
2021-08-12 15:26:40.323,17177,17178,17178,1,1
2021-08-12 15:26:40.445,17177,17178,17178,1,1
2021-08-12 15:26:41.000,17177,17178,17177,2,-2
2021-08-12 15:26:41.328,17177,17178,17178,1,1
2021-08-12 15:26:42.090,17177,17178,17177,1,-1
2021-08-12 15:26:44.807,17177,17178,17177,11,-11
2021-08-12 15:26:59.488,17176,17177,17176,2,-2
2021-08-12 15:26:59.553,17176,17177,17176,1,-1
2021-08-12 15:27:03.431,17176,17177,17176,2,-2
2021-08-12 15:27:09.322,17176,17177,17176,1,-1
2021-08-12 15:27:10.734,17176,17177,17176,4,-4
2021-08-12 15:27:11.744,17176,17177,17176,2,-2
2021-08-12 15:27:20.504,17176,17177,17176,1,-1
2021-08-12 15:27:21.954,17176,17177,17176,1,-1
2021-08-12 15:27:23.310,17176,17177,17176,1,-1
2021-08-12 15:27:27.325,17176,17177,17177,1,1
2021-08-12 15:27:27.325,17176,17177,17177,1,1
2021-08-12 15:27:27.325,17176,17177,17177,2,2
2021-08-12 15:27:27.325,17176,17177,17177,4,4
2021-08-12 15:27:27.325,17176,17177,17177,2,2
2021-08-12 15:27:27.326,17176,17177,17177,1,1
2021-08-12 15:27:27.326,17176,17177,17177,1,1
2021-08-12 15:27:27.326,17176,17177,17177,8,8
2021-08-12 15:27:27.755,17177,17178,17177,4,-4
2021-08-12 15:27:29.064,17176,17178,17176,2,-2
2021-08-12 15:27:30.856,17176,17178,17176,2,-2
2021-08-12 15:27:33.419,17176,17177,17176,1,-1
2021-08-12 15:27:40.365,17176,17177,17177,1,1
2021-08-12 15:27:40.641,17176,17177,17176,1,-1
2021-08-12 15:27:41.248,17175,17176,17175,1,-1
2021-08-12 15:27:45.428,17175,17176,17175,1,-1
2021-08-12 15:28:03.464,17175,17176,17175,4,-4
2021-08-12 15:28:03.870,17175,17176,17175,1,-1
2021-08-12 15:28:04.934,17175,17176,17176,1,1
2021-08-12 15:28:10.874,17176,17177,17176,1,-1
2021-08-12 15:28:16.544,17176,17177,17177,1,1
2021-08-12 15:28:20.836,17176,17177,17176,1,-1
2021-08-12 15:28:20.962,17175,17176,17176,1,1
2021-08-12 15:28:24.907,17175,17176,17176,4,4
2021-08-12 15:28:25.781,17175,17176,17176,1,1
2021-08-12 15:28:34.656,17175,17176,17175,1,-1
2021-08-12 15:28:35.038,17174,17176,17174,3,-3
2021-08-12 15:28:35.213,17174,17175,17175,1,1
2021-08-12 15:28:35.886,17174,17176,17176,1,1
2021-08-12 15:28:44.450,17174,17175,17175,1,1
2021-08-12 15:28:58.510,17175,17176,17176,3,3
2021-08-12 15:29:00.581,17176,17177,17177,1,1
2021-08-12 15:29:00.582,17176,17177,17177,22,22
2021-08-12 15:29:00.881,17177,17178,17177,3,-3
2021-08-12 15:29:04.835,17177,17178,17177,1,-1
2021-08-12 15:29:04.854,17177,17178,17177,1,-1
2021-08-12 15:29:15.301,17177,17178,17177,1,-1
2021-08-12 15:29:37.047,17177,17178,17177,1,-1
2021-08-12 15:29:38.583,17177,17178,17177,1,-1
2021-08-12 15:30:00.614,17176,17178,17178,1,1
2021-08-12 15:30:00.990,17176,17178,17176,2,-2
2021-08-12 15:30:01.011,17176,17178,17175,2,-2
2021-08-12 15:30:09.264,17176,17178,17178,1,1
2021-08-12 15:30:10.766,17177,17178,17178,1,1
2021-08-12 15:30:16.853,17177,17178,17177,1,-1
2021-08-12 15:30:16.853,17177,17178,17176,2,-2
2021-08-12 15:30:30.371,17176,17177,17177,1,1
2021-08-12 15:30:34.382,17176,17178,17178,4,4
2021-08-12 15:30:41.922,17176,17177,17177,1,1
2021-08-12 15:30:41.923,17176,17177,17177,1,1
2021-08-12 15:30:42.509,17176,17178,17176,1,-1
2021-08-12 15:30:50.011,17177,17178,17177,2,2
2021-08-12 15:30:50.920,17176,17178,17178,4,4
2021-08-12 15:30:56.300,17176,17178,17178,1,1
2021-08-12 15:31:00.596,17176,17178,17178,1,1
2021-08-12 15:31:01.279,17176,17178,17177,2,-2
2021-08-12 15:31:11.630,17177,17178,17177,2,-2
2021-08-12 15:31:15.211,17176,17177,17177,1,1
2021-08-12 15:31:29.832,17176,17177,17176,1,-1
2021-08-12 15:31:38.935,17176,17177,17176,1,-1
2021-08-12 15:31:48.690,17176,17177,17176,4,-4
2021-08-12 15:31:55.099,17175,17176,17176,1,1
2021-08-12 15:31:58.923,17175,17176,17176,1,1
2021-08-12 15:32:03.176,17176,17177,17176,3,-3
2021-08-12 15:32:03.651,17176,17177,17177,1,1
2021-08-12 15:32:09.032,17176,17177,17177,1,1
2021-08-12 15:32:20.049,17176,17177,17177,1,1
2021-08-12 15:32:25.260,17176,17177,17177,1,1
2021-08-12 15:32:25.423,17176,17177,17177,1,1
2021-08-12 15:32:29.717,17176,17177,17177,1,1
2021-08-12 15:32:30.974,17176,17178,17178,2,2
2021-08-12 15:32:38.529,17177,17178,17177,5,-5
2021-08-12 15:32:38.553,17177,17178,17176,3,-3
2021-08-12 15:32:47.943,17177,17178,17178,8,8
2021-08-12 15:32:47.943,17177,17178,17178,1,1
2021-08-12 15:32:47.943,17177,17178,17178,2,2
2021-08-12 15:33:00.723,17177,17179,17179,1,1
2021-08-12 15:33:12.203,17176,17178,17178,1,1
2021-08-12 15:33:16.076,17176,17178,17178,1,1
2021-08-12 15:33:18.178,17176,17178,17176,1,-1
2021-08-12 15:33:27.828,17176,17177,17176,4,-4
2021-08-12 15:33:29.479,17175,17176,17176,1,1
2021-08-12 15:33:31.464,17175,17176,17176,2,2
2021-08-12 15:33:33.715,17175,17177,17175,1,-1
2021-08-12 15:33:36.628,17175,17176,17175,1,-1
2021-08-12 15:33:57.836,17175,17176,17175,4,-4
2021-08-12 15:33:57.836,17175,17176,17175,8,-8
2021-08-12 15:34:04.358,17174,17175,17174,1,-1
2021-08-12 15:34:11.466,17173,17174,17174,1,1
2021-08-12 15:34:15.027,17174,17175,17175,1,1
2021-08-12 15:34:31.435,17174,17175,17175,3,3
2021-08-12 15:34:39.262,17175,17176,17175,4,-4
2021-08-12 15:34:39.614,17174,17175,17174,2,-2
2021-08-12 15:34:58.341,17173,17174,17173,5,-5
2021-08-12 15:34:58.886,17173,17174,17173,1,-1
2021-08-12 15:34:58.886,17173,17174,17173,1,-1
2021-08-12 15:34:59.310,17172,17173,17172,1,-1
2021-08-12 15:35:00.576,17172,17173,17173,1,1
2021-08-12 15:35:04.768,17173,17174,17173,1,-1
2021-08-12 15:35:12.382,17173,17174,17173,8,-8
2021-08-12 15:35:15.319,17172,17173,17173,12,12
2021-08-12 15:35:16.792,17173,17174,17173,1,-1
2021-08-12 15:35:26.042,17173,17174,17173,2,-2
2021-08-12 15:35:28.973,17173,17174,17173,2,-2
2021-08-12 15:35:34.485,17173,17174,17174,3,3
2021-08-12 15:35:34.845,17173,17175,17173,2,-2
2021-08-12 15:35:40.395,17174,17175,17174,1,1
2021-08-12 15:35:52.018,17174,17175,17174,1,-1
2021-08-12 15:36:15.933,17174,17175,17175,15,15
2021-08-12 15:36:15.934,17174,17175,17175,1,1
2021-08-12 15:36:16.900,17175,17176,17175,1,-1
2021-08-12 15:36:18.500,17175,17176,17175,1,-1
2021-08-12 15:36:29.592,17175,17176,17175,1,-1
2021-08-12 15:36:29.823,17174,17176,17174,1,-1
2021-08-12 15:36:52.197,17174,17175,17175,1,1
2021-08-12 15:37:00.701,17175,17176,17175,1,-1
2021-08-12 15:37:00.991,17174,17176,17176,1,1
2021-08-12 15:37:04.066,17174,17176,17176,1,1
2021-08-12 15:37:36.768,17175,17176,17176,1,1
2021-08-12 15:37:36.769,17175,17176,17176,1,1
2021-08-12 15:37:36.769,17175,17176,17176,1,1
2021-08-12 15:37:36.769,17175,17176,17176,21,21
2021-08-12 15:37:40.544,17176,17177,17177,2,2
2021-08-12 15:37:40.545,17176,17177,17177,1,1
2021-08-12 15:37:43.472,17177,17178,17178,1,1
2021-08-12 15:37:47.370,17177,17178,17177,1,-1
2021-08-12 15:38:11.071,17176,17177,17176,1,-1
2021-08-12 15:38:11.072,17176,17177,17176,1,-1
2021-08-12 15:38:28.923,17175,17176,17176,1,1
2021-08-12 15:38:39.017,17175,17177,17175,1,-1
2021-08-12 15:38:39.706,17175,17177,17177,1,1
2021-08-12 15:39:03.388,17176,17177,17176,1,-1
2021-08-12 15:39:03.389,17176,17177,17176,1,-1
2021-08-12 15:39:51.133,17175,17176,17176,4,4
2021-08-12 15:39:58.520,17176,17177,17176,1,-1
2021-08-12 15:40:03.788,17176,17177,17177,2,2
2021-08-12 15:40:03.789,17176,17177,17177,10,10
2021-08-12 15:40:03.789,17176,17177,17177,1,1
2021-08-12 15:40:03.789,17176,17177,17177,1,1
2021-08-12 15:40:03.789,17176,17177,17177,1,1
2021-08-12 15:40:03.789,17176,17177,17177,1,1
2021-08-12 15:40:03.789,17176,17177,17177,1,1
2021-08-12 15:40:03.789,17176,17177,17177,8,8
2021-08-12 15:40:03.789,17176,17177,17177,1,1
2021-08-12 15:40:04.058,17177,17178,17178,2,2
2021-08-12 15:40:11.427,17178,17179,17179,1,1
2021-08-12 15:40:11.428,17178,17179,17179,1,1
2021-08-12 15:40:13.129,17178,17179,17178,5,-5
2021-08-12 15:40:29.247,17178,17179,17178,1,-1
2021-08-12 15:40:43.608,17177,17178,17178,1,1
2021-08-12 15:40:52.479,17177,17178,17177,1,-1
2021-08-12 15:40:52.479,17177,17178,17177,6,-6
2021-08-12 15:40:52.967,17176,17178,17178,1,1
2021-08-12 15:41:02.189,17176,17177,17177,1,1
2021-08-12 15:41:36.679,17176,17177,17176,2,-2
2021-08-12 15:41:36.679,17176,17177,17175,1,-1
2021-08-12 15:41:37.134,17175,17177,17177,1,1
2021-08-12 15:41:55.295,17176,17177,17176,1,-1
2021-08-12 15:42:14.013,17175,17176,17175,2,-2
2021-08-12 15:42:14.013,17175,17176,17175,1,-1
2021-08-12 15:42:14.014,17175,17176,17175,1,-1
2021-08-12 15:42:14.014,17175,17176,17175,1,-1
2021-08-12 15:42:14.014,17175,17176,17175,4,-4
2021-08-12 15:42:14.267,17174,17175,17174,10,-10
2021-08-12 15:42:16.072,17173,17175,17175,5,5
2021-08-12 15:42:18.609,17173,17175,17175,3,3
2021-08-12 15:42:43.296,17173,17174,17174,1,1
2021-08-12 15:43:00.927,17173,17174,17174,1,1
2021-08-12 15:43:07.449,17173,17174,17174,1,1
2021-08-12 15:43:27.736,17174,17175,17174,1,-1
2021-08-12 15:43:59.571,17173,17174,17174,1,1
2021-08-12 15:43:59.779,17173,17175,17173,8,-8
2021-08-12 15:44:16.290,17172,17173,17172,2,-2
2021-08-12 15:44:23.462,17172,17173,17172,2,-2
2021-08-12 15:44:24.969,17172,17173,17172,2,-2
2021-08-12 15:44:27.200,17172,17173,17172,3,-3
2021-08-12 15:44:29.232,17171,17172,17171,1,-1
2021-08-12 15:44:34.970,17171,17172,17171,19,-19
2021-08-12 15:44:34.972,17171,17172,17171,1,-1
2021-08-12 15:44:40.989,17170,17171,17170,4,-4
2021-08-12 15:44:41.399,17170,17171,17170,2,-2
2021-08-12 15:44:41.571,17170,17171,17171,2,2
2021-08-12 15:44:50.929,17171,17172,17172,1,1
2021-08-12 15:44:50.929,17171,17172,17172,1,1
2021-08-12 15:44:50.930,17171,17172,17172,1,1
2021-08-12 15:44:50.930,17171,17172,17172,2,2
2021-08-12 15:44:50.930,17171,17172,17172,2,2
2021-08-12 15:44:54.757,17172,17173,17172,1,-1
2021-08-12 15:45:03.266,17172,17173,17173,1,1
2021-08-12 15:45:20.329,17173,17174,17173,3,-3
2021-08-12 15:45:20.445,17172,17173,17173,1,1
2021-08-12 15:45:20.445,17172,17173,17173,1,1
2021-08-12 15:45:25.606,17172,17174,17172,2,-2
2021-08-12 15:45:25.696,17172,17174,17174,1,1
2021-08-12 15:45:25.696,17172,17174,17174,1,1
2021-08-12 15:45:25.696,17172,17174,17174,1,1
2021-08-12 15:45:39.604,17172,17173,17173,1,1
2021-08-12 15:45:39.605,17172,17173,17173,1,1
2021-08-12 15:45:40.832,17173,17174,17173,1,-1
2021-08-12 15:45:40.946,17172,17173,17173,1,1
2021-08-12 15:45:48.211,17172,17173,17173,2,2
2021-08-12 15:45:48.211,17172,17173,17174,1,1
2021-08-12 15:45:54.511,17172,17173,17172,6,-6
2021-08-12 15:46:07.588,17171,17172,17171,1,-1
2021-08-12 15:46:08.175,17171,17172,17171,2,-2
2021-08-12 15:46:08.175,17171,17172,17170,1,-1
2021-08-12 15:46:17.698,17171,17172,17171,1,1
2021-08-12 15:46:23.705,17171,17172,17171,1,-1
2021-08-12 15:46:32.334,17170,17171,17170,3,-3
2021-08-12 15:46:34.170,17169,17170,17170,17,17
2021-08-12 15:46:40.604,17170,17171,17171,4,4
2021-08-12 15:46:41.458,17171,17173,17171,3,-3
2021-08-12 15:46:41.458,17171,17173,17170,1,-1
2021-08-12 15:46:47.102,17171,17173,17171,1,1
2021-08-12 15:46:48.528,17171,17173,17171,1,-1
2021-08-12 15:46:56.711,17172,17173,17173,1,1
2021-08-12 15:46:56.712,17172,17173,17173,1,1
2021-08-12 15:46:56.712,17172,17173,17173,1,1
2021-08-12 15:47:02.205,17173,17174,17173,1,-1
2021-08-12 15:47:17.579,17173,17174,17174,23,23
2021-08-12 15:47:17.580,17173,17174,17174,1,1
2021-08-12 15:47:17.580,17173,17174,17174,1,1
2021-08-12 15:47:24.269,17174,17175,17175,1,1
2021-08-12 15:47:55.814,17174,17176,17175,1,-1
2021-08-12 15:48:10.586,17175,17176,17175,1,-1
2021-08-12 15:48:20.977,17175,17176,17175,2,-2
2021-08-12 15:48:31.740,17174,17175,17175,2,2
2021-08-12 15:49:06.355,17174,17175,17174,1,-1
2021-08-12 15:49:08.920,17174,17175,17175,2,2
2021-08-12 15:49:08.921,17174,17175,17175,1,1
2021-08-12 15:49:29.856,17174,17175,17174,1,-1
2021-08-12 15:49:37.042,17174,17175,17175,1,1
2021-08-12 15:49:37.826,17174,17175,17175,1,1
2021-08-12 15:49:50.149,17174,17175,17175,1,1
2021-08-12 15:49:59.274,17174,17176,17175,1,-1
2021-08-12 15:50:02.928,17174,17175,17175,2,2
2021-08-12 15:50:02.928,17174,17175,17175,1,1
2021-08-12 15:50:28.862,17174,17175,17174,8,-8
2021-08-12 15:50:32.932,17173,17174,17173,1,-1
2021-08-12 15:50:57.140,17173,17174,17174,1,1
2021-08-12 15:51:28.378,17173,17174,17174,1,1
2021-08-12 15:51:28.378,17173,17174,17174,1,1
2021-08-12 15:51:28.378,17173,17174,17174,3,3
2021-08-12 15:51:28.378,17173,17174,17174,2,2
2021-08-12 15:51:28.378,17173,17174,17174,1,1
2021-08-12 15:51:28.379,17173,17174,17174,9,9
2021-08-12 15:51:30.969,17174,17175,17175,1,1
2021-08-12 15:51:30.970,17174,17175,17175,1,1
2021-08-12 15:51:42.924,17174,17175,17175,2,2
2021-08-12 15:51:42.924,17174,17175,17175,1,1
2021-08-12 15:51:47.764,17174,17176,17175,1,-1
2021-08-12 15:51:56.859,17174,17176,17176,4,4
2021-08-12 15:51:56.968,17174,17176,17176,1,1
2021-08-12 15:52:07.076,17174,17176,17175,1,-1
2021-08-12 15:52:20.869,17174,17175,17175,2,2
2021-08-12 15:52:29.452,17175,17176,17176,4,4
2021-08-12 15:52:50.874,17175,17176,17175,2,-2
2021-08-12 15:52:50.916,17175,17176,17176,3,3
2021-08-12 15:53:00.334,17174,17176,17176,1,1
2021-08-12 15:53:02.241,17174,17176,17174,1,-1
2021-08-12 15:53:27.309,17174,17175,17175,1,1
2021-08-12 15:53:27.309,17174,17175,17175,1,1
2021-08-12 15:53:27.309,17174,17175,17175,1,1
2021-08-12 15:54:45.379,17176,17177,17176,4,4
2021-08-12 15:54:47.210,17176,17177,17176,2,-2
2021-08-12 15:54:56.707,17176,17177,17176,2,-2
2021-08-12 15:54:56.707,17176,17177,17176,1,-1
2021-08-12 15:55:00.147,17175,17176,17176,1,1
2021-08-12 15:55:10.045,17175,17176,17176,1,1
2021-08-12 15:55:10.069,17175,17177,17177,1,1
2021-08-12 15:55:10.070,17175,17177,17177,1,1
2021-08-12 15:55:10.070,17175,17177,17177,1,1
2021-08-12 15:55:12.413,17175,17177,17177,1,1
2021-08-12 15:55:12.444,17175,17177,17177,1,1
2021-08-12 15:55:12.444,17175,17177,17177,1,1
2021-08-12 15:55:21.192,17176,17177,17177,1,1
2021-08-12 15:55:21.193,17176,17177,17177,1,1
2021-08-12 15:55:26.302,17176,17177,17177,4,4
2021-08-12 15:55:26.320,17176,17178,17178,1,1
2021-08-12 15:55:26.321,17176,17178,17178,1,1
2021-08-12 15:55:32.462,17177,17178,17177,1,-1
2021-08-12 15:55:32.568,17176,17177,17177,1,1
2021-08-12 15:55:32.569,17176,17177,17178,1,1
2021-08-12 15:55:32.570,17176,17177,17178,1,1
2021-08-12 15:55:32.570,17176,17177,17178,1,1
2021-08-12 15:55:38.288,17176,17177,17177,1,1
2021-08-12 15:55:47.046,17177,17178,17177,1,-1
2021-08-12 15:55:52.518,17176,17177,17176,1,-1
2021-08-12 15:55:57.373,17176,17177,17177,1,1
2021-08-12 15:56:00.161,17176,17177,17176,7,-7
2021-08-12 15:56:17.913,17176,17177,17176,1,-1
2021-08-12 15:56:26.682,17175,17176,17175,4,-4
2021-08-12 15:56:36.582,17175,17176,17175,1,-1
2021-08-12 15:57:06.685,17174,17175,17175,1,1
2021-08-12 15:57:45.417,17176,17177,17176,1,1
2021-08-12 15:57:49.673,17175,17176,17175,1,-1
2021-08-12 15:57:57.737,17175,17176,17176,1,1
2021-08-12 15:57:57.737,17175,17176,17176,1,1
2021-08-12 15:58:42.603,17175,17176,17175,1,-1
2021-08-12 15:58:57.424,17175,17176,17176,4,4
2021-08-12 15:59:02.927,17175,17176,17176,1,1
2021-08-12 15:59:02.927,17175,17176,17176,2,2
2021-08-12 15:59:14.028,17176,17177,17176,1,-1
2021-08-12 15:59:23.887,17176,17177,17176,4,-4
2021-08-12 15:59:31.635,17175,17176,17175,6,-6
2021-08-12 15:59:31.635,17175,17176,17174,4,-4
2021-08-12 16:00:05.354,17174,17175,17175,1,1
2021-08-12 16:00:10.316,17174,17175,17175,1,1
2021-08-12 16:00:39.104,17174,17175,17174,7,-7
2021-08-12 16:00:42.047,17173,17174,17173,1,-1
2021-08-12 16:00:42.069,17173,17174,17174,1,1
2021-08-12 16:00:42.070,17173,17174,17173,5,-5
2021-08-12 16:00:58.362,17172,17173,17172,1,-1
2021-08-12 16:01:05.472,17171,17173,17171,4,-4
2021-08-12 16:01:09.696,17171,17172,17171,2,-2
2021-08-12 16:01:10.090,17171,17172,17171,1,-1
2021-08-12 16:01:17.449,17171,17172,17172,1,1
2021-08-12 16:01:28.712,17171,17172,17172,1,1
2021-08-12 16:01:41.187,17171,17173,17173,1,1
2021-08-12 16:01:53.349,17172,17173,17173,1,1
2021-08-12 16:02:09.758,17173,17174,17174,1,1
2021-08-12 16:02:14.792,17173,17174,17174,1,1
2021-08-12 16:02:22.752,17173,17175,17173,7,-7
2021-08-12 16:02:22.752,17173,17175,17173,1,-1
2021-08-12 16:02:42.048,17174,17175,17175,2,2
2021-08-12 16:02:43.338,17174,17176,17174,1,-1
2021-08-12 16:02:51.385,17174,17176,17174,1,-1
2021-08-12 16:04:12.480,17175,17176,17176,1,1
2021-08-12 16:04:30.179,17175,17176,17176,1,1
2021-08-12 16:04:34.825,17175,17176,17175,1,-1
2021-08-12 16:04:35.818,17175,17176,17175,1,-1
2021-08-12 16:05:35.657,17174,17175,17174,1,-1
2021-08-12 16:05:36.512,17174,17175,17174,1,-1
2021-08-12 16:05:37.095,17174,17175,17174,1,-1
2021-08-12 16:05:42.278,17174,17175,17175,8,8
2021-08-12 16:05:43.368,17174,17175,17175,1,1
2021-08-12 16:05:55.654,17174,17175,17175,2,2
2021-08-12 16:05:55.654,17174,17175,17175,1,1
2021-08-12 16:05:55.654,17174,17175,17175,1,1
2021-08-12 16:06:06.311,17175,17176,17175,3,-3
2021-08-12 16:06:06.311,17175,17176,17174,2,-2
2021-08-12 16:06:29.341,17175,17176,17175,1,1
2021-08-12 16:06:37.115,17174,17175,17175,2,2
2021-08-12 16:06:45.560,17174,17175,17174,3,-3
2021-08-12 16:07:08.471,17172,17173,17172,1,-1
2021-08-12 16:07:08.471,17172,17173,17172,1,-1
2021-08-12 16:07:08.471,17172,17173,17172,2,-2
2021-08-12 16:07:11.435,17171,17172,17172,1,1
2021-08-12 16:07:43.774,17172,17173,17173,5,5
2021-08-12 16:07:46.838,17172,17173,17172,2,-2
2021-08-12 16:07:57.821,17172,17173,17172,1,-1
2021-08-12 16:08:11.076,17172,17173,17172,1,-1
2021-08-12 16:08:25.714,17171,17172,17171,1,-1
2021-08-12 16:08:26.112,17171,17172,17171,1,-1
2021-08-12 16:08:26.252,17171,17172,17171,2,-2
2021-08-12 16:08:26.382,17171,17172,17171,3,-3
2021-08-12 16:08:26.382,17171,17172,17170,1,-1
2021-08-12 16:08:26.590,17170,17172,17170,2,-2
2021-08-12 16:08:40.125,17171,17172,17171,1,1
2021-08-12 16:08:44.998,17171,17172,17171,1,-1
2021-08-12 16:08:46.153,17171,17172,17172,3,3
2021-08-12 16:08:46.763,17171,17172,17171,1,-1
2021-08-12 16:08:46.763,17171,17172,17171,1,-1
2021-08-12 16:08:48.415,17170,17171,17170,4,-4
2021-08-12 16:08:49.962,17170,17171,17170,4,-4
2021-08-12 16:08:51.815,17170,17171,17170,1,-1
2021-08-12 16:08:51.815,17170,17171,17169,1,-1
2021-08-12 16:08:51.995,17169,17171,17169,1,-1
2021-08-12 16:08:52.092,17169,17171,17169,1,-1
2021-08-12 16:08:55.328,17169,17171,17169,2,-2
2021-08-12 16:08:57.217,17169,17171,17169,1,-1
2021-08-12 16:09:05.958,17169,17170,17169,1,-1
2021-08-12 16:09:12.862,17169,17170,17170,3,3
2021-08-12 16:09:13.402,17169,17170,17169,1,-1
2021-08-12 16:09:22.298,17168,17169,17168,2,-2
2021-08-12 16:09:22.361,17168,17169,17168,1,-1
2021-08-12 16:09:25.001,17168,17169,17168,4,-4
2021-08-12 16:09:26.808,17167,17168,17168,1,1
2021-08-12 16:09:33.728,17168,17169,17168,1,-1
2021-08-12 16:09:38.283,17168,17169,17168,1,-1
2021-08-12 16:09:39.197,17168,17169,17168,1,-1
2021-08-12 16:09:40.396,17168,17169,17169,3,3
2021-08-12 16:09:51.900,17169,17170,17169,2,-2
2021-08-12 16:09:52.411,17169,17170,17170,1,1
2021-08-12 16:09:52.411,17169,17170,17170,2,2
2021-08-12 16:09:57.901,17170,17171,17171,1,1
2021-08-12 16:10:04.714,17170,17171,17170,1,-1
2021-08-12 16:10:15.115,17169,17171,17169,1,-1
2021-08-12 16:10:15.715,17169,17171,17171,4,4
2021-08-12 16:10:22.018,17170,17171,17170,1,-1
2021-08-12 16:10:22.960,17169,17170,17170,1,1
2021-08-12 16:10:30.876,17169,17170,17169,2,-2
2021-08-12 16:10:37.241,17169,17170,17169,1,-1
2021-08-12 16:10:47.335,17168,17169,17169,1,1
2021-08-12 16:11:05.819,17169,17170,17170,1,1
2021-08-12 16:11:09.893,17169,17170,17170,1,1
2021-08-12 16:11:13.474,17170,17172,17170,1,-1
2021-08-12 16:11:31.131,17170,17171,17170,1,-1
2021-08-12 16:11:36.564,17169,17170,17170,1,1
2021-08-12 16:11:36.773,17169,17170,17169,2,-2
2021-08-12 16:11:36.773,17169,17170,17168,1,-1
2021-08-12 16:11:43.398,17168,17169,17168,1,-1
2021-08-12 16:11:49.351,17168,17169,17169,1,1
2021-08-12 16:11:55.198,17168,17169,17168,1,-1
2021-08-12 16:12:07.289,17168,17169,17168,2,-2
2021-08-12 16:12:15.137,17167,17168,17168,1,1
2021-08-12 16:12:38.165,17168,17169,17168,1,-1
2021-08-12 16:12:49.497,17168,17169,17168,2,-2
2021-08-12 16:12:49.497,17168,17169,17168,1,-1
2021-08-12 16:12:57.381,17167,17168,17167,3,-3
2021-08-12 16:12:57.381,17167,17168,17167,1,-1
2021-08-12 16:12:57.381,17167,17168,17167,1,-1
2021-08-12 16:12:57.382,17167,17168,17167,1,-1
2021-08-12 16:12:57.382,17167,17168,17167,2,-2
2021-08-12 16:13:00.190,17166,17168,17166,3,-3
2021-08-12 16:13:06.104,17166,17168,17166,3,-3
2021-08-12 16:13:13.273,17166,17168,17166,1,-1
2021-08-12 16:13:13.506,17167,17168,17168,2,2
2021-08-12 16:13:30.716,17168,17169,17168,2,-2
2021-08-12 16:13:30.716,17168,17169,17168,3,-3
2021-08-12 16:13:30.716,17168,17169,17168,3,-3
2021-08-12 16:13:31.686,17168,17169,17169,1,1
2021-08-12 16:13:34.111,17168,17169,17168,1,-1
2021-08-12 16:13:39.538,17168,17169,17169,2,2
2021-08-12 16:13:40.472,17169,17170,17170,6,6
2021-08-12 16:13:49.297,17170,17172,17170,1,-1
2021-08-12 16:13:49.360,17169,17170,17169,2,-2
2021-08-12 16:14:01.753,17170,17171,17170,1,1
2021-08-12 16:14:33.294,17169,17170,17170,2,2
2021-08-12 16:14:41.869,17170,17171,17170,1,-1
2021-08-12 16:14:55.177,17170,17171,17171,1,1
2021-08-12 16:14:55.233,17170,17171,17171,1,1
2021-08-12 16:16:12.015,17170,17171,17171,7,7
2021-08-12 16:16:12.691,17171,17172,17171,3,-3
2021-08-12 16:16:12.691,17171,17172,17170,1,-1
2021-08-12 16:16:12.904,17170,17172,17170,3,-3
2021-08-12 16:16:32.448,17171,17172,17171,1,1
2021-08-12 16:16:36.830,17170,17171,17171,1,1
2021-08-12 16:16:53.137,17170,17171,17170,1,-1
2021-08-12 16:17:49.599,17170,17171,17171,1,1
2021-08-12 16:17:49.872,17170,17171,17170,3,-3
2021-08-12 16:19:29.370,17171,17172,17172,2,2
2021-08-12 16:19:29.411,17171,17172,17173,2,2
2021-08-12 16:19:29.465,17171,17173,17173,1,1
2021-08-12 16:19:29.515,17171,17173,17173,2,2
2021-08-12 16:19:29.525,17171,17173,17173,1,1
2021-08-12 16:19:29.810,17171,17173,17171,3,-3
2021-08-12 16:19:29.841,17171,17173,17171,3,-3
2021-08-12 16:19:29.841,17171,17173,17170,1,-1
2021-08-12 16:19:40.001,17171,17172,17171,1,1
2021-08-12 16:20:31.113,17170,17171,17171,1,1
2021-08-12 16:20:54.739,17170,17171,17170,1,-1
2021-08-12 16:20:55.469,17170,17171,17171,1,1
2021-08-12 16:22:58.541,17171,17172,17172,2,2
2021-08-12 16:22:58.542,17171,17172,17172,1,1
2021-08-12 16:22:58.785,17171,17173,17171,1,-1
2021-08-12 16:23:00.541,17171,17173,17173,8,8
2021-08-12 16:23:13.316,17173,17174,17173,1,-1
2021-08-12 16:23:17.023,17173,17174,17173,1,-1
2021-08-12 16:23:23.772,17173,17174,17174,6,6
2021-08-12 16:23:29.995,17174,17175,17175,1,1
2021-08-12 16:23:30.282,17174,17175,17175,1,1
2021-08-12 16:23:30.282,17174,17175,17175,1,1
2021-08-12 16:23:36.222,17174,17175,17175,1,1
2021-08-12 16:23:44.876,17174,17175,17175,1,1
2021-08-12 16:23:52.193,17174,17175,17175,2,2
2021-08-12 16:23:52.194,17174,17175,17175,1,1
2021-08-12 16:23:52.923,17174,17175,17175,1,1
2021-08-12 16:24:08.729,17174,17175,17175,2,2
2021-08-12 16:24:10.712,17174,17175,17175,1,1
2021-08-12 16:24:28.681,17174,17175,17175,5,5
2021-08-12 16:24:31.817,17175,17176,17175,1,-1
2021-08-12 16:24:31.817,17175,17176,17174,3,-3
2021-08-12 16:24:36.209,17175,17176,17175,1,1
2021-08-12 16:24:54.621,17174,17175,17175,1,1
2021-08-12 16:24:54.694,17174,17175,17175,1,1
2021-08-12 16:24:54.695,17174,17175,17176,1,1
2021-08-12 16:25:07.460,17174,17175,17175,1,1
2021-08-12 16:25:14.118,17174,17175,17174,1,-1
2021-08-12 16:25:14.118,17174,17175,17174,4,-4
2021-08-12 16:25:17.657,17173,17174,17174,4,4
2021-08-12 16:25:17.658,17173,17174,17174,2,2
2021-08-12 16:25:17.658,17173,17174,17174,2,2
2021-08-12 16:25:23.146,17174,17175,17175,1,1
2021-08-12 16:25:32.686,17174,17175,17175,5,5
2021-08-12 16:25:32.686,17174,17175,17176,20,20
2021-08-12 16:25:50.314,17174,17175,17175,1,1
2021-08-12 16:26:06.373,17174,17176,17175,1,-1
2021-08-12 16:27:00.393,17174,17175,17174,1,-1
2021-08-12 16:27:00.394,17174,17175,17174,5,-5
2021-08-12 16:27:12.064,17173,17174,17173,1,-1
2021-08-12 16:27:32.790,17174,17175,17175,1,1
2021-08-12 16:27:32.790,17174,17175,17175,1,1
2021-08-12 16:28:15.651,17175,17176,17176,1,1
2021-08-12 16:28:21.031,17175,17176,17176,1,1
2021-08-12 16:28:21.031,17175,17176,17176,1,1
2021-08-12 16:28:38.105,17175,17176,17176,1,1
2021-08-12 16:28:38.105,17175,17176,17176,1,1
2021-08-12 16:28:53.365,17175,17176,17176,1,1
2021-08-12 16:28:56.733,17175,17176,17176,1,1
2021-08-12 16:28:57.907,17175,17176,17176,1,1
2021-08-12 16:29:13.568,17175,17177,17177,1,1
2021-08-12 16:29:17.077,17176,17177,17176,4,-4
2021-08-12 16:29:17.586,17175,17177,17177,2,2
2021-08-12 16:29:25.123,17176,17177,17177,8,8
2021-08-12 16:29:25.124,17176,17177,17177,1,1
2021-08-12 16:29:25.518,17176,17177,17177,1,1
2021-08-12 16:29:25.518,17176,17177,17177,1,1
2021-08-12 16:29:27.543,17176,17177,17177,2,2
2021-08-12 16:29:30.469,17176,17178,17177,1,-1
2021-08-12 16:29:34.044,17176,17177,17177,1,1
2021-08-12 16:29:50.813,17176,17178,17177,1,-1
2021-08-12 16:29:53.578,17176,17178,17176,1,-1
2021-08-12 16:30:04.078,17176,17177,17177,2,2
2021-08-12 16:30:04.211,17177,17178,17178,1,1
2021-08-12 16:30:04.211,17177,17178,17178,1,1
2021-08-12 16:30:05.020,17177,17178,17178,2,2
2021-08-12 16:30:05.021,17177,17178,17178,1,1
2021-08-12 16:30:05.070,17177,17178,17178,1,1
2021-08-12 16:30:05.070,17177,17178,17178,1,1
2021-08-12 16:30:05.070,17177,17178,17178,15,15
2021-08-12 16:30:05.071,17177,17178,17179,1,1
2021-08-12 16:30:07.843,17178,17179,17178,1,-1
2021-08-12 16:30:08.921,17178,17179,17179,1,1
2021-08-12 16:30:08.921,17178,17179,17179,3,3
2021-08-12 16:30:08.921,17178,17179,17179,3,3
2021-08-12 16:30:08.921,17178,17179,17179,1,1
2021-08-12 16:30:08.922,17178,17179,17179,2,2
2021-08-12 16:30:08.922,17178,17179,17179,1,1
2021-08-12 16:30:08.922,17178,17179,17179,1,1
2021-08-12 16:30:08.922,17178,17179,17179,2,2
2021-08-12 16:30:08.922,17178,17179,17179,1,1
2021-08-12 16:30:08.922,17178,17179,17179,1,1
2021-08-12 16:30:08.944,17179,17180,17180,1,1
2021-08-12 16:30:08.947,17179,17180,17180,1,1
2021-08-12 16:30:08.982,17179,17180,17180,1,1
2021-08-12 16:30:09.154,17179,17180,17180,1,1
2021-08-12 16:30:17.993,17178,17180,17179,1,-1
2021-08-12 16:30:18.222,17179,17180,17180,1,1
2021-08-12 16:30:18.321,17179,17180,17180,1,1
2021-08-12 16:30:18.321,17179,17180,17180,1,1
2021-08-12 16:30:18.321,17179,17180,17180,1,1
2021-08-12 16:30:18.321,17179,17180,17180,1,1
2021-08-12 16:30:18.321,17179,17180,17180,3,3
2021-08-12 16:30:18.321,17179,17180,17180,1,1
2021-08-12 16:30:18.321,17179,17180,17180,1,1
2021-08-12 16:30:18.322,17179,17180,17180,8,8
2021-08-12 16:30:18.322,17179,17180,17181,1,1
2021-08-12 16:30:18.322,17179,17180,17181,1,1
2021-08-12 16:30:18.323,17179,17180,17181,1,1
2021-08-12 16:30:18.323,17179,17180,17181,1,1
2021-08-12 16:30:18.323,17179,17180,17181,1,1
2021-08-12 16:30:18.585,17180,17181,17181,3,3
2021-08-12 16:30:18.585,17180,17181,17181,1,1
2021-08-12 16:30:18.585,17180,17181,17181,1,1
2021-08-12 16:30:18.585,17180,17181,17181,1,1
2021-08-12 16:30:18.585,17180,17181,17181,2,2
2021-08-12 16:30:18.759,17180,17181,17181,1,1
2021-08-12 16:30:18.759,17180,17181,17181,1,1
2021-08-12 16:30:18.760,17180,17181,17181,2,2
2021-08-12 16:30:19.427,17181,17182,17182,1,1
2021-08-12 16:30:20.457,17181,17182,17182,4,4
2021-08-12 16:30:20.458,17181,17182,17182,1,1
2021-08-12 16:30:20.568,17181,17182,17182,12,12
2021-08-12 16:30:24.025,17182,17183,17182,1,-1
2021-08-12 16:30:24.025,17182,17183,17182,1,-1
2021-08-12 16:30:24.289,17181,17183,17183,1,1
2021-08-12 16:30:24.375,17181,17183,17183,1,1
2021-08-12 16:30:24.378,17181,17183,17183,1,1
2021-08-12 16:30:24.423,17181,17183,17183,1,1
2021-08-12 16:30:24.477,17181,17183,17183,1,1
2021-08-12 16:30:24.489,17181,17183,17183,1,1
2021-08-12 16:30:24.575,17181,17183,17183,1,1
2021-08-12 16:30:24.596,17181,17183,17183,1,1
2021-08-12 16:30:24.606,17181,17183,17183,3,3
2021-08-12 16:30:24.619,17181,17183,17184,2,2
2021-08-12 16:30:24.642,17181,17183,17184,2,2
2021-08-12 16:30:24.850,17182,17184,17184,1,1
2021-08-12 16:30:25.053,17182,17184,17184,2,2
2021-08-12 16:30:25.205,17182,17184,17183,1,-1
2021-08-12 16:30:31.327,17180,17182,17180,1,-1
2021-08-12 16:30:32.769,17180,17182,17182,1,1
2021-08-12 16:30:32.819,17180,17182,17182,1,1
2021-08-12 16:30:32.820,17180,17182,17182,1,1
2021-08-12 16:30:43.027,17181,17182,17181,1,-1
2021-08-12 16:30:47.900,17181,17182,17181,1,-1
2021-08-12 16:30:47.945,17181,17182,17182,1,1
2021-08-12 16:30:47.945,17181,17182,17182,1,1
2021-08-12 16:30:55.752,17181,17182,17182,1,1
2021-08-12 16:30:55.820,17181,17183,17183,1,1
2021-08-12 16:30:55.820,17181,17183,17183,1,1
2021-08-12 16:30:55.820,17181,17183,17183,1,1
2021-08-12 16:30:55.820,17181,17183,17183,1,1
2021-08-12 16:30:55.820,17181,17183,17183,1,1
2021-08-12 16:30:55.821,17181,17183,17183,1,1
2021-08-12 16:30:55.821,17181,17183,17183,1,1
2021-08-12 16:30:55.821,17181,17183,17183,1,1
2021-08-12 16:30:55.821,17181,17183,17183,1,1
2021-08-12 16:31:00.172,17181,17183,17183,1,1
2021-08-12 16:31:00.496,17181,17183,17181,1,-1
2021-08-12 16:31:07.838,17181,17182,17182,2,2
2021-08-12 16:31:07.838,17181,17182,17182,1,1
2021-08-12 16:31:07.946,17181,17183,17183,1,1
2021-08-12 16:31:08.217,17181,17183,17182,1,-1
2021-08-12 16:31:09.288,17181,17183,17182,1,-1
2021-08-12 16:31:18.963,17182,17183,17182,1,-1
2021-08-12 16:31:35.365,17181,17182,17181,1,-1
2021-08-12 16:31:35.366,17181,17182,17181,1,-1
2021-08-12 16:31:37.536,17180,17182,17182,1,1
2021-08-12 16:31:37.569,17180,17182,17182,1,1
2021-08-12 16:31:48.629,17180,17182,17182,1,1
2021-08-12 16:31:59.897,17180,17182,17181,2,-2
2021-08-12 16:32:03.131,17180,17181,17181,1,1
2021-08-12 16:32:08.956,17180,17182,17181,1,-1
2021-08-12 16:32:19.158,17181,17182,17181,1,-1
2021-08-12 16:32:21.991,17181,17182,17181,1,-1
2021-08-12 16:32:24.125,17181,17182,17181,1,-1
2021-08-12 16:32:31.168,17180,17181,17180,3,-3
2021-08-12 16:32:33.420,17180,17181,17180,1,-1
2021-08-12 16:32:33.885,17180,17181,17181,2,2
2021-08-12 16:32:34.557,17181,17182,17181,1,-1
2021-08-12 16:32:35.979,17181,17182,17182,5,5
2021-08-12 16:32:36.213,17181,17182,17182,5,5
2021-08-12 16:32:36.214,17181,17182,17182,1,1
2021-08-12 16:32:36.638,17181,17182,17181,1,-1
2021-08-12 16:32:42.702,17181,17182,17181,1,-1
2021-08-12 16:32:48.450,17180,17182,17180,1,-1
2021-08-12 16:32:50.215,17180,17181,17181,1,1
2021-08-12 16:33:15.970,17180,17181,17181,1,1
2021-08-12 16:33:40.512,17180,17181,17181,1,1
2021-08-12 16:33:40.723,17180,17182,17182,3,3
2021-08-12 16:33:40.762,17180,17182,17182,3,3
2021-08-12 16:33:43.408,17181,17182,17181,1,-1
2021-08-12 16:34:17.180,17181,17182,17182,1,1
2021-08-12 16:34:41.416,17181,17182,17181,2,-2
2021-08-12 16:34:47.509,17181,17182,17181,1,-1
2021-08-12 16:34:51.392,17180,17181,17181,2,2
2021-08-12 16:35:18.597,17180,17181,17181,1,1
2021-08-12 16:35:25.678,17180,17181,17181,4,4
2021-08-12 16:35:29.025,17180,17181,17181,1,1
2021-08-12 16:35:35.228,17180,17181,17181,1,1
2021-08-12 16:35:45.155,17180,17181,17181,1,1
2021-08-12 16:35:58.101,17180,17181,17181,1,1
2021-08-12 16:36:03.916,17180,17181,17180,1,-1
2021-08-12 16:36:11.998,17180,17181,17180,1,-1
2021-08-12 16:36:12.505,17180,17181,17180,1,-1
2021-08-12 16:36:12.515,17180,17181,17180,1,-1
2021-08-12 16:36:12.515,17180,17181,17180,3,-3
2021-08-12 16:36:12.515,17180,17181,17180,8,-8
2021-08-12 16:36:31.528,17179,17180,17180,1,1
2021-08-12 16:36:33.095,17180,17181,17180,1,-1
2021-08-12 16:36:33.313,17180,17181,17180,1,-1
2021-08-12 16:36:35.875,17180,17181,17180,1,-1
2021-08-12 16:36:44.166,17179,17180,17180,1,1
2021-08-12 16:36:45.236,17180,17181,17180,1,-1
2021-08-12 16:36:56.775,17179,17180,17179,1,-1
2021-08-12 16:37:00.147,17178,17179,17179,5,5
2021-08-12 16:37:04.732,17178,17179,17179,2,2
2021-08-12 16:37:12.219,17179,17180,17179,1,-1
2021-08-12 16:37:12.689,17179,17180,17179,2,-2
2021-08-12 16:37:42.560,17179,17180,17179,1,-1
2021-08-12 16:37:44.573,17179,17180,17179,1,-1
2021-08-12 16:37:58.067,17178,17179,17179,1,1
2021-08-12 16:38:35.018,17178,17180,17180,1,1
2021-08-12 16:39:23.290,17179,17180,17179,1,-1
2021-08-12 16:39:32.528,17179,17180,17180,1,1
2021-08-12 16:39:32.592,17179,17180,17180,2,2
2021-08-12 16:39:32.592,17179,17180,17180,2,2
2021-08-12 16:39:58.410,17180,17181,17181,1,1
2021-08-12 16:40:07.765,17180,17181,17181,1,1
2021-08-12 16:40:36.919,17180,17181,17181,1,1
2021-08-12 16:40:42.670,17181,17182,17181,1,-1
2021-08-12 16:41:05.592,17181,17182,17181,1,-1
2021-08-12 16:41:09.001,17181,17182,17181,1,-1
2021-08-12 16:41:18.870,17180,17181,17180,2,-2
2021-08-12 16:41:43.299,17179,17181,17179,1,-1
2021-08-12 16:41:47.317,17179,17180,17180,1,1
2021-08-12 16:41:48.372,17179,17181,17179,1,-1
2021-08-12 16:42:01.380,17179,17181,17179,2,-2
2021-08-12 16:42:15.318,17179,17180,17180,2,2
2021-08-12 16:42:15.318,17179,17180,17181,3,3
2021-08-12 16:42:15.396,17179,17180,17181,5,5
2021-08-12 16:42:15.427,17179,17180,17181,1,1
2021-08-12 16:42:15.460,17179,17181,17181,5,5
2021-08-12 16:42:15.515,17179,17181,17182,5,5
2021-08-12 16:42:15.576,17180,17182,17182,5,5
2021-08-12 16:42:15.613,17180,17182,17182,1,1
2021-08-12 16:42:40.476,17180,17182,17182,6,6
2021-08-12 16:43:01.938,17180,17182,17180,3,-3
2021-08-12 16:43:10.711,17180,17182,17181,1,1
2021-08-12 16:43:13.129,17180,17182,17182,1,1
2021-08-12 16:43:50.512,17180,17182,17182,1,1
2021-08-12 16:43:59.817,17180,17181,17181,1,1
2021-08-12 16:44:32.728,17180,17181,17181,1,1
2021-08-12 16:44:53.144,17180,17182,17180,1,-1
2021-08-12 16:44:53.677,17180,17182,17182,2,2
2021-08-12 16:44:53.740,17180,17182,17182,2,2
2021-08-12 16:44:58.343,17180,17182,17180,1,-1
2021-08-12 16:45:07.575,17180,17182,17180,2,-2
2021-08-12 16:45:29.571,17180,17182,17180,1,-1
2021-08-12 16:45:34.524,17180,17182,17181,1,1
2021-08-12 16:45:47.473,17180,17182,17180,2,-2
2021-08-12 16:45:54.097,17178,17180,17179,1,-1
2021-08-12 16:45:54.426,17179,17180,17179,1,-1
2021-08-12 16:45:58.128,17178,17180,17178,6,-6
2021-08-12 16:45:58.274,17177,17179,17177,1,-1
2021-08-12 16:45:58.323,17177,17179,17178,1,1
2021-08-12 16:46:12.583,17178,17179,17178,2,-2
2021-08-12 16:46:26.056,17178,17180,17178,1,-1
2021-08-12 16:46:27.710,17178,17180,17178,1,-1
2021-08-12 16:46:42.602,17178,17180,17180,1,1
2021-08-12 16:47:10.278,17177,17179,17179,5,5
2021-08-12 16:47:10.278,17177,17179,17180,10,10
2021-08-12 16:47:30.356,17178,17180,17180,1,1
2021-08-12 16:47:40.092,17178,17180,17180,2,2
2021-08-12 16:48:02.131,17178,17180,17180,1,1
2021-08-12 16:48:34.669,17178,17179,17179,1,1
2021-08-12 16:48:41.175,17179,17180,17179,1,-1
2021-08-12 16:48:52.532,17178,17179,17179,1,1
2021-08-12 16:49:04.394,17178,17179,17178,1,-1
2021-08-12 16:49:08.625,17178,17179,17178,1,-1
2021-08-12 16:49:08.626,17178,17179,17178,2,-2
2021-08-12 16:49:38.199,17177,17179,17178,1,-1
2021-08-12 16:49:52.581,17177,17178,17178,1,1
2021-08-12 16:49:56.223,17177,17178,17178,1,1
2021-08-12 16:49:59.856,17177,17178,17178,1,1
2021-08-12 16:50:00.368,17177,17178,17178,1,1
2021-08-12 16:50:01.398,17178,17179,17178,1,-1
2021-08-12 16:50:09.438,17178,17179,17178,1,-1
2021-08-12 16:50:09.438,17178,17179,17178,1,-1
2021-08-12 16:50:27.287,17178,17179,17178,1,-1
2021-08-12 16:50:43.280,17178,17179,17178,1,-1
2021-08-12 16:50:43.629,17177,17178,17178,4,4
2021-08-12 16:50:52.591,17178,17179,17178,2,-2
2021-08-12 16:51:00.711,17178,17179,17179,1,1
2021-08-12 16:51:01.084,17178,17180,17178,1,-1
2021-08-12 16:51:07.797,17178,17180,17180,1,1
2021-08-12 16:51:13.243,17178,17180,17178,2,-2
2021-08-12 16:51:25.626,17178,17180,17178,2,-2
2021-08-12 16:51:33.633,17178,17180,17180,1,1
2021-08-12 16:51:43.364,17178,17180,17180,1,1
2021-08-12 16:51:56.232,17178,17180,17180,1,1
2021-08-12 16:51:58.943,17179,17180,17180,9,9
2021-08-12 16:51:58.944,17179,17180,17181,3,3
2021-08-12 16:52:22.443,17180,17182,17182,2,2
2021-08-12 16:52:22.443,17180,17182,17182,11,11
2021-08-12 16:52:23.000,17182,17183,17183,3,3
2021-08-12 16:52:23.369,17182,17183,17183,1,1
2021-08-12 16:52:23.378,17182,17183,17183,4,4
2021-08-12 16:52:23.378,17182,17183,17184,6,6
2021-08-12 16:52:32.245,17183,17184,17184,1,1
2021-08-12 16:52:32.245,17183,17184,17184,1,1
2021-08-12 16:52:32.514,17183,17184,17184,3,3
2021-08-12 16:52:32.515,17183,17184,17184,1,1
2021-08-12 16:52:32.553,17183,17184,17185,2,2
2021-08-12 16:52:32.737,17183,17185,17185,2,2
2021-08-12 16:52:32.912,17183,17185,17185,1,1
2021-08-12 16:52:37.719,17183,17184,17184,5,5
2021-08-12 16:52:37.720,17183,17184,17184,1,1
2021-08-12 16:52:40.290,17182,17184,17184,1,1
2021-08-12 16:52:40.868,17182,17184,17184,1,1
2021-08-12 16:52:42.729,17183,17184,17184,1,1
2021-08-12 16:52:45.261,17183,17184,17184,5,5
2021-08-12 16:52:46.949,17183,17184,17184,1,1
2021-08-12 16:52:46.950,17183,17184,17184,1,1
2021-08-12 16:52:47.015,17183,17184,17184,1,1
2021-08-12 16:52:47.735,17183,17185,17184,1,-1
2021-08-12 16:52:47.902,17183,17185,17184,1,-1
2021-08-12 16:52:56.806,17183,17184,17183,1,-1
2021-08-12 16:53:01.050,17180,17182,17182,1,1
2021-08-12 16:53:06.029,17180,17182,17182,1,1
2021-08-12 16:53:09.966,17180,17182,17182,3,3
2021-08-12 16:53:10.662,17180,17182,17182,1,1
2021-08-12 16:53:15.410,17182,17183,17182,1,-1
2021-08-12 16:53:47.382,17180,17182,17182,2,2
2021-08-12 16:54:34.075,17181,17182,17182,2,2
2021-08-12 16:54:38.709,17181,17182,17182,1,1
2021-08-12 16:54:39.348,17181,17182,17182,2,2
2021-08-12 16:54:53.392,17181,17182,17181,1,-1
2021-08-12 16:55:02.491,17181,17182,17181,1,-1
2021-08-12 16:55:03.052,17181,17182,17182,1,1
2021-08-12 16:55:08.873,17181,17182,17182,2,2
2021-08-12 16:55:21.907,17182,17183,17182,1,-1
2021-08-12 16:55:52.967,17181,17182,17181,5,-5
2021-08-12 16:55:59.391,17181,17182,17181,1,-1
2021-08-12 16:57:02.368,17181,17182,17181,2,-2
2021-08-12 16:57:34.224,17181,17182,17181,1,-1
2021-08-12 16:57:39.443,17181,17182,17181,3,-3
2021-08-12 16:58:04.121,17180,17181,17181,1,1
2021-08-12 16:58:11.432,17180,17181,17180,1,-1
2021-08-12 16:58:18.142,17180,17181,17181,1,1
2021-08-12 16:58:27.632,17180,17181,17181,1,1
2021-08-12 16:59:02.736,17180,17181,17181,2,2
2021-08-12 16:59:16.833,17180,17181,17181,1,1
2021-08-12 16:59:17.228,17180,17181,17181,1,1
2021-08-12 16:59:46.469,17181,17182,17181,1,-1
2021-08-12 16:59:59.246,17181,17182,17181,1,-1
2021-08-12 17:00:20.454,17181,17182,17182,1,1
2021-08-12 17:00:30.716,17181,17182,17182,1,1
2021-08-12 17:00:49.318,17181,17182,17182,4,4
2021-08-12 17:01:08.458,17182,17183,17182,1,-1
2021-08-12 17:01:11.761,17182,17183,17182,1,-1
2021-08-12 17:01:35.610,17182,17183,17182,1,-1
2021-08-12 17:01:59.644,17182,17183,17183,1,1
2021-08-12 17:02:14.964,17182,17183,17183,1,1
2021-08-12 17:02:23.649,17182,17183,17183,7,7
2021-08-12 17:02:23.650,17182,17183,17183,5,5
2021-08-12 17:02:23.650,17182,17183,17183,2,2
2021-08-12 17:02:24.295,17183,17184,17184,1,1
2021-08-12 17:02:28.061,17183,17184,17184,5,5
2021-08-12 17:02:31.603,17183,17184,17184,1,1
2021-08-12 17:02:31.604,17183,17184,17184,8,8
2021-08-12 17:02:32.852,17184,17185,17184,1,-1
2021-08-12 17:02:39.629,17184,17185,17185,13,13
2021-08-12 17:02:39.630,17184,17185,17185,1,1
2021-08-12 17:02:39.630,17184,17185,17185,18,18
2021-08-12 17:02:39.630,17184,17185,17185,4,4
2021-08-12 17:02:39.630,17184,17185,17185,1,1
2021-08-12 17:02:40.003,17185,17186,17186,2,2
2021-08-12 17:02:40.068,17185,17186,17186,20,20
2021-08-12 17:02:40.082,17185,17186,17187,4,4
2021-08-12 17:02:40.082,17185,17186,17187,1,1
2021-08-12 17:02:40.083,17185,17186,17187,10,10
2021-08-12 17:02:40.083,17185,17186,17187,5,5
2021-08-12 17:02:40.096,17185,17186,17188,1,1
2021-08-12 17:02:40.096,17185,17186,17188,2,2
2021-08-12 17:02:40.193,17187,17188,17188,4,4
2021-08-12 17:02:40.194,17187,17188,17188,1,1
2021-08-12 17:02:40.295,17187,17188,17187,1,-1
2021-08-12 17:02:40.336,17186,17188,17188,1,1
2021-08-12 17:02:40.423,17186,17188,17188,2,2
2021-08-12 17:02:40.490,17185,17188,17188,1,1
2021-08-12 17:02:40.575,17186,17188,17188,1,1
2021-08-12 17:02:40.637,17186,17188,17188,1,1
2021-08-12 17:02:41.372,17185,17188,17188,4,4
2021-08-12 17:02:41.372,17185,17188,17188,1,1
2021-08-12 17:02:41.693,17185,17187,17185,5,-5
2021-08-12 17:02:42.276,17184,17186,17185,1,-1
2021-08-12 17:02:46.765,17184,17186,17186,1,1
2021-08-12 17:02:54.416,17184,17186,17185,2,-2
2021-08-12 17:02:54.416,17184,17186,17185,3,-3
2021-08-12 17:02:58.772,17184,17185,17185,1,1
2021-08-12 17:03:00.278,17184,17186,17184,3,-3
2021-08-12 17:03:02.164,17184,17186,17186,5,5
2021-08-12 17:03:05.345,17185,17186,17186,1,1
2021-08-12 17:03:05.713,17185,17186,17186,1,1
2021-08-12 17:03:09.318,17185,17186,17185,2,-2
2021-08-12 17:03:09.318,17185,17186,17185,1,-1
2021-08-12 17:03:09.955,17184,17185,17185,2,2
2021-08-12 17:03:15.627,17184,17185,17185,1,1
2021-08-12 17:03:23.334,17184,17185,17185,1,1
2021-08-12 17:03:39.635,17184,17185,17185,1,1
2021-08-12 17:03:45.512,17184,17186,17185,2,-2
2021-08-12 17:03:51.170,17184,17185,17184,1,-1
2021-08-12 17:03:51.170,17184,17185,17184,1,-1
2021-08-12 17:03:51.170,17184,17185,17184,2,-2
2021-08-12 17:03:51.170,17184,17185,17184,2,-2
2021-08-12 17:03:51.170,17184,17185,17184,3,-3
2021-08-12 17:03:52.237,17183,17184,17184,1,1
2021-08-12 17:03:55.790,17183,17184,17184,2,2
2021-08-12 17:04:06.002,17183,17184,17183,1,-1
2021-08-12 17:04:07.412,17182,17184,17184,4,4
2021-08-12 17:04:15.416,17182,17184,17182,4,-4
2021-08-12 17:04:35.106,17182,17183,17182,1,-1
2021-08-12 17:04:44.562,17182,17183,17182,1,-1
2021-08-12 17:04:48.780,17182,17183,17182,1,-1
2021-08-12 17:04:48.959,17182,17183,17183,2,2
2021-08-12 17:04:49.510,17183,17184,17183,3,-3
2021-08-12 17:04:58.978,17183,17184,17184,6,6
2021-08-12 17:04:58.978,17183,17184,17183,1,-1
2021-08-12 17:05:04.732,17183,17184,17183,1,-1
2021-08-12 17:05:05.111,17183,17184,17184,1,1
2021-08-12 17:05:11.812,17183,17184,17184,1,1
2021-08-12 17:05:17.016,17184,17185,17184,2,-2
2021-08-12 17:05:23.213,17184,17185,17184,4,-4
2021-08-12 17:05:28.649,17183,17185,17183,1,-1
2021-08-12 17:06:14.863,17183,17184,17183,1,-1
2021-08-12 17:06:14.966,17183,17184,17183,2,-2
2021-08-12 17:06:14.966,17183,17184,17183,1,-1
2021-08-12 17:06:14.966,17183,17184,17183,1,-1
2021-08-12 17:06:19.060,17182,17183,17183,7,7
2021-08-12 17:06:19.060,17182,17183,17184,10,10
2021-08-12 17:06:19.060,17182,17183,17185,3,3
2021-08-12 17:06:27.386,17183,17185,17183,1,-1
2021-08-12 17:06:27.386,17183,17185,17182,1,-1
2021-08-12 17:06:27.448,17182,17185,17185,1,1
2021-08-12 17:06:39.672,17183,17185,17183,1,-1
2021-08-12 17:06:52.504,17183,17185,17185,1,1
2021-08-12 17:07:10.944,17183,17184,17184,1,1
2021-08-12 17:07:11.070,17183,17185,17185,1,1
2021-08-12 17:07:11.070,17183,17185,17185,1,1
2021-08-12 17:07:32.570,17183,17185,17185,1,1
2021-08-12 17:07:41.276,17184,17185,17185,1,1
2021-08-12 17:07:48.082,17184,17185,17185,1,1
2021-08-12 17:07:51.658,17184,17185,17184,1,-1
2021-08-12 17:08:04.901,17184,17185,17184,2,-2
2021-08-12 17:08:05.197,17183,17184,17184,1,1
2021-08-12 17:08:05.197,17183,17184,17185,2,2
2021-08-12 17:08:05.220,17183,17184,17185,2,2
2021-08-12 17:08:05.257,17183,17184,17185,3,3
2021-08-12 17:08:09.162,17184,17185,17184,1,-1
2021-08-12 17:08:11.971,17183,17184,17183,3,-3
2021-08-12 17:08:24.461,17182,17183,17182,1,-1
2021-08-12 17:08:26.494,17182,17183,17182,2,-2
2021-08-12 17:08:26.495,17182,17183,17182,3,-3
2021-08-12 17:08:31.127,17182,17183,17182,1,-1
2021-08-12 17:08:42.908,17181,17182,17182,1,1
2021-08-12 17:09:00.380,17182,17183,17182,1,-1
2021-08-12 17:09:01.535,17181,17183,17181,1,-1
2021-08-12 17:09:05.625,17181,17182,17181,1,-1
2021-08-12 17:09:06.816,17181,17182,17181,1,-1
2021-08-12 17:09:07.124,17181,17182,17181,3,-3
2021-08-12 17:09:53.289,17180,17181,17180,1,-1
2021-08-12 17:10:52.344,17180,17181,17180,2,-2
2021-08-12 17:10:55.381,17180,17181,17180,1,-1
2021-08-12 17:10:55.381,17180,17181,17180,6,-6
2021-08-12 17:11:01.426,17179,17181,17179,1,-1
2021-08-12 17:11:18.489,17180,17181,17180,1,1
2021-08-12 17:11:27.781,17180,17181,17181,1,1
2021-08-12 17:11:27.781,17180,17181,17181,1,1
2021-08-12 17:11:27.781,17180,17181,17181,2,2
2021-08-12 17:11:27.781,17180,17181,17181,1,1
2021-08-12 17:11:27.781,17180,17181,17181,1,1
2021-08-12 17:11:43.344,17181,17182,17181,1,-1
2021-08-12 17:12:06.335,17181,17182,17181,4,-4
2021-08-12 17:12:08.128,17179,17182,17182,2,2
2021-08-12 17:13:16.880,17180,17181,17180,4,-4
2021-08-12 17:13:16.880,17180,17181,17179,2,-2
2021-08-12 17:13:30.205,17180,17182,17180,1,1
2021-08-12 17:15:18.375,17180,17182,17182,1,1
2021-08-12 17:16:02.693,17181,17182,17182,3,3
2021-08-12 17:17:15.156,17182,17183,17182,1,-1
2021-08-12 17:17:26.319,17181,17182,17181,1,-1
2021-08-12 17:18:42.919,17181,17182,17182,1,1
2021-08-12 17:18:43.211,17181,17182,17182,1,1
2021-08-12 17:18:43.258,17181,17182,17182,1,1
2021-08-12 17:18:43.261,17181,17182,17182,1,1
2021-08-12 17:18:43.262,17181,17182,17183,1,1
2021-08-12 17:18:43.292,17181,17182,17183,1,1
2021-08-12 17:18:43.374,17181,17183,17183,1,1
2021-08-12 17:18:58.672,17181,17182,17182,2,2
2021-08-12 17:19:20.345,17181,17182,17182,1,1
2021-08-12 17:19:39.229,17182,17183,17182,2,-2
2021-08-12 17:19:47.740,17182,17183,17182,1,-1
2021-08-12 17:19:51.125,17182,17183,17183,1,1
2021-08-12 17:19:53.031,17182,17183,17183,1,1
2021-08-12 17:19:53.031,17182,17183,17183,6,6
2021-08-12 17:19:53.031,17182,17183,17183,8,8
2021-08-12 17:19:53.068,17183,17184,17184,6,6
2021-08-12 17:20:30.021,17183,17184,17184,1,1
2021-08-12 17:20:43.642,17184,17185,17184,1,-1
2021-08-12 17:20:49.429,17184,17185,17185,13,13
2021-08-12 17:20:49.443,17185,17186,17186,8,8
2021-08-12 17:20:49.443,17185,17186,17186,1,1
2021-08-12 17:21:00.146,17185,17186,17186,2,2
2021-08-12 17:21:09.827,17186,17187,17187,2,2
2021-08-12 17:21:20.118,17186,17187,17187,3,3
2021-08-12 17:21:22.305,17186,17188,17187,1,-1
2021-08-12 17:21:31.726,17187,17188,17187,1,-1
2021-08-12 17:21:33.379,17187,17188,17187,1,-1
2021-08-12 17:21:38.394,17187,17188,17187,2,-2
2021-08-12 17:21:39.791,17186,17188,17186,1,-1
2021-08-12 17:21:41.295,17186,17187,17186,1,-1
2021-08-12 17:22:00.314,17184,17186,17186,1,1
2021-08-12 17:22:38.102,17184,17185,17185,1,1
2021-08-12 17:22:39.762,17184,17186,17186,1,1
2021-08-12 17:23:27.053,17185,17186,17186,1,1
2021-08-12 17:23:40.736,17185,17186,17186,3,3
2021-08-12 17:23:46.457,17185,17186,17186,1,1
2021-08-12 17:24:00.258,17185,17186,17186,1,1
2021-08-12 17:24:00.754,17185,17187,17185,1,-1
2021-08-12 17:24:01.482,17185,17187,17185,1,-1
2021-08-12 17:24:38.688,17185,17186,17185,1,-1
2021-08-12 17:25:01.012,17184,17185,17184,10,-10
2021-08-12 17:25:01.633,17184,17185,17185,1,1
2021-08-12 17:25:13.560,17185,17186,17185,1,-1
2021-08-12 17:25:13.560,17185,17186,17184,2,-2
2021-08-12 17:25:39.257,17185,17186,17185,1,1
2021-08-12 17:26:13.672,17184,17186,17185,1,-1
2021-08-12 17:26:23.646,17184,17185,17185,1,1
2021-08-12 17:26:33.231,17185,17186,17185,1,-1
2021-08-12 17:26:36.740,17185,17186,17185,1,-1
2021-08-12 17:26:41.492,17185,17186,17185,1,-1
2021-08-12 17:27:26.838,17184,17185,17185,2,2
2021-08-12 17:27:26.946,17184,17185,17185,1,1
2021-08-12 17:27:34.343,17184,17185,17185,2,2
2021-08-12 17:27:34.444,17184,17185,17185,1,1
2021-08-12 17:28:13.163,17185,17186,17185,2,-2
2021-08-12 17:28:29.429,17184,17185,17185,2,2
2021-08-12 17:28:29.444,17184,17186,17186,1,1
2021-08-12 17:28:29.616,17184,17186,17184,1,-1
2021-08-12 17:29:28.867,17184,17185,17185,2,2
2021-08-12 17:29:28.867,17184,17185,17186,1,1
2021-08-12 17:29:28.946,17184,17186,17186,1,1
2021-08-12 17:29:28.949,17184,17186,17186,1,1
2021-08-12 17:29:29.005,17184,17186,17184,1,-1
2021-08-12 17:29:37.809,17184,17186,17186,1,1
2021-08-12 17:29:39.994,17184,17186,17186,3,3
2021-08-12 17:30:07.421,17184,17185,17184,6,-6
2021-08-12 17:30:08.146,17183,17185,17185,4,4
2021-08-12 17:30:08.237,17183,17185,17185,4,4
2021-08-12 17:30:08.248,17183,17185,17186,3,3
2021-08-12 17:30:08.340,17183,17186,17186,3,3
2021-08-12 17:30:08.831,17184,17186,17184,1,-1
2021-08-12 17:30:51.041,17184,17185,17185,1,1
2021-08-12 17:32:01.365,17184,17185,17184,1,-1
2021-08-12 17:32:01.445,17183,17185,17183,1,-1
2021-08-12 17:32:01.446,17183,17185,17183,1,-1
2021-08-12 17:32:25.102,17183,17185,17183,1,-1
2021-08-12 17:33:04.836,17183,17184,17184,3,3
2021-08-12 17:33:04.836,17183,17184,17185,2,2
2021-08-12 17:33:32.907,17183,17185,17185,1,1
2021-08-12 17:33:42.316,17184,17185,17185,5,5
2021-08-12 17:33:48.037,17184,17185,17185,1,1
2021-08-12 17:34:42.796,17184,17185,17185,1,1
2021-08-12 17:34:59.843,17184,17185,17184,1,-1
2021-08-12 17:35:03.150,17183,17185,17183,1,-1
2021-08-12 17:35:19.875,17183,17185,17183,1,-1
2021-08-12 17:35:50.732,17183,17184,17184,1,1
2021-08-12 17:36:05.216,17183,17184,17183,3,-3
2021-08-12 17:36:29.649,17183,17184,17183,1,-1
2021-08-12 17:36:52.159,17183,17184,17184,1,1
2021-08-12 17:37:04.135,17183,17184,17184,4,4
2021-08-12 17:37:30.480,17183,17184,17184,1,1
2021-08-12 17:37:30.481,17183,17184,17184,1,1
2021-08-12 17:37:46.373,17184,17185,17185,1,1
2021-08-12 17:38:04.098,17184,17185,17184,1,-1
2021-08-12 17:38:35.483,17184,17185,17185,2,2
2021-08-12 17:38:38.481,17184,17185,17184,1,-1
2021-08-12 17:39:56.239,17184,17185,17185,1,1
2021-08-12 17:40:38.629,17184,17185,17184,2,-2
2021-08-12 17:40:38.629,17184,17185,17184,1,-1
2021-08-12 17:41:07.432,17183,17184,17184,1,1
2021-08-12 17:41:28.263,17183,17184,17183,4,-4
2021-08-12 17:41:35.959,17183,17184,17183,1,-1
2021-08-12 17:41:45.638,17182,17183,17183,1,1
2021-08-12 17:42:12.697,17182,17184,17182,4,-4
2021-08-12 17:42:21.435,17181,17183,17181,5,-5
2021-08-12 17:42:27.264,17181,17183,17181,2,-2
2021-08-12 17:42:45.853,17181,17182,17181,1,-1
2021-08-12 17:42:54.265,17181,17182,17181,1,-1
2021-08-12 17:43:15.597,17181,17182,17181,1,-1
2021-08-12 17:43:22.893,17181,17182,17181,1,-1
2021-08-12 17:43:25.966,17181,17182,17181,1,-1
2021-08-12 17:43:26.458,17180,17182,17180,2,-2
2021-08-12 17:43:40.215,17180,17181,17180,1,-1
2021-08-12 17:44:00.359,17180,17181,17181,1,1
2021-08-12 17:44:00.359,17180,17181,17182,1,1
2021-08-12 17:44:27.335,17180,17181,17181,1,1
2021-08-12 17:44:31.718,17180,17181,17180,1,-1
2021-08-12 17:44:38.756,17180,17181,17180,2,-2
2021-08-12 17:44:44.008,17180,17181,17180,1,-1
2021-08-12 17:44:50.900,17180,17181,17180,1,-1
2021-08-12 17:44:54.490,17180,17181,17180,1,-1
2021-08-12 17:45:03.714,17180,17181,17180,1,-1
2021-08-12 17:45:08.443,17180,17181,17180,1,-1
2021-08-12 17:45:10.314,17180,17181,17180,1,-1
2021-08-12 17:45:12.509,17180,17181,17180,2,-2
2021-08-12 17:45:13.007,17180,17181,17180,1,-1
2021-08-12 17:45:21.610,17180,17181,17180,1,-1
2021-08-12 17:45:26.284,17180,17181,17180,1,-1
2021-08-12 17:45:32.825,17180,17181,17180,1,-1
2021-08-12 17:45:33.183,17180,17181,17180,3,-3
2021-08-12 17:45:33.586,17179,17180,17180,1,1
2021-08-12 17:45:38.084,17179,17180,17180,1,1
2021-08-12 17:45:41.610,17179,17180,17180,1,1
2021-08-12 17:46:02.772,17179,17180,17180,1,1
2021-08-12 17:46:08.975,17179,17180,17179,1,-1
2021-08-12 17:46:12.280,17179,17180,17179,1,-1
2021-08-12 17:46:12.520,17179,17180,17180,2,2
2021-08-12 17:46:12.665,17179,17180,17180,2,2
2021-08-12 17:46:13.535,17179,17180,17180,2,2
2021-08-12 17:46:13.879,17179,17180,17180,2,2
2021-08-12 17:46:13.879,17179,17180,17180,6,6
2021-08-12 17:46:20.270,17179,17181,17180,1,-1
2021-08-12 17:46:31.598,17179,17180,17180,1,1
2021-08-12 17:46:42.073,17180,17181,17181,1,1
2021-08-12 17:46:42.073,17180,17181,17181,2,2
2021-08-12 17:47:03.473,17181,17182,17182,1,1
2021-08-12 17:47:27.013,17181,17182,17182,1,1
2021-08-12 17:47:30.066,17181,17182,17181,1,-1
2021-08-12 17:47:35.165,17181,17182,17181,1,-1
2021-08-12 17:47:54.514,17180,17181,17180,1,-1
2021-08-12 17:48:34.840,17180,17181,17180,1,-1
2021-08-12 17:48:35.103,17180,17181,17180,3,-3
2021-08-12 17:48:51.329,17180,17181,17180,3,-3
2021-08-12 17:48:54.587,17180,17181,17180,1,-1
2021-08-12 17:49:21.645,17179,17180,17180,2,2
2021-08-12 17:49:34.628,17179,17180,17179,2,-2
2021-08-12 17:49:54.099,17179,17180,17179,1,-1
2021-08-12 17:50:50.106,17179,17180,17180,6,6
2021-08-12 17:51:00.830,17179,17180,17180,2,2
2021-08-12 17:51:21.864,17179,17180,17180,1,1
2021-08-12 17:51:22.345,17179,17180,17180,1,1
2021-08-12 17:51:29.670,17179,17180,17179,1,-1
2021-08-12 17:51:36.489,17179,17180,17180,2,2
2021-08-12 17:51:39.545,17179,17180,17180,3,3
2021-08-12 17:52:25.430,17180,17182,17180,2,-2
2021-08-12 17:52:42.452,17181,17182,17182,1,1
2021-08-12 17:52:56.854,17181,17182,17182,1,1
2021-08-12 17:53:00.273,17181,17182,17181,2,-2
2021-08-12 17:53:00.438,17180,17182,17180,2,-2
2021-08-12 17:53:15.213,17180,17181,17180,1,-1
2021-08-12 17:53:28.004,17180,17181,17180,4,-4
2021-08-12 17:54:08.905,17180,17181,17180,1,-1
2021-08-12 17:54:09.948,17180,17181,17181,1,1
2021-08-12 17:54:40.606,17180,17181,17180,1,-1
2021-08-12 17:54:41.563,17180,17181,17181,7,7
2021-08-12 17:54:41.568,17180,17181,17181,18,18
2021-08-12 17:55:06.759,17180,17182,17180,1,-1
2021-08-12 17:55:17.096,17181,17182,17182,2,2
2021-08-12 17:56:11.441,17181,17182,17182,1,1
2021-08-12 17:56:13.897,17182,17183,17183,2,2
2021-08-12 17:56:42.585,17183,17184,17183,6,-6
2021-08-12 17:56:54.066,17183,17184,17183,4,-4
2021-08-12 17:57:14.452,17182,17183,17182,1,-1
2021-08-12 17:57:39.145,17182,17183,17183,1,1
2021-08-12 17:58:03.963,17182,17183,17182,1,-1
2021-08-12 17:58:15.156,17182,17183,17182,5,-5
2021-08-12 17:58:54.501,17181,17182,17182,3,3
2021-08-12 17:59:42.345,17182,17183,17183,2,2
2021-08-12 17:59:42.351,17182,17183,17183,18,18
2021-08-12 17:59:42.354,17182,17183,17184,1,1
2021-08-12 17:59:42.456,17183,17184,17183,1,-1
2021-08-12 17:59:42.456,17183,17184,17184,1,1
2021-08-12 17:59:47.726,17183,17185,17183,1,-1
2021-08-12 17:59:51.956,17183,17185,17185,1,1
2021-08-12 17:59:52.082,17183,17185,17185,1,1
2021-08-12 17:59:53.859,17184,17185,17185,1,1
2021-08-12 18:00:18.800,17184,17185,17184,1,-1
2021-08-12 18:00:19.405,17183,17185,17185,2,2
2021-08-12 18:00:28.076,17183,17184,17184,1,1
2021-08-12 18:00:28.983,17183,17185,17185,1,1
2021-08-12 18:00:30.446,17183,17185,17183,1,-1
2021-08-12 18:00:32.519,17183,17185,17185,1,1
2021-08-12 18:00:33.601,17183,17185,17185,1,1
2021-08-12 18:00:47.584,17184,17185,17184,1,-1
2021-08-12 18:00:48.056,17184,17185,17185,1,1
2021-08-12 18:00:53.951,17184,17186,17184,1,-1
2021-08-12 18:01:23.999,17184,17186,17184,1,-1
2021-08-12 18:01:48.277,17184,17185,17184,1,-1
2021-08-12 18:01:48.277,17184,17185,17184,2,-2
2021-08-12 18:01:48.277,17184,17185,17184,2,-2
2021-08-12 18:01:48.277,17184,17185,17184,7,-7
2021-08-12 18:01:48.320,17183,17185,17183,1,-1
2021-08-12 18:01:48.320,17183,17185,17183,1,-1
2021-08-12 18:01:48.320,17183,17185,17183,1,-1
2021-08-12 18:01:48.320,17183,17185,17183,1,-1
2021-08-12 18:01:48.323,17183,17185,17183,1,-1
2021-08-12 18:02:06.682,17183,17184,17183,3,-3
2021-08-12 18:02:06.695,17182,17183,17182,1,-1
2021-08-12 18:02:06.695,17182,17183,17182,1,-1
2021-08-12 18:02:06.695,17182,17183,17182,1,-1
2021-08-12 18:02:06.695,17182,17183,17182,1,-1
2021-08-12 18:02:06.696,17182,17183,17182,1,-1
2021-08-12 18:02:06.696,17182,17183,17181,1,-1
2021-08-12 18:02:06.696,17182,17183,17181,1,-1
2021-08-12 18:02:06.696,17182,17183,17181,1,-1
2021-08-12 18:02:06.696,17182,17183,17181,1,-1
2021-08-12 18:02:06.696,17182,17183,17181,1,-1
2021-08-12 18:02:25.747,17181,17182,17181,1,-1
2021-08-12 18:03:11.858,17181,17182,17181,1,-1
2021-08-12 18:04:40.563,17181,17182,17181,1,-1
2021-08-12 18:04:51.415,17181,17182,17181,1,-1
2021-08-12 18:04:51.445,17181,17182,17181,1,-1
2021-08-12 18:04:51.445,17181,17182,17181,1,-1
2021-08-12 18:04:57.948,17181,17182,17181,1,-1
2021-08-12 18:05:31.880,17181,17182,17181,2,-2
2021-08-12 18:05:31.880,17181,17182,17181,1,-1
2021-08-12 18:05:31.880,17181,17182,17181,3,-3
2021-08-12 18:05:31.880,17181,17182,17181,1,-1
2021-08-12 18:05:57.793,17180,17181,17181,5,5
2021-08-12 18:05:58.883,17180,17182,17180,1,-1
2021-08-12 18:06:20.192,17180,17181,17180,10,-10
2021-08-12 18:06:20.193,17180,17181,17180,2,-2
2021-08-12 18:06:49.317,17180,17181,17180,1,-1
2021-08-12 18:06:49.506,17179,17180,17179,3,-3
2021-08-12 18:07:08.436,17179,17180,17180,2,2
2021-08-12 18:07:45.133,17180,17181,17180,7,-7
2021-08-12 18:07:48.716,17180,17181,17180,1,-1
2021-08-12 18:07:56.287,17180,17181,17180,1,-1
2021-08-12 18:07:57.058,17180,17181,17180,1,-1
2021-08-12 18:09:00.951,17180,17181,17180,1,-1
2021-08-12 18:09:05.926,17180,17181,17180,1,-1
2021-08-12 18:09:12.932,17179,17180,17180,1,1
2021-08-12 18:09:27.916,17179,17180,17180,2,2
2021-08-12 18:09:37.698,17179,17180,17179,1,-1
2021-08-12 18:09:58.984,17179,17180,17180,2,2
2021-08-12 18:10:02.968,17179,17180,17180,5,5
2021-08-12 18:11:43.779,17180,17181,17181,1,1
2021-08-12 18:11:43.779,17180,17181,17181,2,2
2021-08-12 18:11:43.899,17180,17182,17180,3,-3
2021-08-12 18:11:44.201,17180,17182,17180,1,-1
2021-08-12 18:12:07.600,17181,17182,17182,2,2
2021-08-12 18:12:07.601,17181,17182,17182,2,2
2021-08-12 18:12:25.283,17181,17182,17181,3,-3
2021-08-12 18:12:31.553,17181,17182,17181,1,-1
2021-08-12 18:13:27.656,17181,17182,17181,1,-1
2021-08-12 18:13:30.690,17181,17182,17182,2,2
2021-08-12 18:13:38.051,17182,17183,17182,1,-1
2021-08-12 18:13:38.247,17182,17183,17183,3,3
2021-08-12 18:13:45.572,17182,17184,17183,1,-1
2021-08-12 18:13:54.969,17182,17183,17183,1,1
2021-08-12 18:13:57.484,17182,17183,17183,1,1
2021-08-12 18:14:07.469,17182,17183,17183,3,3
2021-08-12 18:14:07.469,17182,17183,17184,2,2
2021-08-12 18:14:16.715,17182,17184,17184,2,2
2021-08-12 18:16:25.451,17182,17183,17183,1,1
