2021-09-06 15:00:00.009,17514,17515,17515,124,124
2021-09-06 15:00:00.019,17515,17516,17516,3,3
2021-09-06 15:00:00.027,17515,17516,17516,1,1
2021-09-06 15:00:00.107,17515,17517,17515,1,-1
2021-09-06 15:00:00.141,17515,17517,17515,1,-1
2021-09-06 15:00:00.152,17515,17516,17516,1,1
2021-09-06 15:00:00.152,17515,17516,17517,2,2
2021-09-06 15:00:00.239,17515,17516,17517,3,3
2021-09-06 15:00:00.288,17515,17517,17517,1,1
2021-09-06 15:00:00.303,17515,17517,17517,1,1
2021-09-06 15:00:00.373,17515,17517,17517,1,1
2021-09-06 15:00:00.378,17515,17517,17518,1,1
2021-09-06 15:00:00.400,17515,17517,17518,1,1
2021-09-06 15:00:00.401,17515,17517,17518,1,1
2021-09-06 15:00:00.405,17516,17518,17518,1,1
2021-09-06 15:00:00.405,17516,17518,17518,1,1
2021-09-06 15:00:00.406,17516,17518,17518,1,1
2021-09-06 15:00:00.407,17516,17518,17518,1,1
2021-09-06 15:00:00.411,17516,17518,17516,4,-4
2021-09-06 15:00:00.432,17516,17518,17515,2,-2
2021-09-06 15:00:00.434,17516,17518,17517,1,1
2021-09-06 15:00:00.435,17516,17518,17517,1,-1
2021-09-06 15:00:00.461,17516,17518,17517,1,-1
2021-09-06 15:00:00.483,17516,17518,17518,1,1
2021-09-06 15:00:00.487,17516,17518,17516,1,-1
2021-09-06 15:00:00.495,17516,17518,17518,1,1
2021-09-06 15:00:00.496,17516,17518,17518,1,1
2021-09-06 15:00:00.518,17516,17518,17516,1,-1
2021-09-06 15:00:00.521,17516,17518,17517,2,2
2021-09-06 15:00:00.522,17516,17518,17517,2,-2
2021-09-06 15:00:00.522,17516,17518,17518,1,1
2021-09-06 15:00:00.523,17516,17518,17515,1,-1
2021-09-06 15:00:00.527,17515,17516,17515,1,-1
2021-09-06 15:00:00.531,17515,17516,17516,1,1
2021-09-06 15:00:00.542,17515,17516,17517,1,1
2021-09-06 15:00:00.553,17515,17516,17517,1,1
2021-09-06 15:00:00.591,17515,17516,17517,1,1
2021-09-06 15:00:00.593,17515,17516,17516,2,2
2021-09-06 15:00:00.604,17515,17516,17516,1,1
2021-09-06 15:00:00.619,17515,17516,17517,1,1
2021-09-06 15:00:00.649,17515,17516,17516,1,1
2021-09-06 15:00:00.655,17514,17517,17517,1,1
2021-09-06 15:00:00.655,17514,17517,17518,1,1
2021-09-06 15:00:00.669,17514,17517,17518,1,1
2021-09-06 15:00:00.790,17514,17518,17518,3,3
2021-09-06 15:00:00.790,17514,17518,17519,1,1
2021-09-06 15:00:00.833,17514,17518,17516,1,-1
2021-09-06 15:00:00.924,17514,17518,17516,1,-1
2021-09-06 15:00:00.924,17514,17518,17517,2,2
2021-09-06 15:00:00.956,17514,17518,17515,1,-1
2021-09-06 15:00:00.966,17514,17518,17517,3,3
2021-09-06 15:00:00.966,17514,17518,17518,3,3
2021-09-06 15:00:00.966,17514,17518,17519,11,11
2021-09-06 15:00:00.966,17514,17518,17520,1,1
2021-09-06 15:00:01.027,17515,17516,17516,1,1
2021-09-06 15:00:01.031,17515,17516,17516,4,4
2021-09-06 15:00:01.034,17515,17516,17516,1,1
2021-09-06 15:00:01.323,17515,17517,17517,1,1
2021-09-06 15:00:01.354,17515,17517,17515,1,-1
2021-09-06 15:00:01.368,17515,17517,17514,3,-3
2021-09-06 15:00:01.523,17514,17517,17517,2,2
2021-09-06 15:00:01.578,17514,17518,17518,3,3
2021-09-06 15:00:01.578,17514,17518,17519,1,1
2021-09-06 15:00:01.610,17514,17518,17515,1,-1
2021-09-06 15:00:01.900,17514,17516,17516,1,1
2021-09-06 15:00:02.113,17514,17516,17514,1,-1
2021-09-06 15:00:02.156,17513,17515,17513,4,-4
2021-09-06 15:00:02.254,17513,17515,17514,1,1
2021-09-06 15:00:02.256,17513,17515,17514,1,-1
2021-09-06 15:00:02.256,17513,17515,17515,2,2
2021-09-06 15:00:02.364,17513,17516,17513,1,-1
2021-09-06 15:00:02.369,17513,17516,17513,1,-1
2021-09-06 15:00:02.418,17512,17515,17515,1,1
2021-09-06 15:00:02.430,17512,17515,17516,1,1
2021-09-06 15:00:02.476,17512,17515,17515,1,1
2021-09-06 15:00:02.476,17512,17515,17516,3,3
2021-09-06 15:00:02.500,17512,17515,17516,1,1
2021-09-06 15:00:02.500,17512,17515,17516,2,2
2021-09-06 15:00:02.540,17514,17517,17517,1,1
2021-09-06 15:00:02.588,17514,17517,17514,2,-2
2021-09-06 15:00:02.688,17513,17516,17513,1,-1
2021-09-06 15:00:03.156,17513,17516,17513,1,-1
2021-09-06 15:00:03.520,17513,17516,17513,2,-2
2021-09-06 15:00:03.589,17512,17515,17512,4,-4
2021-09-06 15:00:03.589,17512,17515,17511,13,-13
2021-09-06 15:00:03.589,17512,17515,17510,11,-11
2021-09-06 15:00:03.590,17512,17515,17510,4,-4
2021-09-06 15:00:03.712,17510,17512,17510,2,-2
2021-09-06 15:00:03.850,17510,17513,17513,2,2
2021-09-06 15:00:03.850,17510,17513,17514,2,2
2021-09-06 15:00:03.850,17510,17513,17515,2,2
2021-09-06 15:00:04.267,17512,17515,17515,1,1
2021-09-06 15:00:04.320,17512,17515,17515,3,3
2021-09-06 15:00:04.351,17512,17515,17516,2,2
2021-09-06 15:00:04.401,17512,17515,17514,1,-1
2021-09-06 15:00:04.703,17513,17515,17513,1,-1
2021-09-06 15:00:04.704,17513,17515,17513,2,-2
2021-09-06 15:00:04.878,17512,17515,17515,4,4
2021-09-06 15:00:04.878,17512,17515,17516,1,1
2021-09-06 15:00:04.939,17513,17516,17513,2,-2
2021-09-06 15:00:06.521,17511,17513,17513,1,1
2021-09-06 15:00:06.658,17511,17513,17513,1,1
2021-09-06 15:00:07.332,17511,17514,17511,1,-1
2021-09-06 15:00:07.650,17511,17514,17511,1,-1
2021-09-06 15:00:07.926,17510,17512,17512,1,1
2021-09-06 15:00:07.926,17510,17512,17513,2,2
2021-09-06 15:00:07.926,17510,17512,17514,3,3
2021-09-06 15:00:07.927,17510,17512,17514,1,1
2021-09-06 15:00:09.425,17513,17515,17513,1,-1
2021-09-06 15:00:09.527,17511,17514,17511,1,-1
2021-09-06 15:00:09.651,17511,17514,17511,1,-1
2021-09-06 15:00:09.776,17511,17513,17511,1,-1
2021-09-06 15:00:10.144,17510,17513,17514,3,3
2021-09-06 15:00:10.144,17510,17513,17514,2,2
2021-09-06 15:00:10.570,17511,17514,17514,3,3
2021-09-06 15:00:10.570,17511,17514,17515,1,1
2021-09-06 15:00:10.570,17511,17514,17514,1,1
2021-09-06 15:00:11.229,17512,17513,17513,1,1
2021-09-06 15:00:11.435,17513,17515,17513,1,-1
2021-09-06 15:00:12.152,17513,17514,17514,1,1
2021-09-06 15:00:12.833,17513,17515,17513,1,-1
2021-09-06 15:00:12.964,17513,17515,17514,1,1
2021-09-06 15:00:13.027,17513,17515,17513,1,-1
2021-09-06 15:00:13.120,17513,17515,17514,1,1
2021-09-06 15:00:13.151,17512,17514,17512,1,-1
2021-09-06 15:00:13.276,17512,17514,17512,1,-1
2021-09-06 15:00:13.401,17512,17514,17512,1,-1
2021-09-06 15:00:13.526,17511,17513,17511,1,-1
2021-09-06 15:00:13.551,17511,17513,17513,3,3
2021-09-06 15:00:13.652,17511,17514,17511,1,-1
2021-09-06 15:00:13.776,17511,17514,17511,1,-1
2021-09-06 15:00:13.901,17511,17514,17511,1,-1
2021-09-06 15:00:14.048,17510,17513,17513,1,1
2021-09-06 15:00:14.152,17512,17513,17512,1,-1
2021-09-06 15:00:14.312,17511,17513,17513,1,1
2021-09-06 15:00:14.312,17511,17513,17514,3,3
2021-09-06 15:00:15.262,17510,17513,17513,1,1
2021-09-06 15:00:15.490,17511,17513,17513,1,1
2021-09-06 15:00:15.561,17511,17514,17514,1,1
2021-09-06 15:00:15.687,17511,17514,17514,5,5
2021-09-06 15:00:15.857,17514,17515,17514,1,-1
2021-09-06 15:00:15.864,17514,17515,17514,2,-2
2021-09-06 15:00:15.865,17514,17515,17514,2,-2
2021-09-06 15:00:17.755,17511,17512,17511,2,-2
2021-09-06 15:00:17.985,17510,17512,17512,1,1
2021-09-06 15:00:18.310,17510,17512,17510,1,-1
2021-09-06 15:00:18.489,17510,17512,17512,1,1
2021-09-06 15:00:18.489,17510,17512,17512,2,2
2021-09-06 15:00:19.525,17510,17512,17512,1,1
2021-09-06 15:00:19.670,17511,17513,17511,1,-1
2021-09-06 15:00:19.853,17510,17511,17510,4,-4
2021-09-06 15:00:19.853,17510,17511,17509,3,-3
2021-09-06 15:00:19.854,17510,17511,17509,1,-1
2021-09-06 15:00:19.902,17508,17509,17509,3,3
2021-09-06 15:00:19.903,17508,17509,17509,3,3
2021-09-06 15:00:20.301,17508,17509,17508,13,-13
2021-09-06 15:00:20.665,17507,17508,17508,1,1
2021-09-06 15:00:21.136,17507,17509,17509,1,1
2021-09-06 15:00:21.163,17507,17509,17509,3,3
2021-09-06 15:00:21.169,17507,17509,17507,2,-2
2021-09-06 15:00:21.641,17507,17509,17509,1,1
2021-09-06 15:00:21.669,17507,17509,17507,1,-1
2021-09-06 15:00:22.601,17507,17508,17508,1,1
2021-09-06 15:00:22.975,17507,17508,17508,1,1
2021-09-06 15:00:23.272,17507,17508,17507,1,-1
2021-09-06 15:00:23.387,17506,17508,17506,2,-2
2021-09-06 15:00:23.525,17506,17508,17506,2,-2
2021-09-06 15:00:25.357,17507,17509,17507,1,1
2021-09-06 15:00:27.073,17508,17509,17509,1,1
2021-09-06 15:00:27.154,17508,17509,17508,1,-1
2021-09-06 15:00:27.154,17508,17509,17507,8,-8
2021-09-06 15:00:27.154,17508,17509,17506,6,-6
2021-09-06 15:00:27.602,17506,17509,17509,1,1
2021-09-06 15:00:28.531,17507,17509,17509,1,1
2021-09-06 15:00:30.722,17508,17509,17508,7,-7
2021-09-06 15:00:30.722,17508,17509,17507,8,-8
2021-09-06 15:00:31.652,17507,17509,17509,1,1
2021-09-06 15:00:32.832,17508,17509,17508,3,-3
2021-09-06 15:00:33.062,17507,17509,17509,7,7
2021-09-06 15:00:34.300,17508,17510,17508,2,-2
2021-09-06 15:00:37.052,17507,17509,17509,1,1
2021-09-06 15:00:37.203,17507,17509,17507,7,-7
2021-09-06 15:00:37.203,17507,17509,17507,1,-1
2021-09-06 15:00:37.203,17507,17509,17507,3,-3
2021-09-06 15:00:37.203,17507,17509,17507,4,-4
2021-09-06 15:00:38.022,17508,17509,17509,2,2
2021-09-06 15:00:39.129,17508,17509,17508,1,-1
2021-09-06 15:00:39.471,17508,17509,17509,1,1
2021-09-06 15:00:40.017,17508,17510,17509,1,-1
2021-09-06 15:00:41.196,17508,17510,17508,1,-1
2021-09-06 15:00:42.577,17508,17509,17508,3,-3
2021-09-06 15:00:43.050,17508,17509,17508,2,-2
2021-09-06 15:00:43.050,17508,17509,17507,12,-12
2021-09-06 15:00:43.050,17508,17509,17507,1,-1
2021-09-06 15:00:43.942,17507,17509,17508,1,1
2021-09-06 15:00:44.368,17507,17509,17509,8,8
2021-09-06 15:00:44.369,17507,17509,17509,1,1
2021-09-06 15:00:44.369,17507,17509,17509,1,1
2021-09-06 15:00:46.190,17508,17509,17509,1,1
2021-09-06 15:00:46.966,17508,17509,17509,1,1
2021-09-06 15:00:47.350,17508,17509,17508,1,-1
2021-09-06 15:00:47.771,17508,17509,17508,1,-1
2021-09-06 15:00:49.226,17508,17509,17508,2,-2
2021-09-06 15:00:49.226,17508,17509,17507,10,-10
2021-09-06 15:00:49.227,17508,17509,17507,3,-3
2021-09-06 15:00:49.599,17506,17508,17508,1,1
2021-09-06 15:00:51.426,17506,17508,17508,1,1
2021-09-06 15:00:51.750,17508,17509,17508,1,-1
2021-09-06 15:00:53.057,17507,17509,17507,2,-2
2021-09-06 15:00:53.057,17507,17509,17506,13,-13
2021-09-06 15:00:53.667,17506,17507,17507,1,1
2021-09-06 15:00:53.886,17506,17507,17507,1,1
2021-09-06 15:00:55.504,17507,17508,17508,1,1
2021-09-06 15:00:56.286,17508,17509,17508,1,-1
2021-09-06 15:00:57.357,17507,17509,17508,3,-3
2021-09-06 15:00:57.357,17507,17509,17507,6,-6
2021-09-06 15:00:57.357,17507,17509,17506,14,-14
2021-09-06 15:00:57.357,17507,17509,17505,27,-27
2021-09-06 15:00:57.532,17505,17508,17505,2,-2
2021-09-06 15:00:58.987,17506,17508,17508,2,2
2021-09-06 15:00:59.142,17506,17508,17508,1,1
2021-09-06 15:00:59.889,17506,17507,17507,1,1
2021-09-06 15:01:00.653,17506,17507,17506,2,-2
2021-09-06 15:01:00.980,17505,17506,17505,1,-1
2021-09-06 15:01:01.369,17505,17506,17506,7,7
2021-09-06 15:01:01.404,17505,17506,17506,1,1
2021-09-06 15:01:01.404,17505,17506,17506,1,1
2021-09-06 15:01:01.404,17505,17506,17506,4,4
2021-09-06 15:01:01.934,17506,17507,17506,2,-2
2021-09-06 15:01:02.198,17505,17506,17505,4,-4
2021-09-06 15:01:02.198,17505,17506,17504,1,-1
2021-09-06 15:01:02.214,17505,17506,17504,1,-1
2021-09-06 15:01:03.241,17504,17506,17506,1,1
2021-09-06 15:01:03.427,17504,17506,17506,1,1
2021-09-06 15:01:04.039,17504,17506,17504,5,-5
2021-09-06 15:01:04.253,17503,17505,17505,1,1
2021-09-06 15:01:04.808,17503,17504,17504,1,1
2021-09-06 15:01:05.882,17503,17504,17503,1,-1
2021-09-06 15:01:05.882,17503,17504,17503,1,-1
2021-09-06 15:01:06.129,17503,17504,17503,1,-1
2021-09-06 15:01:06.213,17503,17504,17503,5,-5
2021-09-06 15:01:06.792,17503,17504,17504,1,1
2021-09-06 15:01:07.167,17503,17504,17503,1,-1
2021-09-06 15:01:07.901,17503,17504,17503,5,-5
2021-09-06 15:01:07.901,17503,17504,17503,1,-1
2021-09-06 15:01:07.902,17503,17504,17503,1,-1
2021-09-06 15:01:08.236,17503,17504,17503,1,-1
2021-09-06 15:01:08.485,17503,17504,17503,1,-1
2021-09-06 15:01:08.797,17503,17504,17503,1,-1
2021-09-06 15:01:09.401,17503,17504,17504,13,13
2021-09-06 15:01:09.589,17504,17506,17504,2,-2
2021-09-06 15:01:09.589,17504,17506,17503,3,-3
2021-09-06 15:01:11.704,17504,17505,17504,4,4
2021-09-06 15:01:11.704,17504,17505,17503,1,-1
2021-09-06 15:01:11.842,17503,17505,17503,1,-1
2021-09-06 15:01:11.871,17503,17505,17503,1,-1
2021-09-06 15:01:12.550,17503,17504,17504,1,1
2021-09-06 15:01:13.499,17504,17505,17504,2,-2
2021-09-06 15:01:13.499,17504,17505,17503,3,-3
2021-09-06 15:01:14.190,17503,17505,17503,1,-1
2021-09-06 15:01:15.253,17504,17505,17504,1,1
2021-09-06 15:01:15.253,17504,17505,17503,4,-4
2021-09-06 15:01:16.189,17504,17505,17504,1,1
2021-09-06 15:01:16.262,17504,17505,17504,1,-1
2021-09-06 15:01:17.114,17504,17505,17504,1,-1
2021-09-06 15:01:19.781,17504,17505,17505,4,4
2021-09-06 15:01:21.530,17505,17506,17505,1,-1
2021-09-06 15:01:23.233,17505,17506,17506,2,2
2021-09-06 15:01:23.277,17505,17506,17505,3,-3
2021-09-06 15:01:23.277,17505,17506,17504,8,-8
2021-09-06 15:01:23.277,17505,17506,17503,22,-22
2021-09-06 15:01:23.278,17505,17506,17503,17,-17
2021-09-06 15:01:25.188,17503,17505,17504,1,1
2021-09-06 15:01:27.126,17504,17505,17504,4,-4
2021-09-06 15:01:27.126,17504,17505,17503,4,-4
2021-09-06 15:01:28.217,17504,17505,17505,2,2
2021-09-06 15:01:28.946,17504,17505,17505,2,2
2021-09-06 15:01:29.169,17504,17505,17505,1,1
2021-09-06 15:01:29.815,17505,17506,17505,1,-1
2021-09-06 15:01:31.872,17505,17506,17506,1,1
2021-09-06 15:01:32.569,17505,17506,17506,1,1
2021-09-06 15:01:33.106,17505,17506,17505,3,-3
2021-09-06 15:01:34.862,17505,17506,17506,1,1
2021-09-06 15:01:34.972,17505,17506,17505,1,-1
2021-09-06 15:01:35.137,17505,17506,17505,25,-25
2021-09-06 15:01:35.138,17505,17506,17505,1,-1
2021-09-06 15:01:35.320,17504,17505,17505,1,1
2021-09-06 15:01:35.320,17504,17505,17506,9,9
2021-09-06 15:01:38.147,17505,17506,17505,2,-2
2021-09-06 15:01:39.390,17505,17506,17505,4,-4
2021-09-06 15:01:39.390,17505,17506,17504,6,-6
2021-09-06 15:01:39.391,17505,17506,17504,6,-6
2021-09-06 15:01:39.391,17505,17506,17504,2,-2
2021-09-06 15:01:39.391,17505,17506,17504,1,-1
2021-09-06 15:01:39.391,17505,17506,17504,1,-1
2021-09-06 15:01:40.459,17503,17504,17503,1,-1
2021-09-06 15:01:41.052,17503,17504,17504,1,1
2021-09-06 15:01:42.154,17503,17504,17504,4,4
2021-09-06 15:01:42.307,17504,17506,17506,1,1
2021-09-06 15:01:42.716,17504,17506,17506,10,10
2021-09-06 15:01:47.867,17505,17506,17506,2,2
2021-09-06 15:01:47.867,17505,17506,17507,8,8
2021-09-06 15:01:49.451,17505,17507,17507,2,2
2021-09-06 15:01:49.451,17505,17507,17507,2,2
2021-09-06 15:01:50.327,17506,17507,17506,1,-1
2021-09-06 15:01:50.384,17506,17507,17507,1,1
2021-09-06 15:01:51.076,17506,17508,17508,1,1
2021-09-06 15:01:51.548,17506,17508,17506,2,-2
2021-09-06 15:01:51.918,17506,17508,17508,1,1
2021-09-06 15:01:51.934,17506,17508,17506,4,-4
2021-09-06 15:01:53.910,17507,17508,17508,7,7
2021-09-06 15:01:53.910,17507,17508,17509,3,3
2021-09-06 15:01:55.082,17507,17508,17508,1,1
2021-09-06 15:01:57.141,17508,17509,17508,1,-1
2021-09-06 15:01:57.537,17508,17509,17508,1,-1
2021-09-06 15:02:02.127,17508,17509,17508,1,-1
2021-09-06 15:02:02.136,17508,17509,17508,2,-2
2021-09-06 15:02:02.400,17508,17509,17508,1,-1
2021-09-06 15:02:02.853,17507,17509,17508,1,-1
2021-09-06 15:02:02.853,17507,17509,17509,2,2
2021-09-06 15:02:04.000,17508,17509,17509,1,1
2021-09-06 15:02:04.394,17508,17509,17509,1,1
2021-09-06 15:02:04.599,17508,17509,17508,1,-1
2021-09-06 15:02:05.243,17508,17509,17508,1,-1
2021-09-06 15:02:05.350,17507,17508,17508,1,1
2021-09-06 15:02:06.726,17507,17508,17508,1,1
2021-09-06 15:02:07.039,17507,17508,17507,1,-1
2021-09-06 15:02:07.164,17507,17508,17508,4,4
2021-09-06 15:02:07.164,17507,17508,17509,1,1
2021-09-06 15:02:07.512,17507,17508,17507,1,-1
2021-09-06 15:02:07.863,17507,17508,17508,1,1
2021-09-06 15:02:12.789,17507,17508,17508,1,1
2021-09-06 15:02:12.978,17507,17508,17508,3,3
2021-09-06 15:02:13.562,17508,17509,17508,1,-1
2021-09-06 15:02:14.049,17508,17509,17509,1,1
2021-09-06 15:02:17.575,17508,17509,17509,1,1
2021-09-06 15:02:17.625,17508,17509,17509,1,1
2021-09-06 15:02:19.885,17508,17509,17509,3,3
2021-09-06 15:02:21.841,17508,17509,17508,1,-1
2021-09-06 15:02:22.578,17508,17509,17508,1,-1
2021-09-06 15:02:23.121,17508,17509,17508,2,-2
2021-09-06 15:02:23.944,17508,17509,17509,1,1
2021-09-06 15:02:25.551,17508,17509,17509,8,8
2021-09-06 15:02:33.114,17509,17510,17510,1,1
2021-09-06 15:02:33.115,17509,17510,17510,1,1
2021-09-06 15:02:33.115,17509,17510,17510,19,19
2021-09-06 15:02:33.115,17509,17510,17510,7,7
2021-09-06 15:02:33.115,17509,17510,17510,2,2
2021-09-06 15:02:33.115,17509,17510,17510,1,1
2021-09-06 15:02:33.116,17509,17510,17510,1,1
2021-09-06 15:02:33.116,17509,17510,17510,1,1
2021-09-06 15:02:33.116,17509,17510,17510,1,1
2021-09-06 15:02:33.116,17509,17510,17510,2,2
2021-09-06 15:02:33.116,17509,17510,17510,2,2
2021-09-06 15:02:33.116,17509,17510,17510,1,1
2021-09-06 15:02:33.116,17509,17510,17510,1,1
2021-09-06 15:02:33.117,17509,17510,17510,17,17
2021-09-06 15:02:33.118,17509,17510,17510,1,1
2021-09-06 15:02:33.118,17509,17510,17510,1,1
2021-09-06 15:02:33.325,17510,17511,17511,4,4
2021-09-06 15:02:33.325,17510,17511,17512,9,9
2021-09-06 15:02:34.333,17510,17512,17510,1,-1
2021-09-06 15:02:35.775,17510,17511,17511,1,1
2021-09-06 15:02:36.945,17511,17512,17511,1,-1
2021-09-06 15:02:37.261,17511,17512,17511,1,-1
2021-09-06 15:02:38.107,17510,17512,17512,6,6
2021-09-06 15:02:38.775,17511,17512,17511,1,-1
2021-09-06 15:02:40.070,17510,17511,17511,1,1
2021-09-06 15:02:40.455,17510,17511,17510,1,-1
2021-09-06 15:02:41.505,17510,17511,17511,1,1
2021-09-06 15:02:41.552,17511,17512,17511,1,-1
2021-09-06 15:02:43.960,17511,17512,17512,5,5
2021-09-06 15:02:43.977,17511,17512,17512,2,2
2021-09-06 15:02:44.437,17511,17513,17511,1,-1
2021-09-06 15:02:45.746,17512,17513,17512,1,1
2021-09-06 15:02:45.800,17511,17513,17511,1,-1
2021-09-06 15:02:46.645,17511,17513,17511,1,-1
2021-09-06 15:02:47.367,17511,17513,17513,1,1
2021-09-06 15:02:48.189,17511,17513,17513,3,3
2021-09-06 15:02:49.060,17511,17513,17513,7,7
2021-09-06 15:02:49.060,17511,17513,17514,3,3
2021-09-06 15:02:49.171,17512,17514,17514,1,1
2021-09-06 15:02:50.292,17512,17514,17514,1,1
2021-09-06 15:02:51.961,17512,17514,17512,1,-1
2021-09-06 15:02:52.385,17512,17514,17514,1,1
2021-09-06 15:02:52.385,17512,17514,17515,4,4
2021-09-06 15:02:52.594,17513,17515,17515,11,11
2021-09-06 15:02:52.594,17513,17515,17516,2,2
2021-09-06 15:02:53.929,17515,17516,17515,1,-1
2021-09-06 15:02:56.383,17515,17516,17515,1,-1
2021-09-06 15:02:56.826,17515,17516,17516,2,2
2021-09-06 15:02:57.534,17515,17516,17515,1,-1
2021-09-06 15:02:57.806,17514,17516,17516,1,1
2021-09-06 15:02:57.995,17514,17516,17516,1,1
2021-09-06 15:02:58.152,17514,17516,17516,1,1
2021-09-06 15:02:59.480,17515,17516,17515,1,-1
2021-09-06 15:02:59.480,17515,17516,17514,1,-1
2021-09-06 15:03:00.071,17515,17516,17516,1,1
2021-09-06 15:03:00.072,17515,17516,17516,1,1
2021-09-06 15:03:00.147,17515,17516,17516,2,2
2021-09-06 15:03:01.022,17515,17517,17515,1,-1
2021-09-06 15:03:01.112,17515,17517,17515,1,-1
2021-09-06 15:03:02.066,17515,17516,17515,1,-1
2021-09-06 15:03:02.674,17515,17516,17516,1,1
2021-09-06 15:03:04.163,17515,17516,17516,2,2
2021-09-06 15:03:05.688,17515,17516,17515,1,-1
2021-09-06 15:03:05.743,17515,17516,17516,1,1
2021-09-06 15:03:07.863,17515,17516,17516,3,3
2021-09-06 15:03:08.119,17515,17516,17516,1,1
2021-09-06 15:03:08.119,17515,17516,17517,1,1
2021-09-06 15:03:08.510,17515,17516,17516,1,1
2021-09-06 15:03:08.989,17516,17517,17516,1,-1
2021-09-06 15:03:08.989,17516,17517,17515,21,-21
2021-09-06 15:03:08.989,17516,17517,17514,8,-8
2021-09-06 15:03:09.413,17514,17516,17516,3,3
2021-09-06 15:03:09.983,17514,17517,17516,1,-1
2021-09-06 15:03:12.925,17515,17516,17515,1,-1
2021-09-06 15:03:14.134,17515,17516,17515,1,-1
2021-09-06 15:03:14.145,17515,17516,17515,1,-1
2021-09-06 15:03:15.559,17515,17516,17516,1,1
2021-09-06 15:03:16.846,17515,17516,17516,5,5
2021-09-06 15:03:19.262,17515,17516,17516,1,1
2021-09-06 15:03:19.279,17515,17516,17516,1,1
2021-09-06 15:03:19.279,17515,17516,17516,1,1
2021-09-06 15:03:19.279,17515,17516,17516,1,1
2021-09-06 15:03:19.279,17515,17516,17516,1,1
2021-09-06 15:03:19.279,17515,17516,17516,1,1
2021-09-06 15:03:19.279,17515,17516,17516,1,1
2021-09-06 15:03:19.280,17515,17516,17516,1,1
2021-09-06 15:03:19.280,17515,17516,17516,2,2
2021-09-06 15:03:19.642,17515,17516,17516,1,1
2021-09-06 15:03:23.125,17515,17516,17516,1,1
2021-09-06 15:03:23.616,17515,17517,17515,1,-1
2021-09-06 15:03:26.361,17516,17517,17516,1,1
2021-09-06 15:03:26.865,17516,17517,17517,3,3
2021-09-06 15:03:26.865,17516,17517,17518,2,2
2021-09-06 15:03:29.684,17516,17518,17518,1,1
2021-09-06 15:03:31.768,17516,17518,17518,1,1
2021-09-06 15:03:35.066,17516,17517,17516,1,-1
2021-09-06 15:03:35.185,17516,17517,17516,1,-1
2021-09-06 15:03:39.972,17516,17517,17517,5,5
2021-09-06 15:03:40.356,17516,17518,17516,1,-1
2021-09-06 15:03:41.848,17516,17518,17517,1,1
2021-09-06 15:03:43.137,17516,17517,17517,1,1
2021-09-06 15:03:43.504,17516,17517,17516,1,-1
2021-09-06 15:03:46.703,17516,17517,17517,1,1
2021-09-06 15:03:49.104,17516,17517,17517,1,1
2021-09-06 15:03:49.426,17516,17517,17516,6,-6
2021-09-06 15:03:50.857,17516,17517,17517,5,5
2021-09-06 15:03:52.772,17517,17518,17517,1,-1
2021-09-06 15:03:55.565,17516,17518,17516,1,-1
2021-09-06 15:03:58.087,17516,17517,17516,1,-1
2021-09-06 15:03:59.951,17516,17517,17517,1,1
2021-09-06 15:04:00.209,17516,17517,17517,3,3
2021-09-06 15:04:00.572,17516,17517,17517,1,1
2021-09-06 15:04:00.572,17516,17517,17518,1,1
2021-09-06 15:04:02.888,17516,17517,17516,1,-1
2021-09-06 15:04:03.045,17516,17517,17516,1,-1
2021-09-06 15:04:03.448,17516,17517,17517,1,1
2021-09-06 15:04:06.264,17516,17517,17517,1,1
2021-09-06 15:04:06.425,17516,17517,17516,2,-2
2021-09-06 15:04:07.726,17516,17517,17516,22,-22
2021-09-06 15:04:07.726,17516,17517,17515,22,-22
2021-09-06 15:04:08.456,17514,17515,17515,1,1
2021-09-06 15:04:09.873,17514,17515,17514,1,-1
2021-09-06 15:04:10.159,17514,17515,17514,1,-1
2021-09-06 15:04:11.299,17514,17515,17514,1,-1
2021-09-06 15:04:11.408,17514,17515,17514,2,-2
2021-09-06 15:04:13.366,17514,17515,17514,10,-10
2021-09-06 15:04:13.737,17513,17514,17514,1,1
2021-09-06 15:04:14.288,17513,17514,17514,1,1
2021-09-06 15:04:14.346,17513,17514,17514,1,1
2021-09-06 15:04:14.676,17513,17514,17514,2,2
2021-09-06 15:04:16.590,17514,17515,17515,1,1
2021-09-06 15:04:17.389,17514,17515,17514,1,-1
2021-09-06 15:04:17.403,17514,17515,17515,1,1
2021-09-06 15:04:17.403,17514,17515,17515,1,1
2021-09-06 15:04:17.404,17514,17515,17515,1,1
2021-09-06 15:04:17.404,17514,17515,17515,1,1
2021-09-06 15:04:18.250,17514,17515,17515,1,1
2021-09-06 15:04:22.113,17514,17515,17514,2,-2
2021-09-06 15:04:26.329,17514,17515,17514,1,-1
2021-09-06 15:04:31.503,17514,17515,17515,1,1
2021-09-06 15:04:33.258,17514,17515,17515,1,1
2021-09-06 15:04:34.647,17514,17515,17514,1,-1
2021-09-06 15:04:34.685,17514,17515,17515,1,1
2021-09-06 15:04:35.903,17514,17515,17515,1,1
2021-09-06 15:04:36.623,17514,17515,17515,2,2
2021-09-06 15:04:36.623,17514,17515,17516,3,3
2021-09-06 15:04:40.214,17515,17516,17516,1,1
2021-09-06 15:04:41.630,17515,17516,17516,1,1
2021-09-06 15:04:41.955,17515,17516,17515,1,-1
2021-09-06 15:04:43.367,17515,17516,17516,1,1
2021-09-06 15:04:44.671,17515,17516,17516,1,1
2021-09-06 15:04:45.863,17515,17516,17516,1,1
2021-09-06 15:04:47.096,17515,17516,17516,1,1
2021-09-06 15:04:47.503,17515,17516,17515,1,-1
2021-09-06 15:04:47.503,17515,17516,17515,1,-1
2021-09-06 15:04:47.503,17515,17516,17515,1,-1
2021-09-06 15:04:47.504,17515,17516,17515,1,-1
2021-09-06 15:04:47.504,17515,17516,17515,1,-1
2021-09-06 15:04:47.504,17515,17516,17515,1,-1
2021-09-06 15:04:47.876,17514,17516,17516,1,1
2021-09-06 15:04:48.316,17514,17516,17516,1,1
2021-09-06 15:04:48.843,17514,17516,17515,1,-1
2021-09-06 15:04:49.195,17514,17516,17514,1,-1
2021-09-06 15:04:50.808,17514,17516,17516,2,2
2021-09-06 15:04:55.047,17514,17515,17514,1,-1
2021-09-06 15:05:00.755,17514,17515,17514,4,-4
2021-09-06 15:05:04.494,17513,17514,17514,1,1
2021-09-06 15:05:07.711,17514,17515,17514,1,-1
2021-09-06 15:05:08.267,17513,17515,17515,1,1
2021-09-06 15:05:17.441,17514,17515,17514,1,-1
2021-09-06 15:05:18.540,17514,17515,17515,1,1
2021-09-06 15:05:21.855,17515,17516,17515,1,-1
2021-09-06 15:05:23.420,17515,17516,17516,4,4
2021-09-06 15:05:24.815,17516,17517,17517,1,1
2021-09-06 15:05:29.907,17516,17517,17517,8,8
2021-09-06 15:05:32.651,17517,17518,17518,1,1
2021-09-06 15:05:35.469,17517,17518,17518,2,2
2021-09-06 15:05:36.133,17517,17518,17518,1,1
2021-09-06 15:05:36.153,17517,17518,17518,1,1
2021-09-06 15:05:36.560,17517,17518,17517,1,-1
2021-09-06 15:05:37.033,17517,17518,17518,3,3
2021-09-06 15:05:37.058,17517,17518,17518,1,1
2021-09-06 15:05:37.058,17517,17518,17518,1,1
2021-09-06 15:05:37.058,17517,17518,17519,13,13
2021-09-06 15:05:37.083,17517,17518,17519,3,3
2021-09-06 15:05:37.083,17517,17518,17519,2,2
2021-09-06 15:05:37.083,17517,17518,17519,2,2
2021-09-06 15:05:37.084,17517,17518,17519,1,1
2021-09-06 15:05:38.347,17519,17520,17520,1,1
2021-09-06 15:05:38.570,17519,17520,17520,1,1
2021-09-06 15:05:38.741,17519,17520,17520,1,1
2021-09-06 15:05:39.166,17519,17520,17519,1,-1
2021-09-06 15:05:39.460,17519,17520,17519,1,-1
2021-09-06 15:05:39.463,17519,17520,17520,1,1
2021-09-06 15:05:39.475,17519,17520,17519,1,-1
2021-09-06 15:05:41.326,17519,17520,17520,1,1
2021-09-06 15:05:42.517,17519,17520,17520,1,1
2021-09-06 15:05:42.657,17519,17520,17519,5,-5
2021-09-06 15:05:42.657,17519,17520,17519,3,-3
2021-09-06 15:05:42.658,17519,17520,17519,1,-1
2021-09-06 15:05:42.658,17519,17520,17519,4,-4
2021-09-06 15:05:42.658,17519,17520,17519,1,-1
2021-09-06 15:05:42.658,17519,17520,17519,1,-1
2021-09-06 15:05:43.543,17518,17519,17519,1,1
2021-09-06 15:05:44.362,17518,17519,17518,1,-1
2021-09-06 15:05:44.363,17518,17519,17518,1,-1
2021-09-06 15:05:44.363,17518,17519,17518,3,-3
2021-09-06 15:05:46.121,17517,17518,17518,1,1
2021-09-06 15:05:48.233,17518,17519,17518,3,-3
2021-09-06 15:05:50.989,17517,17518,17518,1,1
2021-09-06 15:05:51.047,17517,17518,17518,1,1
2021-09-06 15:05:51.359,17517,17518,17518,1,1
2021-09-06 15:05:52.420,17517,17518,17518,1,1
2021-09-06 15:06:01.331,17518,17519,17519,4,4
2021-09-06 15:06:01.864,17518,17519,17519,1,1
2021-09-06 15:06:03.320,17518,17519,17519,1,1
2021-09-06 15:06:10.735,17518,17519,17518,1,-1
2021-09-06 15:06:10.977,17518,17519,17519,1,1
2021-09-06 15:06:13.521,17518,17519,17518,1,-1
2021-09-06 15:06:13.601,17518,17519,17519,1,1
2021-09-06 15:06:14.790,17518,17519,17519,1,1
2021-09-06 15:06:17.051,17518,17519,17519,1,1
2021-09-06 15:06:18.185,17518,17519,17519,1,1
2021-09-06 15:06:18.218,17518,17519,17519,1,1
2021-09-06 15:06:19.535,17518,17519,17519,1,1
2021-09-06 15:06:20.935,17518,17519,17519,1,1
2021-09-06 15:06:20.961,17518,17519,17519,1,1
2021-09-06 15:06:29.523,17519,17520,17519,1,-1
2021-09-06 15:06:29.764,17519,17520,17519,1,-1
2021-09-06 15:06:30.409,17519,17520,17519,1,-1
2021-09-06 15:06:30.409,17519,17520,17519,1,-1
2021-09-06 15:06:30.410,17519,17520,17519,1,-1
2021-09-06 15:06:30.679,17518,17519,17519,1,1
2021-09-06 15:06:31.050,17518,17519,17518,1,-1
2021-09-06 15:06:31.502,17518,17519,17519,1,1
2021-09-06 15:06:34.029,17518,17519,17519,1,1
2021-09-06 15:06:35.370,17518,17519,17519,1,1
2021-09-06 15:06:36.049,17518,17519,17519,2,2
2021-09-06 15:06:36.709,17518,17519,17519,1,1
2021-09-06 15:06:37.262,17518,17519,17519,1,1
2021-09-06 15:06:39.303,17519,17520,17519,1,-1
2021-09-06 15:06:39.558,17519,17520,17520,1,1
2021-09-06 15:06:40.309,17519,17520,17520,1,1
2021-09-06 15:06:41.081,17519,17520,17520,1,1
2021-09-06 15:06:41.408,17519,17520,17519,1,-1
2021-09-06 15:06:42.746,17519,17520,17520,1,1
2021-09-06 15:06:44.094,17519,17520,17520,1,1
2021-09-06 15:06:44.489,17519,17520,17520,3,3
2021-09-06 15:06:44.515,17519,17520,17520,1,1
2021-09-06 15:06:44.540,17519,17520,17520,1,1
2021-09-06 15:06:44.565,17519,17520,17520,13,13
2021-09-06 15:06:44.590,17519,17520,17520,3,3
2021-09-06 15:06:44.590,17519,17520,17520,2,2
2021-09-06 15:06:44.590,17519,17520,17520,1,1
2021-09-06 15:06:44.591,17519,17520,17520,1,1
2021-09-06 15:06:44.615,17519,17520,17520,3,3
2021-09-06 15:06:44.642,17519,17520,17520,4,4
2021-09-06 15:06:44.642,17519,17520,17520,1,1
2021-09-06 15:06:44.668,17519,17520,17520,1,1
2021-09-06 15:06:44.682,17519,17520,17520,4,4
2021-09-06 15:06:44.692,17519,17520,17520,3,3
2021-09-06 15:06:44.692,17519,17520,17520,1,1
2021-09-06 15:06:44.692,17519,17520,17520,5,5
2021-09-06 15:06:44.717,17519,17520,17520,3,3
2021-09-06 15:06:44.742,17519,17520,17520,1,1
2021-09-06 15:06:44.772,17519,17520,17520,1,1
2021-09-06 15:06:44.772,17519,17520,17520,1,1
2021-09-06 15:06:44.792,17519,17520,17520,1,1
2021-09-06 15:06:44.818,17519,17520,17520,1,1
2021-09-06 15:06:44.843,17519,17520,17520,1,1
2021-09-06 15:06:45.463,17519,17520,17520,1,1
2021-09-06 15:06:45.524,17519,17520,17520,1,1
2021-09-06 15:06:45.583,17519,17520,17520,1,1
2021-09-06 15:06:46.615,17519,17520,17519,1,-1
2021-09-06 15:06:46.666,17519,17520,17520,1,1
2021-09-06 15:06:46.758,17519,17520,17520,1,1
2021-09-06 15:06:47.771,17519,17520,17520,22,22
2021-09-06 15:06:47.773,17519,17520,17521,1,1
2021-09-06 15:06:47.773,17519,17520,17521,1,1
2021-09-06 15:06:47.773,17519,17520,17521,1,1
2021-09-06 15:06:47.773,17519,17520,17521,2,2
2021-09-06 15:06:47.789,17520,17521,17521,3,3
2021-09-06 15:06:47.839,17520,17521,17522,5,5
2021-09-06 15:06:47.904,17521,17522,17522,5,5
2021-09-06 15:06:48.010,17521,17522,17523,5,5
2021-09-06 15:06:48.030,17522,17523,17523,5,5
2021-09-06 15:06:48.031,17522,17523,17523,3,3
2021-09-06 15:06:48.183,17522,17523,17523,1,1
2021-09-06 15:06:48.709,17522,17523,17522,1,-1
2021-09-06 15:06:48.709,17522,17523,17522,1,-1
2021-09-06 15:06:48.709,17522,17523,17522,2,-2
2021-09-06 15:06:48.709,17522,17523,17522,1,-1
2021-09-06 15:06:48.709,17522,17523,17522,1,-1
2021-09-06 15:06:48.709,17522,17523,17522,2,-2
2021-09-06 15:06:48.718,17522,17523,17522,1,-1
2021-09-06 15:06:48.719,17522,17523,17522,1,-1
2021-09-06 15:06:48.722,17522,17523,17522,1,-1
2021-09-06 15:06:51.883,17521,17522,17521,2,-2
2021-09-06 15:06:51.883,17521,17522,17520,8,-8
2021-09-06 15:06:52.009,17520,17521,17521,1,1
2021-09-06 15:06:52.852,17520,17521,17521,1,1
2021-09-06 15:06:53.140,17520,17522,17522,1,1
2021-09-06 15:06:53.855,17520,17522,17522,3,3
2021-09-06 15:06:53.991,17520,17522,17522,1,1
2021-09-06 15:06:55.058,17520,17522,17521,1,-1
2021-09-06 15:06:57.910,17521,17522,17522,3,3
2021-09-06 15:06:58.211,17521,17522,17522,1,1
2021-09-06 15:06:58.896,17521,17522,17522,1,1
2021-09-06 15:06:58.896,17521,17522,17523,1,1
2021-09-06 15:06:58.904,17521,17523,17523,1,1
2021-09-06 15:07:00.011,17521,17522,17522,2,2
2021-09-06 15:07:00.351,17521,17522,17521,4,-4
2021-09-06 15:07:03.562,17521,17522,17522,1,1
2021-09-06 15:07:03.736,17521,17522,17522,1,1
2021-09-06 15:07:05.008,17521,17522,17522,1,1
2021-09-06 15:07:05.008,17521,17522,17522,1,1
2021-09-06 15:07:05.008,17521,17522,17522,1,1
2021-09-06 15:07:08.504,17521,17522,17522,2,2
2021-09-06 15:07:08.537,17521,17522,17522,1,1
2021-09-06 15:07:10.002,17521,17522,17521,3,-3
2021-09-06 15:07:10.025,17521,17522,17521,1,-1
2021-09-06 15:07:10.029,17520,17521,17521,1,1
2021-09-06 15:07:10.050,17520,17521,17521,1,1
2021-09-06 15:07:10.051,17520,17521,17521,1,1
2021-09-06 15:07:10.152,17520,17521,17520,1,-1
2021-09-06 15:07:10.468,17520,17521,17520,8,-8
2021-09-06 15:07:10.902,17519,17520,17520,1,1
2021-09-06 15:07:10.902,17519,17520,17521,4,4
2021-09-06 15:07:11.245,17519,17521,17521,1,1
2021-09-06 15:07:13.391,17519,17521,17520,1,-1
2021-09-06 15:07:15.275,17519,17520,17520,1,1
2021-09-06 15:07:15.533,17519,17521,17521,1,1
2021-09-06 15:07:16.146,17520,17522,17521,1,-1
2021-09-06 15:07:22.159,17521,17522,17522,1,1
2021-09-06 15:07:22.279,17521,17522,17522,1,1
2021-09-06 15:07:24.623,17521,17522,17522,1,1
2021-09-06 15:07:24.951,17521,17522,17522,1,1
2021-09-06 15:07:27.332,17521,17522,17521,1,-1
2021-09-06 15:07:27.518,17521,17522,17522,1,1
2021-09-06 15:07:29.386,17521,17522,17522,1,1
2021-09-06 15:07:29.403,17521,17522,17522,1,1
2021-09-06 15:07:32.104,17521,17522,17522,1,1
2021-09-06 15:07:33.004,17521,17522,17522,1,1
2021-09-06 15:07:34.139,17521,17522,17522,1,1
2021-09-06 15:07:34.140,17521,17522,17522,1,1
2021-09-06 15:07:34.140,17521,17522,17522,3,3
2021-09-06 15:07:35.943,17522,17523,17523,1,1
2021-09-06 15:07:36.412,17522,17523,17522,1,-1
2021-09-06 15:07:37.172,17522,17523,17523,1,1
2021-09-06 15:07:37.489,17522,17523,17523,5,5
2021-09-06 15:07:40.546,17522,17523,17523,1,1
2021-09-06 15:07:41.184,17522,17523,17523,1,1
2021-09-06 15:07:42.153,17523,17524,17523,1,-1
2021-09-06 15:07:42.850,17522,17524,17522,6,-6
2021-09-06 15:07:43.302,17522,17523,17523,3,3
2021-09-06 15:07:43.725,17522,17523,17523,1,1
2021-09-06 15:07:44.057,17522,17523,17523,2,2
2021-09-06 15:07:44.465,17522,17523,17522,1,-1
2021-09-06 15:07:45.154,17522,17523,17523,1,1
2021-09-06 15:07:45.707,17522,17523,17522,3,-3
2021-09-06 15:07:45.779,17521,17523,17522,1,-1
2021-09-06 15:07:46.024,17521,17523,17523,4,4
2021-09-06 15:07:48.344,17521,17522,17522,2,2
2021-09-06 15:07:49.396,17522,17523,17522,1,-1
2021-09-06 15:07:49.915,17522,17523,17522,3,-3
2021-09-06 15:07:50.209,17521,17522,17521,24,-24
2021-09-06 15:07:51.201,17520,17522,17522,1,1
2021-09-06 15:07:53.006,17520,17522,17521,1,-1
2021-09-06 15:07:53.424,17520,17522,17520,1,-1
2021-09-06 15:07:54.192,17520,17521,17521,4,4
2021-09-06 15:07:56.854,17520,17521,17521,1,1
2021-09-06 15:07:57.776,17520,17521,17521,1,1
2021-09-06 15:07:57.958,17520,17521,17521,1,1
2021-09-06 15:08:00.045,17520,17521,17521,1,1
2021-09-06 15:08:00.222,17520,17521,17521,3,3
2021-09-06 15:08:00.299,17520,17521,17521,1,1
2021-09-06 15:08:04.465,17521,17522,17521,1,-1
2021-09-06 15:08:07.232,17520,17522,17521,1,-1
2021-09-06 15:08:08.115,17520,17521,17520,3,-3
2021-09-06 15:08:12.243,17520,17521,17521,1,1
2021-09-06 15:08:19.324,17520,17521,17520,4,-4
2021-09-06 15:08:19.623,17519,17520,17520,1,1
2021-09-06 15:08:20.275,17519,17520,17521,1,1
2021-09-06 15:08:22.091,17519,17521,17520,1,-1
2021-09-06 15:08:22.576,17519,17520,17520,1,1
2021-09-06 15:08:25.223,17519,17520,17520,1,1
2021-09-06 15:08:30.416,17519,17521,17521,1,1
2021-09-06 15:08:36.721,17519,17520,17520,3,3
2021-09-06 15:08:36.721,17519,17520,17520,1,1
2021-09-06 15:08:38.338,17519,17520,17520,3,3
2021-09-06 15:08:43.754,17520,17521,17521,1,1
2021-09-06 15:08:43.986,17520,17521,17521,2,2
2021-09-06 15:08:44.031,17520,17521,17521,2,2
2021-09-06 15:08:45.738,17520,17521,17521,1,1
2021-09-06 15:08:47.899,17520,17521,17521,1,1
2021-09-06 15:08:49.728,17520,17521,17521,1,1
2021-09-06 15:08:50.027,17520,17521,17521,1,1
2021-09-06 15:08:54.298,17520,17522,17521,1,-1
2021-09-06 15:08:57.711,17520,17521,17521,1,1
2021-09-06 15:08:57.711,17520,17521,17520,21,-21
2021-09-06 15:08:57.712,17520,17521,17520,1,-1
2021-09-06 15:08:57.817,17520,17521,17521,1,1
2021-09-06 15:09:00.098,17520,17521,17520,1,-1
2021-09-06 15:09:01.122,17520,17521,17520,1,-1
2021-09-06 15:09:05.572,17520,17521,17520,1,-1
2021-09-06 15:09:05.674,17520,17521,17520,18,-18
2021-09-06 15:09:06.502,17519,17520,17519,2,-2
2021-09-06 15:09:06.559,17519,17520,17519,7,-7
2021-09-06 15:09:08.522,17519,17520,17519,1,-1
2021-09-06 15:09:08.524,17519,17520,17519,3,-3
2021-09-06 15:09:09.954,17518,17520,17518,1,-1
2021-09-06 15:09:19.644,17518,17519,17518,1,-1
2021-09-06 15:09:22.383,17518,17519,17518,29,-29
2021-09-06 15:09:22.385,17518,17519,17517,2,-2
2021-09-06 15:09:22.385,17518,17519,17517,3,-3
2021-09-06 15:09:22.385,17518,17519,17517,4,-4
2021-09-06 15:09:22.385,17518,17519,17517,2,-2
2021-09-06 15:09:22.385,17518,17519,17517,5,-5
2021-09-06 15:09:23.666,17516,17517,17517,1,1
2021-09-06 15:09:26.946,17517,17518,17517,1,-1
2021-09-06 15:09:28.670,17517,17518,17517,1,-1
2021-09-06 15:09:28.670,17517,17518,17516,3,-3
2021-09-06 15:09:30.967,17516,17517,17516,1,-1
2021-09-06 15:09:32.588,17516,17517,17516,1,-1
2021-09-06 15:09:33.159,17515,17517,17515,3,-3
2021-09-06 15:09:33.426,17515,17517,17515,1,-1
2021-09-06 15:09:33.605,17515,17517,17517,1,1
2021-09-06 15:09:39.149,17515,17517,17515,4,-4
2021-09-06 15:09:42.446,17516,17517,17516,1,1
2021-09-06 15:09:50.659,17516,17517,17517,1,1
2021-09-06 15:09:50.659,17516,17517,17517,1,1
2021-09-06 15:09:52.226,17516,17517,17517,1,1
2021-09-06 15:09:52.226,17516,17517,17517,4,4
2021-09-06 15:09:53.055,17517,17518,17517,4,-4
2021-09-06 15:09:53.055,17517,17518,17516,5,-5
2021-09-06 15:09:55.118,17517,17518,17517,1,1
2021-09-06 15:10:00.034,17517,17518,17518,1,1
2021-09-06 15:10:00.559,17517,17518,17518,1,1
2021-09-06 15:10:02.689,17517,17518,17518,4,4
2021-09-06 15:10:03.121,17518,17519,17519,2,2
2021-09-06 15:10:03.462,17518,17519,17519,1,1
2021-09-06 15:10:03.477,17518,17519,17519,1,1
2021-09-06 15:10:03.677,17518,17519,17519,1,1
2021-09-06 15:10:08.959,17518,17519,17519,1,1
2021-09-06 15:10:19.140,17519,17520,17519,1,-1
2021-09-06 15:10:21.610,17519,17520,17520,8,8
2021-09-06 15:10:30.974,17520,17521,17521,1,1
2021-09-06 15:10:32.862,17520,17521,17520,3,-3
2021-09-06 15:10:33.682,17519,17520,17520,1,1
2021-09-06 15:10:35.660,17519,17520,17520,1,1
2021-09-06 15:10:38.935,17519,17520,17520,1,1
2021-09-06 15:10:40.150,17519,17520,17519,1,-1
2021-09-06 15:10:40.150,17519,17520,17519,3,-3
2021-09-06 15:10:40.150,17519,17520,17519,3,-3
2021-09-06 15:10:41.903,17519,17520,17519,1,-1
2021-09-06 15:10:42.856,17518,17519,17519,1,1
2021-09-06 15:10:45.818,17518,17519,17519,1,1
2021-09-06 15:10:48.845,17518,17519,17518,2,-2
2021-09-06 15:10:49.235,17517,17518,17518,1,1
2021-09-06 15:10:53.560,17517,17518,17518,1,1
2021-09-06 15:11:00.014,17517,17518,17518,1,1
2021-09-06 15:11:00.513,17517,17518,17518,1,1
2021-09-06 15:11:01.176,17517,17518,17518,1,1
2021-09-06 15:11:01.383,17517,17519,17519,1,1
2021-09-06 15:11:02.012,17518,17519,17518,1,-1
2021-09-06 15:11:07.078,17518,17519,17518,4,-4
2021-09-06 15:11:09.825,17517,17519,17517,1,-1
2021-09-06 15:11:13.289,17517,17519,17519,1,1
2021-09-06 15:11:28.008,17517,17518,17517,1,-1
2021-09-06 15:11:35.170,17517,17518,17517,1,-1
2021-09-06 15:11:37.147,17517,17518,17518,4,4
2021-09-06 15:11:37.489,17518,17519,17518,1,-1
2021-09-06 15:11:38.932,17518,17519,17518,1,-1
2021-09-06 15:11:44.479,17518,17519,17519,4,4
2021-09-06 15:11:44.606,17519,17520,17519,1,-1
2021-09-06 15:11:51.182,17518,17519,17518,1,-1
2021-09-06 15:11:54.453,17519,17520,17519,1,1
2021-09-06 15:11:55.433,17519,17520,17520,8,8
2021-09-06 15:11:59.923,17518,17520,17520,2,2
2021-09-06 15:12:03.080,17520,17521,17520,1,-1
2021-09-06 15:12:08.597,17519,17520,17520,2,2
2021-09-06 15:12:09.890,17519,17520,17520,1,1
2021-09-06 15:12:14.519,17519,17520,17520,1,1
2021-09-06 15:12:16.189,17519,17520,17520,2,2
2021-09-06 15:12:21.161,17519,17520,17520,1,1
2021-09-06 15:12:22.667,17519,17520,17520,2,2
2021-09-06 15:12:23.754,17519,17520,17520,1,1
2021-09-06 15:12:24.128,17520,17521,17520,1,-1
2021-09-06 15:12:24.811,17520,17521,17520,1,-1
2021-09-06 15:12:25.384,17520,17521,17520,1,-1
2021-09-06 15:12:37.518,17520,17521,17521,1,1
2021-09-06 15:12:44.303,17520,17521,17520,3,-3
2021-09-06 15:12:44.303,17520,17521,17520,9,-9
2021-09-06 15:12:44.304,17520,17521,17520,1,-1
2021-09-06 15:12:44.304,17520,17521,17520,4,-4
2021-09-06 15:12:51.019,17519,17520,17519,4,-4
2021-09-06 15:12:57.045,17518,17519,17519,1,1
2021-09-06 15:13:03.292,17518,17519,17518,1,-1
2021-09-06 15:13:11.373,17518,17519,17518,8,-8
2021-09-06 15:13:17.513,17517,17519,17518,1,-1
2021-09-06 15:13:26.051,17517,17518,17518,2,2
2021-09-06 15:13:26.051,17517,17518,17519,7,7
2021-09-06 15:13:26.051,17517,17518,17520,16,16
2021-09-06 15:13:26.453,17519,17521,17521,2,2
2021-09-06 15:13:31.245,17519,17521,17519,2,-2
2021-09-06 15:13:33.156,17518,17519,17518,2,-2
2021-09-06 15:13:39.389,17518,17519,17518,1,-1
2021-09-06 15:13:40.905,17518,17519,17519,2,2
2021-09-06 15:13:41.964,17518,17520,17518,1,-1
2021-09-06 15:13:44.909,17519,17520,17520,4,4
2021-09-06 15:13:44.909,17519,17520,17520,3,3
2021-09-06 15:13:44.910,17519,17520,17520,1,1
2021-09-06 15:13:44.910,17519,17520,17520,2,2
2021-09-06 15:13:47.276,17519,17520,17519,1,-1
2021-09-06 15:13:48.576,17519,17520,17519,2,-2
2021-09-06 15:13:48.851,17518,17520,17518,5,-5
2021-09-06 15:13:51.455,17519,17520,17519,1,1
2021-09-06 15:14:03.165,17518,17519,17519,1,1
2021-09-06 15:14:04.154,17518,17519,17519,1,1
2021-09-06 15:14:05.307,17518,17519,17519,1,1
2021-09-06 15:14:09.524,17518,17519,17518,1,-1
2021-09-06 15:14:10.567,17518,17519,17518,5,-5
2021-09-06 15:14:10.976,17517,17519,17519,1,1
2021-09-06 15:14:14.153,17517,17519,17518,1,-1
2021-09-06 15:14:32.248,17518,17519,17518,1,-1
2021-09-06 15:14:34.036,17518,17519,17518,1,-1
2021-09-06 15:14:46.591,17518,17519,17518,2,-2
2021-09-06 15:14:46.591,17518,17519,17518,1,-1
2021-09-06 15:14:51.486,17517,17518,17517,1,-1
2021-09-06 15:14:53.110,17517,17518,17518,1,1
2021-09-06 15:14:54.332,17517,17519,17517,2,-2
2021-09-06 15:14:58.006,17517,17518,17518,1,1
2021-09-06 15:15:01.193,17517,17518,17518,4,4
2021-09-06 15:15:03.072,17518,17519,17518,1,-1
2021-09-06 15:15:03.154,17518,17519,17519,1,1
2021-09-06 15:15:03.155,17518,17519,17519,2,2
2021-09-06 15:15:03.155,17518,17519,17520,1,1
2021-09-06 15:15:03.155,17518,17519,17520,1,1
2021-09-06 15:15:03.155,17518,17519,17520,1,1
2021-09-06 15:15:03.155,17518,17519,17520,1,1
2021-09-06 15:15:03.155,17518,17519,17520,1,1
2021-09-06 15:15:03.156,17518,17519,17520,1,1
2021-09-06 15:15:03.156,17518,17519,17520,1,1
2021-09-06 15:15:03.156,17518,17519,17520,1,1
2021-09-06 15:15:03.158,17518,17519,17520,1,1
2021-09-06 15:15:03.159,17518,17519,17521,1,1
2021-09-06 15:15:03.160,17518,17519,17521,1,1
2021-09-06 15:15:03.746,17519,17521,17521,2,2
2021-09-06 15:15:08.715,17520,17521,17521,15,15
2021-09-06 15:15:08.722,17520,17521,17522,1,1
2021-09-06 15:15:08.722,17520,17521,17522,1,1
2021-09-06 15:15:08.722,17520,17521,17522,24,24
2021-09-06 15:15:08.816,17522,17523,17523,9,9
2021-09-06 15:15:08.816,17522,17523,17523,1,1
2021-09-06 15:15:08.817,17522,17523,17523,1,1
2021-09-06 15:15:09.208,17523,17524,17524,1,1
2021-09-06 15:15:09.210,17523,17524,17524,1,1
2021-09-06 15:15:09.335,17523,17524,17524,1,1
2021-09-06 15:15:10.337,17523,17524,17523,1,-1
2021-09-06 15:15:10.466,17523,17524,17523,1,-1
2021-09-06 15:15:10.673,17523,17524,17523,1,-1
2021-09-06 15:15:12.036,17523,17524,17523,1,-1
2021-09-06 15:15:12.704,17523,17524,17523,1,-1
2021-09-06 15:15:13.141,17523,17524,17523,3,-3
2021-09-06 15:15:16.573,17522,17523,17523,1,1
2021-09-06 15:15:17.582,17522,17523,17523,1,1
2021-09-06 15:15:17.653,17522,17523,17523,1,1
2021-09-06 15:15:18.455,17522,17523,17523,1,1
2021-09-06 15:15:22.799,17522,17523,17523,1,1
2021-09-06 15:15:25.044,17522,17523,17523,1,1
2021-09-06 15:15:25.222,17522,17523,17523,1,1
2021-09-06 15:15:26.243,17522,17523,17523,1,1
2021-09-06 15:15:26.417,17522,17523,17523,1,1
2021-09-06 15:15:27.010,17522,17523,17523,1,1
2021-09-06 15:15:27.011,17522,17523,17523,1,1
2021-09-06 15:15:31.569,17523,17524,17523,2,-2
2021-09-06 15:15:32.190,17523,17524,17524,3,3
2021-09-06 15:15:33.337,17523,17524,17524,1,1
2021-09-06 15:15:44.611,17523,17524,17523,1,-1
2021-09-06 15:15:47.046,17523,17524,17524,4,4
2021-09-06 15:15:47.241,17523,17524,17523,2,-2
2021-09-06 15:15:48.779,17523,17524,17524,4,4
2021-09-06 15:15:48.779,17523,17524,17524,1,1
2021-09-06 15:15:48.779,17523,17524,17524,1,1
2021-09-06 15:15:48.780,17523,17524,17524,1,1
2021-09-06 15:15:49.121,17523,17524,17523,1,-1
2021-09-06 15:15:51.040,17523,17524,17524,2,2
2021-09-06 15:15:53.972,17523,17524,17524,1,1
2021-09-06 15:15:57.047,17522,17524,17524,1,1
2021-09-06 15:15:58.436,17523,17524,17523,1,-1
2021-09-06 15:16:03.349,17522,17523,17523,3,3
2021-09-06 15:16:03.349,17522,17523,17524,2,2
2021-09-06 15:16:03.405,17522,17524,17524,2,2
2021-09-06 15:16:03.405,17522,17524,17524,1,1
2021-09-06 15:16:03.406,17522,17524,17524,1,1
2021-09-06 15:16:03.407,17522,17524,17524,1,1
2021-09-06 15:16:03.407,17522,17524,17524,2,2
2021-09-06 15:16:03.409,17522,17524,17524,1,1
2021-09-06 15:16:03.409,17522,17524,17525,1,1
2021-09-06 15:16:03.602,17523,17525,17525,2,2
2021-09-06 15:16:03.679,17523,17525,17525,1,1
2021-09-06 15:16:03.834,17523,17525,17525,7,7
2021-09-06 15:16:05.105,17524,17525,17524,1,-1
2021-09-06 15:16:05.153,17523,17525,17525,1,1
2021-09-06 15:16:05.153,17523,17525,17525,1,1
2021-09-06 15:16:08.255,17524,17525,17525,1,1
2021-09-06 15:16:08.442,17524,17525,17525,2,2
2021-09-06 15:16:12.336,17524,17525,17524,1,-1
2021-09-06 15:16:12.403,17524,17525,17525,1,1
2021-09-06 15:16:12.403,17524,17525,17525,1,1
2021-09-06 15:16:12.403,17524,17525,17525,1,1
2021-09-06 15:16:12.404,17524,17525,17525,1,1
2021-09-06 15:16:12.404,17524,17525,17525,1,1
2021-09-06 15:16:12.404,17524,17525,17525,1,1
2021-09-06 15:16:12.404,17524,17525,17525,1,1
2021-09-06 15:16:12.404,17524,17525,17525,1,1
2021-09-06 15:16:12.404,17524,17525,17525,1,1
2021-09-06 15:16:12.405,17524,17525,17525,1,1
2021-09-06 15:16:12.405,17524,17525,17525,1,1
2021-09-06 15:16:12.405,17524,17525,17525,1,1
2021-09-06 15:16:13.945,17524,17525,17525,1,1
2021-09-06 15:16:14.382,17524,17525,17524,1,-1
2021-09-06 15:16:15.128,17524,17525,17524,1,-1
2021-09-06 15:16:16.970,17523,17524,17524,1,1
2021-09-06 15:16:21.880,17522,17523,17523,1,1
2021-09-06 15:16:21.903,17522,17523,17523,1,1
2021-09-06 15:16:21.904,17522,17523,17523,1,1
2021-09-06 15:16:21.904,17522,17523,17523,1,1
2021-09-06 15:16:21.904,17522,17523,17524,1,1
2021-09-06 15:16:21.904,17522,17523,17524,2,2
2021-09-06 15:16:21.904,17522,17523,17524,1,1
2021-09-06 15:16:21.904,17522,17523,17524,1,1
2021-09-06 15:16:21.905,17522,17523,17524,1,1
2021-09-06 15:16:21.906,17522,17523,17524,1,1
2021-09-06 15:16:21.906,17522,17523,17524,1,1
2021-09-06 15:16:22.616,17522,17524,17524,4,4
2021-09-06 15:16:27.719,17522,17523,17522,1,-1
2021-09-06 15:16:28.573,17522,17523,17523,1,1
2021-09-06 15:16:28.632,17522,17523,17523,3,3
2021-09-06 15:16:28.653,17522,17524,17524,1,1
2021-09-06 15:16:28.654,17522,17524,17524,1,1
2021-09-06 15:16:28.654,17522,17524,17524,1,1
2021-09-06 15:16:28.654,17522,17524,17524,1,1
2021-09-06 15:16:28.654,17522,17524,17524,1,1
2021-09-06 15:16:28.654,17522,17524,17524,1,1
2021-09-06 15:16:28.654,17522,17524,17524,1,1
2021-09-06 15:16:28.654,17522,17524,17524,1,1
2021-09-06 15:16:28.655,17522,17524,17524,1,1
2021-09-06 15:16:28.655,17522,17524,17524,1,1
2021-09-06 15:16:28.655,17522,17524,17525,1,1
2021-09-06 15:16:28.656,17522,17524,17525,1,1
2021-09-06 15:16:28.656,17522,17524,17525,1,1
2021-09-06 15:16:33.790,17523,17524,17524,2,2
2021-09-06 15:16:34.453,17523,17524,17524,3,3
2021-09-06 15:16:34.453,17523,17524,17525,2,2
2021-09-06 15:16:35.439,17523,17525,17523,1,-1
2021-09-06 15:16:38.922,17523,17524,17524,1,1
2021-09-06 15:16:44.315,17523,17525,17525,2,2
2021-09-06 15:16:44.403,17523,17525,17525,1,1
2021-09-06 15:16:44.403,17523,17525,17525,1,1
2021-09-06 15:16:44.407,17523,17525,17525,1,1
2021-09-06 15:16:44.407,17523,17525,17525,1,1
2021-09-06 15:16:48.787,17523,17524,17524,1,1
2021-09-06 15:16:49.112,17523,17524,17524,3,3
2021-09-06 15:16:49.112,17523,17524,17524,2,2
2021-09-06 15:16:49.153,17524,17525,17525,1,1
2021-09-06 15:16:49.154,17524,17525,17525,1,1
2021-09-06 15:16:49.154,17524,17525,17525,1,1
2021-09-06 15:16:57.719,17524,17525,17524,2,-2
2021-09-06 15:16:57.843,17524,17525,17525,1,1
2021-09-06 15:16:57.884,17524,17525,17525,2,2
2021-09-06 15:16:59.367,17524,17525,17524,1,-1
2021-09-06 15:17:00.240,17524,17525,17525,3,3
2021-09-06 15:17:00.240,17524,17525,17525,1,1
2021-09-06 15:17:00.241,17524,17525,17525,2,2
2021-09-06 15:17:00.241,17524,17525,17525,1,1
2021-09-06 15:17:00.241,17524,17525,17525,8,8
2021-09-06 15:17:00.241,17524,17525,17525,1,1
2021-09-06 15:17:00.241,17524,17525,17525,2,2
2021-09-06 15:17:00.241,17524,17525,17525,27,27
2021-09-06 15:17:00.964,17524,17526,17526,1,1
2021-09-06 15:17:01.152,17524,17526,17526,5,5
2021-09-06 15:17:01.193,17524,17526,17526,1,1
2021-09-06 15:17:01.775,17524,17526,17524,1,-1
2021-09-06 15:17:06.747,17524,17525,17525,1,1
2021-09-06 15:17:06.748,17524,17525,17525,1,1
2021-09-06 15:17:07.031,17524,17526,17526,1,1
2021-09-06 15:17:12.913,17524,17526,17524,1,-1
2021-09-06 15:17:15.534,17525,17526,17526,9,9
2021-09-06 15:17:15.536,17525,17526,17526,1,1
2021-09-06 15:17:19.484,17525,17526,17525,1,-1
2021-09-06 15:17:25.554,17525,17526,17525,1,-1
2021-09-06 15:17:25.654,17525,17526,17526,1,1
2021-09-06 15:17:28.367,17525,17526,17526,1,1
2021-09-06 15:17:29.225,17525,17526,17526,3,3
2021-09-06 15:17:29.225,17525,17526,17527,1,1
2021-09-06 15:17:29.277,17525,17527,17527,4,4
2021-09-06 15:17:29.279,17525,17527,17527,1,1
2021-09-06 15:17:29.289,17525,17527,17527,2,2
2021-09-06 15:17:29.452,17525,17527,17527,1,1
2021-09-06 15:17:29.918,17525,17527,17527,1,1
2021-09-06 15:17:30.907,17525,17527,17526,1,-1
2021-09-06 15:17:33.300,17525,17527,17527,1,1
2021-09-06 15:17:33.913,17525,17527,17526,1,-1
2021-09-06 15:17:35.051,17526,17527,17526,3,-3
2021-09-06 15:17:35.424,17525,17526,17526,1,1
2021-09-06 15:17:36.640,17525,17526,17525,9,-9
2021-09-06 15:17:37.589,17524,17525,17525,3,3
2021-09-06 15:17:38.432,17524,17525,17525,1,1
2021-09-06 15:17:38.654,17524,17526,17526,1,1
2021-09-06 15:17:39.439,17524,17526,17525,1,-1
2021-09-06 15:17:40.791,17524,17525,17525,1,1
2021-09-06 15:17:44.251,17524,17525,17525,1,1
2021-09-06 15:17:45.110,17524,17525,17525,3,3
2021-09-06 15:17:45.110,17524,17525,17526,1,1
2021-09-06 15:17:47.583,17524,17525,17525,1,1
2021-09-06 15:17:48.841,17524,17525,17525,3,3
2021-09-06 15:17:49.257,17524,17525,17525,1,1
2021-09-06 15:17:49.575,17524,17525,17525,1,1
2021-09-06 15:17:52.101,17524,17525,17525,1,1
2021-09-06 15:17:52.361,17524,17525,17525,1,1
2021-09-06 15:17:53.339,17524,17525,17525,1,1
2021-09-06 15:17:53.341,17524,17525,17525,9,9
2021-09-06 15:17:53.659,17524,17526,17526,1,1
2021-09-06 15:18:06.111,17524,17525,17525,1,1
2021-09-06 15:18:14.114,17524,17525,17525,1,1
2021-09-06 15:18:14.779,17524,17525,17525,1,1
2021-09-06 15:18:19.459,17524,17525,17524,10,-10
2021-09-06 15:18:20.291,17524,17525,17524,2,-2
2021-09-06 15:18:30.686,17524,17525,17524,1,-1
2021-09-06 15:18:33.136,17524,17525,17525,1,1
2021-09-06 15:18:34.636,17524,17525,17524,1,-1
2021-09-06 15:18:35.907,17524,17525,17524,1,-1
2021-09-06 15:18:37.479,17524,17525,17525,1,1
2021-09-06 15:18:41.118,17524,17525,17525,1,1
2021-09-06 15:18:43.674,17524,17525,17524,1,-1
2021-09-06 15:18:50.314,17524,17525,17525,1,1
2021-09-06 15:18:50.315,17524,17525,17525,1,1
2021-09-06 15:18:50.315,17524,17525,17525,1,1
2021-09-06 15:18:50.315,17524,17525,17525,1,1
2021-09-06 15:19:09.617,17525,17526,17525,2,-2
2021-09-06 15:19:09.834,17524,17526,17526,1,1
2021-09-06 15:19:17.716,17524,17526,17525,1,-1
2021-09-06 15:19:19.345,17524,17526,17526,1,1
2021-09-06 15:19:38.250,17525,17526,17525,3,-3
2021-09-06 15:19:38.251,17525,17526,17525,1,-1
2021-09-06 15:19:38.251,17525,17526,17525,1,-1
2021-09-06 15:19:38.333,17524,17526,17526,1,1
2021-09-06 15:19:40.463,17525,17526,17526,1,1
2021-09-06 15:19:41.191,17525,17526,17526,1,1
2021-09-06 15:19:42.169,17525,17526,17526,1,1
2021-09-06 15:19:43.099,17526,17527,17527,2,2
2021-09-06 15:19:43.193,17527,17528,17528,7,7
2021-09-06 15:19:44.986,17527,17528,17528,1,1
2021-09-06 15:19:45.798,17527,17528,17527,1,-1
2021-09-06 15:19:47.616,17527,17528,17527,1,-1
2021-09-06 15:19:53.002,17527,17528,17527,3,-3
2021-09-06 15:19:53.617,17527,17528,17527,2,-2
2021-09-06 15:19:56.661,17526,17528,17528,6,6
2021-09-06 15:19:59.554,17527,17528,17527,2,-2
2021-09-06 15:20:06.323,17528,17529,17529,1,1
2021-09-06 15:20:06.509,17528,17529,17529,3,3
2021-09-06 15:20:06.510,17528,17529,17529,2,2
2021-09-06 15:20:06.510,17528,17529,17529,1,1
2021-09-06 15:20:06.625,17528,17529,17529,16,16
2021-09-06 15:20:06.625,17528,17529,17530,30,30
2021-09-06 15:20:06.625,17528,17529,17531,20,20
2021-09-06 15:20:06.625,17528,17529,17532,14,14
2021-09-06 15:20:06.625,17528,17529,17533,13,13
2021-09-06 15:20:06.628,17528,17529,17534,1,1
2021-09-06 15:20:06.628,17528,17529,17533,7,7
2021-09-06 15:20:06.628,17528,17529,17534,1,1
2021-09-06 15:20:06.629,17528,17529,17531,1,1
2021-09-06 15:20:06.629,17528,17529,17533,1,1
2021-09-06 15:20:06.629,17528,17529,17533,1,1
2021-09-06 15:20:06.629,17528,17529,17533,1,1
2021-09-06 15:20:06.630,17528,17529,17532,2,2
2021-09-06 15:20:06.630,17528,17529,17533,1,1
2021-09-06 15:20:06.630,17528,17529,17533,1,1
2021-09-06 15:20:06.648,17528,17529,17534,1,1
2021-09-06 15:20:06.672,17532,17534,17534,3,3
2021-09-06 15:20:06.691,17532,17534,17533,1,-1
2021-09-06 15:20:06.733,17532,17534,17534,1,1
2021-09-06 15:20:06.777,17532,17534,17532,2,-2
2021-09-06 15:20:06.817,17532,17534,17534,5,5
2021-09-06 15:20:06.823,17532,17534,17534,1,1
2021-09-06 15:20:06.869,17532,17534,17534,1,1
2021-09-06 15:20:06.901,17532,17534,17532,3,-3
2021-09-06 15:20:06.910,17532,17534,17533,1,1
2021-09-06 15:20:06.953,17532,17534,17533,1,-1
2021-09-06 15:20:07.007,17532,17534,17533,1,-1
2021-09-06 15:20:07.011,17532,17534,17533,1,-1
2021-09-06 15:20:07.047,17531,17533,17533,1,1
2021-09-06 15:20:07.302,17531,17533,17533,1,1
2021-09-06 15:20:09.978,17530,17532,17532,1,1
2021-09-06 15:20:10.002,17530,17532,17532,1,1
2021-09-06 15:20:10.205,17530,17532,17532,6,6
2021-09-06 15:20:10.205,17530,17532,17533,12,12
2021-09-06 15:20:12.303,17531,17532,17532,4,4
2021-09-06 15:20:12.924,17531,17532,17532,2,2
2021-09-06 15:20:13.599,17531,17532,17532,2,2
2021-09-06 15:20:13.642,17531,17532,17532,1,1
2021-09-06 15:20:14.230,17531,17532,17532,1,1
2021-09-06 15:20:14.786,17531,17532,17532,1,1
2021-09-06 15:20:15.260,17531,17532,17531,2,-2
2021-09-06 15:20:15.901,17531,17532,17531,1,-1
2021-09-06 15:20:19.271,17530,17531,17531,1,1
2021-09-06 15:20:20.073,17531,17532,17531,1,-1
2021-09-06 15:20:20.462,17531,17532,17532,1,1
2021-09-06 15:20:21.110,17531,17532,17532,3,3
2021-09-06 15:20:21.264,17532,17533,17532,1,-1
2021-09-06 15:20:23.646,17532,17533,17533,2,2
2021-09-06 15:20:25.029,17531,17532,17531,1,-1
2021-09-06 15:20:25.258,17531,17532,17532,1,1
2021-09-06 15:20:25.433,17531,17532,17532,1,1
2021-09-06 15:20:25.825,17531,17532,17532,1,1
2021-09-06 15:20:28.356,17531,17532,17532,2,2
2021-09-06 15:20:29.347,17531,17532,17532,1,1
2021-09-06 15:20:29.500,17531,17532,17532,1,1
2021-09-06 15:20:29.824,17531,17532,17532,1,1
2021-09-06 15:20:33.264,17531,17533,17533,1,1
2021-09-06 15:20:34.521,17531,17533,17532,1,-1
2021-09-06 15:20:36.984,17532,17533,17532,1,-1
2021-09-06 15:20:39.615,17531,17532,17532,1,1
2021-09-06 15:20:40.183,17531,17532,17532,1,1
2021-09-06 15:20:41.367,17531,17532,17532,2,2
2021-09-06 15:20:41.368,17531,17532,17532,3,3
2021-09-06 15:20:43.036,17531,17532,17532,1,1
2021-09-06 15:20:43.064,17531,17532,17532,1,1
2021-09-06 15:20:43.355,17531,17533,17533,1,1
2021-09-06 15:20:44.335,17531,17532,17532,1,1
2021-09-06 15:20:45.643,17531,17532,17531,5,-5
2021-09-06 15:20:45.688,17530,17531,17531,2,2
2021-09-06 15:20:45.690,17530,17531,17531,3,3
2021-09-06 15:20:46.145,17530,17532,17532,1,1
2021-09-06 15:20:47.407,17531,17532,17532,1,1
2021-09-06 15:20:48.310,17531,17533,17531,2,-2
2021-09-06 15:20:52.457,17531,17532,17531,5,-5
2021-09-06 15:20:54.285,17531,17532,17531,3,-3
2021-09-06 15:20:56.888,17531,17532,17531,5,-5
2021-09-06 15:20:57.209,17530,17532,17530,1,-1
2021-09-06 15:20:59.973,17530,17531,17530,2,-2
2021-09-06 15:21:00.753,17530,17531,17530,1,-1
2021-09-06 15:21:00.976,17530,17531,17531,1,1
2021-09-06 15:21:01.457,17530,17531,17531,1,1
2021-09-06 15:21:01.459,17530,17531,17531,4,4
2021-09-06 15:21:02.568,17531,17532,17531,2,-2
2021-09-06 15:21:05.949,17530,17532,17531,5,-5
2021-09-06 15:21:08.591,17530,17532,17531,1,-1
2021-09-06 15:21:10.308,17530,17532,17530,2,-2
2021-09-06 15:21:10.643,17531,17532,17531,5,5
2021-09-06 15:21:11.163,17530,17531,17531,1,1
2021-09-06 15:21:12.654,17530,17531,17531,1,1
2021-09-06 15:21:12.654,17530,17531,17532,1,1
2021-09-06 15:21:16.282,17530,17532,17531,7,-7
2021-09-06 15:21:19.420,17530,17531,17531,1,1
2021-09-06 15:21:21.964,17530,17531,17531,1,1
2021-09-06 15:21:21.964,17530,17531,17532,4,4
2021-09-06 15:21:22.444,17531,17532,17531,1,-1
2021-09-06 15:21:22.445,17531,17532,17531,4,-4
2021-09-06 15:21:30.079,17531,17532,17531,5,-5
2021-09-06 15:21:31.385,17531,17532,17531,7,-7
2021-09-06 15:21:31.999,17530,17532,17530,24,-24
2021-09-06 15:21:33.096,17529,17531,17531,5,5
2021-09-06 15:21:33.632,17529,17531,17529,5,-5
2021-09-06 15:21:33.808,17529,17531,17531,2,2
2021-09-06 15:21:35.113,17529,17531,17531,8,8
2021-09-06 15:21:38.999,17530,17531,17531,1,1
2021-09-06 15:21:41.864,17530,17531,17530,7,-7
2021-09-06 15:21:44.484,17529,17530,17530,1,1
2021-09-06 15:21:44.672,17529,17530,17530,2,2
2021-09-06 15:21:44.672,17529,17530,17530,3,3
2021-09-06 15:21:47.715,17529,17530,17530,1,1
2021-09-06 15:21:47.715,17529,17530,17530,4,4
2021-09-06 15:21:49.401,17529,17531,17529,1,-1
2021-09-06 15:21:50.835,17529,17531,17529,7,-7
2021-09-06 15:21:52.259,17528,17530,17528,1,-1
2021-09-06 15:21:53.721,17529,17530,17529,1,1
2021-09-06 15:22:03.473,17529,17530,17529,1,-1
2021-09-06 15:22:07.674,17529,17530,17529,1,-1
2021-09-06 15:22:10.090,17529,17530,17529,1,-1
2021-09-06 15:22:10.503,17529,17530,17529,1,-1
2021-09-06 15:22:16.467,17529,17530,17529,1,-1
2021-09-06 15:22:18.043,17529,17530,17529,2,-2
2021-09-06 15:22:19.728,17529,17530,17529,1,-1
2021-09-06 15:22:20.613,17529,17530,17529,1,-1
2021-09-06 15:22:20.690,17529,17530,17530,1,1
2021-09-06 15:22:26.841,17529,17530,17530,21,21
2021-09-06 15:22:26.841,17529,17530,17531,4,4
2021-09-06 15:22:26.842,17529,17530,17531,1,1
2021-09-06 15:22:26.843,17529,17530,17531,1,1
2021-09-06 15:22:26.843,17529,17530,17531,1,1
2021-09-06 15:22:26.843,17529,17530,17531,2,2
2021-09-06 15:22:26.843,17529,17530,17531,1,1
2021-09-06 15:22:26.843,17529,17530,17531,1,1
2021-09-06 15:22:26.953,17531,17532,17532,1,1
2021-09-06 15:22:29.056,17531,17532,17532,2,2
2021-09-06 15:22:29.371,17531,17532,17532,2,2
2021-09-06 15:22:29.532,17531,17532,17532,2,2
2021-09-06 15:22:31.061,17531,17532,17532,1,1
2021-09-06 15:22:32.173,17531,17532,17532,1,1
2021-09-06 15:22:32.175,17531,17532,17532,4,4
2021-09-06 15:22:37.803,17530,17532,17531,5,-5
2021-09-06 15:22:40.266,17530,17532,17532,3,3
2021-09-06 15:22:40.465,17530,17532,17532,1,1
2021-09-06 15:22:46.304,17530,17532,17530,13,-13
2021-09-06 15:22:46.431,17529,17530,17529,3,-3
2021-09-06 15:22:46.432,17529,17530,17529,3,-3
2021-09-06 15:22:49.419,17528,17530,17530,7,7
2021-09-06 15:22:49.420,17528,17530,17530,2,2
2021-09-06 15:22:49.420,17528,17530,17530,1,1
2021-09-06 15:22:49.819,17529,17531,17531,1,1
2021-09-06 15:22:51.005,17529,17531,17531,1,1
2021-09-06 15:22:52.901,17530,17531,17530,1,-1
2021-09-06 15:22:54.686,17529,17531,17531,1,1
2021-09-06 15:22:54.686,17529,17531,17531,1,1
2021-09-06 15:22:54.691,17529,17531,17531,1,1
2021-09-06 15:22:58.895,17531,17532,17531,1,-1
2021-09-06 15:23:00.787,17531,17532,17532,4,4
2021-09-06 15:23:00.787,17531,17532,17532,3,3
2021-09-06 15:23:00.787,17531,17532,17532,2,2
2021-09-06 15:23:07.226,17531,17532,17531,2,-2
2021-09-06 15:23:07.604,17531,17532,17532,2,2
2021-09-06 15:23:09.834,17532,17533,17532,1,-1
2021-09-06 15:23:11.591,17531,17532,17532,5,5
2021-09-06 15:23:11.751,17531,17533,17532,1,-1
2021-09-06 15:23:13.087,17531,17532,17532,2,2
2021-09-06 15:23:15.441,17531,17532,17532,4,4
2021-09-06 15:23:15.441,17531,17532,17532,1,1
2021-09-06 15:23:15.682,17531,17532,17532,2,2
2021-09-06 15:23:18.626,17531,17532,17532,4,4
2021-09-06 15:23:18.627,17531,17532,17532,1,1
2021-09-06 15:23:18.997,17531,17532,17531,2,-2
2021-09-06 15:23:24.202,17531,17532,17532,2,2
2021-09-06 15:23:28.569,17532,17533,17532,6,-6
2021-09-06 15:23:29.556,17531,17532,17532,1,1
2021-09-06 15:23:29.653,17531,17533,17533,1,1
2021-09-06 15:23:30.416,17531,17533,17531,1,-1
2021-09-06 15:23:30.718,17531,17533,17533,1,1
2021-09-06 15:23:30.777,17531,17533,17533,1,1
2021-09-06 15:23:38.041,17532,17533,17532,2,-2
2021-09-06 15:23:39.715,17532,17533,17533,1,1
2021-09-06 15:23:50.476,17532,17533,17533,5,5
2021-09-06 15:23:50.476,17532,17533,17533,4,4
2021-09-06 15:23:50.773,17532,17534,17534,2,2
2021-09-06 15:23:50.843,17532,17534,17534,1,1
2021-09-06 15:23:52.581,17532,17533,17533,1,1
2021-09-06 15:23:52.581,17532,17533,17534,4,4
2021-09-06 15:23:53.759,17532,17534,17533,1,-1
2021-09-06 15:23:54.168,17532,17534,17534,5,5
2021-09-06 15:23:56.032,17532,17533,17533,5,5
2021-09-06 15:23:58.501,17532,17533,17533,2,2
2021-09-06 15:23:58.501,17532,17533,17534,3,3
2021-09-06 15:24:00.295,17532,17534,17534,5,5
2021-09-06 15:24:02.004,17532,17533,17533,5,5
2021-09-06 15:24:03.612,17532,17533,17533,4,4
2021-09-06 15:24:03.612,17532,17533,17534,1,1
2021-09-06 15:24:03.734,17532,17534,17534,1,1
2021-09-06 15:24:03.743,17532,17534,17534,1,1
2021-09-06 15:24:03.754,17532,17534,17534,1,1
2021-09-06 15:24:03.814,17532,17534,17534,1,1
2021-09-06 15:24:03.823,17532,17534,17534,1,1
2021-09-06 15:24:03.831,17532,17534,17534,1,1
2021-09-06 15:24:07.912,17533,17534,17534,1,1
2021-09-06 15:24:11.062,17533,17534,17533,4,-4
2021-09-06 15:24:12.742,17532,17533,17533,1,1
2021-09-06 15:24:15.015,17532,17533,17533,1,1
2021-09-06 15:24:15.184,17532,17534,17534,2,2
2021-09-06 15:24:16.704,17533,17534,17533,1,-1
2021-09-06 15:24:17.568,17532,17534,17532,11,-11
2021-09-06 15:24:19.086,17531,17532,17532,1,1
2021-09-06 15:24:20.079,17531,17533,17533,1,1
2021-09-06 15:24:21.224,17531,17533,17533,2,2
2021-09-06 15:24:23.390,17531,17533,17532,1,-1
2021-09-06 15:24:24.987,17532,17533,17532,1,-1
2021-09-06 15:24:29.621,17532,17533,17532,1,-1
2021-09-06 15:24:30.581,17531,17533,17531,5,-5
2021-09-06 15:24:32.491,17531,17533,17532,1,1
2021-09-06 15:24:32.670,17531,17532,17532,1,1
2021-09-06 15:24:36.519,17531,17532,17531,5,-5
2021-09-06 15:24:37.509,17530,17531,17531,1,1
2021-09-06 15:24:39.620,17530,17532,17531,1,-1
2021-09-06 15:24:42.795,17530,17531,17530,8,-8
2021-09-06 15:24:43.560,17529,17531,17531,1,1
2021-09-06 15:24:48.608,17529,17531,17529,1,-1
2021-09-06 15:24:49.750,17529,17531,17531,1,1
2021-09-06 15:24:55.019,17529,17531,17531,1,1
2021-09-06 15:24:58.781,17529,17531,17531,1,1
2021-09-06 15:24:58.967,17529,17531,17531,1,1
2021-09-06 15:25:01.250,17529,17530,17529,1,-1
2021-09-06 15:25:08.942,17529,17530,17530,1,1
2021-09-06 15:25:08.943,17529,17530,17530,1,1
2021-09-06 15:25:09.110,17529,17530,17530,1,1
2021-09-06 15:25:09.156,17529,17530,17530,1,1
2021-09-06 15:25:09.635,17529,17530,17530,1,1
2021-09-06 15:25:10.622,17529,17531,17531,1,1
2021-09-06 15:25:13.181,17530,17531,17530,1,-1
2021-09-06 15:25:17.330,17530,17531,17530,1,-1
2021-09-06 15:25:22.471,17529,17530,17530,2,2
2021-09-06 15:25:26.585,17529,17530,17529,3,-3
2021-09-06 15:25:38.439,17529,17530,17530,2,2
2021-09-06 15:25:44.184,17529,17530,17530,2,2
2021-09-06 15:25:44.493,17529,17530,17530,2,2
2021-09-06 15:25:50.685,17529,17530,17529,3,-3
2021-09-06 15:25:54.888,17529,17530,17530,2,2
2021-09-06 15:26:00.962,17529,17530,17529,1,-1
2021-09-06 15:26:01.314,17529,17530,17529,1,-1
2021-09-06 15:26:20.432,17528,17530,17530,1,1
2021-09-06 15:26:44.831,17528,17529,17528,1,-1
2021-09-06 15:26:47.755,17528,17529,17528,1,-1
2021-09-06 15:26:52.135,17528,17529,17528,1,-1
2021-09-06 15:26:52.347,17528,17529,17528,1,-1
2021-09-06 15:26:57.308,17528,17529,17528,9,-9
2021-09-06 15:27:02.855,17527,17528,17528,4,4
2021-09-06 15:27:06.683,17528,17529,17528,1,-1
2021-09-06 15:27:11.215,17527,17529,17529,1,1
2021-09-06 15:27:14.372,17527,17529,17529,1,1
2021-09-06 15:27:17.075,17528,17529,17528,1,-1
2021-09-06 15:27:26.943,17527,17528,17528,1,1
2021-09-06 15:27:26.943,17527,17528,17529,1,1
2021-09-06 15:27:40.393,17527,17528,17527,2,-2
2021-09-06 15:27:40.518,17527,17528,17528,1,1
2021-09-06 15:27:43.646,17527,17528,17527,3,-3
2021-09-06 15:27:46.508,17527,17528,17527,1,-1
2021-09-06 15:27:49.970,17527,17528,17527,1,-1
2021-09-06 15:27:50.402,17527,17528,17527,1,-1
2021-09-06 15:27:56.565,17527,17528,17527,1,-1
2021-09-06 15:27:57.898,17527,17528,17527,1,-1
2021-09-06 15:28:07.379,17527,17528,17527,1,-1
2021-09-06 15:28:07.721,17527,17528,17527,2,-2
2021-09-06 15:28:33.630,17526,17527,17526,2,-2
2021-09-06 15:28:34.747,17525,17527,17525,1,-1
2021-09-06 15:28:34.751,17525,17527,17525,1,-1
2021-09-06 15:28:34.782,17525,17527,17525,1,-1
2021-09-06 15:28:34.837,17525,17527,17525,3,-3
2021-09-06 15:28:34.850,17525,17527,17525,1,-1
2021-09-06 15:28:34.858,17525,17527,17525,1,-1
2021-09-06 15:28:34.910,17525,17526,17525,3,-3
2021-09-06 15:28:34.910,17525,17526,17524,1,-1
2021-09-06 15:28:42.824,17525,17527,17525,1,1
2021-09-06 15:28:43.194,17525,17527,17525,1,-1
2021-09-06 15:28:45.568,17525,17526,17525,1,-1
2021-09-06 15:28:45.568,17525,17526,17524,1,-1
2021-09-06 15:28:45.706,17524,17526,17525,1,1
2021-09-06 15:28:48.401,17525,17526,17526,1,1
2021-09-06 15:28:49.923,17525,17527,17525,2,-2
2021-09-06 15:28:57.151,17526,17527,17527,5,5
2021-09-06 15:28:57.277,17526,17527,17527,7,7
2021-09-06 15:29:16.686,17526,17527,17527,1,1
2021-09-06 15:29:18.373,17526,17528,17526,2,-2
2021-09-06 15:29:18.928,17526,17528,17526,1,-1
2021-09-06 15:29:21.242,17526,17527,17527,1,1
2021-09-06 15:29:23.402,17527,17528,17528,6,6
2021-09-06 15:29:31.038,17528,17529,17528,1,-1
2021-09-06 15:29:38.563,17528,17529,17529,1,1
2021-09-06 15:29:45.674,17528,17529,17529,3,3
2021-09-06 15:29:45.674,17528,17529,17529,1,1
2021-09-06 15:29:51.850,17528,17530,17530,2,2
2021-09-06 15:29:57.576,17528,17530,17528,2,-2
2021-09-06 15:29:57.683,17528,17530,17530,24,24
2021-09-06 15:30:00.631,17530,17531,17531,1,1
2021-09-06 15:30:00.748,17530,17532,17532,1,1
2021-09-06 15:30:00.832,17530,17532,17532,1,1
2021-09-06 15:30:00.850,17530,17532,17530,2,-2
2021-09-06 15:30:01.372,17530,17532,17532,1,1
2021-09-06 15:30:01.736,17530,17532,17532,3,3
2021-09-06 15:30:01.795,17531,17532,17532,1,1
2021-09-06 15:30:02.395,17531,17532,17531,2,-2
2021-09-06 15:30:06.735,17531,17532,17532,1,1
2021-09-06 15:30:06.735,17531,17532,17532,3,3
2021-09-06 15:30:12.337,17531,17532,17531,2,-2
2021-09-06 15:30:13.003,17530,17532,17532,3,3
2021-09-06 15:30:13.003,17530,17532,17532,2,2
2021-09-06 15:30:17.537,17531,17532,17532,1,1
2021-09-06 15:30:17.963,17531,17533,17533,1,1
2021-09-06 15:30:18.238,17531,17533,17533,1,1
2021-09-06 15:30:19.984,17531,17532,17532,1,1
2021-09-06 15:30:20.004,17531,17532,17532,1,1
2021-09-06 15:30:23.729,17531,17533,17533,2,2
2021-09-06 15:30:30.486,17532,17533,17533,2,2
2021-09-06 15:30:32.611,17532,17533,17532,4,-4
2021-09-06 15:30:34.153,17532,17533,17532,1,-1
2021-09-06 15:30:40.691,17530,17532,17532,1,1
2021-09-06 15:30:46.963,17531,17533,17533,1,1
2021-09-06 15:30:47.028,17531,17533,17533,1,1
2021-09-06 15:30:52.850,17531,17532,17531,2,-2
2021-09-06 15:31:01.550,17531,17532,17531,1,-1
2021-09-06 15:31:02.306,17531,17532,17531,2,-2
2021-09-06 15:31:07.898,17531,17532,17532,1,1
2021-09-06 15:31:09.107,17531,17532,17531,1,-1
2021-09-06 15:31:38.901,17531,17532,17531,1,-1
2021-09-06 15:31:40.526,17531,17532,17531,3,-3
2021-09-06 15:31:50.034,17530,17532,17531,1,-1
2021-09-06 15:32:04.346,17530,17531,17531,1,1
2021-09-06 15:32:12.484,17531,17532,17531,1,-1
2021-09-06 15:32:24.453,17531,17532,17532,1,1
2021-09-06 15:32:26.369,17531,17532,17531,2,-2
2021-09-06 15:32:36.775,17531,17532,17532,1,1
2021-09-06 15:32:37.125,17531,17532,17532,2,2
2021-09-06 15:32:37.125,17531,17532,17532,3,3
2021-09-06 15:32:38.700,17531,17533,17531,1,-1
2021-09-06 15:32:40.751,17531,17532,17531,3,-3
2021-09-06 15:33:07.908,17530,17531,17530,7,-7
2021-09-06 15:33:07.912,17530,17531,17530,12,-12
2021-09-06 15:33:26.626,17529,17530,17530,1,1
2021-09-06 15:33:28.235,17529,17530,17529,1,-1
2021-09-06 15:33:29.851,17529,17530,17529,1,-1
2021-09-06 15:33:30.203,17529,17530,17530,1,1
2021-09-06 15:33:41.476,17528,17530,17530,1,1
2021-09-06 15:33:42.574,17528,17529,17529,1,1
2021-09-06 15:33:56.833,17528,17529,17528,2,-2
2021-09-06 15:33:56.833,17528,17529,17528,2,-2
2021-09-06 15:33:57.500,17527,17529,17527,1,-1
2021-09-06 15:34:04.076,17527,17528,17527,1,-1
2021-09-06 15:34:08.095,17527,17528,17527,1,-1
2021-09-06 15:34:08.154,17527,17528,17528,1,1
2021-09-06 15:34:08.154,17527,17528,17529,1,1
2021-09-06 15:34:08.154,17527,17528,17529,1,1
2021-09-06 15:34:08.155,17527,17528,17529,1,1
2021-09-06 15:34:15.596,17528,17529,17529,2,2
2021-09-06 15:34:15.653,17529,17530,17530,1,1
2021-09-06 15:34:15.654,17529,17530,17530,1,1
2021-09-06 15:34:26.161,17529,17530,17529,2,-2
2021-09-06 15:34:31.048,17528,17529,17528,1,-1
2021-09-06 15:34:31.154,17527,17529,17529,1,1
2021-09-06 15:34:39.258,17528,17529,17528,4,-4
2021-09-06 15:35:00.942,17527,17528,17528,1,1
2021-09-06 15:35:01.029,17527,17528,17528,1,1
2021-09-06 15:35:01.030,17527,17528,17528,1,1
2021-09-06 15:35:01.030,17527,17528,17528,1,1
2021-09-06 15:35:01.030,17527,17528,17528,1,1
2021-09-06 15:35:01.035,17527,17528,17528,1,1
2021-09-06 15:35:01.215,17527,17529,17529,1,1
2021-09-06 15:35:05.214,17527,17528,17527,5,-5
2021-09-06 15:35:05.214,17527,17528,17527,1,-1
2021-09-06 15:35:10.043,17526,17528,17526,1,-1
2021-09-06 15:35:12.372,17526,17528,17528,3,3
2021-09-06 15:35:21.162,17526,17527,17527,1,1
2021-09-06 15:35:24.212,17527,17528,17528,1,1
2021-09-06 15:35:24.212,17527,17528,17528,1,1
2021-09-06 15:35:27.924,17527,17529,17529,1,1
2021-09-06 15:35:31.914,17527,17528,17528,1,1
2021-09-06 15:35:32.029,17527,17529,17529,1,1
2021-09-06 15:35:48.594,17528,17529,17529,1,1
2021-09-06 15:35:52.252,17528,17529,17528,1,-1
2021-09-06 15:35:52.252,17528,17529,17527,1,-1
2021-09-06 15:35:56.206,17527,17528,17528,2,2
2021-09-06 15:35:58.810,17527,17528,17528,2,2
2021-09-06 15:35:58.810,17527,17528,17529,14,14
2021-09-06 15:35:58.811,17527,17528,17529,1,1
2021-09-06 15:35:58.811,17527,17528,17529,5,5
2021-09-06 15:35:58.812,17527,17528,17529,1,1
2021-09-06 15:35:58.812,17527,17528,17529,2,2
2021-09-06 15:36:13.030,17528,17529,17529,1,1
2021-09-06 15:36:13.031,17528,17529,17529,2,2
2021-09-06 15:36:13.268,17529,17530,17530,2,2
2021-09-06 15:36:13.491,17529,17530,17530,3,3
2021-09-06 15:36:13.491,17529,17530,17530,4,4
2021-09-06 15:36:13.579,17530,17531,17531,1,1
2021-09-06 15:36:13.652,17530,17531,17531,1,1
2021-09-06 15:36:14.105,17530,17531,17531,1,1
2021-09-06 15:36:14.792,17530,17531,17530,1,-1
2021-09-06 15:36:17.360,17530,17531,17530,2,-2
2021-09-06 15:36:23.427,17528,17529,17529,2,2
2021-09-06 15:36:32.980,17528,17530,17530,1,1
2021-09-06 15:36:54.484,17529,17530,17529,1,-1
2021-09-06 15:36:54.484,17529,17530,17529,2,-2
2021-09-06 15:36:57.514,17528,17530,17530,1,1
2021-09-06 15:37:09.397,17528,17529,17529,1,1
2021-09-06 15:37:09.397,17528,17529,17530,1,1
2021-09-06 15:37:24.851,17529,17530,17530,1,1
2021-09-06 15:37:48.505,17529,17530,17530,1,1
2021-09-06 15:38:10.235,17529,17530,17529,1,-1
2021-09-06 15:38:13.510,17529,17530,17529,1,-1
2021-09-06 15:38:22.159,17529,17530,17529,10,-10
2021-09-06 15:38:25.454,17529,17530,17529,1,-1
2021-09-06 15:38:26.049,17529,17530,17529,1,-1
2021-09-06 15:38:32.087,17529,17530,17530,5,5
2021-09-06 15:38:32.088,17529,17530,17530,3,3
2021-09-06 15:38:36.471,17529,17530,17530,1,1
2021-09-06 15:38:41.510,17529,17530,17530,1,1
2021-09-06 15:38:41.510,17529,17530,17530,1,1
2021-09-06 15:38:51.020,17530,17531,17530,2,-2
2021-09-06 15:38:51.021,17530,17531,17530,1,-1
2021-09-06 15:38:51.443,17529,17531,17530,3,-3
2021-09-06 15:38:51.511,17529,17531,17530,2,-2
2021-09-06 15:38:51.511,17529,17531,17531,3,3
2021-09-06 15:38:52.593,17529,17531,17530,2,-2
2021-09-06 15:39:01.423,17530,17531,17531,2,2
2021-09-06 15:39:20.134,17530,17531,17531,1,1
2021-09-06 15:39:20.471,17530,17531,17531,2,2
2021-09-06 15:39:21.289,17530,17531,17531,5,5
2021-09-06 15:39:36.975,17530,17531,17530,7,-7
2021-09-06 15:39:36.975,17530,17531,17530,1,-1
2021-09-06 15:39:36.975,17530,17531,17530,7,-7
2021-09-06 15:39:54.235,17530,17531,17530,2,-2
2021-09-06 15:40:03.765,17529,17530,17530,1,1
2021-09-06 15:40:55.500,17529,17530,17529,1,-1
2021-09-06 15:41:02.848,17529,17530,17530,1,1
2021-09-06 15:41:07.269,17529,17530,17529,3,-3
2021-09-06 15:41:07.269,17529,17530,17529,11,-11
2021-09-06 15:41:07.271,17529,17530,17528,1,-1
2021-09-06 15:41:07.271,17529,17530,17528,7,-7
2021-09-06 15:41:07.271,17529,17530,17528,1,-1
2021-09-06 15:41:22.102,17529,17530,17529,1,1
2021-09-06 15:41:22.509,17529,17530,17529,1,-1
2021-09-06 15:41:37.892,17528,17529,17528,1,-1
2021-09-06 15:41:49.923,17527,17528,17527,2,-2
2021-09-06 15:41:55.562,17527,17528,17527,1,-1
2021-09-06 15:42:03.832,17527,17528,17527,2,-2
2021-09-06 15:42:04.206,17526,17528,17528,3,3
2021-09-06 15:42:04.510,17527,17528,17527,1,-1
2021-09-06 15:42:10.084,17527,17528,17528,4,4
2021-09-06 15:42:12.562,17528,17529,17529,1,1
2021-09-06 15:42:17.868,17527,17529,17529,1,1
2021-09-06 15:42:31.955,17527,17529,17527,3,-3
2021-09-06 15:42:40.109,17528,17529,17528,1,1
2021-09-06 15:42:40.110,17528,17529,17528,2,-2
2021-09-06 15:42:58.652,17527,17528,17528,1,1
2021-09-06 15:43:10.398,17528,17529,17529,1,1
2021-09-06 15:43:10.399,17528,17529,17529,2,2
2021-09-06 15:43:10.405,17529,17530,17530,2,2
2021-09-06 15:43:10.405,17529,17530,17530,1,1
2021-09-06 15:43:10.406,17529,17530,17530,1,1
2021-09-06 15:43:10.406,17529,17530,17530,1,1
2021-09-06 15:43:10.407,17529,17530,17530,1,1
2021-09-06 15:43:10.409,17529,17530,17530,1,1
2021-09-06 15:43:10.410,17529,17530,17530,1,1
2021-09-06 15:43:10.778,17529,17531,17529,2,-2
2021-09-06 15:43:14.263,17529,17531,17531,1,1
2021-09-06 15:43:14.278,17529,17531,17531,1,1
2021-09-06 15:43:14.278,17529,17531,17531,1,1
2021-09-06 15:43:14.279,17529,17531,17531,1,1
2021-09-06 15:43:14.279,17529,17531,17531,1,1
2021-09-06 15:43:14.279,17529,17531,17531,1,1
2021-09-06 15:43:14.280,17529,17531,17531,1,1
2021-09-06 15:43:14.280,17529,17531,17531,1,1
2021-09-06 15:43:14.280,17529,17531,17531,1,1
2021-09-06 15:43:30.986,17529,17530,17530,1,1
2021-09-06 15:43:31.581,17529,17531,17529,1,-1
2021-09-06 15:43:31.653,17529,17530,17530,1,1
2021-09-06 15:43:31.654,17529,17530,17531,2,2
2021-09-06 15:43:31.654,17529,17530,17531,1,1
2021-09-06 15:43:31.654,17529,17530,17531,1,1
2021-09-06 15:43:31.655,17529,17530,17531,1,1
2021-09-06 15:43:31.655,17529,17530,17531,1,1
2021-09-06 15:43:31.655,17529,17530,17531,1,1
2021-09-06 15:43:31.656,17529,17530,17531,1,1
2021-09-06 15:43:31.656,17529,17530,17532,1,1
2021-09-06 15:43:31.657,17529,17530,17532,1,1
2021-09-06 15:43:34.283,17529,17531,17531,2,2
2021-09-06 15:43:48.238,17529,17530,17530,1,1
2021-09-06 15:44:19.380,17528,17529,17528,2,-2
2021-09-06 15:44:19.403,17527,17529,17529,1,1
2021-09-06 15:44:19.404,17527,17529,17529,1,1
2021-09-06 15:44:19.404,17527,17529,17529,1,1
2021-09-06 15:44:19.404,17527,17529,17529,1,1
2021-09-06 15:44:19.404,17527,17529,17529,1,1
2021-09-06 15:44:19.404,17527,17529,17529,1,1
2021-09-06 15:44:19.404,17527,17529,17529,1,1
2021-09-06 15:44:19.404,17527,17529,17530,1,1
2021-09-06 15:44:19.404,17527,17529,17530,1,1
2021-09-06 15:44:19.404,17527,17529,17530,1,1
2021-09-06 15:44:19.405,17527,17529,17530,1,1
2021-09-06 15:44:19.405,17527,17529,17530,1,1
2021-09-06 15:44:19.405,17527,17529,17530,1,1
2021-09-06 15:44:19.405,17527,17529,17530,1,1
2021-09-06 15:44:19.405,17527,17529,17530,1,1
2021-09-06 15:44:19.405,17527,17529,17530,1,1
2021-09-06 15:44:32.303,17527,17529,17529,1,1
2021-09-06 15:44:36.107,17527,17529,17529,1,1
2021-09-06 15:44:46.254,17528,17530,17528,1,-1
2021-09-06 15:44:46.278,17528,17530,17530,1,1
2021-09-06 15:44:46.278,17528,17530,17530,1,1
2021-09-06 15:44:46.279,17528,17530,17530,1,1
2021-09-06 15:44:46.279,17528,17530,17530,1,1
2021-09-06 15:44:51.641,17528,17530,17528,5,-5
2021-09-06 15:44:59.527,17527,17528,17527,4,-4
2021-09-06 15:45:35.016,17526,17527,17527,1,1
2021-09-06 15:45:35.541,17526,17528,17528,1,1
2021-09-06 15:45:35.744,17527,17528,17527,1,-1
2021-09-06 15:45:35.806,17526,17528,17526,1,-1
2021-09-06 15:45:39.816,17526,17528,17528,1,1
2021-09-06 15:45:47.987,17527,17529,17527,1,-1
2021-09-06 15:45:51.849,17528,17529,17528,1,1
2021-09-06 15:46:01.901,17528,17529,17528,3,-3
2021-09-06 15:46:02.526,17527,17528,17527,2,-2
2021-09-06 15:46:03.026,17526,17527,17526,4,-4
2021-09-06 15:46:09.455,17526,17527,17526,10,-10
2021-09-06 15:46:09.455,17526,17527,17526,2,-2
2021-09-06 15:46:09.456,17526,17527,17526,1,-1
2021-09-06 15:46:29.538,17526,17527,17526,1,-1
2021-09-06 15:46:37.544,17526,17527,17526,1,-1
2021-09-06 15:46:47.040,17525,17526,17525,1,-1
2021-09-06 15:46:47.228,17525,17526,17525,1,-1
2021-09-06 15:46:50.402,17525,17526,17525,1,-1
2021-09-06 15:46:50.578,17525,17526,17525,1,-1
2021-09-06 15:46:52.033,17524,17526,17525,1,-1
2021-09-06 15:46:59.967,17525,17526,17526,1,1
2021-09-06 15:47:11.254,17525,17526,17525,1,-1
2021-09-06 15:47:18.162,17525,17526,17525,3,-3
2021-09-06 15:47:18.842,17524,17526,17524,2,-2
2021-09-06 15:47:18.943,17524,17526,17524,2,-2
2021-09-06 15:47:28.906,17524,17526,17524,3,-3
2021-09-06 15:47:30.726,17524,17525,17524,1,-1
2021-09-06 15:47:33.375,17524,17525,17525,1,1
2021-09-06 15:47:53.138,17525,17526,17525,1,-1
2021-09-06 15:47:53.138,17525,17526,17525,1,-1
2021-09-06 15:47:53.452,17525,17526,17525,1,-1
2021-09-06 15:47:58.644,17525,17526,17525,1,-1
2021-09-06 15:47:58.644,17525,17526,17524,1,-1
2021-09-06 15:48:00.573,17524,17526,17526,4,4
2021-09-06 15:48:05.878,17524,17526,17524,5,-5
2021-09-06 15:48:19.331,17524,17525,17525,1,1
2021-09-06 15:48:19.449,17525,17526,17525,1,-1
2021-09-06 15:48:19.458,17525,17526,17525,1,-1
2021-09-06 15:48:19.468,17525,17526,17524,1,-1
2021-09-06 15:48:19.477,17525,17526,17524,1,-1
2021-09-06 15:48:19.485,17525,17526,17524,1,-1
2021-09-06 15:48:19.593,17524,17526,17524,1,-1
2021-09-06 15:48:29.120,17525,17526,17526,1,1
2021-09-06 15:48:29.120,17525,17526,17526,3,3
2021-09-06 15:48:31.538,17526,17527,17526,1,-1
2021-09-06 15:48:34.526,17525,17526,17526,1,1
2021-09-06 15:48:38.131,17525,17527,17525,3,-3
2021-09-06 15:48:44.026,17526,17527,17527,3,3
2021-09-06 15:48:47.325,17526,17528,17526,1,-1
2021-09-06 15:49:03.091,17527,17528,17528,1,1
2021-09-06 15:49:17.680,17527,17528,17528,1,1
2021-09-06 15:49:27.016,17527,17528,17528,1,1
2021-09-06 15:49:43.276,17527,17528,17528,3,3
2021-09-06 15:49:44.470,17527,17528,17527,2,-2
2021-09-06 15:49:54.917,17527,17528,17527,1,-1
2021-09-06 15:49:54.917,17527,17528,17527,5,-5
2021-09-06 15:49:54.917,17527,17528,17527,1,-1
2021-09-06 15:50:08.633,17526,17527,17526,1,-1
2021-09-06 15:50:17.944,17526,17527,17526,1,-1
2021-09-06 15:50:48.565,17526,17527,17527,2,2
2021-09-06 15:51:11.265,17526,17527,17526,7,-7
2021-09-06 15:51:11.265,17526,17527,17526,3,-3
2021-09-06 15:51:12.885,17526,17527,17527,1,1
2021-09-06 15:51:21.526,17526,17527,17527,1,1
2021-09-06 15:51:28.840,17526,17527,17527,1,1
2021-09-06 15:51:36.143,17526,17528,17528,1,1
2021-09-06 15:51:50.178,17527,17528,17528,1,1
2021-09-06 15:52:27.006,17527,17528,17527,2,-2
2021-09-06 15:52:36.332,17526,17528,17526,1,-1
2021-09-06 15:52:36.476,17526,17528,17526,1,-1
2021-09-06 15:52:39.301,17525,17526,17525,1,-1
2021-09-06 15:52:41.032,17525,17527,17525,1,-1
2021-09-06 15:52:45.403,17525,17527,17525,1,-1
2021-09-06 15:52:56.443,17526,17527,17526,1,1
2021-09-06 15:53:03.688,17526,17528,17526,1,-1
2021-09-06 15:53:10.356,17526,17527,17527,1,1
2021-09-06 15:53:13.151,17527,17528,17528,7,7
2021-09-06 15:53:19.977,17528,17529,17529,1,1
2021-09-06 15:53:23.026,17528,17529,17529,4,4
2021-09-06 15:53:23.027,17528,17529,17529,1,1
2021-09-06 15:53:23.796,17529,17530,17529,1,-1
2021-09-06 15:53:24.672,17528,17529,17529,2,2
2021-09-06 15:53:26.306,17528,17529,17528,1,-1
2021-09-06 15:53:31.673,17526,17528,17528,1,1
2021-09-06 15:53:37.625,17526,17528,17528,3,3
2021-09-06 15:53:37.625,17526,17528,17528,1,1
2021-09-06 15:53:47.931,17526,17528,17528,1,1
2021-09-06 15:53:52.950,17526,17528,17526,6,-6
2021-09-06 15:53:52.950,17526,17528,17525,4,-4
2021-09-06 15:54:02.234,17526,17527,17527,1,1
2021-09-06 15:54:25.429,17527,17528,17528,1,1
2021-09-06 15:54:41.189,17527,17528,17527,1,-1
2021-09-06 15:55:12.711,17527,17528,17527,1,-1
2021-09-06 15:55:12.712,17527,17528,17527,2,-2
2021-09-06 15:55:38.680,17526,17528,17526,3,-3
2021-09-06 15:55:38.681,17526,17528,17526,1,-1
2021-09-06 15:55:38.681,17526,17528,17526,1,-1
2021-09-06 15:55:44.207,17525,17526,17526,1,1
2021-09-06 15:55:46.176,17525,17526,17525,2,-2
2021-09-06 15:55:50.725,17525,17526,17525,3,-3
2021-09-06 15:56:08.049,17525,17526,17525,2,-2
2021-09-06 15:56:13.048,17524,17525,17524,1,-1
2021-09-06 15:56:45.155,17524,17525,17525,2,2
2021-09-06 15:56:45.155,17524,17525,17525,1,1
2021-09-06 15:57:00.847,17525,17526,17525,2,-2
2021-09-06 15:57:03.922,17525,17526,17526,1,1
2021-09-06 15:57:05.567,17525,17526,17525,1,-1
2021-09-06 15:57:14.072,17524,17525,17525,1,1
2021-09-06 15:57:15.927,17524,17525,17525,1,1
2021-09-06 15:57:16.876,17525,17526,17525,2,-2
2021-09-06 15:57:18.686,17524,17525,17525,1,1
2021-09-06 15:57:27.507,17524,17525,17524,1,-1
2021-09-06 15:57:32.869,17524,17525,17525,1,1
2021-09-06 15:57:38.113,17524,17525,17525,1,1
2021-09-06 15:57:39.329,17525,17526,17525,1,-1
2021-09-06 15:58:03.619,17525,17526,17525,3,-3
2021-09-06 15:58:08.143,17525,17526,17525,1,-1
2021-09-06 15:58:27.775,17525,17526,17525,1,-1
2021-09-06 15:58:28.671,17525,17526,17526,1,1
2021-09-06 15:58:29.218,17525,17526,17525,2,-2
2021-09-06 15:58:32.850,17525,17526,17525,1,-1
2021-09-06 15:58:39.079,17525,17526,17526,6,6
2021-09-06 15:58:41.138,17525,17527,17525,2,-2
2021-09-06 15:58:54.578,17526,17527,17526,1,1
2021-09-06 15:58:57.075,17526,17527,17526,1,-1
2021-09-06 15:58:58.430,17526,17527,17526,2,-2
2021-09-06 15:59:17.379,17526,17527,17527,1,1
2021-09-06 15:59:44.187,17526,17527,17527,8,8
2021-09-06 15:59:59.205,17527,17528,17527,5,-5
2021-09-06 15:59:59.205,17527,17528,17527,3,-3
2021-09-06 15:59:59.205,17527,17528,17527,1,-1
2021-09-06 16:00:00.433,17526,17527,17527,1,1
2021-09-06 16:00:01.204,17526,17528,17526,1,-1
2021-09-06 16:00:01.303,17526,17528,17526,1,-1
2021-09-06 16:00:02.522,17526,17528,17528,1,1
2021-09-06 16:00:03.728,17526,17527,17527,2,2
2021-09-06 16:00:33.879,17527,17528,17528,1,1
2021-09-06 16:00:44.663,17527,17528,17527,1,-1
2021-09-06 16:00:44.779,17527,17528,17528,1,1
2021-09-06 16:01:00.790,17527,17528,17527,2,-2
2021-09-06 16:01:09.182,17527,17528,17528,5,5
2021-09-06 16:01:09.183,17527,17528,17528,1,1
2021-09-06 16:01:09.183,17527,17528,17528,3,3
2021-09-06 16:01:12.006,17528,17529,17529,1,1
2021-09-06 16:01:30.225,17528,17530,17530,1,1
2021-09-06 16:01:39.289,17529,17530,17530,6,6
2021-09-06 16:01:40.386,17529,17530,17530,1,1
2021-09-06 16:01:54.820,17529,17530,17530,1,1
2021-09-06 16:01:56.299,17529,17531,17531,1,1
2021-09-06 16:02:00.020,17530,17531,17531,5,5
2021-09-06 16:02:03.226,17530,17531,17531,2,2
2021-09-06 16:02:03.276,17530,17531,17531,4,4
2021-09-06 16:02:04.688,17530,17531,17530,1,-1
2021-09-06 16:02:24.436,17531,17532,17531,1,1
2021-09-06 16:02:24.795,17531,17532,17532,4,4
2021-09-06 16:02:26.220,17531,17532,17532,1,1
2021-09-06 16:02:26.331,17531,17532,17532,3,3
2021-09-06 16:02:29.815,17531,17532,17532,3,3
2021-09-06 16:02:30.188,17531,17532,17532,3,3
2021-09-06 16:02:33.473,17531,17532,17531,4,-4
2021-09-06 16:02:35.797,17530,17531,17531,1,1
2021-09-06 16:02:39.549,17530,17531,17531,2,2
2021-09-06 16:02:46.046,17530,17531,17531,3,3
2021-09-06 16:02:52.622,17530,17531,17531,1,1
2021-09-06 16:03:02.787,17530,17531,17531,4,4
2021-09-06 16:03:02.787,17530,17531,17532,1,1
2021-09-06 16:03:31.118,17531,17532,17532,2,2
2021-09-06 16:03:42.127,17531,17532,17532,6,6
2021-09-06 16:03:45.050,17532,17533,17533,5,5
2021-09-06 16:03:45.412,17532,17533,17533,2,2
2021-09-06 16:03:45.430,17532,17533,17533,2,2
2021-09-06 16:03:47.354,17533,17534,17533,5,-5
2021-09-06 16:03:47.373,17533,17534,17534,1,1
2021-09-06 16:03:47.468,17533,17534,17534,5,5
2021-09-06 16:03:47.468,17533,17534,17534,5,5
2021-09-06 16:03:47.734,17533,17535,17533,1,-1
2021-09-06 16:03:47.919,17533,17534,17534,1,1
2021-09-06 16:03:48.077,17533,17534,17534,1,1
2021-09-06 16:03:48.083,17533,17534,17534,1,1
2021-09-06 16:03:48.105,17533,17534,17534,1,1
2021-09-06 16:03:48.378,17533,17534,17533,1,-1
2021-09-06 16:03:54.173,17533,17534,17534,1,1
2021-09-06 16:03:58.511,17533,17534,17534,1,1
2021-09-06 16:03:59.225,17533,17534,17534,2,2
2021-09-06 16:03:59.262,17533,17534,17534,2,2
2021-09-06 16:03:59.299,17533,17534,17534,1,1
2021-09-06 16:03:59.541,17533,17534,17534,2,2
2021-09-06 16:04:01.185,17533,17534,17533,1,-1
2021-09-06 16:04:01.622,17533,17534,17534,3,3
2021-09-06 16:04:04.798,17534,17535,17535,1,1
2021-09-06 16:04:04.925,17534,17535,17535,1,1
2021-09-06 16:04:04.931,17534,17535,17535,10,10
2021-09-06 16:04:04.950,17534,17535,17535,2,2
2021-09-06 16:04:04.950,17534,17535,17535,1,1
2021-09-06 16:04:04.950,17534,17535,17535,7,7
2021-09-06 16:04:04.950,17534,17535,17535,1,1
2021-09-06 16:04:04.951,17534,17535,17535,1,1
2021-09-06 16:04:04.951,17534,17535,17535,6,6
2021-09-06 16:04:04.951,17534,17535,17535,5,5
2021-09-06 16:04:04.951,17534,17535,17535,1,1
2021-09-06 16:04:04.951,17534,17535,17535,20,20
2021-09-06 16:04:04.952,17534,17535,17536,1,1
2021-09-06 16:04:04.953,17534,17535,17536,1,1
2021-09-06 16:04:04.953,17534,17535,17536,1,1
2021-09-06 16:04:04.953,17534,17535,17536,1,1
2021-09-06 16:04:04.953,17534,17535,17536,1,1
2021-09-06 16:04:04.953,17534,17535,17536,1,1
2021-09-06 16:04:06.006,17535,17536,17536,1,1
2021-09-06 16:04:06.616,17536,17537,17536,1,-1
2021-09-06 16:04:08.230,17535,17536,17536,1,1
2021-09-06 16:04:09.744,17535,17536,17536,1,1
2021-09-06 16:04:10.142,17535,17536,17536,2,2
2021-09-06 16:04:10.474,17535,17536,17535,1,-1
2021-09-06 16:04:10.475,17535,17536,17535,1,-1
2021-09-06 16:04:10.836,17534,17536,17536,1,1
2021-09-06 16:04:11.382,17534,17536,17536,1,1
2021-09-06 16:04:18.591,17535,17536,17536,1,1
2021-09-06 16:04:20.484,17535,17536,17536,5,5
2021-09-06 16:04:21.033,17535,17536,17536,1,1
2021-09-06 16:04:21.444,17535,17536,17536,1,1
2021-09-06 16:04:21.500,17535,17536,17536,2,2
2021-09-06 16:04:22.323,17536,17537,17536,1,-1
2021-09-06 16:04:25.512,17535,17536,17536,1,1
2021-09-06 16:04:26.438,17535,17536,17536,1,1
2021-09-06 16:04:32.203,17535,17536,17536,2,2
2021-09-06 16:04:32.734,17535,17536,17536,4,4
2021-09-06 16:04:32.735,17535,17536,17536,1,1
2021-09-06 16:04:33.417,17535,17536,17536,1,1
2021-09-06 16:04:35.162,17535,17536,17535,5,-5
2021-09-06 16:04:35.851,17535,17536,17535,2,-2
2021-09-06 16:04:36.579,17534,17535,17535,1,1
2021-09-06 16:04:37.575,17534,17535,17535,1,1
2021-09-06 16:04:38.111,17534,17535,17534,1,-1
2021-09-06 16:04:38.111,17534,17535,17534,1,-1
2021-09-06 16:04:38.111,17534,17535,17534,1,-1
2021-09-06 16:04:38.112,17534,17535,17534,1,-1
2021-09-06 16:04:38.112,17534,17535,17534,2,-2
2021-09-06 16:04:38.112,17534,17535,17534,1,-1
2021-09-06 16:04:38.112,17534,17535,17534,2,-2
2021-09-06 16:04:38.112,17534,17535,17534,20,-20
2021-09-06 16:04:40.636,17532,17533,17532,1,-1
2021-09-06 16:04:41.604,17532,17533,17532,1,-1
2021-09-06 16:04:42.039,17532,17533,17533,5,5
2021-09-06 16:04:44.369,17532,17533,17533,1,1
2021-09-06 16:04:44.369,17532,17533,17534,10,10
2021-09-06 16:04:47.676,17533,17534,17533,1,-1
2021-09-06 16:04:54.228,17532,17533,17533,1,1
2021-09-06 16:05:01.766,17532,17533,17533,1,1
2021-09-06 16:05:02.834,17532,17533,17532,1,-1
2021-09-06 16:05:02.951,17532,17533,17533,1,1
2021-09-06 16:05:03.056,17532,17533,17533,1,1
2021-09-06 16:05:13.467,17532,17533,17533,1,1
2021-09-06 16:05:14.923,17532,17534,17532,1,-1
2021-09-06 16:05:15.747,17532,17534,17532,1,-1
2021-09-06 16:05:15.893,17532,17534,17533,1,1
2021-09-06 16:05:26.447,17532,17533,17533,1,1
2021-09-06 16:05:28.134,17532,17533,17532,1,-1
2021-09-06 16:05:29.266,17532,17533,17532,31,-31
2021-09-06 16:05:37.122,17530,17531,17531,1,1
2021-09-06 16:05:38.543,17530,17531,17530,4,-4
2021-09-06 16:05:46.056,17530,17531,17531,2,2
2021-09-06 16:05:48.284,17530,17532,17530,1,-1
2021-09-06 16:05:53.066,17531,17532,17532,1,1
2021-09-06 16:05:53.260,17531,17532,17532,1,1
2021-09-06 16:05:53.408,17531,17533,17533,1,1
2021-09-06 16:06:03.737,17532,17533,17532,1,-1
2021-09-06 16:06:04.066,17531,17533,17531,3,-3
2021-09-06 16:06:04.193,17531,17533,17533,1,1
2021-09-06 16:06:04.360,17531,17533,17533,1,1
2021-09-06 16:06:13.153,17531,17532,17531,1,-1
2021-09-06 16:06:13.503,17531,17532,17531,1,-1
2021-09-06 16:06:21.354,17531,17532,17532,1,1
2021-09-06 16:06:21.354,17531,17532,17532,1,1
2021-09-06 16:06:26.897,17532,17533,17533,1,1
2021-09-06 16:06:30.743,17532,17533,17533,3,3
2021-09-06 16:06:33.267,17533,17534,17533,2,-2
2021-09-06 16:06:42.847,17532,17533,17533,1,1
2021-09-06 16:06:47.199,17533,17534,17533,2,-2
2021-09-06 16:06:47.199,17533,17534,17532,3,-3
2021-09-06 16:06:49.430,17533,17534,17533,8,8
2021-09-06 16:06:51.474,17532,17533,17532,1,-1
2021-09-06 16:07:10.812,17532,17533,17532,17,-17
2021-09-06 16:07:19.220,17532,17533,17532,1,-1
2021-09-06 16:07:21.823,17531,17533,17531,2,-2
2021-09-06 16:07:28.581,17531,17532,17531,1,-1
2021-09-06 16:08:07.004,17530,17531,17531,1,1
2021-09-06 16:08:56.045,17531,17532,17532,2,2
2021-09-06 16:08:56.228,17531,17532,17532,1,1
2021-09-06 16:08:56.236,17531,17532,17532,1,1
2021-09-06 16:08:56.267,17531,17532,17533,1,1
2021-09-06 16:08:56.277,17531,17533,17533,1,1
2021-09-06 16:09:15.444,17532,17533,17532,1,-1
2021-09-06 16:09:28.271,17531,17533,17533,1,1
2021-09-06 16:09:33.837,17531,17533,17533,1,1
2021-09-06 16:09:36.689,17531,17533,17532,1,-1
2021-09-06 16:09:53.909,17531,17533,17533,3,3
2021-09-06 16:10:40.663,17533,17534,17533,1,-1
2021-09-06 16:10:48.274,17532,17533,17533,1,1
2021-09-06 16:10:48.274,17532,17533,17534,2,2
2021-09-06 16:11:07.831,17532,17533,17532,1,-1
2021-09-06 16:11:15.654,17532,17533,17533,1,1
2021-09-06 16:11:16.888,17532,17533,17532,1,-1
2021-09-06 16:11:28.343,17532,17533,17533,6,6
2021-09-06 16:11:46.232,17533,17534,17533,1,-1
2021-09-06 16:11:58.446,17533,17534,17533,1,-1
2021-09-06 16:12:33.503,17532,17533,17533,1,1
2021-09-06 16:12:44.527,17532,17533,17532,1,-1
2021-09-06 16:12:51.462,17531,17532,17531,2,-2
2021-09-06 16:12:51.462,17531,17532,17530,8,-8
2021-09-06 16:13:05.541,17530,17532,17530,1,-1
2021-09-06 16:13:19.950,17530,17531,17530,3,-3
2021-09-06 16:13:39.775,17530,17531,17530,1,-1
2021-09-06 16:13:39.775,17530,17531,17530,1,-1
2021-09-06 16:14:01.311,17530,17531,17530,1,-1
2021-09-06 16:14:07.325,17529,17531,17531,5,5
2021-09-06 16:14:33.368,17531,17532,17531,1,-1
2021-09-06 16:15:02.813,17530,17532,17532,2,2
2021-09-06 16:15:02.919,17532,17533,17533,1,1
2021-09-06 16:15:03.384,17532,17533,17533,1,1
2021-09-06 16:15:03.403,17532,17533,17533,1,1
2021-09-06 16:15:29.403,17532,17533,17532,6,-6
2021-09-06 16:15:43.954,17532,17533,17533,1,1
2021-09-06 16:15:44.028,17532,17533,17533,1,1
2021-09-06 16:15:44.028,17532,17533,17533,1,1
2021-09-06 16:15:44.028,17532,17533,17533,1,1
2021-09-06 16:15:44.029,17532,17533,17534,1,1
2021-09-06 16:15:44.029,17532,17533,17534,1,1
2021-09-06 16:15:44.030,17532,17533,17534,1,1
2021-09-06 16:15:44.031,17532,17533,17534,1,1
2021-09-06 16:15:44.032,17532,17533,17534,1,1
2021-09-06 16:15:44.032,17532,17533,17534,1,1
2021-09-06 16:15:44.032,17532,17533,17534,1,1
2021-09-06 16:15:44.153,17533,17534,17534,1,1
2021-09-06 16:15:44.154,17533,17534,17535,1,1
2021-09-06 16:15:44.154,17533,17534,17535,1,1
2021-09-06 16:15:44.154,17533,17534,17535,1,1
2021-09-06 16:15:44.155,17533,17534,17536,1,1
2021-09-06 16:15:44.394,17533,17535,17536,1,1
2021-09-06 16:15:44.429,17533,17536,17536,1,1
2021-09-06 16:15:44.459,17533,17536,17536,1,1
2021-09-06 16:15:44.567,17533,17535,17535,1,1
2021-09-06 16:15:51.311,17534,17535,17535,1,1
2021-09-06 16:15:52.753,17534,17535,17534,1,-1
2021-09-06 16:15:52.781,17534,17535,17535,1,1
2021-09-06 16:16:03.316,17535,17536,17535,1,-1
2021-09-06 16:16:03.912,17535,17536,17535,1,-1
2021-09-06 16:16:11.365,17535,17536,17535,2,-2
2021-09-06 16:16:11.946,17534,17535,17535,1,1
2021-09-06 16:16:14.757,17534,17535,17534,1,-1
2021-09-06 16:16:28.432,17533,17534,17534,1,1
2021-09-06 16:16:31.904,17533,17534,17534,2,2
2021-09-06 16:16:32.030,17534,17535,17535,1,1
2021-09-06 16:16:36.472,17534,17535,17535,1,1
2021-09-06 16:16:50.273,17534,17535,17535,1,1
2021-09-06 16:17:06.482,17534,17535,17535,1,1
2021-09-06 16:17:10.161,17534,17535,17535,1,1
2021-09-06 16:17:12.739,17534,17535,17535,1,1
2021-09-06 16:17:13.369,17534,17535,17534,1,-1
2021-09-06 16:17:44.857,17534,17535,17534,4,-4
2021-09-06 16:17:44.858,17534,17535,17534,3,-3
2021-09-06 16:18:32.832,17533,17534,17533,1,-1
2021-09-06 16:18:34.792,17533,17534,17533,1,-1
2021-09-06 16:18:34.962,17533,17534,17534,1,1
2021-09-06 16:18:35.052,17533,17534,17534,1,1
2021-09-06 16:19:00.838,17533,17534,17534,2,2
2021-09-06 16:19:00.838,17533,17534,17535,2,2
2021-09-06 16:19:01.055,17533,17535,17533,1,-1
2021-09-06 16:19:32.382,17534,17535,17534,1,1
2021-09-06 16:19:52.782,17534,17535,17535,5,5
2021-09-06 16:19:52.782,17534,17535,17535,1,1
2021-09-06 16:19:52.802,17534,17535,17535,1,1
2021-09-06 16:19:54.803,17535,17536,17535,1,-1
2021-09-06 16:20:00.575,17534,17535,17535,1,1
2021-09-06 16:20:15.822,17534,17535,17535,1,1
2021-09-06 16:20:17.276,17534,17535,17535,2,2
2021-09-06 16:20:27.909,17535,17536,17536,2,2
2021-09-06 16:20:27.910,17535,17536,17536,4,4
2021-09-06 16:20:27.910,17535,17536,17536,2,2
2021-09-06 16:20:27.910,17535,17536,17536,1,1
2021-09-06 16:20:27.910,17535,17536,17536,1,1
2021-09-06 16:20:28.056,17535,17537,17537,2,2
2021-09-06 16:20:28.120,17535,17537,17537,1,1
2021-09-06 16:20:28.128,17535,17537,17537,1,1
2021-09-06 16:20:28.243,17535,17537,17537,1,1
2021-09-06 16:20:28.901,17536,17537,17537,1,1
2021-09-06 16:20:29.055,17536,17537,17537,1,1
2021-09-06 16:20:29.073,17536,17537,17537,1,1
2021-09-06 16:20:29.183,17536,17537,17537,1,1
2021-09-06 16:20:42.791,17535,17536,17536,1,1
2021-09-06 16:20:43.953,17535,17537,17537,1,1
2021-09-06 16:20:45.140,17535,17536,17536,1,1
2021-09-06 16:20:49.981,17536,17537,17536,1,-1
2021-09-06 16:20:52.594,17536,17537,17537,1,1
2021-09-06 16:21:09.454,17536,17537,17536,1,-1
2021-09-06 16:21:13.863,17536,17537,17536,1,-1
2021-09-06 16:21:23.968,17536,17537,17536,1,-1
2021-09-06 16:21:33.621,17536,17537,17537,1,1
2021-09-06 16:21:33.621,17536,17537,17537,1,1
2021-09-06 16:21:33.622,17536,17537,17537,1,1
2021-09-06 16:21:33.622,17536,17537,17537,3,3
2021-09-06 16:21:33.622,17536,17537,17537,1,1
2021-09-06 16:21:33.622,17536,17537,17537,1,1
2021-09-06 16:21:33.623,17536,17537,17537,2,2
2021-09-06 16:21:42.031,17536,17537,17536,1,-1
2021-09-06 16:21:45.512,17536,17537,17537,4,4
2021-09-06 16:21:47.812,17536,17537,17537,3,3
2021-09-06 16:21:55.410,17536,17537,17537,2,2
2021-09-06 16:21:55.410,17536,17537,17537,1,1
2021-09-06 16:22:03.481,17536,17537,17537,5,5
2021-09-06 16:22:04.347,17536,17537,17537,1,1
2021-09-06 16:22:10.262,17536,17537,17537,1,1
2021-09-06 16:22:13.476,17536,17538,17536,1,-1
2021-09-06 16:22:25.945,17536,17537,17536,1,-1
2021-09-06 16:22:30.724,17536,17537,17536,18,-18
2021-09-06 16:22:30.724,17536,17537,17536,1,-1
2021-09-06 16:22:30.725,17536,17537,17536,1,-1
2021-09-06 16:22:47.473,17535,17536,17536,1,1
2021-09-06 16:22:59.293,17535,17537,17535,3,-3
2021-09-06 16:23:13.164,17534,17536,17534,1,-1
2021-09-06 16:23:30.229,17535,17536,17535,1,1
2021-09-06 16:23:48.093,17535,17536,17536,2,2
2021-09-06 16:24:01.134,17535,17536,17535,1,-1
2021-09-06 16:24:02.972,17535,17536,17535,1,-1
2021-09-06 16:24:35.594,17535,17536,17535,1,-1
2021-09-06 16:24:50.480,17534,17535,17535,1,1
2021-09-06 16:25:11.419,17534,17535,17535,1,1
2021-09-06 16:25:12.261,17534,17535,17535,1,1
2021-09-06 16:25:15.614,17534,17535,17534,4,-4
2021-09-06 16:25:21.221,17534,17535,17534,6,-6
2021-09-06 16:25:27.189,17533,17535,17533,7,-7
2021-09-06 16:25:27.189,17533,17535,17532,2,-2
2021-09-06 16:25:29.505,17533,17535,17533,1,1
2021-09-06 16:25:33.149,17533,17535,17533,1,-1
2021-09-06 16:25:35.251,17532,17534,17534,1,1
2021-09-06 16:26:03.573,17533,17534,17533,1,-1
2021-09-06 16:26:13.665,17533,17534,17533,1,-1
2021-09-06 16:26:29.661,17533,17534,17533,1,-1
2021-09-06 16:26:40.669,17532,17533,17533,1,1
2021-09-06 16:27:02.521,17533,17534,17533,1,-1
2021-09-06 16:27:02.583,17533,17534,17533,1,-1
2021-09-06 16:27:38.531,17533,17534,17533,1,-1
2021-09-06 16:27:48.842,17532,17534,17532,2,-2
2021-09-06 16:27:59.604,17532,17534,17532,1,-1
2021-09-06 16:28:04.592,17532,17534,17532,1,-1
2021-09-06 16:28:04.935,17532,17534,17534,2,2
2021-09-06 16:28:09.466,17532,17533,17533,1,1
2021-09-06 16:28:22.275,17532,17533,17533,1,1
2021-09-06 16:28:25.740,17533,17534,17533,3,-3
2021-09-06 16:28:31.781,17533,17534,17533,1,-1
2021-09-06 16:28:51.353,17533,17534,17534,2,2
2021-09-06 16:29:00.877,17533,17534,17534,7,7
2021-09-06 16:29:01.119,17533,17535,17533,2,-2
2021-09-06 16:29:35.106,17533,17534,17534,1,1
2021-09-06 16:29:49.050,17533,17534,17534,1,1
2021-09-06 16:30:01.557,17533,17534,17534,1,1
2021-09-06 16:30:02.085,17534,17535,17535,2,2
2021-09-06 16:30:02.161,17534,17535,17535,2,2
2021-09-06 16:30:02.162,17534,17535,17535,2,2
2021-09-06 16:30:02.246,17534,17535,17536,2,2
2021-09-06 16:30:33.942,17534,17536,17536,1,1
2021-09-06 16:30:45.424,17534,17535,17535,2,2
2021-09-06 16:31:18.027,17534,17535,17535,1,1
2021-09-06 16:31:22.380,17534,17535,17535,2,2
2021-09-06 16:31:22.403,17534,17535,17535,1,1
2021-09-06 16:31:22.403,17534,17535,17535,1,1
2021-09-06 16:31:22.404,17534,17535,17536,1,1
2021-09-06 16:31:22.404,17534,17535,17536,1,1
2021-09-06 16:31:22.404,17534,17535,17536,1,1
2021-09-06 16:31:22.405,17534,17535,17537,1,1
2021-09-06 16:31:51.378,17535,17537,17536,1,-1
2021-09-06 16:31:58.485,17536,17537,17536,1,-1
2021-09-06 16:31:58.485,17536,17537,17535,2,-2
2021-09-06 16:31:58.528,17535,17537,17537,1,1
2021-09-06 16:31:58.529,17535,17537,17537,1,1
2021-09-06 16:31:58.529,17535,17537,17537,1,1
2021-09-06 16:32:00.670,17535,17537,17537,2,2
2021-09-06 16:32:00.779,17535,17537,17537,1,1
2021-09-06 16:32:22.809,17535,17537,17535,5,-5
2021-09-06 16:32:28.662,17534,17536,17536,2,2
2021-09-06 16:32:48.377,17536,17537,17537,1,1
2021-09-06 16:33:02.300,17536,17537,17537,1,1
2021-09-06 16:33:02.300,17536,17537,17538,1,1
2021-09-06 16:33:02.551,17536,17538,17538,2,2
2021-09-06 16:33:02.674,17536,17538,17538,2,2
2021-09-06 16:33:24.734,17536,17537,17537,4,4
2021-09-06 16:33:24.735,17536,17537,17537,1,1
2021-09-06 16:33:31.498,17536,17538,17538,1,1
2021-09-06 16:33:37.164,17536,17538,17538,1,1
2021-09-06 16:33:41.375,17537,17538,17537,1,-1
2021-09-06 16:33:45.441,17536,17537,17537,1,1
2021-09-06 16:33:48.226,17537,17538,17538,1,1
2021-09-06 16:33:50.084,17537,17538,17537,1,-1
2021-09-06 16:33:59.029,17537,17538,17537,2,-2
2021-09-06 16:34:00.703,17537,17538,17537,1,-1
2021-09-06 16:34:01.140,17537,17538,17537,1,-1
2021-09-06 16:34:13.142,17537,17538,17538,1,1
2021-09-06 16:34:14.792,17537,17538,17537,2,-2
2021-09-06 16:34:15.456,17537,17538,17537,2,-2
2021-09-06 16:34:36.339,17537,17538,17537,1,-1
2021-09-06 16:34:44.206,17537,17538,17537,1,-1
2021-09-06 16:34:58.007,17537,17538,17538,1,1
2021-09-06 16:35:03.587,17537,17538,17537,1,-1
2021-09-06 16:35:04.498,17537,17538,17538,1,1
2021-09-06 16:35:11.836,17537,17538,17537,6,-6
2021-09-06 16:35:11.837,17537,17538,17537,1,-1
2021-09-06 16:35:11.837,17537,17538,17537,3,-3
2021-09-06 16:35:12.076,17536,17538,17538,1,1
2021-09-06 16:35:18.024,17537,17538,17538,2,2
2021-09-06 16:35:18.025,17537,17538,17538,5,5
2021-09-06 16:35:18.026,17537,17538,17538,1,1
2021-09-06 16:35:18.026,17537,17538,17538,3,3
2021-09-06 16:35:18.026,17537,17538,17538,3,3
2021-09-06 16:35:18.026,17537,17538,17538,1,1
2021-09-06 16:35:18.026,17537,17538,17538,1,1
2021-09-06 16:35:18.026,17537,17538,17538,1,1
2021-09-06 16:35:28.782,17538,17539,17538,1,-1
2021-09-06 16:35:33.194,17538,17539,17538,5,-5
2021-09-06 16:35:36.607,17537,17538,17538,1,1
2021-09-06 16:35:43.144,17537,17538,17538,1,1
2021-09-06 16:35:43.252,17537,17538,17538,8,8
2021-09-06 16:35:47.156,17538,17539,17538,1,-1
2021-09-06 16:35:49.969,17538,17539,17538,1,-1
2021-09-06 16:35:50.426,17538,17539,17538,1,-1
2021-09-06 16:35:53.352,17538,17539,17538,1,-1
2021-09-06 16:35:59.744,17537,17538,17538,1,1
2021-09-06 16:35:59.999,17537,17538,17538,1,1
2021-09-06 16:36:00.538,17537,17538,17538,2,2
2021-09-06 16:36:07.187,17537,17538,17538,1,1
2021-09-06 16:36:08.542,17537,17538,17538,10,10
2021-09-06 16:36:08.542,17537,17538,17538,2,2
2021-09-06 16:36:08.542,17537,17538,17538,1,1
2021-09-06 16:36:12.717,17537,17538,17538,1,1
