2022-11-25 15:00:00,14709,14709,14709,104,0
2022-11-25 15:00:00,14709,14709,14709,30,0
2022-11-25 15:00:00,14709,14709,14709,4,0
2022-11-25 15:00:00,14707,14707,14707,2,-2
2022-11-25 15:00:00,14707,14707,14707,2,0
2022-11-25 15:00:00,14709,14709,14709,4,4
2022-11-25 15:00:00,14708,14708,14708,2,-2
2022-11-25 15:00:00,14706,14706,14706,2,-2
2022-11-25 15:00:00,14705,14705,14705,2,-2
2022-11-25 15:00:00,14706,14706,14706,2,2
2022-11-25 15:00:00,14707,14707,14707,2,2
2022-11-25 15:00:00,14708,14708,14708,2,2
2022-11-25 15:00:00,14706,14706,14706,2,-2
2022-11-25 15:00:00,14708,14708,14708,2,2
2022-11-25 15:00:00,14706,14706,14706,2,-2
2022-11-25 15:00:00,14705,14705,14705,2,-2
2022-11-25 15:00:00,14705,14705,14705,2,0
2022-11-25 15:00:00,14705,14705,14705,2,0
2022-11-25 15:00:01,14704,14704,14704,2,-2
2022-11-25 15:00:01,14706,14706,14706,2,2
2022-11-25 15:00:01,14704,14704,14704,2,-2
2022-11-25 15:00:01,14703,14703,14703,4,-4
2022-11-25 15:00:01,14703,14703,14703,2,0
2022-11-25 15:00:01,14703,14703,14703,4,0
2022-11-25 15:00:01,14703,14703,14703,2,0
2022-11-25 15:00:01,14703,14703,14703,2,0
2022-11-25 15:00:01,14702,14702,14702,2,-2
2022-11-25 15:00:01,14702,14702,14702,4,0
2022-11-25 15:00:01,14702,14702,14702,2,0
2022-11-25 15:00:01,14702,14702,14702,10,0
2022-11-25 15:00:01,14701,14701,14701,2,-2
2022-11-25 15:00:01,14701,14701,14701,2,0
2022-11-25 15:00:01,14701,14701,14701,2,0
2022-11-25 15:00:01,14700,14700,14700,2,-2
2022-11-25 15:00:01,14700,14700,14700,2,0
2022-11-25 15:00:01,14700,14700,14700,2,0
2022-11-25 15:00:01,14700,14700,14700,2,0
2022-11-25 15:00:01,14700,14700,14700,2,0
2022-11-25 15:00:01,14700,14700,14700,2,0
2022-11-25 15:00:01,14700,14700,14700,2,0
2022-11-25 15:00:01,14700,14700,14700,2,0
2022-11-25 15:00:01,14700,14700,14700,2,0
2022-11-25 15:00:01,14700,14700,14700,2,0
2022-11-25 15:00:01,14700,14700,14700,2,0
2022-11-25 15:00:01,14700,14700,14700,4,0
2022-11-25 15:00:01,14699,14699,14699,2,-2
2022-11-25 15:00:01,14699,14699,14699,2,0
2022-11-25 15:00:01,14699,14699,14699,2,0
2022-11-25 15:00:01,14699,14699,14699,2,0
2022-11-25 15:00:01,14698,14698,14698,2,-2
2022-11-25 15:00:01,14698,14698,14698,2,0
2022-11-25 15:00:02,14698,14698,14698,4,0
2022-11-25 15:00:02,14698,14698,14698,4,0
2022-11-25 15:00:02,14698,14698,14698,2,0
2022-11-25 15:00:02,14698,14698,14698,2,0
2022-11-25 15:00:02,14698,14698,14698,2,0
2022-11-25 15:00:02,14698,14698,14698,2,0
2022-11-25 15:00:02,14697,14697,14697,2,-2
2022-11-25 15:00:02,14697,14697,14697,2,0
2022-11-25 15:00:02,14696,14696,14696,2,-2
2022-11-25 15:00:02,14696,14696,14696,2,0
2022-11-25 15:00:02,14696,14696,14696,2,0
2022-11-25 15:00:02,14696,14696,14696,2,0
2022-11-25 15:00:02,14696,14696,14696,2,0
2022-11-25 15:00:02,14696,14696,14696,2,0
2022-11-25 15:00:02,14695,14695,14695,2,-2
2022-11-25 15:00:02,14695,14695,14695,2,0
2022-11-25 15:00:02,14694,14694,14694,2,-2
2022-11-25 15:00:02,14694,14694,14694,4,0
2022-11-25 15:00:02,14694,14694,14694,2,0
2022-11-25 15:00:02,14694,14694,14694,2,0
2022-11-25 15:00:02,14694,14694,14694,8,0
2022-11-25 15:00:02,14696,14696,14696,4,4
2022-11-25 15:00:02,14694,14694,14694,4,-4
2022-11-25 15:00:02,14693,14693,14693,2,-2
2022-11-25 15:00:02,14693,14693,14693,4,0
2022-11-25 15:00:02,14693,14693,14693,2,0
2022-11-25 15:00:02,14695,14695,14695,4,4
2022-11-25 15:00:02,14695,14695,14695,2,0
2022-11-25 15:00:02,14693,14693,14693,2,-2
2022-11-25 15:00:02,14696,14696,14696,8,8
2022-11-25 15:00:02,14694,14694,14694,2,-2
2022-11-25 15:00:02,14694,14694,14694,2,0
2022-11-25 15:00:02,14696,14696,14696,2,2
2022-11-25 15:00:02,14694,14694,14694,2,-2
2022-11-25 15:00:02,14694,14694,14694,2,0
2022-11-25 15:00:02,14694,14694,14694,2,0
2022-11-25 15:00:02,14694,14694,14694,2,0
2022-11-25 15:00:02,14696,14696,14696,2,2
2022-11-25 15:00:02,14697,14697,14697,4,4
2022-11-25 15:00:02,14698,14698,14698,2,2
2022-11-25 15:00:02,14696,14696,14696,2,-2
2022-11-25 15:00:02,14696,14696,14696,2,0
2022-11-25 15:00:02,14695,14695,14695,2,-2
2022-11-25 15:00:02,14695,14695,14695,2,0
2022-11-25 15:00:02,14695,14695,14695,2,0
2022-11-25 15:00:02,14696,14696,14696,2,2
2022-11-25 15:00:02,14697,14697,14697,4,4
2022-11-25 15:00:02,14698,14698,14698,2,2
2022-11-25 15:00:02,14698,14698,14698,6,0
2022-11-25 15:00:02,14699,14699,14699,6,6
2022-11-25 15:00:02,14700,14700,14700,6,6
2022-11-25 15:00:02,14700,14700,14700,2,0
2022-11-25 15:00:02,14701,14701,14701,4,4
2022-11-25 15:00:02,14701,14701,14701,6,0
2022-11-25 15:00:02,14701,14701,14701,2,0
2022-11-25 15:00:02,14702,14702,14702,4,4
2022-11-25 15:00:02,14700,14700,14700,2,-2
2022-11-25 15:00:02,14699,14699,14699,2,-2
2022-11-25 15:00:02,14702,14702,14702,6,6
2022-11-25 15:00:02,14702,14702,14702,2,0
2022-11-25 15:00:02,14703,14703,14703,4,4
2022-11-25 15:00:02,14703,14703,14703,2,0
2022-11-25 15:00:02,14703,14703,14703,4,0
2022-11-25 15:00:02,14704,14704,14704,2,2
2022-11-25 15:00:02,14702,14702,14702,2,-2
2022-11-25 15:00:02,14701,14701,14701,2,-2
2022-11-25 15:00:02,14704,14704,14704,4,4
2022-11-25 15:00:02,14702,14702,14702,2,-2
2022-11-25 15:00:02,14701,14701,14701,2,-2
2022-11-25 15:00:02,14701,14701,14701,2,0
2022-11-25 15:00:02,14700,14700,14700,2,-2
2022-11-25 15:00:03,14699,14699,14699,10,-10
2022-11-25 15:00:03,14700,14700,14700,4,4
2022-11-25 15:00:03,14698,14698,14698,2,-2
2022-11-25 15:00:03,14700,14700,14700,4,4
2022-11-25 15:00:03,14698,14698,14698,2,-2
2022-11-25 15:00:03,14697,14697,14697,2,-2
2022-11-25 15:00:03,14697,14697,14697,2,0
2022-11-25 15:00:03,14697,14697,14697,2,0
2022-11-25 15:00:03,14697,14697,14697,2,0
2022-11-25 15:00:03,14696,14696,14696,2,-2
2022-11-25 15:00:03,14696,14696,14696,2,0
2022-11-25 15:00:03,14698,14698,14698,2,2
2022-11-25 15:00:03,14698,14698,14698,2,0
2022-11-25 15:00:03,14699,14699,14699,4,4
2022-11-25 15:00:04,14698,14698,14698,2,-2
2022-11-25 15:00:04,14700,14700,14700,2,2
2022-11-25 15:00:04,14701,14701,14701,2,2
2022-11-25 15:00:04,14701,14701,14701,2,0
2022-11-25 15:00:05,14699,14699,14699,2,-2
2022-11-25 15:00:05,14699,14699,14699,2,0
2022-11-25 15:00:05,14700,14700,14700,2,2
2022-11-25 15:00:05,14701,14701,14701,2,2
2022-11-25 15:00:06,14700,14700,14700,2,-2
2022-11-25 15:00:07,14700,14700,14700,4,0
2022-11-25 15:00:07,14699,14699,14699,2,-2
2022-11-25 15:00:07,14699,14699,14699,2,0
2022-11-25 15:00:07,14699,14699,14699,2,0
2022-11-25 15:00:07,14700,14700,14700,8,8
2022-11-25 15:00:07,14701,14701,14701,2,2
2022-11-25 15:00:07,14698,14698,14698,2,-2
2022-11-25 15:00:07,14700,14700,14700,4,4
2022-11-25 15:00:08,14700,14700,14700,2,0
2022-11-25 15:00:09,14700,14700,14700,2,0
2022-11-25 15:00:10,14701,14701,14701,2,2
2022-11-25 15:00:11,14699,14699,14699,4,-4
2022-11-25 15:00:11,14699,14699,14699,2,0
2022-11-25 15:00:11,14699,14699,14699,2,0
2022-11-25 15:00:11,14699,14699,14699,2,0
2022-11-25 15:00:11,14698,14698,14698,2,-2
2022-11-25 15:00:11,14700,14700,14700,4,4
2022-11-25 15:00:11,14700,14700,14700,2,0
2022-11-25 15:00:13,14698,14698,14698,2,-2
2022-11-25 15:00:13,14698,14698,14698,2,0
2022-11-25 15:00:14,14696,14696,14696,2,-2
2022-11-25 15:00:15,14699,14699,14699,2,2
2022-11-25 15:00:15,14698,14698,14698,2,-2
2022-11-25 15:00:15,14698,14698,14698,2,0
2022-11-25 15:00:15,14697,14697,14697,4,-4
2022-11-25 15:00:15,14696,14696,14696,2,-2
2022-11-25 15:00:16,14697,14697,14697,4,4
2022-11-25 15:00:17,14696,14696,14696,2,-2
2022-11-25 15:00:18,14699,14699,14699,4,4
2022-11-25 15:00:18,14699,14699,14699,2,0
2022-11-25 15:00:18,14700,14700,14700,4,4
2022-11-25 15:00:19,14699,14699,14699,2,-2
2022-11-25 15:00:19,14698,14698,14698,4,-4
2022-11-25 15:00:19,14697,14697,14697,2,-2
2022-11-25 15:00:19,14697,14697,14697,2,0
2022-11-25 15:00:22,14698,14698,14698,2,2
2022-11-25 15:00:23,14699,14699,14699,2,2
2022-11-25 15:00:25,14698,14698,14698,4,-4
2022-11-25 15:00:25,14698,14698,14698,4,0
2022-11-25 15:00:25,14698,14698,14698,2,0
2022-11-25 15:00:27,14698,14698,14698,12,0
2022-11-25 15:00:27,14699,14699,14699,12,12
2022-11-25 15:00:30,14700,14700,14700,18,18
2022-11-25 15:00:31,14699,14699,14699,4,-4
2022-11-25 15:00:32,14699,14699,14699,2,0
2022-11-25 15:00:36,14699,14699,14699,2,0
2022-11-25 15:00:36,14699,14699,14699,2,0
2022-11-25 15:00:37,14699,14699,14699,2,0
2022-11-25 15:00:37,14699,14699,14699,2,0
2022-11-25 15:00:38,14698,14698,14698,2,-2
2022-11-25 15:00:38,14698,14698,14698,4,0
2022-11-25 15:00:38,14698,14698,14698,2,0
2022-11-25 15:00:39,14699,14699,14699,2,2
2022-11-25 15:00:40,14698,14698,14698,4,-4
2022-11-25 15:00:41,14699,14699,14699,2,2
2022-11-25 15:00:43,14699,14699,14699,2,0
2022-11-25 15:00:45,14699,14699,14699,2,0
2022-11-25 15:00:46,14698,14698,14698,2,-2
2022-11-25 15:00:46,14697,14697,14697,2,-2
2022-11-25 15:00:46,14697,14697,14697,2,0
2022-11-25 15:00:47,14698,14698,14698,2,2
2022-11-25 15:00:47,14697,14697,14697,2,-2
2022-11-25 15:00:47,14697,14697,14697,2,0
2022-11-25 15:00:48,14697,14697,14697,2,0
2022-11-25 15:00:49,14697,14697,14697,2,0
2022-11-25 15:00:49,14696,14696,14696,2,-2
2022-11-25 15:00:49,14696,14696,14696,2,0
2022-11-25 15:00:49,14696,14696,14696,2,0
2022-11-25 15:00:49,14696,14696,14696,8,0
2022-11-25 15:00:49,14696,14696,14696,8,0
2022-11-25 15:00:49,14696,14696,14696,2,0
2022-11-25 15:00:49,14696,14696,14696,2,0
2022-11-25 15:00:49,14696,14696,14696,2,0
2022-11-25 15:00:51,14695,14695,14695,2,-2
2022-11-25 15:00:52,14695,14695,14695,2,0
2022-11-25 15:00:52,14695,14695,14695,2,0
2022-11-25 15:00:52,14695,14695,14695,2,0
2022-11-25 15:00:52,14695,14695,14695,2,0
2022-11-25 15:00:52,14695,14695,14695,4,0
2022-11-25 15:00:52,14695,14695,14695,2,0
2022-11-25 15:00:53,14695,14695,14695,2,0
2022-11-25 15:00:53,14694,14694,14694,2,-2
2022-11-25 15:00:53,14694,14694,14694,2,0
2022-11-25 15:00:53,14695,14695,14695,2,2
2022-11-25 15:00:54,14695,14695,14695,2,0
2022-11-25 15:00:54,14694,14694,14694,4,-4
2022-11-25 15:00:54,14694,14694,14694,4,0
2022-11-25 15:00:54,14695,14695,14695,2,2
2022-11-25 15:00:55,14694,14694,14694,4,-4
2022-11-25 15:00:55,14695,14695,14695,4,4
2022-11-25 15:00:58,14696,14696,14696,2,2
2022-11-25 15:00:59,14695,14695,14695,2,-2
2022-11-25 15:00:59,14695,14695,14695,2,0
2022-11-25 15:00:59,14694,14694,14694,2,-2
2022-11-25 15:00:59,14694,14694,14694,2,0
2022-11-25 15:01:00,14695,14695,14695,4,4
2022-11-25 15:01:00,14693,14693,14693,2,-2
2022-11-25 15:01:00,14693,14693,14693,2,0
2022-11-25 15:01:00,14693,14693,14693,2,0
2022-11-25 15:01:00,14693,14693,14693,2,0
2022-11-25 15:01:00,14693,14693,14693,2,0
2022-11-25 15:01:00,14693,14693,14693,2,0
2022-11-25 15:01:00,14695,14695,14695,10,10
2022-11-25 15:01:00,14694,14694,14694,2,-2
2022-11-25 15:01:00,14695,14695,14695,2,2
2022-11-25 15:01:00,14695,14695,14695,2,0
2022-11-25 15:01:00,14695,14695,14695,2,0
2022-11-25 15:01:00,14693,14693,14693,2,-2
2022-11-25 15:01:01,14693,14693,14693,2,0
2022-11-25 15:01:02,14695,14695,14695,2,2
2022-11-25 15:01:02,14696,14696,14696,46,46
2022-11-25 15:01:03,14698,14698,14698,10,10
2022-11-25 15:01:03,14699,14699,14699,24,24
2022-11-25 15:01:03,14699,14699,14699,2,0
2022-11-25 15:01:04,14699,14699,14699,2,0
2022-11-25 15:01:04,14699,14699,14699,2,0
2022-11-25 15:01:05,14697,14697,14697,4,-4
2022-11-25 15:01:05,14699,14699,14699,2,2
2022-11-25 15:01:06,14699,14699,14699,2,0
2022-11-25 15:01:06,14699,14699,14699,12,0
2022-11-25 15:01:06,14699,14699,14699,2,0
2022-11-25 15:01:10,14699,14699,14699,2,0
2022-11-25 15:01:11,14698,14698,14698,2,-2
2022-11-25 15:01:11,14698,14698,14698,2,0
2022-11-25 15:01:12,14699,14699,14699,10,10
2022-11-25 15:01:12,14699,14699,14699,4,0
2022-11-25 15:01:16,14699,14699,14699,2,0
2022-11-25 15:01:17,14699,14699,14699,2,0
2022-11-25 15:01:17,14699,14699,14699,2,0
2022-11-25 15:01:17,14699,14699,14699,2,0
2022-11-25 15:01:18,14699,14699,14699,8,0
2022-11-25 15:01:20,14698,14698,14698,2,-2
2022-11-25 15:01:20,14699,14699,14699,20,20
2022-11-25 15:01:20,14699,14699,14699,2,0
2022-11-25 15:01:25,14698,14698,14698,2,-2
2022-11-25 15:01:25,14697,14697,14697,2,-2
2022-11-25 15:01:25,14697,14697,14697,2,0
2022-11-25 15:01:25,14697,14697,14697,2,0
2022-11-25 15:01:25,14699,14699,14699,20,20
2022-11-25 15:01:25,14699,14699,14699,4,0
2022-11-25 15:01:25,14699,14699,14699,2,0
2022-11-25 15:01:26,14700,14700,14700,10,10
2022-11-25 15:01:26,14700,14700,14700,18,0
2022-11-25 15:01:28,14700,14700,14700,2,0
2022-11-25 15:01:31,14702,14702,14702,4,4
2022-11-25 15:01:31,14702,14702,14702,12,0
2022-11-25 15:01:31,14701,14701,14701,2,-2
2022-11-25 15:01:32,14703,14703,14703,20,20
2022-11-25 15:01:32,14703,14703,14703,4,0
2022-11-25 15:01:33,14704,14704,14704,2,2
2022-11-25 15:01:36,14702,14702,14702,2,-2
2022-11-25 15:01:55,14702,14702,14702,2,0
2022-11-25 15:02:00,14702,14702,14702,2,0
2022-11-25 15:02:00,14702,14702,14702,2,0
2022-11-25 15:02:00,14702,14702,14702,2,0
2022-11-25 15:02:00,14702,14702,14702,2,0
2022-11-25 15:02:00,14703,14703,14703,2,2
2022-11-25 15:02:00,14703,14703,14703,2,0
2022-11-25 15:02:00,14702,14702,14702,2,-2
2022-11-25 15:02:00,14702,14702,14702,2,0
2022-11-25 15:02:01,14702,14702,14702,6,0
2022-11-25 15:02:03,14701,14701,14701,4,-4
2022-11-25 15:02:05,14703,14703,14703,4,4
2022-11-25 15:02:05,14703,14703,14703,6,0
2022-11-25 15:02:10,14703,14703,14703,2,0
2022-11-25 15:02:10,14702,14702,14702,2,-2
2022-11-25 15:02:13,14702,14702,14702,2,0
2022-11-25 15:02:15,14702,14702,14702,2,0
2022-11-25 15:02:16,14703,14703,14703,4,4
2022-11-25 15:02:19,14703,14703,14703,2,0
2022-11-25 15:02:23,14702,14702,14702,2,-2
2022-11-25 15:02:23,14703,14703,14703,2,2
2022-11-25 15:02:23,14702,14702,14702,2,-2
2022-11-25 15:02:31,14702,14702,14702,2,0
2022-11-25 15:02:33,14703,14703,14703,2,2
2022-11-25 15:02:35,14702,14702,14702,2,-2
2022-11-25 15:02:38,14703,14703,14703,4,4
2022-11-25 15:02:40,14702,14702,14702,2,-2
2022-11-25 15:02:47,14703,14703,14703,4,4
2022-11-25 15:02:47,14704,14704,14704,2,2
2022-11-25 15:02:50,14704,14704,14704,10,0
2022-11-25 15:02:50,14705,14705,14705,2,2
2022-11-25 15:02:52,14705,14705,14705,2,0
2022-11-25 15:02:52,14703,14703,14703,2,-2
2022-11-25 15:02:53,14703,14703,14703,2,0
2022-11-25 15:02:55,14704,14704,14704,2,2
2022-11-25 15:03:00,14702,14702,14702,2,-2
2022-11-25 15:03:00,14702,14702,14702,2,0
2022-11-25 15:03:00,14702,14702,14702,2,0
2022-11-25 15:03:00,14702,14702,14702,2,0
2022-11-25 15:03:00,14702,14702,14702,2,0
2022-11-25 15:03:00,14701,14701,14701,2,-2
2022-11-25 15:03:00,14701,14701,14701,2,0
2022-11-25 15:03:00,14701,14701,14701,2,0
2022-11-25 15:03:00,14701,14701,14701,2,0
2022-11-25 15:03:00,14701,14701,14701,2,0
2022-11-25 15:03:00,14700,14700,14700,2,-2
2022-11-25 15:03:00,14700,14700,14700,2,0
2022-11-25 15:03:01,14700,14700,14700,4,0
2022-11-25 15:03:01,14700,14700,14700,4,0
2022-11-25 15:03:01,14700,14700,14700,2,0
2022-11-25 15:03:01,14699,14699,14699,2,-2
2022-11-25 15:03:01,14698,14698,14698,4,-4
2022-11-25 15:03:01,14698,14698,14698,2,0
2022-11-25 15:03:01,14698,14698,14698,2,0
2022-11-25 15:03:01,14698,14698,14698,2,0
2022-11-25 15:03:01,14698,14698,14698,2,0
2022-11-25 15:03:01,14697,14697,14697,2,-2
2022-11-25 15:03:01,14697,14697,14697,2,0
2022-11-25 15:03:01,14697,14697,14697,2,0
2022-11-25 15:03:03,14699,14699,14699,2,2
2022-11-25 15:03:04,14697,14697,14697,2,-2
2022-11-25 15:03:05,14699,14699,14699,2,2
2022-11-25 15:03:05,14697,14697,14697,2,-2
2022-11-25 15:03:05,14697,14697,14697,6,0
2022-11-25 15:03:05,14697,14697,14697,2,0
2022-11-25 15:03:05,14697,14697,14697,2,0
2022-11-25 15:03:07,14696,14696,14696,2,-2
2022-11-25 15:03:08,14696,14696,14696,2,0
2022-11-25 15:03:09,14697,14697,14697,4,4
2022-11-25 15:03:10,14696,14696,14696,2,-2
2022-11-25 15:03:12,14696,14696,14696,2,0
2022-11-25 15:03:13,14696,14696,14696,2,0
2022-11-25 15:03:13,14695,14695,14695,2,-2
2022-11-25 15:03:13,14695,14695,14695,2,0
2022-11-25 15:03:14,14696,14696,14696,4,4
2022-11-25 15:03:16,14695,14695,14695,2,-2
2022-11-25 15:03:18,14695,14695,14695,2,0
2022-11-25 15:03:19,14695,14695,14695,2,0
2022-11-25 15:03:23,14697,14697,14697,6,6
2022-11-25 15:03:24,14696,14696,14696,2,-2
2022-11-25 15:03:24,14696,14696,14696,2,0
2022-11-25 15:03:25,14696,14696,14696,2,0
2022-11-25 15:03:25,14696,14696,14696,2,0
2022-11-25 15:03:30,14696,14696,14696,2,0
2022-11-25 15:03:30,14696,14696,14696,4,0
2022-11-25 15:03:30,14695,14695,14695,4,-4
2022-11-25 15:03:30,14695,14695,14695,2,0
2022-11-25 15:03:30,14695,14695,14695,6,0
2022-11-25 15:03:30,14695,14695,14695,4,0
2022-11-25 15:03:30,14695,14695,14695,2,0
2022-11-25 15:03:31,14696,14696,14696,2,2
2022-11-25 15:03:32,14695,14695,14695,2,-2
2022-11-25 15:03:34,14696,14696,14696,2,2
2022-11-25 15:03:39,14696,14696,14696,2,0
2022-11-25 15:03:39,14697,14697,14697,2,2
2022-11-25 15:03:39,14697,14697,14697,2,0
2022-11-25 15:03:42,14696,14696,14696,2,-2
2022-11-25 15:03:45,14697,14697,14697,2,2
2022-11-25 15:03:47,14696,14696,14696,2,-2
2022-11-25 15:03:47,14696,14696,14696,4,0
2022-11-25 15:03:47,14696,14696,14696,2,0
2022-11-25 15:03:50,14698,14698,14698,12,12
2022-11-25 15:03:50,14697,14697,14697,4,-4
2022-11-25 15:03:50,14697,14697,14697,4,0
2022-11-25 15:03:50,14697,14697,14697,4,0
2022-11-25 15:03:50,14697,14697,14697,6,0
2022-11-25 15:03:50,14697,14697,14697,2,0
2022-11-25 15:03:50,14696,14696,14696,4,-4
2022-11-25 15:03:50,14696,14696,14696,2,0
2022-11-25 15:03:50,14696,14696,14696,2,0
2022-11-25 15:03:50,14696,14696,14696,2,0
2022-11-25 15:03:50,14696,14696,14696,4,0
2022-11-25 15:03:50,14696,14696,14696,2,0
2022-11-25 15:03:50,14696,14696,14696,2,0
2022-11-25 15:03:50,14696,14696,14696,4,0
2022-11-25 15:03:53,14696,14696,14696,2,0
2022-11-25 15:04:00,14695,14695,14695,2,-2
2022-11-25 15:04:00,14696,14696,14696,2,2
2022-11-25 15:04:01,14696,14696,14696,4,0
2022-11-25 15:04:02,14696,14696,14696,4,0
2022-11-25 15:04:03,14696,14696,14696,2,0
2022-11-25 15:04:03,14696,14696,14696,4,0
2022-11-25 15:04:04,14697,14697,14697,2,2
2022-11-25 15:04:04,14695,14695,14695,2,-2
2022-11-25 15:04:04,14695,14695,14695,2,0
2022-11-25 15:04:04,14695,14695,14695,2,0
2022-11-25 15:04:04,14695,14695,14695,2,0
2022-11-25 15:04:04,14695,14695,14695,2,0
2022-11-25 15:04:04,14695,14695,14695,2,0
2022-11-25 15:04:04,14695,14695,14695,2,0
2022-11-25 15:04:05,14695,14695,14695,8,0
2022-11-25 15:04:05,14694,14694,14694,2,-2
2022-11-25 15:04:05,14695,14695,14695,4,4
2022-11-25 15:04:05,14693,14693,14693,2,-2
2022-11-25 15:04:05,14693,14693,14693,4,0
2022-11-25 15:04:06,14694,14694,14694,10,10
2022-11-25 15:04:07,14694,14694,14694,2,0
2022-11-25 15:04:09,14693,14693,14693,2,-2
2022-11-25 15:04:10,14694,14694,14694,2,2
2022-11-25 15:04:10,14694,14694,14694,2,0
2022-11-25 15:04:11,14695,14695,14695,2,2
2022-11-25 15:04:14,14694,14694,14694,2,-2
2022-11-25 15:04:15,14694,14694,14694,2,0
2022-11-25 15:04:16,14694,14694,14694,2,0
2022-11-25 15:04:17,14694,14694,14694,6,0
2022-11-25 15:04:17,14695,14695,14695,10,10
2022-11-25 15:04:19,14693,14693,14693,2,-2
2022-11-25 15:04:19,14693,14693,14693,2,0
2022-11-25 15:04:19,14693,14693,14693,2,0
2022-11-25 15:04:20,14693,14693,14693,4,0
2022-11-25 15:04:20,14693,14693,14693,2,0
2022-11-25 15:04:20,14693,14693,14693,2,0
2022-11-25 15:04:20,14693,14693,14693,2,0
2022-11-25 15:04:21,14694,14694,14694,2,2
2022-11-25 15:04:22,14692,14692,14692,2,-2
2022-11-25 15:04:22,14692,14692,14692,2,0
2022-11-25 15:04:22,14692,14692,14692,2,0
2022-11-25 15:04:22,14692,14692,14692,2,0
2022-11-25 15:04:22,14692,14692,14692,2,0
2022-11-25 15:04:22,14692,14692,14692,2,0
2022-11-25 15:04:22,14692,14692,14692,2,0
2022-11-25 15:04:22,14692,14692,14692,2,0
2022-11-25 15:04:22,14692,14692,14692,2,0
2022-11-25 15:04:22,14691,14691,14691,2,-2
2022-11-25 15:04:22,14691,14691,14691,2,0
2022-11-25 15:04:22,14691,14691,14691,2,0
2022-11-25 15:04:22,14691,14691,14691,2,0
2022-11-25 15:04:22,14691,14691,14691,2,0
2022-11-25 15:04:22,14691,14691,14691,4,0
2022-11-25 15:04:22,14691,14691,14691,2,0
2022-11-25 15:04:22,14691,14691,14691,2,0
2022-11-25 15:04:22,14690,14690,14690,2,-2
2022-11-25 15:04:22,14690,14690,14690,2,0
2022-11-25 15:04:22,14690,14690,14690,2,0
2022-11-25 15:04:22,14690,14690,14690,2,0
2022-11-25 15:04:22,14690,14690,14690,4,0
2022-11-25 15:04:22,14690,14690,14690,2,0
2022-11-25 15:04:22,14690,14690,14690,2,0
2022-11-25 15:04:22,14690,14690,14690,2,0
2022-11-25 15:04:22,14690,14690,14690,2,0
2022-11-25 15:04:22,14690,14690,14690,2,0
2022-11-25 15:04:22,14690,14690,14690,2,0
2022-11-25 15:04:22,14689,14689,14689,2,-2
2022-11-25 15:04:22,14689,14689,14689,2,0
2022-11-25 15:04:22,14689,14689,14689,2,0
2022-11-25 15:04:22,14689,14689,14689,2,0
2022-11-25 15:04:23,14689,14689,14689,4,0
2022-11-25 15:04:23,14690,14690,14690,6,6
2022-11-25 15:04:23,14691,14691,14691,4,4
2022-11-25 15:04:23,14690,14690,14690,2,-2
2022-11-25 15:04:26,14691,14691,14691,2,2
2022-11-25 15:04:27,14691,14691,14691,2,0
2022-11-25 15:04:27,14691,14691,14691,2,0
2022-11-25 15:04:30,14691,14691,14691,4,0
2022-11-25 15:04:30,14691,14691,14691,2,0
2022-11-25 15:04:31,14692,14692,14692,2,2
2022-11-25 15:04:32,14691,14691,14691,2,-2
2022-11-25 15:04:32,14693,14693,14693,6,6
2022-11-25 15:04:32,14694,14694,14694,2,2
2022-11-25 15:04:35,14692,14692,14692,2,-2
2022-11-25 15:04:38,14692,14692,14692,2,0
2022-11-25 15:04:38,14692,14692,14692,2,0
2022-11-25 15:04:39,14694,14694,14694,2,2
2022-11-25 15:04:39,14692,14692,14692,2,-2
2022-11-25 15:04:39,14692,14692,14692,2,0
2022-11-25 15:04:39,14692,14692,14692,2,0
2022-11-25 15:04:42,14692,14692,14692,2,0
2022-11-25 15:04:44,14692,14692,14692,4,0
2022-11-25 15:04:45,14693,14693,14693,2,2
2022-11-25 15:04:47,14693,14693,14693,2,0
2022-11-25 15:04:49,14693,14693,14693,2,0
2022-11-25 15:04:50,14694,14694,14694,8,8
2022-11-25 15:04:55,14693,14693,14693,2,-2
2022-11-25 15:04:55,14693,14693,14693,4,0
2022-11-25 15:04:55,14693,14693,14693,2,0
2022-11-25 15:04:57,14695,14695,14695,4,4
2022-11-25 15:04:58,14696,14696,14696,2,2
2022-11-25 15:05:00,14694,14694,14694,2,-2
2022-11-25 15:05:00,14694,14694,14694,2,0
2022-11-25 15:05:00,14694,14694,14694,2,0
2022-11-25 15:05:00,14694,14694,14694,4,0
2022-11-25 15:05:00,14694,14694,14694,4,0
2022-11-25 15:05:00,14694,14694,14694,2,0
2022-11-25 15:05:00,14694,14694,14694,2,0
2022-11-25 15:05:00,14693,14693,14693,4,-4
2022-11-25 15:05:00,14693,14693,14693,2,0
2022-11-25 15:05:01,14693,14693,14693,2,0
2022-11-25 15:05:01,14693,14693,14693,2,0
2022-11-25 15:05:01,14695,14695,14695,2,2
2022-11-25 15:05:01,14693,14693,14693,4,-4
2022-11-25 15:05:02,14693,14693,14693,2,0
2022-11-25 15:05:03,14693,14693,14693,2,0
2022-11-25 15:05:04,14693,14693,14693,2,0
2022-11-25 15:05:04,14693,14693,14693,6,0
2022-11-25 15:05:04,14693,14693,14693,4,0
2022-11-25 15:05:04,14693,14693,14693,2,0
2022-11-25 15:05:04,14693,14693,14693,2,0
2022-11-25 15:05:04,14693,14693,14693,2,0
2022-11-25 15:05:11,14693,14693,14693,2,0
2022-11-25 15:05:17,14694,14694,14694,2,2
2022-11-25 15:05:20,14693,14693,14693,2,-2
2022-11-25 15:05:20,14693,14693,14693,2,0
2022-11-25 15:05:24,14693,14693,14693,2,0
2022-11-25 15:05:32,14694,14694,14694,4,4
2022-11-25 15:05:32,14694,14694,14694,4,0
2022-11-25 15:05:38,14694,14694,14694,14,0
2022-11-25 15:05:45,14694,14694,14694,4,0
2022-11-25 15:05:49,14695,14695,14695,2,2
2022-11-25 15:05:49,14696,14696,14696,2,2
2022-11-25 15:05:49,14696,14696,14696,2,0
2022-11-25 15:05:49,14696,14696,14696,2,0
2022-11-25 15:05:49,14696,14696,14696,2,0
2022-11-25 15:05:49,14696,14696,14696,2,0
2022-11-25 15:05:53,14697,14697,14697,2,2
2022-11-25 15:05:54,14696,14696,14696,2,-2
2022-11-25 15:05:56,14696,14696,14696,8,0
2022-11-25 15:05:59,14697,14697,14697,2,2
2022-11-25 15:06:01,14697,14697,14697,2,0
2022-11-25 15:06:02,14697,14697,14697,6,0
2022-11-25 15:06:02,14696,14696,14696,2,-2
2022-11-25 15:06:02,14697,14697,14697,2,2
2022-11-25 15:06:02,14697,14697,14697,2,0
2022-11-25 15:06:04,14696,14696,14696,10,-10
2022-11-25 15:06:04,14696,14696,14696,2,0
2022-11-25 15:06:04,14696,14696,14696,2,0
2022-11-25 15:06:04,14696,14696,14696,2,0
2022-11-25 15:06:04,14696,14696,14696,2,0
2022-11-25 15:06:14,14698,14698,14698,4,4
2022-11-25 15:06:23,14698,14698,14698,2,0
2022-11-25 15:06:24,14698,14698,14698,2,0
2022-11-25 15:06:33,14698,14698,14698,2,0
2022-11-25 15:06:55,14698,14698,14698,2,0
2022-11-25 15:06:56,14697,14697,14697,2,-2
2022-11-25 15:06:56,14697,14697,14697,2,0
2022-11-25 15:06:56,14697,14697,14697,2,0
2022-11-25 15:07:10,14696,14696,14696,2,-2
2022-11-25 15:07:13,14696,14696,14696,2,0
2022-11-25 15:07:13,14696,14696,14696,2,0
2022-11-25 15:07:13,14696,14696,14696,2,0
2022-11-25 15:07:14,14696,14696,14696,2,0
2022-11-25 15:07:18,14697,14697,14697,2,2
2022-11-25 15:07:19,14696,14696,14696,2,-2
2022-11-25 15:07:19,14696,14696,14696,2,0
2022-11-25 15:07:19,14696,14696,14696,2,0
2022-11-25 15:07:19,14696,14696,14696,2,0
2022-11-25 15:07:19,14696,14696,14696,2,0
2022-11-25 15:07:23,14696,14696,14696,2,0
2022-11-25 15:07:25,14695,14695,14695,2,-2
2022-11-25 15:07:26,14696,14696,14696,2,2
2022-11-25 15:07:26,14696,14696,14696,6,0
2022-11-25 15:07:32,14695,14695,14695,2,-2
2022-11-25 15:07:42,14695,14695,14695,2,0
2022-11-25 15:07:42,14695,14695,14695,2,0
2022-11-25 15:07:45,14696,14696,14696,2,2
2022-11-25 15:07:48,14695,14695,14695,2,-2
2022-11-25 15:07:57,14695,14695,14695,2,0
2022-11-25 15:08:00,14694,14694,14694,2,-2
2022-11-25 15:08:00,14694,14694,14694,2,0
2022-11-25 15:08:00,14694,14694,14694,4,0
2022-11-25 15:08:01,14693,14693,14693,2,-2
2022-11-25 15:08:01,14693,14693,14693,2,0
2022-11-25 15:08:01,14693,14693,14693,2,0
2022-11-25 15:08:01,14692,14692,14692,2,-2
2022-11-25 15:08:01,14692,14692,14692,2,0
2022-11-25 15:08:01,14692,14692,14692,2,0
2022-11-25 15:08:03,14693,14693,14693,2,2
2022-11-25 15:08:11,14692,14692,14692,4,-4
2022-11-25 15:08:14,14691,14691,14691,2,-2
2022-11-25 15:08:14,14691,14691,14691,2,0
2022-11-25 15:08:15,14693,14693,14693,18,18
2022-11-25 15:08:18,14691,14691,14691,4,-4
2022-11-25 15:08:18,14691,14691,14691,2,0
2022-11-25 15:08:19,14691,14691,14691,2,0
2022-11-25 15:08:25,14691,14691,14691,2,0
2022-11-25 15:08:27,14690,14690,14690,2,-2
2022-11-25 15:08:28,14690,14690,14690,2,0
2022-11-25 15:08:28,14690,14690,14690,2,0
2022-11-25 15:08:28,14690,14690,14690,2,0
2022-11-25 15:08:28,14690,14690,14690,2,0
2022-11-25 15:08:29,14690,14690,14690,2,0
2022-11-25 15:08:30,14691,14691,14691,10,10
2022-11-25 15:08:40,14691,14691,14691,6,0
2022-11-25 15:08:42,14692,14692,14692,2,2
2022-11-25 15:08:46,14692,14692,14692,2,0
2022-11-25 15:08:46,14691,14691,14691,2,-2
2022-11-25 15:08:48,14691,14691,14691,2,0
2022-11-25 15:08:48,14691,14691,14691,2,0
2022-11-25 15:08:48,14691,14691,14691,4,0
2022-11-25 15:08:48,14691,14691,14691,2,0
2022-11-25 15:08:55,14691,14691,14691,2,0
2022-11-25 15:08:59,14692,14692,14692,4,4
2022-11-25 15:08:59,14692,14692,14692,2,0
2022-11-25 15:09:00,14691,14691,14691,2,-2
2022-11-25 15:09:00,14691,14691,14691,2,0
2022-11-25 15:09:00,14691,14691,14691,2,0
2022-11-25 15:09:00,14691,14691,14691,2,0
2022-11-25 15:09:00,14691,14691,14691,2,0
2022-11-25 15:09:00,14691,14691,14691,2,0
2022-11-25 15:09:07,14693,14693,14693,10,10
2022-11-25 15:09:14,14692,14692,14692,2,-2
2022-11-25 15:09:14,14691,14691,14691,2,-2
2022-11-25 15:09:25,14693,14693,14693,2,2
2022-11-25 15:09:27,14693,14693,14693,2,0
2022-11-25 15:09:39,14693,14693,14693,2,0
2022-11-25 15:09:39,14693,14693,14693,2,0
2022-11-25 15:09:39,14693,14693,14693,2,0
2022-11-25 15:09:47,14693,14693,14693,4,0
2022-11-25 15:09:52,14692,14692,14692,2,-2
2022-11-25 15:09:52,14692,14692,14692,2,0
2022-11-25 15:09:53,14691,14691,14691,2,-2
2022-11-25 15:09:53,14691,14691,14691,2,0
2022-11-25 15:09:53,14691,14691,14691,2,0
2022-11-25 15:09:53,14691,14691,14691,12,0
2022-11-25 15:09:53,14691,14691,14691,2,0
2022-11-25 15:09:53,14691,14691,14691,2,0
2022-11-25 15:09:53,14691,14691,14691,2,0
2022-11-25 15:09:53,14691,14691,14691,2,0
2022-11-25 15:09:53,14691,14691,14691,2,0
2022-11-25 15:09:54,14691,14691,14691,2,0
2022-11-25 15:09:56,14691,14691,14691,6,0
2022-11-25 15:09:57,14690,14690,14690,2,-2
2022-11-25 15:09:59,14690,14690,14690,2,0
2022-11-25 15:09:59,14690,14690,14690,2,0
2022-11-25 15:09:59,14690,14690,14690,2,0
2022-11-25 15:09:59,14690,14690,14690,6,0
2022-11-25 15:09:59,14690,14690,14690,2,0
2022-11-25 15:10:00,14689,14689,14689,2,-2
2022-11-25 15:10:00,14690,14690,14690,2,2
2022-11-25 15:10:00,14689,14689,14689,2,-2
2022-11-25 15:10:00,14689,14689,14689,2,0
2022-11-25 15:10:00,14689,14689,14689,2,0
2022-11-25 15:10:00,14688,14688,14688,2,-2
2022-11-25 15:10:00,14688,14688,14688,4,0
2022-11-25 15:10:00,14688,14688,14688,6,0
2022-11-25 15:10:00,14688,14688,14688,2,0
2022-11-25 15:10:00,14688,14688,14688,2,0
2022-11-25 15:10:00,14688,14688,14688,2,0
2022-11-25 15:10:00,14688,14688,14688,2,0
2022-11-25 15:10:00,14688,14688,14688,2,0
2022-11-25 15:10:00,14688,14688,14688,2,0
2022-11-25 15:10:00,14688,14688,14688,2,0
2022-11-25 15:10:00,14689,14689,14689,26,26
2022-11-25 15:10:00,14688,14688,14688,2,-2
2022-11-25 15:10:00,14688,14688,14688,2,0
2022-11-25 15:10:00,14688,14688,14688,2,0
2022-11-25 15:10:00,14688,14688,14688,2,0
2022-11-25 15:10:01,14688,14688,14688,2,0
2022-11-25 15:10:01,14688,14688,14688,2,0
2022-11-25 15:10:02,14687,14687,14687,2,-2
2022-11-25 15:10:02,14687,14687,14687,2,0
2022-11-25 15:10:02,14687,14687,14687,2,0
2022-11-25 15:10:02,14687,14687,14687,2,0
2022-11-25 15:10:02,14687,14687,14687,2,0
2022-11-25 15:10:03,14687,14687,14687,2,0
2022-11-25 15:10:05,14687,14687,14687,2,0
2022-11-25 15:10:05,14687,14687,14687,2,0
2022-11-25 15:10:09,14687,14687,14687,2,0
2022-11-25 15:10:10,14687,14687,14687,2,0
2022-11-25 15:10:10,14687,14687,14687,2,0
2022-11-25 15:10:12,14687,14687,14687,6,0
2022-11-25 15:10:12,14687,14687,14687,4,0
2022-11-25 15:10:12,14687,14687,14687,2,0
2022-11-25 15:10:12,14686,14686,14686,2,-2
2022-11-25 15:10:12,14686,14686,14686,2,0
2022-11-25 15:10:12,14686,14686,14686,2,0
2022-11-25 15:10:12,14686,14686,14686,2,0
2022-11-25 15:10:13,14687,14687,14687,2,2
2022-11-25 15:10:13,14688,14688,14688,4,4
2022-11-25 15:10:13,14688,14688,14688,6,0
2022-11-25 15:10:17,14688,14688,14688,2,0
2022-11-25 15:10:18,14688,14688,14688,2,0
2022-11-25 15:10:18,14688,14688,14688,2,0
2022-11-25 15:10:18,14688,14688,14688,2,0
2022-11-25 15:10:19,14688,14688,14688,2,0
2022-11-25 15:10:19,14687,14687,14687,2,-2
2022-11-25 15:10:19,14687,14687,14687,2,0
2022-11-25 15:10:20,14688,14688,14688,2,2
2022-11-25 15:10:22,14688,14688,14688,2,0
2022-11-25 15:10:22,14688,14688,14688,2,0
2022-11-25 15:10:22,14687,14687,14687,2,-2
2022-11-25 15:10:23,14688,14688,14688,2,2
2022-11-25 15:10:25,14688,14688,14688,2,0
2022-11-25 15:10:27,14689,14689,14689,2,2
2022-11-25 15:10:28,14688,14688,14688,2,-2
2022-11-25 15:10:28,14688,14688,14688,2,0
2022-11-25 15:10:28,14688,14688,14688,2,0
2022-11-25 15:10:28,14688,14688,14688,2,0
2022-11-25 15:10:36,14688,14688,14688,2,0
2022-11-25 15:10:39,14689,14689,14689,2,2
2022-11-25 15:10:40,14688,14688,14688,2,-2
2022-11-25 15:10:42,14688,14688,14688,2,0
2022-11-25 15:10:43,14690,14690,14690,20,20
2022-11-25 15:10:43,14690,14690,14690,6,0
2022-11-25 15:10:44,14689,14689,14689,2,-2
2022-11-25 15:10:44,14689,14689,14689,2,0
2022-11-25 15:10:49,14689,14689,14689,2,0
2022-11-25 15:10:51,14691,14691,14691,4,4
2022-11-25 15:10:51,14690,14690,14690,2,-2
2022-11-25 15:10:54,14690,14690,14690,2,0
2022-11-25 15:10:56,14689,14689,14689,2,-2
2022-11-25 15:10:57,14689,14689,14689,4,0
2022-11-25 15:10:57,14689,14689,14689,2,0
2022-11-25 15:10:57,14689,14689,14689,2,0
2022-11-25 15:10:57,14689,14689,14689,2,0
2022-11-25 15:10:57,14688,14688,14688,4,-4
2022-11-25 15:10:57,14688,14688,14688,4,0
2022-11-25 15:10:59,14688,14688,14688,2,0
2022-11-25 15:11:00,14688,14688,14688,4,0
2022-11-25 15:11:00,14688,14688,14688,2,0
2022-11-25 15:11:01,14689,14689,14689,6,6
2022-11-25 15:11:02,14689,14689,14689,2,0
2022-11-25 15:11:02,14688,14688,14688,2,-2
2022-11-25 15:11:02,14688,14688,14688,2,0
2022-11-25 15:11:05,14688,14688,14688,2,0
2022-11-25 15:11:05,14689,14689,14689,4,4
2022-11-25 15:11:06,14689,14689,14689,2,0
2022-11-25 15:11:06,14689,14689,14689,2,0
2022-11-25 15:11:15,14689,14689,14689,2,0
2022-11-25 15:11:15,14688,14688,14688,2,-2
2022-11-25 15:11:19,14689,14689,14689,10,10
2022-11-25 15:11:20,14688,14688,14688,4,-4
2022-11-25 15:11:20,14689,14689,14689,2,2
2022-11-25 15:11:21,14690,14690,14690,4,4
2022-11-25 15:11:24,14691,14691,14691,10,10
2022-11-25 15:11:24,14692,14692,14692,2,2
2022-11-25 15:11:29,14692,14692,14692,2,0
2022-11-25 15:11:34,14691,14691,14691,2,-2
2022-11-25 15:11:34,14691,14691,14691,2,0
2022-11-25 15:11:37,14691,14691,14691,10,0
2022-11-25 15:11:41,14691,14691,14691,6,0
2022-11-25 15:11:45,14692,14692,14692,2,2
2022-11-25 15:11:45,14692,14692,14692,18,0
2022-11-25 15:11:46,14692,14692,14692,6,0
2022-11-25 15:11:49,14693,14693,14693,2,2
2022-11-25 15:11:49,14693,14693,14693,2,0
2022-11-25 15:11:52,14693,14693,14693,4,0
2022-11-25 15:11:52,14692,14692,14692,4,-4
2022-11-25 15:11:53,14693,14693,14693,10,10
2022-11-25 15:11:54,14693,14693,14693,10,0
2022-11-25 15:11:54,14693,14693,14693,2,0
2022-11-25 15:11:54,14694,14694,14694,10,10
2022-11-25 15:11:56,14694,14694,14694,6,0
2022-11-25 15:12:00,14694,14694,14694,2,0
2022-11-25 15:12:02,14694,14694,14694,2,0
2022-11-25 15:12:04,14695,14695,14695,2,2
2022-11-25 15:12:05,14693,14693,14693,4,-4
2022-11-25 15:12:07,14694,14694,14694,2,2
2022-11-25 15:12:08,14695,14695,14695,10,10
2022-11-25 15:12:08,14695,14695,14695,8,0
2022-11-25 15:12:10,14694,14694,14694,2,-2
2022-11-25 15:12:12,14696,14696,14696,2,2
2022-11-25 15:12:13,14696,14696,14696,10,0
2022-11-25 15:12:13,14696,14696,14696,2,0
2022-11-25 15:12:14,14697,14697,14697,6,6
2022-11-25 15:12:17,14696,14696,14696,2,-2
2022-11-25 15:12:17,14695,14695,14695,2,-2
2022-11-25 15:12:17,14695,14695,14695,2,0
2022-11-25 15:12:17,14695,14695,14695,2,0
2022-11-25 15:12:17,14695,14695,14695,2,0
2022-11-25 15:12:17,14695,14695,14695,2,0
2022-11-25 15:12:17,14695,14695,14695,4,0
2022-11-25 15:12:17,14695,14695,14695,2,0
2022-11-25 15:12:20,14695,14695,14695,2,0
2022-11-25 15:12:20,14697,14697,14697,20,20
2022-11-25 15:12:20,14697,14697,14697,4,0
2022-11-25 15:12:20,14697,14697,14697,14,0
2022-11-25 15:12:21,14697,14697,14697,2,0
2022-11-25 15:12:24,14698,14698,14698,4,4
2022-11-25 15:12:24,14698,14698,14698,8,0
2022-11-25 15:12:25,14698,14698,14698,8,0
2022-11-25 15:12:28,14698,14698,14698,2,0
2022-11-25 15:12:28,14698,14698,14698,2,0
2022-11-25 15:12:28,14698,14698,14698,2,0
2022-11-25 15:12:28,14698,14698,14698,2,0
2022-11-25 15:12:32,14698,14698,14698,2,0
2022-11-25 15:12:32,14699,14699,14699,2,2
2022-11-25 15:12:38,14697,14697,14697,2,-2
2022-11-25 15:12:41,14697,14697,14697,2,0
2022-11-25 15:12:42,14698,14698,14698,4,4
2022-11-25 15:12:42,14699,14699,14699,6,6
2022-11-25 15:12:47,14699,14699,14699,2,0
2022-11-25 15:12:49,14699,14699,14699,6,0
2022-11-25 15:12:50,14698,14698,14698,2,-2
2022-11-25 15:13:04,14697,14697,14697,2,-2
2022-11-25 15:13:04,14697,14697,14697,2,0
2022-11-25 15:13:04,14697,14697,14697,2,0
2022-11-25 15:13:07,14698,14698,14698,2,2
2022-11-25 15:13:07,14698,14698,14698,2,0
2022-11-25 15:13:08,14697,14697,14697,4,-4
2022-11-25 15:13:13,14698,14698,14698,2,2
2022-11-25 15:13:13,14698,14698,14698,4,0
2022-11-25 15:13:16,14698,14698,14698,2,0
2022-11-25 15:13:22,14698,14698,14698,2,0
2022-11-25 15:13:26,14699,14699,14699,16,16
2022-11-25 15:13:26,14700,14700,14700,32,32
2022-11-25 15:13:26,14701,14701,14701,4,4
2022-11-25 15:13:28,14700,14700,14700,2,-2
2022-11-25 15:13:28,14700,14700,14700,2,0
2022-11-25 15:13:31,14702,14702,14702,4,4
2022-11-25 15:13:32,14702,14702,14702,2,0
2022-11-25 15:13:34,14702,14702,14702,2,0
2022-11-25 15:13:39,14702,14702,14702,2,0
2022-11-25 15:13:39,14701,14701,14701,2,-2
2022-11-25 15:13:40,14701,14701,14701,2,0
2022-11-25 15:13:42,14701,14701,14701,2,0
2022-11-25 15:13:45,14700,14700,14700,2,-2
2022-11-25 15:13:45,14700,14700,14700,2,0
2022-11-25 15:13:46,14700,14700,14700,2,0
2022-11-25 15:13:47,14701,14701,14701,2,2
2022-11-25 15:13:50,14700,14700,14700,2,-2
2022-11-25 15:13:57,14699,14699,14699,2,-2
2022-11-25 15:14:02,14700,14700,14700,10,10
2022-11-25 15:14:02,14701,14701,14701,2,2
2022-11-25 15:14:05,14700,14700,14700,2,-2
2022-11-25 15:14:06,14700,14700,14700,2,0
2022-11-25 15:14:07,14699,14699,14699,2,-2
2022-11-25 15:14:15,14700,14700,14700,2,2
2022-11-25 15:14:15,14701,14701,14701,4,4
2022-11-25 15:14:16,14701,14701,14701,4,0
2022-11-25 15:14:16,14701,14701,14701,6,0
2022-11-25 15:14:18,14700,14700,14700,2,-2
2022-11-25 15:14:22,14699,14699,14699,2,-2
2022-11-25 15:14:25,14700,14700,14700,4,4
2022-11-25 15:14:26,14699,14699,14699,4,-4
2022-11-25 15:14:33,14699,14699,14699,4,0
2022-11-25 15:14:33,14699,14699,14699,24,0
2022-11-25 15:14:33,14699,14699,14699,2,0
2022-11-25 15:14:33,14699,14699,14699,2,0
2022-11-25 15:14:35,14698,14698,14698,2,-2
2022-11-25 15:14:49,14697,14697,14697,2,-2
2022-11-25 15:14:53,14696,14696,14696,2,-2
2022-11-25 15:15:00,14697,14697,14697,2,2
2022-11-25 15:15:00,14698,14698,14698,2,2
2022-11-25 15:15:00,14698,14698,14698,2,0
2022-11-25 15:15:00,14698,14698,14698,2,0
2022-11-25 15:15:00,14696,14696,14696,2,-2
2022-11-25 15:15:00,14696,14696,14696,2,0
2022-11-25 15:15:01,14696,14696,14696,2,0
2022-11-25 15:15:01,14698,14698,14698,2,2
2022-11-25 15:15:01,14696,14696,14696,2,-2
2022-11-25 15:15:01,14696,14696,14696,2,0
2022-11-25 15:15:02,14696,14696,14696,2,0
2022-11-25 15:15:05,14696,14696,14696,2,0
2022-11-25 15:15:05,14696,14696,14696,2,0
2022-11-25 15:15:05,14696,14696,14696,2,0
2022-11-25 15:15:05,14696,14696,14696,2,0
2022-11-25 15:15:05,14696,14696,14696,2,0
2022-11-25 15:15:09,14696,14696,14696,2,0
2022-11-25 15:15:12,14697,14697,14697,2,2
2022-11-25 15:15:16,14698,14698,14698,2,2
2022-11-25 15:15:17,14698,14698,14698,2,0
2022-11-25 15:15:21,14697,14697,14697,2,-2
2022-11-25 15:15:21,14697,14697,14697,2,0
2022-11-25 15:15:21,14698,14698,14698,2,2
2022-11-25 15:15:21,14698,14698,14698,2,0
2022-11-25 15:15:21,14698,14698,14698,2,0
2022-11-25 15:15:25,14698,14698,14698,2,0
2022-11-25 15:15:36,14697,14697,14697,2,-2
2022-11-25 15:15:45,14698,14698,14698,8,8
2022-11-25 15:15:45,14699,14699,14699,2,2
2022-11-25 15:15:46,14699,14699,14699,10,0
2022-11-25 15:15:46,14699,14699,14699,10,0
2022-11-25 15:15:48,14699,14699,14699,4,0
2022-11-25 15:15:54,14699,14699,14699,6,0
2022-11-25 15:15:56,14700,14700,14700,38,38
2022-11-25 15:15:56,14701,14701,14701,34,34
2022-11-25 15:16:00,14700,14700,14700,4,-4
2022-11-25 15:16:01,14700,14700,14700,2,0
2022-11-25 15:16:01,14699,14699,14699,2,-2
2022-11-25 15:16:01,14699,14699,14699,4,0
2022-11-25 15:16:01,14700,14700,14700,2,2
2022-11-25 15:16:09,14699,14699,14699,2,-2
2022-11-25 15:16:10,14700,14700,14700,14,14
2022-11-25 15:16:10,14701,14701,14701,16,16
2022-11-25 15:16:13,14701,14701,14701,2,0
2022-11-25 15:16:13,14700,14700,14700,2,-2
2022-11-25 15:16:13,14700,14700,14700,2,0
2022-11-25 15:16:13,14700,14700,14700,4,0
2022-11-25 15:16:13,14700,14700,14700,2,0
2022-11-25 15:16:14,14702,14702,14702,38,38
2022-11-25 15:16:15,14702,14702,14702,10,0
2022-11-25 15:16:15,14701,14701,14701,2,-2
2022-11-25 15:16:16,14703,14703,14703,4,4
2022-11-25 15:16:16,14703,14703,14703,2,0
2022-11-25 15:16:20,14703,14703,14703,2,0
2022-11-25 15:16:23,14701,14701,14701,2,-2
2022-11-25 15:16:23,14703,14703,14703,2,2
2022-11-25 15:16:26,14703,14703,14703,2,0
2022-11-25 15:16:28,14702,14702,14702,2,-2
2022-11-25 15:16:30,14702,14702,14702,2,0
2022-11-25 15:16:32,14702,14702,14702,2,0
2022-11-25 15:16:42,14701,14701,14701,2,-2
2022-11-25 15:16:42,14702,14702,14702,4,4
2022-11-25 15:16:42,14702,14702,14702,8,0
2022-11-25 15:16:42,14701,14701,14701,2,-2
2022-11-25 15:16:42,14701,14701,14701,2,0
2022-11-25 15:16:42,14701,14701,14701,6,0
2022-11-25 15:16:43,14702,14702,14702,2,2
2022-11-25 15:16:43,14702,14702,14702,6,0
2022-11-25 15:16:43,14702,14702,14702,2,0
2022-11-25 15:16:49,14703,14703,14703,2,2
2022-11-25 15:16:50,14703,14703,14703,2,0
2022-11-25 15:16:50,14702,14702,14702,2,-2
2022-11-25 15:16:50,14703,14703,14703,2,2
2022-11-25 15:16:51,14703,14703,14703,2,0
2022-11-25 15:16:53,14701,14701,14701,10,-10
2022-11-25 15:16:53,14701,14701,14701,2,0
2022-11-25 15:16:53,14701,14701,14701,16,0
2022-11-25 15:16:53,14701,14701,14701,6,0
2022-11-25 15:16:53,14701,14701,14701,34,0
2022-11-25 15:16:53,14700,14700,14700,2,-2
2022-11-25 15:16:53,14700,14700,14700,2,0
2022-11-25 15:16:53,14700,14700,14700,2,0
2022-11-25 15:16:53,14700,14700,14700,2,0
2022-11-25 15:16:53,14700,14700,14700,2,0
2022-11-25 15:16:53,14699,14699,14699,2,-2
2022-11-25 15:16:57,14698,14698,14698,2,-2
2022-11-25 15:17:00,14698,14698,14698,2,0
2022-11-25 15:17:00,14699,14699,14699,2,2
2022-11-25 15:17:09,14699,14699,14699,2,0
2022-11-25 15:17:09,14699,14699,14699,2,0
2022-11-25 15:17:10,14699,14699,14699,2,0
2022-11-25 15:17:10,14699,14699,14699,2,0
2022-11-25 15:17:10,14699,14699,14699,2,0
2022-11-25 15:17:11,14700,14700,14700,2,2
2022-11-25 15:17:14,14701,14701,14701,2,2
2022-11-25 15:17:16,14702,14702,14702,2,2
2022-11-25 15:17:40,14701,14701,14701,4,-4
2022-11-25 15:17:40,14701,14701,14701,2,0
2022-11-25 15:17:57,14700,14700,14700,2,-2
2022-11-25 15:17:59,14700,14700,14700,2,0
2022-11-25 15:18:11,14698,14698,14698,2,-2
2022-11-25 15:18:11,14698,14698,14698,4,0
2022-11-25 15:18:11,14698,14698,14698,2,0
2022-11-25 15:18:11,14698,14698,14698,2,0
2022-11-25 15:18:28,14697,14697,14697,2,-2
2022-11-25 15:18:28,14697,14697,14697,2,0
2022-11-25 15:18:28,14698,14698,14698,2,2
2022-11-25 15:18:28,14697,14697,14697,2,-2
2022-11-25 15:18:52,14696,14696,14696,2,-2
2022-11-25 15:18:52,14696,14696,14696,2,0
2022-11-25 15:18:52,14696,14696,14696,2,0
2022-11-25 15:18:52,14696,14696,14696,2,0
2022-11-25 15:18:52,14696,14696,14696,2,0
2022-11-25 15:18:52,14696,14696,14696,2,0
2022-11-25 15:18:53,14695,14695,14695,2,-2
2022-11-25 15:18:53,14695,14695,14695,2,0
2022-11-25 15:18:53,14695,14695,14695,4,0
2022-11-25 15:18:53,14695,14695,14695,2,0
2022-11-25 15:18:53,14695,14695,14695,8,0
2022-11-25 15:18:53,14695,14695,14695,2,0
2022-11-25 15:18:53,14695,14695,14695,2,0
2022-11-25 15:18:53,14695,14695,14695,2,0
2022-11-25 15:18:53,14695,14695,14695,2,0
2022-11-25 15:18:54,14694,14694,14694,2,-2
2022-11-25 15:18:57,14693,14693,14693,4,-4
2022-11-25 15:18:58,14694,14694,14694,2,2
2022-11-25 15:18:58,14693,14693,14693,2,-2
2022-11-25 15:19:00,14693,14693,14693,2,0
2022-11-25 15:19:00,14693,14693,14693,2,0
2022-11-25 15:19:02,14693,14693,14693,2,0
2022-11-25 15:19:02,14693,14693,14693,2,0
2022-11-25 15:19:02,14692,14692,14692,2,-2
2022-11-25 15:19:03,14694,14694,14694,20,20
2022-11-25 15:19:17,14693,14693,14693,2,-2
2022-11-25 15:19:17,14693,14693,14693,2,0
2022-11-25 15:19:18,14692,14692,14692,2,-2
2022-11-25 15:19:20,14692,14692,14692,2,0
2022-11-25 15:19:21,14692,14692,14692,2,0
2022-11-25 15:19:25,14692,14692,14692,2,0
2022-11-25 15:19:25,14692,14692,14692,2,0
2022-11-25 15:19:26,14692,14692,14692,2,0
2022-11-25 15:19:26,14692,14692,14692,2,0
2022-11-25 15:19:26,14692,14692,14692,2,0
2022-11-25 15:19:27,14692,14692,14692,2,0
2022-11-25 15:19:28,14692,14692,14692,2,0
2022-11-25 15:19:28,14692,14692,14692,2,0
2022-11-25 15:19:28,14692,14692,14692,4,0
2022-11-25 15:19:32,14691,14691,14691,2,-2
2022-11-25 15:19:32,14691,14691,14691,2,0
2022-11-25 15:19:35,14692,14692,14692,2,2
2022-11-25 15:19:38,14692,14692,14692,8,0
2022-11-25 15:19:38,14691,14691,14691,2,-2
2022-11-25 15:19:39,14693,14693,14693,12,12
2022-11-25 15:19:45,14694,14694,14694,2,2
2022-11-25 15:19:46,14694,14694,14694,4,0
2022-11-25 15:19:46,14693,14693,14693,2,-2
2022-11-25 15:19:58,14694,14694,14694,2,2
2022-11-25 15:19:58,14694,14694,14694,2,0
2022-11-25 15:19:58,14693,14693,14693,2,-2
2022-11-25 15:20:06,14695,14695,14695,8,8
2022-11-25 15:20:07,14695,14695,14695,2,0
2022-11-25 15:20:08,14695,14695,14695,2,0
2022-11-25 15:20:08,14695,14695,14695,4,0
2022-11-25 15:20:08,14695,14695,14695,4,0
2022-11-25 15:20:08,14695,14695,14695,2,0
2022-11-25 15:20:12,14697,14697,14697,2,2
2022-11-25 15:20:16,14698,14698,14698,2,2
2022-11-25 15:20:16,14697,14697,14697,2,-2
2022-11-25 15:20:16,14697,14697,14697,4,0
2022-11-25 15:20:22,14697,14697,14697,2,0
2022-11-25 15:20:22,14697,14697,14697,2,0
2022-11-25 15:20:23,14697,14697,14697,2,0
2022-11-25 15:20:26,14697,14697,14697,2,0
2022-11-25 15:20:37,14694,14694,14694,2,-2
2022-11-25 15:21:24,14694,14694,14694,2,0
2022-11-25 15:21:24,14694,14694,14694,2,0
2022-11-25 15:21:24,14694,14694,14694,2,0
2022-11-25 15:21:24,14694,14694,14694,2,0
2022-11-25 15:21:24,14694,14694,14694,2,0
2022-11-25 15:21:24,14694,14694,14694,2,0
2022-11-25 15:21:25,14694,14694,14694,2,0
2022-11-25 15:21:26,14692,14692,14692,2,-2
2022-11-25 15:21:30,14694,14694,14694,2,2
2022-11-25 15:21:45,14694,14694,14694,4,0
2022-11-25 15:21:56,14694,14694,14694,2,0
2022-11-25 15:22:05,14695,14695,14695,6,6
2022-11-25 15:22:05,14695,14695,14695,6,0
2022-11-25 15:22:06,14696,14696,14696,2,2
2022-11-25 15:22:28,14696,14696,14696,2,0
2022-11-25 15:22:28,14696,14696,14696,2,0
2022-11-25 15:23:03,14694,14694,14694,2,-2
2022-11-25 15:23:03,14694,14694,14694,2,0
2022-11-25 15:23:04,14695,14695,14695,2,2
2022-11-25 15:23:09,14695,14695,14695,2,0
2022-11-25 15:23:32,14696,14696,14696,2,2
2022-11-25 15:23:32,14695,14695,14695,2,-2
2022-11-25 15:23:57,14697,14697,14697,2,2
2022-11-25 15:23:57,14697,14697,14697,6,0
2022-11-25 15:24:02,14696,14696,14696,2,-2
2022-11-25 15:24:17,14697,14697,14697,2,2
2022-11-25 15:24:20,14697,14697,14697,2,0
2022-11-25 15:24:32,14698,14698,14698,2,2
2022-11-25 15:24:32,14698,14698,14698,16,0
2022-11-25 15:24:43,14698,14698,14698,2,0
2022-11-25 15:24:44,14698,14698,14698,2,0
2022-11-25 15:24:59,14699,14699,14699,4,4
2022-11-25 15:25:02,14699,14699,14699,4,0
2022-11-25 15:25:02,14699,14699,14699,4,0
2022-11-25 15:25:02,14699,14699,14699,12,0
2022-11-25 15:25:03,14698,14698,14698,2,-2
2022-11-25 15:25:03,14698,14698,14698,2,0
2022-11-25 15:25:03,14698,14698,14698,2,0
2022-11-25 15:25:03,14698,14698,14698,2,0
2022-11-25 15:25:03,14698,14698,14698,2,0
2022-11-25 15:25:03,14698,14698,14698,2,0
2022-11-25 15:25:03,14698,14698,14698,2,0
2022-11-25 15:25:03,14697,14697,14697,4,-4
2022-11-25 15:25:03,14697,14697,14697,2,0
2022-11-25 15:25:03,14697,14697,14697,2,0
2022-11-25 15:25:03,14697,14697,14697,2,0
2022-11-25 15:25:09,14699,14699,14699,2,2
2022-11-25 15:25:22,14700,14700,14700,12,12
2022-11-25 15:25:27,14701,14701,14701,8,8
2022-11-25 15:25:34,14701,14701,14701,2,0
2022-11-25 15:25:38,14701,14701,14701,2,0
2022-11-25 15:25:38,14702,14702,14702,2,2
2022-11-25 15:25:39,14702,14702,14702,2,0
2022-11-25 15:25:41,14702,14702,14702,2,0
2022-11-25 15:25:47,14702,14702,14702,2,0
2022-11-25 15:25:49,14702,14702,14702,2,0
2022-11-25 15:26:01,14701,14701,14701,2,-2
2022-11-25 15:26:01,14701,14701,14701,2,0
2022-11-25 15:26:01,14700,14700,14700,2,-2
2022-11-25 15:26:01,14702,14702,14702,2,2
2022-11-25 15:26:01,14702,14702,14702,4,0
2022-11-25 15:26:01,14702,14702,14702,4,0
2022-11-25 15:26:01,14702,14702,14702,4,0
2022-11-25 15:26:03,14700,14700,14700,2,-2
2022-11-25 15:26:03,14700,14700,14700,2,0
2022-11-25 15:26:03,14700,14700,14700,2,0
2022-11-25 15:26:06,14701,14701,14701,2,2
2022-11-25 15:26:23,14700,14700,14700,2,-2
2022-11-25 15:26:23,14700,14700,14700,2,0
2022-11-25 15:26:34,14701,14701,14701,14,14
2022-11-25 15:26:34,14702,14702,14702,8,8
2022-11-25 15:26:34,14702,14702,14702,16,0
2022-11-25 15:26:34,14703,14703,14703,6,6
2022-11-25 15:26:34,14703,14703,14703,14,0
2022-11-25 15:26:40,14704,14704,14704,4,4
2022-11-25 15:26:40,14705,14705,14705,2,2
2022-11-25 15:26:40,14705,14705,14705,2,0
2022-11-25 15:26:43,14705,14705,14705,2,0
2022-11-25 15:26:44,14705,14705,14705,2,0
2022-11-25 15:26:45,14705,14705,14705,2,0
2022-11-25 15:26:45,14704,14704,14704,2,-2
2022-11-25 15:26:46,14705,14705,14705,2,2
2022-11-25 15:26:48,14705,14705,14705,6,0
2022-11-25 15:26:48,14705,14705,14705,8,0
2022-11-25 15:26:49,14705,14705,14705,2,0
2022-11-25 15:26:51,14705,14705,14705,2,0
2022-11-25 15:26:51,14705,14705,14705,2,0
2022-11-25 15:26:54,14705,14705,14705,2,0
2022-11-25 15:26:54,14706,14706,14706,2,2
2022-11-25 15:26:55,14706,14706,14706,22,0
2022-11-25 15:26:55,14706,14706,14706,10,0
2022-11-25 15:26:55,14707,14707,14707,4,4
2022-11-25 15:26:55,14707,14707,14707,8,0
2022-11-25 15:26:56,14706,14706,14706,2,-2
2022-11-25 15:26:56,14706,14706,14706,2,0
2022-11-25 15:26:59,14706,14706,14706,2,0
2022-11-25 15:27:00,14707,14707,14707,2,2
2022-11-25 15:27:03,14707,14707,14707,2,0
2022-11-25 15:27:03,14708,14708,14708,6,6
2022-11-25 15:27:05,14708,14708,14708,2,0
2022-11-25 15:27:06,14706,14706,14706,2,-2
2022-11-25 15:27:08,14707,14707,14707,2,2
2022-11-25 15:27:17,14707,14707,14707,6,0
2022-11-25 15:27:17,14706,14706,14706,2,-2
2022-11-25 15:27:18,14706,14706,14706,2,0
2022-11-25 15:27:18,14706,14706,14706,2,0
2022-11-25 15:27:20,14707,14707,14707,2,2
2022-11-25 15:27:22,14706,14706,14706,2,-2
2022-11-25 15:27:22,14705,14705,14705,2,-2
2022-11-25 15:27:22,14705,14705,14705,2,0
2022-11-25 15:27:22,14705,14705,14705,2,0
2022-11-25 15:27:22,14705,14705,14705,2,0
2022-11-25 15:27:25,14706,14706,14706,4,4
2022-11-25 15:27:25,14707,14707,14707,16,16
2022-11-25 15:27:28,14707,14707,14707,2,0
2022-11-25 15:27:29,14707,14707,14707,2,0
2022-11-25 15:27:29,14708,14708,14708,2,2
2022-11-25 15:27:31,14708,14708,14708,2,0
2022-11-25 15:27:33,14708,14708,14708,16,0
2022-11-25 15:27:33,14708,14708,14708,2,0
2022-11-25 15:27:33,14708,14708,14708,2,0
2022-11-25 15:27:33,14708,14708,14708,2,0
2022-11-25 15:27:33,14708,14708,14708,2,0
2022-11-25 15:27:33,14708,14708,14708,2,0
2022-11-25 15:27:33,14708,14708,14708,10,0
2022-11-25 15:27:37,14708,14708,14708,2,0
2022-11-25 15:27:38,14708,14708,14708,2,0
2022-11-25 15:27:39,14708,14708,14708,2,0
2022-11-25 15:27:42,14709,14709,14709,2,2
2022-11-25 15:27:42,14709,14709,14709,2,0
2022-11-25 15:27:42,14709,14709,14709,2,0
2022-11-25 15:27:42,14709,14709,14709,2,0
2022-11-25 15:27:45,14708,14708,14708,2,-2
2022-11-25 15:27:45,14708,14708,14708,2,0
2022-11-25 15:27:45,14708,14708,14708,2,0
2022-11-25 15:27:46,14708,14708,14708,6,0
2022-11-25 15:27:51,14708,14708,14708,4,0
2022-11-25 15:27:57,14707,14707,14707,2,-2
2022-11-25 15:28:04,14706,14706,14706,2,-2
2022-11-25 15:28:05,14706,14706,14706,2,0
2022-11-25 15:28:05,14706,14706,14706,2,0
2022-11-25 15:28:05,14707,14707,14707,2,2
2022-11-25 15:28:06,14706,14706,14706,2,-2
2022-11-25 15:28:06,14706,14706,14706,2,0
2022-11-25 15:28:07,14707,14707,14707,2,2
2022-11-25 15:28:10,14707,14707,14707,2,0
2022-11-25 15:28:16,14706,14706,14706,4,-4
2022-11-25 15:28:20,14706,14706,14706,2,0
2022-11-25 15:28:32,14705,14705,14705,2,-2
2022-11-25 15:28:32,14705,14705,14705,2,0
2022-11-25 15:28:36,14705,14705,14705,2,0
2022-11-25 15:28:37,14704,14704,14704,2,-2
2022-11-25 15:28:37,14703,14703,14703,2,-2
2022-11-25 15:28:37,14703,14703,14703,2,0
2022-11-25 15:28:50,14703,14703,14703,2,0
2022-11-25 15:28:55,14703,14703,14703,2,0
2022-11-25 15:29:01,14702,14702,14702,2,-2
2022-11-25 15:29:01,14702,14702,14702,2,0
2022-11-25 15:29:01,14701,14701,14701,2,-2
2022-11-25 15:29:01,14701,14701,14701,2,0
2022-11-25 15:29:01,14701,14701,14701,2,0
2022-11-25 15:29:01,14701,14701,14701,2,0
2022-11-25 15:29:01,14701,14701,14701,2,0
2022-11-25 15:29:01,14701,14701,14701,2,0
2022-11-25 15:29:03,14701,14701,14701,4,0
2022-11-25 15:29:10,14701,14701,14701,2,0
2022-11-25 15:29:13,14701,14701,14701,2,0
2022-11-25 15:29:15,14702,14702,14702,2,2
2022-11-25 15:29:22,14703,14703,14703,2,2
2022-11-25 15:29:43,14702,14702,14702,2,-2
2022-11-25 15:29:43,14702,14702,14702,2,0
2022-11-25 15:29:43,14702,14702,14702,2,0
2022-11-25 15:29:50,14701,14701,14701,4,-4
2022-11-25 15:29:51,14700,14700,14700,2,-2
2022-11-25 15:29:51,14700,14700,14700,2,0
2022-11-25 15:29:53,14700,14700,14700,4,0
2022-11-25 15:29:55,14701,14701,14701,2,2
2022-11-25 15:29:59,14701,14701,14701,2,0
2022-11-25 15:30:09,14702,14702,14702,2,2
2022-11-25 15:30:09,14701,14701,14701,2,-2
2022-11-25 15:30:09,14703,14703,14703,2,2
2022-11-25 15:30:10,14701,14701,14701,2,-2
2022-11-25 15:30:10,14701,14701,14701,2,0
2022-11-25 15:30:10,14701,14701,14701,2,0
2022-11-25 15:30:10,14701,14701,14701,2,0
2022-11-25 15:30:10,14703,14703,14703,2,2
2022-11-25 15:30:14,14703,14703,14703,4,0
2022-11-25 15:30:23,14701,14701,14701,2,-2
2022-11-25 15:30:30,14701,14701,14701,2,0
2022-11-25 15:30:30,14700,14700,14700,2,-2
2022-11-25 15:30:30,14700,14700,14700,2,0
2022-11-25 15:30:30,14700,14700,14700,2,0
2022-11-25 15:30:31,14700,14700,14700,2,0
2022-11-25 15:30:31,14700,14700,14700,2,0
2022-11-25 15:30:31,14700,14700,14700,2,0
2022-11-25 15:30:31,14700,14700,14700,2,0
2022-11-25 15:30:31,14700,14700,14700,2,0
2022-11-25 15:30:31,14699,14699,14699,4,-4
2022-11-25 15:30:31,14699,14699,14699,2,0
2022-11-25 15:30:31,14699,14699,14699,2,0
2022-11-25 15:30:31,14699,14699,14699,2,0
2022-11-25 15:30:31,14699,14699,14699,2,0
2022-11-25 15:30:31,14699,14699,14699,4,0
2022-11-25 15:30:32,14700,14700,14700,2,2
2022-11-25 15:30:32,14700,14700,14700,2,0
2022-11-25 15:30:49,14700,14700,14700,2,0
2022-11-25 15:30:50,14700,14700,14700,2,0
2022-11-25 15:31:12,14700,14700,14700,2,0
2022-11-25 15:31:12,14700,14700,14700,8,0
2022-11-25 15:31:12,14700,14700,14700,2,0
2022-11-25 15:31:12,14700,14700,14700,2,0
2022-11-25 15:31:12,14700,14700,14700,2,0
2022-11-25 15:31:20,14700,14700,14700,2,0
2022-11-25 15:31:23,14699,14699,14699,2,-2
2022-11-25 15:31:25,14700,14700,14700,2,2
2022-11-25 15:31:25,14699,14699,14699,2,-2
2022-11-25 15:31:41,14700,14700,14700,2,2
2022-11-25 15:31:50,14700,14700,14700,14,0
2022-11-25 15:31:50,14700,14700,14700,2,0
2022-11-25 15:31:50,14700,14700,14700,2,0
2022-11-25 15:31:50,14701,14701,14701,2,2
2022-11-25 15:31:50,14701,14701,14701,2,0
2022-11-25 15:32:05,14700,14700,14700,2,-2
2022-11-25 15:32:27,14702,14702,14702,2,2
2022-11-25 15:32:35,14702,14702,14702,2,0
2022-11-25 15:32:42,14702,14702,14702,2,0
2022-11-25 15:32:45,14702,14702,14702,2,0
2022-11-25 15:32:46,14703,14703,14703,2,2
2022-11-25 15:33:22,14700,14700,14700,2,-2
2022-11-25 15:33:22,14700,14700,14700,2,0
2022-11-25 15:33:22,14700,14700,14700,2,0
2022-11-25 15:33:22,14700,14700,14700,2,0
2022-11-25 15:33:22,14700,14700,14700,2,0
2022-11-25 15:33:23,14701,14701,14701,4,4
2022-11-25 15:33:23,14699,14699,14699,2,-2
2022-11-25 15:33:36,14701,14701,14701,2,2
2022-11-25 15:33:47,14701,14701,14701,4,0
2022-11-25 15:33:47,14700,14700,14700,2,-2
2022-11-25 15:33:59,14700,14700,14700,2,0
2022-11-25 15:34:00,14700,14700,14700,2,0
2022-11-25 15:34:00,14699,14699,14699,2,-2
2022-11-25 15:34:21,14701,14701,14701,24,24
2022-11-25 15:34:44,14702,14702,14702,2,2
2022-11-25 15:34:49,14703,14703,14703,2,2
2022-11-25 15:34:49,14703,14703,14703,4,0
2022-11-25 15:34:49,14703,14703,14703,24,0
2022-11-25 15:34:49,14703,14703,14703,10,0
2022-11-25 15:34:51,14703,14703,14703,2,0
2022-11-25 15:34:56,14703,14703,14703,2,0
2022-11-25 15:34:56,14702,14702,14702,2,-2
2022-11-25 15:34:56,14702,14702,14702,2,0
2022-11-25 15:34:56,14702,14702,14702,2,0
2022-11-25 15:34:56,14702,14702,14702,4,0
2022-11-25 15:34:56,14702,14702,14702,2,0
2022-11-25 15:34:56,14702,14702,14702,2,0
2022-11-25 15:34:56,14702,14702,14702,2,0
2022-11-25 15:34:56,14702,14702,14702,2,0
2022-11-25 15:34:56,14702,14702,14702,2,0
2022-11-25 15:34:56,14702,14702,14702,4,0
2022-11-25 15:34:56,14702,14702,14702,2,0
2022-11-25 15:34:56,14702,14702,14702,4,0
2022-11-25 15:34:57,14703,14703,14703,2,2
2022-11-25 15:35:09,14701,14701,14701,2,-2
2022-11-25 15:35:10,14703,14703,14703,12,12
2022-11-25 15:35:24,14703,14703,14703,2,0
2022-11-25 15:35:25,14703,14703,14703,4,0
2022-11-25 15:35:27,14703,14703,14703,2,0
2022-11-25 15:35:34,14704,14704,14704,2,2
2022-11-25 15:36:00,14704,14704,14704,2,0
2022-11-25 15:36:14,14704,14704,14704,2,0
2022-11-25 15:36:15,14704,14704,14704,2,0
2022-11-25 15:36:18,14704,14704,14704,2,0
2022-11-25 15:36:21,14702,14702,14702,2,-2
2022-11-25 15:36:44,14704,14704,14704,10,10
2022-11-25 15:36:46,14705,14705,14705,4,4
2022-11-25 15:36:46,14705,14705,14705,6,0
2022-11-25 15:36:46,14705,14705,14705,8,0
2022-11-25 15:36:46,14705,14705,14705,2,0
2022-11-25 15:36:46,14705,14705,14705,4,0
2022-11-25 15:36:46,14706,14706,14706,2,2
2022-11-25 15:36:53,14705,14705,14705,2,-2
2022-11-25 15:36:57,14706,14706,14706,4,4
2022-11-25 15:36:57,14707,14707,14707,6,6
2022-11-25 15:36:57,14707,14707,14707,4,0
2022-11-25 15:36:57,14707,14707,14707,2,0
2022-11-25 15:36:57,14706,14706,14706,4,-4
2022-11-25 15:37:04,14707,14707,14707,2,2
2022-11-25 15:37:04,14706,14706,14706,6,-6
2022-11-25 15:37:04,14706,14706,14706,2,0
2022-11-25 15:37:04,14706,14706,14706,2,0
2022-11-25 15:37:04,14706,14706,14706,2,0
2022-11-25 15:37:04,14706,14706,14706,2,0
2022-11-25 15:37:16,14706,14706,14706,10,0
2022-11-25 15:37:18,14706,14706,14706,2,0
2022-11-25 15:37:24,14705,14705,14705,2,-2
2022-11-25 15:37:27,14705,14705,14705,2,0
2022-11-25 15:37:29,14705,14705,14705,2,0
2022-11-25 15:37:31,14704,14704,14704,2,-2
2022-11-25 15:37:32,14704,14704,14704,2,0
2022-11-25 15:37:34,14703,14703,14703,2,-2
2022-11-25 15:37:34,14703,14703,14703,2,0
2022-11-25 15:37:34,14703,14703,14703,2,0
2022-11-25 15:37:34,14702,14702,14702,2,-2
2022-11-25 15:37:34,14702,14702,14702,2,0
2022-11-25 15:37:34,14702,14702,14702,2,0
2022-11-25 15:37:43,14703,14703,14703,2,2
2022-11-25 15:37:49,14704,14704,14704,8,8
2022-11-25 15:37:49,14704,14704,14704,2,0
2022-11-25 15:38:00,14703,14703,14703,2,-2
2022-11-25 15:38:16,14703,14703,14703,2,0
2022-11-25 15:38:18,14703,14703,14703,2,0
2022-11-25 15:38:19,14703,14703,14703,2,0
2022-11-25 15:38:30,14703,14703,14703,2,0
2022-11-25 15:38:37,14703,14703,14703,2,0
2022-11-25 15:38:40,14703,14703,14703,2,0
2022-11-25 15:38:46,14703,14703,14703,2,0
2022-11-25 15:38:46,14703,14703,14703,2,0
2022-11-25 15:38:46,14703,14703,14703,2,0
2022-11-25 15:38:54,14702,14702,14702,2,-2
2022-11-25 15:38:55,14703,14703,14703,2,2
2022-11-25 15:39:14,14702,14702,14702,2,-2
2022-11-25 15:39:15,14702,14702,14702,2,0
2022-11-25 15:39:15,14702,14702,14702,2,0
2022-11-25 15:39:19,14703,14703,14703,4,4
2022-11-25 15:39:20,14702,14702,14702,2,-2
2022-11-25 15:39:20,14702,14702,14702,2,0
2022-11-25 15:39:24,14702,14702,14702,2,0
2022-11-25 15:39:33,14702,14702,14702,2,0
2022-11-25 15:40:15,14702,14702,14702,2,0
2022-11-25 15:40:21,14703,14703,14703,4,4
2022-11-25 15:40:29,14703,14703,14703,2,0
2022-11-25 15:40:32,14703,14703,14703,2,0
2022-11-25 15:40:32,14703,14703,14703,4,0
2022-11-25 15:40:40,14704,14704,14704,2,2
2022-11-25 15:40:40,14704,14704,14704,2,0
2022-11-25 15:40:42,14705,14705,14705,4,4
2022-11-25 15:40:47,14705,14705,14705,2,0
2022-11-25 15:40:48,14703,14703,14703,2,-2
2022-11-25 15:40:55,14703,14703,14703,2,0
2022-11-25 15:40:55,14703,14703,14703,2,0
2022-11-25 15:40:55,14703,14703,14703,2,0
2022-11-25 15:40:55,14703,14703,14703,2,0
2022-11-25 15:41:02,14703,14703,14703,2,0
2022-11-25 15:41:04,14704,14704,14704,2,2
2022-11-25 15:41:25,14703,14703,14703,2,-2
2022-11-25 15:41:49,14703,14703,14703,2,0
2022-11-25 15:41:55,14703,14703,14703,2,0
2022-11-25 15:42:02,14703,14703,14703,2,0
2022-11-25 15:42:03,14703,14703,14703,2,0
2022-11-25 15:42:30,14704,14704,14704,4,4
2022-11-25 15:42:53,14704,14704,14704,8,0
2022-11-25 15:43:05,14704,14704,14704,20,0
2022-11-25 15:43:09,14704,14704,14704,2,0
2022-11-25 15:43:35,14704,14704,14704,2,0
2022-11-25 15:43:50,14704,14704,14704,4,0
2022-11-25 15:43:52,14704,14704,14704,2,0
2022-11-25 15:43:52,14704,14704,14704,2,0
2022-11-25 15:44:14,14704,14704,14704,2,0
2022-11-25 15:44:18,14704,14704,14704,8,0
2022-11-25 15:44:19,14703,14703,14703,2,-2
2022-11-25 15:44:35,14705,14705,14705,32,32
2022-11-25 15:44:35,14706,14706,14706,4,4
2022-11-25 15:44:35,14706,14706,14706,2,0
2022-11-25 15:44:35,14707,14707,14707,4,4
2022-11-25 15:44:44,14706,14706,14706,2,-2
2022-11-25 15:44:57,14706,14706,14706,2,0
2022-11-25 15:44:58,14706,14706,14706,2,0
2022-11-25 15:45:00,14707,14707,14707,2,2
2022-11-25 15:45:00,14707,14707,14707,10,0
2022-11-25 15:45:00,14707,14707,14707,8,0
2022-11-25 15:45:01,14708,14708,14708,2,2
2022-11-25 15:45:10,14708,14708,14708,2,0
2022-11-25 15:45:10,14708,14708,14708,4,0
2022-11-25 15:45:10,14708,14708,14708,10,0
2022-11-25 15:45:10,14709,14709,14709,2,2
2022-11-25 15:45:10,14708,14708,14708,2,-2
2022-11-25 15:45:10,14707,14707,14707,2,-2
2022-11-25 15:45:22,14708,14708,14708,6,6
2022-11-25 15:45:22,14707,14707,14707,2,-2
2022-11-25 15:45:22,14707,14707,14707,12,0
2022-11-25 15:45:22,14707,14707,14707,8,0
2022-11-25 15:45:22,14708,14708,14708,12,12
2022-11-25 15:45:23,14708,14708,14708,14,0
2022-11-25 15:45:23,14708,14708,14708,6,0
2022-11-25 15:45:24,14709,14709,14709,20,20
2022-11-25 15:45:25,14709,14709,14709,20,0
2022-11-25 15:45:27,14709,14709,14709,10,0
2022-11-25 15:45:27,14710,14710,14710,10,10
2022-11-25 15:45:27,14710,14710,14710,12,0
2022-11-25 15:45:27,14710,14710,14710,2,0
2022-11-25 15:45:27,14709,14709,14709,4,-4
2022-11-25 15:45:28,14709,14709,14709,2,0
2022-11-25 15:45:32,14709,14709,14709,4,0
2022-11-25 15:45:32,14710,14710,14710,6,6
2022-11-25 15:45:32,14710,14710,14710,10,0
2022-11-25 15:45:34,14709,14709,14709,2,-2
2022-11-25 15:45:35,14710,14710,14710,2,2
2022-11-25 15:45:37,14709,14709,14709,2,-2
2022-11-25 15:45:39,14710,14710,14710,2,2
2022-11-25 15:45:39,14710,14710,14710,6,0
2022-11-25 15:45:40,14709,14709,14709,4,-4
2022-11-25 15:45:41,14708,14708,14708,2,-2
2022-11-25 15:45:41,14708,14708,14708,2,0
2022-11-25 15:45:42,14709,14709,14709,20,20
2022-11-25 15:45:43,14709,14709,14709,8,0
2022-11-25 15:45:43,14709,14709,14709,4,0
2022-11-25 15:45:43,14709,14709,14709,8,0
2022-11-25 15:45:46,14709,14709,14709,10,0
2022-11-25 15:45:46,14710,14710,14710,2,2
2022-11-25 15:45:47,14709,14709,14709,2,-2
2022-11-25 15:45:48,14709,14709,14709,2,0
2022-11-25 15:45:54,14709,14709,14709,2,0
2022-11-25 15:45:59,14709,14709,14709,10,0
2022-11-25 15:46:02,14708,14708,14708,2,-2
2022-11-25 15:46:02,14709,14709,14709,2,2
2022-11-25 15:46:02,14709,14709,14709,2,0
2022-11-25 15:46:07,14710,14710,14710,2,2
2022-11-25 15:46:35,14707,14707,14707,2,-2
2022-11-25 15:46:40,14708,14708,14708,2,2
2022-11-25 15:46:47,14707,14707,14707,2,-2
2022-11-25 15:46:49,14707,14707,14707,2,0
2022-11-25 15:47:00,14708,14708,14708,2,2
2022-11-25 15:47:00,14708,14708,14708,4,0
2022-11-25 15:47:00,14708,14708,14708,6,0
2022-11-25 15:47:13,14707,14707,14707,2,-2
2022-11-25 15:47:15,14707,14707,14707,4,0
2022-11-25 15:47:15,14707,14707,14707,2,0
2022-11-25 15:47:17,14708,14708,14708,10,10
2022-11-25 15:47:29,14707,14707,14707,2,-2
2022-11-25 15:47:29,14706,14706,14706,4,-4
2022-11-25 15:47:29,14706,14706,14706,2,0
2022-11-25 15:47:29,14706,14706,14706,2,0
2022-11-25 15:47:29,14706,14706,14706,4,0
2022-11-25 15:47:32,14706,14706,14706,2,0
2022-11-25 15:47:33,14706,14706,14706,2,0
2022-11-25 15:47:33,14707,14707,14707,2,2
2022-11-25 15:47:34,14706,14706,14706,10,-10
2022-11-25 15:47:40,14706,14706,14706,2,0
2022-11-25 15:47:49,14706,14706,14706,2,0
2022-11-25 15:47:50,14705,14705,14705,2,-2
2022-11-25 15:47:57,14705,14705,14705,2,0
2022-11-25 15:47:59,14705,14705,14705,2,0
2022-11-25 15:47:59,14705,14705,14705,2,0
2022-11-25 15:47:59,14705,14705,14705,2,0
2022-11-25 15:48:02,14704,14704,14704,2,-2
2022-11-25 15:48:07,14704,14704,14704,2,0
2022-11-25 15:48:07,14704,14704,14704,2,0
2022-11-25 15:48:07,14704,14704,14704,4,0
2022-11-25 15:48:07,14704,14704,14704,2,0
2022-11-25 15:48:13,14704,14704,14704,2,0
2022-11-25 15:48:13,14704,14704,14704,2,0
2022-11-25 15:48:13,14704,14704,14704,2,0
2022-11-25 15:48:13,14704,14704,14704,2,0
2022-11-25 15:48:24,14706,14706,14706,20,20
2022-11-25 15:48:24,14707,14707,14707,30,30
2022-11-25 15:48:40,14706,14706,14706,2,-2
2022-11-25 15:48:40,14706,14706,14706,2,0
2022-11-25 15:48:49,14706,14706,14706,2,0
2022-11-25 15:49:00,14707,14707,14707,2,2
2022-11-25 15:49:00,14707,14707,14707,2,0
2022-11-25 15:49:03,14708,14708,14708,2,2
2022-11-25 15:49:10,14708,14708,14708,4,0
2022-11-25 15:49:27,14708,14708,14708,2,0
2022-11-25 15:49:30,14709,14709,14709,4,4
2022-11-25 15:49:39,14709,14709,14709,6,0
2022-11-25 15:49:45,14710,14710,14710,2,2
2022-11-25 15:49:45,14710,14710,14710,2,0
2022-11-25 15:49:45,14710,14710,14710,2,0
2022-11-25 15:49:45,14710,14710,14710,2,0
2022-11-25 15:49:49,14708,14708,14708,2,-2
2022-11-25 15:49:49,14708,14708,14708,2,0
2022-11-25 15:49:57,14707,14707,14707,2,-2
2022-11-25 15:49:57,14707,14707,14707,2,0
2022-11-25 15:49:57,14707,14707,14707,4,0
2022-11-25 15:49:57,14707,14707,14707,4,0
2022-11-25 15:49:57,14707,14707,14707,2,0
2022-11-25 15:49:57,14707,14707,14707,2,0
2022-11-25 15:49:57,14707,14707,14707,2,0
2022-11-25 15:49:57,14707,14707,14707,2,0
2022-11-25 15:49:57,14707,14707,14707,2,0
2022-11-25 15:49:57,14707,14707,14707,2,0
2022-11-25 15:50:05,14709,14709,14709,2,2
2022-11-25 15:50:20,14708,14708,14708,6,-6
2022-11-25 15:50:34,14707,14707,14707,6,-6
2022-11-25 15:50:34,14707,14707,14707,2,0
2022-11-25 15:50:45,14706,14706,14706,2,-2
2022-11-25 15:50:45,14706,14706,14706,6,0
2022-11-25 15:50:52,14706,14706,14706,2,0
2022-11-25 15:50:58,14705,14705,14705,2,-2
2022-11-25 15:51:03,14705,14705,14705,2,0
2022-11-25 15:51:03,14705,14705,14705,2,0
2022-11-25 15:51:03,14705,14705,14705,2,0
2022-11-25 15:51:03,14705,14705,14705,2,0
2022-11-25 15:51:06,14704,14704,14704,2,-2
2022-11-25 15:51:18,14704,14704,14704,2,0
2022-11-25 15:51:22,14705,14705,14705,2,2
2022-11-25 15:51:22,14705,14705,14705,2,0
2022-11-25 15:51:23,14704,14704,14704,10,-10
2022-11-25 15:51:23,14704,14704,14704,2,0
2022-11-25 15:51:23,14703,14703,14703,2,-2
2022-11-25 15:51:23,14703,14703,14703,2,0
2022-11-25 15:51:25,14703,14703,14703,2,0
2022-11-25 15:51:25,14703,14703,14703,2,0
2022-11-25 15:51:31,14703,14703,14703,2,0
2022-11-25 15:51:31,14703,14703,14703,2,0
2022-11-25 15:51:44,14703,14703,14703,2,0
2022-11-25 15:51:47,14703,14703,14703,2,0
2022-11-25 15:51:47,14703,14703,14703,2,0
2022-11-25 15:51:50,14703,14703,14703,2,0
2022-11-25 15:51:53,14703,14703,14703,2,0
2022-11-25 15:51:53,14703,14703,14703,2,0
2022-11-25 15:51:53,14703,14703,14703,2,0
2022-11-25 15:51:54,14704,14704,14704,2,2
2022-11-25 15:51:55,14703,14703,14703,2,-2
2022-11-25 15:51:55,14703,14703,14703,2,0
2022-11-25 15:51:58,14703,14703,14703,2,0
2022-11-25 15:51:58,14703,14703,14703,2,0
2022-11-25 15:51:58,14703,14703,14703,2,0
2022-11-25 15:52:00,14704,14704,14704,6,6
2022-11-25 15:52:01,14703,14703,14703,2,-2
2022-11-25 15:52:02,14703,14703,14703,2,0
2022-11-25 15:52:02,14703,14703,14703,6,0
2022-11-25 15:52:06,14703,14703,14703,2,0
2022-11-25 15:52:09,14702,14702,14702,2,-2
2022-11-25 15:52:16,14703,14703,14703,2,2
2022-11-25 15:52:21,14702,14702,14702,2,-2
2022-11-25 15:52:21,14702,14702,14702,2,0
2022-11-25 15:52:32,14702,14702,14702,2,0
2022-11-25 15:52:38,14703,14703,14703,2,2
2022-11-25 15:52:39,14703,14703,14703,2,0
2022-11-25 15:52:39,14703,14703,14703,4,0
2022-11-25 15:52:48,14704,14704,14704,2,2
2022-11-25 15:52:59,14704,14704,14704,2,0
2022-11-25 15:53:31,14704,14704,14704,2,0
2022-11-25 15:53:53,14704,14704,14704,2,0
2022-11-25 15:54:53,14703,14703,14703,2,-2
2022-11-25 15:54:58,14703,14703,14703,2,0
2022-11-25 15:54:58,14705,14705,14705,6,6
2022-11-25 15:55:07,14704,14704,14704,2,-2
2022-11-25 15:55:24,14705,14705,14705,6,6
2022-11-25 15:55:40,14703,14703,14703,2,-2
2022-11-25 15:55:40,14703,14703,14703,2,0
2022-11-25 15:55:40,14703,14703,14703,2,0
2022-11-25 15:56:16,14703,14703,14703,8,0
2022-11-25 15:56:16,14703,14703,14703,2,0
2022-11-25 15:56:29,14703,14703,14703,2,0
2022-11-25 15:56:29,14703,14703,14703,2,0
2022-11-25 15:56:39,14704,14704,14704,2,2
2022-11-25 15:57:22,14703,14703,14703,2,-2
2022-11-25 15:57:29,14704,14704,14704,2,2
2022-11-25 15:57:30,14703,14703,14703,2,-2
2022-11-25 15:57:48,14703,14703,14703,2,0
2022-11-25 15:57:50,14702,14702,14702,2,-2
2022-11-25 15:57:52,14703,14703,14703,2,2
2022-11-25 15:57:58,14702,14702,14702,4,-4
2022-11-25 15:57:58,14702,14702,14702,2,0
2022-11-25 15:57:58,14702,14702,14702,2,0
2022-11-25 15:57:58,14702,14702,14702,4,0
2022-11-25 15:57:58,14702,14702,14702,2,0
2022-11-25 15:57:58,14701,14701,14701,2,-2
2022-11-25 15:57:58,14701,14701,14701,2,0
2022-11-25 15:57:59,14701,14701,14701,2,0
2022-11-25 15:58:03,14701,14701,14701,2,0
2022-11-25 15:58:10,14700,14700,14700,2,-2
2022-11-25 15:58:11,14701,14701,14701,2,2
2022-11-25 15:58:12,14700,14700,14700,2,-2
2022-11-25 15:58:34,14700,14700,14700,2,0
2022-11-25 15:58:34,14700,14700,14700,2,0
2022-11-25 15:58:34,14700,14700,14700,2,0
2022-11-25 15:58:34,14700,14700,14700,2,0
2022-11-25 15:58:34,14700,14700,14700,2,0
2022-11-25 15:58:34,14700,14700,14700,2,0
2022-11-25 15:58:34,14700,14700,14700,4,0
2022-11-25 15:58:34,14700,14700,14700,2,0
2022-11-25 15:58:34,14700,14700,14700,2,0
2022-11-25 15:58:39,14699,14699,14699,2,-2
2022-11-25 15:58:39,14699,14699,14699,2,0
2022-11-25 15:58:39,14700,14700,14700,2,2
2022-11-25 15:58:42,14700,14700,14700,2,0
2022-11-25 15:58:44,14701,14701,14701,14,14
2022-11-25 15:59:06,14700,14700,14700,2,-2
2022-11-25 15:59:06,14700,14700,14700,2,0
2022-11-25 15:59:28,14699,14699,14699,2,-2
2022-11-25 15:59:28,14699,14699,14699,2,0
2022-11-25 15:59:28,14699,14699,14699,2,0
2022-11-25 15:59:28,14699,14699,14699,2,0
2022-11-25 15:59:28,14698,14698,14698,2,-2
2022-11-25 15:59:28,14698,14698,14698,2,0
2022-11-25 15:59:28,14698,14698,14698,2,0
2022-11-25 15:59:28,14698,14698,14698,2,0
2022-11-25 15:59:29,14698,14698,14698,2,0
2022-11-25 15:59:29,14698,14698,14698,2,0
2022-11-25 15:59:29,14698,14698,14698,2,0
2022-11-25 15:59:29,14698,14698,14698,2,0
2022-11-25 15:59:29,14698,14698,14698,2,0
2022-11-25 15:59:38,14699,14699,14699,2,2
2022-11-25 15:59:42,14698,14698,14698,2,-2
2022-11-25 15:59:42,14698,14698,14698,2,0
2022-11-25 15:59:44,14698,14698,14698,2,0
2022-11-25 15:59:44,14697,14697,14697,2,-2
2022-11-25 15:59:44,14697,14697,14697,2,0
2022-11-25 15:59:44,14697,14697,14697,2,0
2022-11-25 15:59:45,14696,14696,14696,2,-2
2022-11-25 15:59:46,14696,14696,14696,2,0
2022-11-25 15:59:46,14696,14696,14696,2,0
2022-11-25 15:59:46,14696,14696,14696,2,0
2022-11-25 15:59:46,14696,14696,14696,2,0
2022-11-25 15:59:50,14696,14696,14696,2,0
2022-11-25 15:59:51,14695,14695,14695,2,-2
2022-11-25 15:59:51,14695,14695,14695,2,0
2022-11-25 15:59:51,14695,14695,14695,2,0
2022-11-25 15:59:57,14695,14695,14695,2,0
2022-11-25 15:59:58,14695,14695,14695,2,0
2022-11-25 15:59:58,14695,14695,14695,6,0
2022-11-25 15:59:58,14695,14695,14695,2,0
2022-11-25 15:59:58,14695,14695,14695,20,0
2022-11-25 15:59:58,14695,14695,14695,2,0
2022-11-25 15:59:58,14695,14695,14695,2,0
2022-11-25 15:59:58,14695,14695,14695,2,0
2022-11-25 15:59:58,14695,14695,14695,4,0
2022-11-25 15:59:58,14695,14695,14695,2,0
2022-11-25 16:00:00,14695,14695,14695,2,0
2022-11-25 16:00:00,14694,14694,14694,2,-2
2022-11-25 16:00:00,14694,14694,14694,2,0
2022-11-25 16:00:00,14694,14694,14694,2,0
2022-11-25 16:00:00,14694,14694,14694,2,0
2022-11-25 16:00:00,14694,14694,14694,2,0
2022-11-25 16:00:01,14694,14694,14694,2,0
2022-11-25 16:00:01,14693,14693,14693,2,-2
2022-11-25 16:00:01,14693,14693,14693,4,0
2022-11-25 16:00:01,14693,14693,14693,2,0
2022-11-25 16:00:01,14693,14693,14693,2,0
2022-11-25 16:00:01,14693,14693,14693,2,0
2022-11-25 16:00:03,14694,14694,14694,2,2
2022-11-25 16:00:10,14694,14694,14694,2,0
2022-11-25 16:00:12,14695,14695,14695,2,2
2022-11-25 16:00:12,14695,14695,14695,2,0
2022-11-25 16:00:12,14695,14695,14695,2,0
2022-11-25 16:00:13,14696,14696,14696,2,2
2022-11-25 16:00:18,14695,14695,14695,4,-4
2022-11-25 16:00:18,14695,14695,14695,2,0
2022-11-25 16:00:18,14695,14695,14695,2,0
2022-11-25 16:00:23,14695,14695,14695,2,0
2022-11-25 16:00:23,14695,14695,14695,2,0
2022-11-25 16:00:24,14695,14695,14695,6,0
2022-11-25 16:00:27,14695,14695,14695,2,0
2022-11-25 16:00:35,14694,14694,14694,2,-2
2022-11-25 16:00:35,14694,14694,14694,2,0
2022-11-25 16:00:35,14694,14694,14694,2,0
2022-11-25 16:00:35,14694,14694,14694,6,0
2022-11-25 16:00:40,14693,14693,14693,2,-2
2022-11-25 16:00:43,14694,14694,14694,2,2
2022-11-25 16:00:45,14694,14694,14694,2,0
2022-11-25 16:00:48,14694,14694,14694,2,0
2022-11-25 16:00:49,14694,14694,14694,2,0
2022-11-25 16:00:50,14695,14695,14695,6,6
2022-11-25 16:00:50,14695,14695,14695,8,0
2022-11-25 16:00:52,14695,14695,14695,2,0
2022-11-25 16:00:57,14695,14695,14695,20,0
2022-11-25 16:00:57,14694,14694,14694,2,-2
2022-11-25 16:00:57,14694,14694,14694,2,0
2022-11-25 16:00:57,14694,14694,14694,4,0
2022-11-25 16:00:57,14694,14694,14694,2,0
2022-11-25 16:00:57,14694,14694,14694,2,0
2022-11-25 16:00:57,14694,14694,14694,2,0
2022-11-25 16:00:57,14694,14694,14694,2,0
2022-11-25 16:00:57,14694,14694,14694,2,0
2022-11-25 16:00:57,14694,14694,14694,2,0
2022-11-25 16:00:58,14695,14695,14695,2,2
2022-11-25 16:01:06,14695,14695,14695,2,0
2022-11-25 16:01:07,14695,14695,14695,2,0
2022-11-25 16:01:07,14696,14696,14696,8,8
2022-11-25 16:01:07,14696,14696,14696,2,0
2022-11-25 16:01:07,14696,14696,14696,30,0
2022-11-25 16:01:08,14697,14697,14697,2,2
2022-11-25 16:01:08,14697,14697,14697,6,0
2022-11-25 16:01:08,14697,14697,14697,2,0
2022-11-25 16:01:09,14698,14698,14698,2,2
2022-11-25 16:01:13,14696,14696,14696,8,-8
2022-11-25 16:01:13,14697,14697,14697,2,2
2022-11-25 16:01:13,14696,14696,14696,4,-4
2022-11-25 16:01:16,14695,14695,14695,2,-2
2022-11-25 16:01:18,14695,14695,14695,2,0
2022-11-25 16:01:22,14694,14694,14694,2,-2
2022-11-25 16:01:24,14695,14695,14695,2,2
2022-11-25 16:01:24,14695,14695,14695,2,0
2022-11-25 16:01:39,14696,14696,14696,2,2
2022-11-25 16:01:49,14696,14696,14696,2,0
2022-11-25 16:02:01,14695,14695,14695,2,-2
2022-11-25 16:02:01,14695,14695,14695,2,0
2022-11-25 16:02:01,14695,14695,14695,8,0
2022-11-25 16:02:01,14695,14695,14695,2,0
2022-11-25 16:02:01,14695,14695,14695,2,0
2022-11-25 16:02:01,14695,14695,14695,2,0
2022-11-25 16:02:01,14695,14695,14695,4,0
2022-11-25 16:02:01,14695,14695,14695,2,0
2022-11-25 16:02:02,14693,14693,14693,2,-2
2022-11-25 16:02:02,14694,14694,14694,2,2
2022-11-25 16:02:02,14692,14692,14692,2,-2
2022-11-25 16:02:02,14692,14692,14692,2,0
2022-11-25 16:02:02,14692,14692,14692,2,0
2022-11-25 16:02:02,14692,14692,14692,2,0
2022-11-25 16:02:03,14692,14692,14692,2,0
2022-11-25 16:02:03,14692,14692,14692,2,0
2022-11-25 16:02:03,14692,14692,14692,2,0
2022-11-25 16:02:05,14692,14692,14692,2,0
2022-11-25 16:02:08,14692,14692,14692,2,0
2022-11-25 16:02:14,14692,14692,14692,2,0
2022-11-25 16:02:14,14692,14692,14692,2,0
2022-11-25 16:02:16,14692,14692,14692,2,0
2022-11-25 16:02:16,14691,14691,14691,2,-2
2022-11-25 16:02:16,14691,14691,14691,2,0
2022-11-25 16:02:16,14691,14691,14691,2,0
2022-11-25 16:02:16,14691,14691,14691,2,0
2022-11-25 16:02:16,14691,14691,14691,4,0
2022-11-25 16:02:16,14691,14691,14691,2,0
2022-11-25 16:02:16,14691,14691,14691,2,0
2022-11-25 16:02:16,14691,14691,14691,2,0
2022-11-25 16:02:16,14691,14691,14691,2,0
2022-11-25 16:02:16,14691,14691,14691,2,0
2022-11-25 16:02:16,14691,14691,14691,2,0
2022-11-25 16:02:20,14690,14690,14690,2,-2
2022-11-25 16:02:20,14690,14690,14690,2,0
2022-11-25 16:02:20,14690,14690,14690,2,0
2022-11-25 16:02:20,14690,14690,14690,2,0
2022-11-25 16:02:20,14690,14690,14690,2,0
2022-11-25 16:02:20,14690,14690,14690,2,0
2022-11-25 16:02:20,14690,14690,14690,2,0
2022-11-25 16:02:20,14690,14690,14690,2,0
2022-11-25 16:02:20,14690,14690,14690,10,0
2022-11-25 16:02:20,14690,14690,14690,2,0
2022-11-25 16:02:20,14690,14690,14690,2,0
2022-11-25 16:02:20,14690,14690,14690,2,0
2022-11-25 16:02:20,14690,14690,14690,2,0
2022-11-25 16:02:20,14690,14690,14690,2,0
2022-11-25 16:02:20,14690,14690,14690,2,0
2022-11-25 16:02:20,14690,14690,14690,2,0
2022-11-25 16:02:20,14690,14690,14690,2,0
2022-11-25 16:02:20,14690,14690,14690,2,0
2022-11-25 16:02:20,14690,14690,14690,2,0
2022-11-25 16:02:20,14689,14689,14689,2,-2
2022-11-25 16:02:20,14689,14689,14689,2,0
2022-11-25 16:02:20,14689,14689,14689,2,0
2022-11-25 16:02:20,14689,14689,14689,4,0
2022-11-25 16:02:20,14689,14689,14689,4,0
2022-11-25 16:02:20,14689,14689,14689,2,0
2022-11-25 16:02:20,14689,14689,14689,2,0
2022-11-25 16:02:21,14690,14690,14690,10,10
2022-11-25 16:02:22,14690,14690,14690,2,0
2022-11-25 16:02:22,14689,14689,14689,2,-2
2022-11-25 16:02:24,14689,14689,14689,2,0
2022-11-25 16:02:25,14689,14689,14689,2,0
2022-11-25 16:02:26,14688,14688,14688,4,-4
2022-11-25 16:02:26,14689,14689,14689,2,2
2022-11-25 16:02:26,14688,14688,14688,2,-2
2022-11-25 16:02:27,14688,14688,14688,4,0
2022-11-25 16:02:27,14688,14688,14688,2,0
2022-11-25 16:02:31,14688,14688,14688,2,0
2022-11-25 16:02:31,14688,14688,14688,2,0
2022-11-25 16:02:33,14689,14689,14689,8,8
2022-11-25 16:02:34,14689,14689,14689,2,0
2022-11-25 16:02:34,14689,14689,14689,2,0
2022-11-25 16:02:35,14689,14689,14689,2,0
2022-11-25 16:02:41,14690,14690,14690,4,4
2022-11-25 16:02:43,14689,14689,14689,2,-2
2022-11-25 16:02:43,14689,14689,14689,4,0
2022-11-25 16:02:43,14689,14689,14689,4,0
2022-11-25 16:02:50,14689,14689,14689,8,0
2022-11-25 16:02:56,14689,14689,14689,2,0
2022-11-25 16:02:56,14689,14689,14689,2,0
2022-11-25 16:02:56,14688,14688,14688,2,-2
2022-11-25 16:02:56,14688,14688,14688,2,0
2022-11-25 16:02:56,14688,14688,14688,4,0
2022-11-25 16:02:56,14688,14688,14688,2,0
2022-11-25 16:02:56,14688,14688,14688,2,0
2022-11-25 16:02:56,14688,14688,14688,2,0
2022-11-25 16:02:56,14688,14688,14688,4,0
2022-11-25 16:02:56,14687,14687,14687,16,-16
2022-11-25 16:02:56,14687,14687,14687,10,0
2022-11-25 16:02:56,14687,14687,14687,2,0
2022-11-25 16:02:56,14687,14687,14687,2,0
2022-11-25 16:02:56,14687,14687,14687,2,0
2022-11-25 16:02:56,14687,14687,14687,2,0
2022-11-25 16:02:56,14687,14687,14687,18,0
2022-11-25 16:02:56,14687,14687,14687,42,0
2022-11-25 16:02:56,14687,14687,14687,2,0
2022-11-25 16:02:56,14687,14687,14687,2,0
2022-11-25 16:02:56,14687,14687,14687,2,0
2022-11-25 16:02:56,14687,14687,14687,2,0
2022-11-25 16:02:56,14687,14687,14687,2,0
2022-11-25 16:02:56,14687,14687,14687,2,0
2022-11-25 16:02:56,14686,14686,14686,2,-2
2022-11-25 16:02:56,14686,14686,14686,2,0
2022-11-25 16:02:56,14686,14686,14686,2,0
2022-11-25 16:02:57,14685,14685,14685,2,-2
2022-11-25 16:02:57,14685,14685,14685,2,0
2022-11-25 16:02:57,14685,14685,14685,2,0
2022-11-25 16:02:57,14685,14685,14685,2,0
2022-11-25 16:02:57,14685,14685,14685,6,0
2022-11-25 16:02:57,14685,14685,14685,2,0
2022-11-25 16:02:57,14685,14685,14685,2,0
2022-11-25 16:02:57,14685,14685,14685,2,0
2022-11-25 16:02:57,14685,14685,14685,2,0
2022-11-25 16:02:57,14685,14685,14685,2,0
2022-11-25 16:02:57,14685,14685,14685,2,0
2022-11-25 16:02:57,14684,14684,14684,2,-2
2022-11-25 16:02:57,14684,14684,14684,2,0
2022-11-25 16:02:57,14684,14684,14684,2,0
2022-11-25 16:02:57,14684,14684,14684,2,0
2022-11-25 16:02:57,14684,14684,14684,4,0
2022-11-25 16:02:57,14684,14684,14684,2,0
2022-11-25 16:02:57,14684,14684,14684,2,0
2022-11-25 16:02:57,14684,14684,14684,2,0
2022-11-25 16:02:57,14684,14684,14684,2,0
2022-11-25 16:02:57,14684,14684,14684,2,0
2022-11-25 16:02:57,14684,14684,14684,2,0
2022-11-25 16:02:57,14684,14684,14684,2,0
2022-11-25 16:02:57,14683,14683,14683,2,-2
2022-11-25 16:02:57,14683,14683,14683,2,0
2022-11-25 16:02:57,14685,14685,14685,2,2
2022-11-25 16:02:57,14684,14684,14684,2,-2
2022-11-25 16:02:57,14684,14684,14684,2,0
2022-11-25 16:02:57,14683,14683,14683,2,-2
2022-11-25 16:02:57,14684,14684,14684,2,2
2022-11-25 16:02:57,14684,14684,14684,2,0
2022-11-25 16:02:57,14683,14683,14683,2,-2
2022-11-25 16:02:57,14683,14683,14683,2,0
2022-11-25 16:02:57,14683,14683,14683,4,0
2022-11-25 16:02:57,14684,14684,14684,2,2
2022-11-25 16:02:57,14683,14683,14683,2,-2
2022-11-25 16:02:57,14683,14683,14683,2,0
2022-11-25 16:02:57,14684,14684,14684,2,2
2022-11-25 16:02:57,14684,14684,14684,2,0
2022-11-25 16:02:57,14683,14683,14683,2,-2
2022-11-25 16:02:57,14683,14683,14683,2,0
2022-11-25 16:02:57,14683,14683,14683,2,0
2022-11-25 16:02:57,14683,14683,14683,2,0
2022-11-25 16:02:57,14682,14682,14682,2,-2
2022-11-25 16:02:57,14682,14682,14682,2,0
2022-11-25 16:02:57,14682,14682,14682,2,0
2022-11-25 16:02:57,14682,14682,14682,2,0
2022-11-25 16:02:57,14683,14683,14683,4,4
2022-11-25 16:02:57,14683,14683,14683,2,0
2022-11-25 16:02:57,14683,14683,14683,2,0
2022-11-25 16:02:57,14683,14683,14683,2,0
2022-11-25 16:02:57,14683,14683,14683,2,0
2022-11-25 16:02:57,14682,14682,14682,2,-2
2022-11-25 16:02:57,14682,14682,14682,2,0
2022-11-25 16:02:57,14682,14682,14682,2,0
2022-11-25 16:02:57,14682,14682,14682,2,0
2022-11-25 16:02:57,14682,14682,14682,2,0
2022-11-25 16:02:57,14682,14682,14682,2,0
2022-11-25 16:02:57,14682,14682,14682,2,0
2022-11-25 16:02:57,14682,14682,14682,4,0
2022-11-25 16:02:57,14681,14681,14681,2,-2
2022-11-25 16:02:57,14681,14681,14681,6,0
2022-11-25 16:02:57,14681,14681,14681,2,0
2022-11-25 16:02:57,14681,14681,14681,2,0
2022-11-25 16:02:57,14681,14681,14681,2,0
2022-11-25 16:02:57,14681,14681,14681,2,0
2022-11-25 16:02:57,14681,14681,14681,2,0
2022-11-25 16:02:57,14681,14681,14681,2,0
2022-11-25 16:02:57,14681,14681,14681,2,0
2022-11-25 16:02:57,14681,14681,14681,10,0
2022-11-25 16:02:57,14682,14682,14682,4,4
2022-11-25 16:02:57,14681,14681,14681,2,-2
2022-11-25 16:02:57,14681,14681,14681,2,0
2022-11-25 16:02:57,14681,14681,14681,2,0
2022-11-25 16:02:57,14681,14681,14681,2,0
2022-11-25 16:02:57,14681,14681,14681,2,0
2022-11-25 16:02:57,14681,14681,14681,2,0
2022-11-25 16:02:57,14681,14681,14681,2,0
2022-11-25 16:02:57,14681,14681,14681,2,0
2022-11-25 16:02:57,14682,14682,14682,2,2
2022-11-25 16:02:57,14681,14681,14681,2,-2
2022-11-25 16:02:57,14681,14681,14681,2,0
2022-11-25 16:02:57,14680,14680,14680,2,-2
2022-11-25 16:02:57,14680,14680,14680,2,0
2022-11-25 16:02:57,14680,14680,14680,2,0
2022-11-25 16:02:57,14680,14680,14680,2,0
2022-11-25 16:02:57,14680,14680,14680,2,0
2022-11-25 16:02:57,14680,14680,14680,2,0
2022-11-25 16:02:57,14680,14680,14680,2,0
2022-11-25 16:02:57,14681,14681,14681,2,2
2022-11-25 16:02:57,14681,14681,14681,2,0
2022-11-25 16:02:57,14680,14680,14680,2,-2
2022-11-25 16:02:57,14680,14680,14680,2,0
2022-11-25 16:02:57,14680,14680,14680,2,0
2022-11-25 16:02:57,14681,14681,14681,2,2
2022-11-25 16:02:58,14680,14680,14680,2,-2
2022-11-25 16:02:58,14680,14680,14680,2,0
2022-11-25 16:02:58,14680,14680,14680,2,0
2022-11-25 16:02:58,14680,14680,14680,2,0
2022-11-25 16:02:58,14680,14680,14680,2,0
2022-11-25 16:02:58,14681,14681,14681,2,2
2022-11-25 16:02:58,14681,14681,14681,2,0
2022-11-25 16:02:58,14680,14680,14680,2,-2
2022-11-25 16:02:58,14680,14680,14680,2,0
2022-11-25 16:02:58,14682,14682,14682,2,2
2022-11-25 16:02:58,14681,14681,14681,2,-2
2022-11-25 16:02:58,14681,14681,14681,2,0
2022-11-25 16:02:58,14681,14681,14681,2,0
2022-11-25 16:02:58,14681,14681,14681,2,0
2022-11-25 16:02:58,14681,14681,14681,2,0
2022-11-25 16:02:58,14681,14681,14681,2,0
2022-11-25 16:02:58,14682,14682,14682,2,2
2022-11-25 16:02:58,14681,14681,14681,2,-2
2022-11-25 16:02:58,14681,14681,14681,2,0
2022-11-25 16:02:58,14681,14681,14681,2,0
2022-11-25 16:02:58,14681,14681,14681,2,0
2022-11-25 16:02:58,14682,14682,14682,2,2
2022-11-25 16:02:58,14681,14681,14681,2,-2
2022-11-25 16:02:58,14681,14681,14681,2,0
2022-11-25 16:02:58,14681,14681,14681,2,0
2022-11-25 16:02:58,14682,14682,14682,4,4
2022-11-25 16:02:58,14681,14681,14681,2,-2
2022-11-25 16:02:58,14681,14681,14681,2,0
2022-11-25 16:02:58,14682,14682,14682,2,2
2022-11-25 16:02:59,14681,14681,14681,2,-2
2022-11-25 16:02:59,14681,14681,14681,2,0
2022-11-25 16:02:59,14682,14682,14682,2,2
2022-11-25 16:02:59,14682,14682,14682,2,0
2022-11-25 16:03:00,14681,14681,14681,2,-2
2022-11-25 16:03:00,14681,14681,14681,2,0
2022-11-25 16:03:00,14682,14682,14682,2,2
2022-11-25 16:03:01,14681,14681,14681,2,-2
2022-11-25 16:03:01,14681,14681,14681,4,0
2022-11-25 16:03:01,14681,14681,14681,2,0
2022-11-25 16:03:01,14681,14681,14681,2,0
2022-11-25 16:03:01,14681,14681,14681,2,0
2022-11-25 16:03:01,14682,14682,14682,2,2
2022-11-25 16:03:01,14682,14682,14682,2,0
2022-11-25 16:03:02,14682,14682,14682,2,0
2022-11-25 16:03:02,14681,14681,14681,2,-2
2022-11-25 16:03:02,14681,14681,14681,2,0
2022-11-25 16:03:02,14681,14681,14681,2,0
2022-11-25 16:03:02,14681,14681,14681,2,0
2022-11-25 16:03:03,14682,14682,14682,2,2
2022-11-25 16:03:03,14682,14682,14682,2,0
2022-11-25 16:03:03,14681,14681,14681,2,-2
2022-11-25 16:03:03,14681,14681,14681,2,0
2022-11-25 16:03:05,14681,14681,14681,2,0
2022-11-25 16:03:06,14681,14681,14681,4,0
2022-11-25 16:03:06,14682,14682,14682,2,2
2022-11-25 16:03:06,14682,14682,14682,2,0
2022-11-25 16:03:07,14682,14682,14682,2,0
2022-11-25 16:03:07,14681,14681,14681,2,-2
2022-11-25 16:03:07,14681,14681,14681,2,0
2022-11-25 16:03:07,14681,14681,14681,2,0
2022-11-25 16:03:07,14681,14681,14681,6,0
2022-11-25 16:03:08,14681,14681,14681,2,0
2022-11-25 16:03:08,14681,14681,14681,2,0
2022-11-25 16:03:08,14681,14681,14681,2,0
2022-11-25 16:03:08,14680,14680,14680,2,-2
2022-11-25 16:03:09,14681,14681,14681,4,4
2022-11-25 16:03:09,14680,14680,14680,2,-2
2022-11-25 16:03:09,14680,14680,14680,2,0
2022-11-25 16:03:12,14682,14682,14682,4,4
2022-11-25 16:03:12,14681,14681,14681,2,-2
2022-11-25 16:03:12,14681,14681,14681,2,0
2022-11-25 16:03:13,14683,14683,14683,10,10
2022-11-25 16:03:16,14682,14682,14682,2,-2
2022-11-25 16:03:16,14683,14683,14683,2,2
2022-11-25 16:03:17,14682,14682,14682,2,-2
2022-11-25 16:03:17,14682,14682,14682,6,0
2022-11-25 16:03:18,14682,14682,14682,2,0
2022-11-25 16:03:18,14681,14681,14681,2,-2
2022-11-25 16:03:20,14681,14681,14681,2,0
2022-11-25 16:03:20,14680,14680,14680,2,-2
2022-11-25 16:03:23,14682,14682,14682,28,28
2022-11-25 16:03:23,14682,14682,14682,2,0
2022-11-25 16:03:25,14682,14682,14682,2,0
2022-11-25 16:03:25,14682,14682,14682,2,0
2022-11-25 16:03:25,14682,14682,14682,2,0
2022-11-25 16:03:26,14683,14683,14683,2,2
2022-11-25 16:03:26,14683,14683,14683,2,0
2022-11-25 16:03:27,14682,14682,14682,2,-2
2022-11-25 16:03:28,14684,14684,14684,2,2
2022-11-25 16:03:30,14684,14684,14684,4,0
2022-11-25 16:03:30,14684,14684,14684,2,0
2022-11-25 16:03:30,14685,14685,14685,8,8
2022-11-25 16:03:31,14684,14684,14684,2,-2
2022-11-25 16:03:31,14684,14684,14684,6,0
2022-11-25 16:03:31,14683,14683,14683,2,-2
2022-11-25 16:03:31,14683,14683,14683,2,0
2022-11-25 16:03:32,14683,14683,14683,10,0
2022-11-25 16:03:34,14683,14683,14683,2,0
2022-11-25 16:03:40,14682,14682,14682,2,-2
2022-11-25 16:03:40,14682,14682,14682,2,0
2022-11-25 16:03:40,14682,14682,14682,2,0
2022-11-25 16:03:40,14682,14682,14682,2,0
2022-11-25 16:03:43,14683,14683,14683,8,8
2022-11-25 16:03:46,14683,14683,14683,4,0
2022-11-25 16:03:48,14682,14682,14682,2,-2
2022-11-25 16:03:48,14682,14682,14682,2,0
2022-11-25 16:03:48,14682,14682,14682,2,0
2022-11-25 16:03:49,14682,14682,14682,2,0
2022-11-25 16:03:49,14682,14682,14682,4,0
2022-11-25 16:03:50,14683,14683,14683,2,2
2022-11-25 16:03:50,14682,14682,14682,6,-6
2022-11-25 16:03:52,14683,14683,14683,2,2
2022-11-25 16:03:53,14682,14682,14682,2,-2
2022-11-25 16:03:55,14683,14683,14683,2,2
2022-11-25 16:03:57,14683,14683,14683,2,0
2022-11-25 16:03:57,14684,14684,14684,4,4
2022-11-25 16:03:58,14683,14683,14683,2,-2
2022-11-25 16:04:00,14684,14684,14684,8,8
2022-11-25 16:04:00,14684,14684,14684,2,0
2022-11-25 16:04:03,14683,14683,14683,2,-2
2022-11-25 16:04:03,14683,14683,14683,2,0
2022-11-25 16:04:03,14683,14683,14683,4,0
2022-11-25 16:04:03,14683,14683,14683,2,0
2022-11-25 16:04:03,14683,14683,14683,12,0
2022-11-25 16:04:07,14683,14683,14683,2,0
2022-11-25 16:04:09,14683,14683,14683,2,0
2022-11-25 16:04:09,14682,14682,14682,2,-2
2022-11-25 16:04:09,14682,14682,14682,2,0
2022-11-25 16:04:09,14682,14682,14682,2,0
2022-11-25 16:04:11,14682,14682,14682,2,0
2022-11-25 16:04:12,14682,14682,14682,2,0
2022-11-25 16:04:12,14682,14682,14682,2,0
2022-11-25 16:04:14,14682,14682,14682,2,0
2022-11-25 16:04:14,14682,14682,14682,2,0
2022-11-25 16:04:16,14682,14682,14682,2,0
2022-11-25 16:04:19,14682,14682,14682,2,0
2022-11-25 16:04:22,14681,14681,14681,2,-2
2022-11-25 16:04:23,14681,14681,14681,2,0
2022-11-25 16:04:25,14681,14681,14681,2,0
2022-11-25 16:04:25,14681,14681,14681,2,0
2022-11-25 16:04:26,14682,14682,14682,10,10
2022-11-25 16:04:29,14682,14682,14682,2,0
2022-11-25 16:04:30,14681,14681,14681,2,-2
2022-11-25 16:04:35,14682,14682,14682,2,2
2022-11-25 16:04:38,14682,14682,14682,2,0
2022-11-25 16:04:38,14681,14681,14681,4,-4
2022-11-25 16:04:38,14681,14681,14681,4,0
2022-11-25 16:04:38,14681,14681,14681,2,0
2022-11-25 16:04:38,14681,14681,14681,2,0
2022-11-25 16:04:38,14681,14681,14681,2,0
2022-11-25 16:04:38,14681,14681,14681,2,0
2022-11-25 16:04:38,14681,14681,14681,2,0
2022-11-25 16:04:38,14681,14681,14681,2,0
2022-11-25 16:04:40,14681,14681,14681,2,0
2022-11-25 16:04:46,14681,14681,14681,2,0
2022-11-25 16:04:48,14681,14681,14681,2,0
2022-11-25 16:04:54,14681,14681,14681,2,0
2022-11-25 16:04:56,14681,14681,14681,2,0
2022-11-25 16:04:59,14682,14682,14682,10,10
2022-11-25 16:04:59,14683,14683,14683,2,2
2022-11-25 16:04:59,14683,14683,14683,2,0
2022-11-25 16:04:59,14683,14683,14683,4,0
2022-11-25 16:05:00,14684,14684,14684,4,4
2022-11-25 16:05:03,14683,14683,14683,2,-2
2022-11-25 16:05:03,14683,14683,14683,2,0
2022-11-25 16:05:03,14683,14683,14683,2,0
2022-11-25 16:05:03,14683,14683,14683,2,0
2022-11-25 16:05:04,14683,14683,14683,2,0
2022-11-25 16:05:05,14683,14683,14683,2,0
2022-11-25 16:05:05,14683,14683,14683,2,0
2022-11-25 16:05:05,14683,14683,14683,6,0
2022-11-25 16:05:05,14683,14683,14683,2,0
2022-11-25 16:05:07,14681,14681,14681,2,-2
2022-11-25 16:05:07,14681,14681,14681,2,0
2022-11-25 16:05:20,14682,14682,14682,4,4
2022-11-25 16:05:25,14681,14681,14681,2,-2
2022-11-25 16:05:30,14681,14681,14681,2,0
2022-11-25 16:05:33,14681,14681,14681,2,0
2022-11-25 16:05:33,14681,14681,14681,2,0
2022-11-25 16:05:33,14681,14681,14681,2,0
2022-11-25 16:05:35,14681,14681,14681,2,0
2022-11-25 16:05:35,14681,14681,14681,2,0
2022-11-25 16:05:35,14681,14681,14681,2,0
2022-11-25 16:05:35,14681,14681,14681,2,0
2022-11-25 16:05:35,14681,14681,14681,2,0
2022-11-25 16:05:35,14681,14681,14681,4,0
2022-11-25 16:05:35,14681,14681,14681,2,0
2022-11-25 16:05:35,14681,14681,14681,2,0
2022-11-25 16:05:35,14681,14681,14681,2,0
2022-11-25 16:05:35,14681,14681,14681,4,0
2022-11-25 16:05:35,14681,14681,14681,2,0
2022-11-25 16:05:38,14681,14681,14681,2,0
2022-11-25 16:05:40,14681,14681,14681,2,0
2022-11-25 16:05:41,14681,14681,14681,2,0
2022-11-25 16:05:46,14680,14680,14680,2,-2
2022-11-25 16:05:46,14680,14680,14680,2,0
2022-11-25 16:05:46,14680,14680,14680,2,0
2022-11-25 16:05:46,14680,14680,14680,2,0
2022-11-25 16:05:46,14680,14680,14680,2,0
2022-11-25 16:05:47,14680,14680,14680,2,0
2022-11-25 16:05:47,14680,14680,14680,2,0
2022-11-25 16:05:47,14680,14680,14680,2,0
2022-11-25 16:05:47,14680,14680,14680,2,0
2022-11-25 16:05:47,14680,14680,14680,2,0
2022-11-25 16:05:47,14680,14680,14680,2,0
2022-11-25 16:05:47,14680,14680,14680,2,0
2022-11-25 16:05:47,14680,14680,14680,2,0
2022-11-25 16:05:47,14680,14680,14680,2,0
2022-11-25 16:05:47,14680,14680,14680,2,0
2022-11-25 16:05:47,14680,14680,14680,2,0
2022-11-25 16:05:47,14680,14680,14680,2,0
2022-11-25 16:05:47,14680,14680,14680,2,0
2022-11-25 16:05:47,14679,14679,14679,2,-2
2022-11-25 16:05:47,14679,14679,14679,2,0
2022-11-25 16:05:47,14679,14679,14679,2,0
2022-11-25 16:05:47,14680,14680,14680,4,4
2022-11-25 16:05:47,14679,14679,14679,2,-2
2022-11-25 16:05:47,14678,14678,14678,2,-2
2022-11-25 16:05:47,14678,14678,14678,2,0
2022-11-25 16:05:47,14678,14678,14678,2,0
2022-11-25 16:05:47,14678,14678,14678,2,0
2022-11-25 16:05:47,14678,14678,14678,2,0
2022-11-25 16:05:47,14678,14678,14678,2,0
2022-11-25 16:05:47,14678,14678,14678,2,0
2022-11-25 16:05:47,14678,14678,14678,2,0
2022-11-25 16:05:47,14678,14678,14678,2,0
2022-11-25 16:05:47,14678,14678,14678,4,0
2022-11-25 16:05:47,14678,14678,14678,4,0
2022-11-25 16:05:47,14678,14678,14678,2,0
2022-11-25 16:05:47,14678,14678,14678,2,0
2022-11-25 16:05:47,14678,14678,14678,2,0
2022-11-25 16:05:47,14678,14678,14678,2,0
2022-11-25 16:05:48,14678,14678,14678,2,0
2022-11-25 16:05:48,14678,14678,14678,2,0
2022-11-25 16:05:48,14679,14679,14679,2,2
2022-11-25 16:05:48,14680,14680,14680,2,2
2022-11-25 16:05:52,14680,14680,14680,2,0
2022-11-25 16:05:52,14680,14680,14680,2,0
2022-11-25 16:05:52,14681,14681,14681,4,4
2022-11-25 16:05:52,14681,14681,14681,4,0
2022-11-25 16:05:53,14680,14680,14680,2,-2
2022-11-25 16:05:57,14681,14681,14681,4,4
2022-11-25 16:05:57,14682,14682,14682,2,2
2022-11-25 16:05:58,14680,14680,14680,2,-2
2022-11-25 16:05:58,14680,14680,14680,2,0
2022-11-25 16:05:58,14680,14680,14680,2,0
2022-11-25 16:05:58,14680,14680,14680,4,0
2022-11-25 16:05:58,14680,14680,14680,2,0
2022-11-25 16:06:02,14680,14680,14680,2,0
2022-11-25 16:06:02,14680,14680,14680,2,0
2022-11-25 16:06:04,14680,14680,14680,2,0
2022-11-25 16:06:04,14681,14681,14681,2,2
2022-11-25 16:06:05,14681,14681,14681,2,0
2022-11-25 16:06:08,14682,14682,14682,10,10
2022-11-25 16:06:08,14683,14683,14683,4,4
2022-11-25 16:06:13,14682,14682,14682,2,-2
2022-11-25 16:06:18,14682,14682,14682,4,0
2022-11-25 16:06:19,14681,14681,14681,2,-2
2022-11-25 16:06:19,14681,14681,14681,6,0
2022-11-25 16:06:19,14682,14682,14682,2,2
2022-11-25 16:06:21,14682,14682,14682,2,0
2022-11-25 16:06:23,14681,14681,14681,16,-16
2022-11-25 16:06:28,14682,14682,14682,6,6
2022-11-25 16:06:30,14681,14681,14681,2,-2
2022-11-25 16:06:30,14682,14682,14682,10,10
2022-11-25 16:06:35,14682,14682,14682,2,0
2022-11-25 16:06:35,14682,14682,14682,2,0
2022-11-25 16:06:35,14682,14682,14682,2,0
2022-11-25 16:06:38,14681,14681,14681,2,-2
2022-11-25 16:06:38,14681,14681,14681,2,0
2022-11-25 16:06:40,14680,14680,14680,2,-2
2022-11-25 16:06:40,14680,14680,14680,2,0
2022-11-25 16:06:40,14680,14680,14680,2,0
2022-11-25 16:06:40,14680,14680,14680,2,0
2022-11-25 16:06:40,14679,14679,14679,2,-2
2022-11-25 16:06:40,14679,14679,14679,2,0
2022-11-25 16:06:40,14679,14679,14679,2,0
2022-11-25 16:06:42,14679,14679,14679,2,0
2022-11-25 16:06:42,14678,14678,14678,4,-4
2022-11-25 16:06:43,14678,14678,14678,2,0
2022-11-25 16:06:43,14678,14678,14678,2,0
2022-11-25 16:06:43,14678,14678,14678,2,0
2022-11-25 16:06:43,14678,14678,14678,2,0
2022-11-25 16:06:43,14678,14678,14678,2,0
2022-11-25 16:06:43,14678,14678,14678,2,0
2022-11-25 16:06:43,14678,14678,14678,2,0
2022-11-25 16:06:43,14678,14678,14678,2,0
2022-11-25 16:06:43,14678,14678,14678,2,0
2022-11-25 16:06:43,14678,14678,14678,2,0
2022-11-25 16:06:43,14677,14677,14677,2,-2
2022-11-25 16:06:43,14677,14677,14677,2,0
2022-11-25 16:06:43,14677,14677,14677,2,0
2022-11-25 16:06:43,14677,14677,14677,6,0
2022-11-25 16:06:44,14679,14679,14679,2,2
2022-11-25 16:06:49,14680,14680,14680,2,2
2022-11-25 16:06:49,14679,14679,14679,2,-2
2022-11-25 16:06:49,14679,14679,14679,2,0
2022-11-25 16:06:53,14678,14678,14678,2,-2
2022-11-25 16:06:53,14678,14678,14678,2,0
2022-11-25 16:06:54,14678,14678,14678,2,0
2022-11-25 16:06:56,14677,14677,14677,2,-2
2022-11-25 16:06:57,14678,14678,14678,2,2
2022-11-25 16:06:59,14677,14677,14677,2,-2
2022-11-25 16:06:59,14677,14677,14677,2,0
2022-11-25 16:07:00,14678,14678,14678,2,2
2022-11-25 16:07:01,14678,14678,14678,2,0
2022-11-25 16:07:08,14677,14677,14677,2,-2
2022-11-25 16:07:08,14677,14677,14677,8,0
2022-11-25 16:07:08,14677,14677,14677,2,0
2022-11-25 16:07:08,14677,14677,14677,2,0
2022-11-25 16:07:08,14677,14677,14677,2,0
2022-11-25 16:07:08,14677,14677,14677,2,0
2022-11-25 16:07:08,14677,14677,14677,2,0
2022-11-25 16:07:08,14677,14677,14677,2,0
2022-11-25 16:07:08,14677,14677,14677,2,0
2022-11-25 16:07:09,14676,14676,14676,2,-2
2022-11-25 16:07:09,14676,14676,14676,2,0
2022-11-25 16:07:09,14676,14676,14676,2,0
2022-11-25 16:07:09,14676,14676,14676,2,0
2022-11-25 16:07:09,14676,14676,14676,2,0
2022-11-25 16:07:09,14676,14676,14676,2,0
2022-11-25 16:07:09,14676,14676,14676,2,0
2022-11-25 16:07:09,14676,14676,14676,2,0
2022-11-25 16:07:09,14676,14676,14676,2,0
2022-11-25 16:07:09,14676,14676,14676,8,0
2022-11-25 16:07:09,14676,14676,14676,2,0
2022-11-25 16:07:09,14676,14676,14676,2,0
2022-11-25 16:07:09,14676,14676,14676,4,0
2022-11-25 16:07:09,14676,14676,14676,2,0
2022-11-25 16:07:10,14675,14675,14675,2,-2
2022-11-25 16:07:10,14675,14675,14675,2,0
2022-11-25 16:07:10,14675,14675,14675,2,0
2022-11-25 16:07:10,14675,14675,14675,2,0
2022-11-25 16:07:10,14675,14675,14675,2,0
2022-11-25 16:07:10,14676,14676,14676,2,2
2022-11-25 16:07:12,14675,14675,14675,2,-2
2022-11-25 16:07:12,14675,14675,14675,2,0
2022-11-25 16:07:12,14675,14675,14675,2,0
2022-11-25 16:07:12,14675,14675,14675,2,0
2022-11-25 16:07:13,14675,14675,14675,2,0
2022-11-25 16:07:14,14675,14675,14675,2,0
2022-11-25 16:07:14,14675,14675,14675,2,0
2022-11-25 16:07:14,14675,14675,14675,2,0
2022-11-25 16:07:14,14675,14675,14675,2,0
2022-11-25 16:07:14,14674,14674,14674,4,-4
2022-11-25 16:07:14,14674,14674,14674,4,0
2022-11-25 16:07:14,14674,14674,14674,2,0
2022-11-25 16:07:14,14673,14673,14673,2,-2
2022-11-25 16:07:14,14673,14673,14673,2,0
2022-11-25 16:07:14,14673,14673,14673,2,0
2022-11-25 16:07:14,14673,14673,14673,2,0
2022-11-25 16:07:14,14673,14673,14673,2,0
2022-11-25 16:07:14,14674,14674,14674,6,6
2022-11-25 16:07:14,14673,14673,14673,2,-2
2022-11-25 16:07:14,14673,14673,14673,4,0
2022-11-25 16:07:15,14673,14673,14673,2,0
2022-11-25 16:07:15,14673,14673,14673,2,0
2022-11-25 16:07:15,14673,14673,14673,2,0
2022-11-25 16:07:15,14673,14673,14673,2,0
2022-11-25 16:07:15,14673,14673,14673,2,0
2022-11-25 16:07:15,14673,14673,14673,4,0
2022-11-25 16:07:15,14674,14674,14674,2,2
2022-11-25 16:07:15,14674,14674,14674,4,0
2022-11-25 16:07:15,14675,14675,14675,4,4
2022-11-25 16:07:15,14674,14674,14674,4,-4
2022-11-25 16:07:15,14673,14673,14673,4,-4
2022-11-25 16:07:15,14673,14673,14673,4,0
2022-11-25 16:07:15,14673,14673,14673,2,0
2022-11-25 16:07:16,14675,14675,14675,4,4
2022-11-25 16:07:16,14675,14675,14675,2,0
2022-11-25 16:07:16,14674,14674,14674,2,-2
2022-11-25 16:07:21,14674,14674,14674,2,0
2022-11-25 16:07:24,14675,14675,14675,2,2
2022-11-25 16:07:24,14674,14674,14674,2,-2
2022-11-25 16:07:24,14674,14674,14674,2,0
2022-11-25 16:07:24,14674,14674,14674,2,0
2022-11-25 16:07:24,14674,14674,14674,2,0
2022-11-25 16:07:24,14674,14674,14674,2,0
2022-11-25 16:07:24,14674,14674,14674,2,0
2022-11-25 16:07:24,14675,14675,14675,2,2
2022-11-25 16:07:25,14675,14675,14675,2,0
2022-11-25 16:07:25,14675,14675,14675,2,0
2022-11-25 16:07:25,14675,14675,14675,2,0
2022-11-25 16:07:26,14676,14676,14676,8,8
2022-11-25 16:07:26,14676,14676,14676,18,0
2022-11-25 16:07:28,14676,14676,14676,2,0
2022-11-25 16:07:30,14678,14678,14678,4,4
2022-11-25 16:07:31,14677,14677,14677,2,-2
2022-11-25 16:07:31,14677,14677,14677,2,0
2022-11-25 16:07:31,14677,14677,14677,2,0
2022-11-25 16:07:31,14677,14677,14677,2,0
2022-11-25 16:07:34,14677,14677,14677,2,0
2022-11-25 16:07:35,14677,14677,14677,2,0
2022-11-25 16:07:36,14677,14677,14677,2,0
2022-11-25 16:07:38,14677,14677,14677,2,0
2022-11-25 16:07:39,14677,14677,14677,8,0
2022-11-25 16:07:40,14677,14677,14677,2,0
2022-11-25 16:07:40,14678,14678,14678,2,2
2022-11-25 16:07:41,14677,14677,14677,2,-2
2022-11-25 16:07:44,14678,14678,14678,2,2
2022-11-25 16:07:47,14678,14678,14678,2,0
2022-11-25 16:07:47,14677,14677,14677,2,-2
2022-11-25 16:07:49,14677,14677,14677,2,0
2022-11-25 16:07:49,14676,14676,14676,2,-2
2022-11-25 16:07:50,14678,14678,14678,2,2
2022-11-25 16:07:50,14678,14678,14678,2,0
2022-11-25 16:07:50,14678,14678,14678,2,0
2022-11-25 16:07:52,14678,14678,14678,2,0
2022-11-25 16:07:54,14679,14679,14679,2,2
2022-11-25 16:07:55,14678,14678,14678,2,-2
2022-11-25 16:07:55,14678,14678,14678,2,0
2022-11-25 16:07:55,14678,14678,14678,2,0
2022-11-25 16:08:00,14679,14679,14679,2,2
2022-11-25 16:08:03,14679,14679,14679,2,0
2022-11-25 16:08:06,14678,14678,14678,2,-2
2022-11-25 16:08:07,14678,14678,14678,2,0
2022-11-25 16:08:08,14678,14678,14678,2,0
2022-11-25 16:08:11,14679,14679,14679,2,2
2022-11-25 16:08:15,14679,14679,14679,4,0
2022-11-25 16:08:16,14679,14679,14679,4,0
2022-11-25 16:08:16,14679,14679,14679,2,0
2022-11-25 16:08:18,14679,14679,14679,2,0
2022-11-25 16:08:22,14679,14679,14679,2,0
2022-11-25 16:08:22,14679,14679,14679,2,0
2022-11-25 16:08:23,14679,14679,14679,4,0
2022-11-25 16:08:28,14679,14679,14679,4,0
2022-11-25 16:08:30,14679,14679,14679,2,0
2022-11-25 16:08:30,14679,14679,14679,6,0
2022-11-25 16:08:30,14678,14678,14678,2,-2
2022-11-25 16:08:32,14679,14679,14679,4,4
2022-11-25 16:08:34,14678,14678,14678,2,-2
2022-11-25 16:08:35,14679,14679,14679,4,4
2022-11-25 16:08:35,14680,14680,14680,6,6
2022-11-25 16:08:35,14680,14680,14680,2,0
2022-11-25 16:08:35,14680,14680,14680,2,0
