2020-06-30 15:00:00.055,11453,11454,11454,92,92
2020-06-30 15:00:00.109,11454,11455,11454,10,-10
2020-06-30 15:00:00.117,11454,11455,11454,8,-8
2020-06-30 15:00:00.139,11453,11455,11453,2,-2
2020-06-30 15:00:00.207,11453,11455,11453,17,-17
2020-06-30 15:00:00.207,11453,11455,11452,6,-6
2020-06-30 15:00:00.263,11452,11453,11452,1,-1
2020-06-30 15:00:00.316,11452,11453,11452,2,-2
2020-06-30 15:00:00.317,11452,11453,11454,2,2
2020-06-30 15:00:00.326,11452,11453,11452,1,-1
2020-06-30 15:00:00.369,11452,11453,11452,1,-1
2020-06-30 15:00:00.371,11452,11453,11452,1,-1
2020-06-30 15:00:00.408,11452,11453,11452,1,-1
2020-06-30 15:00:00.492,11452,11453,11452,1,-1
2020-06-30 15:00:00.512,11452,11453,11452,1,-1
2020-06-30 15:00:00.530,11452,11453,11453,3,3
2020-06-30 15:00:00.595,11452,11453,11452,7,-7
2020-06-30 15:00:00.595,11452,11453,11452,1,-1
2020-06-30 15:00:00.595,11452,11453,11452,2,-2
2020-06-30 15:00:00.692,11452,11453,11452,1,-1
2020-06-30 15:00:00.731,11452,11453,11452,1,-1
2020-06-30 15:00:00.741,11452,11453,11454,1,1
2020-06-30 15:00:00.746,11452,11453,11452,1,-1
2020-06-30 15:00:00.747,11452,11454,11452,1,-1
2020-06-30 15:00:00.768,11452,11454,11452,1,-1
2020-06-30 15:00:00.778,11452,11454,11452,2,-2
2020-06-30 15:00:00.779,11452,11454,11453,2,2
2020-06-30 15:00:00.781,11452,11454,11454,1,1
2020-06-30 15:00:00.810,11452,11454,11454,1,1
2020-06-30 15:00:00.819,11452,11454,11454,1,1
2020-06-30 15:00:00.828,11452,11454,11452,2,-2
2020-06-30 15:00:00.834,11452,11454,11452,1,-1
2020-06-30 15:00:00.838,11452,11454,11452,1,-1
2020-06-30 15:00:00.854,11452,11454,11452,3,-3
2020-06-30 15:00:00.863,11452,11454,11452,1,-1
2020-06-30 15:00:00.917,11452,11453,11452,1,-1
2020-06-30 15:00:00.935,11452,11453,11452,1,-1
2020-06-30 15:00:00.935,11452,11453,11453,1,1
2020-06-30 15:00:00.940,11452,11453,11452,3,-3
2020-06-30 15:00:00.991,11452,11453,11452,3,-3
2020-06-30 15:00:00.991,11452,11453,11453,1,1
2020-06-30 15:00:01.093,11451,11453,11451,3,-3
2020-06-30 15:00:01.114,11451,11453,11451,1,-1
2020-06-30 15:00:01.138,11451,11452,11451,1,-1
2020-06-30 15:00:01.152,11451,11452,11451,1,-1
2020-06-30 15:00:01.199,11451,11452,11451,1,-1
2020-06-30 15:00:01.206,11451,11452,11451,1,-1
2020-06-30 15:00:01.216,11451,11452,11452,1,1
2020-06-30 15:00:01.267,11451,11452,11451,2,-2
2020-06-30 15:00:01.346,11451,11452,11452,5,5
2020-06-30 15:00:01.348,11451,11452,11452,2,2
2020-06-30 15:00:01.350,11451,11452,11453,7,7
2020-06-30 15:00:01.356,11451,11452,11452,1,1
2020-06-30 15:00:01.370,11451,11452,11452,1,1
2020-06-30 15:00:01.469,11452,11453,11452,5,-5
2020-06-30 15:00:01.469,11452,11453,11451,29,-29
2020-06-30 15:00:01.498,11451,11453,11451,3,-3
2020-06-30 15:00:01.501,11451,11453,11451,1,-1
2020-06-30 15:00:01.501,11451,11453,11451,1,-1
2020-06-30 15:00:01.501,11451,11453,11451,1,-1
2020-06-30 15:00:01.501,11451,11453,11450,1,-1
2020-06-30 15:00:01.569,11451,11453,11451,2,2
2020-06-30 15:00:01.644,11451,11452,11451,2,-2
2020-06-30 15:00:01.656,11451,11452,11450,2,-2
2020-06-30 15:00:01.703,11451,11452,11450,2,-2
2020-06-30 15:00:01.722,11451,11452,11450,1,-1
2020-06-30 15:00:01.778,11450,11452,11452,3,3
2020-06-30 15:00:01.790,11450,11452,11452,1,1
2020-06-30 15:00:01.790,11450,11452,11452,2,2
2020-06-30 15:00:01.798,11450,11452,11452,2,2
2020-06-30 15:00:01.798,11450,11452,11452,1,1
2020-06-30 15:00:01.803,11450,11452,11452,3,3
2020-06-30 15:00:01.921,11451,11453,11451,3,-3
2020-06-30 15:00:01.929,11451,11453,11451,1,-1
2020-06-30 15:00:01.938,11451,11453,11451,1,-1
2020-06-30 15:00:01.941,11451,11453,11451,2,-2
2020-06-30 15:00:02.027,11451,11452,11451,1,-1
2020-06-30 15:00:02.104,11451,11452,11451,3,-3
2020-06-30 15:00:02.109,11451,11452,11450,1,-1
2020-06-30 15:00:02.130,11450,11451,11450,1,-1
2020-06-30 15:00:02.154,11450,11451,11450,2,-2
2020-06-30 15:00:02.234,11450,11451,11450,2,-2
2020-06-30 15:00:02.236,11450,11451,11450,6,-6
2020-06-30 15:00:02.293,11450,11451,11450,1,-1
2020-06-30 15:00:02.301,11450,11451,11450,1,-1
2020-06-30 15:00:02.444,11450,11451,11450,1,-1
2020-06-30 15:00:02.528,11450,11452,11450,1,-1
2020-06-30 15:00:02.528,11450,11452,11450,1,-1
2020-06-30 15:00:02.663,11450,11452,11450,2,-2
2020-06-30 15:00:02.769,11450,11452,11450,2,-2
2020-06-30 15:00:02.933,11450,11452,11450,4,-4
2020-06-30 15:00:02.959,11450,11452,11450,2,-2
2020-06-30 15:00:02.978,11450,11452,11450,27,-27
2020-06-30 15:00:03.076,11449,11452,11449,1,-1
2020-06-30 15:00:03.082,11449,11452,11449,1,-1
2020-06-30 15:00:03.225,11449,11452,11449,1,-1
2020-06-30 15:00:03.281,11449,11452,11449,1,-1
2020-06-30 15:00:03.360,11449,11452,11452,1,1
2020-06-30 15:00:03.458,11449,11452,11449,1,-1
2020-06-30 15:00:03.491,11449,11452,11449,2,-2
2020-06-30 15:00:03.505,11449,11452,11452,1,1
2020-06-30 15:00:03.594,11449,11452,11449,2,-2
2020-06-30 15:00:03.623,11449,11450,11450,2,2
2020-06-30 15:00:03.700,11449,11450,11450,1,1
2020-06-30 15:00:03.864,11450,11452,11452,1,1
2020-06-30 15:00:04.641,11450,11452,11450,6,-6
2020-06-30 15:00:05.048,11450,11452,11450,2,-2
2020-06-30 15:00:05.800,11450,11452,11451,4,4
2020-06-30 15:00:06.089,11450,11452,11450,7,-7
2020-06-30 15:00:06.562,11451,11452,11451,5,5
2020-06-30 15:00:07.010,11450,11452,11452,1,1
2020-06-30 15:00:07.410,11450,11452,11451,1,-1
2020-06-30 15:00:07.606,11450,11451,11451,1,1
2020-06-30 15:00:07.928,11450,11451,11451,1,1
2020-06-30 15:00:07.969,11450,11451,11452,1,1
2020-06-30 15:00:08.687,11451,11452,11452,1,1
2020-06-30 15:00:08.998,11451,11452,11452,1,1
2020-06-30 15:00:08.998,11451,11452,11452,2,2
2020-06-30 15:00:08.998,11451,11452,11452,9,9
2020-06-30 15:00:09.144,11452,11453,11452,1,-1
2020-06-30 15:00:09.217,11452,11453,11452,5,-5
2020-06-30 15:00:09.217,11452,11453,11451,2,-2
2020-06-30 15:00:09.227,11452,11453,11452,1,1
2020-06-30 15:00:09.669,11452,11453,11452,7,-7
2020-06-30 15:00:10.131,11452,11453,11452,7,-7
2020-06-30 15:00:10.532,11452,11453,11453,2,2
2020-06-30 15:00:10.532,11452,11453,11453,1,1
2020-06-30 15:00:10.533,11452,11453,11453,9,9
2020-06-30 15:00:11.881,11453,11454,11453,7,-7
2020-06-30 15:00:12.112,11452,11454,11454,1,1
2020-06-30 15:00:12.222,11453,11454,11454,1,1
2020-06-30 15:00:12.446,11453,11455,11453,1,-1
2020-06-30 15:00:12.593,11453,11455,11453,2,-2
2020-06-30 15:00:12.701,11453,11455,11455,1,1
2020-06-30 15:00:13.552,11453,11455,11453,1,-1
2020-06-30 15:00:13.985,11454,11455,11454,1,1
2020-06-30 15:00:14.051,11454,11455,11454,1,-1
2020-06-30 15:00:15.407,11454,11455,11454,1,-1
2020-06-30 15:00:15.865,11454,11455,11454,1,-1
2020-06-30 15:00:15.917,11454,11455,11454,1,-1
2020-06-30 15:00:16.014,11454,11455,11455,5,5
2020-06-30 15:00:16.217,11454,11455,11454,2,-2
2020-06-30 15:00:16.605,11454,11455,11454,6,-6
2020-06-30 15:00:17.421,11453,11454,11454,1,1
2020-06-30 15:00:17.710,11454,11455,11454,1,-1
2020-06-30 15:00:18.163,11454,11455,11455,1,1
2020-06-30 15:00:18.765,11455,11456,11455,1,-1
2020-06-30 15:00:18.985,11454,11456,11456,1,1
2020-06-30 15:00:19.071,11455,11456,11456,3,3
2020-06-30 15:00:19.071,11455,11456,11456,3,3
2020-06-30 15:00:19.072,11455,11456,11456,13,13
2020-06-30 15:00:19.527,11456,11457,11457,1,1
2020-06-30 15:00:19.571,11456,11457,11457,8,8
2020-06-30 15:00:19.662,11457,11458,11458,1,1
2020-06-30 15:00:19.842,11457,11458,11458,13,13
2020-06-30 15:00:20.101,11457,11459,11459,7,7
2020-06-30 15:00:20.157,11458,11459,11459,2,2
2020-06-30 15:00:20.157,11458,11459,11459,6,6
2020-06-30 15:00:20.157,11458,11459,11459,2,2
2020-06-30 15:00:20.157,11458,11459,11459,1,1
2020-06-30 15:00:20.785,11459,11460,11460,5,5
2020-06-30 15:00:20.820,11459,11460,11460,9,9
2020-06-30 15:00:21.113,11460,11461,11461,1,1
2020-06-30 15:00:21.372,11460,11461,11460,10,-10
2020-06-30 15:00:21.480,11460,11461,11460,1,-1
2020-06-30 15:00:21.497,11459,11461,11459,8,-8
2020-06-30 15:00:21.785,11457,11459,11459,1,1
2020-06-30 15:00:21.951,11456,11458,11458,1,1
2020-06-30 15:00:22.568,11457,11458,11457,1,-1
2020-06-30 15:00:22.706,11456,11458,11456,1,-1
2020-06-30 15:00:22.747,11455,11456,11455,2,-2
2020-06-30 15:00:22.891,11454,11455,11455,2,2
2020-06-30 15:00:23.086,11454,11455,11455,1,1
2020-06-30 15:00:24.808,11454,11455,11455,2,2
2020-06-30 15:00:25.122,11454,11455,11455,1,1
2020-06-30 15:00:25.406,11455,11456,11456,1,1
2020-06-30 15:00:25.810,11455,11456,11455,1,-1
2020-06-30 15:00:26.947,11454,11456,11456,1,1
2020-06-30 15:00:28.004,11456,11457,11457,1,1
2020-06-30 15:00:28.785,11456,11457,11457,2,2
2020-06-30 15:00:28.902,11456,11457,11457,1,1
2020-06-30 15:00:29.372,11456,11457,11456,1,-1
2020-06-30 15:00:30.111,11456,11457,11456,1,-1
2020-06-30 15:00:32.177,11456,11457,11457,1,1
2020-06-30 15:00:32.207,11456,11457,11457,1,1
2020-06-30 15:00:32.614,11456,11457,11456,1,-1
2020-06-30 15:00:33.076,11456,11457,11456,1,-1
2020-06-30 15:00:34.473,11456,11457,11457,1,1
2020-06-30 15:00:35.599,11457,11458,11458,1,1
2020-06-30 15:00:36.968,11457,11458,11457,3,-3
2020-06-30 15:00:36.968,11457,11458,11456,2,-2
2020-06-30 15:00:43.034,11457,11458,11458,1,1
2020-06-30 15:00:43.828,11457,11458,11458,1,1
2020-06-30 15:00:44.776,11457,11458,11458,2,2
2020-06-30 15:00:45.855,11457,11458,11458,1,1
2020-06-30 15:00:46.037,11457,11458,11458,1,1
2020-06-30 15:00:46.521,11457,11458,11458,4,4
2020-06-30 15:00:46.980,11458,11459,11459,1,1
2020-06-30 15:00:47.420,11458,11459,11459,1,1
2020-06-30 15:00:47.420,11458,11459,11459,1,1
2020-06-30 15:00:48.048,11459,11460,11460,3,3
2020-06-30 15:00:48.781,11458,11460,11460,4,4
2020-06-30 15:00:49.208,11459,11460,11459,1,-1
2020-06-30 15:00:50.794,11459,11460,11460,1,1
2020-06-30 15:00:51.129,11459,11460,11459,1,-1
2020-06-30 15:00:51.133,11459,11460,11460,1,1
2020-06-30 15:00:51.761,11459,11460,11460,1,1
2020-06-30 15:00:53.096,11459,11460,11460,1,1
2020-06-30 15:00:54.375,11458,11460,11460,1,1
2020-06-30 15:00:54.976,11459,11460,11460,1,1
2020-06-30 15:00:55.082,11459,11460,11460,1,1
2020-06-30 15:00:55.141,11459,11460,11460,1,1
2020-06-30 15:00:56.514,11459,11460,11460,5,5
2020-06-30 15:00:57.313,11459,11460,11460,3,3
2020-06-30 15:00:57.918,11459,11461,11459,1,-1
2020-06-30 15:00:57.971,11459,11461,11459,1,-1
2020-06-30 15:00:57.982,11459,11461,11459,1,-1
2020-06-30 15:00:57.982,11459,11461,11459,1,-1
2020-06-30 15:00:58.088,11459,11461,11461,5,5
2020-06-30 15:00:58.270,11459,11461,11459,3,-3
2020-06-30 15:00:58.330,11459,11461,11459,2,-2
2020-06-30 15:00:58.345,11459,11461,11458,2,-2
2020-06-30 15:00:58.345,11459,11461,11458,1,-1
2020-06-30 15:00:58.352,11459,11461,11458,2,-2
2020-06-30 15:00:58.354,11459,11461,11458,1,-1
2020-06-30 15:00:58.520,11458,11460,11458,1,-1
2020-06-30 15:00:59.169,11459,11460,11459,1,1
2020-06-30 15:00:59.516,11459,11460,11460,1,1
2020-06-30 15:00:59.520,11459,11460,11459,1,-1
2020-06-30 15:00:59.982,11458,11460,11457,2,-2
2020-06-30 15:01:00.031,11457,11459,11457,1,-1
2020-06-30 15:01:00.051,11457,11459,11459,1,1
2020-06-30 15:01:00.051,11457,11459,11459,1,1
2020-06-30 15:01:00.239,11458,11459,11458,1,-1
2020-06-30 15:01:00.239,11458,11459,11457,1,-1
2020-06-30 15:01:00.244,11458,11459,11457,2,-2
2020-06-30 15:01:00.245,11458,11459,11457,1,-1
2020-06-30 15:01:00.247,11457,11458,11458,1,1
2020-06-30 15:01:00.281,11457,11458,11457,1,-1
2020-06-30 15:01:00.282,11457,11458,11457,1,-1
2020-06-30 15:01:00.285,11457,11458,11457,2,-2
2020-06-30 15:01:00.287,11457,11458,11457,1,-1
2020-06-30 15:01:00.287,11457,11458,11457,1,-1
2020-06-30 15:01:00.291,11457,11458,11457,1,-1
2020-06-30 15:01:00.364,11457,11458,11456,1,-1
2020-06-30 15:01:00.661,11457,11459,11457,5,5
2020-06-30 15:01:01.742,11457,11459,11459,1,1
2020-06-30 15:01:02.333,11458,11459,11459,6,6
2020-06-30 15:01:02.381,11458,11459,11458,1,-1
2020-06-30 15:01:02.921,11458,11459,11459,1,1
2020-06-30 15:01:03.320,11458,11459,11459,1,1
2020-06-30 15:01:03.810,11458,11460,11460,1,1
2020-06-30 15:01:05.332,11458,11460,11459,1,-1
2020-06-30 15:01:05.500,11458,11460,11460,2,2
2020-06-30 15:01:05.502,11458,11460,11460,1,1
2020-06-30 15:01:05.708,11458,11460,11460,1,1
2020-06-30 15:01:07.747,11459,11460,11460,3,3
2020-06-30 15:01:09.145,11460,11461,11460,1,-1
2020-06-30 15:01:09.995,11460,11461,11461,1,1
2020-06-30 15:01:09.997,11460,11461,11461,5,5
2020-06-30 15:01:09.997,11460,11461,11461,1,1
2020-06-30 15:01:10.122,11460,11462,11462,12,12
2020-06-30 15:01:10.953,11460,11462,11460,10,-10
2020-06-30 15:01:15.168,11460,11461,11461,2,2
2020-06-30 15:01:16.314,11461,11463,11461,1,-1
2020-06-30 15:01:16.791,11461,11462,11461,1,-1
2020-06-30 15:01:16.892,11461,11462,11462,1,1
2020-06-30 15:01:18.521,11461,11462,11462,1,1
2020-06-30 15:01:18.928,11461,11462,11462,1,1
2020-06-30 15:01:19.060,11461,11462,11462,4,4
2020-06-30 15:01:19.704,11461,11462,11462,1,1
2020-06-30 15:01:20.437,11461,11462,11462,1,1
2020-06-30 15:01:20.999,11461,11462,11461,3,-3
2020-06-30 15:01:21.582,11461,11462,11462,1,1
2020-06-30 15:01:22.520,11461,11462,11462,1,1
2020-06-30 15:01:22.945,11462,11463,11463,1,1
2020-06-30 15:01:26.764,11462,11463,11463,1,1
2020-06-30 15:01:27.702,11462,11463,11463,7,7
2020-06-30 15:01:27.721,11462,11463,11462,6,-6
2020-06-30 15:01:28.627,11462,11463,11463,1,1
2020-06-30 15:01:29.596,11462,11463,11463,1,1
2020-06-30 15:01:31.568,11462,11463,11463,2,2
2020-06-30 15:01:31.574,11462,11463,11463,2,2
2020-06-30 15:01:31.574,11462,11463,11463,2,2
2020-06-30 15:01:31.604,11462,11463,11464,1,1
2020-06-30 15:01:31.809,11463,11464,11464,2,2
2020-06-30 15:01:32.494,11463,11464,11464,3,3
2020-06-30 15:01:32.500,11463,11464,11463,2,-2
2020-06-30 15:01:32.581,11463,11464,11463,1,-1
2020-06-30 15:01:33.515,11463,11464,11464,1,1
2020-06-30 15:01:36.104,11463,11464,11463,1,-1
2020-06-30 15:01:36.495,11463,11464,11463,1,-1
2020-06-30 15:01:36.796,11463,11464,11464,3,3
2020-06-30 15:01:37.090,11463,11464,11463,1,-1
2020-06-30 15:01:38.929,11463,11464,11463,1,-1
2020-06-30 15:01:40.204,11462,11463,11463,1,1
2020-06-30 15:01:40.325,11462,11463,11463,1,1
2020-06-30 15:01:40.797,11462,11464,11464,3,3
2020-06-30 15:01:41.398,11463,11464,11463,1,-1
2020-06-30 15:01:41.709,11463,11464,11463,1,-1
2020-06-30 15:01:41.807,11462,11463,11463,1,1
2020-06-30 15:01:42.349,11462,11463,11463,1,1
2020-06-30 15:01:43.369,11462,11463,11463,1,1
2020-06-30 15:01:43.544,11462,11463,11463,1,1
2020-06-30 15:01:44.118,11462,11464,11463,1,-1
2020-06-30 15:01:44.460,11462,11463,11463,4,4
2020-06-30 15:01:46.374,11463,11464,11463,1,-1
2020-06-30 15:01:46.640,11463,11464,11463,1,-1
2020-06-30 15:01:46.872,11463,11464,11463,1,-1
2020-06-30 15:01:47.793,11463,11464,11464,1,1
2020-06-30 15:01:48.152,11463,11464,11464,1,1
2020-06-30 15:01:50.133,11463,11464,11463,5,-5
2020-06-30 15:01:50.133,11463,11464,11463,2,-2
2020-06-30 15:01:51.303,11462,11463,11463,1,1
2020-06-30 15:01:51.307,11462,11463,11463,1,1
2020-06-30 15:01:51.576,11462,11464,11464,1,1
2020-06-30 15:01:54.781,11462,11463,11463,1,1
2020-06-30 15:01:57.775,11462,11463,11463,1,1
2020-06-30 15:01:58.752,11462,11463,11463,1,1
2020-06-30 15:01:59.251,11462,11463,11462,22,-22
2020-06-30 15:01:59.605,11461,11462,11462,7,7
2020-06-30 15:02:00.046,11461,11462,11461,1,-1
2020-06-30 15:02:00.054,11461,11462,11461,1,-1
2020-06-30 15:02:01.042,11461,11462,11461,17,-17
2020-06-30 15:02:01.044,11461,11462,11460,2,-2
2020-06-30 15:02:01.713,11460,11461,11460,2,-2
2020-06-30 15:02:01.866,11460,11461,11461,1,1
2020-06-30 15:02:03.350,11461,11462,11461,1,-1
2020-06-30 15:02:04.597,11460,11461,11461,3,3
2020-06-30 15:02:04.598,11460,11461,11461,1,1
2020-06-30 15:02:04.949,11461,11462,11461,1,-1
2020-06-30 15:02:05.698,11460,11462,11460,2,-2
2020-06-30 15:02:06.572,11460,11461,11461,3,3
2020-06-30 15:02:06.572,11460,11461,11461,1,1
2020-06-30 15:02:07.682,11461,11462,11461,2,-2
2020-06-30 15:02:09.658,11460,11461,11460,7,-7
2020-06-30 15:02:09.658,11460,11461,11460,32,-32
2020-06-30 15:02:09.659,11460,11461,11460,5,-5
2020-06-30 15:02:09.659,11460,11461,11460,7,-7
2020-06-30 15:02:09.659,11460,11461,11460,1,-1
2020-06-30 15:02:09.659,11460,11461,11460,1,-1
2020-06-30 15:02:09.659,11460,11461,11460,3,-3
2020-06-30 15:02:09.659,11460,11461,11460,1,-1
2020-06-30 15:02:09.824,11459,11460,11459,2,-2
2020-06-30 15:02:09.889,11459,11460,11459,2,-2
2020-06-30 15:02:10.402,11459,11460,11459,2,-2
2020-06-30 15:02:10.587,11459,11460,11460,3,3
2020-06-30 15:02:10.692,11459,11460,11460,1,1
2020-06-30 15:02:13.307,11459,11460,11460,1,1
2020-06-30 15:02:13.896,11460,11461,11460,3,-3
2020-06-30 15:02:13.896,11460,11461,11460,1,-1
2020-06-30 15:02:16.297,11459,11461,11460,3,-3
2020-06-30 15:02:17.539,11459,11460,11460,1,1
2020-06-30 15:02:18.052,11459,11460,11460,1,1
2020-06-30 15:02:18.558,11460,11461,11460,1,-1
2020-06-30 15:02:19.442,11459,11460,11460,3,3
2020-06-30 15:02:21.625,11459,11460,11460,1,1
2020-06-30 15:02:22.951,11459,11460,11460,1,1
2020-06-30 15:02:22.952,11459,11460,11460,4,4
2020-06-30 15:02:24.037,11460,11461,11460,1,-1
2020-06-30 15:02:24.362,11460,11461,11460,1,-1
2020-06-30 15:02:30.443,11460,11461,11460,2,-2
2020-06-30 15:02:31.591,11460,11461,11460,1,-1
2020-06-30 15:02:32.197,11460,11461,11461,11,11
2020-06-30 15:02:33.290,11461,11462,11461,1,-1
2020-06-30 15:02:33.350,11461,11462,11461,2,-2
2020-06-30 15:02:40.022,11460,11461,11461,3,3
2020-06-30 15:02:41.199,11460,11461,11460,1,-1
2020-06-30 15:02:42.278,11460,11461,11461,1,1
2020-06-30 15:02:43.297,11460,11461,11461,1,1
2020-06-30 15:02:44.544,11460,11461,11460,1,-1
2020-06-30 15:02:44.544,11460,11461,11460,2,-2
2020-06-30 15:02:44.545,11460,11461,11460,4,-4
2020-06-30 15:02:46.778,11459,11460,11460,1,1
2020-06-30 15:02:50.271,11459,11460,11459,3,-3
2020-06-30 15:02:51.382,11459,11460,11460,1,1
2020-06-30 15:02:51.531,11459,11460,11459,1,-1
2020-06-30 15:02:55.066,11459,11460,11459,3,-3
2020-06-30 15:02:56.863,11459,11460,11460,2,2
2020-06-30 15:02:56.863,11459,11460,11460,1,1
2020-06-30 15:02:56.863,11459,11460,11460,1,1
2020-06-30 15:02:56.953,11460,11461,11460,1,-1
2020-06-30 15:02:57.113,11460,11461,11460,2,-2
2020-06-30 15:02:57.113,11460,11461,11459,1,-1
2020-06-30 15:02:59.322,11460,11461,11460,1,1
2020-06-30 15:03:00.113,11460,11461,11460,1,-1
2020-06-30 15:03:00.113,11460,11461,11459,1,-1
2020-06-30 15:03:01.686,11459,11460,11459,1,-1
2020-06-30 15:03:02.513,11459,11460,11460,1,1
2020-06-30 15:03:03.040,11459,11460,11460,1,1
2020-06-30 15:03:03.391,11459,11460,11459,3,-3
2020-06-30 15:03:05.070,11459,11460,11459,3,-3
2020-06-30 15:03:06.329,11459,11460,11460,1,1
2020-06-30 15:03:09.247,11459,11461,11459,1,-1
2020-06-30 15:03:11.122,11459,11460,11459,2,-2
2020-06-30 15:03:11.122,11459,11460,11459,4,-4
2020-06-30 15:03:11.122,11459,11460,11459,2,-2
2020-06-30 15:03:11.122,11459,11460,11459,1,-1
2020-06-30 15:03:11.122,11459,11460,11459,9,-9
2020-06-30 15:03:11.123,11459,11460,11459,1,-1
2020-06-30 15:03:11.123,11459,11460,11459,5,-5
2020-06-30 15:03:11.123,11459,11460,11459,1,-1
2020-06-30 15:03:11.123,11459,11460,11459,1,-1
2020-06-30 15:03:11.247,11459,11460,11459,4,-4
2020-06-30 15:03:12.696,11458,11459,11458,2,-2
2020-06-30 15:03:17.853,11458,11459,11458,4,-4
2020-06-30 15:03:18.932,11458,11459,11458,4,-4
2020-06-30 15:03:22.678,11458,11459,11459,1,1
2020-06-30 15:03:23.399,11459,11460,11459,1,-1
2020-06-30 15:03:23.399,11459,11460,11458,2,-2
2020-06-30 15:03:32.008,11459,11460,11459,2,2
2020-06-30 15:03:36.475,11459,11460,11460,1,1
2020-06-30 15:03:40.374,11459,11460,11459,4,-4
2020-06-30 15:03:40.374,11459,11460,11459,2,-2
2020-06-30 15:03:40.753,11458,11459,11459,1,1
2020-06-30 15:03:41.090,11458,11459,11458,3,-3
2020-06-30 15:03:46.570,11458,11459,11458,5,-5
2020-06-30 15:03:47.607,11458,11459,11459,1,1
2020-06-30 15:03:47.774,11458,11459,11459,1,1
2020-06-30 15:03:48.551,11458,11459,11459,1,1
2020-06-30 15:03:48.551,11458,11459,11459,3,3
2020-06-30 15:03:48.551,11458,11459,11459,4,4
2020-06-30 15:03:49.017,11459,11460,11459,10,-10
2020-06-30 15:03:49.036,11459,11460,11459,1,-1
2020-06-30 15:03:49.055,11459,11460,11459,9,-9
2020-06-30 15:03:51.881,11459,11460,11459,1,-1
2020-06-30 15:03:54.666,11458,11459,11459,2,2
2020-06-30 15:03:56.823,11458,11459,11459,3,3
2020-06-30 15:03:58.466,11458,11459,11458,1,-1
2020-06-30 15:04:02.460,11458,11459,11458,1,-1
2020-06-30 15:04:05.977,11458,11459,11459,2,2
2020-06-30 15:04:05.983,11458,11459,11459,4,4
2020-06-30 15:04:05.984,11458,11459,11459,1,1
2020-06-30 15:04:07.773,11458,11460,11458,1,-1
2020-06-30 15:04:12.665,11458,11460,11460,3,3
2020-06-30 15:04:15.537,11459,11460,11459,6,-6
2020-06-30 15:04:18.955,11459,11460,11459,1,-1
2020-06-30 15:04:23.377,11459,11460,11460,7,7
2020-06-30 15:04:23.490,11459,11460,11460,4,4
2020-06-30 15:04:23.992,11460,11461,11460,1,-1
2020-06-30 15:04:24.479,11460,11461,11461,18,18
2020-06-30 15:04:24.753,11461,11462,11461,1,-1
2020-06-30 15:04:25.938,11461,11462,11461,1,-1
2020-06-30 15:04:26.052,11461,11462,11461,1,-1
2020-06-30 15:04:30.790,11460,11461,11461,1,1
2020-06-30 15:04:33.275,11460,11461,11460,1,-1
2020-06-30 15:04:34.724,11460,11461,11461,5,5
2020-06-30 15:04:37.318,11461,11462,11462,1,1
2020-06-30 15:04:47.277,11461,11462,11461,1,-1
2020-06-30 15:04:47.641,11461,11462,11462,1,1
2020-06-30 15:04:48.716,11461,11462,11462,1,1
2020-06-30 15:04:51.021,11461,11462,11462,3,3
2020-06-30 15:04:53.513,11461,11462,11462,1,1
2020-06-30 15:04:54.307,11461,11462,11461,9,-9
2020-06-30 15:04:57.990,11461,11462,11461,1,-1
2020-06-30 15:04:58.774,11460,11461,11460,2,-2
2020-06-30 15:04:59.291,11460,11461,11460,1,-1
2020-06-30 15:04:59.317,11460,11461,11460,1,-1
2020-06-30 15:04:59.317,11460,11461,11460,2,-2
2020-06-30 15:04:59.317,11460,11461,11460,3,-3
2020-06-30 15:04:59.317,11460,11461,11460,1,-1
2020-06-30 15:04:59.390,11459,11460,11459,2,-2
2020-06-30 15:05:00.280,11459,11460,11459,1,-1
2020-06-30 15:05:00.578,11459,11460,11459,5,-5
2020-06-30 15:05:00.632,11458,11459,11459,1,1
2020-06-30 15:05:00.632,11458,11459,11459,1,1
2020-06-30 15:05:01.142,11458,11459,11458,1,-1
2020-06-30 15:05:01.142,11458,11459,11458,14,-14
2020-06-30 15:05:01.142,11458,11459,11458,4,-4
2020-06-30 15:05:01.142,11458,11459,11458,2,-2
2020-06-30 15:05:01.143,11458,11459,11458,13,-13
2020-06-30 15:05:01.429,11457,11458,11457,2,-2
2020-06-30 15:05:01.456,11457,11458,11457,2,-2
2020-06-30 15:05:01.460,11457,11458,11457,1,-1
2020-06-30 15:05:01.462,11457,11458,11457,2,-2
2020-06-30 15:05:01.462,11457,11458,11457,1,-1
2020-06-30 15:05:01.462,11457,11458,11457,1,-1
2020-06-30 15:05:01.722,11457,11458,11457,3,-3
2020-06-30 15:05:01.976,11456,11457,11456,3,-3
2020-06-30 15:05:02.084,11456,11457,11457,1,1
2020-06-30 15:05:02.099,11456,11457,11456,3,-3
2020-06-30 15:05:03.631,11457,11458,11457,1,1
2020-06-30 15:05:05.258,11457,11458,11457,1,-1
2020-06-30 15:05:05.259,11457,11458,11457,9,-9
2020-06-30 15:05:05.488,11456,11458,11457,3,-3
2020-06-30 15:05:05.490,11456,11458,11457,5,-5
2020-06-30 15:05:05.493,11456,11458,11457,3,-3
2020-06-30 15:05:06.790,11457,11458,11457,4,-4
2020-06-30 15:05:06.790,11457,11458,11457,6,-6
2020-06-30 15:05:07.309,11457,11458,11457,1,-1
2020-06-30 15:05:08.163,11456,11457,11456,12,-12
2020-06-30 15:05:08.163,11456,11457,11455,7,-7
2020-06-30 15:05:08.407,11455,11456,11455,2,-2
2020-06-30 15:05:09.434,11455,11456,11455,5,-5
2020-06-30 15:05:09.825,11455,11456,11455,1,-1
2020-06-30 15:05:09.927,11455,11456,11455,1,-1
2020-06-30 15:05:10.397,11455,11456,11456,1,1
2020-06-30 15:05:10.412,11455,11456,11455,1,-1
2020-06-30 15:05:10.784,11455,11456,11456,1,1
2020-06-30 15:05:11.353,11455,11456,11455,1,-1
2020-06-30 15:05:12.374,11455,11456,11456,1,1
2020-06-30 15:05:12.656,11456,11457,11456,4,-4
2020-06-30 15:05:12.656,11456,11457,11455,1,-1
2020-06-30 15:05:14.464,11456,11457,11456,1,1
2020-06-30 15:05:15.180,11456,11457,11457,1,1
2020-06-30 15:05:16.776,11456,11457,11456,1,-1
2020-06-30 15:05:17.203,11456,11457,11457,6,6
2020-06-30 15:05:17.593,11457,11458,11458,1,1
2020-06-30 15:05:21.316,11455,11456,11455,6,-6
2020-06-30 15:05:21.316,11455,11456,11455,4,-4
2020-06-30 15:05:21.317,11455,11456,11455,4,-4
2020-06-30 15:05:23.401,11455,11456,11455,3,-3
2020-06-30 15:05:25.557,11455,11457,11455,10,-10
2020-06-30 15:05:27.809,11455,11457,11455,1,-1
2020-06-30 15:05:27.972,11455,11457,11455,1,-1
2020-06-30 15:05:28.885,11455,11457,11455,1,-1
2020-06-30 15:05:28.998,11455,11456,11456,2,2
2020-06-30 15:05:32.425,11456,11457,11456,1,-1
2020-06-30 15:05:32.759,11456,11457,11456,1,-1
2020-06-30 15:05:36.286,11456,11457,11456,1,-1
2020-06-30 15:05:36.342,11456,11457,11456,2,-2
2020-06-30 15:05:38.275,11456,11457,11456,1,-1
2020-06-30 15:05:38.398,11455,11456,11456,1,1
2020-06-30 15:05:39.142,11456,11457,11456,1,-1
2020-06-30 15:05:39.882,11456,11457,11457,1,1
2020-06-30 15:05:41.998,11456,11457,11456,1,-1
2020-06-30 15:05:42.577,11456,11457,11456,1,-1
2020-06-30 15:05:43.430,11456,11457,11456,1,-1
2020-06-30 15:05:44.502,11456,11457,11456,1,-1
2020-06-30 15:05:46.638,11456,11457,11456,1,-1
2020-06-30 15:05:48.312,11456,11457,11457,1,1
2020-06-30 15:05:48.312,11456,11457,11457,2,2
2020-06-30 15:05:48.312,11456,11457,11457,4,4
2020-06-30 15:05:48.312,11456,11457,11457,1,1
2020-06-30 15:05:48.495,11457,11458,11457,1,-1
2020-06-30 15:05:48.767,11457,11458,11457,1,-1
2020-06-30 15:05:48.829,11457,11458,11457,1,-1
2020-06-30 15:05:50.003,11456,11458,11456,3,-3
2020-06-30 15:05:50.107,11456,11458,11456,10,-10
2020-06-30 15:05:50.325,11456,11457,11456,7,-7
2020-06-30 15:05:50.587,11455,11456,11455,10,-10
2020-06-30 15:05:54.105,11455,11456,11455,10,-10
2020-06-30 15:05:54.106,11455,11456,11455,3,-3
2020-06-30 15:05:54.190,11454,11456,11456,1,1
2020-06-30 15:05:56.107,11455,11456,11455,3,-3
2020-06-30 15:05:56.393,11454,11455,11455,3,3
2020-06-30 15:05:58.110,11454,11455,11454,10,-10
2020-06-30 15:05:58.110,11454,11455,11454,4,-4
2020-06-30 15:05:58.110,11454,11455,11454,5,-5
2020-06-30 15:05:58.930,11453,11455,11453,18,-18
2020-06-30 15:06:00.069,11454,11455,11454,2,2
2020-06-30 15:06:00.072,11454,11455,11454,4,-4
2020-06-30 15:06:00.094,11454,11455,11453,2,-2
2020-06-30 15:06:00.112,11454,11455,11453,1,-1
2020-06-30 15:06:00.112,11454,11455,11453,1,-1
2020-06-30 15:06:00.133,11453,11455,11453,2,-2
2020-06-30 15:06:00.133,11453,11455,11453,2,-2
2020-06-30 15:06:00.154,11453,11455,11453,4,-4
2020-06-30 15:06:00.172,11453,11455,11453,2,-2
2020-06-30 15:06:00.201,11453,11455,11453,2,-2
2020-06-30 15:06:00.220,11453,11455,11453,1,-1
2020-06-30 15:06:00.271,11453,11454,11453,2,-2
2020-06-30 15:06:01.815,11453,11454,11454,1,1
2020-06-30 15:06:02.923,11453,11454,11453,1,-1
2020-06-30 15:06:03.006,11453,11454,11453,4,-4
2020-06-30 15:06:03.165,11453,11454,11454,1,1
2020-06-30 15:06:04.997,11453,11454,11454,3,3
2020-06-30 15:06:07.331,11453,11454,11453,10,-10
2020-06-30 15:06:07.331,11453,11454,11453,1,-1
2020-06-30 15:06:07.331,11453,11454,11453,8,-8
2020-06-30 15:06:07.331,11453,11454,11453,4,-4
2020-06-30 15:06:07.331,11453,11454,11453,1,-1
2020-06-30 15:06:07.332,11453,11454,11453,1,-1
2020-06-30 15:06:07.332,11453,11454,11453,2,-2
2020-06-30 15:06:07.332,11453,11454,11453,1,-1
2020-06-30 15:06:07.332,11453,11454,11453,1,-1
2020-06-30 15:06:07.438,11453,11454,11453,1,-1
2020-06-30 15:06:08.501,11452,11453,11453,1,1
2020-06-30 15:06:11.886,11452,11453,11452,2,-2
2020-06-30 15:06:11.965,11452,11453,11452,1,-1
2020-06-30 15:06:13.300,11452,11453,11452,2,-2
2020-06-30 15:06:13.388,11452,11453,11452,3,-3
2020-06-30 15:06:13.954,11452,11453,11452,1,-1
2020-06-30 15:06:14.578,11452,11453,11452,2,-2
2020-06-30 15:06:14.869,11452,11453,11452,1,-1
2020-06-30 15:06:15.205,11452,11453,11452,2,-2
2020-06-30 15:06:15.205,11452,11453,11452,4,-4
2020-06-30 15:06:15.206,11452,11453,11452,2,-2
2020-06-30 15:06:15.207,11452,11453,11452,1,-1
2020-06-30 15:06:15.225,11452,11453,11452,1,-1
2020-06-30 15:06:15.231,11452,11453,11452,9,-9
2020-06-30 15:06:15.977,11451,11452,11452,1,1
2020-06-30 15:06:16.946,11451,11452,11451,1,-1
2020-06-30 15:06:17.628,11451,11452,11451,2,-2
2020-06-30 15:06:18.579,11451,11452,11451,4,-4
2020-06-30 15:06:20.854,11451,11452,11451,1,-1
2020-06-30 15:06:21.064,11451,11452,11451,3,-3
2020-06-30 15:06:21.496,11451,11452,11451,1,-1
2020-06-30 15:06:21.526,11451,11452,11451,2,-2
2020-06-30 15:06:22.172,11451,11452,11451,4,-4
2020-06-30 15:06:22.694,11451,11452,11451,3,-3
2020-06-30 15:06:22.694,11451,11452,11451,2,-2
2020-06-30 15:06:22.813,11450,11451,11450,2,-2
2020-06-30 15:06:22.903,11450,11451,11450,1,-1
2020-06-30 15:06:22.904,11450,11451,11450,1,-1
2020-06-30 15:06:22.909,11450,11451,11450,1,-1
2020-06-30 15:06:22.934,11450,11451,11450,1,-1
2020-06-30 15:06:22.962,11450,11451,11451,2,2
2020-06-30 15:06:22.998,11450,11451,11451,2,2
2020-06-30 15:06:23.048,11450,11451,11451,2,2
2020-06-30 15:06:23.099,11450,11451,11451,2,2
2020-06-30 15:06:23.401,11451,11452,11451,3,-3
2020-06-30 15:06:23.835,11451,11452,11451,1,-1
2020-06-30 15:06:23.883,11451,11452,11451,2,-2
2020-06-30 15:06:24.329,11451,11452,11451,1,-1
2020-06-30 15:06:26.566,11451,11452,11451,1,-1
2020-06-30 15:06:26.946,11451,11452,11451,1,-1
2020-06-30 15:06:27.352,11451,11452,11451,5,-5
2020-06-30 15:06:27.430,11451,11452,11451,1,-1
2020-06-30 15:06:29.510,11451,11452,11452,1,1
2020-06-30 15:06:29.820,11451,11452,11451,10,-10
2020-06-30 15:06:29.953,11451,11452,11451,1,-1
2020-06-30 15:06:30.047,11451,11452,11451,4,-4
2020-06-30 15:06:32.699,11451,11452,11451,2,-2
2020-06-30 15:06:33.599,11451,11452,11451,5,-5
2020-06-30 15:06:34.308,11451,11452,11451,1,-1
2020-06-30 15:06:35.982,11451,11452,11452,3,3
2020-06-30 15:06:35.983,11451,11452,11452,10,10
2020-06-30 15:06:40.142,11452,11453,11452,1,-1
2020-06-30 15:06:41.024,11452,11453,11453,15,15
2020-06-30 15:06:43.388,11453,11454,11453,3,-3
2020-06-30 15:06:45.891,11453,11454,11453,2,-2
2020-06-30 15:06:48.751,11452,11454,11454,1,1
2020-06-30 15:06:51.540,11453,11454,11453,1,-1
2020-06-30 15:06:56.044,11452,11453,11453,5,5
2020-06-30 15:06:58.323,11452,11454,11453,1,-1
2020-06-30 15:07:00.853,11452,11454,11452,2,-2
2020-06-30 15:07:04.420,11452,11453,11452,1,-1
2020-06-30 15:07:04.502,11452,11453,11453,2,2
2020-06-30 15:07:04.505,11452,11453,11453,2,2
2020-06-30 15:07:04.510,11452,11453,11452,1,-1
2020-06-30 15:07:04.512,11452,11453,11452,1,-1
2020-06-30 15:07:04.514,11452,11453,11452,1,-1
2020-06-30 15:07:04.516,11452,11453,11452,1,-1
2020-06-30 15:07:05.976,11452,11453,11452,2,-2
2020-06-30 15:07:06.029,11451,11453,11451,2,-2
2020-06-30 15:07:06.047,11451,11453,11451,1,-1
2020-06-30 15:07:06.447,11451,11452,11452,1,1
2020-06-30 15:07:08.667,11452,11453,11452,1,-1
2020-06-30 15:07:12.203,11452,11453,11452,5,-5
2020-06-30 15:07:12.513,11451,11452,11452,1,1
2020-06-30 15:07:14.434,11452,11453,11453,1,1
2020-06-30 15:07:14.738,11452,11453,11452,6,-6
2020-06-30 15:07:17.545,11452,11453,11452,1,-1
2020-06-30 15:07:18.044,11452,11453,11452,1,-1
2020-06-30 15:07:21.941,11452,11453,11452,1,-1
2020-06-30 15:07:23.731,11452,11453,11452,5,-5
2020-06-30 15:07:24.194,11452,11453,11452,1,-1
2020-06-30 15:07:26.447,11452,11453,11452,1,-1
2020-06-30 15:07:28.715,11452,11453,11453,7,7
2020-06-30 15:07:29.329,11453,11454,11453,5,-5
2020-06-30 15:07:29.703,11453,11454,11454,1,1
2020-06-30 15:07:29.704,11453,11454,11454,1,1
2020-06-30 15:07:30.690,11453,11454,11454,1,1
2020-06-30 15:07:30.690,11453,11454,11455,3,3
2020-06-30 15:07:32.802,11454,11455,11454,2,-2
2020-06-30 15:07:33.905,11454,11455,11454,1,-1
2020-06-30 15:07:33.985,11454,11455,11455,4,4
2020-06-30 15:07:37.058,11454,11455,11454,1,-1
2020-06-30 15:07:39.266,11453,11455,11455,4,4
2020-06-30 15:07:40.154,11453,11454,11454,1,1
2020-06-30 15:07:45.838,11453,11454,11453,7,-7
2020-06-30 15:07:46.354,11452,11454,11454,1,1
2020-06-30 15:07:50.888,11453,11454,11454,1,1
2020-06-30 15:07:54.350,11453,11454,11454,7,7
2020-06-30 15:07:54.350,11453,11454,11454,2,2
2020-06-30 15:07:54.350,11453,11454,11454,1,1
2020-06-30 15:07:57.995,11453,11454,11453,1,-1
2020-06-30 15:07:59.214,11453,11454,11453,1,-1
2020-06-30 15:08:00.791,11453,11454,11454,1,1
2020-06-30 15:08:02.770,11453,11454,11453,1,-1
2020-06-30 15:08:02.790,11453,11454,11453,1,-1
2020-06-30 15:08:04.719,11453,11454,11453,1,-1
2020-06-30 15:08:04.772,11453,11454,11453,1,-1
2020-06-30 15:08:05.268,11453,11454,11453,3,-3
2020-06-30 15:08:06.202,11453,11454,11454,1,1
2020-06-30 15:08:13.737,11453,11454,11453,1,-1
2020-06-30 15:08:17.116,11453,11454,11453,5,-5
2020-06-30 15:08:24.912,11453,11454,11454,2,2
2020-06-30 15:08:24.913,11453,11454,11454,5,5
2020-06-30 15:08:29.174,11454,11455,11454,1,-1
2020-06-30 15:08:33.537,11454,11455,11454,1,-1
2020-06-30 15:08:34.603,11454,11455,11454,4,-4
2020-06-30 15:08:36.850,11453,11454,11453,1,-1
2020-06-30 15:08:39.463,11453,11454,11454,1,1
2020-06-30 15:08:40.151,11453,11454,11453,1,-1
2020-06-30 15:08:41.195,11453,11454,11453,2,-2
2020-06-30 15:08:43.492,11453,11454,11453,1,-1
2020-06-30 15:08:46.749,11452,11453,11453,2,2
2020-06-30 15:08:47.452,11453,11454,11453,2,-2
2020-06-30 15:08:47.452,11453,11454,11452,3,-3
2020-06-30 15:08:52.321,11453,11454,11453,1,1
2020-06-30 15:08:56.537,11453,11454,11453,1,-1
2020-06-30 15:08:58.224,11453,11454,11453,1,-1
2020-06-30 15:09:00.336,11453,11454,11453,1,-1
2020-06-30 15:09:01.196,11453,11454,11454,1,1
2020-06-30 15:09:01.196,11453,11454,11454,2,2
2020-06-30 15:09:01.196,11453,11454,11454,1,1
2020-06-30 15:09:01.196,11453,11454,11454,1,1
2020-06-30 15:09:01.196,11453,11454,11454,5,5
2020-06-30 15:09:05.329,11454,11455,11454,1,-1
2020-06-30 15:09:17.103,11454,11455,11455,1,1
2020-06-30 15:09:17.795,11454,11455,11455,1,1
2020-06-30 15:09:19.895,11454,11455,11454,4,-4
2020-06-30 15:09:22.204,11454,11455,11454,1,-1
2020-06-30 15:09:22.205,11454,11455,11454,3,-3
2020-06-30 15:09:22.205,11454,11455,11454,4,-4
2020-06-30 15:09:22.299,11453,11454,11453,1,-1
2020-06-30 15:09:22.997,11453,11454,11454,1,1
2020-06-30 15:09:23.500,11453,11454,11454,3,3
2020-06-30 15:09:27.893,11453,11454,11454,1,1
2020-06-30 15:09:32.004,11453,11454,11454,1,1
2020-06-30 15:09:32.792,11454,11455,11454,3,-3
2020-06-30 15:09:38.166,11454,11455,11454,1,-1
2020-06-30 15:09:38.999,11454,11455,11454,1,-1
2020-06-30 15:09:42.196,11454,11455,11454,2,-2
2020-06-30 15:09:43.749,11454,11455,11454,4,-4
2020-06-30 15:09:45.912,11453,11455,11453,1,-1
2020-06-30 15:09:48.764,11453,11454,11454,1,1
2020-06-30 15:09:51.914,11453,11454,11454,1,1
2020-06-30 15:09:53.547,11453,11454,11453,12,-12
2020-06-30 15:09:53.548,11453,11454,11453,2,-2
2020-06-30 15:09:53.548,11453,11454,11453,1,-1
2020-06-30 15:09:53.737,11452,11453,11453,1,1
2020-06-30 15:09:54.486,11452,11453,11453,1,1
2020-06-30 15:09:54.511,11452,11454,11452,1,-1
2020-06-30 15:09:57.482,11452,11453,11453,1,1
2020-06-30 15:10:00.310,11452,11453,11452,10,-10
2020-06-30 15:10:00.310,11452,11453,11452,5,-5
2020-06-30 15:10:00.310,11452,11453,11452,1,-1
2020-06-30 15:10:01.781,11451,11452,11452,1,1
2020-06-30 15:10:02.502,11451,11452,11452,1,1
2020-06-30 15:10:02.867,11452,11453,11452,1,-1
2020-06-30 15:10:06.989,11451,11453,11453,1,1
2020-06-30 15:10:07.730,11452,11453,11452,1,-1
2020-06-30 15:10:08.310,11452,11453,11453,1,1
2020-06-30 15:10:08.327,11452,11453,11452,1,-1
2020-06-30 15:10:09.167,11452,11453,11452,1,-1
2020-06-30 15:10:10.070,11452,11453,11453,2,2
2020-06-30 15:10:10.106,11452,11453,11453,1,1
2020-06-30 15:10:10.773,11453,11454,11453,1,-1
2020-06-30 15:10:12.945,11453,11454,11453,2,-2
2020-06-30 15:10:13.158,11452,11453,11452,1,-1
2020-06-30 15:10:15.413,11452,11453,11452,1,-1
2020-06-30 15:10:15.643,11452,11453,11453,1,1
2020-06-30 15:10:19.895,11452,11453,11453,1,1
2020-06-30 15:10:20.547,11452,11454,11454,15,15
2020-06-30 15:10:21.649,11453,11454,11454,1,1
2020-06-30 15:10:21.649,11453,11454,11454,2,2
2020-06-30 15:10:21.975,11452,11454,11452,1,-1
2020-06-30 15:10:22.388,11452,11454,11453,1,1
2020-06-30 15:10:25.176,11452,11453,11453,1,1
2020-06-30 15:10:26.511,11453,11454,11453,6,-6
2020-06-30 15:10:28.030,11452,11453,11453,1,1
2020-06-30 15:10:29.857,11452,11453,11453,1,1
2020-06-30 15:10:30.103,11453,11454,11453,1,-1
2020-06-30 15:10:30.580,11452,11454,11452,1,-1
2020-06-30 15:10:37.261,11453,11454,11454,2,2
2020-06-30 15:10:38.504,11454,11455,11454,1,-1
2020-06-30 15:10:39.706,11454,11455,11454,1,-1
2020-06-30 15:10:46.963,11454,11455,11455,1,1
2020-06-30 15:10:46.964,11454,11455,11455,15,15
2020-06-30 15:10:47.994,11455,11456,11456,1,1
2020-06-30 15:10:49.497,11454,11455,11455,1,1
2020-06-30 15:10:50.341,11454,11455,11454,6,-6
2020-06-30 15:10:50.697,11454,11455,11455,1,1
2020-06-30 15:10:50.698,11454,11455,11455,1,1
2020-06-30 15:10:53.100,11455,11456,11456,8,8
2020-06-30 15:10:53.810,11455,11456,11455,2,-2
2020-06-30 15:10:53.971,11454,11455,11453,1,-1
2020-06-30 15:10:57.989,11453,11454,11454,1,1
2020-06-30 15:11:01.299,11454,11455,11454,1,-1
2020-06-30 15:11:05.700,11454,11455,11455,2,2
2020-06-30 15:11:05.701,11454,11455,11455,1,1
2020-06-30 15:11:05.701,11454,11455,11455,3,3
2020-06-30 15:11:07.816,11455,11456,11455,5,-5
2020-06-30 15:11:07.816,11455,11456,11455,3,-3
2020-06-30 15:11:07.816,11455,11456,11455,6,-6
2020-06-30 15:11:07.825,11455,11456,11454,1,-1
2020-06-30 15:11:15.311,11454,11455,11454,4,-4
2020-06-30 15:11:16.363,11453,11454,11453,1,-1
2020-06-30 15:11:16.779,11453,11454,11454,1,1
2020-06-30 15:11:16.870,11453,11454,11453,14,-14
2020-06-30 15:11:16.871,11453,11454,11453,3,-3
2020-06-30 15:11:19.655,11452,11453,11452,1,-1
2020-06-30 15:11:19.655,11452,11453,11452,1,-1
2020-06-30 15:11:19.656,11452,11453,11452,1,-1
2020-06-30 15:11:19.656,11452,11453,11452,1,-1
2020-06-30 15:11:19.657,11452,11453,11452,2,-2
2020-06-30 15:11:19.658,11452,11453,11452,2,-2
2020-06-30 15:11:19.658,11452,11453,11452,18,-18
2020-06-30 15:11:19.658,11452,11453,11452,4,-4
2020-06-30 15:11:19.658,11452,11453,11452,1,-1
2020-06-30 15:11:19.658,11452,11453,11452,4,-4
2020-06-30 15:11:19.658,11452,11453,11452,2,-2
2020-06-30 15:11:19.659,11452,11453,11452,18,-18
2020-06-30 15:11:22.135,11452,11453,11453,1,1
2020-06-30 15:11:22.135,11452,11453,11453,2,2
2020-06-30 15:11:22.135,11452,11453,11453,6,6
2020-06-30 15:11:22.136,11452,11453,11453,1,1
2020-06-30 15:11:28.104,11452,11453,11453,2,2
2020-06-30 15:11:28.499,11452,11453,11453,2,2
2020-06-30 15:11:29.478,11453,11454,11454,1,1
2020-06-30 15:11:30.980,11453,11454,11454,1,1
2020-06-30 15:11:35.477,11453,11454,11453,1,-1
2020-06-30 15:11:36.400,11453,11454,11453,3,-3
2020-06-30 15:11:37.431,11452,11453,11453,1,1
2020-06-30 15:11:42.590,11453,11454,11454,2,2
2020-06-30 15:11:42.590,11453,11454,11454,1,1
2020-06-30 15:11:42.590,11453,11454,11454,2,2
2020-06-30 15:11:42.590,11453,11454,11454,1,1
2020-06-30 15:11:42.590,11453,11454,11454,1,1
2020-06-30 15:11:43.556,11454,11455,11454,1,-1
2020-06-30 15:11:43.556,11454,11455,11453,1,-1
2020-06-30 15:11:46.182,11453,11454,11454,2,2
2020-06-30 15:11:57.179,11453,11454,11454,3,3
2020-06-30 15:12:00.922,11453,11454,11454,6,6
2020-06-30 15:12:01.219,11453,11454,11453,1,-1
2020-06-30 15:12:03.328,11453,11454,11453,1,-1
2020-06-30 15:12:07.354,11453,11454,11454,2,2
2020-06-30 15:12:08.368,11453,11454,11453,2,-2
2020-06-30 15:12:08.430,11453,11454,11453,7,-7
2020-06-30 15:12:12.138,11452,11453,11452,1,-1
2020-06-30 15:12:13.868,11452,11453,11452,1,-1
2020-06-30 15:12:15.614,11452,11454,11454,2,2
2020-06-30 15:12:16.050,11452,11454,11452,3,-3
2020-06-30 15:12:19.692,11452,11453,11452,1,-1
2020-06-30 15:12:23.342,11451,11452,11451,2,-2
2020-06-30 15:12:23.343,11451,11452,11451,5,-5
2020-06-30 15:12:23.343,11451,11452,11451,14,-14
2020-06-30 15:12:23.343,11451,11452,11451,4,-4
2020-06-30 15:12:23.625,11450,11451,11450,1,-1
2020-06-30 15:12:23.913,11450,11451,11450,2,-2
2020-06-30 15:12:24.099,11450,11451,11450,5,-5
2020-06-30 15:12:24.316,11450,11451,11451,1,1
2020-06-30 15:12:24.950,11450,11451,11451,2,2
2020-06-30 15:12:26.497,11451,11452,11451,1,-1
2020-06-30 15:12:27.316,11450,11451,11450,5,-5
2020-06-30 15:12:28.611,11450,11452,11450,1,-1
2020-06-30 15:12:29.579,11450,11451,11451,2,2
2020-06-30 15:12:29.867,11451,11452,11451,1,-1
2020-06-30 15:12:31.466,11451,11452,11451,8,-8
2020-06-30 15:12:32.395,11450,11451,11451,2,2
2020-06-30 15:12:33.426,11450,11451,11451,1,1
2020-06-30 15:12:33.437,11450,11451,11451,1,1
2020-06-30 15:12:33.931,11450,11451,11451,1,1
2020-06-30 15:12:35.394,11451,11452,11451,1,-1
2020-06-30 15:12:37.018,11450,11452,11450,1,-1
2020-06-30 15:12:38.491,11450,11451,11451,1,1
2020-06-30 15:12:41.887,11450,11451,11451,1,1
2020-06-30 15:12:42.843,11450,11451,11450,5,-5
2020-06-30 15:12:43.391,11450,11451,11450,2,-2
2020-06-30 15:12:47.129,11450,11451,11450,1,-1
2020-06-30 15:12:48.024,11450,11451,11451,5,5
2020-06-30 15:12:48.148,11451,11452,11451,5,-5
2020-06-30 15:12:48.516,11451,11452,11451,1,-1
2020-06-30 15:12:52.389,11450,11451,11450,1,-1
2020-06-30 15:12:55.269,11450,11451,11451,1,1
2020-06-30 15:13:00.614,11450,11451,11450,1,-1
2020-06-30 15:13:00.615,11450,11451,11450,4,-4
2020-06-30 15:13:00.615,11450,11451,11450,2,-2
2020-06-30 15:13:00.615,11450,11451,11450,17,-17
2020-06-30 15:13:00.615,11450,11451,11450,1,-1
2020-06-30 15:13:00.615,11450,11451,11450,1,-1
2020-06-30 15:13:00.616,11450,11451,11450,1,-1
2020-06-30 15:13:00.616,11450,11451,11450,1,-1
2020-06-30 15:13:00.622,11450,11451,11450,32,-32
2020-06-30 15:13:00.622,11450,11451,11450,1,-1
2020-06-30 15:13:00.622,11450,11451,11450,2,-2
2020-06-30 15:13:00.747,11450,11451,11450,1,-1
2020-06-30 15:13:00.747,11450,11451,11450,4,-4
2020-06-30 15:13:00.747,11450,11451,11450,4,-4
2020-06-30 15:13:00.748,11450,11451,11450,3,-3
2020-06-30 15:13:00.748,11450,11451,11450,3,-3
2020-06-30 15:13:01.254,11450,11451,11450,1,-1
2020-06-30 15:13:02.464,11449,11450,11449,1,-1
2020-06-30 15:13:02.524,11449,11450,11449,1,-1
2020-06-30 15:13:02.698,11449,11450,11449,1,-1
2020-06-30 15:13:02.724,11449,11450,11449,3,-3
2020-06-30 15:13:02.756,11449,11450,11449,1,-1
2020-06-30 15:13:02.765,11449,11450,11450,1,1
2020-06-30 15:13:02.793,11449,11450,11449,1,-1
2020-06-30 15:13:02.874,11449,11450,11449,2,-2
2020-06-30 15:13:04.684,11449,11450,11449,1,-1
2020-06-30 15:13:04.752,11449,11450,11450,1,1
2020-06-30 15:13:04.960,11449,11450,11449,2,-2
2020-06-30 15:13:05.461,11449,11450,11449,19,-19
2020-06-30 15:13:05.461,11449,11450,11448,39,-39
2020-06-30 15:13:05.552,11448,11450,11450,1,1
2020-06-30 15:13:06.040,11449,11450,11449,1,-1
2020-06-30 15:13:06.043,11449,11450,11449,1,-1
2020-06-30 15:13:06.120,11449,11450,11449,3,-3
2020-06-30 15:13:06.278,11448,11450,11448,2,-2
2020-06-30 15:13:06.306,11448,11450,11448,1,-1
2020-06-30 15:13:06.345,11448,11450,11448,2,-2
2020-06-30 15:13:06.352,11448,11450,11448,1,-1
2020-06-30 15:13:06.649,11448,11449,11448,1,-1
2020-06-30 15:13:06.655,11448,11449,11448,1,-1
2020-06-30 15:13:06.750,11448,11449,11448,1,-1
2020-06-30 15:13:06.772,11448,11449,11448,4,-4
2020-06-30 15:13:06.778,11448,11449,11448,2,-2
2020-06-30 15:13:06.824,11448,11449,11448,1,-1
2020-06-30 15:13:06.849,11448,11449,11449,2,2
2020-06-30 15:13:06.966,11448,11449,11448,1,-1
2020-06-30 15:13:07.358,11448,11450,11448,2,-2
2020-06-30 15:13:07.358,11448,11450,11448,6,-6
2020-06-30 15:13:07.950,11448,11450,11448,8,-8
2020-06-30 15:13:08.536,11448,11450,11448,1,-1
2020-06-30 15:13:10.607,11448,11450,11448,3,-3
2020-06-30 15:13:11.904,11448,11449,11448,1,-1
2020-06-30 15:13:14.035,11448,11449,11449,2,2
2020-06-30 15:13:14.156,11449,11450,11449,1,-1
2020-06-30 15:13:16.791,11449,11450,11449,2,-2
2020-06-30 15:13:18.826,11449,11450,11449,2,-2
2020-06-30 15:13:19.098,11449,11450,11449,1,-1
2020-06-30 15:13:21.988,11448,11449,11449,1,1
2020-06-30 15:13:23.097,11448,11449,11448,1,-1
2020-06-30 15:13:25.811,11448,11449,11449,3,3
2020-06-30 15:13:27.403,11449,11450,11449,1,-1
2020-06-30 15:13:27.664,11449,11450,11449,1,-1
2020-06-30 15:13:31.753,11449,11450,11449,4,-4
2020-06-30 15:13:33.655,11449,11450,11449,1,-1
2020-06-30 15:13:34.237,11449,11450,11449,1,-1
2020-06-30 15:13:34.399,11449,11450,11450,1,1
2020-06-30 15:13:34.424,11449,11450,11449,4,-4
2020-06-30 15:13:35.574,11449,11450,11450,4,4
2020-06-30 15:13:36.391,11449,11450,11449,2,-2
2020-06-30 15:13:37.973,11449,11450,11449,1,-1
2020-06-30 15:13:38.503,11449,11450,11450,9,9
2020-06-30 15:13:38.648,11450,11451,11451,1,1
2020-06-30 15:13:38.934,11450,11451,11450,1,-1
2020-06-30 15:13:42.669,11449,11451,11451,1,1
2020-06-30 15:13:43.533,11449,11451,11451,1,1
2020-06-30 15:13:44.277,11450,11451,11451,1,1
2020-06-30 15:13:49.091,11450,11451,11451,1,1
2020-06-30 15:13:49.199,11450,11451,11451,1,1
2020-06-30 15:13:49.199,11450,11451,11451,19,19
2020-06-30 15:13:55.513,11451,11452,11452,1,1
2020-06-30 15:13:55.847,11451,11452,11452,1,1
2020-06-30 15:13:55.847,11451,11452,11452,3,3
2020-06-30 15:13:55.847,11451,11452,11452,1,1
2020-06-30 15:13:56.398,11451,11453,11451,1,-1
2020-06-30 15:13:56.648,11451,11452,11452,1,1
2020-06-30 15:13:56.981,11452,11453,11453,1,1
2020-06-30 15:13:57.851,11452,11453,11452,5,-5
2020-06-30 15:14:00.242,11452,11453,11453,1,1
2020-06-30 15:14:02.225,11453,11454,11453,4,-4
2020-06-30 15:14:02.459,11453,11454,11453,1,-1
2020-06-30 15:14:03.526,11453,11454,11453,1,-1
2020-06-30 15:14:10.036,11452,11453,11453,1,1
2020-06-30 15:14:10.522,11452,11453,11453,1,1
2020-06-30 15:14:10.871,11452,11453,11453,1,1
2020-06-30 15:14:15.496,11452,11453,11453,1,1
2020-06-30 15:14:33.598,11453,11454,11453,11,-11
2020-06-30 15:14:35.719,11452,11453,11453,1,1
2020-06-30 15:14:35.719,11452,11453,11453,8,8
2020-06-30 15:14:37.895,11453,11454,11454,1,1
2020-06-30 15:14:39.186,11453,11454,11453,1,-1
2020-06-30 15:14:39.434,11453,11454,11453,2,-2
2020-06-30 15:14:41.199,11452,11453,11453,1,1
2020-06-30 15:14:43.824,11452,11453,11453,1,1
2020-06-30 15:14:44.540,11452,11453,11452,1,-1
2020-06-30 15:14:44.541,11452,11453,11452,1,-1
2020-06-30 15:14:44.541,11452,11453,11452,3,-3
2020-06-30 15:14:44.541,11452,11453,11452,3,-3
2020-06-30 15:14:45.354,11451,11452,11452,1,1
2020-06-30 15:14:46.029,11451,11453,11451,5,-5
2020-06-30 15:14:51.979,11452,11453,11453,1,1
2020-06-30 15:14:53.117,11452,11453,11453,15,15
2020-06-30 15:14:53.118,11452,11453,11453,1,1
2020-06-30 15:14:54.958,11452,11454,11452,5,-5
2020-06-30 15:14:59.451,11452,11454,11452,5,-5
2020-06-30 15:15:00.087,11452,11453,11453,1,1
2020-06-30 15:15:00.296,11453,11454,11453,2,-2
2020-06-30 15:15:00.694,11453,11454,11453,1,-1
2020-06-30 15:15:00.709,11453,11454,11452,8,-8
2020-06-30 15:15:01.172,11453,11454,11453,1,1
2020-06-30 15:15:01.946,11452,11454,11452,3,-3
2020-06-30 15:15:02.002,11452,11454,11452,2,-2
2020-06-30 15:15:02.019,11452,11454,11452,1,-1
2020-06-30 15:15:02.025,11452,11454,11452,1,-1
2020-06-30 15:15:02.027,11452,11454,11452,2,-2
2020-06-30 15:15:02.030,11452,11454,11452,1,-1
2020-06-30 15:15:02.033,11452,11454,11452,2,-2
2020-06-30 15:15:04.242,11452,11453,11453,1,1
2020-06-30 15:15:04.587,11452,11453,11452,1,-1
2020-06-30 15:15:07.645,11452,11453,11452,1,-1
2020-06-30 15:15:08.710,11452,11453,11453,4,4
2020-06-30 15:15:18.943,11452,11453,11452,1,-1
2020-06-30 15:15:19.575,11452,11453,11453,3,3
2020-06-30 15:15:23.604,11453,11454,11454,6,6
2020-06-30 15:15:23.604,11453,11454,11454,5,5
2020-06-30 15:15:24.996,11454,11455,11455,1,1
2020-06-30 15:15:24.996,11454,11455,11455,1,1
2020-06-30 15:15:24.996,11454,11455,11455,1,1
2020-06-30 15:15:24.996,11454,11455,11455,1,1
2020-06-30 15:15:24.996,11454,11455,11455,1,1
2020-06-30 15:15:24.996,11454,11455,11455,1,1
2020-06-30 15:15:24.996,11454,11455,11455,1,1
2020-06-30 15:15:24.996,11454,11455,11455,1,1
2020-06-30 15:15:24.996,11454,11455,11455,1,1
2020-06-30 15:15:24.997,11454,11455,11455,1,1
2020-06-30 15:15:24.997,11454,11455,11455,3,3
2020-06-30 15:15:24.997,11454,11455,11455,4,4
2020-06-30 15:15:24.997,11454,11455,11455,1,1
2020-06-30 15:15:24.997,11454,11455,11455,1,1
2020-06-30 15:15:24.997,11454,11455,11455,5,5
2020-06-30 15:15:28.153,11455,11456,11455,1,-1
2020-06-30 15:15:28.794,11454,11455,11455,1,1
2020-06-30 15:15:28.820,11454,11455,11454,2,-2
2020-06-30 15:15:29.456,11454,11455,11455,1,1
2020-06-30 15:15:30.246,11454,11455,11455,3,3
2020-06-30 15:15:32.199,11454,11455,11454,1,-1
2020-06-30 15:15:34.449,11453,11454,11453,1,-1
2020-06-30 15:15:34.449,11453,11454,11453,4,-4
2020-06-30 15:15:34.785,11452,11453,11453,1,1
2020-06-30 15:15:35.860,11452,11454,11454,2,2
2020-06-30 15:15:38.512,11453,11454,11454,4,4
2020-06-30 15:15:42.915,11453,11454,11454,1,1
2020-06-30 15:15:47.339,11453,11454,11454,1,1
2020-06-30 15:15:47.372,11453,11454,11454,1,1
2020-06-30 15:15:52.826,11453,11454,11454,1,1
2020-06-30 15:16:20.162,11454,11455,11455,1,1
2020-06-30 15:16:20.162,11454,11455,11455,1,1
2020-06-30 15:16:20.505,11454,11455,11455,11,11
2020-06-30 15:16:23.590,11455,11456,11456,1,1
2020-06-30 15:16:26.025,11455,11456,11456,1,1
2020-06-30 15:16:26.030,11455,11456,11456,1,1
2020-06-30 15:16:27.207,11455,11456,11456,1,1
2020-06-30 15:16:28.175,11455,11456,11456,1,1
2020-06-30 15:16:28.175,11455,11456,11456,2,2
2020-06-30 15:16:28.176,11455,11456,11456,4,4
2020-06-30 15:16:30.969,11455,11456,11456,2,2
2020-06-30 15:16:31.104,11455,11457,11456,2,-2
2020-06-30 15:16:31.213,11456,11457,11456,2,-2
2020-06-30 15:16:31.315,11456,11457,11456,2,-2
2020-06-30 15:16:31.640,11456,11457,11456,2,-2
2020-06-30 15:16:32.018,11456,11457,11456,2,-2
2020-06-30 15:16:32.295,11456,11457,11457,10,10
2020-06-30 15:16:32.296,11456,11457,11456,2,-2
2020-06-30 15:16:32.297,11456,11457,11457,2,2
2020-06-30 15:16:32.507,11456,11458,11458,2,2
2020-06-30 15:16:33.870,11457,11458,11457,2,-2
2020-06-30 15:16:35.272,11457,11458,11457,1,-1
2020-06-30 15:16:35.804,11457,11458,11457,1,-1
2020-06-30 15:16:35.804,11457,11458,11457,1,-1
2020-06-30 15:16:37.279,11455,11457,11457,5,5
2020-06-30 15:16:37.712,11456,11457,11457,4,4
2020-06-30 15:16:41.001,11456,11457,11457,1,1
2020-06-30 15:16:43.508,11456,11457,11457,5,5
2020-06-30 15:16:43.987,11456,11457,11456,1,-1
2020-06-30 15:16:46.356,11455,11456,11456,1,1
2020-06-30 15:16:47.152,11455,11456,11456,1,1
2020-06-30 15:16:52.796,11456,11457,11457,2,2
2020-06-30 15:16:52.797,11456,11457,11457,2,2
2020-06-30 15:16:53.867,11456,11458,11458,3,3
2020-06-30 15:16:57.233,11457,11458,11457,12,-12
2020-06-30 15:16:57.233,11457,11458,11456,39,-39
2020-06-30 15:16:57.234,11457,11458,11457,1,1
2020-06-30 15:17:01.870,11456,11457,11456,5,-5
2020-06-30 15:17:03.521,11455,11456,11456,2,2
2020-06-30 15:17:03.798,11455,11456,11456,1,1
2020-06-30 15:17:06.598,11455,11456,11455,10,-10
2020-06-30 15:17:10.379,11454,11455,11454,18,-18
2020-06-30 15:17:13.042,11453,11454,11454,1,1
2020-06-30 15:17:13.122,11453,11454,11454,2,2
2020-06-30 15:17:23.128,11454,11455,11455,1,1
2020-06-30 15:17:23.317,11454,11455,11454,4,-4
2020-06-30 15:17:24.547,11453,11454,11453,14,-14
2020-06-30 15:17:25.336,11452,11453,11453,1,1
2020-06-30 15:17:25.780,11452,11453,11453,1,1
2020-06-30 15:17:25.935,11452,11453,11453,1,1
2020-06-30 15:17:29.083,11452,11453,11453,1,1
2020-06-30 15:17:29.613,11452,11453,11453,2,2
2020-06-30 15:17:40.724,11453,11454,11454,6,6
2020-06-30 15:17:44.743,11453,11454,11454,1,1
2020-06-30 15:17:46.155,11453,11454,11454,1,1
2020-06-30 15:17:46.155,11453,11454,11454,1,1
2020-06-30 15:17:46.156,11453,11454,11454,1,1
2020-06-30 15:17:53.873,11454,11455,11454,4,-4
2020-06-30 15:17:55.396,11453,11455,11453,1,-1
2020-06-30 15:18:01.097,11454,11455,11455,1,1
2020-06-30 15:18:01.097,11454,11455,11455,5,5
2020-06-30 15:18:01.472,11455,11456,11456,1,1
2020-06-30 15:18:02.259,11455,11456,11456,1,1
2020-06-30 15:18:12.782,11455,11456,11455,2,-2
2020-06-30 15:18:13.744,11455,11456,11456,1,1
2020-06-30 15:18:15.212,11455,11456,11455,2,-2
2020-06-30 15:18:15.979,11455,11456,11456,1,1
2020-06-30 15:18:17.475,11456,11457,11456,2,-2
2020-06-30 15:18:22.362,11456,11457,11456,3,-3
2020-06-30 15:18:25.105,11455,11456,11455,1,-1
2020-06-30 15:18:25.169,11455,11456,11456,1,1
2020-06-30 15:18:26.818,11455,11456,11456,1,1
2020-06-30 15:18:26.970,11455,11457,11456,1,-1
2020-06-30 15:18:29.170,11455,11456,11456,1,1
2020-06-30 15:18:30.674,11455,11456,11456,1,1
2020-06-30 15:18:32.358,11455,11456,11455,1,-1
2020-06-30 15:18:32.358,11455,11456,11455,1,-1
2020-06-30 15:18:32.358,11455,11456,11455,2,-2
2020-06-30 15:18:32.502,11454,11455,11455,1,1
2020-06-30 15:18:32.622,11454,11455,11455,1,1
2020-06-30 15:18:38.122,11454,11455,11455,1,1
2020-06-30 15:18:47.133,11455,11456,11456,1,1
2020-06-30 15:18:48.949,11455,11456,11455,5,-5
2020-06-30 15:18:54.239,11454,11455,11455,1,1
2020-06-30 15:18:55.057,11454,11455,11454,1,-1
2020-06-30 15:18:55.067,11454,11455,11455,1,1
2020-06-30 15:18:59.243,11455,11456,11455,1,-1
2020-06-30 15:18:59.743,11454,11455,11455,1,1
2020-06-30 15:19:00.664,11454,11456,11454,1,-1
2020-06-30 15:19:02.905,11454,11455,11454,1,-1
2020-06-30 15:19:04.821,11454,11455,11455,1,1
2020-06-30 15:19:11.903,11454,11455,11455,2,2
2020-06-30 15:19:13.559,11454,11455,11454,3,-3
2020-06-30 15:19:13.729,11454,11455,11455,1,1
2020-06-30 15:19:16.979,11454,11455,11455,1,1
2020-06-30 15:19:19.712,11454,11455,11454,3,-3
2020-06-30 15:19:21.321,11454,11455,11455,1,1
2020-06-30 15:19:27.479,11455,11456,11456,2,2
2020-06-30 15:19:27.587,11455,11456,11456,1,1
2020-06-30 15:19:27.587,11455,11456,11456,1,1
2020-06-30 15:19:27.587,11455,11456,11456,1,1
2020-06-30 15:19:28.980,11455,11456,11455,3,-3
2020-06-30 15:19:32.546,11455,11456,11455,2,-2
2020-06-30 15:19:33.799,11454,11455,11455,1,1
2020-06-30 15:19:34.843,11454,11455,11455,1,1
2020-06-30 15:19:46.995,11455,11456,11456,1,1
2020-06-30 15:19:46.996,11455,11456,11456,1,1
2020-06-30 15:19:49.537,11456,11457,11456,1,-1
2020-06-30 15:19:50.265,11455,11456,11455,1,-1
2020-06-30 15:19:51.280,11455,11456,11455,1,-1
2020-06-30 15:19:51.997,11455,11456,11455,1,-1
2020-06-30 15:19:56.998,11456,11457,11456,3,3
2020-06-30 15:20:03.985,11455,11457,11457,1,1
2020-06-30 15:20:09.687,11455,11457,11457,2,2
2020-06-30 15:20:18.607,11455,11456,11456,1,1
2020-06-30 15:20:22.757,11455,11456,11456,1,1
2020-06-30 15:20:23.412,11455,11456,11456,1,1
2020-06-30 15:20:29.461,11455,11456,11455,12,-12
2020-06-30 15:20:29.461,11455,11456,11454,3,-3
2020-06-30 15:20:48.103,11455,11456,11455,1,1
2020-06-30 15:20:51.330,11454,11455,11454,1,-1
2020-06-30 15:20:55.003,11454,11455,11454,1,-1
2020-06-30 15:20:57.872,11454,11455,11455,1,1
2020-06-30 15:20:58.522,11455,11456,11455,2,-2
2020-06-30 15:21:05.834,11455,11456,11455,1,-1
2020-06-30 15:21:06.531,11455,11456,11455,2,-2
2020-06-30 15:21:06.898,11454,11455,11454,9,-9
2020-06-30 15:21:09.665,11454,11455,11454,2,-2
2020-06-30 15:21:12.856,11453,11455,11455,1,1
2020-06-30 15:21:14.015,11453,11455,11455,1,1
2020-06-30 15:21:16.576,11453,11454,11453,18,-18
2020-06-30 15:21:16.883,11452,11453,11452,1,-1
2020-06-30 15:21:17.214,11452,11453,11452,4,-4
2020-06-30 15:21:19.953,11452,11453,11452,1,-1
2020-06-30 15:21:25.436,11452,11453,11453,1,1
2020-06-30 15:21:25.436,11452,11453,11453,6,6
2020-06-30 15:21:30.860,11453,11454,11453,1,-1
2020-06-30 15:21:32.326,11453,11455,11453,1,-1
2020-06-30 15:21:35.740,11452,11454,11453,1,-1
2020-06-30 15:21:45.014,11453,11454,11453,1,-1
2020-06-30 15:21:50.425,11452,11454,11454,4,4
2020-06-30 15:21:56.311,11452,11453,11453,1,1
2020-06-30 15:21:56.312,11452,11453,11453,1,1
2020-06-30 15:21:56.312,11452,11453,11453,1,1
2020-06-30 15:22:04.985,11453,11454,11453,1,-1
2020-06-30 15:22:15.707,11453,11455,11453,2,-2
2020-06-30 15:22:18.674,11454,11455,11454,2,2
2020-06-30 15:22:19.864,11454,11455,11454,1,-1
2020-06-30 15:22:20.718,11453,11455,11453,1,-1
2020-06-30 15:22:21.472,11453,11455,11453,1,-1
2020-06-30 15:22:22.206,11453,11455,11453,1,-1
2020-06-30 15:22:29.113,11454,11455,11455,2,2
2020-06-30 15:22:29.116,11454,11455,11455,1,1
2020-06-30 15:22:35.022,11454,11455,11455,2,2
2020-06-30 15:22:44.937,11454,11455,11454,1,-1
2020-06-30 15:22:44.937,11454,11455,11454,3,-3
2020-06-30 15:22:44.937,11454,11455,11454,1,-1
2020-06-30 15:22:44.937,11454,11455,11454,2,-2
2020-06-30 15:22:48.309,11454,11455,11454,1,-1
2020-06-30 15:22:53.323,11454,11455,11454,1,-1
2020-06-30 15:22:54.404,11454,11456,11454,1,-1
2020-06-30 15:22:56.323,11454,11455,11454,1,-1
2020-06-30 15:23:22.338,11454,11456,11455,1,1
2020-06-30 15:23:22.338,11454,11456,11454,4,-4
2020-06-30 15:23:25.105,11454,11455,11455,1,1
2020-06-30 15:23:29.083,11455,11456,11455,1,-1
2020-06-30 15:23:38.779,11455,11456,11456,7,7
2020-06-30 15:23:38.779,11455,11456,11456,5,5
2020-06-30 15:23:41.444,11455,11456,11455,1,-1
2020-06-30 15:23:59.616,11455,11456,11455,1,-1
2020-06-30 15:24:01.125,11455,11456,11456,1,1
2020-06-30 15:24:01.125,11455,11456,11456,1,1
2020-06-30 15:24:05.943,11455,11456,11456,1,1
2020-06-30 15:24:06.658,11455,11456,11456,1,1
2020-06-30 15:24:13.636,11456,11457,11456,1,-1
2020-06-30 15:24:24.030,11456,11457,11457,21,21
2020-06-30 15:24:25.244,11456,11458,11458,2,2
2020-06-30 15:24:26.997,11456,11458,11458,1,1
2020-06-30 15:24:28.149,11456,11458,11457,1,-1
2020-06-30 15:24:29.666,11456,11458,11458,1,1
2020-06-30 15:24:31.403,11456,11458,11458,1,1
2020-06-30 15:24:34.955,11456,11457,11457,1,1
2020-06-30 15:24:40.754,11456,11457,11457,1,1
2020-06-30 15:24:40.754,11456,11457,11457,6,6
2020-06-30 15:24:40.754,11456,11457,11457,7,7
2020-06-30 15:24:43.112,11457,11458,11457,1,-1
2020-06-30 15:24:44.866,11456,11458,11457,1,-1
2020-06-30 15:24:51.964,11456,11458,11456,1,-1
2020-06-30 15:25:01.731,11456,11457,11457,1,1
2020-06-30 15:25:03.412,11456,11458,11457,1,-1
2020-06-30 15:25:06.915,11456,11457,11457,1,1
2020-06-30 15:25:11.408,11457,11458,11457,1,-1
2020-06-30 15:25:37.139,11456,11457,11457,1,1
2020-06-30 15:25:37.507,11456,11457,11457,1,1
2020-06-30 15:25:37.853,11456,11457,11457,1,1
2020-06-30 15:25:38.165,11456,11457,11457,1,1
2020-06-30 15:25:43.832,11456,11457,11456,10,-10
2020-06-30 15:25:45.038,11455,11456,11456,1,1
2020-06-30 15:25:47.055,11455,11456,11456,1,1
2020-06-30 15:25:47.670,11455,11456,11456,1,1
2020-06-30 15:25:48.337,11455,11456,11456,1,1
2020-06-30 15:25:49.126,11455,11456,11456,1,1
2020-06-30 15:25:49.804,11455,11456,11456,1,1
2020-06-30 15:25:49.924,11455,11456,11455,1,-1
2020-06-30 15:25:50.870,11455,11456,11455,1,-1
2020-06-30 15:25:50.870,11455,11456,11455,1,-1
2020-06-30 15:25:50.870,11455,11456,11455,1,-1
2020-06-30 15:25:50.870,11455,11456,11455,2,-2
2020-06-30 15:25:51.288,11454,11456,11456,1,1
2020-06-30 15:26:01.622,11454,11455,11455,1,1
2020-06-30 15:26:10.270,11455,11456,11455,1,-1
2020-06-30 15:26:14.299,11454,11456,11454,7,-7
2020-06-30 15:26:14.300,11454,11456,11454,2,-2
2020-06-30 15:26:14.300,11454,11456,11454,1,-1
2020-06-30 15:26:14.376,11453,11454,11453,4,-4
2020-06-30 15:26:14.391,11453,11454,11453,1,-1
2020-06-30 15:26:14.392,11453,11454,11453,4,-4
2020-06-30 15:26:14.395,11453,11454,11453,2,-2
2020-06-30 15:26:14.395,11453,11454,11452,1,-1
2020-06-30 15:26:14.397,11453,11454,11452,2,-2
2020-06-30 15:26:14.397,11453,11454,11452,3,-3
2020-06-30 15:26:14.398,11453,11454,11452,2,-2
2020-06-30 15:26:14.399,11453,11454,11452,6,-6
2020-06-30 15:26:14.401,11453,11454,11452,4,-4
2020-06-30 15:26:14.405,11453,11454,11452,1,-1
2020-06-30 15:26:14.426,11453,11454,11452,1,-1
2020-06-30 15:26:14.691,11452,11453,11452,3,-3
2020-06-30 15:26:14.747,11452,11453,11453,1,1
2020-06-30 15:26:14.872,11452,11453,11453,1,1
2020-06-30 15:26:14.902,11452,11453,11454,1,1
2020-06-30 15:26:17.517,11452,11453,11453,1,1
2020-06-30 15:26:18.681,11452,11453,11452,1,-1
2020-06-30 15:26:25.366,11453,11454,11454,1,1
2020-06-30 15:26:25.366,11453,11454,11454,1,1
2020-06-30 15:26:30.789,11454,11455,11455,1,1
2020-06-30 15:26:42.440,11455,11456,11456,1,1
2020-06-30 15:26:42.440,11455,11456,11456,1,1
2020-06-30 15:26:45.857,11456,11457,11456,1,-1
2020-06-30 15:26:49.745,11455,11456,11456,1,1
2020-06-30 15:27:01.246,11455,11456,11456,2,2
2020-06-30 15:27:09.043,11454,11456,11455,1,-1
2020-06-30 15:27:11.976,11454,11455,11455,1,1
2020-06-30 15:27:22.948,11454,11456,11455,1,-1
2020-06-30 15:27:24.997,11454,11455,11455,1,1
2020-06-30 15:27:29.473,11454,11456,11454,1,-1
2020-06-30 15:27:31.046,11454,11456,11454,2,-2
2020-06-30 15:27:38.419,11454,11455,11455,2,2
2020-06-30 15:27:38.419,11454,11455,11455,1,1
2020-06-30 15:27:40.272,11455,11456,11456,2,2
2020-06-30 15:27:40.602,11455,11457,11455,1,-1
2020-06-30 15:27:44.350,11455,11456,11455,1,-1
2020-06-30 15:27:53.150,11455,11456,11455,2,-2
2020-06-30 15:27:53.562,11454,11455,11455,1,1
2020-06-30 15:28:02.101,11455,11456,11455,1,-1
2020-06-30 15:28:10.151,11455,11456,11455,1,-1
2020-06-30 15:28:25.712,11454,11455,11455,1,1
2020-06-30 15:28:25.712,11454,11455,11455,1,1
2020-06-30 15:28:40.181,11455,11456,11455,1,-1
2020-06-30 15:28:50.548,11455,11456,11456,3,3
2020-06-30 15:28:53.779,11455,11456,11456,1,1
2020-06-30 15:29:02.274,11455,11456,11456,2,2
2020-06-30 15:29:04.801,11455,11456,11456,2,2
2020-06-30 15:29:13.552,11455,11456,11455,1,-1
2020-06-30 15:29:14.889,11455,11456,11455,1,-1
2020-06-30 15:29:14.921,11455,11456,11455,1,-1
2020-06-30 15:29:16.293,11454,11455,11455,1,1
2020-06-30 15:29:21.532,11455,11456,11455,1,-1
2020-06-30 15:29:30.455,11454,11455,11454,3,-3
2020-06-30 15:29:34.542,11454,11455,11454,1,-1
2020-06-30 15:29:35.872,11454,11455,11455,1,1
2020-06-30 15:29:40.759,11454,11455,11454,1,-1
2020-06-30 15:29:41.375,11454,11455,11454,1,-1
2020-06-30 15:29:41.475,11454,11455,11455,1,1
2020-06-30 15:29:57.697,11454,11455,11456,1,1
2020-06-30 15:30:01.052,11454,11456,11454,1,-1
2020-06-30 15:30:01.085,11454,11456,11454,1,-1
2020-06-30 15:30:01.431,11454,11455,11454,1,-1
2020-06-30 15:30:01.531,11454,11455,11454,1,-1
2020-06-30 15:30:01.707,11454,11455,11454,1,-1
2020-06-30 15:30:01.728,11454,11455,11455,1,1
2020-06-30 15:30:01.973,11454,11456,11456,1,1
2020-06-30 15:30:05.711,11455,11456,11456,2,2
2020-06-30 15:30:05.711,11455,11456,11456,1,1
2020-06-30 15:30:10.039,11456,11457,11456,2,-2
2020-06-30 15:30:10.122,11455,11456,11455,1,-1
2020-06-30 15:30:10.139,11455,11456,11456,1,1
2020-06-30 15:30:14.375,11454,11456,11454,1,-1
2020-06-30 15:30:19.453,11455,11456,11455,1,1
2020-06-30 15:30:20.273,11454,11455,11454,2,-2
2020-06-30 15:30:20.727,11453,11455,11455,1,1
2020-06-30 15:30:23.214,11453,11455,11453,1,-1
2020-06-30 15:30:26.238,11453,11454,11453,1,-1
2020-06-30 15:30:26.244,11453,11454,11453,1,-1
2020-06-30 15:30:26.244,11453,11454,11453,6,-6
2020-06-30 15:30:26.244,11453,11454,11453,2,-2
2020-06-30 15:30:26.244,11453,11454,11453,2,-2
2020-06-30 15:30:26.244,11453,11454,11453,2,-2
2020-06-30 15:30:26.265,11452,11453,11452,2,-2
2020-06-30 15:30:26.315,11452,11453,11452,2,-2
2020-06-30 15:30:26.366,11452,11453,11452,2,-2
2020-06-30 15:30:26.372,11452,11453,11452,2,-2
2020-06-30 15:30:26.373,11452,11453,11452,1,-1
2020-06-30 15:30:37.550,11452,11454,11452,2,-2
2020-06-30 15:30:47.589,11452,11453,11452,1,-1
2020-06-30 15:30:50.499,11452,11453,11453,1,1
2020-06-30 15:30:52.360,11452,11453,11452,2,-2
2020-06-30 15:30:52.361,11452,11453,11452,1,-1
2020-06-30 15:30:55.321,11451,11452,11452,2,2
2020-06-30 15:30:55.819,11451,11452,11451,6,-6
2020-06-30 15:30:55.819,11451,11452,11451,18,-18
2020-06-30 15:30:55.914,11450,11451,11450,15,-15
2020-06-30 15:30:55.914,11450,11451,11450,5,-5
2020-06-30 15:30:56.016,11450,11451,11450,1,-1
2020-06-30 15:30:56.145,11450,11451,11450,4,-4
2020-06-30 15:30:56.147,11450,11451,11450,11,-11
2020-06-30 15:30:58.843,11449,11450,11449,2,-2
2020-06-30 15:30:58.877,11449,11450,11449,4,-4
2020-06-30 15:30:59.875,11449,11450,11450,2,2
2020-06-30 15:30:59.876,11449,11450,11450,1,1
2020-06-30 15:31:01.123,11450,11451,11450,2,-2
2020-06-30 15:31:01.920,11450,11451,11450,2,-2
2020-06-30 15:31:02.065,11450,11451,11451,1,1
2020-06-30 15:31:02.845,11450,11451,11451,1,1
2020-06-30 15:31:02.875,11451,11452,11451,1,-1
2020-06-30 15:31:02.879,11451,11452,11450,1,-1
2020-06-30 15:31:02.881,11451,11452,11450,1,-1
2020-06-30 15:31:02.899,11451,11452,11450,2,-2
2020-06-30 15:31:05.201,11451,11453,11451,1,1
2020-06-30 15:31:05.341,11451,11453,11451,5,-5
2020-06-30 15:31:11.873,11449,11451,11449,1,-1
2020-06-30 15:31:12.110,11449,11451,11449,1,-1
2020-06-30 15:31:12.401,11449,11450,11449,1,-1
2020-06-30 15:31:12.687,11449,11450,11449,1,-1
2020-06-30 15:31:12.975,11449,11450,11449,1,-1
2020-06-30 15:31:13.337,11449,11450,11449,1,-1
2020-06-30 15:31:13.678,11449,11450,11450,1,1
2020-06-30 15:31:15.723,11449,11451,11450,1,-1
2020-06-30 15:31:15.778,11450,11451,11451,1,1
2020-06-30 15:31:16.457,11449,11451,11449,1,-1
2020-06-30 15:31:17.411,11449,11451,11449,1,-1
2020-06-30 15:31:25.015,11449,11450,11450,1,1
2020-06-30 15:31:25.477,11449,11450,11449,1,-1
2020-06-30 15:31:32.656,11449,11450,11449,1,-1
2020-06-30 15:31:36.491,11449,11450,11450,1,1
2020-06-30 15:31:41.040,11449,11450,11450,2,2
2020-06-30 15:31:45.687,11449,11450,11449,4,-4
2020-06-30 15:31:46.216,11449,11450,11449,1,-1
2020-06-30 15:31:49.282,11449,11450,11449,1,-1
2020-06-30 15:31:54.317,11449,11450,11450,1,1
2020-06-30 15:31:54.974,11449,11450,11450,2,2
2020-06-30 15:31:56.062,11450,11451,11450,1,-1
2020-06-30 15:31:56.242,11450,11451,11450,1,-1
2020-06-30 15:31:57.767,11450,11451,11451,1,1
2020-06-30 15:31:57.853,11450,11451,11450,1,-1
2020-06-30 15:32:02.212,11450,11451,11450,1,-1
2020-06-30 15:32:06.410,11450,11451,11450,2,-2
2020-06-30 15:32:07.531,11449,11450,11449,2,-2
2020-06-30 15:32:08.304,11449,11450,11450,1,1
2020-06-30 15:32:10.010,11449,11450,11450,1,1
2020-06-30 15:32:10.095,11449,11450,11450,1,1
2020-06-30 15:32:10.722,11450,11451,11450,1,-1
2020-06-30 15:32:10.722,11450,11451,11449,2,-2
2020-06-30 15:32:11.477,11450,11451,11450,2,2
2020-06-30 15:32:11.477,11450,11451,11450,2,-2
2020-06-30 15:32:11.497,11449,11450,11450,2,2
2020-06-30 15:32:11.755,11449,11450,11449,1,-1
2020-06-30 15:32:14.189,11449,11450,11450,1,1
2020-06-30 15:32:17.254,11449,11450,11449,6,-6
2020-06-30 15:32:17.254,11449,11450,11449,2,-2
2020-06-30 15:32:17.254,11449,11450,11449,4,-4
2020-06-30 15:32:19.116,11448,11449,11448,5,-5
2020-06-30 15:32:19.146,11448,11449,11448,1,-1
2020-06-30 15:32:19.173,11448,11449,11449,1,1
2020-06-30 15:32:19.401,11448,11449,11448,1,-1
2020-06-30 15:32:19.656,11448,11449,11448,1,-1
2020-06-30 15:32:21.496,11448,11450,11448,3,-3
2020-06-30 15:32:22.250,11448,11450,11450,1,1
2020-06-30 15:32:33.395,11448,11449,11448,2,-2
2020-06-30 15:32:35.363,11448,11449,11449,2,2
2020-06-30 15:32:39.970,11449,11450,11450,1,1
2020-06-30 15:32:39.970,11449,11450,11450,1,1
2020-06-30 15:32:39.971,11449,11450,11450,6,6
2020-06-30 15:32:39.971,11449,11450,11450,1,1
2020-06-30 15:32:39.971,11449,11450,11450,5,5
2020-06-30 15:32:42.295,11449,11451,11449,2,-2
2020-06-30 15:32:47.930,11449,11450,11450,1,1
2020-06-30 15:32:52.760,11450,11451,11450,1,-1
2020-06-30 15:32:59.490,11449,11450,11450,1,1
2020-06-30 15:33:06.662,11450,11451,11450,1,-1
2020-06-30 15:33:14.366,11449,11450,11450,1,1
2020-06-30 15:33:26.877,11450,11451,11450,1,-1
2020-06-30 15:33:27.934,11450,11451,11451,1,1
2020-06-30 15:33:27.934,11450,11451,11451,1,1
2020-06-30 15:33:27.934,11450,11451,11451,2,2
2020-06-30 15:33:27.934,11450,11451,11451,5,5
2020-06-30 15:33:27.934,11450,11451,11451,2,2
2020-06-30 15:33:30.141,11451,11452,11452,1,1
2020-06-30 15:33:31.280,11451,11452,11452,2,2
2020-06-30 15:33:32.416,11451,11452,11452,1,1
2020-06-30 15:33:45.020,11451,11452,11452,1,1
2020-06-30 15:33:45.143,11451,11452,11452,1,1
2020-06-30 15:33:48.686,11451,11452,11452,1,1
2020-06-30 15:33:50.327,11451,11452,11452,1,1
2020-06-30 15:34:02.747,11451,11452,11451,6,-6
2020-06-30 15:34:03.709,11450,11451,11450,1,-1
2020-06-30 15:34:04.634,11450,11451,11450,1,-1
2020-06-30 15:34:05.416,11450,11451,11450,1,-1
2020-06-30 15:34:05.771,11450,11451,11451,1,1
2020-06-30 15:34:09.417,11450,11451,11451,1,1
2020-06-30 15:34:11.943,11450,11451,11451,1,1
2020-06-30 15:34:13.168,11450,11452,11452,1,1
2020-06-30 15:34:29.623,11450,11451,11451,2,2
2020-06-30 15:34:53.624,11450,11451,11451,3,3
2020-06-30 15:35:01.565,11451,11452,11451,1,-1
2020-06-30 15:35:04.813,11451,11452,11451,4,-4
2020-06-30 15:35:05.005,11450,11451,11451,1,1
2020-06-30 15:35:06.655,11450,11451,11450,15,-15
2020-06-30 15:35:11.190,11449,11450,11450,1,1
2020-06-30 15:35:14.568,11450,11451,11450,1,-1
2020-06-30 15:35:15.461,11450,11451,11451,2,2
2020-06-30 15:35:15.478,11450,11451,11451,3,3
2020-06-30 15:35:20.415,11451,11452,11451,2,-2
2020-06-30 15:35:20.465,11451,11452,11451,2,-2
2020-06-30 15:35:25.512,11450,11451,11450,1,-1
2020-06-30 15:35:26.594,11450,11451,11451,1,1
2020-06-30 15:35:31.400,11450,11451,11450,1,-1
2020-06-30 15:35:41.436,11450,11451,11450,1,-1
2020-06-30 15:35:41.674,11450,11451,11450,1,-1
2020-06-30 15:35:41.779,11450,11451,11450,1,-1
2020-06-30 15:35:42.131,11450,11451,11450,1,-1
2020-06-30 15:35:53.286,11450,11451,11450,1,-1
2020-06-30 15:35:53.449,11450,11451,11451,1,1
2020-06-30 15:35:53.565,11450,11451,11450,1,-1
2020-06-30 15:35:56.504,11450,11451,11451,2,2
2020-06-30 15:35:56.505,11450,11451,11451,3,3
2020-06-30 15:35:59.413,11451,11452,11452,1,1
2020-06-30 15:35:59.414,11451,11452,11452,1,1
2020-06-30 15:35:59.414,11451,11452,11452,5,5
2020-06-30 15:35:59.414,11451,11452,11452,1,1
2020-06-30 15:36:00.897,11452,11453,11453,2,2
2020-06-30 15:36:00.898,11452,11453,11453,4,4
2020-06-30 15:36:03.253,11452,11454,11454,1,1
2020-06-30 15:36:06.983,11452,11453,11453,1,1
2020-06-30 15:36:06.983,11452,11453,11453,2,2
2020-06-30 15:36:06.984,11452,11453,11453,2,2
2020-06-30 15:36:07.022,11453,11454,11453,2,-2
2020-06-30 15:36:07.053,11453,11454,11453,1,-1
2020-06-30 15:36:09.760,11452,11453,11453,3,3
2020-06-30 15:36:10.904,11452,11454,11452,1,-1
2020-06-30 15:36:30.487,11452,11453,11453,1,1
2020-06-30 15:36:30.539,11452,11453,11453,1,1
2020-06-30 15:36:33.778,11453,11454,11454,6,6
2020-06-30 15:36:38.357,11453,11454,11454,1,1
2020-06-30 15:36:39.422,11453,11455,11453,5,-5
2020-06-30 15:36:40.524,11453,11454,11453,1,-1
2020-06-30 15:36:42.780,11453,11454,11453,2,-2
2020-06-30 15:36:52.009,11452,11453,11453,1,1
2020-06-30 15:36:57.101,11453,11454,11453,4,-4
2020-06-30 15:36:57.302,11452,11453,11453,1,1
2020-06-30 15:36:58.473,11452,11454,11454,1,1
2020-06-30 15:37:02.106,11452,11454,11452,5,-5
2020-06-30 15:37:16.978,11452,11453,11453,1,1
2020-06-30 15:37:20.391,11452,11453,11453,1,1
2020-06-30 15:37:25.759,11452,11453,11453,4,4
2020-06-30 15:37:29.830,11452,11453,11453,1,1
2020-06-30 15:37:37.438,11453,11454,11453,1,-1
2020-06-30 15:37:37.597,11453,11454,11454,1,1
2020-06-30 15:37:37.597,11453,11454,11454,1,1
2020-06-30 15:37:37.597,11453,11454,11454,1,1
2020-06-30 15:37:37.597,11453,11454,11454,1,1
2020-06-30 15:37:39.701,11453,11454,11453,1,-1
2020-06-30 15:37:40.702,11453,11454,11453,1,-1
2020-06-30 15:37:45.437,11453,11454,11453,5,-5
2020-06-30 15:37:50.438,11453,11454,11454,1,1
2020-06-30 15:38:02.895,11453,11454,11454,4,4
2020-06-30 15:38:06.595,11454,11455,11454,1,-1
2020-06-30 15:38:08.140,11454,11455,11455,1,1
2020-06-30 15:38:08.140,11454,11455,11455,3,3
2020-06-30 15:38:08.140,11454,11455,11455,1,1
2020-06-30 15:38:08.140,11454,11455,11455,1,1
2020-06-30 15:38:08.140,11454,11455,11455,6,6
2020-06-30 15:38:08.140,11454,11455,11455,1,1
2020-06-30 15:38:11.887,11454,11456,11456,1,1
2020-06-30 15:38:20.777,11455,11456,11456,1,1
2020-06-30 15:38:26.276,11455,11456,11455,1,-1
2020-06-30 15:38:26.276,11455,11456,11455,2,-2
2020-06-30 15:38:27.377,11454,11455,11454,2,-2
2020-06-30 15:38:37.354,11454,11455,11454,1,-1
2020-06-30 15:38:39.493,11453,11455,11455,1,1
2020-06-30 15:38:45.741,11453,11455,11455,1,1
2020-06-30 15:38:54.076,11453,11455,11453,1,-1
2020-06-30 15:39:36.415,11454,11455,11454,4,4
2020-06-30 15:39:41.967,11453,11454,11454,1,1
2020-06-30 15:39:41.968,11453,11454,11454,2,2
2020-06-30 15:39:41.968,11453,11454,11454,1,1
2020-06-30 15:39:58.561,11454,11455,11454,2,-2
2020-06-30 15:40:02.712,11453,11454,11454,2,2
2020-06-30 15:40:06.200,11453,11454,11454,1,1
2020-06-30 15:40:17.019,11453,11454,11453,1,-1
2020-06-30 15:40:17.019,11453,11454,11453,15,-15
2020-06-30 15:40:31.337,11452,11454,11452,1,-1
2020-06-30 15:40:50.447,11453,11454,11454,5,5
2020-06-30 15:40:59.502,11454,11455,11455,1,1
2020-06-30 15:41:00.898,11454,11455,11454,2,-2
2020-06-30 15:41:02.357,11453,11454,11454,1,1
2020-06-30 15:41:08.131,11453,11454,11453,1,-1
2020-06-30 15:41:08.131,11453,11454,11453,1,-1
2020-06-30 15:41:08.131,11453,11454,11453,3,-3
2020-06-30 15:41:13.831,11452,11453,11453,1,1
2020-06-30 15:41:19.892,11453,11454,11454,2,2
2020-06-30 15:41:23.963,11454,11455,11454,1,-1
2020-06-30 15:41:41.059,11454,11455,11454,1,-1
2020-06-30 15:41:48.652,11453,11454,11454,1,1
2020-06-30 15:41:49.674,11454,11455,11454,1,-1
2020-06-30 15:41:51.104,11454,11455,11454,1,-1
2020-06-30 15:42:03.416,11454,11455,11454,2,-2
2020-06-30 15:42:03.416,11454,11455,11454,1,-1
2020-06-30 15:42:03.606,11453,11454,11454,1,1
2020-06-30 15:42:28.598,11453,11454,11454,1,1
2020-06-30 15:42:32.284,11453,11454,11453,2,-2
2020-06-30 15:42:35.323,11453,11454,11454,1,1
2020-06-30 15:42:42.768,11453,11454,11453,5,-5
2020-06-30 15:42:52.071,11452,11453,11453,1,1
2020-06-30 15:43:02.225,11453,11454,11454,1,1
2020-06-30 15:43:02.225,11453,11454,11454,1,1
2020-06-30 15:43:20.610,11453,11454,11453,1,-1
2020-06-30 15:43:25.156,11452,11454,11454,1,1
2020-06-30 15:43:35.238,11453,11454,11454,2,2
2020-06-30 15:43:49.131,11454,11455,11454,3,-3
2020-06-30 15:43:59.413,11453,11454,11453,1,-1
2020-06-30 15:43:59.413,11453,11454,11453,1,-1
2020-06-30 15:44:05.250,11452,11453,11453,1,1
2020-06-30 15:44:06.381,11454,11455,11455,1,1
2020-06-30 15:44:07.094,11454,11455,11454,1,-1
2020-06-30 15:44:24.550,11453,11454,11453,1,-1
2020-06-30 15:44:29.434,11453,11454,11454,1,1
2020-06-30 15:44:47.447,11454,11455,11454,2,-2
2020-06-30 15:45:08.919,11453,11454,11453,1,-1
2020-06-30 15:45:09.189,11453,11454,11454,2,2
2020-06-30 15:45:11.134,11453,11454,11453,1,-1
2020-06-30 15:45:12.553,11452,11453,11452,4,-4
2020-06-30 15:45:38.420,11451,11452,11452,2,2
2020-06-30 15:45:38.420,11451,11452,11452,2,2
2020-06-30 15:46:02.404,11451,11452,11452,1,1
2020-06-30 15:46:09.791,11452,11453,11452,1,-1
2020-06-30 15:46:27.172,11452,11453,11453,1,1
2020-06-30 15:46:27.173,11452,11453,11453,1,1
2020-06-30 15:46:27.173,11452,11453,11453,1,1
2020-06-30 15:46:32.862,11452,11454,11452,1,-1
2020-06-30 15:46:40.067,11453,11454,11453,8,8
2020-06-30 15:46:40.705,11453,11454,11454,2,2
2020-06-30 15:46:40.705,11453,11454,11454,1,1
2020-06-30 15:46:44.174,11453,11455,11453,1,-1
2020-06-30 15:46:49.204,11454,11455,11454,1,1
2020-06-30 15:46:50.171,11454,11455,11455,5,5
2020-06-30 15:46:50.649,11454,11455,11454,1,-1
2020-06-30 15:46:51.748,11454,11455,11455,1,1
2020-06-30 15:46:52.716,11454,11455,11455,2,2
2020-06-30 15:46:52.717,11454,11455,11455,5,5
2020-06-30 15:46:57.390,11455,11456,11455,1,-1
2020-06-30 15:47:00.255,11455,11456,11455,1,-1
2020-06-30 15:47:10.931,11455,11456,11456,10,10
2020-06-30 15:47:10.931,11455,11456,11456,4,4
2020-06-30 15:47:10.932,11455,11456,11456,1,1
2020-06-30 15:47:10.932,11455,11456,11456,1,1
2020-06-30 15:47:10.932,11455,11456,11456,1,1
2020-06-30 15:47:10.932,11455,11456,11456,1,1
2020-06-30 15:47:10.932,11455,11456,11456,4,4
2020-06-30 15:47:10.932,11455,11456,11456,1,1
2020-06-30 15:47:19.321,11456,11457,11456,1,-1
2020-06-30 15:47:22.256,11455,11456,11456,1,1
2020-06-30 15:47:28.031,11455,11457,11455,5,-5
2020-06-30 15:47:29.693,11455,11456,11456,1,1
2020-06-30 15:47:33.388,11456,11457,11456,2,-2
2020-06-30 15:47:33.388,11456,11457,11456,1,-1
2020-06-30 15:47:37.716,11455,11456,11456,1,1
2020-06-30 15:47:44.284,11455,11456,11455,1,-1
2020-06-30 15:47:48.210,11455,11456,11455,1,-1
2020-06-30 15:47:49.008,11455,11456,11455,5,-5
2020-06-30 15:47:49.194,11455,11456,11456,1,1
2020-06-30 15:47:54.376,11455,11456,11456,2,2
2020-06-30 15:48:02.141,11455,11456,11456,5,5
2020-06-30 15:48:09.450,11455,11456,11456,1,1
2020-06-30 15:48:16.668,11455,11456,11455,5,-5
2020-06-30 15:48:19.179,11455,11456,11455,1,-1
2020-06-30 15:48:22.652,11454,11455,11455,1,1
2020-06-30 15:48:29.667,11455,11456,11455,3,-3
2020-06-30 15:48:29.800,11454,11455,11455,1,1
2020-06-30 15:48:38.336,11455,11456,11456,1,1
2020-06-30 15:48:53.330,11455,11456,11455,1,-1
2020-06-30 15:49:17.252,11455,11456,11456,9,9
2020-06-30 15:49:31.050,11456,11457,11456,1,-1
2020-06-30 15:49:31.103,11456,11457,11456,1,-1
2020-06-30 15:49:39.334,11455,11457,11456,1,-1
2020-06-30 15:49:43.087,11455,11457,11457,1,1
2020-06-30 15:49:44.686,11455,11457,11457,1,1
2020-06-30 15:50:02.198,11456,11457,11457,10,10
2020-06-30 15:50:02.389,11456,11457,11457,1,1
2020-06-30 15:50:02.765,11456,11457,11457,1,1
2020-06-30 15:50:02.765,11456,11457,11457,1,1
2020-06-30 15:50:02.765,11456,11457,11457,1,1
2020-06-30 15:50:09.844,11457,11458,11457,1,-1
2020-06-30 15:50:17.250,11457,11458,11458,2,2
2020-06-30 15:50:17.702,11457,11458,11458,1,1
2020-06-30 15:50:21.321,11457,11458,11458,8,8
2020-06-30 15:50:21.373,11457,11458,11458,2,2
2020-06-30 15:50:21.374,11457,11458,11458,2,2
2020-06-30 15:50:23.149,11457,11458,11458,1,1
2020-06-30 15:50:24.113,11457,11458,11457,5,-5
2020-06-30 15:50:25.056,11457,11458,11458,2,2
2020-06-30 15:50:30.729,11457,11458,11458,1,1
2020-06-30 15:50:33.365,11457,11458,11458,1,1
2020-06-30 15:50:40.239,11458,11459,11458,1,-1
2020-06-30 15:50:41.232,11458,11459,11459,1,1
2020-06-30 15:50:42.243,11458,11459,11459,1,1
2020-06-30 15:50:42.661,11458,11459,11459,3,3
2020-06-30 15:50:47.565,11458,11459,11459,8,8
2020-06-30 15:50:48.120,11458,11459,11459,1,1
2020-06-30 15:50:53.671,11458,11459,11459,2,2
2020-06-30 15:51:02.406,11458,11459,11458,1,-1
2020-06-30 15:51:08.345,11458,11459,11458,1,-1
2020-06-30 15:51:12.425,11458,11459,11459,1,1
2020-06-30 15:51:16.749,11458,11459,11459,1,1
2020-06-30 15:51:17.183,11458,11459,11459,1,1
2020-06-30 15:51:17.184,11458,11459,11459,3,3
2020-06-30 15:51:17.911,11459,11460,11459,1,-1
2020-06-30 15:51:19.783,11458,11459,11459,1,1
2020-06-30 15:51:20.289,11458,11459,11459,1,1
2020-06-30 15:51:26.247,11458,11459,11459,1,1
2020-06-30 15:51:26.908,11458,11459,11459,3,3
2020-06-30 15:51:30.788,11458,11459,11458,1,-1
2020-06-30 15:51:30.788,11458,11459,11458,2,-2
2020-06-30 15:51:30.788,11458,11459,11458,5,-5
2020-06-30 15:51:30.788,11458,11459,11458,5,-5
2020-06-30 15:51:30.788,11458,11459,11458,1,-1
2020-06-30 15:51:30.788,11458,11459,11458,1,-1
2020-06-30 15:51:30.788,11458,11459,11458,1,-1
2020-06-30 15:51:30.788,11458,11459,11458,2,-2
2020-06-30 15:51:30.788,11458,11459,11458,4,-4
2020-06-30 15:51:30.788,11458,11459,11458,3,-3
2020-06-30 15:51:30.788,11458,11459,11458,1,-1
2020-06-30 15:51:30.788,11458,11459,11458,6,-6
2020-06-30 15:51:30.789,11458,11459,11458,1,-1
2020-06-30 15:51:31.169,11457,11458,11457,4,-4
2020-06-30 15:51:34.395,11457,11459,11459,1,1
2020-06-30 15:51:40.012,11457,11459,11459,5,5
2020-06-30 15:51:53.398,11458,11459,11459,2,2
2020-06-30 15:51:53.398,11458,11459,11459,1,1
2020-06-30 15:51:54.513,11459,11460,11459,1,-1
2020-06-30 15:52:00.506,11459,11460,11459,1,-1
2020-06-30 15:52:01.991,11459,11460,11459,1,-1
2020-06-30 15:52:03.929,11459,11460,11460,1,1
2020-06-30 15:52:04.025,11459,11460,11460,1,1
2020-06-30 15:52:04.034,11459,11460,11460,1,1
2020-06-30 15:52:04.034,11459,11460,11460,1,1
2020-06-30 15:52:04.062,11459,11460,11460,1,1
2020-06-30 15:52:04.074,11459,11460,11460,1,1
2020-06-30 15:52:04.272,11459,11460,11459,4,-4
2020-06-30 15:52:04.377,11459,11460,11459,1,-1
2020-06-30 15:52:06.580,11459,11460,11460,1,1
2020-06-30 15:52:12.369,11459,11460,11459,1,-1
2020-06-30 15:52:15.319,11458,11459,11459,1,1
2020-06-30 15:52:21.632,11458,11459,11459,1,1
2020-06-30 15:52:21.910,11458,11459,11459,1,1
2020-06-30 15:52:22.731,11458,11459,11459,1,1
2020-06-30 15:52:23.982,11458,11459,11459,3,3
2020-06-30 15:52:31.823,11458,11459,11459,1,1
2020-06-30 15:52:32.778,11458,11459,11459,1,1
2020-06-30 15:52:38.838,11458,11459,11459,1,1
2020-06-30 15:52:38.839,11458,11459,11459,2,2
2020-06-30 15:52:40.093,11459,11460,11459,2,-2
2020-06-30 15:52:42.666,11458,11459,11459,1,1
2020-06-30 15:52:42.666,11458,11459,11460,2,2
2020-06-30 15:52:49.480,11458,11459,11459,1,1
2020-06-30 15:52:56.263,11458,11459,11459,1,1
2020-06-30 15:52:56.436,11458,11459,11459,2,2
2020-06-30 15:53:00.085,11459,11460,11459,2,-2
2020-06-30 15:53:00.222,11458,11460,11459,1,-1
2020-06-30 15:53:06.769,11458,11459,11458,1,-1
2020-06-30 15:53:07.382,11458,11459,11458,1,-1
2020-06-30 15:53:12.641,11458,11459,11458,1,-1
2020-06-30 15:53:20.283,11458,11459,11458,1,-1
2020-06-30 15:53:20.284,11458,11459,11458,1,-1
2020-06-30 15:53:20.284,11458,11459,11458,6,-6
2020-06-30 15:53:20.284,11458,11459,11458,14,-14
2020-06-30 15:53:20.284,11458,11459,11458,1,-1
2020-06-30 15:53:20.284,11458,11459,11458,4,-4
2020-06-30 15:53:20.284,11458,11459,11458,4,-4
2020-06-30 15:53:22.387,11457,11458,11458,2,2
2020-06-30 15:53:22.387,11457,11458,11458,2,2
2020-06-30 15:53:26.587,11458,11459,11459,1,1
2020-06-30 15:53:26.761,11458,11459,11459,1,1
2020-06-30 15:53:28.644,11458,11459,11458,1,-1
2020-06-30 15:53:32.191,11457,11459,11457,1,-1
2020-06-30 15:53:41.291,11458,11459,11458,1,1
2020-06-30 15:53:47.189,11458,11459,11459,1,1
2020-06-30 15:53:52.071,11458,11459,11458,2,-2
2020-06-30 15:53:52.071,11458,11459,11458,2,-2
2020-06-30 15:53:53.627,11457,11458,11457,2,-2
2020-06-30 15:54:07.520,11457,11458,11457,1,-1
2020-06-30 15:54:07.888,11457,11458,11457,1,-1
2020-06-30 15:54:08.019,11457,11458,11457,1,-1
2020-06-30 15:54:08.023,11457,11458,11457,1,-1
2020-06-30 15:54:08.028,11457,11458,11457,1,-1
2020-06-30 15:54:08.236,11457,11458,11457,1,-1
2020-06-30 15:54:08.273,11457,11458,11457,1,-1
2020-06-30 15:54:08.991,11457,11458,11457,1,-1
2020-06-30 15:54:08.994,11457,11458,11457,1,-1
2020-06-30 15:54:09.640,11457,11458,11458,1,1
2020-06-30 15:54:15.670,11458,11459,11459,1,1
2020-06-30 15:54:15.694,11458,11459,11459,3,3
2020-06-30 15:54:15.694,11458,11459,11459,2,2
2020-06-30 15:54:15.694,11458,11459,11459,3,3
2020-06-30 15:54:15.695,11458,11459,11459,1,1
2020-06-30 15:54:15.760,11459,11460,11460,2,2
2020-06-30 15:54:15.786,11459,11460,11460,2,2
2020-06-30 15:54:16.820,11458,11460,11458,1,-1
2020-06-30 15:54:23.305,11459,11460,11459,1,1
2020-06-30 15:54:28.985,11459,11460,11459,1,-1
2020-06-30 15:54:32.719,11459,11460,11460,22,22
2020-06-30 15:54:32.719,11459,11460,11460,2,2
2020-06-30 15:54:32.719,11459,11460,11460,2,2
2020-06-30 15:54:32.998,11460,11461,11460,2,-2
2020-06-30 15:54:33.058,11460,11461,11460,2,-2
2020-06-30 15:54:33.059,11460,11461,11460,2,-2
2020-06-30 15:54:33.059,11460,11461,11460,1,-1
2020-06-30 15:54:33.871,11459,11461,11459,1,-1
2020-06-30 15:54:35.455,11459,11461,11459,1,-1
2020-06-30 15:54:53.356,11459,11460,11460,3,3
2020-06-30 15:54:58.398,11460,11461,11461,1,1
2020-06-30 15:54:58.398,11460,11461,11461,3,3
2020-06-30 15:54:58.399,11460,11461,11461,1,1
2020-06-30 15:54:58.399,11460,11461,11461,5,5
2020-06-30 15:54:58.399,11460,11461,11461,5,5
2020-06-30 15:54:58.399,11460,11461,11461,1,1
2020-06-30 15:54:58.399,11460,11461,11461,2,2
2020-06-30 15:54:58.558,11461,11462,11462,1,1
2020-06-30 15:54:58.559,11461,11462,11462,4,4
2020-06-30 15:54:58.610,11461,11462,11462,1,1
2020-06-30 15:54:58.951,11461,11462,11462,1,1
2020-06-30 15:54:59.156,11461,11462,11462,1,1
2020-06-30 15:55:01.274,11461,11462,11461,1,-1
2020-06-30 15:55:01.919,11461,11462,11461,1,-1
2020-06-30 15:55:03.966,11461,11462,11462,1,1
2020-06-30 15:55:04.546,11461,11462,11462,1,1
2020-06-30 15:55:05.503,11461,11462,11462,1,1
2020-06-30 15:55:06.104,11461,11462,11462,1,1
2020-06-30 15:55:07.465,11461,11462,11462,8,8
2020-06-30 15:55:07.671,11462,11463,11462,4,-4
2020-06-30 15:55:09.483,11462,11463,11463,1,1
2020-06-30 15:55:11.430,11462,11463,11463,1,1
2020-06-30 15:55:11.557,11462,11463,11463,1,1
2020-06-30 15:55:12.577,11462,11463,11463,2,2
2020-06-30 15:55:12.609,11462,11463,11463,3,3
2020-06-30 15:55:12.738,11462,11463,11462,2,-2
2020-06-30 15:55:13.496,11462,11463,11463,1,1
2020-06-30 15:55:14.753,11462,11463,11463,7,7
2020-06-30 15:55:14.938,11463,11464,11463,4,-4
2020-06-30 15:55:16.956,11462,11463,11463,1,1
2020-06-30 15:55:17.655,11462,11463,11462,1,-1
2020-06-30 15:55:17.656,11462,11463,11462,1,-1
2020-06-30 15:55:17.656,11462,11463,11462,5,-5
2020-06-30 15:55:17.656,11462,11463,11462,2,-2
2020-06-30 15:55:19.047,11461,11462,11461,2,-2
2020-06-30 15:55:19.047,11461,11462,11461,3,-3
2020-06-30 15:55:20.209,11460,11462,11462,4,4
2020-06-30 15:55:20.718,11460,11462,11462,2,2
2020-06-30 15:55:22.683,11461,11462,11462,1,1
2020-06-30 15:55:24.057,11462,11463,11462,1,-1
2020-06-30 15:55:24.947,11461,11462,11462,1,1
2020-06-30 15:55:27.386,11462,11463,11462,1,-1
2020-06-30 15:55:27.819,11462,11463,11462,1,-1
2020-06-30 15:55:27.986,11461,11462,11462,1,1
2020-06-30 15:55:30.158,11462,11463,11462,2,-2
2020-06-30 15:55:32.100,11461,11462,11462,1,1
2020-06-30 15:55:33.137,11461,11462,11462,1,1
2020-06-30 15:55:35.263,11461,11462,11462,1,1
2020-06-30 15:55:35.778,11461,11462,11461,1,-1
2020-06-30 15:55:38.557,11461,11462,11461,1,-1
2020-06-30 15:55:49.896,11461,11462,11462,5,5
2020-06-30 15:55:50.937,11461,11462,11461,1,-1
2020-06-30 15:55:55.113,11461,11462,11461,1,-1
2020-06-30 15:56:02.960,11461,11462,11462,26,26
2020-06-30 15:56:02.960,11461,11462,11463,9,9
2020-06-30 15:56:06.350,11461,11462,11462,4,4
2020-06-30 15:56:06.350,11461,11462,11463,1,1
2020-06-30 15:56:07.080,11461,11463,11463,1,1
2020-06-30 15:56:08.903,11461,11463,11463,1,1
2020-06-30 15:56:11.965,11462,11463,11463,1,1
2020-06-30 15:56:12.558,11462,11463,11462,2,-2
2020-06-30 15:56:19.054,11462,11463,11462,8,-8
2020-06-30 15:56:19.831,11461,11462,11462,1,1
2020-06-30 15:56:27.520,11462,11463,11462,1,-1
2020-06-30 15:56:28.636,11462,11463,11463,5,5
2020-06-30 15:56:35.549,11462,11463,11462,8,-8
2020-06-30 15:56:35.726,11461,11462,11461,1,-1
2020-06-30 15:56:38.545,11461,11462,11462,1,1
2020-06-30 15:56:40.408,11461,11462,11461,2,-2
2020-06-30 15:56:40.408,11461,11462,11461,2,-2
2020-06-30 15:56:40.408,11461,11462,11461,2,-2
2020-06-30 15:56:41.735,11460,11461,11460,1,-1
2020-06-30 15:56:56.093,11460,11461,11461,1,1
2020-06-30 15:57:00.012,11460,11461,11460,1,-1
2020-06-30 15:57:02.392,11460,11461,11461,10,10
2020-06-30 15:57:05.214,11460,11461,11461,1,1
2020-06-30 15:57:14.691,11461,11462,11461,2,-2
2020-06-30 15:57:25.679,11461,11462,11461,1,-1
2020-06-30 15:57:38.238,11461,11462,11461,1,-1
2020-06-30 15:57:52.737,11460,11461,11461,1,1
2020-06-30 15:57:52.752,11460,11461,11461,4,4
2020-06-30 15:57:56.028,11460,11461,11461,1,1
2020-06-30 15:57:56.131,11460,11461,11461,1,1
2020-06-30 15:57:59.043,11460,11461,11461,1,1
2020-06-30 15:58:00.745,11461,11462,11461,1,-1
2020-06-30 15:58:02.113,11461,11462,11462,1,1
2020-06-30 15:58:23.354,11461,11462,11462,1,1
2020-06-30 15:58:23.376,11461,11462,11462,1,1
2020-06-30 15:58:23.380,11461,11462,11462,1,1
2020-06-30 15:58:23.382,11461,11462,11462,1,1
2020-06-30 15:58:24.634,11461,11462,11462,1,1
2020-06-30 15:58:33.145,11461,11462,11461,2,-2
2020-06-30 15:58:37.988,11460,11461,11461,1,1
2020-06-30 15:58:53.800,11460,11461,11461,2,2
2020-06-30 15:59:01.730,11460,11461,11461,1,1
2020-06-30 15:59:03.820,11460,11461,11461,1,1
2020-06-30 15:59:11.208,11460,11461,11461,2,2
2020-06-30 15:59:33.781,11460,11461,11460,7,-7
2020-06-30 15:59:38.353,11460,11461,11460,1,-1
2020-06-30 15:59:45.720,11460,11461,11460,10,-10
2020-06-30 15:59:49.810,11460,11461,11460,10,-10
2020-06-30 15:59:54.831,11459,11460,11460,1,1
2020-06-30 15:59:54.832,11459,11460,11460,1,1
2020-06-30 16:00:20.494,11459,11460,11459,1,-1
2020-06-30 16:00:20.819,11459,11460,11459,3,-3
2020-06-30 16:00:20.819,11459,11460,11458,3,-3
2020-06-30 16:00:20.978,11458,11460,11460,1,1
2020-06-30 16:00:21.600,11458,11460,11458,1,-1
2020-06-30 16:00:26.863,11458,11459,11458,2,-2
2020-06-30 16:00:33.554,11458,11459,11459,1,1
2020-06-30 16:00:38.495,11458,11459,11459,1,1
2020-06-30 16:00:42.975,11459,11460,11460,1,1
2020-06-30 16:00:42.975,11459,11460,11460,1,1
2020-06-30 16:00:42.976,11459,11460,11460,1,1
2020-06-30 16:00:42.976,11459,11460,11460,1,1
2020-06-30 16:00:48.701,11459,11460,11460,1,1
2020-06-30 16:01:00.524,11460,11461,11460,1,-1
2020-06-30 16:01:00.524,11460,11461,11460,1,-1
2020-06-30 16:01:02.601,11460,11461,11461,2,2
2020-06-30 16:01:07.694,11460,11461,11460,1,-1
2020-06-30 16:01:09.884,11460,11461,11460,1,-1
2020-06-30 16:01:09.884,11460,11461,11460,4,-4
2020-06-30 16:01:09.884,11460,11461,11460,1,-1
2020-06-30 16:01:09.884,11460,11461,11460,2,-2
2020-06-30 16:01:21.130,11460,11461,11460,1,-1
2020-06-30 16:01:21.277,11460,11461,11461,1,1
2020-06-30 16:01:22.729,11460,11461,11460,1,-1
2020-06-30 16:01:29.986,11460,11461,11460,1,-1
2020-06-30 16:01:31.320,11459,11460,11460,1,1
2020-06-30 16:01:46.435,11460,11461,11460,2,-2
2020-06-30 16:01:54.615,11460,11461,11460,1,-1
2020-06-30 16:01:58.233,11460,11461,11460,1,-1
2020-06-30 16:02:02.407,11459,11460,11459,4,-4
2020-06-30 16:02:10.025,11459,11460,11460,1,1
2020-06-30 16:02:10.564,11460,11461,11460,1,-1
2020-06-30 16:02:19.406,11459,11460,11460,2,2
2020-06-30 16:02:20.245,11460,11461,11460,5,-5
2020-06-30 16:02:34.982,11460,11461,11460,1,-1
2020-06-30 16:02:41.247,11459,11460,11460,1,1
2020-06-30 16:02:42.684,11460,11461,11460,1,-1
2020-06-30 16:02:51.573,11460,11461,11460,4,-4
2020-06-30 16:02:56.589,11459,11460,11460,7,7
2020-06-30 16:03:02.445,11460,11461,11461,7,7
2020-06-30 16:03:02.594,11460,11462,11462,3,3
2020-06-30 16:03:04.221,11460,11462,11462,1,1
2020-06-30 16:03:04.261,11460,11462,11462,1,1
2020-06-30 16:03:04.432,11460,11462,11462,1,1
2020-06-30 16:03:04.433,11460,11462,11462,18,18
2020-06-30 16:03:04.448,11460,11462,11462,2,2
2020-06-30 16:03:04.459,11460,11462,11463,1,1
2020-06-30 16:03:04.632,11462,11463,11463,1,1
2020-06-30 16:03:04.722,11462,11463,11463,2,2
2020-06-30 16:03:04.822,11462,11463,11462,2,-2
2020-06-30 16:03:11.059,11462,11463,11462,1,-1
2020-06-30 16:03:25.013,11462,11463,11463,1,1
2020-06-30 16:03:26.417,11462,11463,11462,1,-1
2020-06-30 16:03:28.149,11462,11463,11462,1,-1
2020-06-30 16:03:29.392,11462,11463,11463,2,2
2020-06-30 16:03:39.960,11462,11463,11462,1,-1
2020-06-30 16:03:39.960,11462,11463,11462,1,-1
2020-06-30 16:03:41.823,11462,11463,11462,2,-2
2020-06-30 16:03:49.427,11462,11463,11462,2,-2
2020-06-30 16:03:54.458,11460,11461,11461,1,1
2020-06-30 16:03:56.352,11461,11462,11461,4,-4
2020-06-30 16:04:07.658,11460,11461,11460,1,-1
2020-06-30 16:04:08.710,11460,11461,11460,1,-1
2020-06-30 16:04:11.464,11460,11461,11460,2,-2
2020-06-30 16:04:11.882,11459,11460,11459,1,-1
2020-06-30 16:04:15.897,11459,11460,11459,1,-1
2020-06-30 16:04:16.434,11459,11460,11459,1,-1
2020-06-30 16:04:22.432,11459,11460,11460,1,1
2020-06-30 16:04:39.970,11459,11460,11460,1,1
2020-06-30 16:04:39.970,11459,11460,11460,1,1
2020-06-30 16:04:43.675,11459,11461,11461,1,1
2020-06-30 16:04:50.267,11460,11461,11460,1,-1
2020-06-30 16:04:52.269,11459,11460,11459,1,-1
2020-06-30 16:04:52.288,11459,11460,11459,1,-1
2020-06-30 16:04:55.289,11459,11460,11459,2,-2
2020-06-30 16:05:02.255,11459,11460,11459,5,-5
2020-06-30 16:05:04.195,11459,11460,11459,1,-1
2020-06-30 16:05:11.884,11459,11460,11459,1,-1
2020-06-30 16:05:11.999,11459,11460,11459,1,-1
2020-06-30 16:05:31.387,11459,11460,11459,2,-2
2020-06-30 16:05:31.387,11459,11460,11459,2,-2
2020-06-30 16:05:37.797,11458,11459,11458,2,-2
2020-06-30 16:05:37.797,11458,11459,11458,4,-4
2020-06-30 16:05:43.786,11457,11458,11457,2,-2
2020-06-30 16:05:43.786,11457,11458,11457,2,-2
2020-06-30 16:05:44.972,11456,11457,11457,1,1
2020-06-30 16:05:47.403,11456,11457,11456,15,-15
2020-06-30 16:05:49.630,11455,11456,11455,2,-2
2020-06-30 16:05:49.631,11455,11456,11455,1,-1
2020-06-30 16:05:49.631,11455,11456,11455,1,-1
2020-06-30 16:05:49.631,11455,11456,11455,8,-8
2020-06-30 16:05:49.631,11455,11456,11455,2,-2
2020-06-30 16:05:49.631,11455,11456,11455,5,-5
2020-06-30 16:05:51.125,11454,11455,11454,2,-2
2020-06-30 16:05:51.572,11454,11455,11455,1,1
2020-06-30 16:05:51.991,11454,11455,11454,1,-1
2020-06-30 16:05:53.398,11454,11455,11454,1,-1
2020-06-30 16:05:55.547,11453,11454,11453,1,-1
2020-06-30 16:05:56.162,11453,11454,11453,19,-19
2020-06-30 16:05:56.322,11452,11453,11453,1,1
2020-06-30 16:05:57.865,11452,11453,11452,1,-1
2020-06-30 16:05:58.327,11452,11453,11452,3,-3
2020-06-30 16:05:58.327,11452,11453,11452,4,-4
2020-06-30 16:05:58.555,11452,11453,11452,1,-1
2020-06-30 16:05:58.555,11452,11453,11452,1,-1
2020-06-30 16:05:58.575,11452,11453,11452,5,-5
2020-06-30 16:05:58.576,11452,11453,11452,9,-9
2020-06-30 16:05:58.576,11452,11453,11452,9,-9
2020-06-30 16:05:59.728,11451,11452,11451,1,-1
2020-06-30 16:05:59.770,11451,11452,11451,1,-1
2020-06-30 16:06:00.149,11451,11452,11451,1,-1
2020-06-30 16:06:02.026,11451,11452,11451,3,-3
2020-06-30 16:06:06.452,11451,11452,11452,1,1
2020-06-30 16:06:06.452,11451,11452,11451,1,-1
2020-06-30 16:06:12.538,11451,11452,11452,5,5
2020-06-30 16:06:12.538,11451,11452,11452,8,8
2020-06-30 16:06:14.612,11451,11452,11452,2,2
2020-06-30 16:06:16.152,11452,11453,11452,2,-2
2020-06-30 16:06:17.638,11452,11453,11453,1,1
2020-06-30 16:06:17.804,11452,11454,11454,1,1
2020-06-30 16:06:17.989,11452,11454,11452,2,-2
2020-06-30 16:06:23.427,11453,11454,11454,3,3
2020-06-30 16:06:23.433,11453,11454,11454,1,1
2020-06-30 16:06:24.611,11452,11454,11452,1,-1
2020-06-30 16:06:26.314,11453,11454,11453,1,1
2020-06-30 16:06:26.996,11453,11454,11453,1,-1
2020-06-30 16:06:30.969,11453,11454,11453,2,-2
2020-06-30 16:06:35.613,11452,11453,11453,1,1
2020-06-30 16:06:35.731,11452,11453,11453,1,1
2020-06-30 16:06:35.781,11452,11454,11452,1,-1
2020-06-30 16:06:36.422,11452,11454,11454,1,1
2020-06-30 16:06:36.668,11452,11454,11452,6,-6
2020-06-30 16:06:43.106,11453,11454,11454,1,1
2020-06-30 16:06:44.074,11453,11454,11453,1,-1
2020-06-30 16:06:47.681,11453,11454,11453,2,-2
2020-06-30 16:06:52.623,11452,11453,11452,2,-2
2020-06-30 16:06:52.624,11452,11453,11452,1,-1
2020-06-30 16:06:54.716,11452,11453,11453,1,1
2020-06-30 16:06:54.941,11452,11453,11452,1,-1
2020-06-30 16:06:54.975,11452,11453,11453,1,1
2020-06-30 16:06:54.975,11452,11453,11454,1,1
2020-06-30 16:06:56.218,11452,11454,11452,1,-1
2020-06-30 16:06:57.920,11452,11453,11452,2,-2
2020-06-30 16:07:02.301,11452,11453,11452,1,-1
2020-06-30 16:07:02.316,11452,11453,11453,1,1
2020-06-30 16:07:06.858,11452,11453,11452,1,-1
2020-06-30 16:07:07.093,11452,11453,11452,1,-1
2020-06-30 16:07:14.247,11452,11453,11453,2,2
2020-06-30 16:07:14.473,11453,11454,11453,2,-2
2020-06-30 16:07:15.925,11452,11453,11453,5,5
2020-06-30 16:07:16.603,11453,11454,11453,1,-1
2020-06-30 16:07:32.256,11453,11454,11454,2,2
2020-06-30 16:07:32.256,11453,11454,11454,5,5
2020-06-30 16:07:32.256,11453,11454,11454,1,1
2020-06-30 16:07:37.632,11453,11454,11454,1,1
2020-06-30 16:07:38.933,11453,11455,11455,1,1
2020-06-30 16:07:49.032,11454,11455,11454,1,-1
2020-06-30 16:07:53.989,11453,11454,11454,1,1
2020-06-30 16:07:58.264,11453,11454,11454,1,1
2020-06-30 16:08:09.637,11454,11455,11454,1,-1
2020-06-30 16:08:17.419,11453,11454,11454,1,1
2020-06-30 16:08:18.924,11454,11455,11454,1,-1
2020-06-30 16:08:21.778,11453,11454,11454,1,1
2020-06-30 16:08:26.870,11454,11455,11454,1,-1
2020-06-30 16:08:30.186,11454,11455,11455,2,2
2020-06-30 16:08:30.187,11454,11455,11455,1,1
2020-06-30 16:08:30.187,11454,11455,11455,9,9
2020-06-30 16:08:30.187,11454,11455,11455,1,1
2020-06-30 16:08:30.187,11454,11455,11455,4,4
2020-06-30 16:08:30.187,11454,11455,11455,4,4
2020-06-30 16:08:30.187,11454,11455,11455,2,2
2020-06-30 16:08:30.187,11454,11455,11455,4,4
2020-06-30 16:08:30.187,11454,11455,11455,22,22
2020-06-30 16:08:30.187,11454,11455,11455,6,6
2020-06-30 16:08:30.187,11454,11455,11455,1,1
2020-06-30 16:08:30.187,11454,11455,11455,1,1
2020-06-30 16:08:30.187,11454,11455,11455,1,1
2020-06-30 16:08:30.236,11454,11455,11456,1,1
2020-06-30 16:08:30.278,11455,11456,11456,1,1
2020-06-30 16:08:30.345,11455,11456,11456,2,2
2020-06-30 16:08:56.803,11454,11455,11455,1,1
2020-06-30 16:08:56.942,11455,11456,11455,1,-1
2020-06-30 16:09:05.564,11455,11456,11456,3,3
2020-06-30 16:09:05.564,11455,11456,11456,2,2
2020-06-30 16:09:05.564,11455,11456,11456,2,2
2020-06-30 16:09:06.441,11455,11457,11456,1,-1
2020-06-30 16:09:17.158,11455,11456,11455,3,-3
2020-06-30 16:09:24.231,11455,11456,11456,1,1
2020-06-30 16:09:25.399,11455,11456,11455,2,-2
2020-06-30 16:09:26.425,11454,11455,11454,2,-2
2020-06-30 16:09:29.180,11454,11455,11455,1,1
2020-06-30 16:09:30.721,11454,11455,11454,1,-1
2020-06-30 16:09:30.722,11454,11455,11454,6,-6
2020-06-30 16:09:30.722,11454,11455,11454,2,-2
2020-06-30 16:09:30.747,11453,11454,11454,2,2
2020-06-30 16:09:30.798,11453,11454,11454,1,1
2020-06-30 16:09:43.130,11454,11455,11455,1,1
2020-06-30 16:09:55.057,11455,11456,11455,1,-1
2020-06-30 16:09:55.057,11455,11456,11455,2,-2
2020-06-30 16:09:55.057,11455,11456,11455,1,-1
2020-06-30 16:09:58.176,11454,11455,11455,1,1
2020-06-30 16:10:02.239,11454,11455,11454,2,-2
2020-06-30 16:10:02.795,11454,11455,11454,2,-2
2020-06-30 16:10:02.795,11454,11455,11454,1,-1
2020-06-30 16:10:03.341,11454,11455,11454,1,-1
2020-06-30 16:10:03.341,11454,11455,11453,1,-1
2020-06-30 16:10:03.342,11454,11455,11454,1,1
2020-06-30 16:10:03.368,11454,11455,11454,1,-1
2020-06-30 16:10:03.472,11453,11455,11454,1,-1
2020-06-30 16:10:16.233,11453,11454,11454,1,1
2020-06-30 16:10:16.554,11453,11454,11453,1,-1
2020-06-30 16:10:17.861,11453,11454,11453,3,-3
2020-06-30 16:10:21.429,11453,11454,11453,1,-1
2020-06-30 16:10:25.328,11452,11453,11452,1,-1
2020-06-30 16:10:25.544,11452,11453,11452,2,-2
2020-06-30 16:10:25.545,11452,11453,11452,2,-2
2020-06-30 16:10:28.188,11451,11453,11453,1,1
2020-06-30 16:10:29.043,11451,11453,11451,1,-1
2020-06-30 16:10:31.836,11451,11452,11452,1,1
2020-06-30 16:10:33.463,11451,11452,11452,2,2
2020-06-30 16:10:33.463,11451,11452,11452,1,1
2020-06-30 16:10:33.463,11451,11452,11452,1,1
2020-06-30 16:10:41.534,11452,11453,11453,1,1
2020-06-30 16:10:44.143,11452,11453,11453,1,1
2020-06-30 16:10:47.283,11453,11454,11454,3,3
2020-06-30 16:10:49.160,11453,11454,11453,1,-1
2020-06-30 16:10:49.160,11453,11454,11452,1,-1
2020-06-30 16:10:59.419,11452,11453,11453,3,3
2020-06-30 16:11:04.605,11452,11453,11453,3,3
2020-06-30 16:11:19.275,11452,11453,11453,1,1
2020-06-30 16:11:23.644,11452,11453,11452,13,-13
2020-06-30 16:11:40.394,11451,11452,11452,1,1
2020-06-30 16:11:49.060,11451,11452,11452,1,1
2020-06-30 16:11:52.810,11451,11452,11451,1,-1
2020-06-30 16:11:54.193,11451,11452,11452,2,2
2020-06-30 16:11:54.750,11451,11453,11451,1,-1
2020-06-30 16:12:01.645,11452,11453,11452,1,1
2020-06-30 16:12:02.288,11452,11453,11453,1,1
2020-06-30 16:12:02.537,11452,11453,11452,1,-1
2020-06-30 16:12:03.705,11452,11453,11452,1,-1
2020-06-30 16:12:10.520,11452,11453,11452,1,-1
2020-06-30 16:12:12.337,11452,11453,11452,1,-1
2020-06-30 16:12:15.222,11452,11453,11452,1,-1
2020-06-30 16:12:21.733,11452,11453,11452,1,-1
2020-06-30 16:12:26.525,11452,11453,11453,2,2
2020-06-30 16:12:26.525,11452,11453,11453,2,2
2020-06-30 16:12:31.659,11452,11453,11453,1,1
2020-06-30 16:12:39.768,11453,11454,11453,1,-1
2020-06-30 16:12:54.965,11453,11454,11453,1,-1
2020-06-30 16:13:02.186,11452,11453,11452,6,-6
2020-06-30 16:13:07.075,11452,11453,11452,1,-1
2020-06-30 16:13:21.807,11452,11453,11452,1,-1
2020-06-30 16:13:36.920,11452,11453,11452,1,-1
2020-06-30 16:13:38.892,11452,11453,11453,2,2
2020-06-30 16:13:54.170,11453,11454,11453,1,-1
2020-06-30 16:14:02.334,11453,11454,11453,1,-1
2020-06-30 16:14:03.941,11453,11454,11454,2,2
2020-06-30 16:14:03.941,11453,11454,11454,4,4
2020-06-30 16:14:03.941,11453,11454,11454,4,4
2020-06-30 16:14:27.559,11453,11454,11454,1,1
2020-06-30 16:14:27.746,11454,11455,11455,3,3
2020-06-30 16:14:42.762,11454,11455,11455,5,5
2020-06-30 16:14:42.763,11454,11455,11455,3,3
2020-06-30 16:14:42.971,11455,11456,11455,1,-1
2020-06-30 16:15:01.121,11454,11455,11455,1,1
2020-06-30 16:15:01.489,11454,11455,11454,1,-1
2020-06-30 16:15:01.642,11454,11455,11455,2,2
2020-06-30 16:15:01.643,11454,11455,11455,1,1
2020-06-30 16:15:01.643,11454,11455,11456,1,1
2020-06-30 16:15:01.650,11454,11455,11456,2,2
2020-06-30 16:15:01.657,11454,11455,11456,1,1
2020-06-30 16:15:01.676,11454,11455,11456,1,1
2020-06-30 16:15:01.774,11454,11456,11456,1,1
2020-06-30 16:15:02.639,11454,11456,11454,6,-6
2020-06-30 16:15:03.726,11453,11455,11455,1,1
2020-06-30 16:15:51.155,11453,11454,11453,3,-3
2020-06-30 16:15:54.157,11453,11454,11453,1,-1
2020-06-30 16:15:57.791,11453,11454,11453,3,-3
2020-06-30 16:15:59.665,11453,11454,11453,1,-1
2020-06-30 16:16:00.085,11453,11454,11453,1,-1
2020-06-30 16:16:00.333,11453,11454,11453,1,-1
