2021-03-17 15:00:00.013,16159,16160,16160,87,87
2021-03-17 15:00:00.112,16159,16160,16160,3,3
2021-03-17 15:00:00.133,16159,16160,16159,1,-1
2021-03-17 15:00:00.139,16159,16160,16159,1,-1
2021-03-17 15:00:00.148,16159,16160,16159,5,-5
2021-03-17 15:00:00.148,16159,16160,16159,1,-1
2021-03-17 15:00:00.155,16159,16160,16159,1,-1
2021-03-17 15:00:00.158,16159,16160,16159,1,-1
2021-03-17 15:00:00.158,16159,16160,16158,1,-1
2021-03-17 15:00:00.174,16159,16160,16158,1,-1
2021-03-17 15:00:00.193,16159,16160,16160,2,2
2021-03-17 15:00:00.248,16159,16160,16158,1,-1
2021-03-17 15:00:00.303,16158,16160,16158,3,-3
2021-03-17 15:00:00.306,16158,16160,16158,1,-1
2021-03-17 15:00:00.307,16158,16160,16158,2,-2
2021-03-17 15:00:00.321,16158,16160,16158,1,-1
2021-03-17 15:00:00.322,16158,16160,16160,3,3
2021-03-17 15:00:00.326,16158,16160,16158,1,-1
2021-03-17 15:00:00.326,16158,16160,16157,1,-1
2021-03-17 15:00:00.331,16158,16160,16157,1,-1
2021-03-17 15:00:00.338,16158,16160,16156,1,-1
2021-03-17 15:00:00.421,16156,16160,16160,2,2
2021-03-17 15:00:00.430,16156,16160,16160,1,1
2021-03-17 15:00:00.454,16156,16160,16156,1,-1
2021-03-17 15:00:00.454,16156,16160,16155,3,-3
2021-03-17 15:00:00.459,16156,16160,16154,1,-1
2021-03-17 15:00:00.462,16156,16160,16160,1,1
2021-03-17 15:00:00.464,16156,16160,16154,2,-2
2021-03-17 15:00:00.468,16156,16160,16160,1,1
2021-03-17 15:00:00.482,16156,16160,16156,2,-2
2021-03-17 15:00:00.493,16156,16160,16155,1,-1
2021-03-17 15:00:00.516,16154,16155,16154,2,-2
2021-03-17 15:00:00.516,16154,16155,16155,3,3
2021-03-17 15:00:00.528,16154,16155,16160,1,1
2021-03-17 15:00:00.529,16154,16155,16160,1,1
2021-03-17 15:00:00.529,16154,16155,16161,1,1
2021-03-17 15:00:00.530,16154,16155,16161,1,1
2021-03-17 15:00:00.542,16154,16155,16154,1,-1
2021-03-17 15:00:00.557,16154,16155,16153,1,-1
2021-03-17 15:00:00.590,16154,16155,16153,3,-3
2021-03-17 15:00:00.590,16154,16155,16152,1,-1
2021-03-17 15:00:00.617,16154,16155,16152,1,-1
2021-03-17 15:00:00.619,16154,16155,16161,2,2
2021-03-17 15:00:00.665,16152,16161,16152,3,-3
2021-03-17 15:00:00.677,16152,16161,16161,1,1
2021-03-17 15:00:00.678,16152,16161,16151,1,-1
2021-03-17 15:00:00.691,16152,16161,16152,1,1
2021-03-17 15:00:00.724,16152,16161,16160,1,1
2021-03-17 15:00:00.724,16152,16161,16161,1,1
2021-03-17 15:00:00.752,16152,16161,16153,4,-4
2021-03-17 15:00:00.765,16152,16158,16152,1,-1
2021-03-17 15:00:00.776,16152,16158,16158,1,1
2021-03-17 15:00:00.794,16152,16158,16152,1,-1
2021-03-17 15:00:00.800,16152,16158,16158,1,1
2021-03-17 15:00:00.808,16152,16158,16152,1,-1
2021-03-17 15:00:00.814,16152,16158,16153,1,1
2021-03-17 15:00:00.825,16152,16158,16158,1,1
2021-03-17 15:00:00.827,16152,16158,16153,1,-1
2021-03-17 15:00:00.860,16152,16158,16153,1,-1
2021-03-17 15:00:00.877,16152,16158,16152,1,-1
2021-03-17 15:00:00.880,16152,16158,16151,6,-6
2021-03-17 15:00:00.888,16150,16158,16150,1,-1
2021-03-17 15:00:00.892,16150,16158,16158,1,1
2021-03-17 15:00:00.925,16150,16158,16151,1,-1
2021-03-17 15:00:00.956,16150,16158,16150,1,-1
2021-03-17 15:00:01.044,16154,16158,16154,1,1
2021-03-17 15:00:01.046,16154,16158,16150,2,-2
2021-03-17 15:00:01.209,16156,16159,16158,1,1
2021-03-17 15:00:01.290,16156,16159,16159,1,1
2021-03-17 15:00:01.307,16156,16159,16155,2,-2
2021-03-17 15:00:01.324,16156,16159,16159,1,1
2021-03-17 15:00:01.389,16155,16159,16155,1,-1
2021-03-17 15:00:01.508,16155,16159,16158,1,1
2021-03-17 15:00:01.508,16155,16159,16159,1,1
2021-03-17 15:00:01.558,16155,16159,16159,2,2
2021-03-17 15:00:01.590,16155,16159,16155,1,-1
2021-03-17 15:00:01.788,16155,16159,16155,1,-1
2021-03-17 15:00:01.871,16155,16159,16153,1,-1
2021-03-17 15:00:01.921,16152,16159,16152,1,-1
2021-03-17 15:00:02.184,16151,16157,16151,1,-1
2021-03-17 15:00:02.184,16151,16157,16150,1,-1
2021-03-17 15:00:02.184,16151,16157,16150,1,-1
2021-03-17 15:00:02.223,16151,16157,16150,2,-2
2021-03-17 15:00:02.231,16151,16157,16157,1,1
2021-03-17 15:00:02.510,16150,16157,16157,1,1
2021-03-17 15:00:02.672,16154,16158,16154,1,-1
2021-03-17 15:00:02.815,16155,16158,16156,1,1
2021-03-17 15:00:02.815,16155,16158,16155,1,-1
2021-03-17 15:00:02.883,16155,16158,16155,1,-1
2021-03-17 15:00:02.883,16155,16158,16154,2,-2
2021-03-17 15:00:02.915,16150,16157,16150,1,-1
2021-03-17 15:00:02.928,16150,16157,16150,1,-1
2021-03-17 15:00:03.039,16150,16156,16150,1,-1
2021-03-17 15:00:03.187,16150,16155,16155,2,2
2021-03-17 15:00:03.187,16150,16155,16156,2,2
2021-03-17 15:00:03.308,16154,16157,16154,1,-1
2021-03-17 15:00:03.336,16154,16157,16153,1,-1
2021-03-17 15:00:03.358,16154,16157,16157,1,1
2021-03-17 15:00:03.363,16154,16157,16154,1,-1
2021-03-17 15:00:03.363,16154,16157,16153,1,-1
2021-03-17 15:00:03.399,16153,16157,16153,1,-1
2021-03-17 15:00:03.480,16153,16157,16152,2,-2
2021-03-17 15:00:03.553,16152,16157,16152,1,-1
2021-03-17 15:00:03.597,16152,16157,16152,1,-1
2021-03-17 15:00:03.635,16152,16157,16151,1,-1
2021-03-17 15:00:03.641,16151,16157,16155,1,1
2021-03-17 15:00:03.739,16151,16157,16151,1,-1
2021-03-17 15:00:03.823,16150,16157,16150,1,-1
2021-03-17 15:00:03.856,16150,16157,16150,1,-1
2021-03-17 15:00:03.886,16150,16157,16150,1,-1
2021-03-17 15:00:03.925,16150,16157,16150,1,-1
2021-03-17 15:00:03.968,16150,16157,16150,1,-1
2021-03-17 15:00:03.968,16150,16157,16149,1,-1
2021-03-17 15:00:04.067,16149,16157,16149,1,-1
2021-03-17 15:00:04.118,16149,16157,16149,1,-1
2021-03-17 15:00:04.152,16148,16156,16156,1,1
2021-03-17 15:00:04.216,16148,16156,16149,1,-1
2021-03-17 15:00:04.260,16148,16156,16156,1,1
2021-03-17 15:00:04.260,16148,16156,16157,2,2
2021-03-17 15:00:04.316,16149,16157,16156,1,-1
2021-03-17 15:00:04.316,16149,16157,16157,2,2
2021-03-17 15:00:04.316,16149,16157,16158,2,2
2021-03-17 15:00:04.321,16149,16157,16149,1,-1
2021-03-17 15:00:04.353,16149,16157,16154,1,1
2021-03-17 15:00:04.353,16149,16157,16155,1,1
2021-03-17 15:00:04.353,16149,16157,16157,2,2
2021-03-17 15:00:04.363,16149,16157,16158,2,2
2021-03-17 15:00:04.363,16149,16157,16159,3,3
2021-03-17 15:00:04.413,16150,16159,16159,1,1
2021-03-17 15:00:04.844,16150,16159,16150,1,-1
2021-03-17 15:00:05.868,16155,16159,16158,1,1
2021-03-17 15:00:05.881,16155,16159,16155,1,-1
2021-03-17 15:00:05.881,16155,16159,16153,1,-1
2021-03-17 15:00:07.013,16156,16157,16156,1,1
2021-03-17 15:00:07.747,16155,16157,16155,1,-1
2021-03-17 15:00:07.812,16155,16157,16157,1,1
2021-03-17 15:00:08.344,16156,16159,16159,7,7
2021-03-17 15:00:08.407,16158,16161,16158,1,-1
2021-03-17 15:00:08.407,16158,16161,16157,2,-2
2021-03-17 15:00:08.409,16158,16161,16157,4,-4
2021-03-17 15:00:08.462,16158,16161,16159,1,1
2021-03-17 15:00:08.514,16157,16161,16157,1,-1
2021-03-17 15:00:08.708,16158,16160,16160,1,1
2021-03-17 15:00:08.963,16158,16160,16158,1,-1
2021-03-17 15:00:09.290,16158,16161,16161,1,1
2021-03-17 15:00:09.305,16158,16161,16161,1,1
2021-03-17 15:00:09.438,16159,16162,16162,4,4
2021-03-17 15:00:09.438,16159,16162,16163,2,2
2021-03-17 15:00:09.438,16159,16162,16164,3,3
2021-03-17 15:00:09.438,16159,16162,16165,3,3
2021-03-17 15:00:09.529,16161,16164,16161,2,-2
2021-03-17 15:00:09.529,16161,16164,16159,1,-1
2021-03-17 15:00:09.529,16161,16164,16159,4,-4
2021-03-17 15:00:10.438,16161,16164,16164,2,2
2021-03-17 15:00:10.625,16161,16165,16164,2,-2
2021-03-17 15:00:11.022,16161,16164,16163,4,-4
2021-03-17 15:00:11.771,16162,16163,16162,3,-3
2021-03-17 15:00:11.820,16162,16163,16163,2,2
2021-03-17 15:00:11.820,16162,16163,16163,2,2
2021-03-17 15:00:11.889,16161,16164,16161,1,-1
2021-03-17 15:00:12.174,16161,16163,16163,1,1
2021-03-17 15:00:12.174,16161,16163,16164,7,7
2021-03-17 15:00:12.182,16161,16163,16161,2,-2
2021-03-17 15:00:12.333,16161,16164,16164,1,1
2021-03-17 15:00:12.668,16161,16163,16161,1,-1
2021-03-17 15:00:13.541,16161,16163,16163,2,2
2021-03-17 15:00:14.137,16161,16163,16161,1,-1
2021-03-17 15:00:14.610,16162,16163,16162,1,1
2021-03-17 15:00:14.828,16162,16163,16162,1,-1
2021-03-17 15:00:14.973,16162,16163,16163,2,2
2021-03-17 15:00:15.220,16162,16163,16163,1,1
2021-03-17 15:00:15.220,16162,16163,16164,1,1
2021-03-17 15:00:15.380,16161,16164,16162,1,-1
2021-03-17 15:00:15.857,16160,16162,16162,1,1
2021-03-17 15:00:16.550,16162,16163,16163,1,1
2021-03-17 15:00:16.701,16162,16163,16163,10,10
2021-03-17 15:00:16.702,16162,16163,16164,2,2
2021-03-17 15:00:16.840,16162,16164,16162,1,-1
2021-03-17 15:00:17.093,16161,16162,16162,5,5
2021-03-17 15:00:17.320,16162,16164,16163,1,1
2021-03-17 15:00:17.394,16162,16164,16162,1,-1
2021-03-17 15:00:17.760,16161,16164,16164,1,1
2021-03-17 15:00:17.791,16161,16164,16164,1,1
2021-03-17 15:00:17.910,16161,16164,16164,3,3
2021-03-17 15:00:18.233,16162,16163,16162,1,-1
2021-03-17 15:00:18.331,16161,16163,16163,1,1
2021-03-17 15:00:18.490,16162,16163,16162,1,-1
2021-03-17 15:00:18.526,16162,16163,16162,1,-1
2021-03-17 15:00:18.674,16161,16163,16161,1,-1
2021-03-17 15:00:18.678,16161,16163,16161,1,-1
2021-03-17 15:00:18.883,16161,16163,16163,2,2
2021-03-17 15:00:19.329,16161,16164,16161,8,-8
2021-03-17 15:00:19.329,16161,16164,16160,7,-7
2021-03-17 15:00:20.856,16160,16162,16161,1,1
2021-03-17 15:00:22.161,16160,16162,16160,1,-1
2021-03-17 15:00:22.161,16160,16162,16160,6,-6
2021-03-17 15:00:22.441,16159,16161,16159,1,-1
2021-03-17 15:00:22.443,16159,16161,16159,3,-3
2021-03-17 15:00:22.510,16159,16161,16161,1,1
2021-03-17 15:00:22.541,16158,16162,16162,1,1
2021-03-17 15:00:22.617,16158,16162,16162,1,1
2021-03-17 15:00:22.655,16158,16161,16160,1,-1
2021-03-17 15:00:23.483,16158,16161,16158,1,-1
2021-03-17 15:00:24.080,16158,16161,16161,1,1
2021-03-17 15:00:26.828,16160,16161,16160,1,-1
2021-03-17 15:00:27.075,16160,16161,16161,1,1
2021-03-17 15:00:27.140,16160,16161,16160,1,-1
2021-03-17 15:00:27.140,16160,16161,16159,1,-1
2021-03-17 15:00:27.140,16160,16161,16159,1,-1
2021-03-17 15:00:27.447,16159,16161,16161,3,3
2021-03-17 15:00:27.526,16159,16161,16161,1,1
2021-03-17 15:00:27.569,16159,16161,16161,1,1
2021-03-17 15:00:28.196,16159,16162,16162,3,3
2021-03-17 15:00:28.204,16159,16162,16162,1,1
2021-03-17 15:00:28.263,16162,16163,16162,1,-1
2021-03-17 15:00:28.975,16159,16162,16159,1,-1
2021-03-17 15:00:29.469,16159,16162,16162,2,2
2021-03-17 15:00:29.469,16159,16162,16163,4,4
2021-03-17 15:00:29.469,16159,16162,16164,2,2
2021-03-17 15:00:29.712,16161,16163,16161,1,-1
2021-03-17 15:00:30.287,16160,16163,16163,1,1
2021-03-17 15:00:30.689,16161,16163,16163,1,1
2021-03-17 15:00:31.004,16161,16163,16161,1,-1
2021-03-17 15:00:31.037,16161,16164,16161,1,-1
2021-03-17 15:00:31.096,16161,16164,16161,1,-1
2021-03-17 15:00:31.106,16161,16164,16161,1,-1
2021-03-17 15:00:32.201,16161,16162,16162,1,1
2021-03-17 15:00:32.942,16161,16162,16161,1,-1
2021-03-17 15:00:33.045,16161,16162,16161,3,-3
2021-03-17 15:00:34.183,16161,16162,16161,3,-3
2021-03-17 15:00:34.345,16160,16162,16160,1,-1
2021-03-17 15:00:34.515,16160,16162,16162,1,1
2021-03-17 15:00:35.379,16161,16162,16161,1,-1
2021-03-17 15:00:35.388,16161,16162,16161,2,-2
2021-03-17 15:00:36.702,16160,16162,16161,1,-1
2021-03-17 15:00:37.597,16161,16162,16162,1,1
2021-03-17 15:00:37.598,16161,16162,16161,1,-1
2021-03-17 15:00:37.640,16160,16162,16160,1,-1
2021-03-17 15:00:37.640,16160,16162,16160,1,-1
2021-03-17 15:00:37.640,16160,16162,16160,1,-1
2021-03-17 15:00:37.640,16160,16162,16160,4,-4
2021-03-17 15:00:37.640,16160,16162,16159,1,-1
2021-03-17 15:00:38.375,16160,16161,16160,1,1
2021-03-17 15:00:38.652,16160,16161,16160,1,-1
2021-03-17 15:00:38.942,16159,16161,16161,1,1
2021-03-17 15:00:39.010,16159,16161,16161,1,1
2021-03-17 15:00:39.389,16159,16161,16161,1,1
2021-03-17 15:00:39.880,16159,16161,16160,1,-1
2021-03-17 15:00:39.888,16159,16161,16159,3,-3
2021-03-17 15:00:40.926,16158,16160,16160,1,1
2021-03-17 15:00:41.293,16159,16160,16160,1,1
2021-03-17 15:00:41.319,16159,16160,16161,1,1
2021-03-17 15:00:41.964,16159,16161,16159,1,-1
2021-03-17 15:00:43.261,16158,16160,16160,1,1
2021-03-17 15:00:43.511,16158,16160,16160,1,1
2021-03-17 15:00:44.214,16158,16160,16158,1,-1
2021-03-17 15:00:46.001,16158,16160,16158,1,-1
2021-03-17 15:00:46.487,16158,16160,16158,1,-1
2021-03-17 15:00:46.987,16158,16160,16158,1,-1
2021-03-17 15:00:48.913,16158,16159,16158,1,-1
2021-03-17 15:00:48.984,16158,16159,16158,4,-4
2021-03-17 15:00:49.015,16157,16159,16157,1,-1
2021-03-17 15:00:49.016,16157,16159,16156,1,-1
2021-03-17 15:00:49.016,16157,16159,16156,1,-1
2021-03-17 15:00:49.729,16156,16157,16157,1,1
2021-03-17 15:00:49.729,16156,16157,16159,1,1
2021-03-17 15:00:51.638,16157,16158,16158,1,1
2021-03-17 15:00:51.840,16158,16160,16158,1,-1
2021-03-17 15:00:52.534,16157,16159,16157,1,-1
2021-03-17 15:00:52.545,16157,16159,16158,1,1
2021-03-17 15:00:53.050,16157,16158,16158,1,1
2021-03-17 15:00:53.527,16157,16158,16157,2,-2
2021-03-17 15:00:53.973,16157,16158,16157,1,-1
2021-03-17 15:00:54.155,16157,16158,16157,1,-1
2021-03-17 15:00:56.810,16156,16157,16156,1,-1
2021-03-17 15:00:57.169,16156,16157,16156,2,-2
2021-03-17 15:00:57.287,16156,16157,16157,1,1
2021-03-17 15:00:58.142,16156,16157,16156,2,-2
2021-03-17 15:00:58.142,16156,16157,16156,2,-2
2021-03-17 15:00:58.236,16156,16157,16155,1,-1
2021-03-17 15:00:59.574,16155,16157,16155,1,-1
2021-03-17 15:01:00.061,16155,16157,16157,2,2
2021-03-17 15:01:00.070,16155,16157,16155,1,-1
2021-03-17 15:01:00.078,16155,16157,16155,1,-1
2021-03-17 15:01:00.162,16155,16157,16155,2,-2
2021-03-17 15:01:00.162,16155,16157,16154,1,-1
2021-03-17 15:01:00.308,16154,16156,16156,1,1
2021-03-17 15:01:00.776,16154,16157,16154,1,-1
2021-03-17 15:01:00.857,16154,16157,16156,1,1
2021-03-17 15:01:00.942,16154,16157,16154,3,-3
2021-03-17 15:01:01.065,16154,16156,16154,1,-1
2021-03-17 15:01:01.065,16154,16156,16153,1,-1
2021-03-17 15:01:01.070,16154,16156,16153,5,-5
2021-03-17 15:01:01.097,16154,16156,16153,2,-2
2021-03-17 15:01:01.097,16154,16156,16152,1,-1
2021-03-17 15:01:01.390,16152,16155,16152,4,-4
2021-03-17 15:01:01.456,16152,16155,16155,2,2
2021-03-17 15:01:01.456,16152,16155,16156,1,1
2021-03-17 15:01:01.493,16152,16155,16156,2,2
2021-03-17 15:01:01.493,16152,16155,16157,1,1
2021-03-17 15:01:01.494,16152,16155,16154,2,-2
2021-03-17 15:01:01.524,16154,16157,16157,1,1
2021-03-17 15:01:01.524,16154,16157,16158,2,2
2021-03-17 15:01:01.952,16155,16157,16155,1,-1
2021-03-17 15:01:01.952,16155,16157,16154,2,-2
2021-03-17 15:01:02.626,16154,16156,16154,1,-1
2021-03-17 15:01:02.667,16153,16156,16153,5,-5
2021-03-17 15:01:02.667,16153,16156,16152,5,-5
2021-03-17 15:01:02.667,16153,16156,16151,3,-3
2021-03-17 15:01:02.667,16153,16156,16150,1,-1
2021-03-17 15:01:03.161,16150,16155,16155,2,2
2021-03-17 15:01:04.263,16151,16155,16155,2,2
2021-03-17 15:01:04.263,16151,16155,16156,2,2
2021-03-17 15:01:04.410,16152,16157,16157,5,5
2021-03-17 15:01:04.410,16152,16157,16158,3,3
2021-03-17 15:01:04.781,16153,16154,16154,1,1
2021-03-17 15:01:04.965,16155,16158,16155,2,2
2021-03-17 15:01:04.965,16155,16158,16154,1,-1
2021-03-17 15:01:05.425,16153,16156,16155,1,1
2021-03-17 15:01:05.443,16153,16156,16153,1,-1
2021-03-17 15:01:06.244,16153,16155,16153,2,-2
2021-03-17 15:01:08.499,16153,16154,16154,1,1
2021-03-17 15:01:09.782,16153,16155,16155,1,1
2021-03-17 15:01:09.794,16153,16155,16155,2,2
2021-03-17 15:01:09.817,16153,16155,16153,1,-1
2021-03-17 15:01:10.516,16153,16156,16155,1,1
2021-03-17 15:01:10.857,16153,16156,16156,3,3
2021-03-17 15:01:13.742,16154,16156,16155,1,-1
2021-03-17 15:01:14.077,16154,16156,16154,1,-1
2021-03-17 15:01:14.077,16154,16156,16153,3,-3
2021-03-17 15:01:14.802,16153,16156,16156,1,1
2021-03-17 15:01:15.830,16153,16156,16153,3,-3
2021-03-17 15:01:18.092,16153,16155,16154,1,1
2021-03-17 15:01:21.115,16154,16155,16155,1,1
2021-03-17 15:01:21.140,16154,16155,16154,1,-1
2021-03-17 15:01:21.143,16154,16155,16154,1,-1
2021-03-17 15:01:22.514,16153,16155,16153,1,-1
2021-03-17 15:01:22.805,16154,16155,16154,1,1
2021-03-17 15:01:23.619,16154,16155,16154,1,-1
2021-03-17 15:01:24.170,16154,16155,16154,1,-1
2021-03-17 15:01:25.689,16154,16155,16154,1,-1
2021-03-17 15:01:26.174,16154,16155,16154,1,-1
2021-03-17 15:01:28.267,16154,16155,16155,1,1
2021-03-17 15:01:28.390,16154,16156,16154,1,-1
2021-03-17 15:01:29.251,16153,16156,16156,1,1
2021-03-17 15:01:30.753,16154,16156,16155,1,-1
2021-03-17 15:01:32.751,16154,16156,16156,3,3
2021-03-17 15:01:33.757,16154,16157,16157,3,3
2021-03-17 15:01:33.787,16155,16157,16157,1,1
2021-03-17 15:01:33.867,16155,16157,16158,1,1
2021-03-17 15:01:34.818,16155,16158,16155,2,-2
2021-03-17 15:01:34.819,16155,16158,16157,1,1
2021-03-17 15:01:34.819,16155,16158,16158,5,5
2021-03-17 15:01:34.883,16155,16158,16158,1,1
2021-03-17 15:01:34.883,16155,16158,16158,16,16
2021-03-17 15:01:34.904,16156,16159,16159,1,1
2021-03-17 15:01:35.426,16156,16159,16156,1,-1
2021-03-17 15:01:35.482,16156,16159,16156,2,-2
2021-03-17 15:01:35.482,16156,16159,16155,1,-1
2021-03-17 15:01:35.605,16155,16158,16155,1,-1
2021-03-17 15:01:35.646,16155,16158,16158,1,1
2021-03-17 15:01:35.789,16156,16158,16156,1,-1
2021-03-17 15:01:35.857,16156,16158,16155,1,-1
2021-03-17 15:01:35.877,16156,16158,16155,1,-1
2021-03-17 15:01:35.938,16155,16158,16155,2,-2
2021-03-17 15:01:35.938,16155,16158,16154,1,-1
2021-03-17 15:01:35.968,16155,16158,16155,1,1
2021-03-17 15:01:36.010,16155,16158,16155,1,-1
2021-03-17 15:01:36.249,16155,16157,16155,1,-1
2021-03-17 15:01:36.375,16155,16157,16155,1,-1
2021-03-17 15:01:38.229,16155,16157,16155,1,-1
2021-03-17 15:01:38.266,16155,16157,16155,1,-1
2021-03-17 15:01:38.304,16155,16157,16157,1,1
2021-03-17 15:01:38.381,16155,16157,16157,1,1
2021-03-17 15:01:38.382,16155,16157,16157,2,2
2021-03-17 15:01:38.443,16156,16158,16156,1,-1
2021-03-17 15:01:38.444,16156,16158,16156,4,-4
2021-03-17 15:01:38.503,16156,16158,16158,1,1
2021-03-17 15:01:38.594,16156,16158,16158,1,1
2021-03-17 15:01:38.633,16156,16158,16159,1,1
2021-03-17 15:01:38.766,16156,16159,16159,3,3
2021-03-17 15:01:38.766,16156,16159,16159,1,1
2021-03-17 15:01:38.819,16156,16159,16159,1,1
2021-03-17 15:01:39.117,16157,16159,16159,1,1
2021-03-17 15:01:39.133,16157,16159,16159,1,1
2021-03-17 15:01:39.167,16157,16159,16159,1,1
2021-03-17 15:01:39.230,16157,16159,16159,1,1
2021-03-17 15:01:39.230,16157,16159,16160,2,2
2021-03-17 15:01:39.371,16157,16160,16160,1,1
2021-03-17 15:01:39.560,16157,16160,16160,1,1
2021-03-17 15:01:39.662,16157,16160,16158,1,-1
2021-03-17 15:01:39.662,16157,16160,16157,1,-1
2021-03-17 15:01:39.865,16157,16160,16159,2,2
2021-03-17 15:01:39.865,16157,16160,16160,7,7
2021-03-17 15:01:39.956,16157,16160,16160,1,1
2021-03-17 15:01:39.962,16157,16160,16160,1,1
2021-03-17 15:01:40.000,16157,16160,16161,1,1
2021-03-17 15:01:41.285,16158,16161,16158,1,-1
2021-03-17 15:01:41.672,16158,16161,16158,1,-1
2021-03-17 15:01:46.225,16158,16160,16160,3,3
2021-03-17 15:01:46.604,16158,16160,16158,1,-1
2021-03-17 15:01:47.223,16158,16160,16160,2,2
2021-03-17 15:01:47.228,16158,16160,16161,1,1
2021-03-17 15:01:47.357,16158,16161,16158,3,-3
2021-03-17 15:01:48.223,16157,16160,16160,1,1
2021-03-17 15:01:48.330,16157,16160,16157,1,-1
2021-03-17 15:01:51.107,16157,16159,16159,1,1
2021-03-17 15:01:51.107,16157,16159,16160,4,4
2021-03-17 15:01:51.312,16158,16160,16158,1,-1
2021-03-17 15:01:52.434,16158,16160,16158,1,-1
2021-03-17 15:01:53.118,16158,16160,16160,1,1
2021-03-17 15:01:53.560,16158,16160,16158,1,-1
2021-03-17 15:01:54.552,16158,16159,16159,5,5
2021-03-17 15:01:56.131,16157,16160,16157,2,-2
2021-03-17 15:01:56.839,16157,16160,16160,2,2
2021-03-17 15:01:58.267,16158,16160,16160,1,1
2021-03-17 15:01:58.592,16158,16161,16158,1,-1
2021-03-17 15:02:00.038,16157,16160,16157,1,-1
2021-03-17 15:02:00.039,16157,16160,16157,1,-1
2021-03-17 15:02:00.043,16157,16160,16157,1,-1
2021-03-17 15:02:00.158,16157,16160,16157,1,-1
2021-03-17 15:02:00.838,16157,16160,16160,1,1
2021-03-17 15:02:01.838,16158,16160,16160,1,1
2021-03-17 15:02:01.867,16158,16160,16160,1,1
2021-03-17 15:02:01.871,16158,16160,16161,2,2
2021-03-17 15:02:03.778,16159,16161,16160,1,-1
2021-03-17 15:02:04.606,16159,16161,16160,1,-1
2021-03-17 15:02:04.606,16159,16161,16161,7,7
2021-03-17 15:02:04.637,16159,16161,16159,1,-1
2021-03-17 15:02:05.270,16159,16162,16159,2,-2
2021-03-17 15:02:07.794,16160,16161,16160,1,1
2021-03-17 15:02:07.794,16160,16161,16159,1,-1
2021-03-17 15:02:10.806,16159,16161,16161,2,2
2021-03-17 15:02:10.806,16159,16161,16161,1,1
2021-03-17 15:02:11.562,16160,16162,16161,1,-1
2021-03-17 15:02:12.063,16160,16162,16162,1,1
2021-03-17 15:02:13.154,16160,16162,16162,1,1
2021-03-17 15:02:13.971,16160,16162,16162,4,4
2021-03-17 15:02:14.801,16160,16161,16161,11,11
2021-03-17 15:02:14.801,16160,16161,16161,1,1
2021-03-17 15:02:14.801,16160,16161,16161,8,8
2021-03-17 15:02:18.678,16161,16162,16162,3,3
2021-03-17 15:02:20.607,16161,16162,16162,1,1
2021-03-17 15:02:23.597,16161,16162,16162,5,5
2021-03-17 15:02:23.599,16161,16162,16163,3,3
2021-03-17 15:02:23.777,16161,16163,16163,3,3
2021-03-17 15:02:23.820,16161,16163,16164,3,3
2021-03-17 15:02:23.965,16162,16164,16162,1,-1
2021-03-17 15:02:25.722,16162,16164,16162,3,-3
2021-03-17 15:02:27.345,16162,16164,16162,1,-1
2021-03-17 15:02:27.822,16162,16163,16162,1,-1
2021-03-17 15:02:28.214,16162,16163,16163,1,1
2021-03-17 15:02:31.571,16162,16164,16164,1,1
2021-03-17 15:02:31.890,16162,16164,16162,2,-2
2021-03-17 15:02:31.939,16162,16164,16164,1,1
2021-03-17 15:02:32.154,16162,16164,16162,1,-1
2021-03-17 15:02:33.812,16162,16163,16163,1,1
2021-03-17 15:02:34.116,16162,16164,16164,1,1
2021-03-17 15:02:34.540,16163,16164,16164,1,1
2021-03-17 15:02:40.158,16163,16164,16163,1,-1
2021-03-17 15:02:41.024,16163,16164,16164,1,1
2021-03-17 15:02:41.077,16163,16164,16164,1,1
2021-03-17 15:02:41.077,16163,16164,16164,1,1
2021-03-17 15:02:41.266,16163,16164,16163,4,-4
2021-03-17 15:02:41.266,16163,16164,16162,1,-1
2021-03-17 15:02:42.989,16163,16164,16164,1,1
2021-03-17 15:02:43.077,16163,16164,16163,1,-1
2021-03-17 15:02:43.996,16163,16164,16163,2,-2
2021-03-17 15:02:43.996,16163,16164,16162,1,-1
2021-03-17 15:02:45.003,16162,16164,16164,1,1
2021-03-17 15:02:46.633,16162,16164,16163,1,-1
2021-03-17 15:02:47.476,16163,16164,16164,2,2
2021-03-17 15:02:48.800,16163,16164,16164,3,3
2021-03-17 15:02:48.801,16163,16164,16164,10,10
2021-03-17 15:02:48.802,16163,16164,16165,5,5
2021-03-17 15:02:48.805,16163,16164,16165,5,5
2021-03-17 15:02:48.806,16163,16164,16165,4,4
2021-03-17 15:02:49.037,16164,16165,16164,1,-1
2021-03-17 15:02:50.498,16163,16165,16163,5,-5
2021-03-17 15:02:54.218,16163,16165,16164,1,1
2021-03-17 15:02:56.088,16163,16165,16163,1,-1
2021-03-17 15:02:59.967,16163,16164,16164,1,1
2021-03-17 15:02:59.992,16163,16164,16163,1,-1
2021-03-17 15:03:00.508,16163,16165,16163,2,-2
2021-03-17 15:03:00.663,16163,16165,16165,2,2
2021-03-17 15:03:00.833,16163,16165,16165,2,2
2021-03-17 15:03:01.064,16163,16164,16164,1,1
2021-03-17 15:03:01.064,16163,16164,16165,3,3
2021-03-17 15:03:01.471,16163,16165,16165,2,2
2021-03-17 15:03:01.471,16163,16165,16165,2,2
2021-03-17 15:03:01.471,16163,16165,16166,10,10
2021-03-17 15:03:01.471,16163,16165,16166,2,2
2021-03-17 15:03:01.861,16163,16165,16165,2,2
2021-03-17 15:03:05.103,16164,16165,16165,4,4
2021-03-17 15:03:06.051,16164,16166,16165,1,-1
2021-03-17 15:03:08.813,16164,16166,16165,1,-1
2021-03-17 15:03:10.081,16165,16166,16165,1,-1
2021-03-17 15:03:12.717,16165,16166,16165,1,-1
2021-03-17 15:03:12.717,16165,16166,16165,2,-2
2021-03-17 15:03:12.717,16165,16166,16165,1,-1
2021-03-17 15:03:12.717,16165,16166,16165,1,-1
2021-03-17 15:03:14.467,16164,16165,16164,5,-5
2021-03-17 15:03:17.050,16163,16165,16165,2,2
2021-03-17 15:03:17.143,16163,16165,16163,2,-2
2021-03-17 15:03:19.114,16163,16165,16165,1,1
2021-03-17 15:03:20.192,16164,16165,16164,1,-1
2021-03-17 15:03:20.192,16164,16165,16163,4,-4
2021-03-17 15:03:20.644,16163,16164,16163,1,-1
2021-03-17 15:03:21.647,16163,16164,16163,1,-1
2021-03-17 15:03:22.359,16163,16164,16164,1,1
2021-03-17 15:03:23.412,16163,16164,16164,1,1
2021-03-17 15:03:24.684,16164,16165,16164,1,-1
2021-03-17 15:03:27.088,16163,16165,16163,7,-7
2021-03-17 15:03:28.436,16163,16165,16165,3,3
2021-03-17 15:03:32.067,16163,16164,16164,2,2
2021-03-17 15:03:33.532,16163,16164,16163,1,-1
2021-03-17 15:03:37.691,16163,16164,16163,5,-5
2021-03-17 15:03:39.858,16162,16164,16164,1,1
2021-03-17 15:03:40.710,16162,16164,16162,13,-13
2021-03-17 15:03:41.084,16161,16163,16162,1,-1
2021-03-17 15:03:43.264,16161,16162,16162,1,1
2021-03-17 15:03:43.982,16161,16162,16161,2,-2
2021-03-17 15:03:44.666,16160,16162,16162,1,1
2021-03-17 15:03:44.666,16160,16162,16163,1,1
2021-03-17 15:03:47.532,16161,16163,16161,1,-1
2021-03-17 15:03:48.974,16161,16163,16161,2,-2
2021-03-17 15:03:48.974,16161,16163,16160,3,-3
2021-03-17 15:03:54.106,16161,16163,16161,1,1
2021-03-17 15:03:58.345,16161,16162,16161,1,-1
2021-03-17 15:04:00.034,16161,16162,16161,3,-3
2021-03-17 15:04:00.451,16160,16161,16161,1,1
2021-03-17 15:04:00.465,16160,16161,16161,1,1
2021-03-17 15:04:00.465,16160,16161,16162,6,6
2021-03-17 15:04:00.705,16161,16163,16161,1,-1
2021-03-17 15:04:01.282,16160,16163,16160,2,-2
2021-03-17 15:04:07.355,16161,16163,16161,1,1
2021-03-17 15:04:15.006,16160,16161,16161,1,1
2021-03-17 15:04:19.587,16160,16161,16160,1,-1
2021-03-17 15:04:20.577,16160,16161,16161,1,1
2021-03-17 15:04:22.000,16160,16162,16162,4,4
2021-03-17 15:04:22.152,16161,16163,16163,1,1
2021-03-17 15:04:22.193,16161,16163,16161,1,-1
2021-03-17 15:04:22.193,16161,16163,16160,1,-1
2021-03-17 15:04:22.291,16160,16163,16163,3,3
2021-03-17 15:04:29.921,16161,16163,16161,2,-2
2021-03-17 15:04:29.921,16161,16163,16160,3,-3
2021-03-17 15:04:35.800,16160,16161,16160,2,-2
2021-03-17 15:04:35.801,16160,16161,16160,3,-3
2021-03-17 15:04:36.691,16160,16161,16160,1,-1
2021-03-17 15:04:39.688,16160,16161,16160,1,-1
2021-03-17 15:04:41.681,16160,16161,16161,3,3
2021-03-17 15:04:48.301,16161,16162,16161,1,-1
2021-03-17 15:04:49.860,16160,16161,16160,1,-1
2021-03-17 15:04:50.036,16160,16161,16160,1,-1
2021-03-17 15:04:50.239,16160,16161,16161,2,2
2021-03-17 15:04:52.480,16160,16161,16160,1,-1
2021-03-17 15:04:54.593,16160,16161,16160,4,-4
2021-03-17 15:04:56.021,16160,16161,16160,1,-1
2021-03-17 15:04:59.351,16159,16161,16159,1,-1
2021-03-17 15:05:00.135,16159,16161,16159,1,-1
2021-03-17 15:05:00.147,16159,16161,16159,1,-1
2021-03-17 15:05:00.148,16159,16161,16159,2,-2
2021-03-17 15:05:00.149,16159,16161,16159,1,-1
2021-03-17 15:05:00.307,16158,16160,16158,1,-1
2021-03-17 15:05:00.691,16158,16160,16160,1,1
2021-03-17 15:05:01.204,16159,16161,16159,1,-1
2021-03-17 15:05:01.265,16158,16160,16158,1,-1
2021-03-17 15:05:01.265,16158,16160,16158,1,-1
2021-03-17 15:05:01.527,16158,16160,16158,1,-1
2021-03-17 15:05:01.750,16158,16160,16158,1,-1
2021-03-17 15:05:01.801,16158,16160,16158,1,-1
2021-03-17 15:05:02.903,16158,16160,16160,3,3
2021-03-17 15:05:05.518,16158,16160,16158,1,-1
2021-03-17 15:05:07.946,16158,16160,16160,1,1
2021-03-17 15:05:08.945,16158,16160,16160,1,1
2021-03-17 15:05:08.985,16158,16160,16160,1,1
2021-03-17 15:05:09.015,16158,16161,16158,1,-1
2021-03-17 15:05:09.015,16158,16161,16158,1,-1
2021-03-17 15:05:11.432,16158,16159,16158,1,-1
2021-03-17 15:05:11.987,16158,16159,16159,2,2
2021-03-17 15:05:12.987,16158,16160,16160,2,2
2021-03-17 15:05:13.987,16158,16160,16160,2,2
2021-03-17 15:05:14.027,16158,16160,16160,1,1
2021-03-17 15:05:15.028,16158,16160,16160,1,1
2021-03-17 15:05:17.029,16158,16160,16160,1,1
2021-03-17 15:05:18.029,16158,16160,16160,1,1
2021-03-17 15:05:24.601,16158,16160,16158,10,-10
2021-03-17 15:05:25.492,16158,16160,16160,2,2
2021-03-17 15:05:29.458,16158,16159,16158,1,-1
2021-03-17 15:05:31.512,16158,16159,16159,1,1
2021-03-17 15:05:31.515,16159,16160,16159,1,-1
2021-03-17 15:05:33.001,16159,16160,16160,1,1
2021-03-17 15:05:35.493,16159,16160,16160,8,8
2021-03-17 15:05:36.493,16159,16160,16160,1,1
2021-03-17 15:05:36.812,16159,16160,16159,1,-1
2021-03-17 15:05:37.204,16159,16160,16159,1,-1
2021-03-17 15:05:37.265,16158,16160,16158,1,-1
2021-03-17 15:05:37.493,16158,16160,16160,2,2
2021-03-17 15:05:40.134,16160,16161,16160,1,-1
2021-03-17 15:05:40.134,16160,16161,16160,1,-1
2021-03-17 15:05:40.494,16158,16160,16160,1,1
2021-03-17 15:05:40.537,16159,16160,16160,1,1
2021-03-17 15:05:43.536,16159,16160,16160,3,3
2021-03-17 15:05:44.536,16159,16160,16160,3,3
2021-03-17 15:05:45.536,16159,16160,16160,1,1
2021-03-17 15:05:45.577,16159,16160,16160,1,1
2021-03-17 15:05:45.971,16159,16160,16160,1,1
2021-03-17 15:05:46.322,16159,16160,16160,2,2
2021-03-17 15:05:46.322,16159,16160,16161,1,1
2021-03-17 15:05:51.184,16159,16160,16159,5,-5
2021-03-17 15:05:51.215,16159,16160,16158,2,-2
2021-03-17 15:05:51.226,16159,16160,16159,1,1
2021-03-17 15:05:51.226,16159,16160,16159,1,-1
2021-03-17 15:05:52.225,16158,16159,16159,1,1
2021-03-17 15:05:53.271,16158,16159,16158,1,-1
2021-03-17 15:05:54.225,16158,16159,16159,1,1
2021-03-17 15:05:55.253,16158,16159,16159,1,1
2021-03-17 15:05:56.226,16158,16159,16159,1,1
2021-03-17 15:05:56.266,16158,16159,16159,1,1
2021-03-17 15:05:59.122,16158,16159,16159,1,1
2021-03-17 15:05:59.267,16159,16160,16160,8,8
2021-03-17 15:06:00.267,16159,16160,16160,2,2
2021-03-17 15:06:00.656,16159,16160,16160,1,1
2021-03-17 15:06:01.268,16159,16160,16160,2,2
2021-03-17 15:06:01.443,16159,16161,16160,1,-1
2021-03-17 15:06:03.762,16159,16160,16159,2,-2
2021-03-17 15:06:04.310,16159,16160,16160,2,2
2021-03-17 15:06:05.310,16159,16160,16160,2,2
2021-03-17 15:06:06.310,16159,16160,16160,1,1
2021-03-17 15:06:06.350,16159,16160,16160,3,3
2021-03-17 15:06:07.770,16159,16160,16159,1,-1
2021-03-17 15:06:08.342,16159,16160,16159,1,-1
2021-03-17 15:06:10.251,16158,16159,16159,1,1
2021-03-17 15:06:10.251,16158,16159,16160,1,1
2021-03-17 15:06:10.964,16159,16160,16159,1,-1
2021-03-17 15:06:12.089,16158,16159,16158,2,-2
2021-03-17 15:06:12.089,16158,16159,16158,7,-7
2021-03-17 15:06:12.089,16158,16159,16158,6,-6
2021-03-17 15:06:12.130,16158,16159,16158,1,-1
2021-03-17 15:06:17.273,16158,16159,16158,2,-2
2021-03-17 15:06:22.447,16158,16159,16158,10,-10
2021-03-17 15:06:23.922,16157,16158,16157,1,-1
2021-03-17 15:06:24.397,16157,16158,16157,2,-2
2021-03-17 15:06:24.398,16157,16158,16157,12,-12
2021-03-17 15:06:26.779,16157,16159,16157,1,-1
2021-03-17 15:06:27.498,16157,16159,16157,1,-1
2021-03-17 15:06:28.947,16157,16159,16157,1,-1
2021-03-17 15:06:34.180,16156,16157,16157,1,1
2021-03-17 15:06:35.032,16156,16157,16157,1,1
2021-03-17 15:06:38.524,16157,16158,16158,1,1
2021-03-17 15:06:39.055,16157,16158,16157,1,-1
2021-03-17 15:06:44.147,16157,16158,16157,2,-2
2021-03-17 15:06:53.936,16157,16158,16157,21,-21
2021-03-17 15:06:53.977,16157,16158,16157,1,-1
2021-03-17 15:06:55.829,16157,16158,16157,2,-2
2021-03-17 15:06:58.521,16157,16158,16157,1,-1
2021-03-17 15:06:58.607,16157,16158,16157,1,-1
2021-03-17 15:06:58.607,16157,16158,16157,2,-2
2021-03-17 15:06:59.715,16156,16157,16157,1,1
2021-03-17 15:07:01.477,16156,16157,16156,4,-4
2021-03-17 15:07:01.494,16156,16157,16156,1,-1
2021-03-17 15:07:01.719,16156,16157,16156,2,-2
2021-03-17 15:07:01.719,16156,16157,16156,5,-5
2021-03-17 15:07:01.759,16156,16157,16156,1,-1
2021-03-17 15:07:05.744,16155,16156,16155,10,-10
2021-03-17 15:07:06.545,16154,16156,16156,1,1
2021-03-17 15:07:07.841,16154,16156,16154,1,-1
2021-03-17 15:07:08.079,16154,16157,16154,1,-1
2021-03-17 15:07:09.809,16154,16156,16154,6,-6
2021-03-17 15:07:11.346,16154,16156,16156,1,1
2021-03-17 15:07:11.689,16154,16156,16154,1,-1
2021-03-17 15:07:14.569,16154,16155,16155,2,2
2021-03-17 15:07:14.863,16154,16156,16154,11,-11
2021-03-17 15:07:14.863,16154,16156,16154,1,-1
2021-03-17 15:07:14.863,16154,16156,16154,9,-9
2021-03-17 15:07:15.428,16155,16156,16156,1,1
2021-03-17 15:07:15.453,16155,16156,16155,1,-1
2021-03-17 15:07:15.839,16155,16156,16155,1,-1
2021-03-17 15:07:22.185,16155,16156,16156,2,2
2021-03-17 15:07:23.058,16155,16156,16155,1,-1
2021-03-17 15:07:23.327,16155,16156,16156,3,3
2021-03-17 15:07:26.561,16155,16156,16156,1,1
2021-03-17 15:07:26.883,16155,16157,16156,1,-1
2021-03-17 15:07:28.737,16155,16156,16155,1,-1
2021-03-17 15:07:31.117,16155,16156,16156,1,1
2021-03-17 15:07:31.879,16155,16156,16156,3,3
2021-03-17 15:07:32.562,16156,16157,16156,1,-1
2021-03-17 15:07:41.008,16156,16157,16156,2,-2
2021-03-17 15:07:41.941,16156,16157,16156,1,-1
2021-03-17 15:07:44.331,16156,16157,16156,1,-1
2021-03-17 15:07:46.965,16156,16157,16156,1,-1
2021-03-17 15:07:51.625,16156,16157,16157,3,3
2021-03-17 15:08:05.408,16156,16157,16157,1,1
2021-03-17 15:08:05.418,16156,16157,16157,2,2
2021-03-17 15:08:05.641,16156,16158,16156,2,-2
2021-03-17 15:08:05.741,16156,16158,16156,2,-2
2021-03-17 15:08:05.765,16156,16157,16156,2,-2
2021-03-17 15:08:09.423,16156,16158,16156,1,-1
2021-03-17 15:08:20.938,16156,16157,16157,1,1
2021-03-17 15:08:21.344,16156,16158,16156,1,-1
2021-03-17 15:08:23.638,16156,16157,16157,1,1
2021-03-17 15:08:27.943,16156,16157,16156,1,-1
2021-03-17 15:08:31.280,16156,16157,16156,8,-8
2021-03-17 15:08:31.321,16156,16157,16156,1,-1
2021-03-17 15:08:35.446,16155,16156,16156,1,1
2021-03-17 15:08:37.868,16155,16156,16156,1,1
2021-03-17 15:08:38.563,16155,16156,16156,1,1
2021-03-17 15:08:44.365,16155,16156,16155,1,-1
2021-03-17 15:08:54.183,16155,16156,16156,1,1
2021-03-17 15:09:07.519,16155,16156,16155,1,-1
2021-03-17 15:09:07.535,16155,16156,16155,1,-1
2021-03-17 15:09:07.686,16155,16156,16155,1,-1
2021-03-17 15:09:12.274,16155,16156,16155,5,-5
2021-03-17 15:09:12.274,16155,16156,16155,3,-3
2021-03-17 15:09:15.230,16154,16155,16155,1,1
2021-03-17 15:09:20.799,16154,16155,16155,2,2
2021-03-17 15:09:20.799,16154,16155,16156,3,3
2021-03-17 15:09:20.918,16154,16156,16156,5,5
2021-03-17 15:09:30.801,16154,16156,16154,1,-1
2021-03-17 15:09:31.091,16154,16156,16156,1,1
2021-03-17 15:09:32.479,16154,16156,16155,1,-1
2021-03-17 15:09:33.128,16154,16156,16155,1,-1
2021-03-17 15:09:36.239,16155,16156,16155,10,-10
2021-03-17 15:09:36.279,16154,16155,16155,1,1
2021-03-17 15:09:43.866,16155,16156,16155,1,-1
2021-03-17 15:09:47.457,16155,16156,16155,1,-1
2021-03-17 15:09:47.457,16155,16156,16155,1,-1
2021-03-17 15:09:47.457,16155,16156,16155,3,-3
2021-03-17 15:09:58.248,16154,16155,16155,2,2
2021-03-17 15:09:58.838,16154,16155,16155,1,1
2021-03-17 15:10:00.946,16154,16155,16155,1,1
2021-03-17 15:10:01.297,16154,16155,16154,1,-1
2021-03-17 15:10:01.417,16154,16155,16154,1,-1
2021-03-17 15:10:01.496,16154,16155,16154,3,-3
2021-03-17 15:10:01.496,16154,16155,16154,7,-7
2021-03-17 15:10:01.569,16153,16154,16153,1,-1
2021-03-17 15:10:01.920,16153,16154,16153,2,-2
2021-03-17 15:10:08.875,16153,16155,16153,1,-1
2021-03-17 15:10:11.274,16153,16154,16153,1,-1
2021-03-17 15:10:11.756,16153,16154,16153,1,-1
2021-03-17 15:10:12.842,16153,16154,16154,1,1
2021-03-17 15:10:13.610,16153,16154,16154,1,1
2021-03-17 15:10:15.487,16154,16155,16154,1,-1
2021-03-17 15:10:16.987,16154,16155,16154,4,-4
2021-03-17 15:10:20.392,16154,16155,16154,1,-1
2021-03-17 15:10:21.438,16154,16155,16154,1,-1
2021-03-17 15:10:21.719,16154,16155,16154,1,-1
2021-03-17 15:10:21.883,16154,16155,16154,1,-1
2021-03-17 15:10:21.987,16154,16155,16154,2,-2
2021-03-17 15:10:22.643,16154,16155,16155,5,5
2021-03-17 15:10:23.219,16154,16155,16154,2,-2
2021-03-17 15:10:23.242,16154,16155,16153,2,-2
2021-03-17 15:10:24.401,16153,16155,16155,3,3
2021-03-17 15:10:25.734,16153,16154,16154,1,1
2021-03-17 15:10:29.096,16153,16154,16154,2,2
2021-03-17 15:10:31.178,16153,16154,16154,1,1
2021-03-17 15:10:33.853,16153,16154,16154,1,1
2021-03-17 15:10:37.663,16153,16154,16154,1,1
2021-03-17 15:10:39.292,16153,16154,16154,1,1
2021-03-17 15:10:42.018,16153,16154,16154,3,3
2021-03-17 15:10:45.342,16154,16155,16154,1,-1
2021-03-17 15:10:47.043,16154,16155,16154,1,-1
2021-03-17 15:10:48.908,16154,16155,16154,2,-2
2021-03-17 15:10:57.486,16154,16155,16154,1,-1
2021-03-17 15:10:57.486,16154,16155,16154,1,-1
2021-03-17 15:11:04.692,16153,16154,16153,1,-1
2021-03-17 15:11:09.464,16153,16154,16153,1,-1
2021-03-17 15:11:09.534,16153,16154,16153,5,-5
2021-03-17 15:11:11.984,16153,16154,16153,10,-10
2021-03-17 15:11:11.985,16153,16154,16153,1,-1
2021-03-17 15:11:15.881,16152,16153,16153,1,1
2021-03-17 15:11:18.792,16153,16154,16153,1,-1
2021-03-17 15:11:21.073,16153,16154,16153,2,-2
2021-03-17 15:11:22.492,16152,16153,16153,1,1
2021-03-17 15:11:23.232,16152,16153,16152,5,-5
2021-03-17 15:11:23.601,16152,16153,16152,1,-1
2021-03-17 15:11:23.620,16152,16153,16152,1,-1
2021-03-17 15:11:23.620,16152,16153,16151,1,-1
2021-03-17 15:11:23.634,16152,16153,16151,1,-1
2021-03-17 15:11:23.748,16151,16153,16151,1,-1
2021-03-17 15:11:23.756,16151,16153,16151,1,-1
2021-03-17 15:11:25.457,16151,16152,16151,5,-5
2021-03-17 15:11:27.548,16151,16153,16151,10,-10
2021-03-17 15:11:30.333,16151,16152,16151,1,-1
2021-03-17 15:11:30.334,16151,16152,16151,2,-2
2021-03-17 15:11:31.339,16151,16152,16151,2,-2
2021-03-17 15:11:31.435,16151,16152,16151,1,-1
2021-03-17 15:11:32.254,16150,16151,16151,1,1
2021-03-17 15:11:32.407,16150,16151,16150,5,-5
2021-03-17 15:11:32.539,16150,16151,16150,1,-1
2021-03-17 15:11:33.486,16150,16151,16150,5,-5
2021-03-17 15:11:33.487,16150,16151,16150,2,-2
2021-03-17 15:11:33.929,16150,16151,16150,1,-1
2021-03-17 15:11:34.646,16150,16151,16150,1,-1
2021-03-17 15:11:35.566,16150,16151,16151,1,1
2021-03-17 15:11:36.074,16151,16152,16151,1,-1
2021-03-17 15:11:37.137,16151,16152,16151,1,-1
2021-03-17 15:11:38.052,16151,16152,16151,1,-1
2021-03-17 15:11:38.161,16150,16152,16152,1,1
2021-03-17 15:11:38.345,16150,16152,16150,5,-5
2021-03-17 15:11:40.026,16151,16152,16151,1,1
2021-03-17 15:11:40.244,16150,16152,16152,1,1
2021-03-17 15:11:40.347,16150,16152,16152,3,3
2021-03-17 15:11:40.883,16150,16152,16150,4,-4
2021-03-17 15:11:43.965,16151,16152,16151,1,1
2021-03-17 15:11:46.088,16150,16151,16151,1,1
2021-03-17 15:11:46.468,16150,16152,16150,1,-1
2021-03-17 15:11:48.308,16150,16151,16150,2,-2
2021-03-17 15:11:49.255,16150,16151,16150,5,-5
2021-03-17 15:11:52.916,16150,16151,16150,1,-1
2021-03-17 15:11:54.238,16150,16151,16151,1,1
2021-03-17 15:12:03.748,16150,16151,16150,2,-2
2021-03-17 15:12:03.987,16150,16151,16150,3,-3
2021-03-17 15:12:04.053,16150,16151,16150,2,-2
2021-03-17 15:12:04.358,16150,16151,16150,2,-2
2021-03-17 15:12:04.378,16150,16151,16150,1,-1
2021-03-17 15:12:05.712,16150,16151,16150,2,-2
2021-03-17 15:12:06.517,16150,16151,16150,1,-1
2021-03-17 15:12:07.389,16150,16151,16150,1,-1
2021-03-17 15:12:07.389,16150,16151,16150,1,-1
2021-03-17 15:12:08.784,16149,16150,16150,2,2
2021-03-17 15:12:08.784,16149,16150,16150,1,1
2021-03-17 15:12:08.984,16150,16151,16150,1,-1
2021-03-17 15:12:09.222,16150,16151,16150,1,-1
2021-03-17 15:12:09.499,16149,16151,16149,11,-11
2021-03-17 15:12:09.499,16149,16151,16148,5,-5
2021-03-17 15:12:09.592,16148,16150,16148,1,-1
2021-03-17 15:12:09.650,16148,16150,16148,1,-1
2021-03-17 15:12:09.657,16148,16150,16148,1,-1
2021-03-17 15:12:09.676,16148,16150,16148,1,-1
2021-03-17 15:12:09.738,16148,16150,16148,1,-1
2021-03-17 15:12:09.739,16148,16150,16147,1,-1
2021-03-17 15:12:09.740,16148,16150,16147,1,-1
2021-03-17 15:12:09.742,16148,16150,16147,1,-1
2021-03-17 15:12:09.742,16148,16150,16147,1,-1
2021-03-17 15:12:09.744,16148,16150,16147,2,-2
2021-03-17 15:12:09.759,16148,16150,16147,1,-1
2021-03-17 15:12:09.766,16147,16149,16147,1,-1
2021-03-17 15:12:09.773,16147,16149,16147,2,-2
2021-03-17 15:12:09.775,16147,16149,16147,2,-2
2021-03-17 15:12:09.775,16147,16149,16146,1,-1
2021-03-17 15:12:09.779,16147,16149,16146,1,-1
2021-03-17 15:12:09.779,16147,16149,16146,2,-2
2021-03-17 15:12:09.781,16147,16149,16146,2,-2
2021-03-17 15:12:09.799,16147,16149,16146,1,-1
2021-03-17 15:12:09.811,16147,16149,16146,1,-1
2021-03-17 15:12:09.824,16147,16149,16146,1,-1
2021-03-17 15:12:09.846,16147,16149,16146,1,-1
2021-03-17 15:12:09.847,16147,16149,16146,1,-1
2021-03-17 15:12:10.147,16146,16148,16146,1,-1
2021-03-17 15:12:10.295,16146,16148,16146,1,-1
2021-03-17 15:12:10.471,16146,16148,16146,1,-1
2021-03-17 15:12:10.636,16146,16148,16148,1,1
2021-03-17 15:12:11.242,16146,16148,16148,1,1
2021-03-17 15:12:11.498,16147,16149,16147,5,-5
2021-03-17 15:12:11.500,16147,16149,16148,1,1
2021-03-17 15:12:11.524,16147,16149,16147,1,-1
2021-03-17 15:12:12.819,16148,16150,16148,2,2
2021-03-17 15:12:13.307,16148,16150,16150,1,1
2021-03-17 15:12:13.337,16148,16150,16150,1,1
2021-03-17 15:12:14.457,16148,16150,16148,1,-1
2021-03-17 15:12:14.760,16148,16150,16148,1,-1
2021-03-17 15:12:14.845,16148,16150,16148,1,-1
2021-03-17 15:12:14.845,16148,16150,16147,4,-4
2021-03-17 15:12:16.090,16147,16149,16147,1,-1
2021-03-17 15:12:19.437,16148,16149,16148,1,1
2021-03-17 15:12:19.717,16147,16149,16148,1,-1
2021-03-17 15:12:24.117,16147,16149,16148,1,-1
2021-03-17 15:12:24.285,16147,16148,16148,2,2
2021-03-17 15:12:25.988,16148,16149,16148,1,-1
2021-03-17 15:12:26.378,16148,16149,16148,1,-1
2021-03-17 15:12:28.495,16148,16149,16148,1,-1
2021-03-17 15:12:29.125,16148,16149,16148,2,-2
2021-03-17 15:12:29.125,16148,16149,16148,2,-2
2021-03-17 15:12:29.865,16148,16149,16149,11,11
2021-03-17 15:12:30.407,16149,16150,16149,2,-2
2021-03-17 15:12:31.538,16149,16150,16149,1,-1
2021-03-17 15:12:32.236,16148,16150,16148,2,-2
2021-03-17 15:12:32.257,16148,16150,16150,2,2
2021-03-17 15:12:37.329,16148,16150,16149,1,-1
2021-03-17 15:12:38.131,16148,16150,16150,1,1
2021-03-17 15:12:41.092,16149,16150,16149,1,-1
2021-03-17 15:12:42.632,16148,16150,16150,1,1
2021-03-17 15:12:46.390,16149,16150,16149,1,-1
2021-03-17 15:12:52.488,16149,16150,16150,12,12
2021-03-17 15:12:52.503,16149,16150,16150,1,1
2021-03-17 15:12:52.765,16149,16151,16150,1,-1
2021-03-17 15:12:54.076,16150,16151,16150,2,-2
2021-03-17 15:12:54.677,16150,16151,16150,1,-1
2021-03-17 15:12:54.690,16150,16151,16150,1,-1
2021-03-17 15:12:55.238,16149,16151,16149,2,-2
2021-03-17 15:13:00.342,16150,16151,16150,1,1
2021-03-17 15:13:00.807,16149,16150,16150,1,1
2021-03-17 15:13:00.807,16149,16150,16151,1,1
2021-03-17 15:13:13.598,16149,16150,16150,1,1
2021-03-17 15:13:13.598,16149,16150,16151,1,1
2021-03-17 15:13:15.851,16149,16150,16150,1,1
2021-03-17 15:13:15.942,16149,16150,16150,1,1
2021-03-17 15:13:16.854,16149,16151,16151,1,1
2021-03-17 15:13:17.504,16149,16151,16151,1,1
2021-03-17 15:13:17.965,16149,16151,16151,1,1
2021-03-17 15:13:18.786,16149,16151,16151,1,1
2021-03-17 15:13:20.238,16149,16151,16151,1,1
2021-03-17 15:13:21.141,16149,16151,16151,1,1
2021-03-17 15:13:21.866,16149,16151,16151,1,1
2021-03-17 15:13:22.139,16149,16151,16151,1,1
2021-03-17 15:13:22.835,16149,16151,16151,1,1
2021-03-17 15:13:26.375,16149,16150,16150,1,1
2021-03-17 15:13:26.523,16149,16151,16149,1,-1
2021-03-17 15:13:34.659,16150,16151,16150,2,2
2021-03-17 15:13:36.538,16150,16151,16150,1,-1
2021-03-17 15:13:40.972,16150,16151,16151,1,1
2021-03-17 15:13:42.227,16150,16151,16151,1,1
2021-03-17 15:13:42.816,16150,16151,16151,1,1
2021-03-17 15:13:43.054,16150,16151,16151,1,1
2021-03-17 15:13:43.835,16150,16151,16151,1,1
2021-03-17 15:13:44.694,16150,16151,16151,1,1
2021-03-17 15:13:47.820,16150,16151,16151,1,1
2021-03-17 15:14:06.568,16150,16151,16151,2,2
2021-03-17 15:14:07.016,16150,16152,16152,1,1
2021-03-17 15:14:08.234,16150,16152,16152,1,1
2021-03-17 15:14:09.025,16150,16152,16152,1,1
2021-03-17 15:14:09.988,16150,16152,16152,1,1
2021-03-17 15:14:10.704,16150,16152,16152,1,1
2021-03-17 15:14:11.456,16150,16152,16152,1,1
2021-03-17 15:14:16.506,16151,16152,16152,2,2
2021-03-17 15:14:16.646,16151,16153,16151,1,-1
2021-03-17 15:14:18.692,16150,16152,16152,1,1
2021-03-17 15:14:19.863,16150,16152,16150,1,-1
2021-03-17 15:14:25.621,16150,16151,16151,1,1
2021-03-17 15:14:25.621,16150,16151,16151,1,1
2021-03-17 15:14:30.060,16151,16152,16151,1,-1
2021-03-17 15:14:30.623,16151,16152,16151,1,-1
2021-03-17 15:14:31.831,16151,16152,16152,2,2
2021-03-17 15:14:31.889,16151,16153,16151,1,-1
2021-03-17 15:14:43.274,16151,16152,16151,1,-1
2021-03-17 15:14:47.482,16151,16152,16151,1,-1
2021-03-17 15:14:47.493,16151,16152,16151,6,-6
2021-03-17 15:14:47.798,16150,16151,16151,1,1
2021-03-17 15:14:50.079,16150,16151,16151,1,1
2021-03-17 15:14:50.079,16150,16151,16151,1,1
2021-03-17 15:14:50.079,16150,16151,16151,1,1
2021-03-17 15:14:50.079,16150,16151,16151,1,1
2021-03-17 15:14:50.079,16150,16151,16151,1,1
2021-03-17 15:14:50.845,16150,16152,16152,2,2
2021-03-17 15:14:55.157,16151,16152,16151,3,-3
2021-03-17 15:14:55.157,16151,16152,16150,2,-2
2021-03-17 15:14:56.930,16150,16152,16150,5,-5
2021-03-17 15:14:57.694,16150,16152,16150,1,-1
2021-03-17 15:14:58.795,16150,16152,16152,1,1
2021-03-17 15:15:02.741,16150,16151,16151,3,3
2021-03-17 15:15:02.904,16150,16152,16150,1,-1
2021-03-17 15:15:03.050,16150,16152,16152,1,1
2021-03-17 15:15:03.091,16150,16152,16152,2,2
2021-03-17 15:15:03.365,16150,16152,16150,2,-2
2021-03-17 15:15:03.809,16150,16152,16150,1,-1
2021-03-17 15:15:06.209,16149,16151,16151,1,1
2021-03-17 15:15:11.516,16151,16152,16151,1,-1
2021-03-17 15:15:11.643,16151,16152,16151,2,-2
2021-03-17 15:15:14.968,16150,16151,16151,3,3
2021-03-17 15:15:16.388,16151,16152,16152,3,3
2021-03-17 15:15:20.770,16151,16153,16151,1,-1
2021-03-17 15:15:31.014,16151,16153,16152,5,5
2021-03-17 15:15:36.138,16151,16152,16152,3,3
2021-03-17 15:15:42.263,16151,16152,16152,1,1
2021-03-17 15:15:51.455,16152,16153,16152,1,-1
2021-03-17 15:15:57.454,16151,16152,16152,3,3
2021-03-17 15:16:07.451,16152,16153,16152,1,-1
2021-03-17 15:16:10.010,16151,16153,16152,1,-1
2021-03-17 15:16:13.396,16151,16152,16152,5,5
2021-03-17 15:16:13.541,16151,16152,16152,2,2
2021-03-17 15:16:13.541,16151,16152,16153,3,3
2021-03-17 15:16:20.697,16152,16153,16152,1,-1
2021-03-17 15:16:30.245,16152,16153,16153,49,49
2021-03-17 15:16:30.246,16152,16153,16153,1,1
2021-03-17 15:16:30.246,16152,16153,16153,1,1
2021-03-17 15:16:30.246,16152,16153,16153,2,2
2021-03-17 15:16:30.247,16152,16153,16153,2,2
2021-03-17 15:16:36.190,16152,16154,16152,1,-1
2021-03-17 15:16:36.542,16152,16154,16152,1,-1
2021-03-17 15:16:38.236,16152,16154,16152,1,-1
2021-03-17 15:16:38.237,16152,16154,16152,1,-1
2021-03-17 15:16:38.317,16151,16152,16152,1,1
2021-03-17 15:16:46.259,16152,16153,16153,4,4
2021-03-17 15:16:46.260,16152,16153,16153,1,1
2021-03-17 15:16:49.548,16153,16154,16154,8,8
2021-03-17 15:16:49.548,16153,16154,16155,8,8
2021-03-17 15:16:54.875,16153,16154,16154,1,1
2021-03-17 15:16:55.640,16153,16154,16154,1,1
2021-03-17 15:16:59.613,16153,16154,16154,2,2
2021-03-17 15:17:01.246,16153,16154,16154,1,1
2021-03-17 15:17:02.690,16153,16154,16153,1,-1
2021-03-17 15:17:02.690,16153,16154,16153,3,-3
2021-03-17 15:17:02.690,16153,16154,16153,2,-2
2021-03-17 15:17:02.690,16153,16154,16153,5,-5
2021-03-17 15:17:04.490,16152,16153,16153,1,1
2021-03-17 15:17:09.888,16152,16153,16153,2,2
2021-03-17 15:17:09.889,16153,16154,16153,1,-1
2021-03-17 15:17:11.065,16152,16153,16153,1,1
2021-03-17 15:17:11.732,16153,16154,16154,1,1
2021-03-17 15:17:13.351,16153,16154,16154,3,3
2021-03-17 15:17:13.580,16153,16155,16153,5,-5
2021-03-17 15:17:14.200,16152,16154,16152,1,-1
2021-03-17 15:17:14.393,16152,16153,16152,1,-1
2021-03-17 15:17:16.541,16152,16153,16153,3,3
2021-03-17 15:17:17.592,16152,16153,16153,2,2
2021-03-17 15:17:17.593,16152,16153,16153,1,1
2021-03-17 15:17:20.013,16153,16154,16153,3,-3
2021-03-17 15:17:20.110,16153,16154,16154,3,3
2021-03-17 15:17:21.888,16153,16154,16153,3,-3
2021-03-17 15:17:27.888,16153,16154,16153,1,-1
2021-03-17 15:17:27.889,16153,16154,16153,2,-2
2021-03-17 15:17:34.165,16153,16154,16154,3,3
2021-03-17 15:17:38.543,16153,16154,16154,1,1
2021-03-17 15:17:39.177,16153,16154,16153,1,-1
2021-03-17 15:17:45.133,16153,16154,16154,2,2
2021-03-17 15:17:47.813,16153,16154,16154,1,1
2021-03-17 15:17:49.591,16153,16154,16153,1,-1
2021-03-17 15:17:49.912,16153,16154,16154,3,3
2021-03-17 15:17:59.189,16153,16154,16154,3,3
2021-03-17 15:18:01.546,16153,16154,16154,3,3
2021-03-17 15:18:02.483,16153,16154,16154,1,1
2021-03-17 15:18:15.814,16153,16154,16154,1,1
2021-03-17 15:18:15.934,16153,16154,16154,1,1
2021-03-17 15:18:20.766,16153,16154,16153,2,-2
2021-03-17 15:18:23.674,16153,16154,16154,1,1
2021-03-17 15:18:23.718,16153,16154,16154,1,1
2021-03-17 15:18:25.675,16153,16154,16154,1,1
2021-03-17 15:18:27.341,16153,16154,16153,1,-1
2021-03-17 15:18:38.478,16153,16154,16153,6,-6
2021-03-17 15:18:38.478,16153,16154,16153,1,-1
2021-03-17 15:18:40.254,16152,16153,16153,2,2
2021-03-17 15:18:44.379,16152,16153,16153,1,1
2021-03-17 15:18:46.441,16152,16153,16153,1,1
2021-03-17 15:19:01.267,16153,16154,16153,1,-1
2021-03-17 15:19:02.435,16153,16154,16153,1,-1
2021-03-17 15:19:09.669,16152,16153,16152,10,-10
2021-03-17 15:19:15.551,16151,16152,16152,1,1
2021-03-17 15:19:21.700,16151,16152,16151,1,-1
2021-03-17 15:19:22.601,16151,16152,16151,12,-12
2021-03-17 15:19:27.457,16150,16152,16150,1,-1
2021-03-17 15:19:28.127,16150,16152,16150,1,-1
2021-03-17 15:19:29.914,16150,16152,16152,1,1
2021-03-17 15:19:32.086,16150,16152,16152,1,1
2021-03-17 15:19:34.425,16150,16152,16152,1,1
2021-03-17 15:19:35.827,16150,16152,16152,1,1
2021-03-17 15:19:40.604,16150,16151,16151,1,1
2021-03-17 15:19:40.605,16150,16151,16151,1,1
2021-03-17 15:19:56.384,16151,16152,16151,1,-1
2021-03-17 15:19:56.428,16150,16152,16150,1,-1
2021-03-17 15:19:56.476,16150,16152,16150,10,-10
2021-03-17 15:19:57.577,16150,16151,16150,1,-1
2021-03-17 15:19:57.814,16149,16150,16150,1,1
2021-03-17 15:19:58.690,16150,16151,16151,1,1
2021-03-17 15:20:02.042,16150,16151,16150,1,-1
2021-03-17 15:20:02.213,16149,16150,16150,1,1
2021-03-17 15:20:02.834,16150,16151,16150,1,-1
2021-03-17 15:20:02.920,16149,16151,16149,1,-1
2021-03-17 15:20:03.021,16150,16151,16150,1,1
2021-03-17 15:20:03.021,16150,16151,16149,1,-1
2021-03-17 15:20:03.066,16150,16151,16149,1,-1
2021-03-17 15:20:03.279,16149,16150,16150,1,1
2021-03-17 15:20:03.838,16149,16150,16150,1,1
2021-03-17 15:20:05.170,16149,16150,16150,1,1
2021-03-17 15:20:08.399,16149,16150,16150,1,1
2021-03-17 15:20:12.478,16149,16150,16149,2,-2
2021-03-17 15:20:14.097,16149,16150,16149,10,-10
2021-03-17 15:20:16.737,16148,16149,16148,1,-1
2021-03-17 15:20:18.207,16148,16149,16148,1,-1
2021-03-17 15:20:19.991,16148,16149,16148,8,-8
2021-03-17 15:20:20.367,16148,16149,16148,1,-1
2021-03-17 15:20:20.692,16148,16149,16149,1,1
2021-03-17 15:20:22.426,16148,16149,16148,1,-1
2021-03-17 15:20:22.781,16148,16149,16148,1,-1
2021-03-17 15:20:22.781,16148,16149,16147,14,-14
2021-03-17 15:20:22.781,16148,16149,16146,1,-1
2021-03-17 15:20:22.894,16146,16148,16146,1,-1
2021-03-17 15:20:22.960,16146,16148,16146,2,-2
2021-03-17 15:20:23.059,16146,16148,16146,1,-1
2021-03-17 15:20:23.112,16146,16148,16146,1,-1
2021-03-17 15:20:23.148,16146,16148,16146,1,-1
2021-03-17 15:20:23.153,16146,16148,16146,1,-1
2021-03-17 15:20:23.154,16146,16148,16146,1,-1
2021-03-17 15:20:23.154,16146,16148,16146,1,-1
2021-03-17 15:20:23.155,16146,16148,16146,1,-1
2021-03-17 15:20:23.155,16146,16148,16146,1,-1
2021-03-17 15:20:23.156,16146,16148,16146,1,-1
2021-03-17 15:20:23.156,16146,16148,16145,1,-1
2021-03-17 15:20:23.199,16146,16148,16145,1,-1
2021-03-17 15:20:23.245,16146,16148,16145,1,-1
2021-03-17 15:20:23.249,16146,16148,16145,1,-1
2021-03-17 15:20:23.257,16146,16148,16145,2,-2
2021-03-17 15:20:23.331,16145,16147,16145,1,-1
2021-03-17 15:20:23.362,16145,16147,16145,1,-1
2021-03-17 15:20:23.370,16145,16147,16145,1,-1
2021-03-17 15:20:23.378,16145,16147,16145,1,-1
2021-03-17 15:20:23.449,16145,16147,16145,1,-1
2021-03-17 15:20:23.465,16145,16147,16145,1,-1
2021-03-17 15:20:23.479,16145,16147,16145,1,-1
2021-03-17 15:20:23.485,16145,16147,16145,1,-1
2021-03-17 15:20:23.505,16145,16147,16145,1,-1
2021-03-17 15:20:23.525,16145,16146,16145,1,-1
2021-03-17 15:20:23.529,16145,16146,16145,1,-1
2021-03-17 15:20:23.531,16145,16146,16145,1,-1
2021-03-17 15:20:23.550,16145,16146,16145,1,-1
2021-03-17 15:20:23.550,16145,16146,16145,1,-1
2021-03-17 15:20:23.551,16145,16146,16145,1,-1
2021-03-17 15:20:23.606,16145,16146,16145,1,-1
2021-03-17 15:20:23.607,16145,16146,16145,2,-2
2021-03-17 15:20:23.612,16145,16146,16145,1,-1
2021-03-17 15:20:23.617,16145,16146,16145,1,-1
2021-03-17 15:20:23.628,16145,16146,16145,1,-1
2021-03-17 15:20:23.656,16145,16146,16145,1,-1
2021-03-17 15:20:23.681,16145,16146,16144,1,-1
2021-03-17 15:20:23.696,16145,16146,16144,1,-1
2021-03-17 15:20:23.701,16145,16146,16144,1,-1
2021-03-17 15:20:23.784,16144,16146,16144,1,-1
2021-03-17 15:20:23.879,16144,16146,16144,1,-1
2021-03-17 15:20:27.415,16145,16147,16145,1,1
2021-03-17 15:20:27.415,16145,16147,16144,5,-5
2021-03-17 15:20:29.640,16145,16147,16147,1,1
2021-03-17 15:20:29.876,16145,16147,16145,1,-1
2021-03-17 15:20:30.877,16145,16146,16146,1,1
2021-03-17 15:20:33.921,16145,16146,16145,1,-1
2021-03-17 15:20:34.787,16144,16145,16145,1,1
2021-03-17 15:20:34.968,16144,16145,16144,1,-1
2021-03-17 15:20:38.392,16144,16145,16145,2,2
2021-03-17 15:20:38.481,16144,16145,16144,1,-1
2021-03-17 15:20:39.212,16144,16145,16144,1,-1
2021-03-17 15:20:39.379,16144,16145,16144,1,-1
2021-03-17 15:20:40.062,16144,16145,16145,2,2
2021-03-17 15:20:42.198,16144,16145,16144,1,-1
2021-03-17 15:20:43.574,16144,16145,16144,1,-1
2021-03-17 15:20:46.453,16144,16145,16144,2,-2
2021-03-17 15:20:47.622,16144,16145,16144,1,-1
2021-03-17 15:20:48.100,16143,16144,16144,1,1
2021-03-17 15:20:49.765,16144,16145,16144,1,-1
2021-03-17 15:20:49.966,16144,16145,16144,2,-2
2021-03-17 15:20:50.575,16144,16145,16145,1,1
2021-03-17 15:20:51.086,16144,16145,16145,1,1
2021-03-17 15:20:51.486,16144,16145,16144,1,-1
2021-03-17 15:20:53.354,16144,16145,16144,1,-1
2021-03-17 15:20:54.278,16143,16144,16144,1,1
2021-03-17 15:20:54.999,16144,16145,16144,2,-2
2021-03-17 15:20:55.800,16143,16145,16143,10,-10
2021-03-17 15:20:55.909,16143,16144,16143,1,-1
2021-03-17 15:20:55.939,16143,16144,16143,5,-5
2021-03-17 15:20:55.939,16143,16144,16142,15,-15
2021-03-17 15:20:55.940,16143,16144,16142,1,-1
2021-03-17 15:20:56.041,16141,16143,16142,1,-1
2021-03-17 15:20:56.363,16141,16143,16141,1,-1
2021-03-17 15:20:56.433,16141,16143,16141,2,-2
2021-03-17 15:20:56.560,16141,16142,16141,1,-1
2021-03-17 15:20:56.562,16141,16142,16141,1,-1
2021-03-17 15:20:56.617,16141,16142,16142,1,1
2021-03-17 15:21:05.679,16142,16143,16142,1,-1
2021-03-17 15:21:06.756,16142,16143,16143,1,1
2021-03-17 15:21:09.147,16142,16143,16143,3,3
2021-03-17 15:21:09.265,16142,16144,16142,1,-1
2021-03-17 15:21:09.265,16142,16144,16142,1,-1
2021-03-17 15:21:09.265,16142,16144,16142,1,-1
2021-03-17 15:21:09.265,16142,16144,16142,1,-1
2021-03-17 15:21:09.266,16142,16144,16142,1,-1
2021-03-17 15:21:09.266,16142,16144,16142,1,-1
2021-03-17 15:21:09.266,16142,16144,16142,1,-1
2021-03-17 15:21:09.266,16142,16144,16142,1,-1
2021-03-17 15:21:09.266,16142,16144,16142,1,-1
2021-03-17 15:21:09.267,16142,16144,16142,1,-1
2021-03-17 15:21:11.507,16142,16143,16143,1,1
2021-03-17 15:21:14.078,16142,16143,16143,1,1
2021-03-17 15:21:16.073,16142,16143,16143,1,1
2021-03-17 15:21:17.538,16142,16143,16143,1,1
2021-03-17 15:21:18.581,16142,16143,16143,1,1
2021-03-17 15:21:19.257,16143,16144,16143,1,-1
2021-03-17 15:21:20.089,16143,16144,16144,1,1
2021-03-17 15:21:21.987,16143,16144,16144,1,1
2021-03-17 15:21:22.694,16143,16144,16143,1,-1
2021-03-17 15:21:24.592,16143,16144,16143,1,-1
2021-03-17 15:21:25.165,16143,16144,16144,1,1
2021-03-17 15:21:26.460,16143,16144,16143,2,-2
2021-03-17 15:21:28.061,16143,16144,16144,1,1
2021-03-17 15:21:28.415,16143,16144,16143,1,-1
2021-03-17 15:21:28.630,16143,16144,16143,1,-1
2021-03-17 15:21:32.139,16143,16144,16143,2,-2
2021-03-17 15:21:32.139,16143,16144,16142,2,-2
2021-03-17 15:21:35.368,16143,16144,16143,1,1
2021-03-17 15:21:36.969,16143,16144,16144,2,2
2021-03-17 15:21:37.828,16144,16145,16145,10,10
2021-03-17 15:21:38.070,16145,16146,16146,3,3
2021-03-17 15:21:39.739,16145,16147,16145,3,-3
2021-03-17 15:21:41.240,16146,16147,16146,1,1
2021-03-17 15:21:41.433,16145,16146,16146,1,1
2021-03-17 15:21:42.760,16146,16147,16146,1,-1
2021-03-17 15:21:43.450,16146,16147,16146,1,-1
2021-03-17 15:21:48.818,16146,16147,16146,1,-1
2021-03-17 15:21:52.352,16146,16147,16146,1,-1
2021-03-17 15:21:52.390,16146,16147,16146,1,-1
2021-03-17 15:21:52.390,16146,16147,16146,1,-1
2021-03-17 15:21:53.467,16145,16146,16146,1,1
2021-03-17 15:21:53.468,16145,16146,16146,1,1
2021-03-17 15:22:01.589,16146,16147,16146,3,-3
2021-03-17 15:22:01.589,16146,16147,16145,1,-1
2021-03-17 15:22:01.937,16145,16147,16145,1,-1
2021-03-17 15:22:10.973,16145,16146,16145,1,-1
2021-03-17 15:22:15.182,16145,16146,16145,1,-1
2021-03-17 15:22:20.485,16145,16146,16145,2,-2
2021-03-17 15:22:22.196,16145,16146,16145,3,-3
2021-03-17 15:22:22.770,16144,16146,16146,1,1
2021-03-17 15:22:25.043,16144,16146,16145,1,-1
2021-03-17 15:22:27.233,16144,16145,16145,1,1
2021-03-17 15:22:29.482,16144,16145,16145,1,1
2021-03-17 15:22:38.565,16144,16145,16144,1,-1
2021-03-17 15:22:40.274,16143,16145,16145,1,1
2021-03-17 15:22:46.625,16143,16145,16144,1,-1
2021-03-17 15:22:48.888,16143,16144,16144,3,3
2021-03-17 15:22:49.802,16144,16145,16145,1,1
2021-03-17 15:22:52.726,16144,16145,16144,2,-2
2021-03-17 15:22:53.306,16144,16145,16144,2,-2
2021-03-17 15:22:57.933,16144,16145,16144,1,-1
2021-03-17 15:22:58.539,16143,16144,16144,1,1
2021-03-17 15:23:01.354,16143,16145,16143,1,-1
2021-03-17 15:23:03.286,16144,16145,16144,1,1
2021-03-17 15:23:06.612,16143,16144,16144,1,1
2021-03-17 15:23:09.097,16143,16144,16144,1,1
2021-03-17 15:23:10.272,16143,16145,16145,1,1
2021-03-17 15:23:11.351,16143,16145,16143,1,-1
2021-03-17 15:23:18.136,16143,16145,16143,1,-1
2021-03-17 15:23:50.569,16143,16144,16144,3,3
2021-03-17 15:23:50.871,16144,16145,16144,2,-2
2021-03-17 15:23:50.871,16144,16145,16143,1,-1
2021-03-17 15:23:59.108,16144,16145,16144,1,1
2021-03-17 15:23:59.744,16144,16145,16145,21,21
2021-03-17 15:24:01.539,16144,16145,16145,1,1
2021-03-17 15:24:02.080,16145,16146,16145,2,-2
2021-03-17 15:24:02.081,16145,16146,16144,2,-2
2021-03-17 15:24:06.688,16144,16145,16144,1,-1
2021-03-17 15:24:09.943,16144,16145,16145,1,1
2021-03-17 15:24:10.201,16144,16146,16144,5,-5
2021-03-17 15:24:15.589,16145,16146,16145,1,1
2021-03-17 15:24:16.329,16144,16145,16144,1,-1
2021-03-17 15:24:20.108,16144,16145,16144,1,-1
2021-03-17 15:24:24.566,16144,16145,16144,2,-2
2021-03-17 15:24:25.798,16144,16145,16145,1,1
2021-03-17 15:24:29.110,16144,16145,16145,4,4
2021-03-17 15:24:29.313,16145,16146,16145,1,-1
2021-03-17 15:24:34.099,16144,16146,16146,3,3
2021-03-17 15:24:35.253,16144,16145,16145,1,1
2021-03-17 15:24:36.860,16144,16146,16146,1,1
2021-03-17 15:24:39.114,16144,16146,16144,2,-2
2021-03-17 15:24:40.174,16145,16146,16146,1,1
2021-03-17 15:24:47.134,16145,16146,16146,4,4
2021-03-17 15:24:49.810,16145,16146,16146,2,2
2021-03-17 15:24:53.375,16146,16147,16146,1,-1
2021-03-17 15:24:54.547,16146,16147,16146,1,-1
2021-03-17 15:24:58.162,16145,16147,16145,3,-3
2021-03-17 15:25:01.901,16145,16147,16147,1,1
2021-03-17 15:25:03.822,16145,16146,16146,1,1
2021-03-17 15:25:12.193,16146,16147,16146,1,-1
2021-03-17 15:25:14.918,16146,16147,16147,1,1
2021-03-17 15:25:15.840,16146,16147,16147,1,1
2021-03-17 15:25:15.840,16146,16147,16147,2,2
2021-03-17 15:25:17.195,16146,16147,16146,1,-1
2021-03-17 15:25:25.573,16146,16147,16147,2,2
2021-03-17 15:25:26.705,16146,16147,16147,4,4
2021-03-17 15:25:29.955,16147,16148,16147,1,-1
2021-03-17 15:25:31.481,16147,16148,16147,1,-1
2021-03-17 15:25:31.491,16147,16148,16147,1,-1
2021-03-17 15:25:32.782,16147,16148,16148,1,1
2021-03-17 15:25:34.065,16147,16148,16147,1,-1
2021-03-17 15:25:40.182,16147,16148,16147,1,-1
2021-03-17 15:25:44.577,16147,16148,16148,1,1
2021-03-17 15:25:44.845,16147,16148,16147,1,-1
2021-03-17 15:25:47.216,16147,16148,16148,1,1
2021-03-17 15:25:55.541,16147,16148,16148,2,2
2021-03-17 15:26:02.505,16147,16148,16147,4,-4
2021-03-17 15:26:02.505,16147,16148,16146,4,-4
2021-03-17 15:26:02.725,16146,16147,16147,1,1
2021-03-17 15:26:03.180,16146,16148,16146,2,-2
2021-03-17 15:26:05.734,16146,16148,16148,2,2
2021-03-17 15:26:11.025,16146,16148,16148,1,1
2021-03-17 15:26:17.738,16147,16148,16147,1,-1
2021-03-17 15:26:20.092,16146,16148,16146,1,-1
2021-03-17 15:26:20.400,16146,16148,16148,1,1
2021-03-17 15:26:30.600,16147,16148,16147,1,-1
2021-03-17 15:26:36.784,16146,16147,16147,1,1
2021-03-17 15:26:40.565,16146,16147,16147,2,2
2021-03-17 15:26:46.204,16146,16147,16147,1,1
2021-03-17 15:26:47.050,16146,16147,16146,1,-1
2021-03-17 15:26:52.702,16146,16147,16146,1,-1
2021-03-17 15:26:57.948,16146,16147,16147,1,1
2021-03-17 15:27:07.505,16146,16147,16146,7,-7
2021-03-17 15:27:08.414,16145,16146,16146,1,1
2021-03-17 15:27:16.585,16145,16146,16146,3,3
2021-03-17 15:27:19.775,16145,16146,16145,8,-8
2021-03-17 15:27:19.776,16145,16146,16144,9,-9
2021-03-17 15:27:23.955,16143,16145,16143,19,-19
2021-03-17 15:27:23.957,16143,16145,16143,1,-1
2021-03-17 15:27:23.962,16143,16145,16142,1,-1
2021-03-17 15:27:23.962,16143,16145,16142,1,-1
2021-03-17 15:27:32.774,16142,16144,16142,1,-1
2021-03-17 15:27:35.616,16142,16144,16143,1,1
2021-03-17 15:27:40.435,16143,16144,16143,1,-1
2021-03-17 15:27:42.794,16143,16144,16144,1,1
2021-03-17 15:27:50.169,16143,16144,16144,2,2
2021-03-17 15:27:52.680,16143,16145,16145,2,2
2021-03-17 15:27:54.623,16143,16145,16143,3,-3
2021-03-17 15:27:55.793,16142,16144,16144,1,1
2021-03-17 15:28:03.157,16143,16145,16144,1,-1
2021-03-17 15:28:25.843,16143,16144,16144,1,1
2021-03-17 15:28:27.650,16143,16144,16143,2,-2
2021-03-17 15:28:28.704,16143,16144,16144,1,1
2021-03-17 15:28:30.656,16143,16144,16143,1,-1
2021-03-17 15:28:31.453,16142,16143,16143,1,1
2021-03-17 15:28:41.044,16142,16143,16142,9,-9
2021-03-17 15:28:41.044,16142,16143,16142,1,-1
2021-03-17 15:28:41.044,16142,16143,16142,8,-8
2021-03-17 15:28:42.573,16142,16143,16142,1,-1
2021-03-17 15:28:42.573,16142,16143,16141,1,-1
2021-03-17 15:28:42.904,16141,16143,16143,1,1
2021-03-17 15:28:42.909,16141,16143,16141,1,-1
2021-03-17 15:28:42.929,16141,16143,16141,3,-3
2021-03-17 15:28:42.980,16141,16143,16141,3,-3
2021-03-17 15:28:43.073,16141,16143,16141,1,-1
2021-03-17 15:28:43.169,16141,16143,16141,1,-1
2021-03-17 15:28:43.169,16141,16143,16141,1,-1
2021-03-17 15:28:43.219,16141,16143,16140,1,-1
2021-03-17 15:28:43.256,16141,16143,16140,1,-1
2021-03-17 15:28:43.259,16141,16143,16140,1,-1
2021-03-17 15:28:43.282,16140,16142,16140,1,-1
2021-03-17 15:28:43.291,16140,16142,16140,1,-1
2021-03-17 15:28:43.303,16140,16142,16140,1,-1
2021-03-17 15:28:43.329,16140,16142,16140,1,-1
2021-03-17 15:28:43.443,16140,16142,16140,1,-1
2021-03-17 15:28:45.799,16140,16142,16140,1,-1
2021-03-17 15:28:45.802,16140,16142,16140,1,-1
2021-03-17 15:28:51.211,16141,16142,16142,3,3
2021-03-17 15:28:51.211,16141,16142,16142,1,1
2021-03-17 15:28:51.590,16141,16143,16141,1,-1
2021-03-17 15:28:54.138,16142,16143,16143,1,1
2021-03-17 15:28:59.755,16142,16143,16142,1,-1
2021-03-17 15:29:00.442,16142,16143,16143,1,1
2021-03-17 15:29:00.802,16142,16143,16142,2,-2
2021-03-17 15:29:00.802,16142,16143,16141,2,-2
2021-03-17 15:29:01.407,16141,16143,16142,1,1
2021-03-17 15:29:05.590,16142,16143,16142,1,-1
2021-03-17 15:29:08.576,16142,16143,16142,1,-1
2021-03-17 15:29:11.936,16141,16142,16141,2,-2
2021-03-17 15:29:16.643,16141,16142,16141,1,-1
2021-03-17 15:29:18.772,16141,16142,16141,2,-2
2021-03-17 15:29:19.772,16141,16142,16141,1,-1
2021-03-17 15:29:25.934,16141,16142,16141,1,-1
2021-03-17 15:29:28.398,16141,16142,16141,4,-4
2021-03-17 15:29:29.916,16140,16142,16141,1,-1
2021-03-17 15:29:35.635,16141,16142,16141,1,-1
2021-03-17 15:29:36.559,16141,16142,16141,1,-1
2021-03-17 15:29:38.382,16141,16142,16141,1,-1
2021-03-17 15:29:39.909,16141,16142,16141,1,-1
2021-03-17 15:29:47.265,16141,16142,16142,2,2
2021-03-17 15:29:48.595,16141,16142,16142,5,5
2021-03-17 15:29:54.818,16141,16143,16142,1,-1
2021-03-17 15:30:00.542,16142,16143,16143,2,2
2021-03-17 15:30:00.545,16142,16143,16143,2,2
2021-03-17 15:30:00.833,16142,16144,16142,1,-1
2021-03-17 15:30:00.875,16142,16144,16142,1,-1
2021-03-17 15:30:00.882,16142,16144,16142,1,-1
2021-03-17 15:30:00.938,16142,16144,16142,1,-1
2021-03-17 15:30:00.946,16142,16144,16142,2,-2
2021-03-17 15:30:00.949,16142,16144,16142,1,-1
2021-03-17 15:30:01.003,16142,16144,16142,4,-4
2021-03-17 15:30:01.003,16142,16144,16141,2,-2
2021-03-17 15:30:01.090,16141,16143,16141,2,-2
2021-03-17 15:30:01.092,16141,16143,16141,2,-2
2021-03-17 15:30:01.100,16141,16143,16141,2,-2
2021-03-17 15:30:01.362,16140,16143,16143,2,2
2021-03-17 15:30:01.362,16140,16143,16143,2,2
2021-03-17 15:30:01.362,16140,16143,16144,1,1
2021-03-17 15:30:01.368,16140,16143,16144,1,1
2021-03-17 15:30:01.370,16140,16143,16144,1,1
2021-03-17 15:30:01.375,16140,16143,16144,2,2
2021-03-17 15:30:01.496,16142,16145,16145,2,2
2021-03-17 15:30:01.646,16144,16145,16144,1,-1
2021-03-17 15:30:01.646,16144,16145,16142,1,-1
2021-03-17 15:30:01.648,16144,16145,16142,1,-1
2021-03-17 15:30:01.681,16144,16145,16142,1,-1
2021-03-17 15:30:01.800,16141,16144,16144,2,2
2021-03-17 15:30:01.950,16141,16144,16142,1,-1
2021-03-17 15:30:04.458,16142,16144,16142,1,-1
2021-03-17 15:30:04.458,16142,16144,16141,1,-1
2021-03-17 15:30:06.821,16141,16142,16142,1,1
2021-03-17 15:30:08.729,16141,16142,16142,5,5
2021-03-17 15:30:12.513,16141,16142,16141,1,-1
2021-03-17 15:30:16.265,16141,16142,16141,1,-1
2021-03-17 15:30:27.240,16140,16141,16141,1,1
2021-03-17 15:30:27.794,16140,16141,16140,1,-1
2021-03-17 15:30:28.106,16140,16141,16140,1,-1
2021-03-17 15:30:28.164,16140,16141,16140,2,-2
2021-03-17 15:30:28.177,16140,16141,16140,1,-1
2021-03-17 15:30:28.178,16140,16141,16140,6,-6
2021-03-17 15:30:28.178,16140,16141,16140,4,-4
2021-03-17 15:30:28.229,16140,16141,16139,2,-2
2021-03-17 15:30:28.277,16139,16141,16139,1,-1
2021-03-17 15:30:28.317,16139,16141,16139,1,-1
2021-03-17 15:30:28.332,16139,16141,16139,1,-1
2021-03-17 15:30:28.339,16139,16141,16139,2,-2
2021-03-17 15:30:28.364,16139,16141,16139,2,-2
2021-03-17 15:30:28.364,16139,16141,16138,10,-10
2021-03-17 15:30:28.398,16138,16140,16138,2,-2
2021-03-17 15:30:28.401,16138,16140,16138,1,-1
2021-03-17 15:30:28.421,16138,16140,16137,1,-1
2021-03-17 15:30:28.449,16138,16140,16137,2,-2
2021-03-17 15:30:28.464,16138,16140,16137,1,-1
2021-03-17 15:30:28.511,16138,16140,16137,1,-1
2021-03-17 15:30:28.659,16137,16139,16137,1,-1
2021-03-17 15:30:28.701,16137,16139,16137,1,-1
2021-03-17 15:30:28.716,16137,16139,16137,1,-1
2021-03-17 15:30:28.794,16137,16138,16137,6,-6
2021-03-17 15:30:28.960,16137,16138,16137,1,-1
2021-03-17 15:30:30.895,16137,16139,16137,1,-1
2021-03-17 15:30:30.926,16137,16139,16137,2,-2
2021-03-17 15:30:31.297,16137,16138,16138,1,1
2021-03-17 15:30:32.456,16137,16138,16137,1,-1
2021-03-17 15:30:33.351,16137,16138,16138,1,1
2021-03-17 15:30:33.896,16137,16138,16137,1,-1
2021-03-17 15:30:35.979,16137,16138,16137,1,-1
2021-03-17 15:30:36.274,16137,16138,16137,1,-1
2021-03-17 15:30:36.832,16137,16138,16137,1,-1
2021-03-17 15:30:38.057,16137,16138,16137,4,-4
2021-03-17 15:30:38.057,16137,16138,16137,1,-1
2021-03-17 15:30:38.595,16136,16138,16136,2,-2
2021-03-17 15:30:38.715,16136,16138,16136,1,-1
2021-03-17 15:30:39.323,16137,16138,16137,1,1
2021-03-17 15:30:41.458,16137,16138,16138,2,2
2021-03-17 15:30:42.423,16137,16140,16137,1,-1
2021-03-17 15:30:43.660,16137,16140,16140,1,1
2021-03-17 15:30:45.580,16137,16139,16137,2,-2
2021-03-17 15:30:45.931,16136,16139,16139,3,3
2021-03-17 15:30:53.242,16137,16140,16138,1,-1
2021-03-17 15:30:54.387,16137,16140,16140,1,1
2021-03-17 15:30:57.293,16138,16139,16139,4,4
2021-03-17 15:30:59.244,16138,16140,16138,1,-1
2021-03-17 15:31:02.381,16138,16140,16139,1,1
2021-03-17 15:31:02.993,16139,16140,16139,1,-1
2021-03-17 15:31:07.388,16139,16140,16140,5,5
2021-03-17 15:31:07.515,16139,16141,16139,1,-1
2021-03-17 15:31:07.515,16139,16141,16139,1,-1
2021-03-17 15:31:07.515,16139,16141,16139,1,-1
2021-03-17 15:31:07.980,16139,16140,16140,1,1
2021-03-17 15:31:08.937,16139,16141,16139,6,-6
2021-03-17 15:31:08.938,16139,16141,16139,11,-11
2021-03-17 15:31:08.938,16139,16141,16139,1,-1
2021-03-17 15:31:10.388,16138,16139,16139,1,1
2021-03-17 15:31:14.818,16139,16141,16139,1,-1
2021-03-17 15:31:15.892,16138,16140,16139,1,-1
2021-03-17 15:31:18.470,16138,16140,16138,3,-3
2021-03-17 15:31:20.865,16138,16140,16138,1,-1
2021-03-17 15:31:20.890,16138,16140,16138,1,-1
2021-03-17 15:31:20.890,16138,16140,16138,1,-1
2021-03-17 15:31:20.891,16138,16140,16138,1,-1
2021-03-17 15:31:20.891,16138,16140,16138,1,-1
2021-03-17 15:31:20.891,16138,16140,16138,1,-1
2021-03-17 15:31:20.892,16138,16140,16138,1,-1
2021-03-17 15:31:20.892,16138,16140,16138,1,-1
2021-03-17 15:31:20.892,16138,16140,16138,3,-3
2021-03-17 15:31:20.900,16138,16140,16138,1,-1
2021-03-17 15:31:25.108,16139,16140,16139,1,1
2021-03-17 15:31:25.415,16138,16140,16138,1,-1
2021-03-17 15:31:29.168,16138,16140,16138,1,-1
2021-03-17 15:31:31.621,16139,16140,16139,1,1
2021-03-17 15:31:31.640,16138,16140,16138,1,-1
2021-03-17 15:31:38.727,16138,16139,16138,5,-5
2021-03-17 15:31:41.363,16137,16138,16138,1,1
2021-03-17 15:31:42.909,16137,16139,16138,1,-1
2021-03-17 15:31:44.795,16138,16139,16138,1,-1
2021-03-17 15:31:44.796,16138,16139,16138,1,-1
2021-03-17 15:31:51.340,16138,16139,16138,1,-1
2021-03-17 15:31:52.753,16137,16139,16137,4,-4
2021-03-17 15:31:59.111,16137,16138,16138,1,1
2021-03-17 15:32:02.436,16137,16138,16138,1,1
2021-03-17 15:32:03.512,16137,16138,16138,1,1
2021-03-17 15:32:05.481,16137,16138,16138,1,1
2021-03-17 15:32:07.103,16137,16138,16138,2,2
2021-03-17 15:32:10.209,16137,16138,16137,5,-5
2021-03-17 15:32:20.856,16137,16138,16137,1,-1
2021-03-17 15:32:24.464,16137,16138,16138,1,1
2021-03-17 15:32:24.515,16137,16138,16138,1,1
2021-03-17 15:32:24.516,16137,16138,16138,1,1
2021-03-17 15:32:24.516,16137,16138,16139,1,1
2021-03-17 15:32:24.516,16137,16138,16139,1,1
2021-03-17 15:32:24.516,16137,16138,16139,1,1
2021-03-17 15:32:24.517,16137,16138,16139,1,1
2021-03-17 15:32:25.749,16137,16139,16137,1,-1
2021-03-17 15:32:28.728,16137,16139,16139,2,2
2021-03-17 15:32:29.371,16137,16139,16139,1,1
2021-03-17 15:32:29.390,16137,16139,16139,1,1
2021-03-17 15:32:29.390,16137,16139,16139,1,1
2021-03-17 15:32:29.390,16137,16139,16139,1,1
2021-03-17 15:32:29.390,16137,16139,16139,1,1
2021-03-17 15:32:29.390,16137,16139,16139,1,1
2021-03-17 15:32:32.177,16138,16139,16138,1,-1
2021-03-17 15:32:32.470,16138,16139,16138,3,-3
2021-03-17 15:32:32.768,16138,16139,16138,1,-1
2021-03-17 15:32:33.388,16138,16139,16139,4,4
2021-03-17 15:32:35.364,16138,16140,16138,1,-1
2021-03-17 15:32:43.378,16138,16139,16138,5,-5
2021-03-17 15:32:57.089,16138,16139,16138,2,-2
2021-03-17 15:32:57.089,16138,16139,16137,3,-3
2021-03-17 15:32:57.140,16137,16139,16139,1,1
2021-03-17 15:32:57.140,16137,16139,16139,1,1
2021-03-17 15:32:57.140,16137,16139,16139,1,1
2021-03-17 15:32:57.140,16137,16139,16139,1,1
2021-03-17 15:32:57.140,16137,16139,16139,1,1
2021-03-17 15:32:57.140,16137,16139,16139,1,1
2021-03-17 15:32:57.140,16137,16139,16139,1,1
2021-03-17 15:32:57.141,16137,16139,16139,1,1
2021-03-17 15:32:57.141,16137,16139,16139,1,1
2021-03-17 15:32:57.142,16137,16139,16139,1,1
2021-03-17 15:32:57.142,16137,16139,16139,1,1
2021-03-17 15:32:57.661,16137,16139,16139,1,1
2021-03-17 15:33:08.888,16138,16139,16139,1,1
2021-03-17 15:33:09.173,16138,16139,16138,1,-1
2021-03-17 15:33:09.173,16138,16139,16138,1,-1
2021-03-17 15:33:09.309,16138,16139,16138,1,-1
2021-03-17 15:33:09.320,16138,16139,16137,1,-1
2021-03-17 15:33:09.324,16138,16139,16137,1,-1
2021-03-17 15:33:09.339,16138,16139,16137,1,-1
2021-03-17 15:33:09.349,16138,16139,16137,1,-1
2021-03-17 15:33:16.642,16138,16139,16139,2,2
2021-03-17 15:33:16.862,16138,16140,16138,1,-1
2021-03-17 15:33:20.027,16138,16140,16138,1,-1
2021-03-17 15:33:20.920,16137,16140,16137,10,-10
2021-03-17 15:33:20.921,16137,16140,16137,17,-17
2021-03-17 15:33:28.180,16137,16138,16137,1,-1
2021-03-17 15:33:28.853,16137,16138,16137,2,-2
2021-03-17 15:33:29.005,16137,16138,16137,2,-2
2021-03-17 15:33:29.076,16137,16138,16137,2,-2
2021-03-17 15:33:29.119,16137,16138,16136,6,-6
2021-03-17 15:33:31.630,16136,16138,16137,1,1
2021-03-17 15:33:35.063,16136,16137,16136,2,-2
2021-03-17 15:33:35.158,16136,16137,16136,2,-2
2021-03-17 15:33:35.159,16136,16137,16136,4,-4
2021-03-17 15:33:35.159,16136,16137,16136,5,-5
2021-03-17 15:33:35.208,16136,16137,16136,2,-2
2021-03-17 15:33:35.242,16136,16137,16136,6,-6
2021-03-17 15:33:35.243,16136,16137,16136,1,-1
2021-03-17 15:33:35.243,16136,16137,16136,4,-4
2021-03-17 15:33:36.903,16135,16136,16135,5,-5
2021-03-17 15:33:36.903,16135,16136,16135,15,-15
2021-03-17 15:33:37.058,16134,16136,16135,4,-4
2021-03-17 15:33:37.200,16134,16136,16134,1,-1
2021-03-17 15:33:37.250,16134,16136,16134,1,-1
2021-03-17 15:33:37.308,16134,16136,16134,1,-1
2021-03-17 15:33:37.353,16134,16136,16134,1,-1
2021-03-17 15:33:37.596,16134,16136,16134,1,-1
2021-03-17 15:33:37.616,16134,16136,16134,1,-1
2021-03-17 15:33:40.267,16134,16135,16134,1,-1
2021-03-17 15:33:41.102,16133,16135,16135,2,2
2021-03-17 15:33:41.546,16133,16134,16134,1,1
2021-03-17 15:33:42.060,16133,16134,16134,1,1
2021-03-17 15:33:43.438,16133,16135,16133,3,-3
2021-03-17 15:33:43.521,16133,16135,16133,5,-5
2021-03-17 15:33:43.593,16133,16135,16133,1,-1
2021-03-17 15:33:43.898,16133,16135,16133,1,-1
2021-03-17 15:33:43.912,16133,16135,16133,1,-1
2021-03-17 15:33:44.138,16133,16135,16133,1,-1
2021-03-17 15:33:44.576,16133,16134,16134,1,1
2021-03-17 15:33:46.453,16133,16135,16135,1,1
2021-03-17 15:33:48.022,16133,16135,16134,1,-1
2021-03-17 15:33:48.026,16133,16135,16135,1,1
2021-03-17 15:33:48.867,16134,16135,16134,1,-1
2021-03-17 15:33:51.302,16134,16135,16134,1,-1
2021-03-17 15:33:51.719,16133,16135,16133,5,-5
2021-03-17 15:33:53.027,16134,16135,16135,4,4
2021-03-17 15:33:54.168,16134,16135,16134,1,-1
2021-03-17 15:33:54.710,16134,16135,16134,1,-1
2021-03-17 15:33:55.340,16133,16135,16133,10,-10
2021-03-17 15:33:58.029,16133,16134,16134,4,4
2021-03-17 15:33:58.173,16133,16135,16135,1,1
2021-03-17 15:34:00.456,16134,16135,16135,1,1
2021-03-17 15:34:00.666,16134,16135,16134,1,-1
2021-03-17 15:34:00.888,16134,16135,16134,1,-1
2021-03-17 15:34:01.239,16134,16135,16134,1,-1
2021-03-17 15:34:01.502,16134,16135,16134,1,-1
2021-03-17 15:34:03.136,16134,16135,16134,3,-3
2021-03-17 15:34:03.538,16134,16135,16134,5,-5
2021-03-17 15:34:04.315,16134,16135,16134,5,-5
2021-03-17 15:34:04.923,16133,16135,16134,1,-1
2021-03-17 15:34:06.560,16134,16135,16134,2,-2
2021-03-17 15:34:06.827,16133,16134,16133,3,-3
2021-03-17 15:34:08.513,16133,16134,16134,1,1
2021-03-17 15:34:08.515,16133,16134,16133,1,-1
2021-03-17 15:34:09.353,16133,16134,16134,1,1
2021-03-17 15:34:09.924,16133,16134,16134,2,2
2021-03-17 15:34:11.028,16133,16135,16133,5,-5
2021-03-17 15:34:15.536,16133,16135,16134,1,1
2021-03-17 15:34:17.164,16133,16135,16133,1,-1
2021-03-17 15:34:18.181,16133,16135,16133,5,-5
2021-03-17 15:34:20.536,16133,16135,16134,1,1
2021-03-17 15:34:25.538,16133,16134,16134,1,1
2021-03-17 15:34:25.900,16133,16135,16133,1,-1
2021-03-17 15:34:27.573,16133,16135,16134,1,1
2021-03-17 15:34:33.634,16133,16135,16134,1,-1
2021-03-17 15:34:33.640,16133,16135,16133,1,-1
2021-03-17 15:34:33.640,16133,16135,16133,1,-1
2021-03-17 15:34:33.640,16133,16135,16133,1,-1
2021-03-17 15:34:33.640,16133,16135,16133,1,-1
2021-03-17 15:34:33.640,16133,16135,16133,1,-1
2021-03-17 15:34:33.640,16133,16135,16133,1,-1
2021-03-17 15:34:33.641,16133,16135,16133,1,-1
2021-03-17 15:34:33.641,16133,16135,16133,1,-1
2021-03-17 15:34:33.641,16133,16135,16133,1,-1
2021-03-17 15:34:33.641,16133,16135,16133,1,-1
2021-03-17 15:34:33.982,16133,16134,16134,1,1
2021-03-17 15:34:34.079,16133,16134,16133,1,-1
2021-03-17 15:34:35.594,16133,16134,16133,5,-5
2021-03-17 15:34:38.635,16132,16133,16133,1,1
2021-03-17 15:34:39.500,16132,16133,16132,1,-1
2021-03-17 15:34:39.542,16132,16133,16132,1,-1
2021-03-17 15:34:39.768,16132,16133,16132,1,-1
2021-03-17 15:34:40.715,16132,16133,16132,1,-1
2021-03-17 15:34:41.072,16132,16133,16132,6,-6
2021-03-17 15:34:42.541,16131,16132,16131,4,-4
2021-03-17 15:34:42.696,16131,16132,16131,4,-4
2021-03-17 15:34:42.697,16131,16132,16131,6,-6
2021-03-17 15:34:42.755,16131,16132,16131,2,-2
2021-03-17 15:34:42.763,16131,16132,16131,5,-5
2021-03-17 15:34:42.804,16131,16132,16131,1,-1
2021-03-17 15:34:42.810,16131,16132,16130,1,-1
2021-03-17 15:34:42.821,16131,16132,16130,1,-1
2021-03-17 15:34:42.828,16131,16132,16132,1,1
2021-03-17 15:34:42.864,16131,16132,16130,1,-1
2021-03-17 15:34:42.899,16130,16132,16130,1,-1
2021-03-17 15:34:42.945,16130,16132,16130,1,-1
2021-03-17 15:34:42.951,16130,16132,16130,1,-1
2021-03-17 15:34:42.984,16130,16132,16130,1,-1
2021-03-17 15:34:42.994,16130,16132,16132,3,3
2021-03-17 15:34:45.514,16130,16132,16132,7,7
2021-03-17 15:34:45.977,16131,16132,16131,1,-1
2021-03-17 15:34:46.840,16131,16132,16132,1,1
2021-03-17 15:34:46.840,16131,16132,16133,1,1
2021-03-17 15:34:46.869,16131,16132,16133,1,1
2021-03-17 15:34:50.515,16131,16132,16132,1,1
2021-03-17 15:34:51.877,16131,16132,16132,1,1
2021-03-17 15:34:53.480,16131,16133,16132,1,-1
2021-03-17 15:34:55.517,16132,16133,16133,4,4
2021-03-17 15:34:57.590,16132,16133,16133,9,9
2021-03-17 15:34:58.260,16132,16134,16132,2,-2
2021-03-17 15:35:01.513,16132,16133,16133,1,1
2021-03-17 15:35:01.638,16132,16133,16133,1,1
2021-03-17 15:35:01.764,16132,16134,16132,1,-1
2021-03-17 15:35:03.686,16132,16133,16133,1,1
2021-03-17 15:35:05.608,16132,16133,16132,5,-5
2021-03-17 15:35:13.825,16132,16133,16133,6,6
2021-03-17 15:35:18.513,16133,16134,16134,3,3
2021-03-17 15:35:24.828,16133,16134,16134,1,1
2021-03-17 15:35:24.890,16133,16134,16133,1,-1
2021-03-17 15:35:24.890,16133,16134,16133,1,-1
2021-03-17 15:35:25.677,16133,16134,16133,10,-10
2021-03-17 15:35:26.091,16132,16133,16133,1,1
2021-03-17 15:35:30.071,16132,16133,16133,6,6
2021-03-17 15:35:35.784,16133,16134,16134,1,1
2021-03-17 15:35:41.359,16133,16134,16133,1,-1
2021-03-17 15:35:44.341,16133,16134,16134,1,1
2021-03-17 15:35:47.066,16133,16134,16133,9,-9
2021-03-17 15:35:47.067,16133,16134,16133,7,-7
2021-03-17 15:35:49.771,16133,16134,16133,1,-1
2021-03-17 15:35:53.317,16133,16134,16133,1,-1
2021-03-17 15:35:54.774,16133,16134,16133,1,-1
2021-03-17 15:36:03.453,16133,16134,16133,1,-1
2021-03-17 15:36:03.722,16133,16134,16133,2,-2
2021-03-17 15:36:03.735,16133,16134,16133,2,-2
2021-03-17 15:36:04.466,16133,16134,16133,1,-1
2021-03-17 15:36:04.657,16132,16134,16132,2,-2
2021-03-17 15:36:07.747,16133,16134,16134,1,1
2021-03-17 15:36:08.373,16133,16134,16134,5,5
2021-03-17 15:36:08.373,16133,16134,16134,7,7
2021-03-17 15:36:09.148,16133,16135,16135,1,1
2021-03-17 15:36:09.430,16133,16135,16133,1,-1
2021-03-17 15:36:13.005,16134,16135,16135,2,2
2021-03-17 15:36:14.696,16134,16135,16135,1,1
2021-03-17 15:36:14.881,16134,16135,16135,2,2
2021-03-17 15:36:19.764,16134,16135,16135,12,12
2021-03-17 15:36:20.560,16134,16136,16136,1,1
2021-03-17 15:36:22.129,16134,16136,16135,1,-1
2021-03-17 15:36:23.480,16135,16136,16136,2,2
2021-03-17 15:36:24.223,16135,16136,16136,1,1
2021-03-17 15:36:24.223,16135,16136,16137,4,4
2021-03-17 15:36:24.296,16135,16137,16137,1,1
2021-03-17 15:36:26.572,16135,16136,16136,1,1
2021-03-17 15:36:26.712,16135,16137,16137,2,2
2021-03-17 15:36:26.799,16135,16137,16136,1,-1
2021-03-17 15:36:27.189,16135,16137,16137,1,1
2021-03-17 15:36:38.878,16136,16137,16137,2,2
2021-03-17 15:36:42.043,16136,16137,16137,1,1
2021-03-17 15:36:50.804,16136,16137,16137,1,1
2021-03-17 15:36:51.576,16136,16137,16137,7,7
2021-03-17 15:36:55.749,16137,16138,16137,1,-1
2021-03-17 15:36:56.024,16137,16138,16138,1,1
2021-03-17 15:36:58.598,16137,16138,16138,1,1
2021-03-17 15:37:05.371,16137,16138,16137,1,-1
2021-03-17 15:37:19.370,16137,16138,16137,1,-1
2021-03-17 15:37:21.208,16137,16138,16138,1,1
2021-03-17 15:37:21.496,16137,16138,16137,3,-3
2021-03-17 15:37:25.823,16137,16138,16138,1,1
2021-03-17 15:37:26.729,16137,16138,16138,10,10
2021-03-17 15:37:26.730,16137,16138,16138,1,1
2021-03-17 15:37:26.730,16137,16138,16138,1,1
2021-03-17 15:37:26.730,16137,16138,16138,1,1
2021-03-17 15:37:26.730,16137,16138,16138,1,1
2021-03-17 15:37:26.730,16137,16138,16138,2,2
2021-03-17 15:37:30.200,16138,16139,16139,10,10
2021-03-17 15:37:30.201,16138,16139,16139,1,1
2021-03-17 15:37:31.134,16138,16140,16138,1,-1
2021-03-17 15:37:34.088,16138,16139,16139,2,2
2021-03-17 15:37:40.181,16138,16139,16139,1,1
2021-03-17 15:37:47.537,16138,16139,16139,1,1
2021-03-17 15:37:48.203,16138,16139,16139,1,1
2021-03-17 15:37:51.832,16138,16139,16139,3,3
2021-03-17 15:37:52.384,16138,16139,16139,1,1
2021-03-17 15:37:55.070,16139,16140,16140,5,5
2021-03-17 15:37:55.313,16139,16140,16140,2,2
2021-03-17 15:37:56.242,16139,16140,16139,1,-1
2021-03-17 15:37:57.045,16139,16140,16139,2,-2
2021-03-17 15:37:58.517,16139,16140,16140,1,1
2021-03-17 15:37:58.880,16139,16140,16139,1,-1
2021-03-17 15:37:59.612,16139,16140,16139,1,-1
2021-03-17 15:38:02.958,16138,16139,16139,2,2
2021-03-17 15:38:07.374,16138,16139,16139,1,1
2021-03-17 15:38:08.819,16138,16140,16139,1,-1
2021-03-17 15:38:09.040,16138,16140,16138,10,-10
2021-03-17 15:38:09.696,16137,16138,16137,1,-1
2021-03-17 15:38:10.918,16137,16138,16137,3,-3
2021-03-17 15:38:16.986,16136,16137,16137,1,1
2021-03-17 15:38:34.500,16137,16138,16138,2,2
2021-03-17 15:38:38.589,16137,16138,16137,1,-1
2021-03-17 15:38:41.683,16137,16138,16138,1,1
2021-03-17 15:38:46.438,16137,16138,16138,2,2
2021-03-17 15:38:46.852,16137,16138,16138,1,1
2021-03-17 15:38:53.055,16137,16138,16138,1,1
2021-03-17 15:38:53.112,16137,16138,16138,2,2
2021-03-17 15:39:19.502,16137,16138,16137,1,-1
2021-03-17 15:39:21.750,16137,16138,16138,2,2
2021-03-17 15:39:52.469,16138,16139,16138,1,-1
2021-03-17 15:39:58.323,16138,16139,16139,1,1
2021-03-17 15:40:00.893,16138,16139,16139,6,6
2021-03-17 15:40:00.893,16138,16139,16139,4,4
2021-03-17 15:40:10.758,16139,16140,16140,1,1
2021-03-17 15:40:12.616,16139,16140,16140,9,9
2021-03-17 15:40:14.179,16140,16141,16141,1,1
2021-03-17 15:40:14.328,16140,16141,16141,1,1
2021-03-17 15:40:14.328,16140,16141,16141,5,5
2021-03-17 15:40:14.391,16140,16142,16142,1,1
2021-03-17 15:40:16.021,16141,16142,16142,1,1
2021-03-17 15:40:16.469,16141,16142,16142,1,1
2021-03-17 15:40:16.929,16141,16142,16142,7,7
2021-03-17 15:40:16.929,16141,16142,16143,3,3
2021-03-17 15:40:17.210,16141,16143,16143,1,1
2021-03-17 15:40:19.369,16142,16143,16143,1,1
2021-03-17 15:40:20.564,16142,16143,16143,5,5
2021-03-17 15:40:21.938,16142,16143,16143,1,1
2021-03-17 15:40:25.434,16142,16143,16143,1,1
2021-03-17 15:40:28.966,16142,16143,16143,10,10
2021-03-17 15:40:30.286,16142,16143,16142,5,-5
2021-03-17 15:40:30.328,16142,16143,16143,1,1
2021-03-17 15:40:30.680,16142,16143,16143,1,1
2021-03-17 15:40:31.111,16142,16143,16142,1,-1
2021-03-17 15:40:31.718,16141,16142,16142,2,2
2021-03-17 15:40:31.718,16141,16142,16143,1,1
2021-03-17 15:40:32.328,16141,16143,16143,1,1
2021-03-17 15:40:32.856,16141,16143,16143,1,1
2021-03-17 15:40:34.513,16142,16143,16142,2,-2
2021-03-17 15:40:38.013,16141,16142,16141,1,-1
2021-03-17 15:40:47.122,16141,16142,16142,1,1
2021-03-17 15:40:48.966,16141,16142,16141,1,-1
2021-03-17 15:40:50.070,16141,16142,16142,2,2
2021-03-17 15:40:50.377,16141,16142,16142,1,1
2021-03-17 15:40:52.375,16141,16142,16142,1,1
2021-03-17 15:40:54.042,16141,16142,16141,2,-2
2021-03-17 15:40:56.794,16141,16142,16141,1,-1
2021-03-17 15:40:56.835,16141,16142,16142,2,2
2021-03-17 15:41:02.569,16141,16142,16141,1,-1
2021-03-17 15:41:03.076,16141,16142,16142,1,1
2021-03-17 15:41:06.645,16141,16142,16142,1,1
2021-03-17 15:41:07.054,16141,16142,16142,1,1
2021-03-17 15:41:07.139,16141,16142,16141,1,-1
2021-03-17 15:41:07.329,16141,16142,16142,1,1
2021-03-17 15:41:08.329,16141,16142,16142,1,1
2021-03-17 15:41:09.031,16141,16142,16141,1,-1
2021-03-17 15:41:09.329,16141,16142,16142,1,1
2021-03-17 15:41:16.281,16141,16142,16142,1,1
2021-03-17 15:41:16.766,16141,16142,16142,1,1
2021-03-17 15:41:17.398,16141,16142,16142,1,1
2021-03-17 15:41:17.515,16141,16142,16141,1,-1
2021-03-17 15:41:17.515,16141,16142,16141,1,-1
2021-03-17 15:41:17.764,16141,16142,16142,1,1
2021-03-17 15:41:18.764,16141,16142,16142,1,1
2021-03-17 15:41:27.079,16141,16142,16142,2,2
2021-03-17 15:41:29.311,16141,16142,16142,1,1
2021-03-17 15:41:34.458,16141,16142,16141,7,-7
2021-03-17 15:41:34.501,16141,16142,16142,2,2
2021-03-17 15:41:37.527,16141,16142,16142,4,4
2021-03-17 15:41:42.179,16141,16142,16141,1,-1
2021-03-17 15:41:42.221,16141,16142,16142,2,2
2021-03-17 15:41:42.265,16141,16142,16141,1,-1
2021-03-17 15:41:52.967,16141,16142,16142,3,3
2021-03-17 15:41:54.191,16141,16142,16141,1,-1
2021-03-17 15:41:54.772,16141,16142,16142,1,1
2021-03-17 15:41:59.813,16141,16142,16142,2,2
2021-03-17 15:42:01.035,16141,16142,16142,2,2
2021-03-17 15:42:02.020,16141,16142,16142,2,2
2021-03-17 15:42:02.889,16141,16142,16142,3,3
2021-03-17 15:42:07.233,16141,16142,16142,1,1
2021-03-17 15:42:10.929,16141,16142,16142,1,1
2021-03-17 15:42:12.692,16141,16142,16142,4,4
2021-03-17 15:42:12.693,16141,16142,16142,1,1
2021-03-17 15:42:12.693,16141,16142,16142,1,1
2021-03-17 15:42:19.380,16141,16143,16141,1,-1
2021-03-17 15:42:21.987,16141,16143,16143,3,3
2021-03-17 15:42:31.183,16141,16143,16143,3,3
2021-03-17 15:42:33.325,16141,16143,16143,1,1
2021-03-17 15:42:35.561,16141,16143,16143,3,3
2021-03-17 15:42:37.251,16141,16144,16144,1,1
2021-03-17 15:42:39.973,16143,16144,16144,4,4
2021-03-17 15:42:42.366,16143,16144,16144,1,1
2021-03-17 15:42:44.817,16144,16145,16144,1,-1
2021-03-17 15:42:46.552,16143,16145,16145,5,5
2021-03-17 15:42:46.681,16143,16145,16145,1,1
2021-03-17 15:42:53.627,16144,16145,16144,2,-2
2021-03-17 15:43:04.638,16144,16145,16144,2,-2
2021-03-17 15:43:08.831,16143,16145,16144,1,-1
2021-03-17 15:43:10.377,16143,16145,16144,1,-1
2021-03-17 15:43:21.487,16143,16144,16143,13,-13
2021-03-17 15:43:21.807,16142,16144,16144,1,1
2021-03-17 15:43:29.564,16142,16143,16143,1,1
2021-03-17 15:43:38.858,16142,16144,16144,5,5
2021-03-17 15:43:41.088,16142,16144,16144,1,1
2021-03-17 15:43:46.565,16142,16143,16143,2,2
2021-03-17 15:43:46.565,16142,16143,16143,1,1
2021-03-17 15:43:57.744,16143,16144,16143,1,-1
2021-03-17 15:43:58.892,16143,16144,16144,1,1
2021-03-17 15:44:05.207,16143,16144,16143,1,-1
2021-03-17 15:44:05.207,16143,16144,16143,1,-1
2021-03-17 15:44:05.207,16143,16144,16143,2,-2
2021-03-17 15:44:05.552,16142,16143,16142,2,-2
2021-03-17 15:44:05.704,16142,16143,16142,1,-1
2021-03-17 15:44:05.715,16142,16143,16142,2,-2
2021-03-17 15:44:05.716,16142,16143,16142,1,-1
2021-03-17 15:44:05.717,16142,16143,16142,1,-1
2021-03-17 15:44:05.717,16142,16143,16142,1,-1
2021-03-17 15:44:05.718,16142,16143,16142,2,-2
2021-03-17 15:44:05.719,16142,16143,16142,2,-2
2021-03-17 15:44:05.758,16142,16143,16141,2,-2
2021-03-17 15:44:05.913,16141,16143,16143,1,1
2021-03-17 15:44:06.593,16141,16143,16143,2,2
2021-03-17 15:44:08.084,16141,16143,16143,2,2
2021-03-17 15:44:09.168,16141,16144,16142,1,-1
2021-03-17 15:44:11.594,16141,16143,16143,4,4
2021-03-17 15:44:11.634,16141,16143,16143,2,2
2021-03-17 15:44:18.013,16142,16143,16143,1,1
2021-03-17 15:44:19.637,16142,16143,16143,1,1
2021-03-17 15:44:19.637,16142,16143,16143,1,1
2021-03-17 15:44:22.332,16142,16144,16142,1,-1
2021-03-17 15:44:35.680,16142,16143,16143,2,2
2021-03-17 15:44:35.723,16142,16143,16143,4,4
2021-03-17 15:44:40.395,16142,16143,16142,1,-1
2021-03-17 15:44:41.009,16142,16143,16142,1,-1
2021-03-17 15:44:45.315,16142,16143,16143,2,2
2021-03-17 15:44:53.607,16142,16143,16142,1,-1
2021-03-17 15:44:55.730,16142,16143,16143,2,2
2021-03-17 15:44:58.625,16142,16143,16142,3,-3
2021-03-17 15:45:10.049,16142,16143,16142,6,-6
2021-03-17 15:45:10.050,16142,16143,16142,1,-1
2021-03-17 15:45:10.473,16142,16143,16142,3,-3
2021-03-17 15:45:10.639,16141,16142,16142,1,1
2021-03-17 15:45:12.221,16141,16142,16141,6,-6
2021-03-17 15:45:24.821,16141,16142,16141,6,-6
2021-03-17 15:45:26.649,16141,16142,16141,1,-1
2021-03-17 15:45:27.631,16141,16142,16141,1,-1
2021-03-17 15:45:28.710,16141,16142,16141,6,-6
2021-03-17 15:45:28.711,16141,16142,16141,1,-1
2021-03-17 15:45:28.711,16141,16142,16141,1,-1
2021-03-17 15:45:28.711,16141,16142,16141,2,-2
2021-03-17 15:45:34.197,16140,16141,16140,1,-1
2021-03-17 15:45:35.595,16140,16141,16141,1,1
2021-03-17 15:45:37.870,16140,16141,16140,6,-6
2021-03-17 15:46:03.398,16140,16141,16141,3,3
2021-03-17 15:46:04.266,16140,16141,16140,1,-1
2021-03-17 15:46:04.904,16140,16141,16141,3,3
2021-03-17 15:46:07.657,16141,16142,16141,1,-1
2021-03-17 15:46:10.705,16141,16142,16141,1,-1
2021-03-17 15:46:11.919,16140,16141,16140,1,-1
2021-03-17 15:46:12.293,16140,16141,16140,1,-1
2021-03-17 15:46:12.718,16140,16141,16140,1,-1
2021-03-17 15:46:12.718,16140,16141,16140,10,-10
2021-03-17 15:46:12.719,16140,16141,16140,2,-2
2021-03-17 15:46:12.720,16140,16141,16140,1,-1
2021-03-17 15:46:20.850,16140,16141,16140,1,-1
2021-03-17 15:46:24.870,16140,16141,16141,1,1
2021-03-17 15:46:24.871,16140,16141,16141,3,3
2021-03-17 15:46:24.871,16140,16141,16141,2,2
2021-03-17 15:46:24.871,16140,16141,16141,6,6
2021-03-17 15:46:33.645,16141,16142,16141,5,-5
2021-03-17 15:46:34.162,16141,16142,16141,1,-1
2021-03-17 15:46:44.318,16141,16142,16142,9,9
2021-03-17 15:46:47.293,16141,16143,16142,1,-1
2021-03-17 15:46:58.392,16142,16143,16142,1,-1
2021-03-17 15:46:59.263,16142,16143,16143,4,4
2021-03-17 15:47:01.476,16142,16143,16143,1,1
2021-03-17 15:47:04.148,16142,16143,16142,2,-2
2021-03-17 15:47:04.596,16142,16143,16143,1,1
2021-03-17 15:47:06.950,16142,16143,16143,1,1
2021-03-17 15:47:12.946,16142,16143,16142,2,-2
2021-03-17 15:47:15.443,16142,16143,16143,1,1
2021-03-17 15:47:15.515,16142,16143,16143,4,4
2021-03-17 15:47:18.573,16143,16144,16144,1,1
2021-03-17 15:47:19.311,16143,16144,16144,1,1
2021-03-17 15:47:25.418,16143,16144,16144,1,1
2021-03-17 15:47:39.434,16143,16144,16143,1,-1
2021-03-17 15:47:50.228,16143,16144,16144,1,1
2021-03-17 15:48:01.052,16143,16144,16144,4,4
2021-03-17 15:48:01.052,16143,16144,16144,3,3
2021-03-17 15:48:01.335,16143,16145,16145,1,1
2021-03-17 15:48:04.239,16144,16145,16144,2,-2
2021-03-17 15:48:09.350,16144,16145,16145,9,9
2021-03-17 15:48:09.351,16144,16145,16145,1,1
2021-03-17 15:48:09.351,16144,16145,16145,1,1
2021-03-17 15:48:09.351,16144,16145,16145,1,1
2021-03-17 15:48:09.351,16144,16145,16145,1,1
2021-03-17 15:48:10.452,16144,16145,16145,1,1
2021-03-17 15:48:10.452,16144,16145,16145,1,1
2021-03-17 15:48:15.925,16144,16145,16145,1,1
2021-03-17 15:48:15.925,16144,16145,16145,1,1
2021-03-17 15:48:16.542,16144,16145,16145,1,1
2021-03-17 15:48:16.543,16144,16145,16145,2,2
2021-03-17 15:48:19.169,16145,16146,16146,3,3
2021-03-17 15:48:25.408,16145,16146,16146,5,5
2021-03-17 15:48:27.036,16146,16147,16147,2,2
2021-03-17 15:48:27.036,16146,16147,16147,1,1
2021-03-17 15:48:29.672,16146,16147,16146,1,-1
2021-03-17 15:48:32.575,16145,16146,16146,1,1
2021-03-17 15:48:39.731,16145,16146,16146,1,1
2021-03-17 15:48:41.388,16146,16147,16146,1,-1
2021-03-17 15:48:41.454,16146,16147,16145,1,-1
2021-03-17 15:48:43.264,16145,16146,16145,1,-1
2021-03-17 15:48:43.264,16145,16146,16145,1,-1
2021-03-17 15:48:43.265,16145,16146,16145,2,-2
2021-03-17 15:48:59.367,16145,16146,16145,1,-1
2021-03-17 15:49:05.693,16145,16146,16146,1,1
2021-03-17 15:49:15.759,16145,16146,16146,1,1
2021-03-17 15:49:18.283,16145,16146,16146,1,1
2021-03-17 15:49:21.654,16145,16146,16146,1,1
2021-03-17 15:49:24.872,16145,16146,16146,1,1
2021-03-17 15:49:27.517,16145,16146,16146,1,1
2021-03-17 15:49:30.109,16145,16146,16146,1,1
2021-03-17 15:49:33.449,16145,16146,16146,2,2
2021-03-17 15:49:39.081,16145,16146,16145,7,-7
2021-03-17 15:49:46.329,16144,16145,16145,1,1
2021-03-17 15:49:46.388,16145,16146,16145,3,-3
2021-03-17 15:49:46.513,16145,16146,16145,1,-1
2021-03-17 15:49:52.087,16144,16145,16145,2,2
2021-03-17 15:49:52.138,16145,16146,16145,2,-2
2021-03-17 15:49:59.330,16144,16145,16144,15,-15
2021-03-17 15:49:59.330,16144,16145,16144,5,-5
2021-03-17 15:50:01.664,16143,16144,16144,1,1
2021-03-17 15:50:01.664,16143,16144,16145,1,1
2021-03-17 15:50:02.263,16145,16146,16145,3,-3
2021-03-17 15:50:02.264,16145,16146,16145,1,-1
2021-03-17 15:50:41.827,16144,16145,16144,1,-1
2021-03-17 15:50:41.827,16144,16145,16144,4,-4
2021-03-17 15:50:43.100,16143,16145,16145,1,1
2021-03-17 15:50:55.046,16143,16144,16144,1,1
2021-03-17 15:51:01.052,16143,16145,16143,1,-1
2021-03-17 15:51:03.403,16143,16145,16143,1,-1
2021-03-17 15:51:09.392,16143,16145,16143,1,-1
2021-03-17 15:51:09.393,16143,16145,16143,1,-1
2021-03-17 15:51:09.393,16143,16145,16143,1,-1
2021-03-17 15:51:09.393,16143,16145,16143,1,-1
2021-03-17 15:51:09.394,16143,16145,16143,3,-3
2021-03-17 15:51:19.880,16142,16143,16143,4,4
2021-03-17 15:51:28.975,16142,16143,16142,1,-1
2021-03-17 15:51:34.882,16142,16143,16143,1,1
2021-03-17 15:51:35.565,16142,16143,16142,1,-1
2021-03-17 15:51:36.884,16142,16143,16143,1,1
2021-03-17 15:51:41.527,16142,16143,16142,2,-2
2021-03-17 15:51:42.181,16142,16143,16142,2,-2
2021-03-17 15:51:46.715,16142,16143,16142,1,-1
2021-03-17 15:51:47.268,16142,16143,16142,1,-1
2021-03-17 15:51:52.761,16142,16143,16142,1,-1
2021-03-17 15:51:53.525,16142,16143,16142,1,-1
2021-03-17 15:51:54.783,16142,16143,16142,1,-1
2021-03-17 15:52:03.357,16142,16143,16143,1,1
2021-03-17 15:52:17.806,16142,16143,16142,1,-1
2021-03-17 15:52:27.162,16142,16143,16142,1,-1
2021-03-17 15:52:28.108,16142,16143,16142,1,-1
2021-03-17 15:52:42.768,16142,16143,16143,6,6
2021-03-17 15:52:44.005,16143,16144,16144,3,3
2021-03-17 15:52:46.043,16143,16145,16145,6,6
2021-03-17 15:52:52.243,16143,16145,16144,1,-1
2021-03-17 15:53:03.339,16144,16145,16144,1,-1
2021-03-17 15:53:26.631,16143,16144,16143,1,-1
2021-03-17 15:53:43.644,16143,16145,16143,2,-2
2021-03-17 15:53:45.168,16143,16145,16145,2,2
2021-03-17 15:53:52.819,16143,16145,16145,1,1
2021-03-17 15:53:59.670,16143,16145,16145,2,2
2021-03-17 15:54:10.091,16143,16144,16143,4,-4
2021-03-17 15:54:10.091,16143,16144,16143,1,-1
2021-03-17 15:54:10.091,16143,16144,16143,1,-1
2021-03-17 15:54:16.102,16143,16144,16143,2,-2
2021-03-17 15:54:16.103,16143,16144,16143,5,-5
2021-03-17 15:54:16.143,16142,16143,16143,1,1
2021-03-17 15:54:16.922,16142,16144,16142,2,-2
2021-03-17 15:54:23.397,16142,16143,16142,1,-1
2021-03-17 15:54:25.144,16142,16143,16142,2,-2
2021-03-17 15:54:27.322,16142,16143,16142,1,-1
2021-03-17 15:54:29.444,16142,16143,16142,1,-1
2021-03-17 15:54:30.514,16142,16143,16142,2,-2
2021-03-17 15:54:31.131,16142,16143,16142,2,-2
2021-03-17 15:54:55.154,16142,16143,16142,1,-1
2021-03-17 15:55:02.372,16142,16143,16142,1,-1
2021-03-17 15:55:27.359,16142,16143,16142,7,-7
2021-03-17 15:55:27.360,16142,16143,16142,1,-1
2021-03-17 15:55:35.451,16142,16143,16142,1,-1
2021-03-17 15:55:36.630,16142,16143,16143,6,6
2021-03-17 15:55:46.066,16142,16144,16142,1,-1
2021-03-17 15:55:56.269,16143,16144,16143,1,1
2021-03-17 15:55:57.909,16143,16144,16143,1,-1
2021-03-17 15:56:03.021,16143,16144,16144,1,1
2021-03-17 15:56:03.021,16143,16144,16144,1,1
2021-03-17 15:56:03.021,16143,16144,16144,1,1
2021-03-17 15:56:03.026,16143,16144,16144,1,1
2021-03-17 15:56:03.026,16143,16144,16144,1,1
2021-03-17 15:56:03.026,16143,16144,16144,1,1
2021-03-17 15:56:03.026,16143,16144,16144,16,16
2021-03-17 15:56:04.441,16143,16145,16143,1,-1
2021-03-17 15:56:06.887,16143,16145,16143,2,-2
2021-03-17 15:56:39.433,16144,16145,16144,1,1
2021-03-17 15:57:04.068,16144,16145,16145,2,2
2021-03-17 15:57:15.478,16144,16145,16144,1,-1
2021-03-17 15:57:26.857,16144,16145,16145,1,1
2021-03-17 15:57:31.448,16144,16145,16144,1,-1
2021-03-17 15:57:43.830,16144,16145,16145,1,1
2021-03-17 15:57:43.830,16144,16145,16145,1,1
2021-03-17 15:57:43.881,16144,16145,16145,6,6
2021-03-17 15:57:43.888,16144,16146,16146,10,10
2021-03-17 15:57:57.714,16145,16146,16146,1,1
2021-03-17 15:58:02.527,16145,16146,16146,1,1
2021-03-17 15:58:02.528,16145,16146,16146,1,1
2021-03-17 15:58:09.962,16146,16147,16147,1,1
2021-03-17 15:58:13.517,16146,16147,16147,5,5
2021-03-17 15:58:13.517,16146,16147,16147,1,1
2021-03-17 15:58:17.328,16146,16147,16147,1,1
2021-03-17 15:58:17.328,16146,16147,16147,1,1
2021-03-17 15:58:20.928,16146,16147,16147,2,2
2021-03-17 15:58:22.464,16146,16147,16146,1,-1
2021-03-17 15:58:23.513,16146,16147,16146,1,-1
2021-03-17 15:58:23.728,16145,16147,16147,1,1
2021-03-17 15:58:30.264,16146,16147,16147,1,1
2021-03-17 15:58:33.061,16146,16147,16147,1,1
2021-03-17 15:58:36.820,16146,16147,16147,1,1
2021-03-17 15:58:38.409,16146,16148,16146,1,-1
2021-03-17 15:58:40.594,16146,16147,16147,2,2
2021-03-17 15:58:41.769,16146,16147,16147,2,2
2021-03-17 15:58:41.770,16146,16147,16147,1,1
2021-03-17 15:58:45.823,16146,16147,16146,1,-1
2021-03-17 15:58:46.797,16146,16147,16146,1,-1
2021-03-17 15:58:46.797,16146,16147,16146,1,-1
2021-03-17 15:58:46.797,16146,16147,16146,1,-1
2021-03-17 15:58:46.797,16146,16147,16146,1,-1
2021-03-17 15:58:46.797,16146,16147,16146,3,-3
2021-03-17 15:58:47.231,16145,16146,16146,1,1
2021-03-17 15:58:47.970,16145,16146,16146,1,1
2021-03-17 15:58:59.480,16145,16146,16146,1,1
2021-03-17 15:59:08.770,16145,16146,16146,3,3
2021-03-17 15:59:23.823,16145,16146,16146,1,1
2021-03-17 15:59:37.102,16145,16146,16145,9,-9
2021-03-17 15:59:38.028,16144,16145,16145,1,1
2021-03-17 16:00:00.554,16144,16145,16144,3,-3
2021-03-17 16:00:00.849,16144,16145,16144,1,-1
2021-03-17 16:00:00.925,16144,16145,16144,1,-1
2021-03-17 16:00:00.970,16144,16145,16144,1,-1
2021-03-17 16:00:00.983,16144,16145,16144,2,-2
2021-03-17 16:00:00.984,16144,16145,16143,1,-1
2021-03-17 16:00:01.043,16143,16145,16143,1,-1
2021-03-17 16:00:01.043,16143,16145,16143,3,-3
2021-03-17 16:00:01.051,16143,16145,16143,1,-1
2021-03-17 16:00:01.052,16143,16145,16142,2,-2
2021-03-17 16:00:01.086,16143,16145,16142,1,-1
2021-03-17 16:00:01.086,16143,16145,16142,1,-1
2021-03-17 16:00:01.172,16142,16144,16142,1,-1
2021-03-17 16:00:01.226,16142,16144,16144,1,1
2021-03-17 16:00:01.319,16142,16144,16142,2,-2
2021-03-17 16:00:01.492,16142,16144,16142,3,-3
2021-03-17 16:00:01.558,16142,16144,16142,1,-1
2021-03-17 16:00:01.626,16142,16144,16142,2,-2
2021-03-17 16:00:01.720,16141,16144,16141,1,-1
2021-03-17 16:00:01.807,16141,16144,16142,2,2
2021-03-17 16:00:01.976,16142,16144,16144,1,1
2021-03-17 16:00:02.004,16142,16144,16145,1,1
2021-03-17 16:00:14.124,16143,16144,16143,1,-1
2021-03-17 16:00:18.304,16142,16144,16142,1,-1
2021-03-17 16:00:18.709,16142,16143,16143,2,2
2021-03-17 16:00:20.305,16142,16143,16142,2,-2
2021-03-17 16:00:29.565,16142,16143,16142,2,-2
2021-03-17 16:00:35.448,16141,16142,16142,1,1
2021-03-17 16:00:35.449,16141,16142,16142,1,1
2021-03-17 16:00:36.684,16141,16143,16141,1,-1
2021-03-17 16:00:38.801,16141,16143,16143,1,1
2021-03-17 16:00:47.918,16142,16143,16142,1,-1
2021-03-17 16:00:47.959,16142,16143,16142,1,-1
2021-03-17 16:01:00.848,16141,16142,16142,1,1
2021-03-17 16:01:02.535,16141,16142,16142,1,1
2021-03-17 16:01:08.980,16142,16143,16142,1,-1
2021-03-17 16:01:11.549,16142,16143,16142,1,-1
2021-03-17 16:01:13.382,16142,16143,16143,1,1
2021-03-17 16:01:13.382,16142,16143,16143,1,1
2021-03-17 16:01:13.382,16142,16143,16143,1,1
2021-03-17 16:01:13.382,16142,16143,16143,1,1
2021-03-17 16:01:13.382,16142,16143,16143,1,1
2021-03-17 16:01:14.856,16142,16144,16142,1,-1
2021-03-17 16:01:17.999,16143,16144,16144,2,2
2021-03-17 16:01:31.886,16144,16145,16144,1,-1
2021-03-17 16:01:32.620,16143,16145,16145,2,2
2021-03-17 16:01:37.873,16144,16145,16144,3,-3
2021-03-17 16:01:37.873,16144,16145,16143,1,-1
2021-03-17 16:01:41.606,16143,16145,16143,4,-4
2021-03-17 16:01:46.054,16144,16145,16144,1,1
2021-03-17 16:01:49.208,16144,16145,16145,5,5
2021-03-17 16:01:50.584,16144,16146,16146,1,1
2021-03-17 16:01:50.585,16144,16146,16146,1,1
2021-03-17 16:02:00.810,16144,16146,16145,1,-1
2021-03-17 16:02:06.503,16144,16145,16144,1,-1
2021-03-17 16:02:13.168,16144,16145,16145,1,1
2021-03-17 16:02:19.817,16144,16145,16145,1,1
2021-03-17 16:02:24.741,16144,16146,16144,2,-2
2021-03-17 16:02:31.035,16145,16146,16146,3,3
2021-03-17 16:02:38.553,16146,16147,16147,2,2
2021-03-17 16:02:38.557,16146,16147,16146,1,-1
2021-03-17 16:02:38.818,16145,16147,16147,1,1
2021-03-17 16:02:39.057,16145,16147,16147,1,1
2021-03-17 16:02:39.797,16145,16147,16147,2,2
2021-03-17 16:02:39.836,16145,16147,16147,2,2
2021-03-17 16:02:39.836,16145,16147,16147,1,1
2021-03-17 16:02:40.132,16145,16147,16147,2,2
2021-03-17 16:02:40.133,16145,16147,16147,1,1
2021-03-17 16:02:40.138,16145,16148,16148,2,2
2021-03-17 16:02:40.296,16145,16148,16148,1,1
